  <div class='ocr_page' id='page_1' title='image "/cluster/home/n/w/nwhite01/storage/ocr_20150623/46/hvd.32044014713994/210.png"; bbox 0 0 3844 6390; ppageno 0'>
   <div class='ocr_carea' id='block_1_1' title="bbox 116 254 215 310">
    <p class='ocr_par' dir='ltr' id='par_1_1' title="bbox 116 254 215 310">
     <span class='ocr_line' id='line_1_1' title="bbox 116 254 215 310; baseline 0.02 -1"><span class='ocrx_word' id='word_1_1' title='bbox 116 254 215 310; x_wconf 74' lang='grc' dir='ltr'>ιοθ</span> 
     </span>
    </p>
   </div>
   <div class='ocr_carea' id='block_1_2' title="bbox 109 374 1045 454">
    <p class='ocr_par' dir='ltr' id='par_1_2' title="bbox 109 374 1045 454">
     <span class='ocr_line' id='line_1_2' title="bbox 109 374 1045 454; baseline 0.017 -28"><span class='ocrx_word' id='word_1_2' title='bbox 109 374 404 445; x_wconf 64' lang='grc' dir='ltr'>λψάμενοι,</span> <span class='ocrx_word' id='word_1_3' title='bbox 435 376 609 450; x_wconf 77' lang='grc' dir='ltr'>ἑτέρῳ</span> <span class='ocrx_word' id='word_1_4' title='bbox 655 380 907 454; x_wconf 80' lang='grc' dir='ltr'><strong>πτώματι</strong></span> <span class='ocrx_word' id='word_1_5' title='bbox 956 387 1045 443; x_wconf 82' lang='grc' dir='ltr'>διὰ</span> 
     </span>
    </p>
   </div>
   <div class='ocr_carea' id='block_1_3' title="bbox 113 562 1087 639">
    <p class='ocr_par' dir='ltr' id='par_1_3' title="bbox 113 562 1087 639">
     <span class='ocr_line' id='line_1_3' title="bbox 113 562 1087 639; baseline 0.017 -29"><span class='ocrx_word' id='word_1_6' title='bbox 113 575 304 623; x_wconf 82' lang='grc' dir='ltr'>σαντες</span> <span class='ocrx_word' id='word_1_7' title='bbox 353 562 533 616; x_wconf 82' lang='grc' dir='ltr'>ἐκεῖνο</span> <span class='ocrx_word' id='word_1_8' title='bbox 584 566 837 636; x_wconf 77' lang='grc' dir='ltr'>ἡγεῖσθαι</span> <span class='ocrx_word' id='word_1_9' title='bbox 889 570 1087 639; x_wconf 82' lang='grc' dir='ltr'>καλὸν,</span> 
     </span>
    </p>
   </div>
   <div class='ocr_carea' id='block_1_4' title="bbox 107 743 1273 824">
    <p class='ocr_par' dir='ltr' id='par_1_4' title="bbox 107 743 1273 824">
     <span class='ocr_line' id='line_1_4' title="bbox 107 743 1273 824; baseline 0.016 -29"><span class='ocrx_word' id='word_1_10' title='bbox 107 743 303 813; x_wconf 68' lang='grc' dir='ltr'>σοφίας</span> <span class='ocrx_word' id='word_1_11' title='bbox 349 747 750 817; x_wconf 70' lang='grc' dir='ltr'><strong>ὀνομασθέντες</strong></span> <span class='ocrx_word' id='word_1_12' title='bbox 797 753 1020 824; x_wconf 70' lang='grc' dir='ltr'>ἀεργοὶ,</span> <span class='ocrx_word' id='word_1_13' title='bbox 1079 760 1126 811; x_wconf 79' lang='lat' dir='ltr'><strong>oi</strong></span> <span class='ocrx_word' id='word_1_14' title='bbox 1175 760 1273 824; x_wconf 75' lang='grc' dir='ltr'>τὰς</span> 
     </span>
    </p>
   </div>
   <div class='ocr_carea' id='block_1_5' title="bbox 104 832 1691 927">
    <p class='ocr_par' dir='ltr' id='par_1_5' title="bbox 104 832 1691 927">
     <span class='ocr_line' id='line_1_5' title="bbox 104 832 1691 927; baseline 0.017 -43"><span class='ocrx_word' id='word_1_15' title='bbox 104 832 377 899; x_wconf 76' lang='grc' dir='ltr'><strong>ἀκάνθαις</strong></span> <span class='ocrx_word' id='word_1_16' title='bbox 410 836 751 908; x_wconf 79' lang='grc' dir='ltr'><strong>στρώσαντες</strong></span> <span class='ocrx_word' id='word_1_17' title='bbox 776 857 789 872; x_wconf 92' lang='grc'><strong>·</strong></span> <span class='ocrx_word' id='word_1_18' title='bbox 838 844 887 895; x_wconf 83' lang='grc' dir='ltr'>οἱ</span> <span class='ocrx_word' id='word_1_19' title='bbox 919 843 1123 918; x_wconf 79' lang='grc' dir='ltr'>βλάϐην</span> <span class='ocrx_word' id='word_1_20' title='bbox 1155 850 1445 922; x_wconf 83' lang='grc' dir='ltr'>ἡγούμενοι</span> <span class='ocrx_word' id='word_1_21' title='bbox 1470 856 1567 926; x_wconf 79' lang='grc' dir='ltr'>τῆς</span> <span class='ocrx_word' id='word_1_22' title='bbox 1588 856 1691 927; x_wconf 66' lang='grc' dir='ltr'><strong>ψυο</strong></span> 
     </span>
    </p>
   </div>
   <div class='ocr_carea' id='block_1_6' title="bbox 103 924 1690 1015">
    <p class='ocr_par' dir='ltr' id='par_1_6' title="bbox 103 924 1690 1015">
     <span class='ocr_line' id='line_1_6' title="bbox 103 924 1690 1015; baseline 0.016 -38"><span class='ocrx_word' id='word_1_23' title='bbox 103 926 202 995; x_wconf 80' lang='grc' dir='ltr'>χῆς</span> <span class='ocrx_word' id='word_1_24' title='bbox 226 924 331 995; x_wconf 84' lang='grc' dir='ltr'>τὴν</span> <span class='ocrx_word' id='word_1_25' title='bbox 376 928 504 1000; x_wconf 71' lang='grc' dir='ltr'>περὶ</span> <span class='ocrx_word' id='word_1_26' title='bbox 553 928 620 983; x_wconf 79' lang='grc' dir='ltr'>τὰ</span> <span class='ocrx_word' id='word_1_27' title='bbox 661 931 798 1003; x_wconf 80' lang='grc' dir='ltr'>ἔργα</span> <span class='ocrx_word' id='word_1_28' title='bbox 839 935 948 989; x_wconf 81' lang='grc' dir='ltr'>τῶν</span> <span class='ocrx_word' id='word_1_29' title='bbox 991 937 1218 994; x_wconf 81' lang='grc' dir='ltr'>ἐντολῶν</span> <span class='ocrx_word' id='word_1_30' title='bbox 1253 924 1563 1015; x_wconf 71' lang='grc' dir='ltr'>προθυμίαν</span> <span class='ocrx_word' id='word_1_31' title='bbox 1589 924 1610 981; x_wconf 26' lang='grc'><strong>’⁷</strong></span> <span class='ocrx_word' id='word_1_32' title='bbox 1640 951 1690 1003; x_wconf 90' lang='grc' dir='ltr'>οἱ</span> 
     </span>
    </p>
   </div>
   <div class='ocr_carea' id='block_1_7' title="bbox 102 1020 1690 1103">
    <p class='ocr_par' dir='ltr' id='par_1_7' title="bbox 102 1020 1690 1103">
     <span class='ocr_line' id='line_1_7' title="bbox 102 1020 1690 1103; baseline 0.016 -35"><span class='ocrx_word' id='word_1_33' title='bbox 102 1020 607 1092; x_wconf 67' lang='grc' dir='ltr'><strong>παραγραψάμενοι</strong></span> <span class='ocrx_word' id='word_1_34' title='bbox 646 1026 747 1089; x_wconf 79' lang='grc' dir='ltr'>τὰς</span> <span class='ocrx_word' id='word_1_35' title='bbox 780 1026 1145 1095; x_wconf 79' lang='grc' dir='ltr'>ἀποστολικάς</span> <span class='ocrx_word' id='word_1_36' title='bbox 1175 1037 1560 1103; x_wconf 80' lang='grc' dir='ltr'>παραινέσεις,</span> <span class='ocrx_word' id='word_1_37' title='bbox 1593 1042 1690 1094; x_wconf 70' lang='grc' dir='ltr'><strong>καὶ</strong></span> 
     </span>
    </p>
   </div>
   <div class='ocr_carea' id='block_1_8' title="bbox 104 1109 1689 1203">
    <p class='ocr_par' dir='ltr' id='par_1_8' title="bbox 104 1109 1689 1203">
     <span class='ocr_line' id='line_1_8' title="bbox 104 1109 1689 1203; baseline 0.016 -42"><span class='ocrx_word' id='word_1_38' title='bbox 104 1109 176 1181; x_wconf 82' lang='grc' dir='ltr'>μὴ</span> <span class='ocrx_word' id='word_1_39' title='bbox 212 1111 310 1164; x_wconf 77' lang='grc' dir='ltr'><strong>τὸν</strong></span> <span class='ocrx_word' id='word_1_40' title='bbox 358 1112 490 1166; x_wconf 81' lang='grc' dir='ltr'>ι’διον</span> <span class='ocrx_word' id='word_1_41' title='bbox 535 1114 699 1183; x_wconf 83' lang='grc' dir='ltr'>ἄρτον</span> <span class='ocrx_word' id='word_1_42' title='bbox 737 1118 1089 1190; x_wconf 84' lang='grc' dir='ltr'><strong>εὐσχημόνως</strong></span> <span class='ocrx_word' id='word_1_43' title='bbox 1119 1124 1409 1193; x_wconf 78' lang='grc' dir='ltr'>ἐσθίοντες,</span> <span class='ocrx_word' id='word_1_44' title='bbox 1444 1129 1580 1184; x_wconf 87' lang='grc' dir='ltr'><strong>ἀλλά</strong></span> <span class='ocrx_word' id='word_1_45' title='bbox 1610 1130 1689 1203; x_wconf 83' lang='grc' dir='ltr'>τῷ</span> 
     </span>
    </p>
   </div>
   <div class='ocr_carea' id='block_1_9' title="bbox 98 1200 1688 1293">
    <p class='ocr_par' dir='ltr' id='par_1_9' title="bbox 98 1200 1688 1293">
     <span class='ocr_line' id='line_1_9' title="bbox 98 1200 1688 1293; baseline 0.016 -42"><span class='ocrx_word' id='word_1_46' title='bbox 98 1200 371 1273; x_wconf 79' lang='grc' dir='ltr'>ἀλλοτρίῳ</span> <span class='ocrx_word' id='word_1_47' title='bbox 415 1207 886 1277; x_wconf 85' lang='grc' dir='ltr'>προστετηκότες,</span> <span class='ocrx_word' id='word_1_48' title='bbox 933 1212 1130 1284; x_wconf 87' lang='grc' dir='ltr'>τέχνην</span> <span class='ocrx_word' id='word_1_49' title='bbox 1181 1214 1299 1285; x_wconf 84' lang='grc' dir='ltr'>βίου</span> <span class='ocrx_word' id='word_1_50' title='bbox 1343 1220 1442 1290; x_wconf 86' lang='grc' dir='ltr'>τὴν</span> <span class='ocrx_word' id='word_1_51' title='bbox 1487 1200 1688 1293; x_wconf 80' lang='grc' dir='ltr'>ἀργίαν</span> 
     </span>
    </p>
   </div>
   <div class='ocr_carea' id='block_1_10' title="bbox 98 1292 1687 1373">
    <p class='ocr_par' dir='ltr' id='par_1_10' title="bbox 98 1292 1687 1373">
     <span class='ocr_line' id='line_1_10' title="bbox 98 1292 1687 1373; baseline 0.014 -30"><span class='ocrx_word' id='word_1_52' title='bbox 98 1292 414 1362; x_wconf 78' lang='grc' dir='ltr'>ποιούμενοι</span> <span class='ocrx_word' id='word_1_53' title='bbox 440 1311 455 1324; x_wconf 76' lang='grc' dir='ltr'><strong><em>ο</em></strong></span> <span class='ocrx_word' id='word_1_54' title='bbox 514 1297 764 1351; x_wconf 76' lang='grc' dir='ltr'>ἐντεῦθεν</span> <span class='ocrx_word' id='word_1_55' title='bbox 796 1303 845 1353; x_wconf 77' lang='grc' dir='ltr'>οἱ</span> <span class='ocrx_word' id='word_1_56' title='bbox 872 1301 1247 1371; x_wconf 81' lang='grc' dir='ltr'>ἐνυπνιασταὶ,</span> <span class='ocrx_word' id='word_1_57' title='bbox 1273 1309 1323 1361; x_wconf 81' lang='grc' dir='ltr'>οἱ</span> <span class='ocrx_word' id='word_1_58' title='bbox 1352 1310 1450 1373; x_wconf 79' lang='grc' dir='ltr'><strong>τὰς</strong></span> <span class='ocrx_word' id='word_1_59' title='bbox 1477 1312 1540 1364; x_wconf 79' lang='grc' dir='ltr'>ὲκ</span> <span class='ocrx_word' id='word_1_60' title='bbox 1580 1313 1687 1367; x_wconf 86' lang='grc' dir='ltr'>τῶν</span> 
     </span>
    </p>
   </div>
   <div class='ocr_carea' id='block_1_11' title="bbox 93 1380 1684 1467">
    <p class='ocr_par' dir='ltr' id='par_1_11' title="bbox 93 1380 1684 1467">
     <span class='ocr_line' id='line_1_11' title="bbox 93 1380 1684 1467; baseline 0.014 -33"><span class='ocrx_word' id='word_1_61' title='bbox 93 1380 322 1454; x_wconf 77' lang='grc' dir='ltr'>ὀνείρων</span> <span class='ocrx_word' id='word_1_62' title='bbox 371 1385 589 1451; x_wconf 76' lang='grc' dir='ltr'>ἀπάτας</span> <span class='ocrx_word' id='word_1_63' title='bbox 632 1391 955 1463; x_wconf 76' lang='grc' dir='ltr'>πιστοτέρας</span> <span class='ocrx_word' id='word_1_64' title='bbox 991 1392 1101 1449; x_wconf 83' lang='grc' dir='ltr'>τῶν</span> <span class='ocrx_word' id='word_1_65' title='bbox 1136 1396 1507 1467; x_wconf 77' lang='grc' dir='ltr'>εὐαγγελικῶν</span> <span class='ocrx_word' id='word_1_66' title='bbox 1539 1401 1684 1456; x_wconf 89' lang='grc' dir='ltr'>διδα-</span> 
     </span>
    </p>
   </div>
   <div class='ocr_carea' id='block_1_12' title="bbox 92 1476 1683 1560">
    <p class='ocr_par' dir='ltr' id='par_1_12' title="bbox 92 1476 1683 1560">
     <span class='ocr_line' id='line_1_12' title="bbox 92 1476 1683 1560; baseline 0.013 -34"><span class='ocrx_word' id='word_1_67' title='bbox 92 1476 325 1544; x_wconf 76' lang='grc' dir='ltr'>γμάτων</span> <span class='ocrx_word' id='word_1_68' title='bbox 357 1478 691 1550; x_wconf 85' lang='grc' dir='ltr'>ποιούμενοι.</span> <span class='ocrx_word' id='word_1_69' title='bbox 722 1482 817 1535; x_wconf 71' lang='grc' dir='ltr'><strong>καὶ</strong></span> <span class='ocrx_word' id='word_1_70' title='bbox 849 1484 1224 1556; x_wconf 67' lang='grc' dir='ltr'><strong>ἀποκαλύψεις</strong></span> <span class='ocrx_word' id='word_1_71' title='bbox 1245 1489 1344 1554; x_wconf 81' lang='grc' dir='ltr'>τὰς</span> <span class='ocrx_word' id='word_1_72' title='bbox 1384 1494 1683 1560; x_wconf 80' lang='grc' dir='ltr'>φαντασίας</span> 
     </span>
    </p>
   </div>
   <div class='ocr_carea' id='block_1_13' title="bbox 93 1570 1683 1651">
    <p class='ocr_par' dir='ltr' id='par_1_13' title="bbox 93 1570 1683 1651">
     <span class='ocr_line' id='line_1_13' title="bbox 93 1570 1683 1651; baseline 0.013 -31"><span class='ocrx_word' id='word_1_73' title='bbox 93 1570 597 1642; x_wconf 79' lang='grc' dir='ltr'>προσαγορεύοντες</span> <span class='ocrx_word' id='word_1_74' title='bbox 622 1572 766 1642; x_wconf 78' lang='grc' dir='ltr'>(ἀπὺ</span> <span class='ocrx_word' id='word_1_75' title='bbox 797 1575 999 1629; x_wconf 87' lang='grc' dir='ltr'>τούτων</span> <span class='ocrx_word' id='word_1_76' title='bbox 1023 1578 1160 1632; x_wconf 77' lang='grc' dir='ltr'>εἰσὶν</span> <span class='ocrx_word' id='word_1_77' title='bbox 1185 1582 1234 1634; x_wconf 78' lang='lat' dir='ltr'><strong>oi</strong></span> <span class='ocrx_word' id='word_1_78' title='bbox 1265 1582 1571 1650; x_wconf 85' lang='grc' dir='ltr'>ὲνδύνοντες</span> <span class='ocrx_word' id='word_1_79' title='bbox 1601 1587 1683 1651; x_wconf 83' lang='grc' dir='ltr'><strong>είς</strong></span> 
     </span>
    </p>
   </div>
   <div class='ocr_carea' id='block_1_14' title="bbox 88 1661 1680 1749">
    <p class='ocr_par' dir='ltr' id='par_1_14' title="bbox 88 1661 1680 1749">
     <span class='ocr_line' id='line_1_14' title="bbox 88 1661 1680 1749; baseline 0.012 -35"><span class='ocrx_word' id='word_1_80' title='bbox 88 1661 424 1736; x_wconf 72' lang='grc' dir='ltr'>τάςοζκίας)’</span> <span class='ocrx_word' id='word_1_81' title='bbox 447 1668 541 1721; x_wconf 73' lang='grc' dir='ltr'><strong>καὶ</strong></span> <span class='ocrx_word' id='word_1_82' title='bbox 562 1668 723 1722; x_wconf 76' lang='grc' dir='ltr'>πάλιν</span> <span class='ocrx_word' id='word_1_83' title='bbox 736 1668 884 1724; x_wconf 79' lang='grc' dir='ltr'>ἄλλοι</span> <span class='ocrx_word' id='word_1_84' title='bbox 902 1671 951 1724; x_wconf 90' lang='grc' dir='ltr'>οἱ</span> <span class='ocrx_word' id='word_1_85' title='bbox 975 1671 1275 1743; x_wconf 76' lang='grc' dir='ltr'>τδᾶμικτόν</span> <span class='ocrx_word' id='word_1_86' title='bbox 1290 1692 1349 1727; x_wconf 89' lang='grc' dir='ltr'><strong>τε</strong></span> <span class='ocrx_word' id='word_1_87' title='bbox 1369 1676 1460 1728; x_wconf 77' lang='grc' dir='ltr'><strong>καὶ</strong></span> <span class='ocrx_word' id='word_1_88' title='bbox 1480 1676 1680 1749; x_wconf 84' lang='grc' dir='ltr'>θηριῶ-</span> 
     </span>
    </p>
   </div>
   <div class='ocr_carea' id='block_1_15' title="bbox 1424 279 2002 360">
    <p class='ocr_par' dir='ltr' id='par_1_15' title="bbox 1424 279 2002 360">
     <span class='ocr_line' id='line_1_15' title="bbox 1424 279 2002 360; baseline 0.022 -26"><span class='ocrx_word' id='word_1_89' title='bbox 1424 279 1513 336; x_wconf 83' lang='lat' dir='ltr'><strong>DE</strong></span> <span class='ocrx_word' id='word_1_90' title='bbox 1542 283 2002 360; x_wconf 78' lang='lat' dir='ltr'><strong>VIRGINITATE,</strong></span> 
     </span>
    </p>
   </div>
   <div class='ocr_carea' id='block_1_16' title="bbox 1086 389 1666 492">
    <p class='ocr_par' dir='ltr' id='par_1_16' title="bbox 1086 389 1666 463">
     <span class='ocr_line' id='line_1_16' title="bbox 1086 389 1666 463; baseline 0.022 -21"><span class='ocrx_word' id='word_1_91' title='bbox 1086 389 1180 444; x_wconf 82' lang='grc' dir='ltr'>τοῦ</span> <span class='ocrx_word' id='word_1_92' title='bbox 1220 393 1283 446; x_wconf 85' lang='grc' dir='ltr'><strong>τύ</strong></span> <span class='ocrx_word' id='word_1_93' title='bbox 1292 410 1387 463; x_wconf 74' lang='grc' dir='ltr'><strong>φου</strong></span> <span class='ocrx_word' id='word_1_94' title='bbox 1417 397 1516 451; x_wconf 77' lang='grc' dir='ltr'>ὗπε</span> <span class='ocrx_word' id='word_1_95' title='bbox 1525 402 1666 455; x_wconf 78' lang='grc' dir='ltr'>σκελί</span> 
     </span>
    </p>
   </div>
   <div class='ocr_carea' id='block_1_17' title="bbox 1771 389 3383 492">
    <p class='ocr_par' dir='ltr' id='par_1_17' title="bbox 1771 408 3383 492">
     <span class='ocr_line' id='line_1_17' title="bbox 1771 408 3383 492; baseline 0.017 -35"><span class='ocrx_word' id='word_1_96' title='bbox 1771 443 1781 469; x_wconf 52' lang='grc' dir='ltr'>ι</span> <span class='ocrx_word' id='word_1_97' title='bbox 1815 416 1993 462; x_wconf 89' lang='lat' dir='ltr'><strong>mente</strong></span> <span class='ocrx_word' id='word_1_98' title='bbox 2032 408 2245 465; x_wconf 86' lang='lat' dir='ltr'><strong>infirma</strong></span> <span class='ocrx_word' id='word_1_99' title='bbox 2282 412 2523 484; x_wconf 87' lang='lat' dir='ltr'><strong>plerique</strong></span> <span class='ocrx_word' id='word_1_100' title='bbox 2553 431 2617 473; x_wconf 83' lang='lat' dir='ltr'><strong>se</strong></span> <span class='ocrx_word' id='word_1_101' title='bbox 2654 419 2723 475; x_wconf 86' lang='lat' dir='ltr'><strong>ad</strong></span> <span class='ocrx_word' id='word_1_102' title='bbox 2764 422 3097 492; x_wconf 70' lang='lat' dir='ltr'><strong>virginitatis</strong></span> <span class='ocrx_word' id='word_1_103' title='bbox 3140 429 3383 485; x_wconf 88' lang='lat' dir='ltr'><strong>studium</strong></span> 
     </span>
    </p>
   </div>
   <div class='ocr_carea' id='block_1_18' title="bbox 114 466 1699 563">
    <p class='ocr_par' dir='ltr' id='par_1_18' title="bbox 114 466 1699 563">
     <span class='ocr_line' id='line_1_18' title="bbox 114 466 1699 563; baseline 0.018 -45"><span class='ocrx_word' id='word_1_104' title='bbox 114 466 342 538; x_wconf 82' lang='grc' dir='ltr'>σθησαν,</span> <span class='ocrx_word' id='word_1_105' title='bbox 388 468 477 524; x_wconf 80' lang='grc' dir='ltr'><strong>διά</strong></span> <span class='ocrx_word' id='word_1_106' title='bbox 509 489 654 536; x_wconf 89' lang='grc' dir='ltr'>τινος</span> <span class='ocrx_word' id='word_1_107' title='bbox 696 478 1119 546; x_wconf 73' lang='grc' dir='ltr'>φρενοϐλαϐείας</span> <span class='ocrx_word' id='word_1_108' title='bbox 1168 485 1395 551; x_wconf 77' lang='grc' dir='ltr'>ἑαυτοὺς</span> <span class='ocrx_word' id='word_1_109' title='bbox 1427 491 1699 563; x_wconf 82' lang='grc' dir='ltr'>ἐξαπατή-</span> 
     </span>
    </p>
   </div>
   <div class='ocr_carea' id='block_1_19' title="bbox 3277 315 3389 372">
    <p class='ocr_par' dir='ltr' id='par_1_19' title="bbox 3277 315 3389 372">
     <span class='ocr_line' id='line_1_19' title="bbox 3277 315 3389 372; baseline -0.018 0"><span class='ocrx_word' id='word_1_110' title='bbox 3277 315 3389 372; x_wconf 75' lang='grc'><strong>410</strong></span> 
     </span>
    </p>
   </div>
   <div class='ocr_carea' id='block_1_20' title="bbox 1801 500 3381 579">
    <p class='ocr_par' dir='ltr' id='par_1_20' title="bbox 1801 500 3381 579">
     <span class='ocr_line' id='line_1_20' title="bbox 1801 500 3381 579; baseline 0.016 -26"><span class='ocrx_word' id='word_1_111' title='bbox 1801 500 2114 566; x_wconf 81' lang='lat' dir='ltr'><strong>conferunt,</strong></span> <span class='ocrx_word' id='word_1_112' title='bbox 2150 504 2284 559; x_wconf 87' lang='lat' dir='ltr'><strong>illud</strong></span> <span class='ocrx_word' id='word_1_113' title='bbox 2316 508 2369 561; x_wconf 92' lang='lat' dir='ltr'><strong>in</strong></span> <span class='ocrx_word' id='word_1_114' title='bbox 2403 509 2596 577; x_wconf 86' lang='lat' dir='ltr'><strong>primis</strong></span> <span class='ocrx_word' id='word_1_115' title='bbox 2650 514 2899 573; x_wconf 75' lang='lat' dir='ltr'><strong>studiose</strong></span> <span class='ocrx_word' id='word_1_116' title='bbox 2943 518 3026 575; x_wconf 89' lang='lat' dir='ltr'><strong>eis</strong></span> <span class='ocrx_word' id='word_1_117' title='bbox 3076 520 3381 579; x_wconf 86' lang='lat' dir='ltr'><strong>curandum</strong></span> 
     </span>
    </p>
   </div>
   <div class='ocr_carea' id='block_1_21' title="bbox 1169 576 1666 684">
    <p class='ocr_par' dir='ltr' id='par_1_21' title="bbox 1169 576 1665 652">
     <span class='ocr_line' id='line_1_21' title="bbox 1169 576 1665 652; baseline 0.02 -25"><span class='ocrx_word' id='word_1_118' title='bbox 1169 576 1255 646; x_wconf 80' lang='grc' dir='ltr'>ἐφ’</span> <span class='ocrx_word' id='word_1_119' title='bbox 1308 580 1445 652; x_wconf 84' lang='grc' dir='ltr'>ὅπερ</span> <span class='ocrx_word' id='word_1_120' title='bbox 1517 584 1665 637; x_wconf 78' lang='grc' dir='ltr'>αὐτῶ</span> 
     </span>
    </p>
   </div>
   <div class='ocr_carea' id='block_1_22' title="bbox 1771 576 3379 684">
    <p class='ocr_par' dir='ltr' id='par_1_22' title="bbox 1798 576 3379 684">
     <span class='ocr_line' id='line_1_22' title="bbox 1798 576 3379 684; baseline 0.017 -42"><span class='ocrx_word' id='word_1_121' title='bbox 1798 597 1902 654; x_wconf 89' lang='lat' dir='ltr'><strong>est,</strong></span> <span class='ocrx_word' id='word_1_122' title='bbox 1936 600 1995 645; x_wconf 88' lang='lat' dir='ltr'><strong>ut</strong></span> <span class='ocrx_word' id='word_1_123' title='bbox 2022 598 2290 665; x_wconf 87' lang='lat' dir='ltr'><strong>optimum</strong></span> <span class='ocrx_word' id='word_1_124' title='bbox 2328 576 2494 670; x_wconf 87' lang='lat' dir='ltr'><strong>hujus</strong></span> <span class='ocrx_word' id='word_1_125' title='bbox 2535 603 2661 659; x_wconf 73' lang='lat' dir='ltr'><strong>vita:</strong></span> <span class='ocrx_word' id='word_1_126' title='bbox 2699 606 2895 663; x_wconf 90' lang='lat' dir='ltr'><strong>ducem</strong></span> <span class='ocrx_word' id='word_1_127' title='bbox 2942 606 3007 665; x_wconf 82' lang='lat' dir='ltr'><strong>ac</strong></span> <span class='ocrx_word' id='word_1_128' title='bbox 3052 613 3379 684; x_wconf 86' lang='lat' dir='ltr'><strong>magistrum</strong></span> 
     </span>
    </p>
   </div>
   <div class='ocr_carea' id='block_1_23' title="bbox 114 650 1697 745">
    <p class='ocr_par' dir='ltr' id='par_1_23' title="bbox 114 650 1697 745">
     <span class='ocr_line' id='line_1_23' title="bbox 114 650 1697 745; baseline 0.018 -44"><span class='ocrx_word' id='word_1_129' title='bbox 114 652 138 721; x_wconf 66' lang='grc' dir='ltr'>ἡ</span> <span class='ocrx_word' id='word_1_130' title='bbox 187 650 406 706; x_wconf 80' lang='grc' dir='ltr'>διάνοια</span> <span class='ocrx_word' id='word_1_131' title='bbox 460 655 619 727; x_wconf 55' lang='lat' dir='ltr'><strong>eam.</strong></span> <span class='ocrx_word' id='word_1_132' title='bbox 687 659 781 712; x_wconf 86' lang='grc' dir='ltr'><strong>Ἐκ</strong></span> <span class='ocrx_word' id='word_1_133' title='bbox 844 661 1049 716; x_wconf 89' lang='grc' dir='ltr'>τούτων</span> <span class='ocrx_word' id='word_1_134' title='bbox 1107 665 1245 720; x_wconf 74' lang='grc' dir='ltr'>εἰσὶν</span> <span class='ocrx_word' id='word_1_135' title='bbox 1293 672 1339 722; x_wconf 80' lang='grc' dir='ltr'>οἱ</span> <span class='ocrx_word' id='word_1_136' title='bbox 1402 650 1553 744; x_wconf 74' lang='grc' dir='ltr'>παρὰ</span> <span class='ocrx_word' id='word_1_137' title='bbox 1596 676 1697 745; x_wconf 81' lang='grc' dir='ltr'>τῆς</span> 
     </span>
    </p>
   </div>
   <div class='ocr_carea' id='block_1_24' title="bbox 1797 693 3457 775">
    <p class='ocr_par' dir='ltr' id='par_1_24' title="bbox 1797 693 3457 775">
     <span class='ocr_line' id='line_1_24' title="bbox 1797 693 3457 775; baseline 0.016 -37"><span class='ocrx_word' id='word_1_138' title='bbox 1797 696 2068 753; x_wconf 85' lang='lat' dir='ltr'><strong>quaerant,</strong></span> <span class='ocrx_word' id='word_1_139' title='bbox 2101 702 2168 744; x_wconf 90' lang='lat' dir='ltr'><strong>ne</strong></span> <span class='ocrx_word' id='word_1_140' title='bbox 2199 693 2422 760; x_wconf 81' lang='lat' dir='ltr'><strong>quando</strong></span> <span class='ocrx_word' id='word_1_141' title='bbox 2458 704 2683 767; x_wconf 82' lang='lat' dir='ltr'><strong>propter</strong></span> <span class='ocrx_word' id='word_1_142' title='bbox 2713 715 2898 755; x_wconf 91' lang='lat' dir='ltr'><strong>rerum</strong></span> <span class='ocrx_word' id='word_1_143' title='bbox 2948 702 3376 775; x_wconf 84' lang='lat' dir='ltr'><strong>ignorationem,</strong></span> <span class='ocrx_word' id='word_1_144' title='bbox 3454 698 3457 703; x_wconf 57' lang='grc'><em>’</em></span> 
     </span>
    </p>
   </div>
   <div class='ocr_carea' id='block_1_25' title="bbox 1325 763 3379 860">
    <p class='ocr_par' dir='ltr' id='par_1_25' title="bbox 1325 763 3379 860">
     <span class='ocr_line' id='line_1_25' title="bbox 1325 763 3379 860; baseline 0.019 -45"><span class='ocrx_word' id='word_1_145' title='bbox 1325 763 1475 828; x_wconf 74' lang='grc' dir='ltr'>ὁδοὺς</span> <span class='ocrx_word' id='word_1_146' title='bbox 1514 767 1694 821; x_wconf 80' lang='grc' dir='ltr'>αὐτῶν</span> <span class='ocrx_word' id='word_1_147' title='bbox 1794 792 1917 846; x_wconf 81' lang='lat' dir='ltr'><strong>quae</strong></span> <span class='ocrx_word' id='word_1_148' title='bbox 1945 778 1999 833; x_wconf 91' lang='lat' dir='ltr'><strong>in</strong></span> <span class='ocrx_word' id='word_1_149' title='bbox 2027 779 2135 837; x_wconf 87' lang='lat' dir='ltr'><strong>illis</strong></span> <span class='ocrx_word' id='word_1_150' title='bbox 2163 792 2270 846; x_wconf 86' lang='lat' dir='ltr'><strong>est,</strong></span> <span class='ocrx_word' id='word_1_151' title='bbox 2316 792 2668 845; x_wconf 86' lang='lat' dir='ltr'><strong>transversas</strong></span> <span class='ocrx_word' id='word_1_152' title='bbox 2702 791 2970 860; x_wconf 86' lang='lat' dir='ltr'><strong>quasdam</strong></span> <span class='ocrx_word' id='word_1_153' title='bbox 3001 796 3108 851; x_wconf 85' lang='lat' dir='ltr'><strong>sibi</strong></span> <span class='ocrx_word' id='word_1_154' title='bbox 3140 798 3258 854; x_wconf 85' lang='lat' dir='ltr'><strong>vias</strong></span> <span class='ocrx_word' id='word_1_155' title='bbox 3291 810 3379 854; x_wconf 85' lang='lat' dir='ltr'><strong>at-</strong></span> 
     </span>
    </p>
   </div>
   <div class='ocr_carea' id='block_1_26' title="bbox 1792 874 3371 953">
    <p class='ocr_par' dir='ltr' id='par_1_26' title="bbox 1792 874 3371 953">
     <span class='ocr_line' id='line_1_26' title="bbox 1792 874 3371 953; baseline 0.016 -33"><span class='ocrx_word' id='word_1_156' title='bbox 1792 882 1899 936; x_wconf 89' lang='lat' dir='ltr'><strong>que</strong></span> <span class='ocrx_word' id='word_1_157' title='bbox 1933 882 1964 923; x_wconf 89' lang='lat' dir='ltr'><strong>a</strong></span> <span class='ocrx_word' id='word_1_158' title='bbox 1992 879 2141 953; x_wconf 80' lang='lat' dir='ltr'><strong>recta</strong></span> <span class='ocrx_word' id='word_1_159' title='bbox 2195 874 2515 934; x_wconf 85' lang='lat' dir='ltr'><strong>aberrantes</strong></span> <span class='ocrx_word' id='word_1_160' title='bbox 2566 880 2838 936; x_wconf 84' lang='lat' dir='ltr'><strong>muniant.</strong></span> <span class='ocrx_word' id='word_1_161' title='bbox 2883 882 3022 938; x_wconf 91' lang='lat' dir='ltr'><strong>Boni</strong></span> <span class='ocrx_word' id='word_1_162' title='bbox 3072 889 3218 942; x_wconf 86' lang='lat' dir='ltr'><strong>enim</strong></span> <span class='ocrx_word' id='word_1_163' title='bbox 3256 889 3371 945; x_wconf 91' lang='lat' dir='ltr'><strong>duo</strong></span> 
     </span>
    </p>
   </div>
   <div class='ocr_carea' id='block_1_27' title="bbox 1792 964 3375 1036">
    <p class='ocr_par' dir='ltr' id='par_1_27' title="bbox 1792 964 3375 1036">
     <span class='ocr_line' id='line_1_27' title="bbox 1792 964 3375 1036; baseline 0.015 -22"><span class='ocrx_word' id='word_1_164' title='bbox 1792 974 1959 1028; x_wconf 83' lang='lat' dir='ltr'><strong>supra</strong></span> <span class='ocrx_word' id='word_1_165' title='bbox 1990 977 2183 1028; x_wconf 92' lang='lat' dir='ltr'><strong>unum,</strong></span> <span class='ocrx_word' id='word_1_166' title='bbox 2212 964 2389 1035; x_wconf 84' lang='lat' dir='ltr'><strong>inquit</strong></span> <span class='ocrx_word' id='word_1_167' title='bbox 2427 966 2788 1028; x_wconf 82' lang='lat' dir='ltr'><strong>Ecclesiastes</strong></span> <span class='ocrx_word' id='word_1_168' title='bbox 2816 992 2829 1028; x_wconf 91' lang='lat'>:</span> <span class='ocrx_word' id='word_1_169' title='bbox 2886 974 3045 1031; x_wconf 83' lang='lat' dir='ltr'><strong>facile</strong></span> <span class='ocrx_word' id='word_1_170' title='bbox 3075 993 3207 1033; x_wconf 83' lang='lat' dir='ltr'><strong>vero</strong></span> <span class='ocrx_word' id='word_1_171' title='bbox 3254 981 3375 1036; x_wconf 88' lang='lat' dir='ltr'><strong>vin-</strong></span> 
     </span>
    </p>
   </div>
   <div class='ocr_carea' id='block_1_28' title="bbox 1789 1048 3375 1130">
    <p class='ocr_par' dir='ltr' id='par_1_28' title="bbox 1789 1048 3375 1130">
     <span class='ocr_line' id='line_1_28' title="bbox 1789 1048 3375 1130; baseline 0.016 -29"><span class='ocrx_word' id='word_1_172' title='bbox 1789 1048 1934 1102; x_wconf 87' lang='lat' dir='ltr'><strong>citur</strong></span> <span class='ocrx_word' id='word_1_173' title='bbox 1974 1067 2114 1108; x_wconf 92' lang='lat' dir='ltr'><strong>unus</strong></span> <span class='ocrx_word' id='word_1_174' title='bbox 2141 1053 2212 1108; x_wconf 85' lang='lat' dir='ltr'><strong>ab</strong></span> <span class='ocrx_word' id='word_1_175' title='bbox 2236 1055 2579 1124; x_wconf 84' lang='lat' dir='ltr'><strong>adversario,</strong></span> <span class='ocrx_word' id='word_1_176' title='bbox 2622 1061 2714 1130; x_wconf 90' lang='lat' dir='ltr'><strong>qui</strong></span> <span class='ocrx_word' id='word_1_177' title='bbox 2753 1060 2847 1118; x_wconf 91' lang='lat' dir='ltr'><strong>Dei</strong></span> <span class='ocrx_word' id='word_1_178' title='bbox 2887 1067 2977 1118; x_wconf 86' lang='lat' dir='ltr'><strong>via</strong></span> <span class='ocrx_word' id='word_1_179' title='bbox 3027 1081 3255 1124; x_wconf 87' lang='lat' dir='ltr'><strong>cursum</strong></span> <span class='ocrx_word' id='word_1_180' title='bbox 3291 1079 3375 1126; x_wconf 87' lang='lat' dir='ltr'><strong>te-</strong></span> 
     </span>
    </p>
   </div>
   <div class='ocr_carea' id='block_1_29' title="bbox 1788 1145 3371 1229">
    <p class='ocr_par' dir='ltr' id='par_1_29' title="bbox 1788 1145 3371 1229">
     <span class='ocr_line' id='line_1_29' title="bbox 1788 1145 3371 1229; baseline 0.015 -36"><span class='ocrx_word' id='word_1_181' title='bbox 1788 1148 1881 1194; x_wconf 84' lang='lat' dir='ltr'><strong>net</strong></span> <span class='ocrx_word' id='word_1_182' title='bbox 1908 1160 1921 1195; x_wconf 89' lang='lat'>:</span> <span class='ocrx_word' id='word_1_183' title='bbox 1953 1155 2122 1211; x_wconf 87' lang='lat' dir='ltr'><strong>reque</strong></span> <span class='ocrx_word' id='word_1_184' title='bbox 2156 1160 2282 1199; x_wconf 88' lang='lat' dir='ltr'><strong>vera</strong></span> <span class='ocrx_word' id='word_1_185' title='bbox 2312 1164 2331 1197; x_wconf 78' lang='grc'><strong>(</strong></span> <span class='ocrx_word' id='word_1_186' title='bbox 2361 1145 2451 1202; x_wconf 71' lang='lat' dir='ltr'><strong>Va:</strong></span> <span class='ocrx_word' id='word_1_187' title='bbox 2480 1149 2608 1213; x_wconf 89' lang='lat' dir='ltr'><strong>soli,</strong></span> <span class='ocrx_word' id='word_1_188' title='bbox 2649 1153 2873 1221; x_wconf 84' lang='lat' dir='ltr'><strong>quando</strong></span> <span class='ocrx_word' id='word_1_189' title='bbox 2901 1156 3070 1222; x_wconf 89' lang='lat' dir='ltr'><strong>cadit,</strong></span> <span class='ocrx_word' id='word_1_190' title='bbox 3111 1161 3371 1229; x_wconf 86' lang='lat' dir='ltr'><strong>quoniam</strong></span> 
     </span>
    </p>
   </div>
   <div class='ocr_carea' id='block_1_30' title="bbox 1786 1232 3372 1312">
    <p class='ocr_par' dir='ltr' id='par_1_30' title="bbox 1786 1232 3372 1312">
     <span class='ocr_line' id='line_1_30' title="bbox 1786 1232 3372 1312; baseline 0.016 -29"><span class='ocrx_word' id='word_1_191' title='bbox 1786 1246 1893 1284; x_wconf 88' lang='lat' dir='ltr'><strong>non</strong></span> <span class='ocrx_word' id='word_1_192' title='bbox 1930 1232 2109 1299; x_wconf 89' lang='lat' dir='ltr'><strong>habet,</strong></span> <span class='ocrx_word' id='word_1_193' title='bbox 2144 1236 2238 1305; x_wconf 88' lang='lat' dir='ltr'><strong>qui</strong></span> <span class='ocrx_word' id='word_1_194' title='bbox 2270 1252 2393 1293; x_wconf 89' lang='lat' dir='ltr'><strong>eum</strong></span> <span class='ocrx_word' id='word_1_195' title='bbox 2429 1240 2604 1312; x_wconf 79' lang='lat' dir='ltr'><strong>erigat</strong></span> <span class='ocrx_word' id='word_1_196' title='bbox 2629 1244 2695 1297; x_wconf 87' lang='lat'><strong>”.</strong></span> <span class='ocrx_word' id='word_1_197' title='bbox 2736 1263 2755 1295; x_wconf 73' lang='grc' dir='ltr'><strong>ι</strong></span> <span class='ocrx_word' id='word_1_198' title='bbox 2779 1244 2898 1301; x_wconf 85' lang='lat' dir='ltr'><strong>Jam</strong></span> <span class='ocrx_word' id='word_1_199' title='bbox 2934 1249 3079 1303; x_wconf 92' lang='lat' dir='ltr'><strong>enim</strong></span> <span class='ocrx_word' id='word_1_200' title='bbox 3126 1254 3372 1310; x_wconf 87' lang='lat' dir='ltr'><strong>nonnulli</strong></span> 
     </span>
    </p>
   </div>
   <div class='ocr_carea' id='block_1_31' title="bbox 1786 1321 3372 1411">
    <p class='ocr_par' dir='ltr' id='par_1_31' title="bbox 1786 1321 3372 1411">
     <span class='ocr_line' id='line_1_31' title="bbox 1786 1321 3372 1411; baseline 0.016 -38"><span class='ocrx_word' id='word_1_201' title='bbox 1786 1321 1853 1375; x_wconf 88' lang='lat' dir='ltr'><strong>ad</strong></span> <span class='ocrx_word' id='word_1_202' title='bbox 1904 1325 2087 1393; x_wconf 88' lang='lat' dir='ltr'><strong>gravis</strong></span> <span class='ocrx_word' id='word_1_203' title='bbox 2119 1326 2241 1381; x_wconf 76' lang='lat' dir='ltr'><strong>vita:</strong></span> <span class='ocrx_word' id='word_1_204' title='bbox 2280 1331 2635 1400; x_wconf 88' lang='lat' dir='ltr'><strong>cupiditatem</strong></span> <span class='ocrx_word' id='word_1_205' title='bbox 2693 1337 2951 1394; x_wconf 87' lang='lat' dir='ltr'><strong>laudabili</strong></span> <span class='ocrx_word' id='word_1_206' title='bbox 3001 1342 3207 1411; x_wconf 89' lang='lat' dir='ltr'><strong>impetu</strong></span> <span class='ocrx_word' id='word_1_207' title='bbox 3256 1346 3372 1398; x_wconf 89' lang='lat' dir='ltr'><strong>ala-</strong></span> 
     </span>
    </p>
   </div>
   <div class='ocr_carea' id='block_1_32' title="bbox 1783 1411 3367 1503">
    <p class='ocr_par' dir='ltr' id='par_1_32' title="bbox 1783 1411 3367 1503">
     <span class='ocr_line' id='line_1_32' title="bbox 1783 1411 3367 1503; baseline 0.015 -36"><span class='ocrx_word' id='word_1_208' title='bbox 1783 1414 1955 1470; x_wconf 87' lang='lat' dir='ltr'><strong>criter</strong></span> <span class='ocrx_word' id='word_1_209' title='bbox 1986 1418 2072 1472; x_wconf 91' lang='lat' dir='ltr'><strong>usi</strong></span> <span class='ocrx_word' id='word_1_210' title='bbox 2104 1426 2257 1486; x_wconf 88' lang='lat' dir='ltr'><strong>sunt,</strong></span> <span class='ocrx_word' id='word_1_211' title='bbox 2288 1429 2343 1475; x_wconf 90' lang='lat' dir='ltr'><strong>et</strong></span> <span class='ocrx_word' id='word_1_212' title='bbox 2372 1423 2477 1478; x_wconf 86' lang='lat' dir='ltr'><strong>hoc</strong></span> <span class='ocrx_word' id='word_1_213' title='bbox 2510 1427 2743 1482; x_wconf 90' lang='lat' dir='ltr'><strong>consilio</strong></span> <span class='ocrx_word' id='word_1_214' title='bbox 2771 1411 2947 1485; x_wconf 84' lang='lat' dir='ltr'><strong>simul</strong></span> <span class='ocrx_word' id='word_1_215' title='bbox 2970 1434 3367 1503; x_wconf 80' lang='lat' dir='ltr'><strong>perfectionem</strong></span> 
     </span>
    </p>
   </div>
   <div class='ocr_carea' id='block_1_33' title="bbox 1783 1509 3366 1597">
    <p class='ocr_par' dir='ltr' id='par_1_33' title="bbox 1783 1509 3366 1597">
     <span class='ocr_line' id='line_1_33' title="bbox 1783 1509 3366 1597; baseline 0.015 -37"><span class='ocrx_word' id='word_1_216' title='bbox 1783 1509 2044 1573; x_wconf 89' lang='lat' dir='ltr'><strong>assecuti,</strong></span> <span class='ocrx_word' id='word_1_217' title='bbox 2069 1526 2136 1566; x_wconf 83' lang='lat' dir='ltr'><strong>ex</strong></span> <span class='ocrx_word' id='word_1_218' title='bbox 2176 1515 2435 1583; x_wconf 86' lang='lat' dir='ltr'><strong>superbia</strong></span> <span class='ocrx_word' id='word_1_219' title='bbox 2465 1517 2639 1573; x_wconf 90' lang='lat' dir='ltr'><strong>altero</strong></span> <span class='ocrx_word' id='word_1_220' title='bbox 2671 1520 2826 1590; x_wconf 87' lang='lat' dir='ltr'><strong>lapsu</strong></span> <span class='ocrx_word' id='word_1_221' title='bbox 2861 1522 2912 1577; x_wconf 91' lang='lat' dir='ltr'><strong>in</strong></span> <span class='ocrx_word' id='word_1_222' title='bbox 2937 1530 3141 1578; x_wconf 90' lang='lat' dir='ltr'><strong>terram</strong></span> <span class='ocrx_word' id='word_1_223' title='bbox 3169 1528 3366 1597; x_wconf 89' lang='lat' dir='ltr'><strong>dejecti</strong></span> 
     </span>
    </p>
   </div>
   <div class='ocr_carea' id='block_1_34' title="bbox 1781 1601 3368 1688">
    <p class='ocr_par' dir='ltr' id='par_1_34' title="bbox 1781 1601 3368 1688">
     <span class='ocr_line' id='line_1_34' title="bbox 1781 1601 3368 1688; baseline 0.016 -39"><span class='ocrx_word' id='word_1_224' title='bbox 1781 1607 1929 1657; x_wconf 88' lang='lat' dir='ltr'><strong>sunt.</strong></span> <span class='ocrx_word' id='word_1_225' title='bbox 1974 1613 2099 1653; x_wconf 91' lang='lat' dir='ltr'><strong>cum</strong></span> <span class='ocrx_word' id='word_1_226' title='bbox 2145 1601 2247 1671; x_wconf 90' lang='lat' dir='ltr'><strong>ipsi</strong></span> <span class='ocrx_word' id='word_1_227' title='bbox 2283 1605 2555 1661; x_wconf 85' lang='lat' dir='ltr'><strong>dementia</strong></span> <span class='ocrx_word' id='word_1_228' title='bbox 2602 1624 2702 1664; x_wconf 88' lang='lat' dir='ltr'><strong>sua</strong></span> <span class='ocrx_word' id='word_1_229' title='bbox 2742 1611 2979 1682; x_wconf 88' lang='lat' dir='ltr'><strong>decepti,</strong></span> <span class='ocrx_word' id='word_1_230' title='bbox 3018 1615 3154 1671; x_wconf 91' lang='lat' dir='ltr'><strong>illud</strong></span> <span class='ocrx_word' id='word_1_231' title='bbox 3204 1626 3368 1688; x_wconf 87' lang='lat' dir='ltr'><strong>puta-</strong></span> 
     </span>
    </p>
   </div>
   <div class='ocr_carea' id='block_1_35' title="bbox 1782 1689 3361 1778">
    <p class='ocr_par' dir='ltr' id='par_1_35' title="bbox 1782 1689 3361 1778">
     <span class='ocr_line' id='line_1_35' title="bbox 1782 1689 3361 1778; baseline 0.015 -38"><span class='ocrx_word' id='word_1_232' title='bbox 1782 1690 1958 1742; x_wconf 87' lang='lat' dir='ltr'><strong>ven&#39;nt</strong></span> <span class='ocrx_word' id='word_1_233' title='bbox 1989 1689 2310 1758; x_wconf 90' lang='lat' dir='ltr'><strong>honestum,</strong></span> <span class='ocrx_word' id='word_1_234' title='bbox 2355 1694 2423 1749; x_wconf 92' lang='lat' dir='ltr'><strong>ad</strong></span> <span class='ocrx_word' id='word_1_235' title='bbox 2457 1698 2602 1767; x_wconf 94' lang='lat' dir='ltr'><strong>quod</strong></span> <span class='ocrx_word' id='word_1_236' title='bbox 2645 1713 2836 1754; x_wconf 90' lang='lat' dir='ltr'><strong>eorum</strong></span> <span class='ocrx_word' id='word_1_237' title='bbox 2882 1719 3041 1759; x_wconf 89' lang='lat' dir='ltr'><strong>mens</strong></span> <span class='ocrx_word' id='word_1_238' title='bbox 3091 1717 3361 1778; x_wconf 80' lang='lat' dir='ltr'><strong>vergeret.</strong></span> 
     </span>
    </p>
   </div>
   <div class='ocr_carea' id='block_1_36' title="bbox 88 1756 1666 1860">
    <p class='ocr_par' dir='ltr' id='par_1_36' title="bbox 88 1756 1666 1837">
     <span class='ocr_line' id='line_1_36' title="bbox 88 1756 1666 1837; baseline 0.009 -30"><span class='ocrx_word' id='word_1_239' title='bbox 88 1756 173 1818; x_wconf 83' lang='grc' dir='ltr'><strong>δες</strong></span> <span class='ocrx_word' id='word_1_240' title='bbox 199 1756 410 1829; x_wconf 78' lang='grc' dir='ltr'>ἀρετὴν</span> <span class='ocrx_word' id='word_1_241' title='bbox 442 1759 771 1828; x_wconf 76' lang='grc' dir='ltr'>νομίζοντες,</span> <span class='ocrx_word' id='word_1_242' title='bbox 803 1762 922 1815; x_wconf 76' lang='grc' dir='ltr'>οὐδὲ</span> <span class='ocrx_word' id='word_1_243' title='bbox 945 1763 1047 1834; x_wconf 82' lang='grc' dir='ltr'>τῆς</span> <span class='ocrx_word' id='word_1_244' title='bbox 1074 1766 1458 1837; x_wconf 84' lang='grc' dir='ltr'>μακροθυμίας</span> <span class='ocrx_word' id='word_1_245' title='bbox 1482 1786 1542 1822; x_wconf 90' lang='grc' dir='ltr'><strong>τε</strong></span> <span class='ocrx_word' id='word_1_246' title='bbox 1581 1770 1666 1823; x_wconf 60' lang='grc' dir='ltr'><strong>καλ</strong></span> 
     </span>
    </p>
   </div>
   <div class='ocr_carea' id='block_1_37' title="bbox 1771 1756 3364 1860">
    <p class='ocr_par' dir='ltr' id='par_1_37' title="bbox 1778 1756 3364 1860">
     <span class='ocr_line' id='line_1_37' title="bbox 1778 1756 3364 1860; baseline 0.016 -29"><span class='ocrx_word' id='word_1_247' title='bbox 1778 1777 1854 1831; x_wconf 85' lang='lat' dir='ltr'><strong>Ex</strong></span> <span class='ocrx_word' id='word_1_248' title='bbox 1882 1779 1966 1834; x_wconf 86' lang='lat' dir='ltr'><strong>his</strong></span> <span class='ocrx_word' id='word_1_249' title='bbox 2005 1781 2084 1836; x_wconf 86' lang='lat' dir='ltr'><strong>illi</strong></span> <span class='ocrx_word' id='word_1_250' title='bbox 2117 1793 2269 1849; x_wconf 87' lang='lat' dir='ltr'><strong>sunt,</strong></span> <span class='ocrx_word' id='word_1_251' title='bbox 2306 1790 2397 1859; x_wconf 88' lang='lat' dir='ltr'><strong>qui</strong></span> <span class='ocrx_word' id='word_1_252' title='bbox 2426 1756 2565 1859; x_wconf 78' lang='lat' dir='ltr'><strong>pigri</strong></span> <span class='ocrx_word' id='word_1_253' title='bbox 2597 1800 2763 1860; x_wconf 88' lang='lat' dir='ltr'><strong>atque</strong></span> <span class='ocrx_word' id='word_1_254' title='bbox 2796 1793 3002 1851; x_wconf 83' lang='lat' dir='ltr'><strong>inertes</strong></span> <span class='ocrx_word' id='word_1_255' title='bbox 3037 1756 3287 1855; x_wconf 56' lang='lat' dir='ltr'><strong>homir&#39;ies</strong></span> <span class='ocrx_word' id='word_1_256' title='bbox 3333 1817 3364 1856; x_wconf 86' lang='lat' dir='ltr'><strong>a</strong></span> 
     </span>
    </p>
   </div>
   <div class='ocr_carea' id='block_1_38' title="bbox 87 1851 1678 1928">
    <p class='ocr_par' dir='ltr' id='par_1_38' title="bbox 87 1851 1678 1928">
     <span class='ocr_line' id='line_1_38' title="bbox 87 1851 1678 1928; baseline 0.009 -28"><span class='ocrx_word' id='word_1_257' title='bbox 87 1851 598 1923; x_wconf 62' lang='lat' dir='ltr'><strong>mmwoqapoativq;</strong></span> <span class='ocrx_word' id='word_1_258' title='bbox 636 1854 728 1908; x_wconf 73' lang='grc' dir='ltr'>τὸν</span> <span class='ocrx_word' id='word_1_259' title='bbox 769 1856 980 1927; x_wconf 81' lang='grc' dir='ltr'>καρπὸν</span> <span class='ocrx_word' id='word_1_260' title='bbox 1024 1858 1402 1928; x_wconf 77' lang='grc' dir='ltr'>ἐπιστάμενοι.</span> <span class='ocrx_word' id='word_1_261' title='bbox 1464 1858 1566 1914; x_wconf 80' lang='grc' dir='ltr'><strong>Καὶ</strong></span> <span class='ocrx_word' id='word_1_262' title='bbox 1595 1862 1678 1925; x_wconf 87' lang='grc' dir='ltr'><strong>τίς</strong></span> 
     </span>
    </p>
   </div>
   <div class='ocr_carea' id='block_1_39' title="bbox 86 1938 1677 2018">
    <p class='ocr_par' dir='ltr' id='par_1_39' title="bbox 86 1938 1677 2018">
     <span class='ocr_line' id='line_1_39' title="bbox 86 1938 1677 2018; baseline 0.008 -27"><span class='ocrx_word' id='word_1_263' title='bbox 86 1939 149 1991; x_wconf 78' lang='grc' dir='ltr'><strong>ἂν</strong></span> <span class='ocrx_word' id='word_1_264' title='bbox 184 1938 457 2005; x_wconf 79' lang='grc' dir='ltr'>διεξέλθοι</span> <span class='ocrx_word' id='word_1_265' title='bbox 493 1943 671 1997; x_wconf 86' lang='grc' dir='ltr'>πάντα</span> <span class='ocrx_word' id='word_1_266' title='bbox 717 1944 785 1999; x_wconf 77' lang='grc' dir='ltr'>τὰ</span> <span class='ocrx_word' id='word_1_267' title='bbox 822 1944 1049 2000; x_wconf 79' lang='grc' dir='ltr'>τοιαῦτα</span> <span class='ocrx_word' id='word_1_268' title='bbox 1107 1947 1410 2018; x_wconf 83' lang='grc' dir='ltr'>πτώματα,</span> <span class='ocrx_word' id='word_1_269' title='bbox 1453 1950 1534 2013; x_wconf 73' lang='grc' dir='ltr'><strong>εἰς</strong></span> <span class='ocrx_word' id='word_1_270' title='bbox 1575 1951 1677 2004; x_wconf 84' lang='grc' dir='ltr'><strong>ὅσα</strong></span> 
     </span>
    </p>
   </div>
   <div class='ocr_carea' id='block_1_40' title="bbox 86 2033 1677 2113">
    <p class='ocr_par' dir='ltr' id='par_1_40' title="bbox 86 2033 1677 2113">
     <span class='ocr_line' id='line_1_40' title="bbox 86 2033 1677 2113; baseline 0.007 -29"><span class='ocrx_word' id='word_1_271' title='bbox 86 2033 410 2104; x_wconf 70' lang='grc' dir='ltr'>ἐκφέρεται,</span> <span class='ocrx_word' id='word_1_272' title='bbox 441 2034 521 2106; x_wconf 84' lang='grc' dir='ltr'><strong>τῷ</strong></span> <span class='ocrx_word' id='word_1_273' title='bbox 551 2035 628 2107; x_wconf 82' lang='grc' dir='ltr'>μὴ</span> <span class='ocrx_word' id='word_1_274' title='bbox 658 2035 833 2091; x_wconf 80' lang='grc' dir='ltr'>θέλειν</span> <span class='ocrx_word' id='word_1_275' title='bbox 859 2041 975 2103; x_wconf 87' lang='grc' dir='ltr'>τοῖς</span> <span class='ocrx_word' id='word_1_276' title='bbox 1005 2039 1301 2094; x_wconf 83' lang='grc' dir='ltr'>κατάΘεὸν</span> <span class='ocrx_word' id='word_1_277' title='bbox 1330 2039 1677 2113; x_wconf 80' lang='grc' dir='ltr'>εὐδοκιμοῦσι</span> 
     </span>
    </p>
   </div>
   <div class='ocr_carea' id='block_1_41' title="bbox 85 2125 1677 2203">
    <p class='ocr_par' dir='ltr' id='par_1_41' title="bbox 85 2125 1677 2203">
     <span class='ocr_line' id='line_1_41' title="bbox 85 2125 1677 2203; baseline 0.008 -27"><span class='ocrx_word' id='word_1_278' title='bbox 85 2125 529 2195; x_wconf 81' lang='grc' dir='ltr'>προστίθεσθαι;</span> <span class='ocrx_word' id='word_1_279' title='bbox 588 2129 685 2182; x_wconf 87' lang='grc' dir='ltr'>Ἐκ</span> <span class='ocrx_word' id='word_1_280' title='bbox 724 2129 932 2185; x_wconf 87' lang='grc' dir='ltr'>τούτων</span> <span class='ocrx_word' id='word_1_281' title='bbox 965 2130 1071 2203; x_wconf 76' lang='grc' dir='ltr'>γὰρ</span> <span class='ocrx_word' id='word_1_282' title='bbox 1119 2131 1365 2202; x_wconf 75' lang='grc' dir='ltr'>ἔγνωμεν</span> <span class='ocrx_word' id='word_1_283' title='bbox 1410 2132 1505 2187; x_wconf 63' lang='grc' dir='ltr'><strong>καὶ⁴</strong></span> <span class='ocrx_word' id='word_1_284' title='bbox 1546 2132 1677 2198; x_wconf 68' lang='grc' dir='ltr'>τοὺς</span> 
     </span>
    </p>
   </div>
   <div class='ocr_carea' id='block_1_42' title="bbox 80 2215 1674 2292">
    <p class='ocr_par' dir='ltr' id='par_1_42' title="bbox 80 2215 1674 2292">
     <span class='ocr_line' id='line_1_42' title="bbox 80 2215 1674 2292; baseline 0.008 -25"><span class='ocrx_word' id='word_1_285' title='bbox 80 2215 155 2285; x_wconf 81' lang='grc' dir='ltr'>τῷ</span> <span class='ocrx_word' id='word_1_286' title='bbox 176 2215 230 2268; x_wconf 86' lang='grc' dir='ltr'><strong>λι</strong></span> <span class='ocrx_word' id='word_1_287' title='bbox 238 2216 329 2288; x_wconf 87' lang='grc' dir='ltr'>μῷ</span> <span class='ocrx_word' id='word_1_288' title='bbox 359 2217 522 2288; x_wconf 83' lang='grc' dir='ltr'>μέχρι</span> <span class='ocrx_word' id='word_1_289' title='bbox 549 2217 779 2273; x_wconf 85' lang='grc' dir='ltr'>θανάτου</span> <span class='ocrx_word' id='word_1_290' title='bbox 802 2220 1291 2292; x_wconf 80' lang='grc' dir='ltr'>ἐγκαρτεροῦντας,</span> <span class='ocrx_word' id='word_1_291' title='bbox 1317 2221 1393 2286; x_wconf 87' lang='grc' dir='ltr'><strong>ώς</strong></span> <span class='ocrx_word' id='word_1_292' title='bbox 1417 2222 1513 2277; x_wconf 78' lang='grc' dir='ltr'>τοῦ</span> <span class='ocrx_word' id='word_1_293' title='bbox 1536 2221 1674 2279; x_wconf 80' lang='grc' dir='ltr'>Θεοῦ</span> 
     </span>
    </p>
   </div>
   <div class='ocr_carea' id='block_1_43' title="bbox 78 2309 1674 2383">
    <p class='ocr_par' dir='ltr' id='par_1_43' title="bbox 78 2309 1674 2383">
     <span class='ocr_line' id='line_1_43' title="bbox 78 2309 1674 2383; baseline 0.007 -23"><span class='ocrx_word' id='word_1_294' title='bbox 78 2311 197 2373; x_wconf 83' lang='grc' dir='ltr'>ταῖς</span> <span class='ocrx_word' id='word_1_295' title='bbox 236 2309 522 2374; x_wconf 85' lang='grc' dir='ltr'>τοιαύταις</span> <span class='ocrx_word' id='word_1_296' title='bbox 563 2310 1031 2383; x_wconf 80' lang='grc' dir='ltr'>εὐαρεστουμένου</span> <span class='ocrx_word' id='word_1_297' title='bbox 1079 2313 1327 2379; x_wconf 83' lang='grc' dir='ltr'>θυσίαις’</span> <span class='ocrx_word' id='word_1_298' title='bbox 1368 2316 1461 2369; x_wconf 76' lang='grc' dir='ltr'><strong>καὶ</strong></span> <span class='ocrx_word' id='word_1_299' title='bbox 1508 2316 1674 2371; x_wconf 79' lang='grc' dir='ltr'>πάλιν</span> 
     </span>
    </p>
   </div>
   <div class='ocr_carea' id='block_1_44' title="bbox 78 2400 1672 2479">
    <p class='ocr_par' dir='ltr' id='par_1_44' title="bbox 78 2400 1672 2479">
     <span class='ocr_line' id='line_1_44' title="bbox 78 2400 1672 2479; baseline 0.006 -26"><span class='ocrx_word' id='word_1_300' title='bbox 78 2400 273 2467; x_wconf 74' lang='grc' dir='ltr'>ἄλλους</span> <span class='ocrx_word' id='word_1_301' title='bbox 304 2401 373 2455; x_wconf 82' lang='grc' dir='ltr'>ὲκ</span> <span class='ocrx_word' id='word_1_302' title='bbox 394 2401 689 2473; x_wconf 79' lang='grc' dir='ltr'>διαμέτρου</span> <span class='ocrx_word' id='word_1_303' title='bbox 726 2404 862 2474; x_wconf 80' lang='grc' dir='ltr'>πρὸς</span> <span class='ocrx_word' id='word_1_304' title='bbox 899 2404 962 2458; x_wconf 77' lang='grc' dir='ltr'>τὸ</span> <span class='ocrx_word' id='word_1_305' title='bbox 989 2406 1231 2460; x_wconf 81' lang='grc' dir='ltr'>ἐναντίον</span> <span class='ocrx_word' id='word_1_306' title='bbox 1257 2408 1672 2479; x_wconf 81' lang='grc' dir='ltr'>ἀποστατήσαν-</span> 
     </span>
    </p>
   </div>
   <div class='ocr_carea' id='block_1_45' title="bbox 75 2492 1672 2569">
    <p class='ocr_par' dir='ltr' id='par_1_45' title="bbox 75 2492 1672 2569">
     <span class='ocr_line' id='line_1_45' title="bbox 75 2492 1672 2569; baseline 0.006 -24"><span class='ocrx_word' id='word_1_307' title='bbox 75 2511 171 2557; x_wconf 79' lang='grc' dir='ltr'><strong>τας</strong></span> <span class='ocrx_word' id='word_1_308' title='bbox 196 2510 212 2525; x_wconf 89' lang='grc'><strong>·</strong></span> <span class='ocrx_word' id='word_1_309' title='bbox 260 2492 312 2547; x_wconf 81' lang='grc' dir='ltr'><strong>οἶ</strong></span> <span class='ocrx_word' id='word_1_310' title='bbox 344 2492 538 2565; x_wconf 85' lang='grc' dir='ltr'>μέχρις</span> <span class='ocrx_word' id='word_1_311' title='bbox 582 2494 843 2566; x_wconf 83' lang='grc' dir='ltr'>ὀνόματος</span> <span class='ocrx_word' id='word_1_312' title='bbox 878 2496 977 2566; x_wconf 78' lang='grc' dir='ltr'>τὴν</span> <span class='ocrx_word' id='word_1_313' title='bbox 1003 2498 1247 2568; x_wconf 80' lang='grc' dir='ltr'>ἀγαμίαν</span> <span class='ocrx_word' id='word_1_314' title='bbox 1285 2498 1672 2569; x_wconf 78' lang='grc' dir='ltr'>ἐπιτηδεύσαν-</span> 
     </span>
    </p>
   </div>
   <div class='ocr_carea' id='block_1_46' title="bbox 75 2584 1666 2662">
    <p class='ocr_par' dir='ltr' id='par_1_46' title="bbox 75 2584 1666 2662">
     <span class='ocr_line' id='line_1_46' title="bbox 75 2584 1666 2662; baseline 0.006 -25"><span class='ocrx_word' id='word_1_315' title='bbox 75 2601 183 2648; x_wconf 84' lang='grc' dir='ltr'>τες,</span> <span class='ocrx_word' id='word_1_316' title='bbox 219 2584 383 2639; x_wconf 77' lang='grc' dir='ltr'>οὐδὲν</span> <span class='ocrx_word' id='word_1_317' title='bbox 410 2584 725 2657; x_wconf 81' lang='grc' dir='ltr'>διαφέρουσι</span> <span class='ocrx_word' id='word_1_318' title='bbox 766 2587 860 2641; x_wconf 83' lang='grc' dir='ltr'>τοῦ</span> <span class='ocrx_word' id='word_1_319' title='bbox 896 2588 1075 2641; x_wconf 83' lang='grc' dir='ltr'>κοινοῦ</span> <span class='ocrx_word' id='word_1_320' title='bbox 1112 2588 1227 2659; x_wconf 86' lang='grc' dir='ltr'>βίου</span> <span class='ocrx_word' id='word_1_321' title='bbox 1256 2606 1272 2622; x_wconf 70' lang='grc'><strong>⁸</strong></span> <span class='ocrx_word' id='word_1_322' title='bbox 1318 2590 1380 2643; x_wconf 78' lang='grc' dir='ltr'><strong>ού</strong></span> <span class='ocrx_word' id='word_1_323' title='bbox 1414 2590 1577 2661; x_wconf 87' lang='grc' dir='ltr'>μόνον</span> <span class='ocrx_word' id='word_1_324' title='bbox 1599 2594 1666 2662; x_wconf 84' lang='grc' dir='ltr'>τῇ</span> 
     </span>
    </p>
   </div>
   <div class='ocr_carea' id='block_1_47' title="bbox 75 2674 1669 2751">
    <p class='ocr_par' dir='ltr' id='par_1_47' title="bbox 75 2674 1669 2751">
     <span class='ocr_line' id='line_1_47' title="bbox 75 2674 1669 2751; baseline 0.004 -23"><span class='ocrx_word' id='word_1_325' title='bbox 75 2675 277 2747; x_wconf 76' lang='grc' dir='ltr'>γαστρὶ</span> <span class='ocrx_word' id='word_1_326' title='bbox 331 2675 405 2729; x_wconf 84' lang='grc' dir='ltr'><strong>τά</strong></span> <span class='ocrx_word' id='word_1_327' title='bbox 434 2674 571 2749; x_wconf 82' lang='grc' dir='ltr'>πρὸς</span> <span class='ocrx_word' id='word_1_328' title='bbox 599 2677 791 2749; x_wconf 80' lang='grc' dir='ltr'>ἡδονὴν</span> <span class='ocrx_word' id='word_1_329' title='bbox 838 2678 1223 2750; x_wconf 78' lang='grc' dir='ltr'>χαριζόμενοι,</span> <span class='ocrx_word' id='word_1_330' title='bbox 1283 2680 1419 2735; x_wconf 85' lang='grc' dir='ltr'><strong>ἀλλά</strong></span> <span class='ocrx_word' id='word_1_331' title='bbox 1453 2683 1669 2751; x_wconf 68' lang='grc' dir='ltr'>γυναιξὶ</span> 
     </span>
    </p>
   </div>
   <div class='ocr_carea' id='block_1_48' title="bbox 75 2766 1667 2846">
    <p class='ocr_par' dir='ltr' id='par_1_48' title="bbox 75 2766 1667 2846">
     <span class='ocr_line' id='line_1_48' title="bbox 75 2766 1667 2846; baseline 0.006 -27"><span class='ocrx_word' id='word_1_332' title='bbox 75 2768 217 2820; x_wconf 82' lang='grc' dir='ltr'><strong>κατά</strong></span> <span class='ocrx_word' id='word_1_333' title='bbox 254 2766 321 2821; x_wconf 83' lang='grc' dir='ltr'><strong>τὸ</strong></span> <span class='ocrx_word' id='word_1_334' title='bbox 356 2768 592 2839; x_wconf 78' lang='grc' dir='ltr'>φανερὸν</span> <span class='ocrx_word' id='word_1_335' title='bbox 634 2770 1030 2835; x_wconf 81' lang='grc' dir='ltr'>συνοικοῦντες,</span> <span class='ocrx_word' id='word_1_336' title='bbox 1077 2772 1171 2825; x_wconf 74' lang='grc' dir='ltr'><strong>καὶ</strong></span> <span class='ocrx_word' id='word_1_337' title='bbox 1200 2771 1534 2844; x_wconf 78' lang='grc' dir='ltr'>ἀδελφότητα</span> <span class='ocrx_word' id='word_1_338' title='bbox 1565 2775 1667 2846; x_wconf 83' lang='grc' dir='ltr'><strong>τὴν</strong></span> 
     </span>
    </p>
   </div>
   <div class='ocr_carea' id='block_1_49' title="bbox 73 2855 1667 2937">
    <p class='ocr_par' dir='ltr' id='par_1_49' title="bbox 73 2855 1667 2937">
     <span class='ocr_line' id='line_1_49' title="bbox 73 2855 1667 2937; baseline 0.005 -25"><span class='ocrx_word' id='word_1_339' title='bbox 73 2858 338 2930; x_wconf 76' lang='grc' dir='ltr'>τοιαύτην</span> <span class='ocrx_word' id='word_1_340' title='bbox 374 2855 682 2931; x_wconf 68' lang='grc' dir='ltr'>ὂυμόίωσιν</span> <span class='ocrx_word' id='word_1_341' title='bbox 712 2861 1088 2933; x_wconf 79' lang='grc' dir='ltr'>ὀνομάζοντες,</span> <span class='ocrx_word' id='word_1_342' title='bbox 1127 2864 1203 2928; x_wconf 90' lang='grc' dir='ltr'><strong>ώς</strong></span> <span class='ocrx_word' id='word_1_343' title='bbox 1231 2864 1295 2935; x_wconf 84' lang='grc' dir='ltr'>δὴ</span> <span class='ocrx_word' id='word_1_344' title='bbox 1323 2865 1422 2937; x_wconf 83' lang='grc' dir='ltr'><strong>τὴν</strong></span> <span class='ocrx_word' id='word_1_345' title='bbox 1447 2866 1583 2937; x_wconf 81' lang='grc' dir='ltr'>πρὸς</span> <span class='ocrx_word' id='word_1_346' title='bbox 1606 2866 1667 2920; x_wconf 87' lang='grc' dir='ltr'><strong>τὸ</strong></span> 
     </span>
    </p>
   </div>
   <div class='ocr_carea' id='block_1_50' title="bbox 74 2953 1702 3030">
    <p class='ocr_par' dir='ltr' id='par_1_50' title="bbox 74 2953 1702 3030">
     <span class='ocr_line' id='line_1_50' title="bbox 74 2953 1702 3030; baseline 0.006 -25"><span class='ocrx_word' id='word_1_347' title='bbox 74 2957 253 3025; x_wconf 80' lang='grc' dir='ltr'>χεῖρον</span> <span class='ocrx_word' id='word_1_348' title='bbox 276 2953 539 3007; x_wconf 76' lang='grc' dir='ltr'>ὑπόνοιαν</span> <span class='ocrx_word' id='word_1_349' title='bbox 561 2953 788 3025; x_wconf 83' lang='grc' dir='ltr'>ὀνόματι</span> <span class='ocrx_word' id='word_1_350' title='bbox 809 2956 1120 3027; x_wconf 83' lang='grc' dir='ltr'>σεμνοτέρῳ</span> <span class='ocrx_word' id='word_1_351' title='bbox 1143 2957 1663 3030; x_wconf 86' lang='grc' dir='ltr'>περικαλύπτοντες.</span> <span class='ocrx_word' id='word_1_352' title='bbox 1698 2975 1702 2978; x_wconf 75' lang='lat'><em>‘</em></span> 
     </span>
    </p>
   </div>
   <div class='ocr_carea' id='block_1_51' title="bbox 73 3038 1667 3123">
    <p class='ocr_par' dir='ltr' id='par_1_51' title="bbox 73 3038 1667 3123">
     <span class='ocr_line' id='line_1_51' title="bbox 73 3038 1667 3123; baseline 0.007 -25"><span class='ocrx_word' id='word_1_353' title='bbox 73 3046 145 3098; x_wconf 73' lang='grc' dir='ltr'><strong>Δι’</strong></span> <span class='ocrx_word' id='word_1_354' title='bbox 192 3038 271 3100; x_wconf 79' lang='grc' dir='ltr'>ὧν</span> <span class='ocrx_word' id='word_1_355' title='bbox 325 3045 423 3098; x_wconf 74' lang='grc' dir='ltr'>καὶ</span> <span class='ocrx_word' id='word_1_356' title='bbox 473 3045 680 3116; x_wconf 82' lang='grc' dir='ltr'>σφόδρα</span> <span class='ocrx_word' id='word_1_357' title='bbox 723 3045 784 3098; x_wconf 80' lang='grc' dir='ltr'><strong>τὸ</strong></span> <span class='ocrx_word' id='word_1_358' title='bbox 815 3047 1006 3117; x_wconf 84' lang='grc' dir='ltr'>σεμνὸν</span> <span class='ocrx_word' id='word_1_359' title='bbox 1050 3046 1207 3101; x_wconf 79' lang='grc' dir='ltr'>τοῦτο</span> <span class='ocrx_word' id='word_1_360' title='bbox 1285 3051 1380 3103; x_wconf 73' lang='grc' dir='ltr'>καὶ</span> <span class='ocrx_word' id='word_1_361' title='bbox 1426 3051 1667 3123; x_wconf 78' lang='grc' dir='ltr'>καθαρὸν</span> 
     </span>
    </p>
   </div>
   <div class='ocr_carea' id='block_1_52' title="bbox 72 3136 1404 3209">
    <p class='ocr_par' dir='ltr' id='par_1_52' title="bbox 72 3136 1404 3209">
     <span class='ocr_line' id='line_1_52' title="bbox 72 3136 1404 3209; baseline 0.002 -19"><span class='ocrx_word' id='word_1_362' title='bbox 72 3139 419 3209; x_wconf 80' lang='grc' dir='ltr'>ἐπιτήδευμα</span> <span class='ocrx_word' id='word_1_363' title='bbox 446 3136 847 3209; x_wconf 82' lang='grc' dir='ltr'>βλασφημεῖται</span> <span class='ocrx_word' id='word_1_364' title='bbox 873 3138 1024 3209; x_wconf 79' lang='grc' dir='ltr'>παρὰ</span> <span class='ocrx_word' id='word_1_365' title='bbox 1047 3137 1158 3192; x_wconf 84' lang='grc' dir='ltr'>τῶν</span> <span class='ocrx_word' id='word_1_366' title='bbox 1187 3138 1404 3204; x_wconf 72' lang='grc' dir='ltr'>ἔξωθεν,</span> 
     </span>
    </p>
   </div>
   <div class='ocr_carea' id='block_1_53' title="bbox 1788 1869 3365 1958">
    <p class='ocr_par' dir='ltr' id='par_1_53' title="bbox 1788 1869 3365 1958">
     <span class='ocr_line' id='line_1_53' title="bbox 1788 1869 3365 1958; baseline 0.014 -33"><span class='ocrx_word' id='word_1_367' title='bbox 1788 1869 2062 1942; x_wconf 86' lang='lat' dir='ltr'><strong>Sapientia</strong></span> <span class='ocrx_word' id='word_1_368' title='bbox 2088 1878 2269 1932; x_wconf 86' lang='lat' dir='ltr'><strong>vocati</strong></span> <span class='ocrx_word' id='word_1_369' title='bbox 2302 1889 2431 1934; x_wconf 88' lang='lat' dir='ltr'><strong>sunt</strong></span> <span class='ocrx_word' id='word_1_370' title='bbox 2459 1899 2473 1935; x_wconf 91' lang='lat'><strong>:</strong></span> <span class='ocrx_word' id='word_1_371' title='bbox 2502 1884 2597 1952; x_wconf 88' lang='lat' dir='ltr'><strong>qui</strong></span> <span class='ocrx_word' id='word_1_372' title='bbox 2628 1877 2911 1941; x_wconf 34' lang='lat' dir='ltr'><strong>suas&#39;vias</strong></span> <span class='ocrx_word' id='word_1_373' title='bbox 2945 1890 3121 1958; x_wconf 89' lang='lat' dir='ltr'><strong>spinis</strong></span> <span class='ocrx_word' id='word_1_374' title='bbox 3153 1898 3365 1947; x_wconf 86' lang='lat' dir='ltr'><strong>strave-</strong></span> 
     </span>
    </p>
   </div>
   <div class='ocr_carea' id='block_1_54' title="bbox 1782 1965 3365 2053">
    <p class='ocr_par' dir='ltr' id='par_1_54' title="bbox 1782 1965 3365 2053">
     <span class='ocr_line' id='line_1_54' title="bbox 1782 1965 3365 2053; baseline 0.013 -37"><span class='ocrx_word' id='word_1_375' title='bbox 1782 1971 1953 2032; x_wconf 88' lang='lat' dir='ltr'><strong>runt;</strong></span> <span class='ocrx_word' id='word_1_376' title='bbox 1985 1965 2076 2036; x_wconf 91' lang='lat' dir='ltr'><strong>qui</strong></span> <span class='ocrx_word' id='word_1_377' title='bbox 2113 1967 2261 2022; x_wconf 87' lang='lat' dir='ltr'><strong>illam</strong></span> <span class='ocrx_word' id='word_1_378' title='bbox 2294 1970 2362 2024; x_wconf 90' lang='lat' dir='ltr'><strong>ad</strong></span> <span class='ocrx_word' id='word_1_379' title='bbox 2397 1973 2778 2028; x_wconf 87' lang='lat' dir='ltr'><strong>mandatorum</strong></span> <span class='ocrx_word' id='word_1_380' title='bbox 2817 1974 2910 2031; x_wconf 85' lang='lat' dir='ltr'><strong>Dei</strong></span> <span class='ocrx_word' id='word_1_381' title='bbox 2938 1993 3105 2049; x_wconf 89' lang='lat' dir='ltr'><strong>opera</strong></span> <span class='ocrx_word' id='word_1_382' title='bbox 3135 1995 3365 2053; x_wconf 90' lang='lat' dir='ltr'><strong>propen-</strong></span> 
     </span>
    </p>
   </div>
   <div class='ocr_carea' id='block_1_55' title="bbox 1781 2053 3362 2144">
    <p class='ocr_par' dir='ltr' id='par_1_55' title="bbox 1781 2053 3362 2144">
     <span class='ocr_line' id='line_1_55' title="bbox 1781 2053 3362 2144; baseline 0.012 -35"><span class='ocrx_word' id='word_1_383' title='bbox 1781 2053 2014 2121; x_wconf 89' lang='lat' dir='ltr'><strong>sionem,</strong></span> <span class='ocrx_word' id='word_1_384' title='bbox 2078 2059 2274 2114; x_wconf 72' lang='lat' dir='ltr'><strong>anima:</strong></span> <span class='ocrx_word' id='word_1_385' title='bbox 2322 2062 2711 2119; x_wconf 82' lang='lat' dir='ltr'><strong>existimarunt</strong></span> <span class='ocrx_word' id='word_1_386' title='bbox 2762 2067 3200 2140; x_wconf 82' lang='lat' dir='ltr'><strong>detrimentum;</strong></span> <span class='ocrx_word' id='word_1_387' title='bbox 3266 2075 3362 2144; x_wconf 88' lang='lat' dir='ltr'><strong>qui</strong></span> 
     </span>
    </p>
   </div>
   <div class='ocr_carea' id='block_1_56' title="bbox 1780 2148 3357 2233">
    <p class='ocr_par' dir='ltr' id='par_1_56' title="bbox 1780 2148 3357 2233">
     <span class='ocr_line' id='line_1_56' title="bbox 1780 2148 3357 2233; baseline 0.013 -36"><span class='ocrx_word' id='word_1_388' title='bbox 1780 2148 2153 2215; x_wconf 87' lang='lat' dir='ltr'><strong>apostolorum</strong></span> <span class='ocrx_word' id='word_1_389' title='bbox 2195 2163 2465 2221; x_wconf 65' lang='lat' dir='ltr'><strong>praecepta</strong></span> <span class='ocrx_word' id='word_1_390' title='bbox 2513 2155 2949 2227; x_wconf 87' lang='lat' dir='ltr'><strong>traditionesque</strong></span> <span class='ocrx_word' id='word_1_391' title='bbox 2996 2159 3357 2233; x_wconf 89' lang='lat' dir='ltr'><strong>abrogarunt,</strong></span> 
     </span>
    </p>
   </div>
   <div class='ocr_carea' id='block_1_57' title="bbox 1779 2242 3357 2312">
    <p class='ocr_par' dir='ltr' id='par_1_57' title="bbox 1779 2242 3357 2312">
     <span class='ocr_line' id='line_1_57' title="bbox 1779 2242 3357 2312; baseline 0.011 -21"><span class='ocrx_word' id='word_1_392' title='bbox 1779 2250 1881 2293; x_wconf 89' lang='lat' dir='ltr'><strong>nec</strong></span> <span class='ocrx_word' id='word_1_393' title='bbox 1909 2254 2011 2295; x_wconf 92' lang='lat' dir='ltr'><strong>suo</strong></span> <span class='ocrx_word' id='word_1_394' title='bbox 2034 2255 2175 2310; x_wconf 89' lang='lat' dir='ltr'><strong>pane</strong></span> <span class='ocrx_word' id='word_1_395' title='bbox 2208 2242 2435 2302; x_wconf 84' lang='lat' dir='ltr'><strong>honeste</strong></span> <span class='ocrx_word' id='word_1_396' title='bbox 2466 2259 2799 2312; x_wconf 87' lang='lat' dir='ltr'><strong>vescuntur,</strong></span> <span class='ocrx_word' id='word_1_397' title='bbox 2839 2250 2933 2305; x_wconf 85' lang='lat' dir='ltr'><strong>sed</strong></span> <span class='ocrx_word' id='word_1_398' title='bbox 2993 2252 3063 2307; x_wconf 87' lang='lat' dir='ltr'><strong>ad</strong></span> <span class='ocrx_word' id='word_1_399' title='bbox 3116 2254 3357 2309; x_wconf 86' lang='lat' dir='ltr'><strong>alienum</strong></span> 
     </span>
    </p>
   </div>
   <div class='ocr_carea' id='block_1_58' title="bbox 1778 2329 3359 2418">
    <p class='ocr_par' dir='ltr' id='par_1_58' title="bbox 1778 2329 3359 2418">
     <span class='ocr_line' id='line_1_58' title="bbox 1778 2329 3359 2418; baseline 0.013 -35"><span class='ocrx_word' id='word_1_400' title='bbox 1778 2329 2087 2397; x_wconf 85' lang='lat' dir='ltr'><strong>intendunt,</strong></span> <span class='ocrx_word' id='word_1_401' title='bbox 2121 2350 2242 2388; x_wconf 89' lang='lat' dir='ltr'><strong>cum</strong></span> <span class='ocrx_word' id='word_1_402' title='bbox 2275 2336 2494 2392; x_wconf 84' lang='lat' dir='ltr'><strong>vivendi</strong></span> <span class='ocrx_word' id='word_1_403' title='bbox 2514 2346 2686 2395; x_wconf 87' lang='lat' dir='ltr'><strong>artem</strong></span> <span class='ocrx_word' id='word_1_404' title='bbox 2710 2341 2768 2395; x_wconf 88' lang='lat' dir='ltr'><strong>in</strong></span> <span class='ocrx_word' id='word_1_405' title='bbox 2793 2341 3006 2397; x_wconf 80' lang='lat' dir='ltr'><strong>desidia</strong></span> <span class='ocrx_word' id='word_1_406' title='bbox 3034 2344 3359 2418; x_wconf 86' lang='lat' dir='ltr'><strong>ignaviaque</strong></span> 
     </span>
    </p>
   </div>
   <div class='ocr_carea' id='block_1_59' title="bbox 1780 2426 3357 2505">
    <p class='ocr_par' dir='ltr' id='par_1_59' title="bbox 1780 2426 3357 2505">
     <span class='ocr_line' id='line_1_59' title="bbox 1780 2426 3357 2505; baseline 0.013 -32"><span class='ocrx_word' id='word_1_407' title='bbox 1780 2430 2026 2491; x_wconf 89' lang='lat' dir='ltr'><strong>ponant:</strong></span> <span class='ocrx_word' id='word_1_408' title='bbox 2062 2426 2204 2481; x_wconf 91' lang='lat' dir='ltr'><strong>unde</strong></span> <span class='ocrx_word' id='word_1_409' title='bbox 2253 2431 2618 2487; x_wconf 88' lang='lat' dir='ltr'><strong>somniatores</strong></span> <span class='ocrx_word' id='word_1_410' title='bbox 2665 2441 2816 2498; x_wconf 89' lang='lat' dir='ltr'><strong>sunt,</strong></span> <span class='ocrx_word' id='word_1_411' title='bbox 2864 2434 2959 2505; x_wconf 89' lang='lat' dir='ltr'><strong>qui</strong></span> <span class='ocrx_word' id='word_1_412' title='bbox 3014 2439 3357 2494; x_wconf 84' lang='lat' dir='ltr'><strong>somniorum</strong></span> 
     </span>
    </p>
   </div>
   <div class='ocr_carea' id='block_1_60' title="bbox 1775 2508 3358 2599">
    <p class='ocr_par' dir='ltr' id='par_1_60' title="bbox 1775 2508 3358 2599">
     <span class='ocr_line' id='line_1_60' title="bbox 1775 2508 3358 2599; baseline 0.013 -36"><span class='ocrx_word' id='word_1_413' title='bbox 1775 2508 2124 2581; x_wconf 89' lang='lat' dir='ltr'><strong>deceptiones</strong></span> <span class='ocrx_word' id='word_1_414' title='bbox 2173 2517 2569 2584; x_wconf 87' lang='lat' dir='ltr'><strong>probabiliores</strong></span> <span class='ocrx_word' id='word_1_415' title='bbox 2617 2520 2864 2590; x_wconf 83' lang='lat' dir='ltr'><strong>faciunt,</strong></span> <span class='ocrx_word' id='word_1_416' title='bbox 2912 2539 3074 2595; x_wconf 88' lang='lat' dir='ltr'><strong>quam</strong></span> <span class='ocrx_word' id='word_1_417' title='bbox 3116 2540 3358 2599; x_wconf 59' lang='lat' dir='ltr'><strong>evangea</strong></span> 
     </span>
    </p>
   </div>
   <div class='ocr_carea' id='block_1_61' title="bbox 1775 2599 3356 2684">
    <p class='ocr_par' dir='ltr' id='par_1_61' title="bbox 1775 2599 3356 2684">
     <span class='ocr_line' id='line_1_61' title="bbox 1775 2599 3356 2684; baseline 0.014 -31"><span class='ocrx_word' id='word_1_418' title='bbox 1775 2599 1881 2655; x_wconf 85' lang='lat' dir='ltr'><strong>lica</strong></span> <span class='ocrx_word' id='word_1_419' title='bbox 1929 2613 2226 2675; x_wconf 65' lang='lat' dir='ltr'><strong>praecepta,</strong></span> <span class='ocrx_word' id='word_1_420' title='bbox 2278 2610 2751 2679; x_wconf 87' lang='lat' dir='ltr'><strong>revelationesque</strong></span> <span class='ocrx_word' id='word_1_421' title='bbox 2794 2617 3013 2684; x_wconf 87' lang='lat' dir='ltr'><strong>species</strong></span> <span class='ocrx_word' id='word_1_422' title='bbox 3063 2632 3248 2673; x_wconf 88' lang='lat' dir='ltr'><strong>rerum</strong></span> <span class='ocrx_word' id='word_1_423' title='bbox 3298 2621 3356 2675; x_wconf 88' lang='lat' dir='ltr'><strong>in</strong></span> 
     </span>
    </p>
   </div>
   <div class='ocr_carea' id='block_1_62' title="bbox 1774 2695 3357 2776">
    <p class='ocr_par' dir='ltr' id='par_1_62' title="bbox 1774 2695 3357 2776">
     <span class='ocr_line' id='line_1_62' title="bbox 1774 2695 3357 2776; baseline 0.012 -30"><span class='ocrx_word' id='word_1_424' title='bbox 1774 2695 1987 2750; x_wconf 91' lang='lat' dir='ltr'><strong>somnis</strong></span> <span class='ocrx_word' id='word_1_425' title='bbox 2017 2696 2231 2753; x_wconf 89' lang='lat' dir='ltr'><strong>oblatas</strong></span> <span class='ocrx_word' id='word_1_426' title='bbox 2254 2707 2488 2769; x_wconf 86' lang='lat' dir='ltr'><strong>putant:</strong></span> <span class='ocrx_word' id='word_1_427' title='bbox 2516 2702 2584 2756; x_wconf 90' lang='lat' dir='ltr'><strong>ab</strong></span> <span class='ocrx_word' id='word_1_428' title='bbox 2613 2703 2698 2758; x_wconf 89' lang='lat' dir='ltr'><strong>his</strong></span> <span class='ocrx_word' id='word_1_429' title='bbox 2729 2706 3005 2761; x_wconf 81' lang='lat' dir='ltr'><strong>exsistunt</strong></span> <span class='ocrx_word' id='word_1_430' title='bbox 3034 2709 3130 2776; x_wconf 91' lang='lat' dir='ltr'><strong>qui</strong></span> <span class='ocrx_word' id='word_1_431' title='bbox 3160 2709 3357 2765; x_wconf 76' lang='lat' dir='ltr'><strong>domos</strong></span> 
     </span>
    </p>
   </div>
   <div class='ocr_carea' id='block_1_63' title="bbox 1773 2780 3352 2861">
    <p class='ocr_par' dir='ltr' id='par_1_63' title="bbox 1773 2780 3352 2861">
     <span class='ocr_line' id='line_1_63' title="bbox 1773 2780 3352 2861; baseline 0.011 -27"><span class='ocrx_word' id='word_1_432' title='bbox 1773 2780 2201 2851; x_wconf 86' lang='lat' dir='ltr'><strong>ingrediuntur:</strong></span> <span class='ocrx_word' id='word_1_433' title='bbox 2239 2802 2548 2859; x_wconf 88' lang='lat' dir='ltr'><strong>rursusque</strong></span> <span class='ocrx_word' id='word_1_434' title='bbox 2577 2790 2669 2844; x_wconf 84' lang='lat' dir='ltr'><strong>alii</strong></span> <span class='ocrx_word' id='word_1_435' title='bbox 2704 2793 2795 2861; x_wconf 87' lang='lat' dir='ltr'><strong>qui</strong></span> <span class='ocrx_word' id='word_1_436' title='bbox 2848 2793 3142 2850; x_wconf 88' lang='lat' dir='ltr'><strong>immanem</strong></span> <span class='ocrx_word' id='word_1_437' title='bbox 3177 2806 3232 2850; x_wconf 88' lang='lat' dir='ltr'><strong>et</strong></span> <span class='ocrx_word' id='word_1_438' title='bbox 3269 2794 3352 2850; x_wconf 78' lang='lat' dir='ltr'><strong>fe—</strong></span> 
     </span>
    </p>
   </div>
   <div class='ocr_carea' id='block_1_64' title="bbox 1770 2874 3351 2956">
    <p class='ocr_par' dir='ltr' id='par_1_64' title="bbox 1770 2874 3351 2956">
     <span class='ocr_line' id='line_1_64' title="bbox 1770 2874 3351 2956; baseline 0.01 -30"><span class='ocrx_word' id='word_1_439' title='bbox 1770 2887 1888 2927; x_wconf 82' lang='lat' dir='ltr'><strong>ram</strong></span> <span class='ocrx_word' id='word_1_440' title='bbox 1919 2874 2176 2931; x_wconf 88' lang='lat' dir='ltr'><strong>virtutem</strong></span> <span class='ocrx_word' id='word_1_441' title='bbox 2206 2879 2527 2948; x_wconf 89' lang='lat' dir='ltr'><strong>opinantur,</strong></span> <span class='ocrx_word' id='word_1_442' title='bbox 2561 2881 2987 2955; x_wconf 87' lang='lat' dir='ltr'><strong>dilectionisque</strong></span> <span class='ocrx_word' id='word_1_443' title='bbox 3020 2895 3351 2956; x_wconf 68' lang='lat' dir='ltr'><strong>praeceptum</strong></span> 
     </span>
    </p>
   </div>
   <div class='ocr_carea' id='block_1_65' title="bbox 1770 2964 3351 3045">
    <p class='ocr_par' dir='ltr' id='par_1_65' title="bbox 1770 2964 3351 3045">
     <span class='ocr_line' id='line_1_65' title="bbox 1770 2964 3351 3045; baseline 0.009 -27"><span class='ocrx_word' id='word_1_444' title='bbox 1770 2964 2042 3036; x_wconf 62' lang='lat' dir='ltr'><strong>ignorant,</strong></span> <span class='ocrx_word' id='word_1_445' title='bbox 2073 2983 2249 3039; x_wconf 87' lang='lat' dir='ltr'><strong>neque</strong></span> <span class='ocrx_word' id='word_1_446' title='bbox 2288 2970 2680 3039; x_wconf 67' lang='lat' dir='ltr'><strong>beneﬁcentiae,</strong></span> <span class='ocrx_word' id='word_1_447' title='bbox 2726 2989 2903 3045; x_wconf 90' lang='lat' dir='ltr'><strong>neque</strong></span> <span class='ocrx_word' id='word_1_448' title='bbox 2952 2977 3127 3031; x_wconf 85' lang='lat' dir='ltr'><strong>animi</strong></span> <span class='ocrx_word' id='word_1_449' title='bbox 3160 2978 3351 3032; x_wconf 85' lang='lat' dir='ltr'><strong>mode-</strong></span> 
     </span>
    </p>
   </div>
   <div class='ocr_carea' id='block_1_66' title="bbox 1768 3058 3351 3137">
    <p class='ocr_par' dir='ltr' id='par_1_66' title="bbox 1768 3058 3351 3137">
     <span class='ocr_line' id='line_1_66' title="bbox 1768 3058 3351 3137; baseline 0.007 -25"><span class='ocrx_word' id='word_1_450' title='bbox 1768 3058 1886 3112; x_wconf 68' lang='lat' dir='ltr'><strong>stiaz</strong></span> <span class='ocrx_word' id='word_1_451' title='bbox 1926 3058 2167 3113; x_wconf 84' lang='lat' dir='ltr'><strong>fructum</strong></span> <span class='ocrx_word' id='word_1_452' title='bbox 2204 3071 2565 3132; x_wconf 85' lang='lat' dir='ltr'><strong>cognoscunt.</strong></span> <span class='ocrx_word' id='word_1_453' title='bbox 2597 3064 2666 3119; x_wconf 79' lang='lat' dir='ltr'><strong>At</strong></span> <span class='ocrx_word' id='word_1_454' title='bbox 2700 3081 2834 3122; x_wconf 82' lang='lat' dir='ltr'><strong>sane</strong></span> <span class='ocrx_word' id='word_1_455' title='bbox 2863 3068 2990 3137; x_wconf 88' lang='lat' dir='ltr'><strong>quis</strong></span> <span class='ocrx_word' id='word_1_456' title='bbox 3025 3084 3219 3126; x_wconf 86' lang='lat' dir='ltr'><strong>omnes</strong></span> <span class='ocrx_word' id='word_1_457' title='bbox 3247 3069 3351 3124; x_wconf 87' lang='lat' dir='ltr'><strong>hu-</strong></span> 
     </span>
    </p>
   </div>
   <div class='ocr_carea' id='block_1_67' title="bbox 1768 3146 3364 3228">
    <p class='ocr_par' dir='ltr' id='par_1_67' title="bbox 1768 3146 3364 3228">
     <span class='ocr_line' id='line_1_67' title="bbox 1768 3146 3364 3228; baseline 0.007 -27"><span class='ocrx_word' id='word_1_458' title='bbox 1768 3146 2013 3215; x_wconf 88' lang='lat' dir='ltr'><strong>jusmodi</strong></span> <span class='ocrx_word' id='word_1_459' title='bbox 2063 3162 2229 3206; x_wconf 82' lang='lat' dir='ltr'><strong>casus</strong></span> <span class='ocrx_word' id='word_1_460' title='bbox 2293 3154 2788 3228; x_wconf 85' lang='lat' dir='ltr'><strong>prolapsionesque</strong></span> <span class='ocrx_word' id='word_1_461' title='bbox 2839 3170 3228 3227; x_wconf 85' lang='lat' dir='ltr'><strong>percurreret,</strong></span> <span class='ocrx_word' id='word_1_462' title='bbox 3291 3160 3364 3215; x_wconf 86' lang='lat' dir='ltr'><strong>in.</strong></span> 
     </span>
    </p>
   </div>
   <div class='ocr_carea' id='block_1_68' title="bbox 71 3232 3350 3320">
    <p class='ocr_par' dir='ltr' id='par_1_68' title="bbox 71 3232 3350 3320">
     <span class='ocr_line' id='line_1_68' title="bbox 71 3232 3350 3320; baseline 0.007 -33"><span class='ocrx_word' id='word_1_463' title='bbox 71 3249 209 3303; x_wconf 89' lang='lat' dir='ltr'><strong>quos</strong></span> <span class='ocrx_word' id='word_1_464' title='bbox 238 3232 451 3303; x_wconf 87' lang='lat' dir='ltr'><strong>aliquis</strong></span> <span class='ocrx_word' id='word_1_465' title='bbox 486 3232 683 3301; x_wconf 83' lang='lat' dir='ltr'><strong>fertur,</strong></span> <span class='ocrx_word' id='word_1_466' title='bbox 716 3248 842 3289; x_wconf 88' lang='lat' dir='ltr'><strong>cum</strong></span> <span class='ocrx_word' id='word_1_467' title='bbox 877 3232 945 3287; x_wconf 88' lang='lat' dir='ltr'><strong>ad</strong></span> <span class='ocrx_word' id='word_1_468' title='bbox 974 3248 1069 3288; x_wconf 85' lang='lat' dir='ltr'><strong>eos</strong></span> <span class='ocrx_word' id='word_1_469' title='bbox 1099 3248 1156 3289; x_wconf 89' lang='lat' dir='ltr'><strong>se</strong></span> <span class='ocrx_word' id='word_1_470' title='bbox 1187 3233 1440 3290; x_wconf 85' lang='lat' dir='ltr'><strong>conferre</strong></span> <span class='ocrx_word' id='word_1_471' title='bbox 1469 3246 1708 3305; x_wconf 86' lang='lat' dir='ltr'><strong>recusat,</strong></span> <span class='ocrx_word' id='word_1_472' title='bbox 1747 3241 1838 3311; x_wconf 91' lang='lat' dir='ltr'><strong>qui</strong></span> <span class='ocrx_word' id='word_1_473' title='bbox 1872 3240 1984 3297; x_wconf 88' lang='lat' dir='ltr'><strong>Deo</strong></span> <span class='ocrx_word' id='word_1_474' title='bbox 2018 3245 2229 3312; x_wconf 82' lang='lat' dir='ltr'><strong>probati</strong></span> <span class='ocrx_word' id='word_1_475' title='bbox 2265 3247 2436 3302; x_wconf 89' lang='lat' dir='ltr'><strong>sunt?</strong></span> <span class='ocrx_word' id='word_1_476' title='bbox 2462 3248 2831 3320; x_wconf 84' lang='lat' dir='ltr'><strong>Cognovimus</strong></span> <span class='ocrx_word' id='word_1_477' title='bbox 2856 3253 3002 3307; x_wconf 88' lang='lat' dir='ltr'><strong>enim</strong></span> <span class='ocrx_word' id='word_1_478' title='bbox 3032 3268 3133 3309; x_wconf 88' lang='lat' dir='ltr'><strong>nos</strong></span> <span class='ocrx_word' id='word_1_479' title='bbox 3165 3266 3232 3309; x_wconf 80' lang='lat' dir='ltr'><strong>ex</strong></span> <span class='ocrx_word' id='word_1_480' title='bbox 3263 3254 3350 3311; x_wconf 76' lang='lat' dir='ltr'><strong>his</strong></span> 
     </span>
    </p>
   </div>
   <div class='ocr_carea' id='block_1_69' title="bbox 71 3324 3348 3416">
    <p class='ocr_par' dir='ltr' id='par_1_69' title="bbox 71 3324 3348 3416">
     <span class='ocr_line' id='line_1_69' title="bbox 71 3324 3348 3416; baseline 0.007 -36"><span class='ocrx_word' id='word_1_481' title='bbox 71 3326 390 3393; x_wconf 85' lang='lat' dir='ltr'><strong>nonnullos,</strong></span> <span class='ocrx_word' id='word_1_482' title='bbox 420 3324 516 3396; x_wconf 90' lang='lat' dir='ltr'><strong>qui</strong></span> <span class='ocrx_word' id='word_1_483' title='bbox 548 3325 743 3379; x_wconf 81' lang='lat' dir='ltr'><strong>famem</strong></span> <span class='ocrx_word' id='word_1_484' title='bbox 768 3341 941 3395; x_wconf 88' lang='lat' dir='ltr'><strong>usque</strong></span> <span class='ocrx_word' id='word_1_485' title='bbox 968 3324 1036 3379; x_wconf 91' lang='lat' dir='ltr'><strong>ad</strong></span> <span class='ocrx_word' id='word_1_486' title='bbox 1074 3326 1283 3380; x_wconf 87' lang='lat' dir='ltr'><strong>obitum</strong></span> <span class='ocrx_word' id='word_1_487' title='bbox 1318 3327 1588 3398; x_wconf 87' lang='lat' dir='ltr'><strong>patienter</strong></span> <span class='ocrx_word' id='word_1_488' title='bbox 1619 3331 1886 3397; x_wconf 89' lang='lat' dir='ltr'><strong>tulerunt,</strong></span> <span class='ocrx_word' id='word_1_489' title='bbox 1923 3336 2082 3405; x_wconf 85' lang='lat' dir='ltr'><strong>quasi</strong></span> <span class='ocrx_word' id='word_1_490' title='bbox 2108 3336 2192 3392; x_wconf 90' lang='lat' dir='ltr'><strong>his</strong></span> <span class='ocrx_word' id='word_1_491' title='bbox 2213 3339 2501 3396; x_wconf 86' lang='lat' dir='ltr'><strong>sacrificiis</strong></span> <span class='ocrx_word' id='word_1_492' title='bbox 2539 3343 2787 3411; x_wconf 87' lang='lat' dir='ltr'><strong>placetur</strong></span> <span class='ocrx_word' id='word_1_493' title='bbox 2821 3343 2965 3399; x_wconf 90' lang='lat' dir='ltr'><strong>Deus</strong></span> <span class='ocrx_word' id='word_1_494' title='bbox 2991 3363 3003 3399; x_wconf 95' lang='lat'>:</span> <span class='ocrx_word' id='word_1_495' title='bbox 3038 3361 3348 3416; x_wconf 87' lang='lat' dir='ltr'><strong>rursusque</strong></span> 
     </span>
    </p>
   </div>
   <div class='ocr_carea' id='block_1_70' title="bbox 69 3416 3343 3502">
    <p class='ocr_par' dir='ltr' id='par_1_70' title="bbox 69 3416 3343 3502">
     <span class='ocr_line' id='line_1_70' title="bbox 69 3416 3343 3502; baseline 0.005 -32"><span class='ocrx_word' id='word_1_496' title='bbox 69 3418 227 3481; x_wconf 84' lang='lat' dir='ltr'><strong>alios.</strong></span> <span class='ocrx_word' id='word_1_497' title='bbox 276 3418 374 3487; x_wconf 90' lang='lat' dir='ltr'><strong>qui</strong></span> <span class='ocrx_word' id='word_1_498' title='bbox 409 3417 569 3488; x_wconf 90' lang='lat' dir='ltr'><strong>quasi</strong></span> <span class='ocrx_word' id='word_1_499' title='bbox 595 3432 626 3472; x_wconf 93' lang='lat' dir='ltr'><strong>e</strong></span> <span class='ocrx_word' id='word_1_500' title='bbox 664 3418 887 3489; x_wconf 81' lang='lat' dir='ltr'><strong>regione</strong></span> <span class='ocrx_word' id='word_1_501' title='bbox 934 3416 1169 3486; x_wconf 89' lang='lat' dir='ltr'><strong>oppositi</strong></span> <span class='ocrx_word' id='word_1_502' title='bbox 1220 3417 1288 3471; x_wconf 88' lang='lat' dir='ltr'><strong>ad</strong></span> <span class='ocrx_word' id='word_1_503' title='bbox 1324 3420 1659 3475; x_wconf 86' lang='lat' dir='ltr'><strong>contrariam</strong></span> <span class='ocrx_word' id='word_1_504' title='bbox 1697 3437 1811 3477; x_wconf 89' lang='lat' dir='ltr'><strong>rem</strong></span> <span class='ocrx_word' id='word_1_505' title='bbox 1846 3441 1907 3481; x_wconf 87' lang='lat' dir='ltr'><strong>se</strong></span> <span class='ocrx_word' id='word_1_506' title='bbox 1938 3424 2331 3493; x_wconf 81' lang='lat' dir='ltr'><strong>adjunxerunt,</strong></span> <span class='ocrx_word' id='word_1_507' title='bbox 2378 3430 2709 3502; x_wconf 88' lang='lat' dir='ltr'><strong>nomineque</strong></span> <span class='ocrx_word' id='word_1_508' title='bbox 2736 3432 3003 3489; x_wconf 83' lang='lat' dir='ltr'><strong>duntaxat</strong></span> <span class='ocrx_word' id='word_1_509' title='bbox 3031 3436 3343 3490; x_wconf 62' lang='lat' dir='ltr'><strong>caelibatum</strong></span> 
     </span>
    </p>
   </div>
   <div class='ocr_carea' id='block_1_71' title="bbox 71 3510 3344 3598">
    <p class='ocr_par' dir='ltr' id='par_1_71' title="bbox 71 3510 3344 3598">
     <span class='ocr_line' id='line_1_71' title="bbox 71 3510 3344 3598; baseline 0.006 -34"><span class='ocrx_word' id='word_1_510' title='bbox 71 3512 419 3581; x_wconf 80' lang='lat' dir='ltr'><strong>proﬁtentes,</strong></span> <span class='ocrx_word' id='word_1_511' title='bbox 456 3524 488 3563; x_wconf 92' lang='lat' dir='ltr'><strong>a</strong></span> <span class='ocrx_word' id='word_1_512' title='bbox 517 3512 796 3565; x_wconf 90' lang='lat' dir='ltr'><strong>communi</strong></span> <span class='ocrx_word' id='word_1_513' title='bbox 824 3510 1046 3598; x_wconf 76' lang='lat' dir='ltr'><strong>vivendi</strong></span> <span class='ocrx_word' id='word_1_514' title='bbox 1072 3511 1472 3567; x_wconf 84' lang='lat' dir='ltr'><strong>consuetudine</strong></span> <span class='ocrx_word' id='word_1_515' title='bbox 1497 3527 1608 3567; x_wconf 91' lang='lat' dir='ltr'><strong>non</strong></span> <span class='ocrx_word' id='word_1_516' title='bbox 1645 3512 1805 3585; x_wconf 81' lang='lat' dir='ltr'><strong>longe</strong></span> <span class='ocrx_word' id='word_1_517' title='bbox 1844 3518 2093 3598; x_wconf 72' lang='lat' dir='ltr'><strong>absunt,</strong></span> <span class='ocrx_word' id='word_1_518' title='bbox 2138 3529 2329 3592; x_wconf 88' lang='lat' dir='ltr'><strong>utpote</strong></span> <span class='ocrx_word' id='word_1_519' title='bbox 2367 3525 2459 3593; x_wconf 91' lang='lat' dir='ltr'><strong>qui</strong></span> <span class='ocrx_word' id='word_1_520' title='bbox 2490 3540 2598 3579; x_wconf 91' lang='lat' dir='ltr'><strong>non</strong></span> <span class='ocrx_word' id='word_1_521' title='bbox 2635 3528 2840 3581; x_wconf 85' lang='lat' dir='ltr'><strong>ventris</strong></span> <span class='ocrx_word' id='word_1_522' title='bbox 2871 3529 3047 3582; x_wconf 83' lang='lat' dir='ltr'><strong>solum</strong></span> <span class='ocrx_word' id='word_1_523' title='bbox 3075 3530 3344 3598; x_wconf 85' lang='lat' dir='ltr'><strong>voluptati</strong></span> 
     </span>
    </p>
   </div>
   <div class='ocr_carea' id='block_1_72' title="bbox 72 3589 3343 3690">
    <p class='ocr_par' dir='ltr' id='par_1_72' title="bbox 72 3589 3343 3690">
     <span class='ocr_line' id='line_1_72' title="bbox 72 3589 3343 3690; baseline 0.006 -31"><span class='ocrx_word' id='word_1_524' title='bbox 72 3606 418 3677; x_wconf 76' lang='lat' dir='ltr'><strong>indulgeant,</strong></span> <span class='ocrx_word' id='word_1_525' title='bbox 455 3603 552 3661; x_wconf 89' lang='lat' dir='ltr'><strong>sed</strong></span> <span class='ocrx_word' id='word_1_526' title='bbox 588 3605 752 3660; x_wconf 89' lang='lat' dir='ltr'><strong>etiam</strong></span> <span class='ocrx_word' id='word_1_527' title='bbox 782 3620 909 3660; x_wconf 90' lang='lat' dir='ltr'><strong>cum</strong></span> <span class='ocrx_word' id='word_1_528' title='bbox 956 3589 1174 3662; x_wconf 79' lang='lat' dir='ltr'><strong>feminis</strong></span> <span class='ocrx_word' id='word_1_529' title='bbox 1211 3613 1398 3675; x_wconf 87' lang='lat' dir='ltr'><strong>aperte</strong></span> <span class='ocrx_word' id='word_1_530' title='bbox 1435 3608 1783 3666; x_wconf 89' lang='lat' dir='ltr'><strong>contubernii</strong></span> <span class='ocrx_word' id='word_1_531' title='bbox 1833 3596 2151 3671; x_wconf 76' lang='lat' dir='ltr'><strong>societatem</strong></span> <span class='ocrx_word' id='word_1_532' title='bbox 2198 3618 2470 3674; x_wconf 89' lang='lat' dir='ltr'><strong>habeant:</strong></span> <span class='ocrx_word' id='word_1_533' title='bbox 2500 3621 2753 3690; x_wconf 86' lang='lat' dir='ltr'><strong>hancque</strong></span> <span class='ocrx_word' id='word_1_534' title='bbox 2770 3637 2894 3677; x_wconf 89' lang='lat' dir='ltr'><strong>cum</strong></span> <span class='ocrx_word' id='word_1_535' title='bbox 2926 3622 2993 3677; x_wconf 88' lang='lat' dir='ltr'><strong>iis</strong></span> <span class='ocrx_word' id='word_1_536' title='bbox 3020 3622 3343 3679; x_wconf 67' lang='lat' dir='ltr'><strong>familiarem</strong></span> 
     </span>
    </p>
   </div>
   <div class='ocr_carea' id='block_1_73' title="bbox 70 3701 3342 3785">
    <p class='ocr_par' dir='ltr' id='par_1_73' title="bbox 70 3701 3342 3785">
     <span class='ocr_line' id='line_1_73' title="bbox 70 3701 3342 3785; baseline 0.008 -34"><span class='ocrx_word' id='word_1_537' title='bbox 70 3702 287 3757; x_wconf 62' lang='lat' dir='ltr'><strong>vivendi</strong></span> <span class='ocrx_word' id='word_1_538' title='bbox 331 3701 789 3757; x_wconf 89' lang='lat' dir='ltr'><strong>consuetudinem</strong></span> <span class='ocrx_word' id='word_1_539' title='bbox 835 3703 1088 3759; x_wconf 58' lang='lat' dir='ltr'><strong>fraternae</strong></span> <span class='ocrx_word' id='word_1_540' title='bbox 1124 3707 1468 3776; x_wconf 84' lang='lat' dir='ltr'><strong>cognationis</strong></span> <span class='ocrx_word' id='word_1_541' title='bbox 1510 3709 1731 3764; x_wconf 90' lang='lat' dir='ltr'><strong>nomine</strong></span> <span class='ocrx_word' id='word_1_542' title='bbox 1779 3712 2086 3780; x_wconf 88' lang='lat' dir='ltr'><strong>appellant,</strong></span> <span class='ocrx_word' id='word_1_543' title='bbox 2139 3729 2337 3785; x_wconf 88' lang='lat' dir='ltr'><strong>nempe</strong></span> <span class='ocrx_word' id='word_1_544' title='bbox 2374 3716 2677 3772; x_wconf 88' lang='lat' dir='ltr'><strong>honestiori</strong></span> <span class='ocrx_word' id='word_1_545' title='bbox 2713 3720 2936 3775; x_wconf 91' lang='lat' dir='ltr'><strong>nomine</strong></span> <span class='ocrx_word' id='word_1_546' title='bbox 2965 3736 3121 3775; x_wconf 90' lang='lat' dir='ltr'><strong>suam</strong></span> <span class='ocrx_word' id='word_1_547' title='bbox 3150 3723 3342 3776; x_wconf 82' lang='lat' dir='ltr'><strong>occqu</strong></span> 
     </span>
    </p>
   </div>
   <div class='ocr_carea' id='block_1_74' title="bbox 70 3792 3343 3895">
    <p class='ocr_par' dir='ltr' id='par_1_74' title="bbox 70 3792 3343 3895">
     <span class='ocr_line' id='line_1_74' title="bbox 70 3792 3343 3895; baseline 0.006 -48"><span class='ocrx_word' id='word_1_548' title='bbox 70 3804 247 3857; x_wconf 63' lang='lat' dir='ltr'><strong>lantes</strong></span> <span class='ocrx_word' id='word_1_549' title='bbox 277 3802 547 3858; x_wconf 87' lang='lat' dir='ltr'><strong>mentem,</strong></span> <span class='ocrx_word' id='word_1_550' title='bbox 572 3808 694 3865; x_wconf 67' lang='lat' dir='ltr'><strong>quae</strong></span> <span class='ocrx_word' id='word_1_551' title='bbox 721 3792 787 3848; x_wconf 87' lang='lat' dir='ltr'><strong>ad</strong></span> <span class='ocrx_word' id='word_1_552' title='bbox 834 3792 1017 3864; x_wconf 86' lang='lat' dir='ltr'><strong>pejora</strong></span> <span class='ocrx_word' id='word_1_553' title='bbox 1047 3797 1306 3865; x_wconf 86' lang='lat' dir='ltr'><strong>proclivis</strong></span> <span class='ocrx_word' id='word_1_554' title='bbox 1347 3808 1451 3857; x_wconf 88' lang='lat' dir='ltr'><strong>est.</strong></span> <span class='ocrx_word' id='word_1_555' title='bbox 1479 3802 1656 3873; x_wconf 89' lang='lat' dir='ltr'><strong>Atque</strong></span> <span class='ocrx_word' id='word_1_556' title='bbox 1694 3800 1764 3856; x_wconf 89' lang='lat' dir='ltr'><strong>ab</strong></span> <span class='ocrx_word' id='word_1_557' title='bbox 1791 3801 1877 3857; x_wconf 91' lang='lat' dir='ltr'><strong>his</strong></span> <span class='ocrx_word' id='word_1_558' title='bbox 1907 3803 2127 3875; x_wconf 86' lang='lat' dir='ltr'><strong>quidem</strong></span> <span class='ocrx_word' id='word_1_559' title='bbox 2175 3820 2341 3877; x_wconf 84' lang='lat' dir='ltr'><strong>grave</strong></span> <span class='ocrx_word' id='word_1_560' title='bbox 2371 3805 2477 3863; x_wconf 85' lang='lat' dir='ltr'><strong>hoc</strong></span> <span class='ocrx_word' id='word_1_561' title='bbox 2512 3808 2806 3885; x_wconf 86' lang='lat' dir='ltr'><strong>admodum</strong></span> <span class='ocrx_word' id='word_1_562' title='bbox 2834 3826 3145 3895; x_wconf 86' lang='lat' dir='ltr'><strong>purumque</strong></span> <span class='ocrx_word' id='word_1_563' title='bbox 3176 3811 3343 3885; x_wconf 80' lang='lat' dir='ltr'><strong>virgi-</strong></span> 
     </span>
    </p>
   </div>
   <div class='ocr_carea' id='block_1_75' title="bbox 66 3889 1376 3965">
    <p class='ocr_par' dir='ltr' id='par_1_75' title="bbox 66 3889 1376 3965">
     <span class='ocr_line' id='line_1_75' title="bbox 66 3889 1376 3965; baseline -0.001 -17"><span class='ocrx_word' id='word_1_564' title='bbox 66 3894 253 3948; x_wconf 85' lang='lat' dir='ltr'><strong>nitatis</strong></span> <span class='ocrx_word' id='word_1_565' title='bbox 283 3889 534 3945; x_wconf 92' lang='lat' dir='ltr'><strong>studium</strong></span> <span class='ocrx_word' id='word_1_566' title='bbox 566 3890 910 3960; x_wconf 88' lang='lat' dir='ltr'><strong>vituperatur</strong></span> <span class='ocrx_word' id='word_1_567' title='bbox 946 3893 1091 3963; x_wconf 90' lang='lat' dir='ltr'><strong>apud</strong></span> <span class='ocrx_word' id='word_1_568' title='bbox 1127 3892 1376 3965; x_wconf 81' lang='lat' dir='ltr'><strong>gentiles.</strong></span> 
     </span>
    </p>
   </div>
   <div class='ocr_carea' id='block_1_76' title="bbox 640 4003 1070 4089">
    <p class='ocr_par' dir='ltr' id='par_1_76' title="bbox 640 4003 1070 4089">
     <span class='ocr_line' id='line_1_76' title="bbox 640 4003 1070 4089; baseline 0.007 -33"><span class='ocrx_word' id='word_1_569' title='bbox 640 4003 902 4089; x_wconf 61' lang='grc' dir='ltr'><strong>ΚΕΦΑΛ.</strong></span> <span class='ocrx_word' id='word_1_570' title='bbox 942 4006 1070 4060; x_wconf 76' lang='lat' dir='ltr'><strong>KA&#39;.</strong></span> 
     </span>
    </p>
   </div>
   <div class='ocr_carea' id='block_1_77' title="bbox 66 4112 1656 4208">
    <p class='ocr_par' dir='ltr' id='par_1_77' title="bbox 66 4112 1656 4208">
     <span class='ocr_line' id='line_1_77' title="bbox 66 4112 1656 4208; baseline -0.001 -32"><span class='ocrx_word' id='word_1_571' title='bbox 66 4122 193 4208; x_wconf 57' lang='grc' dir='ltr'>Ὀξι</span> <span class='ocrx_word' id='word_1_572' title='bbox 412 4117 521 4172; x_wconf 73' lang='grc' dir='ltr'>τὸν</span> <span class='ocrx_word' id='word_1_573' title='bbox 567 4118 683 4186; x_wconf 77' lang='grc' dir='ltr'>τὴν</span> <span class='ocrx_word' id='word_1_574' title='bbox 725 4118 1045 4205; x_wconf 58' lang='grc' dir='ltr'><strong>⁸ἀκρίϐειαν·</strong></span> <span class='ocrx_word' id='word_1_575' title='bbox 1095 4120 1204 4208; x_wconf 62' lang='grc' dir='ltr'>τοᾷ</span> <span class='ocrx_word' id='word_1_576' title='bbox 1246 4122 1396 4208; x_wconf 1' lang='grc' dir='ltr'>,βίου</span> <span class='ocrx_word' id='word_1_577' title='bbox 1442 4112 1656 4208; x_wconf 58' lang='grc' dir='ltr'>μαθξεν</span> 
     </span>
    </p>
   </div>
   <div class='ocr_carea' id='block_1_78' title="bbox 124 4190 1654 4317">
    <p class='ocr_par' dir='ltr' id='par_1_78' title="bbox 124 4190 1654 4317">
     <span class='ocr_line' id='line_1_78' title="bbox 124 4190 1654 4260; baseline 0.001 -15"><span class='ocrx_word' id='word_1_578' title='bbox 124 4193 539 4257; x_wconf 76' lang='grc' dir='ltr'>βουλόμενον,</span> <span class='ocrx_word' id='word_1_579' title='bbox 589 4190 748 4258; x_wconf 82' lang='grc' dir='ltr'>παρὰ</span> <span class='ocrx_word' id='word_1_580' title='bbox 784 4190 892 4245; x_wconf 85' lang='grc' dir='ltr'>τοῦ</span> <span class='ocrx_word' id='word_1_581' title='bbox 944 4190 1451 4260; x_wconf 64' lang='grc' dir='ltr'>κατορθώσαντος</span> <span class='ocrx_word' id='word_1_582' title='bbox 1486 4191 1654 4247; x_wconf 78' lang='grc' dir='ltr'>διδά-</span> 
     </span>
     <span class='ocr_line' id='line_1_79' title="bbox 128 4265 421 4317; baseline -0.01 0"><span class='ocrx_word' id='word_1_583' title='bbox 128 4265 421 4317; x_wconf 77' lang='grc' dir='ltr'>σκεσθαι.</span> 
     </span>
    </p>
   </div>
   <div class='ocr_carea' id='block_1_79' title="bbox 2326 4004 2771 4063">
    <p class='ocr_par' dir='ltr' id='par_1_79' title="bbox 2326 4004 2771 4063">
     <span class='ocr_line' id='line_1_80' title="bbox 2326 4004 2771 4063; baseline 0.002 -1"><span class='ocrx_word' id='word_1_584' title='bbox 2326 4004 2558 4063; x_wconf 79' lang='lat' dir='ltr'><strong>CAPUT</strong></span> <span class='ocrx_word' id='word_1_585' title='bbox 2581 4004 2771 4063; x_wconf 80' lang='lat' dir='ltr'><strong>XXIV.</strong></span> 
     </span>
    </p>
   </div>
   <div class='ocr_carea' id='block_1_80' title="bbox 1764 4116 3339 4195">
    <p class='ocr_par' dir='ltr' id='par_1_80' title="bbox 1764 4116 3339 4195">
     <span class='ocr_line' id='line_1_81' title="bbox 1764 4116 3339 4195; baseline 0.008 -26"><span class='ocrx_word' id='word_1_586' title='bbox 1764 4116 1870 4183; x_wconf 78' lang='lat' dir='ltr'><strong>Qui</strong></span> <span class='ocrx_word' id='word_1_587' title='bbox 1899 4126 2208 4195; x_wconf 67' lang='lat' dir='ltr'><strong>accuratqm</strong></span> <span class='ocrx_word' id='word_1_588' title='bbox 2252 4116 2390 4195; x_wconf 68' lang='lat' dir='ltr'><strong>hanc</strong></span> <span class='ocrx_word' id='word_1_589' title='bbox 2428 4119 2838 4195; x_wconf 56' lang='lat' dir='ltr'><strong>vitiefationem</strong></span> <span class='ocrx_word' id='word_1_590' title='bbox 2876 4126 3085 4191; x_wconf 78' lang='lat' dir='ltr'><strong>assequi</strong></span> <span class='ocrx_word' id='word_1_591' title='bbox 3130 4125 3269 4195; x_wconf 82' lang='lat' dir='ltr'><strong>vult,</strong></span> <span class='ocrx_word' id='word_1_592' title='bbox 3302 4144 3339 4183; x_wconf 88' lang='lat' dir='ltr'><strong>a</strong></span> 
     </span>
    </p>
   </div>
   <div class='ocr_carea' id='block_1_81' title="bbox 2024 4187 3079 4256">
    <p class='ocr_par' dir='ltr' id='par_1_81' title="bbox 2024 4187 3079 4256">
     <span class='ocr_line' id='line_1_82' title="bbox 2024 4187 3079 4256; baseline 0.004 -14"><span class='ocrx_word' id='word_1_593' title='bbox 2024 4187 2260 4256; x_wconf 75' lang='lat' dir='ltr'><strong>perfecto</strong></span> <span class='ocrx_word' id='word_1_594' title='bbox 2294 4188 2406 4242; x_wconf 79' lang='lat' dir='ltr'><strong>viro</strong></span> <span class='ocrx_word' id='word_1_595' title='bbox 2434 4188 2711 4243; x_wconf 85' lang='lat' dir='ltr'><strong>erudiatur</strong></span> <span class='ocrx_word' id='word_1_596' title='bbox 2749 4208 2956 4245; x_wconf 82' lang='lat' dir='ltr'><strong>necesse</strong></span> <span class='ocrx_word' id='word_1_597' title='bbox 2979 4187 3079 4247; x_wconf 63' lang='lat' dir='ltr'><strong>est.</strong></span> 
     </span>
    </p>
   </div>
   <div class='ocr_carea' id='block_1_82' title="bbox 127 4336 1666 4424">
    <p class='ocr_par' dir='ltr' id='par_1_82' title="bbox 127 4351 1651 4424">
     <span class='ocr_line' id='line_1_83' title="bbox 127 4351 1651 4424; baseline -0.001 -15"><span class='ocrx_word' id='word_1_598' title='bbox 127 4354 347 4409; x_wconf 78' lang='grc' dir='ltr'>Οὐκοῦν</span> <span class='ocrx_word' id='word_1_599' title='bbox 393 4352 670 4417; x_wconf 81' lang='grc' dir='ltr'>λυσιτελὲς</span> <span class='ocrx_word' id='word_1_600' title='bbox 716 4352 782 4406; x_wconf 88' lang='grc' dir='ltr'>ἂν</span> <span class='ocrx_word' id='word_1_601' title='bbox 821 4352 905 4424; x_wconf 74' lang='grc' dir='ltr'>εἴη</span> <span class='ocrx_word' id='word_1_602' title='bbox 959 4351 1032 4424; x_wconf 81' lang='grc' dir='ltr'>μὴ</span> <span class='ocrx_word' id='word_1_603' title='bbox 1088 4352 1395 4423; x_wconf 80' lang='grc' dir='ltr'>νομοθετεῖν</span> <span class='ocrx_word' id='word_1_604' title='bbox 1441 4355 1651 4419; x_wconf 79' lang='grc' dir='ltr'>ἑαυτοῖς</span> 
     </span>
    </p>
   </div>
   <div class='ocr_carea' id='block_1_83' title="bbox 1771 4336 3335 4424">
    <p class='ocr_par' dir='ltr' id='par_1_83' title="bbox 1834 4344 3335 4419">
     <span class='ocr_line' id='line_1_84' title="bbox 1834 4344 3335 4419; baseline 0.007 -20"><span class='ocrx_word' id='word_1_605' title='bbox 1834 4344 1979 4400; x_wconf 87' lang='lat' dir='ltr'><strong>Utile</strong></span> <span class='ocrx_word' id='word_1_606' title='bbox 2026 4344 2329 4416; x_wconf 83' lang='lat' dir='ltr'><strong>igiturcst</strong></span> <span class='ocrx_word' id='word_1_607' title='bbox 2381 4346 2759 4405; x_wconf 77' lang='lat' dir='ltr'><strong>adulescentes</strong></span> <span class='ocrx_word' id='word_1_608' title='bbox 2823 4349 2987 4419; x_wconf 87' lang='lat' dir='ltr'><strong>hujus</strong></span> <span class='ocrx_word' id='word_1_609' title='bbox 3041 4352 3149 4408; x_wconf 87' lang='lat' dir='ltr'><strong>sibi</strong></span> <span class='ocrx_word' id='word_1_610' title='bbox 3209 4354 3335 4410; x_wconf 68' lang='lat' dir='ltr'><strong>vita:</strong></span> 
     </span>
    </p>
   </div>
   <div class='ocr_carea' id='block_1_84' title="bbox 66 4444 1649 4518">
    <p class='ocr_par' dir='ltr' id='par_1_84' title="bbox 66 4444 1649 4518">
     <span class='ocr_line' id='line_1_85' title="bbox 66 4444 1649 4518; baseline 0.001 -20"><span class='ocrx_word' id='word_1_611' title='bbox 66 4448 182 4511; x_wconf 73' lang='grc' dir='ltr'>τοὺς</span> <span class='ocrx_word' id='word_1_612' title='bbox 214 4446 379 4509; x_wconf 83' lang='grc' dir='ltr'>νέους</span> <span class='ocrx_word' id='word_1_613' title='bbox 425 4444 524 4516; x_wconf 82' lang='grc' dir='ltr'>τὴν</span> <span class='ocrx_word' id='word_1_614' title='bbox 552 4444 645 4497; x_wconf 79' lang='grc' dir='ltr'>τοῦ</span> <span class='ocrx_word' id='word_1_615' title='bbox 679 4445 794 4514; x_wconf 83' lang='grc' dir='ltr'>βίου</span> <span class='ocrx_word' id='word_1_616' title='bbox 828 4445 1018 4498; x_wconf 88' lang='grc' dir='ltr'>τούτου</span> <span class='ocrx_word' id='word_1_617' title='bbox 1066 4444 1203 4499; x_wconf 81' lang='grc' dir='ltr'>ὁδόν·</span> <span class='ocrx_word' id='word_1_618' title='bbox 1244 4445 1306 4499; x_wconf 84' lang='grc' dir='ltr'><strong>οὐ</strong></span> <span class='ocrx_word' id='word_1_619' title='bbox 1336 4445 1444 4518; x_wconf 77' lang='grc' dir='ltr'>γὰρ</span> <span class='ocrx_word' id='word_1_620' title='bbox 1474 4446 1649 4499; x_wconf 73' lang='grc' dir='ltr'>ἐπιλέ-</span> 
     </span>
    </p>
   </div>
   <div class='ocr_carea' id='block_1_85' title="bbox 67 4537 1646 4610">
    <p class='ocr_par' dir='ltr' id='par_1_85' title="bbox 67 4537 1646 4610">
     <span class='ocr_line' id='line_1_86' title="bbox 67 4537 1646 4610; baseline 0 -18"><span class='ocrx_word' id='word_1_621' title='bbox 67 4541 211 4593; x_wconf 74' lang='grc' dir='ltr'>λοιπε</span> <span class='ocrx_word' id='word_1_622' title='bbox 232 4540 338 4610; x_wconf 78' lang='grc' dir='ltr'>τὴν</span> <span class='ocrx_word' id='word_1_623' title='bbox 371 4538 517 4609; x_wconf 82' lang='grc' dir='ltr'>ζωὴν</span> <span class='ocrx_word' id='word_1_624' title='bbox 546 4537 704 4609; x_wconf 78' lang='grc' dir='ltr'>ἡμῶν</span> <span class='ocrx_word' id='word_1_625' title='bbox 729 4538 797 4592; x_wconf 82' lang='grc' dir='ltr'>τὰ</span> <span class='ocrx_word' id='word_1_626' title='bbox 834 4538 942 4593; x_wconf 86' lang='grc' dir='ltr'><strong>τῶν</strong></span> <span class='ocrx_word' id='word_1_627' title='bbox 970 4538 1188 4608; x_wconf 85' lang='grc' dir='ltr'>ἀγαθῶν</span> <span class='ocrx_word' id='word_1_628' title='bbox 1233 4538 1602 4609; x_wconf 83' lang='grc' dir='ltr'>ὑποδείγματα</span> <span class='ocrx_word' id='word_1_629' title='bbox 1631 4555 1646 4570; x_wconf 89' lang='grc'><strong>·</strong></span> 
     </span>
    </p>
   </div>
   <div class='ocr_carea' id='block_1_86' title="bbox 67 4629 1645 4702">
    <p class='ocr_par' dir='ltr' id='par_1_86' title="bbox 67 4629 1645 4702">
     <span class='ocr_line' id='line_1_87' title="bbox 67 4629 1645 4702; baseline 0.001 -19"><span class='ocrx_word' id='word_1_630' title='bbox 67 4632 194 4686; x_wconf 71' lang='grc' dir='ltr'>ἀλλὰ</span> <span class='ocrx_word' id='word_1_631' title='bbox 228 4632 328 4685; x_wconf 74' lang='grc' dir='ltr'>καὶ</span> <span class='ocrx_word' id='word_1_632' title='bbox 361 4631 570 4702; x_wconf 87' lang='grc' dir='ltr'>σφόδρα</span> <span class='ocrx_word' id='word_1_633' title='bbox 600 4629 717 4692; x_wconf 84' lang='grc' dir='ltr'>νῦν,</span> <span class='ocrx_word' id='word_1_634' title='bbox 753 4632 910 4700; x_wconf 71' lang='grc' dir='ltr'>εἰπερ</span> <span class='ocrx_word' id='word_1_635' title='bbox 940 4631 1072 4683; x_wconf 84' lang='grc' dir='ltr'>ποτὲ</span> <span class='ocrx_word' id='word_1_636' title='bbox 1099 4670 1114 4697; x_wconf 92' lang='grc'><strong>,</strong></span> <span class='ocrx_word' id='word_1_637' title='bbox 1175 4632 1208 4702; x_wconf 80' lang='grc' dir='ltr'>ἡ</span> <span class='ocrx_word' id='word_1_638' title='bbox 1249 4631 1512 4702; x_wconf 83' lang='grc' dir='ltr'>σεμνότης</span> <span class='ocrx_word' id='word_1_639' title='bbox 1549 4632 1645 4701; x_wconf 77' lang='grc' dir='ltr'><strong>ἦν·</strong></span> 
     </span>
    </p>
   </div>
   <div class='ocr_carea' id='block_1_87' title="bbox 67 4716 1649 4793">
    <p class='ocr_par' dir='ltr' id='par_1_87' title="bbox 67 4716 1649 4793">
     <span class='ocr_line' id='line_1_88' title="bbox 67 4716 1649 4793; baseline 0.002 -21"><span class='ocrx_word' id='word_1_640' title='bbox 67 4720 218 4790; x_wconf 82' lang='grc' dir='ltr'>θησε,</span> <span class='ocrx_word' id='word_1_641' title='bbox 262 4723 361 4774; x_wconf 60' lang='grc' dir='ltr'><strong>καλ⁸</strong></span> <span class='ocrx_word' id='word_1_642' title='bbox 384 4720 735 4791; x_wconf 76' lang='grc' dir='ltr'>ἐπιχωριάζει</span> <span class='ocrx_word' id='word_1_643' title='bbox 767 4719 844 4790; x_wconf 82' lang='grc' dir='ltr'>τῷ</span> <span class='ocrx_word' id='word_1_644' title='bbox 878 4720 977 4791; x_wconf 85' lang='grc' dir='ltr'><strong>βίῳ</strong></span> <span class='ocrx_word' id='word_1_645' title='bbox 1006 4720 1181 4792; x_wconf 83' lang='grc' dir='ltr'>ἡμῶν,</span> <span class='ocrx_word' id='word_1_646' title='bbox 1222 4720 1357 4793; x_wconf 82' lang='grc' dir='ltr'>πρὸς</span> <span class='ocrx_word' id='word_1_647' title='bbox 1390 4721 1450 4774; x_wconf 82' lang='grc' dir='ltr'><strong>τὸ</strong></span> <span class='ocrx_word' id='word_1_648' title='bbox 1483 4716 1649 4793; x_wconf 81' lang='grc' dir='ltr'>ἀκρό-</span> 
     </span>
    </p>
   </div>
   <div class='ocr_carea' id='block_1_88' title="bbox 67 4805 1645 4882">
    <p class='ocr_par' dir='ltr' id='par_1_88' title="bbox 67 4805 1645 4882">
     <span class='ocr_line' id='line_1_89' title="bbox 67 4805 1645 4882; baseline 0.001 -21"><span class='ocrx_word' id='word_1_649' title='bbox 67 4827 219 4863; x_wconf 84' lang='grc' dir='ltr'>τατον</span> <span class='ocrx_word' id='word_1_650' title='bbox 244 4812 371 4873; x_wconf 83' lang='grc' dir='ltr'>ταῖς</span> <span class='ocrx_word' id='word_1_651' title='bbox 404 4810 524 4863; x_wconf 83' lang='grc' dir='ltr'>κατ’</span> <span class='ocrx_word' id='word_1_652' title='bbox 548 4809 726 4878; x_wconf 86' lang='grc' dir='ltr'>ὀλίγον</span> <span class='ocrx_word' id='word_1_653' title='bbox 772 4810 1115 4880; x_wconf 86' lang='grc' dir='ltr'>προσθήκαις</span> <span class='ocrx_word' id='word_1_654' title='bbox 1145 4810 1512 4881; x_wconf 77' lang='grc' dir='ltr'>ἀκριϐωθεῖσα</span> <span class='ocrx_word' id='word_1_655' title='bbox 1531 4828 1543 4841; x_wconf 91' lang='grc'><strong>·</strong></span> <span class='ocrx_word' id='word_1_656' title='bbox 1577 4805 1645 4882; x_wconf 83' lang='grc' dir='ltr'>ἦς</span> 
     </span>
    </p>
   </div>
   <div class='ocr_carea' id='block_1_89' title="bbox 66 4900 1643 4973">
    <p class='ocr_par' dir='ltr' id='par_1_89' title="bbox 66 4900 1643 4973">
     <span class='ocr_line' id='line_1_90' title="bbox 66 4900 1643 4973; baseline 0.001 -20"><span class='ocrx_word' id='word_1_657' title='bbox 66 4902 236 4965; x_wconf 78' lang='grc' dir='ltr'>ἔξεστι</span> <span class='ocrx_word' id='word_1_658' title='bbox 279 4901 575 4971; x_wconf 85' lang='grc' dir='ltr'>μετασχεῖν</span> <span class='ocrx_word' id='word_1_659' title='bbox 610 4900 702 4953; x_wconf 87' lang='grc' dir='ltr'><strong>τὸν</strong></span> <span class='ocrx_word' id='word_1_660' title='bbox 756 4904 865 4965; x_wconf 86' lang='grc' dir='ltr'>τοῖς</span> <span class='ocrx_word' id='word_1_661' title='bbox 896 4901 1157 4965; x_wconf 88' lang='grc' dir='ltr'>τοιούτοις</span> <span class='ocrx_word' id='word_1_662' title='bbox 1187 4903 1357 4972; x_wconf 75' lang='grc' dir='ltr'>ἴχνεσι</span> <span class='ocrx_word' id='word_1_663' title='bbox 1406 4919 1643 4973; x_wconf 85' lang='grc' dir='ltr'>περιπα-</span> 
     </span>
    </p>
   </div>
   <div class='ocr_carea' id='block_1_90' title="bbox 63 4991 1643 5065">
    <p class='ocr_par' dir='ltr' id='par_1_90' title="bbox 63 4991 1643 5065">
     <span class='ocr_line' id='line_1_91' title="bbox 63 4991 1643 5065; baseline 0.002 -20"><span class='ocrx_word' id='word_1_664' title='bbox 63 4994 293 5056; x_wconf 74' lang='grc' dir='ltr'>τοῦντα,</span> <span class='ocrx_word' id='word_1_665' title='bbox 345 4992 572 5062; x_wconf 76' lang='grc' dir='ltr'>καὶτῆς</span> <span class='ocrx_word' id='word_1_666' title='bbox 608 4991 783 5064; x_wconf 83' lang='grc' dir='ltr'>ὀσμῆς</span> <span class='ocrx_word' id='word_1_667' title='bbox 814 4992 907 5046; x_wconf 83' lang='grc' dir='ltr'>τοῦ</span> <span class='ocrx_word' id='word_1_668' title='bbox 960 4992 1133 5065; x_wconf 89' lang='grc' dir='ltr'>μύρου</span> <span class='ocrx_word' id='word_1_669' title='bbox 1181 4992 1370 5048; x_wconf 86' lang='grc' dir='ltr'>τούτου</span> <span class='ocrx_word' id='word_1_670' title='bbox 1411 4994 1643 5048; x_wconf 84' lang='grc' dir='ltr'>κατόπιν</span> 
     </span>
    </p>
   </div>
   <div class='ocr_carea' id='block_1_91' title="bbox 64 5082 1641 5157">
    <p class='ocr_par' dir='ltr' id='par_1_91' title="bbox 64 5082 1641 5157">
     <span class='ocr_line' id='line_1_92' title="bbox 64 5082 1641 5157; baseline 0.003 -23"><span class='ocrx_word' id='word_1_671' title='bbox 64 5083 347 5154; x_wconf 80' lang='grc' dir='ltr'>ἑπόμενον,</span> <span class='ocrx_word' id='word_1_672' title='bbox 380 5084 481 5153; x_wconf 85' lang='grc' dir='ltr'>τῆς</span> <span class='ocrx_word' id='word_1_673' title='bbox 515 5082 741 5146; x_wconf 78' lang='grc' dir='ltr'>εὐωδίας</span> <span class='ocrx_word' id='word_1_674' title='bbox 782 5084 876 5138; x_wconf 81' lang='grc' dir='ltr'>τοῦ</span> <span class='ocrx_word' id='word_1_675' title='bbox 903 5084 1137 5157; x_wconf 75' lang='grc' dir='ltr'>Χριστοῦ</span> <span class='ocrx_word' id='word_1_676' title='bbox 1171 5084 1641 5157; x_wconf 88' lang='grc' dir='ltr'>ἀναπίμπλασθαι.</span> 
     </span>
    </p>
   </div>
   <div class='ocr_carea' id='block_1_92' title="bbox 65 5172 1643 5248">
    <p class='ocr_par' dir='ltr' id='par_1_92' title="bbox 65 5172 1643 5248">
     <span class='ocr_line' id='line_1_93' title="bbox 65 5172 1643 5248; baseline 0.002 -22"><span class='ocrx_word' id='word_1_677' title='bbox 65 5173 332 5245; x_wconf 70' lang='grc' dir='ltr'>Καθάπερ</span> <span class='ocrx_word' id='word_1_678' title='bbox 362 5172 472 5244; x_wconf 76' lang='grc' dir='ltr'>γὰρ</span> <span class='ocrx_word' id='word_1_679' title='bbox 494 5176 622 5244; x_wconf 78' lang='grc' dir='ltr'>μιᾶς</span> <span class='ocrx_word' id='word_1_680' title='bbox 642 5174 968 5248; x_wconf 80' lang='grc' dir='ltr'>ὲξαφθείσης</span> <span class='ocrx_word' id='word_1_681' title='bbox 999 5177 1300 5248; x_wconf 87' lang='grc' dir='ltr'>λαμπάδος,</span> <span class='ocrx_word' id='word_1_682' title='bbox 1332 5178 1411 5241; x_wconf 87' lang='grc' dir='ltr'><strong>είς</strong></span> <span class='ocrx_word' id='word_1_683' title='bbox 1434 5177 1643 5241; x_wconf 83' lang='grc' dir='ltr'>πάντας</span> 
     </span>
    </p>
   </div>
   <div class='ocr_carea' id='block_1_93' title="bbox 60 5265 1643 5339">
    <p class='ocr_par' dir='ltr' id='par_1_93' title="bbox 60 5265 1643 5339">
     <span class='ocr_line' id='line_1_94' title="bbox 60 5265 1643 5339; baseline 0.003 -23"><span class='ocrx_word' id='word_1_684' title='bbox 60 5266 180 5329; x_wconf 67' lang='grc' dir='ltr'>τοὺς</span> <span class='ocrx_word' id='word_1_685' title='bbox 212 5265 687 5336; x_wconf 75' lang='grc' dir='ltr'>προσεγγίζοντας</span> <span class='ocrx_word' id='word_1_686' title='bbox 726 5268 951 5339; x_wconf 85' lang='grc' dir='ltr'>λύχνους</span> <span class='ocrx_word' id='word_1_687' title='bbox 977 5271 1010 5339; x_wconf 83' lang='grc' dir='ltr'>ἡ</span> <span class='ocrx_word' id='word_1_688' title='bbox 1051 5268 1153 5339; x_wconf 83' lang='grc' dir='ltr'>τῆς</span> <span class='ocrx_word' id='word_1_689' title='bbox 1182 5269 1379 5339; x_wconf 85' lang='grc' dir='ltr'>φλογὸς</span> <span class='ocrx_word' id='word_1_690' title='bbox 1409 5269 1643 5334; x_wconf 82' lang='grc' dir='ltr'>διάδοσις</span> 
     </span>
    </p>
   </div>
   <div class='ocr_carea' id='block_1_94' title="bbox 64 5356 1644 5435">
    <p class='ocr_par' dir='ltr' id='par_1_94' title="bbox 64 5356 1644 5435">
     <span class='ocr_line' id='line_1_95' title="bbox 64 5356 1644 5435; baseline 0.004 -26"><span class='ocrx_word' id='word_1_691' title='bbox 64 5359 295 5424; x_wconf 85' lang='grc' dir='ltr'>γίνεται,</span> <span class='ocrx_word' id='word_1_692' title='bbox 328 5356 456 5411; x_wconf 75' lang='grc' dir='ltr'>οὔτε</span> <span class='ocrx_word' id='word_1_693' title='bbox 495 5356 592 5413; x_wconf 77' lang='grc' dir='ltr'>τοῦ</span> <span class='ocrx_word' id='word_1_694' title='bbox 623 5359 841 5431; x_wconf 85' lang='grc' dir='ltr'>πρώτου</span> <span class='ocrx_word' id='word_1_695' title='bbox 882 5362 1058 5432; x_wconf 84' lang='grc' dir='ltr'>φωτὸς</span> <span class='ocrx_word' id='word_1_696' title='bbox 1095 5362 1517 5435; x_wconf 75' lang='grc' dir='ltr'>ἐλαττουμένου,</span> <span class='ocrx_word' id='word_1_697' title='bbox 1548 5363 1644 5416; x_wconf 71' lang='grc' dir='ltr'><strong>καὶ</strong></span> 
     </span>
    </p>
   </div>
   <div class='ocr_carea' id='block_1_95' title="bbox 61 5436 1642 5526">
    <p class='ocr_par' dir='ltr' id='par_1_95' title="bbox 61 5436 1642 5526">
     <span class='ocr_line' id='line_1_96' title="bbox 61 5436 1642 5526; baseline 0.006 -24"><span class='ocrx_word' id='word_1_698' title='bbox 61 5454 166 5514; x_wconf 81' lang='grc' dir='ltr'>τοῖς</span> <span class='ocrx_word' id='word_1_699' title='bbox 216 5450 310 5504; x_wconf 82' lang='grc' dir='ltr'>διὰ</span> <span class='ocrx_word' id='word_1_700' title='bbox 367 5452 723 5523; x_wconf 70' lang='grc' dir='ltr'>μεταλήψεως</span> <span class='ocrx_word' id='word_1_701' title='bbox 772 5436 1161 5526; x_wconf 75' lang='grc' dir='ltr'>φωτιζομένοις</span> <span class='ocrx_word' id='word_1_702' title='bbox 1213 5456 1354 5511; x_wconf 81' lang='grc' dir='ltr'>κατὰ</span> <span class='ocrx_word' id='word_1_703' title='bbox 1408 5457 1471 5510; x_wconf 85' lang='grc' dir='ltr'><strong>τὸ</strong></span> <span class='ocrx_word' id='word_1_704' title='bbox 1529 5456 1642 5511; x_wconf 74' lang='grc' dir='ltr'>ἴσον</span> 
     </span>
    </p>
   </div>
   <div class='ocr_carea' id='block_1_96' title="bbox 63 5543 1641 5622">
    <p class='ocr_par' dir='ltr' id='par_1_96' title="bbox 63 5543 1641 5622">
     <span class='ocr_line' id='line_1_97' title="bbox 63 5543 1641 5622; baseline 0.008 -29"><span class='ocrx_word' id='word_1_705' title='bbox 63 5544 491 5616; x_wconf 77' lang='grc' dir='ltr'>προσ-γινομένου</span> <span class='ocrx_word' id='word_1_706' title='bbox 518 5557 532 5572; x_wconf 81' lang='grc'><strong><em>⁸</em></strong></span> <span class='ocrx_word' id='word_1_707' title='bbox 569 5543 712 5600; x_wconf 77' lang='grc' dir='ltr'>οὕτω</span> <span class='ocrx_word' id='word_1_708' title='bbox 736 5548 829 5602; x_wconf 74' lang='grc' dir='ltr'><strong>καὶ</strong></span> <span class='ocrx_word' id='word_1_709' title='bbox 879 5549 912 5620; x_wconf 80' lang='grc' dir='ltr'>ἡ</span> <span class='ocrx_word' id='word_1_710' title='bbox 949 5548 1043 5603; x_wconf 81' lang='grc' dir='ltr'>τοῦ</span> <span class='ocrx_word' id='word_1_711' title='bbox 1074 5548 1191 5619; x_wconf 83' lang='grc' dir='ltr'>βίου</span> <span class='ocrx_word' id='word_1_712' title='bbox 1227 5550 1419 5605; x_wconf 88' lang='grc' dir='ltr'>τούτου</span> <span class='ocrx_word' id='word_1_713' title='bbox 1451 5550 1641 5622; x_wconf 88' lang='grc' dir='ltr'>σεμνό-</span> 
     </span>
    </p>
   </div>
   <div class='ocr_carea' id='block_1_97' title="bbox 130 5686 602 5778">
    <p class='ocr_par' dir='ltr' id='par_1_97' title="bbox 130 5686 602 5778">
     <span class='ocr_line' id='line_1_98' title="bbox 130 5686 602 5778; baseline 0.019 -9"><span class='ocrx_word' id='word_1_714' title='bbox 130 5718 172 5750; x_wconf 76' lang='grc'><strong>¹⁷</strong></span> <span class='ocrx_word' id='word_1_715' title='bbox 199 5718 379 5774; x_wconf 82' lang='lat' dir='ltr'><strong>Eccle.</strong></span> <span class='ocrx_word' id='word_1_716' title='bbox 412 5686 477 5776; x_wconf 22' lang='lat' dir='ltr'><strong>tv.</strong></span> <span class='ocrx_word' id='word_1_717' title='bbox 520 5722 602 5778; x_wconf 74' lang='grc'><strong>10.</strong></span> 
     </span>
    </p>
   </div>
   <div class='ocr_carea' id='block_1_98' title="bbox 1758 4437 3331 4509">
    <p class='ocr_par' dir='ltr' id='par_1_98' title="bbox 1758 4437 3331 4509">
     <span class='ocr_line' id='line_1_99' title="bbox 1758 4437 3331 4509; baseline 0.007 -18"><span class='ocrx_word' id='word_1_718' title='bbox 1758 4437 1980 4491; x_wconf 91' lang='lat' dir='ltr'><strong>modum</strong></span> <span class='ocrx_word' id='word_1_719' title='bbox 2010 4452 2119 4491; x_wconf 89' lang='lat' dir='ltr'><strong>non</strong></span> <span class='ocrx_word' id='word_1_720' title='bbox 2151 4438 2529 4506; x_wconf 66' lang='lat' dir='ltr'><strong>pra-scribere,</strong></span> <span class='ocrx_word' id='word_1_721' title='bbox 2555 4442 2812 4509; x_wconf 89' lang='lat' dir='ltr'><strong>quoniam</strong></span> <span class='ocrx_word' id='word_1_722' title='bbox 2841 4450 3031 4496; x_wconf 88' lang='lat' dir='ltr'><strong>nostra</strong></span> <span class='ocrx_word' id='word_1_723' title='bbox 3063 4444 3178 4499; x_wconf 68' lang='lat' dir='ltr'><strong>haec</strong></span> <span class='ocrx_word' id='word_1_724' title='bbox 3196 4455 3331 4503; x_wconf 68' lang='lat' dir='ltr'><strong>aetas</strong></span> 
     </span>
    </p>
   </div>
   <div class='ocr_carea' id='block_1_99' title="bbox 1759 4529 3331 4609">
    <p class='ocr_par' dir='ltr' id='par_1_99' title="bbox 1759 4529 3331 4609">
     <span class='ocr_line' id='line_1_100' title="bbox 1759 4529 3331 4609; baseline 0.007 -25"><span class='ocrx_word' id='word_1_725' title='bbox 1759 4529 2029 4584; x_wconf 80' lang='lat' dir='ltr'><strong>bonorum</strong></span> <span class='ocrx_word' id='word_1_726' title='bbox 2065 4531 2329 4601; x_wconf 80' lang='lat' dir='ltr'><strong>exemplis</strong></span> <span class='ocrx_word' id='word_1_727' title='bbox 2353 4531 2594 4586; x_wconf 89' lang='lat' dir='ltr'><strong>abundat</strong></span> <span class='ocrx_word' id='word_1_728' title='bbox 2622 4552 2634 4587; x_wconf 88' lang='lat'><strong>:</strong></span> <span class='ocrx_word' id='word_1_729' title='bbox 2661 4535 2792 4604; x_wconf 90' lang='lat' dir='ltr'><strong>quin</strong></span> <span class='ocrx_word' id='word_1_730' title='bbox 2817 4536 2978 4590; x_wconf 89' lang='lat' dir='ltr'><strong>etiam</strong></span> <span class='ocrx_word' id='word_1_731' title='bbox 3006 4537 3054 4591; x_wconf 91' lang='lat' dir='ltr'><strong>si</strong></span> <span class='ocrx_word' id='word_1_732' title='bbox 3091 4553 3331 4609; x_wconf 87' lang='lat' dir='ltr'><strong>unquam</strong></span> 
     </span>
    </p>
   </div>
   <div class='ocr_carea' id='block_1_100' title="bbox 1755 4620 3331 4701">
    <p class='ocr_par' dir='ltr' id='par_1_100' title="bbox 1755 4620 3331 4701">
     <span class='ocr_line' id='line_1_101' title="bbox 1755 4620 3331 4701; baseline 0.006 -23"><span class='ocrx_word' id='word_1_733' title='bbox 1755 4626 1910 4690; x_wconf 88' lang='lat' dir='ltr'><strong>alias,</strong></span> <span class='ocrx_word' id='word_1_734' title='bbox 1940 4641 2152 4680; x_wconf 90' lang='lat' dir='ltr'><strong>morum</strong></span> <span class='ocrx_word' id='word_1_735' title='bbox 2176 4627 2414 4697; x_wconf 86' lang='lat' dir='ltr'><strong>gravitas</strong></span> <span class='ocrx_word' id='word_1_736' title='bbox 2445 4627 2546 4681; x_wconf 93' lang='lat' dir='ltr'><strong>hoc</strong></span> <span class='ocrx_word' id='word_1_737' title='bbox 2578 4620 3036 4697; x_wconf 60' lang='lat' dir='ltr'><strong>temporc&#39;floret,</strong></span> <span class='ocrx_word' id='word_1_738' title='bbox 3072 4642 3235 4701; x_wconf 88' lang='lat' dir='ltr'><strong>atque</strong></span> <span class='ocrx_word' id='word_1_739' title='bbox 3272 4636 3331 4687; x_wconf 84' lang='lat' dir='ltr'><strong>in</strong></span> 
     </span>
    </p>
   </div>
   <div class='ocr_carea' id='block_1_101' title="bbox 1753 4716 3329 4786">
    <p class='ocr_par' dir='ltr' id='par_1_101' title="bbox 1753 4716 3329 4786">
     <span class='ocr_line' id='line_1_102' title="bbox 1753 4716 3329 4786; baseline 0.004 -15"><span class='ocrx_word' id='word_1_740' title='bbox 1753 4716 1863 4771; x_wconf 90' lang='lat' dir='ltr'><strong>vita</strong></span> <span class='ocrx_word' id='word_1_741' title='bbox 1892 4726 2165 4782; x_wconf 86' lang='lat' dir='ltr'><strong>versatur,</strong></span> <span class='ocrx_word' id='word_1_742' title='bbox 2207 4719 2467 4786; x_wconf 89' lang='lat' dir='ltr'><strong>paulatim</strong></span> <span class='ocrx_word' id='word_1_743' title='bbox 2507 4719 2580 4773; x_wconf 92' lang='lat' dir='ltr'><strong>ita</strong></span> <span class='ocrx_word' id='word_1_744' title='bbox 2622 4730 2781 4773; x_wconf 90' lang='lat' dir='ltr'><strong>aucta</strong></span> <span class='ocrx_word' id='word_1_745' title='bbox 2815 4729 2875 4775; x_wconf 91' lang='lat' dir='ltr'><strong>ut</strong></span> <span class='ocrx_word' id='word_1_746' title='bbox 2927 4722 2996 4776; x_wconf 88' lang='lat' dir='ltr'><strong>ad</strong></span> <span class='ocrx_word' id='word_1_747' title='bbox 3049 4738 3329 4778; x_wconf 86' lang='lat' dir='ltr'><strong>summum</strong></span> 
     </span>
    </p>
   </div>
   <div class='ocr_carea' id='block_1_102' title="bbox 1754 4810 3325 4880">
    <p class='ocr_par' dir='ltr' id='par_1_102' title="bbox 1754 4810 3325 4880">
     <span class='ocr_line' id='line_1_103' title="bbox 1754 4810 3325 4880; baseline 0.003 -16"><span class='ocrx_word' id='word_1_748' title='bbox 1754 4814 2086 4879; x_wconf 88' lang='lat' dir='ltr'><strong>pervenerit.</strong></span> <span class='ocrx_word' id='word_1_749' title='bbox 2127 4810 2299 4880; x_wconf 83' lang='lat' dir='ltr'><strong>Cujus</strong></span> <span class='ocrx_word' id='word_1_750' title='bbox 2347 4811 2564 4880; x_wconf 89' lang='lat' dir='ltr'><strong>quidem</strong></span> <span class='ocrx_word' id='word_1_751' title='bbox 2604 4827 2813 4865; x_wconf 90' lang='lat' dir='ltr'><strong>morum</strong></span> <span class='ocrx_word' id='word_1_752' title='bbox 2860 4814 3168 4869; x_wconf 87' lang='lat' dir='ltr'><strong>sanctitatis</strong></span> <span class='ocrx_word' id='word_1_753' title='bbox 3211 4814 3325 4869; x_wconf 83' lang='lat' dir='ltr'><strong>ﬁeri</strong></span> 
     </span>
    </p>
   </div>
   <div class='ocr_carea' id='block_1_103' title="bbox 1754 4902 3329 4975">
    <p class='ocr_par' dir='ltr' id='par_1_103' title="bbox 1754 4902 3329 4975">
     <span class='ocr_line' id='line_1_104' title="bbox 1754 4902 3329 4975; baseline 0.003 -18"><span class='ocrx_word' id='word_1_754' title='bbox 1754 4902 2073 4973; x_wconf 89' lang='lat' dir='ltr'><strong>participem</strong></span> <span class='ocrx_word' id='word_1_755' title='bbox 2131 4905 2179 4958; x_wconf 90' lang='lat' dir='ltr'><strong>ei</strong></span> <span class='ocrx_word' id='word_1_756' title='bbox 2235 4903 2524 4974; x_wconf 83' lang='lat' dir='ltr'><strong>contingit,</strong></span> <span class='ocrx_word' id='word_1_757' title='bbox 2567 4904 2659 4973; x_wconf 86' lang='lat' dir='ltr'><strong>qui</strong></span> <span class='ocrx_word' id='word_1_758' title='bbox 2701 4905 2753 4957; x_wconf 91' lang='lat' dir='ltr'><strong>in</strong></span> <span class='ocrx_word' id='word_1_759' title='bbox 2810 4905 2984 4975; x_wconf 91' lang='lat' dir='ltr'><strong>ipsius</strong></span> <span class='ocrx_word' id='word_1_760' title='bbox 3045 4907 3329 4961; x_wconf 87' lang='lat' dir='ltr'><strong>curriculo</strong></span> 
     </span>
    </p>
   </div>
   <div class='ocr_carea' id='block_1_104' title="bbox 1752 4994 3320 5065">
    <p class='ocr_par' dir='ltr' id='par_1_104' title="bbox 1752 4994 3320 5065">
     <span class='ocr_line' id='line_1_105' title="bbox 1752 4994 3320 5065; baseline 0.001 -18"><span class='ocrx_word' id='word_1_761' title='bbox 1752 4995 1978 5065; x_wconf 88' lang='lat' dir='ltr'><strong>vestigia</strong></span> <span class='ocrx_word' id='word_1_762' title='bbox 2008 4994 2306 5064; x_wconf 86' lang='lat' dir='ltr'><strong>imprimit:</strong></span> <span class='ocrx_word' id='word_1_763' title='bbox 2336 4995 2487 5049; x_wconf 89' lang='lat' dir='ltr'><strong>illum</strong></span> <span class='ocrx_word' id='word_1_764' title='bbox 2515 5003 2715 5061; x_wconf 90' lang='lat' dir='ltr'><strong>autem,</strong></span> <span class='ocrx_word' id='word_1_765' title='bbox 2744 4997 2836 5064; x_wconf 89' lang='lat' dir='ltr'><strong>qui</strong></span> <span class='ocrx_word' id='word_1_766' title='bbox 2866 4995 3030 5064; x_wconf 88' lang='lat' dir='ltr'><strong>hujus</strong></span> <span class='ocrx_word' id='word_1_767' title='bbox 3060 4998 3320 5065; x_wconf 88' lang='lat' dir='ltr'><strong>unguenti</strong></span> 
     </span>
    </p>
   </div>
   <div class='ocr_carea' id='block_1_105' title="bbox 1752 5084 3320 5157">
    <p class='ocr_par' dir='ltr' id='par_1_105' title="bbox 1752 5084 3320 5157">
     <span class='ocr_line' id='line_1_106' title="bbox 1752 5084 3320 5157; baseline 0 -16"><span class='ocrx_word' id='word_1_768' title='bbox 1752 5087 1976 5142; x_wconf 88' lang='lat' dir='ltr'><strong>odorem</strong></span> <span class='ocrx_word' id='word_1_769' title='bbox 2006 5096 2228 5141; x_wconf 88' lang='lat' dir='ltr'><strong>secutus</strong></span> <span class='ocrx_word' id='word_1_770' title='bbox 2251 5087 2340 5150; x_wconf 88' lang='lat' dir='ltr'><strong>sit,</strong></span> <span class='ocrx_word' id='word_1_771' title='bbox 2364 5088 2568 5156; x_wconf 88' lang='lat' dir='ltr'><strong>optimo</strong></span> <span class='ocrx_word' id='word_1_772' title='bbox 2596 5084 2725 5141; x_wconf 83' lang='lat' dir='ltr'><strong>Jcsu</strong></span> <span class='ocrx_word' id='word_1_773' title='bbox 2755 5087 2960 5141; x_wconf 81' lang='lat' dir='ltr'><strong>Christi</strong></span> <span class='ocrx_word' id='word_1_774' title='bbox 2993 5087 3163 5141; x_wconf 85' lang='lat' dir='ltr'><strong>odore</strong></span> <span class='ocrx_word' id='word_1_775' title='bbox 3194 5103 3320 5157; x_wconf 64' lang='lat' dir='ltr'><strong>per~</strong></span> 
     </span>
    </p>
   </div>
   <div class='ocr_carea' id='block_1_106' title="bbox 1751 5178 3320 5249">
    <p class='ocr_par' dir='ltr' id='par_1_106' title="bbox 1751 5178 3320 5249">
     <span class='ocr_line' id='line_1_107' title="bbox 1751 5178 3320 5249; baseline 0.003 -16"><span class='ocrx_word' id='word_1_776' title='bbox 1751 5179 1924 5235; x_wconf 91' lang='lat' dir='ltr'><strong>fundi.</strong></span> <span class='ocrx_word' id='word_1_777' title='bbox 1956 5178 2025 5234; x_wconf 89' lang='lat' dir='ltr'><strong>Ut</strong></span> <span class='ocrx_word' id='word_1_778' title='bbox 2056 5180 2224 5243; x_wconf 90' lang='lat' dir='ltr'><strong>enim,</strong></span> <span class='ocrx_word' id='word_1_779' title='bbox 2256 5180 2505 5249; x_wconf 89' lang='lat' dir='ltr'><strong>lampade</strong></span> <span class='ocrx_word' id='word_1_780' title='bbox 2537 5195 2642 5231; x_wconf 90' lang='lat' dir='ltr'><strong>una</strong></span> <span class='ocrx_word' id='word_1_781' title='bbox 2677 5194 2929 5243; x_wconf 90' lang='lat' dir='ltr'><strong>accensa,</strong></span> <span class='ocrx_word' id='word_1_782' title='bbox 2976 5181 3029 5231; x_wconf 93' lang='lat' dir='ltr'><strong>in</strong></span> <span class='ocrx_word' id='word_1_783' title='bbox 3076 5180 3320 5249; x_wconf 85' lang='lat' dir='ltr'><strong>reliquas</strong></span> 
     </span>
    </p>
   </div>
   <div class='ocr_carea' id='block_1_107' title="bbox 1750 5272 3318 5344">
    <p class='ocr_par' dir='ltr' id='par_1_107' title="bbox 1750 5272 3318 5344">
     <span class='ocr_line' id='line_1_108' title="bbox 1750 5272 3318 5344; baseline 0.001 -18"><span class='ocrx_word' id='word_1_784' title='bbox 1750 5288 1939 5328; x_wconf 89' lang='lat' dir='ltr'><strong>omnes</strong></span> <span class='ocrx_word' id='word_1_785' title='bbox 2000 5274 2339 5344; x_wconf 85' lang='lat' dir='ltr'><strong>prOpinquas</strong></span> <span class='ocrx_word' id='word_1_786' title='bbox 2413 5274 2665 5329; x_wconf 89' lang='lat' dir='ltr'><strong>lucernas</strong></span> <span class='ocrx_word' id='word_1_787' title='bbox 2735 5272 2951 5327; x_wconf 87' lang='lat' dir='ltr'><strong>flamma</strong></span> <span class='ocrx_word' id='word_1_788' title='bbox 3018 5273 3318 5337; x_wconf 81' lang='lat' dir='ltr'><strong>derivatur,</strong></span> 
     </span>
    </p>
   </div>
   <div class='ocr_carea' id='block_1_108' title="bbox 1747 5365 3320 5443">
    <p class='ocr_par' dir='ltr' id='par_1_108' title="bbox 1747 5365 3320 5443">
     <span class='ocr_line' id='line_1_109' title="bbox 1747 5365 3320 5443; baseline 0.001 -24"><span class='ocrx_word' id='word_1_789' title='bbox 1747 5381 1924 5436; x_wconf 86' lang='lat' dir='ltr'><strong>neque</strong></span> <span class='ocrx_word' id='word_1_790' title='bbox 1956 5374 2137 5421; x_wconf 87' lang='lat' dir='ltr'><strong>tamen</strong></span> <span class='ocrx_word' id='word_1_791' title='bbox 2188 5367 2397 5436; x_wconf 89' lang='lat' dir='ltr'><strong>primus</strong></span> <span class='ocrx_word' id='word_1_792' title='bbox 2445 5366 2589 5436; x_wconf 83' lang='lat' dir='ltr'><strong>ignis</strong></span> <span class='ocrx_word' id='word_1_793' title='bbox 2645 5365 3010 5443; x_wconf 86' lang='lat' dir='ltr'><strong>imminuitur,</strong></span> <span class='ocrx_word' id='word_1_794' title='bbox 3044 5367 3147 5422; x_wconf 91' lang='lat' dir='ltr'><strong>etsi</strong></span> <span class='ocrx_word' id='word_1_795' title='bbox 3195 5381 3320 5420; x_wconf 83' lang='lat' dir='ltr'><strong>cum</strong></span> 
     </span>
    </p>
   </div>
   <div class='ocr_carea' id='block_1_109' title="bbox 1747 5456 3321 5530">
    <p class='ocr_par' dir='ltr' id='par_1_109' title="bbox 1747 5456 3321 5530">
     <span class='ocr_line' id='line_1_110' title="bbox 1747 5456 3321 5530; baseline -0.002 -16"><span class='ocrx_word' id='word_1_796' title='bbox 1747 5459 1816 5515; x_wconf 91' lang='lat' dir='ltr'><strong>iis</strong></span> <span class='ocrx_word' id='word_1_797' title='bbox 1844 5459 2126 5529; x_wconf 67' lang='lat' dir='ltr'><strong>mquaiiter</strong></span> <span class='ocrx_word' id='word_1_798' title='bbox 2157 5459 2494 5530; x_wconf 82' lang='lat' dir='ltr'><strong>adjungitur,</strong></span> <span class='ocrx_word' id='word_1_799' title='bbox 2523 5458 2618 5528; x_wconf 84' lang='lat' dir='ltr'><strong>qui</strong></span> <span class='ocrx_word' id='word_1_800' title='bbox 2659 5471 2726 5511; x_wconf 85' lang='lat' dir='ltr'><strong>ex</strong></span> <span class='ocrx_word' id='word_1_801' title='bbox 2764 5458 2855 5511; x_wconf 88' lang='lat' dir='ltr'><strong>illa</strong></span> <span class='ocrx_word' id='word_1_802' title='bbox 2893 5456 3118 5512; x_wconf 71' lang='lat' dir='ltr'><strong>lumini:</strong></span> <span class='ocrx_word' id='word_1_803' title='bbox 3168 5456 3321 5514; x_wconf 83' lang='lat' dir='ltr'><strong>deri-</strong></span> 
     </span>
    </p>
   </div>
   <div class='ocr_carea' id='block_1_110' title="bbox 1746 5550 3318 5622">
    <p class='ocr_par' dir='ltr' id='par_1_110' title="bbox 1746 5550 3318 5622">
     <span class='ocr_line' id='line_1_111' title="bbox 1746 5550 3318 5622; baseline -0.002 -14"><span class='ocrx_word' id='word_1_804' title='bbox 1746 5551 1966 5608; x_wconf 87' lang='lat' dir='ltr'><strong>vatione</strong></span> <span class='ocrx_word' id='word_1_805' title='bbox 2009 5552 2264 5608; x_wconf 89' lang='lat' dir='ltr'><strong>elucent:</strong></span> <span class='ocrx_word' id='word_1_806' title='bbox 2300 5552 2373 5607; x_wconf 86' lang='lat' dir='ltr'><strong>ita</strong></span> <span class='ocrx_word' id='word_1_807' title='bbox 2407 5550 2572 5622; x_wconf 86' lang='lat' dir='ltr'><strong>hujus</strong></span> <span class='ocrx_word' id='word_1_808' title='bbox 2597 5551 2723 5606; x_wconf 75' lang='lat' dir='ltr'><strong>vita!</strong></span> <span class='ocrx_word' id='word_1_809' title='bbox 2750 5550 2995 5621; x_wconf 79' lang='lat' dir='ltr'><strong>gravitas</strong></span> <span class='ocrx_word' id='word_1_810' title='bbox 3024 5551 3093 5605; x_wconf 89' lang='lat' dir='ltr'><strong>ab</strong></span> <span class='ocrx_word' id='word_1_811' title='bbox 3121 5567 3186 5606; x_wconf 92' lang='lat' dir='ltr'><strong>eo</strong></span> <span class='ocrx_word' id='word_1_812' title='bbox 3222 5551 3318 5621; x_wconf 75' lang='lat' dir='ltr'><strong>qui</strong></span> 
     </span>
    </p>
   </div>
  </div>
