3844 6464
473 281 573 342 ιιι

1715 285 1773 342 S.
1808 283 2135 344 GREGORII
2167 281 2450 341 NYSSENI

3626 283 3717 343 "2

471 401 622 460 illam
653 407 808 456 recte
831 399 1061 472 peregit,
1092 401 1147 455 in
1185 414 1282 457 eos
1320 399 1622 469 derivatur,
1667 403 1762 474 qui
1810 403 2044 474 proximi

2149 421 2249 474 της
2281 403 2390 456 ἀπὸ
2430 398 2524 456 τοῦ
2553 401 2978 474 κατωρθωκότος
3022 399 3192 473 αὐτὴν
3224 395 3318 458 ιετι
3346 399 3472 471 τοῖἱς
3495 423 3718 479 προσεγ.

470 501 621 551 sunt.
667 491 847 549 Verus
882 501 969 547 est
1012 492 1162 548 enim
1205 492 1253 547 is
1289 491 1576 564 Propheta
1615 510 1802 550 sermo
1827 497 1869 528 ι’
1901 514 1914 550 :
1942 494 2046 563 Qui

469 599 600 640 cum
631 589 827 638 sancto
846 589 903 638 et
936 582 1220 638 innocenti
1251 581 1473 638 homine
1504 585 1834 656 egregioque
1863 599 2050 642 versa-

467 683 580 739 tur,
613 675 781 730 talen!
809 689 1257 746 unumquemque
1297 675 1437 732 ﬁeri.
1481 675 1581 732 Sin
1632 685 1816 733 autem
1868 676 2044 733 docu-

469 776 655 822 menta
679 765 903 838 quatis,
934 781 1169 838 quorum
1202 766 1460 838 prasidio
1495 781 1606 822 non
1645 766 1775 823 licet
1807 766 1876 821 ab
1899 766 2048 838 apti-

469 873 560 914 mo
591 857 844 929 exemplo
896 857 1175 926 aberrare,
1209 857 1390 914 facilis
1440 857 1557 914 hac
1593 864 1679 915 est
1713 857 2044 929 explicatio;

468 963 597 1004 nam
643 948 692 1005 si
740 947 983 1004 hominis
1027 949 1196 1004 vitam
1249 948 1550 1020 perspicis,
1596 963 1719 1020 qua
1763 949 1820 1003 in
1865 949 2046 1004 medio

466 1040 665 1097 mortis
693 1046 748 1096 et
773 1039 903 1096 vita
932 1055 1099 1096 cursu
1139 1039 1246 1107 sit,
1278 1041 1537 1112 quodque
1574 1040 1834 1112 utrinque
1867 1047 1954 1096 est
1978 1041 2047 1096 ad

468 1133 751 1205 sapientia
777 1135 1019 1193 studium
1050 1135 1184 1191 utile
1210 1134 1436 1207 deligat,
1493 1143 1552 1190 ut
1585 1151 1763 1207 neque
1801 1136 1948 1207 quod
1989 1137 2047 1192 in

467 1229 649 1278 morte
680 1229 766 1278 est
798 1223 1033 1280 actionis
1060 1239 1260 1296 expers
1296 1234 1352 1280 et
1381 1225 1622 1281 otiosum
1649 1227 1704 1281 in
1730 1225 1917 1282 studio
1949 1239 2047 1282 ex-

469 1313 735 1388 sequendi
771 1313 1031 1370 mandata
1050 1315 1107 1371 in
1142 1331 1202 1372 se
1232 1316 1483 1387 recipiat,
1517 1333 1696 1388 neque
1737 1318 1793 1373 in
1826 1306 2046 1375 vivendi

469 1411 619 1460 statu
650 1406 811 1476 pleno
847 1406 1020 1476 gradu
1052 1406 1294 1472 incedat,
1321 1407 1469 1479 quod
1496 1422 1527 1462 a
1561 1408 1919 1467 sacularibus
1948 1425 2046 1466 cu-

468 1495 796 1567 piditatibus
833 1499 905 1555 sit
947 1499 1184 1566 alienus,
1220 1501 1274 1555 in
1305 1501 1509 1571 quibus
1549 1502 1736 1558 carnis
1790 1502 1902 1558 vita
1950 1503 2045 1558 de-

469 1589 860 1658 prehendatur,
892 1590 950 1646 in
979 1591 1068 1648 his
1098 1592 1282 1648 minus
1324 1601 1449 1664 agat
1475 1609 1641 1665 quam
1683 1595 1884 1650 mortui
1913 1612 1928 1663 ;
1977 1595 2047 1651 ad

468 1681 690 1738 virtutis
733 1689 916 1738 autem
962 1698 1151 1754 opera,
1186 1699 1252 1740 ex
1295 1685 1497 1757 quibus
1532 1687 1627 1757 qui
1674 1697 1804 1743 sunt
1849 1688 2044 1759 spiritu

466 1776 744 1834 ferventes
775 1791 1185 1851 agnoscuntur,
1243 1797 1373 1839 vere
1425 1783 1727 1838 animatum
1770 1791 1826 1840 et
1860 1784 2045 1841 efﬁca-

467 1883 588 1924 cem
614 1879 669 1925 et
693 1871 965 1926 valentem
998 1888 1057 1928 se
1085 1873 1325 1943 praheat
1349 1892 1362 1929 :
1389 1873 1539 1929 hunc
1571 1889 1705 1931 sane
1730 1876 1907 1930 virum
1939 1886 2045 1932 tua

467 1960 595 2014 vita
625 1960 892 2016 amussim
922 1962 1138 2019 intuere
1165 1981 1178 2017 ε
1209 1963 1300 2018 hic
1330 1964 1428 2018 tibi
1452 1964 1653 2020 divina
1688 1967 1816 2022 vita
1844 1981 2046 2038 scopus

466 2051 541 2106 sit
605 2051 944 2122 propositus,
974 2060 1061 2114 ,ut
1113 2055 1611 2128 gubernatoribus,
1661 2072 1784 2128 qua
1832 2073 2046 2127 semper

467 2151 736 2212 apparent
762 2143 969 2200 stella:
995 2143 1160 2215 hujus
1181 2153 1236 2200 et
1268 2155 1607 2204 senectutem
1638 2157 1694 2204 et
1733 2149 2047 2204 adolescen-

464 2234 601 2288 tiam
632 2233 850 2290 imitare
872 2273 888 2300 ,
927 2236 1015 2291 vel
1043 2237 1227 2308 potius
1255 2237 1420 2309 hujus
1453 2231 1509 2293 in
1548 2239 1912 2296 adolescentia
1955 2256 2046 2296 se-

465 2332 763 2394 nectutem,
787 2335 1089 2398 contraque
1117 2328 1175 2383 in
1205 2328 1439 2385 decursa
1476 2337 1634 2386 atate
1665 2331 1812 2386 illius
1860 2331 2047 2386 adole-

463 2415 729 2471 scentiam
781 2417 988 2473 imitari
1037 2418 1244 2486 debes;
1302 2435 1480 2491 neque
1525 2421 1673 2476 enim
1719 2423 1838 2490 ejus
1880 2423 2046 2476 animi

462 2510 720 2564 virtutem
752 2524 1086 2590 cursumque
1121 2511 1540 2583 ingravescente
1567 2513 1679 2583 jam
1707 2522 1866 2569 atate
1911 2522 2048 2569 tem-

463 2617 569 2674 pus
599 2603 874 2667 restinxit,
899 2619 1076 2674 neque
1097 2603 1262 2674 hujus
1293 2604 1662 2661 adolescentia
1697 2605 1752 2660 in
1782 2607 1850 2661 iis
1881 2607 2044 2662 rebus

461 2702 688 2750 actuosa
723 2693 846 2761 fuit,
873 2693 928 2748 in
951 2694 1153 2765 quibus
1187 2695 1580 2761 adolescentia,
1605 2697 1734 2767 quia
1771 2704 2041 2761 versatur,

461 2785 849 2855 cognoscitur;
903 2785 999 2841 sed
1022 2786 1078 2840 in
1128 2793 1360 2856 utraque
1411 2785 1559 2842 illius
1599 2795 1758 2843 atate
1797 2788 2044 2860 quaedam

463 2876 567 2932 fuit
631 2878 1035 2933 contrariarum
1078 2892 1264 2933 rerum
1336 2878 1678 2950 temperatio,
1725 2880 1810 2935 vel
1865 2880 2048 2950 potius

463 2972 647 3042 aliqua
669 2973 1064 3042 proprietatum
1096 2974 1446 3043 permutatio,
1480 2982 1663 3043 utpote
1691 2988 1816 3028 cum
1852 2974 1921 3029 ad
1952 2974 2050 3029 bo-

2148 495 2400 562 γίζοντας
2424 492 2744 548 διαδίδοται·
2764 493 2972 565 ἀληθὴς
2999 493 3110 565 γὰρ
3132 494 3161 548 ό
3188 495 3523 566 προφητικδς
3545 498 3715 569 λόγος,

2147 584 2238 637 τὸν
2271 583 2412 654 μετά
2446 582 2596 638 όσίου
2639 583 2734 638 καὶ
2783 582 2963 639 ἀθώου
3013 585 3111 640 καὶ
3143 585 3399 642 ἐκλεκτοῦ
3446 589 3714 659 διάγοντα,

2147 671 2386 726 τοιοῦτον
2422 671 2689 742 γίνεσθαι.
2715 673 2779 727 Ei
2810 673 2866 728 δὲ
2895 672 3078 745 ζητεῖς
3110 674 3180 729 τά
3224 678 3611 749 γνωρίσματα,
3653 683 3716 737 δι’

2147 761 2223 816 ὧν
2266 763 2367 818 οὐκ
2407 761 2552 818 ἐστιν
2597 765 2860 835 ἁμαρτεῖν
2897 765 2990 818 τοῦ
3042 765 3248 836 ἀγαθοῦ
3300 766 3716 842 ύποδείγματος,

2147 853 2369 921 εὔκολος
2394 857 2428 928 ή
2462 858 2775 929 ύπογραφή.
2808 857 2934 912 Ἐὰν
2977 856 3093 932 ίδῃς
3127 859 3240 930 βίον
3264 860 3457 934 ἀνδρὸς
3486 864 3546 918 ἐν
3576 865 3720 938 μέσῳ

2148 945 2380 1002 θανάτου
2420 949 2516 1002 καὶ
2549 948 2693 1021 ζωῆς
2741 949 2953 1003 ἑστῶτα
2989 951 3049 1004 τὸ
3087 951 3429 1026 ἑκατέρωθεν
3459 957 3720 1028 χρήσιμον

2148 1038 2227 1102 είς
2255 1038 2573 1110 φιλοσοφίαν
2623 1039 2983 1112 αἱρούμενον,
3032 1039 3157 1095 οὔτε
3203 1041 3266 1095 τὸ
3300 1043 3577 1115 ἄπρακτον
3628 1045 3718 1099 τοῦ

2134 1132 2380 1204 θανάτου
2409 1131 2839 1204 καταδεχόμενον
2870 1133 2930 1187 ἐν
2958 1135 3025 1206 τῇ
3062 1133 3194 1204 περὶ¹
3224 1133 3323 1198 τὰς
3351 1135 3570 1200 ἐντολὰς
3589 1152 3720 1208 προ-

2149 1226 2334 1298 θυμίᾳ,
2367 1224 2489 1279 οὕτε
2512 1223 2716 1297 ὅλῳτῷ
2750 1224 2872 1279 ποδὶ
2914 1226 3008 1279 ἐπὶ
3049 1226 3148 1296 τῆς
3181 1224 3324 1297 ζωῆς
3346 1226 3616 1298 βεϐηκότα
3637 1229 3722 1282 διὰ
3817 1295 3819 1312 Ι

2146 1319 2246 1391 τὴν
2272 1319 2382 1374 τῶν
2405 1317 2682 1390 κοσμικῶν
2711 1317 3014 1390 ἐπιθυμιῶν
3041 1318 3411 1390 ἀλλοτρίωσιν,
3437 1320 3496 1374 ἐν
3515 1316 3596 1385 οἷς
3626 1321 3725 1392 μὲν

2149 1411 2349 1481 σαρκὸς
2381 1409 2496 1482 ζωὴ
2519 1408 2866 1481 δοκιμάζεται
2888 1449 2905 1475 ,
2951 1408 3060 1464 τῶν
3089 1409 3299 1481 νεκρῶν
3323 1401 3740 1484 ἀπρακτότερον,

2149 1501 2378 1573 μένοντα
2397 1541 2414 1567 ,
2436 1499 2574 1571 πρὸς
2599 1498 2658 1552 δὲ
2684 1499 2752 1553 τά
2779 1498 2878 1568 τῆς
2925 1497 3128 1569 ἀρετῆς
3172 1497 3331 1570 ἔργα,
3358 1498 3424 1552 δι’
3452 1492 3528 1555 ὧν
3566 1501 3617 1553 οί
3649 1501 3727 1572 τῷ

2147 1589 2417 1661 πνεύματι
2469 1588 2669 1654 ζῶντες
2712 1587 3160 1656 ἐπιγινώσκονται
3183 1625 3200 1652 ,
3230 1587 3445 1658 ἀληθῶς
3487 1588 3728 1660 ἔμψυχον

2147 1681 2242 1737 καὶ
2262 1681 2480 1753 ἐνεργὸν
2509 1681 2602 1736 καὶ
2632 1679 2905 1752 ἰσχύοντα,
2937 1679 3075 1751 πρὸς
3104 1677 3293 1733 τοῦτον
3324 1679 3487 1751 βλέπε
3513 1681 3603 1736 τὸν
3637 1699 3728 1735 κα-

2149 1773 2274 1828 νόνα
2318 1772 2413 1827 τοῦ
2463 1771 2616 1844 βίου’
2660 1766 2816 1837 οὗτος
2867 1770 3009 1825 ἔστω
3059 1788 3141 1825 σοι
3178 1772 3380 1836 σκοπὸς
3428 1773 3530 1845 τῆς
3578 1773 3727 1840 Θείας

2150 1865 2334 1937 ζωῆς,
2364 1864 2616 1936 καθάπερ
2657 1866 2768 1928 τοῖς
2812 1864 3171 1936 κυϐερνήταις
3221 1865 3270 1918 οί
3316 1866 3592 1935 ἀειφανεῖς
3622 1868 3728 1921 τῶν

2149 1957 2392 2030 ἀστέρων
2411 1998 2427 2023 ,
2462 1957 2698 2030 μίμησαι
2727 1956 2914 2011 τούτου
2942 1958 3036 2011 καὶ
3065 1957 3256 2011 πολιὰν
3277 1999 3294 2026 ,
3327 1959 3423 2012 καὶ
3460 1959 3688 2030 νεότητα
3711 1980 3726 1992 ·

2153 2048 2352 2121 μᾶλλον
2377 2048 2434 2104 δὲ
2468 2050 2707 2122 μίμησαι
2732 2049 2895 2104 αὐτοῦ
2925 2049 2986 2104 τὺ
3013 2051 3070 2103 ἐν
3103 2051 3371 2122 μειρακίῳ
3389 2051 3567 2122 γῆρας
3590 2095 3606 2118 ,
3638 2054 3732 2109 καὶ

2147 2141 2247 2213 τὴν
2283 2142 2342 2196 ἐν
2377 2140 2455 2213 τῷ
2477 2143 2626 2214 γήρᾳ
2655 2141 2884 2212 νεότητα
2905 2159 2920 2174 ο
2952 2140 3075 2196 οὔτε
3097 2142 3204 2214 γὰρ
3244 2141 3613 2214 τδρωμαλέον
3634 2146 3731 2198 αὑ-

2148 2233 2242 2286 τοῦ
2271 2233 2371 2304 τῆς
2399 2232 2576 2304 ψυχῆς
2607 2232 2934 2305 δραστήριον
2978 2233 3079 2305 ήδη
3116 2233 3253 2304 πρὸς
3300 2234 3477 2305 γῆρας
3520 2237 3734 2291 ἐπικλι-

2149 2323 2335 2392 θείσης
2358 2324 2456 2395 τῆς
2482 2324 2696 2396 ήλικίας
2720 2324 2749 2377 ό
2776 2324 2963 2398 χρόνος
2991 2324 3320 2397 ἠμαύρωσεν
3339 2363 3355 2390 ,
3382 2323 3504 2379 οὔτε
3538 2328 3572 2397 ή
3614 2329 3733 2382 νεό-

2146 2432 2247 2487 της
2274 2416 2501 2488 ἐνεργὴς
2537 2411 2606 2488 ἦν
2651 2417 2710 2470 ἐν
2742 2409 2824 2480 οἷς
2873 2415 3060 2487 νεότης
3085 2416 3309 2488 ἐνεργὴς
3362 2417 3687 2488 γνωρίζεται
3714 2437 3730 2450 ο

2149 2508 2285 2564 ἀλλά
2313 2525 2395 2572 τις
2416 2504 2484 2580 ἦν
2513 2509 2656 2580 μίξις
2685 2507 2972 2581 θαυμαστὴ
2996 2509 3103 2563 τῶν
3126 2509 3382 2563 ἐναντίων
3406 2511 3463 2563 ἐν
3492 2509 3735 2583 ἑκατέρα

2151 2601 2338 2673 ἡλικίᾳ
2359 2641 2373 2666 ,
2407 2601 2606 2672 μᾶλλον
2639 2600 2924 2672 ὑπαλλαγὴ
2956 2599 3066 2653 τῶν
3097 2599 3419 2671 ἰδιωμάτων.
3467 2600 3556 2653 Ἐν
3585 2603 3737 2672 γήρᾳ

2156 2694 2256 2766 μὲν
2305 2694 2404 2765 τῆς
2435 2693 2714 2765 δυνάμεως
2745 2693 2884 2764 πρὸς
2931 2692 2994 2746 τὸ
3043 2693 3252 2761 ἀγαθὸν
3287 2690 3581 2764 νεαζούσης
3607 2734 3625 2759 ,
3676 2693 3737 2746 ἐν

2155 2784 2423 2856 μειρακίῳ
2446 2783 2503 2838 δὲ
2531 2785 2631 2856 τῆς
2661 2783 2909 2854 νεότητος
2954 2784 3091 2854 πρὸς
3133 2782 3196 2836 τὸ
3225 2782 3392 2838 κακὸν
3421 2783 3736 2855 ἀπρακτού-

2153 2893 2273 2946 οης.
2303 2876 2368 2929 Ei
2395 2875 2453 2930 δὲ
2478 2877 2573 2930 καὶ
2604 2875 2729 2938 τοὺς
2757 2874 2964 2946 ἔρωτας
2990 2873 3090 2945 τῆς
3117 2874 3335 2945 ἡλικίας
3360 2874 3572 2946 ἐκείνης
3602 2875 3737 2929 ἀνα-

2153 2965 2439 3036 ζητήσεις,
2471 2965 2706 3036 μίμησαι
2728 2963 2788 3016 τὸ
2819 2962 3041 3034 σφοδρὸν
3071 2961 3163 3014 καὶ
3189 2961 3446 3032 διάπυρον
3466 2964 3561 3014 τοῦ
3586 2961 3732 3015 θείου

462 3077 595 3116 num
627 3063 898 3133 agendum
927 3072 1048 3118 acta
1081 3063 1362 3123 atatevis
1395 3071 1451 3118 et
1491 3073 1685 3119 natura
1714 3064 1770 3119 in
1803 3080 1868 3121 eo
1887 3065 2044 3136 juve-

2150 3060 2249 3128 τῆς
2303 3057 2492 3126 σοφίας
2527 3055 2756 3128 ἔρωτος,
2789 3048 2833 3123 ᾧ
2885 3056 2949 3108 ἐκ
3004 3054 3202 3124 νηπίας
3253 3053 3598 3125 συνηυξήθη,
3639 3054 3736 3107 καὶ

462 3151 648 3208 niliter
701 3159 908 3222 posset,
966 3152 1289 3208 ﬂorescente
1337 3168 1470 3210 vero
1527 3163 1685 3210 atate
1732 3153 1802 3210 ad
1851 3171 2048 3227 pravas

462 3243 709 3298 actiones
755 3243 983 3299 minime
1020 3243 1247 3299 valeret.
1294 3242 1393 3298 Sin
1443 3251 1626 3298 autem
1675 3243 1823 3300 illius
1868 3247 2048 3302 atatis

463 3347 678 3389 amores
716 3332 1038 3403 investigas,
1070 3339 1130 3386 tu
1153 3333 1314 3388 velim
1342 3333 1442 3388 tibi
1470 3348 1741 3403 proponas
1777 3349 2046 3389 summum

461 3424 616 3479 illum
641 3433 695 3479 et
725 3422 1028 3479 ferventem
1057 3423 1302 3480 divinum
1335 3425 1617 3494 sapientia
1658 3441 1921 3494 amorem,
1958 3429 2047 3483 cui

462 3517 533 3572 ab
572 3515 804 3571 infantia
831 3513 1083 3571 addictus
1128 3530 1304 3586 usque
1337 3515 1404 3570 ad
1440 3525 1774 3572 senectutem
1797 3532 2050 3587 perman-

462 3606 557 3662 sit.
594 3608 664 3659 At
686 3605 731 3660 si
773 3605 842 3661 ad
882 3604 1032 3660 hunc
1065 3605 1290 3666 minime
1332 3606 1583 3662 contueri
1616 3614 1801 3678 potes,
1858 3609 2048 3679 quales

461 3696 498 3752 ii
521 3696 614 3768 qui
654 3696 953 3752 infirmiore
994 3703 1125 3752 sunt
1141 3697 1426 3752 oculorum
1450 3698 1644 3754 obtutu
1670 3700 1740 3756 ad
1773 3702 2046 3772 aspicien-

457 3783 593 3838 ‘dum
619 3784 814 3850 solem,
858 3784 915 3840 in
939 3794 1260 3842 sanctorum
1287 3787 1506 3843 illorum
1532 3789 1812 3846 hominum
1836 3793 2046 3849 intuere

461 3883 692 3940 catum,
716 3876 811 3946 qui
838 3877 909 3931 ab
937 3891 1004 3932 eo
1031 3877 1320 3932 institutus
1345 3885 1450 3946 est,
1475 3888 1638 3950 atque
1668 3882 1790 3937 illos
1813 3883 2043 3952 imitare,

463 3967 563 4038 qui
607 3966 733 4023 vita
790 3967 1084 4039 splendore
1139 3967 1385 4026 illustres
1436 3968 1772 4041 singularum
1824 3981 2044 4028 aetatum

460 4063 777 4120 hominibus
809 4062 878 4118 ad
904 4062 1231 4118 imitandum
1265 4063 1538 4134 propositi
1570 4073 1720 4120 sunt.
1747 4064 1903 4122 iiunc
1922 4069 2045 4122 vita

461 4163 671 4211 nostra
705 4168 934 4226 scopum
969 4155 1256 4227 proposuit
1289 4154 1457 4212 Deus.
1502 4155 1652 4213 Multi
1691 4160 1741 4213 in
1788 4159 1874 4216 his
1911 4160 2044 4215 ado-

460 4247 732 4304 lescentes
786 4248 844 4303 in
897 4247 1134 4319 simplici
1190 4249 1550 4318 temperantia
1613 4264 2040 4319 consenuerunt,

460 4340 786 4411 rationeque
829 4353 958 4396 cum
1006 4348 1345 4397 senectutem
1379 4343 1785 4414 praripuerint,
1818 4355 1872 4401 et
1921 4361 2040 4402 mo-

2153 3150 2314 3222 μέχρι
2344 3150 2530 3221 γήρως
2563 3149 2863 3220 διήρκεσεν.
2893 3147 2957 3199 El
2983 3145 3040 3198 δὲ
3077 3145 3359 3208 ἀδυνατεῖς
3402 3145 3538 3216 πρὸς
3567 3145 3737 3200 αὐτὸν

2149 3245 2282 3316 όρᾷν
2309 3283 2324 3308 ,
2373 3241 2625 3314 καθάπερ
2656 3241 2792 3312 πρὸς
2823 3237 2912 3293 τὸν
2948 3237 3099 3309 ἣλιον
3145 3237 3195 3290 oi.
3243 3236 3369 3301 τοὺς
3420 3235 3737 3309 ὀφθαλμοὺς

2151 3333 2582 3406 ἐμπαθέστερον
2621 3333 2686 3386 σὺ
2735 3331 2790 3385 δὲ
2844 3327 3146 3397 ἀπόϐλεψον
3193 3327 3274 3390 είς
3313 3327 3404 3382 τὸν
3457 3326 3549 3381 ὑπ’
3584 3326 3738 3399 αύτῷ

2148 3428 2475 3498 τεταγμένον
2505 3425 2612 3479 τῶν
2638 3424 2809 3494 ἁγίων
2831 3422 3008 3494 χορὸν,
3031 3419 3158 3484 τοὺς
3185 3419 3322 3488 πρὸς
3353 3419 3583 3490 μίμησιν
3623 3419 3739 3472 τῶν

2149 3520 2270 3574 καθ’
2300 3518 2512 3590 ἡλικίαν
2562 3515 2868 3587 γενομένων
2914 3512 2993 3585 τῷ
3033 3513 3132 3584 βίῳ
3162 3511 3495 3582 λάμποντας.
3531 3511 3741 3566 Τοῦτον

2146 3611 2357 3665 τέθεικε
2439 3610 2642 3663 σκοπὸν
2701 3610 2731 3662 ό
2790 3606 2922 3672 Θεὸς
2984 3610 3056 3680 τῇ
3133 3607 3378 3680 ἡμετέρᾳ
3435 3605 3571 3678 ζωῇ.
3647 3607 3740 3660 Ἐν

2147 3697 2228 3766 οἷς
2279 3701 2462 3756 πολλοὶ
2492 3701 2614 3764 ταῖς
2662 3699 2900 3770 ἡλικίαις
2950 3697 3267 3763 νεάζοντες,
3306 3699 3363 3751 ἐν
3393 3697 3472 3769 τῷ
3503 3697 3738 3769 καθαρῷ

2146 3793 2244 3861 τῆς
2273 3787 2623 3862 σωφροσύνης
2644 3787 3038 3859 ἐπολιώθησαν,
3061 3787 3362 3862 φθάσαντες
3385 3789 3462 3859 τῷ
3482 3787 3737 3859 λογισμῷ

2144 3885 2206 3938 τὸ
2241 3883 2419 3955 γῆρας
2444 3922 2458 3946 ,
2491 3881 2584 3936 καὶ
2636 3879 2717 3952 τῷ
2761 3878 2946 3951 τρόπῳ
2975 3877 3332 3951 παρελθόντες
3373 3879 3463 3933 τὸν
3489 3878 3687 3950 χρόνον
3719 3896 3736 3911 ·

2144 3975 2195 4028 οἳ
2232 3975 2322 4028 τὸν
2351 3973 2450 4043 τῆς
2489 3971 2676 4041 σοφίας
2712 3969 2891 4042 ἔρωτα
2927 3969 3084 4041 μόνον
3127 3968 3430 4041 ἐγνώρισαν
3451 4011 3468 4038 ,
3513 3969 3616 4040 οὐχ
3651 3971 3739 4023 ὅτι

2145 4065 2360 4137 φύσεως
2387 4063 2590 4135 ἑτέρως
2629 4057 2770 4132 εἶχον
2813 4062 2906 4132 (ἐν
2950 4060 3120 4114 ἅπασι
3167 4059 3276 4130 γὰρ
3306 4061 3340 4132 ή
3371 4059 3508 4133 σὰρξ
3539 4060 3740 4114 ἐπιθυ-

2147 4158 2240 4228 μεῖ
2257 4154 2394 4210 κατὰ
2413 4154 2508 4208 τοῦ
2538 4155 2904 4224 πνεύματος),
2924 4150 3039 4204 ἀλλ’
3068 4150 3254 4222 ἐπειδὴ
3277 4150 3456 4214 καλῶς
3486 4152 3738 4222 ἥκουσαν

2145 4247 2239 4301 τοῦ
2271 4245 2546 4309 εἰπόντος,
2577 4243 2716 4314 δτιή
2747 4239 3068 4313 σωφροσύνη
3100 4239 3253 4305 ξύλον
3281 4240 3397 4294 ἐστὶ
3417 4241 3561 4311 ζωῆς
3593 4245 3738 4296 πᾶσι

2146 4341 2259 4404 τοῖς
2294 4336 2668 4410 ἀντεχομένοις
2700 4335 2868 4406 αὐτῆς
2891 4351 2905 4365 θ
2935 4335 3028 4388 ἐπὶ
3072 4333 3264 4388 τούτου
3315 4333 3410 4388 τοῦ
3441 4333 3600 4398 ξύλου
3640 4335 3739 4389 τὸν

461 4432 616 4487 ribus
647 4433 913 4504 temporis
936 4448 1158 4489 cursum
1191 4437 1602 4500 anteverterim,
1629 4437 1682 4490 ιιί
1725 4439 1904 4494 solum
1945 4455 2032 4495 sa-

2147 4432 2235 4504 τῆς
2268 4431 2413 4502 ζωῆς
2454 4429 2694 4484 κλύδωνα
2723 4427 2913 4498 ῶσπερ
2937 4426 3031 4480 ἐπὶ
3061 4425 3275 4496 σχεδίας
3299 4425 3443 4489 τινὸς
3470 4424 3740 4479 διαπλεύ-

462 4523 681 4595 pientia
735 4538 977 4579 amorem
1026 4533 1446 4594 cognoverunt:
1495 4542 1605 4582 non
1660 4526 1804 4596 quod
1847 4536 2042 4584 natura

462 4614 759 4671 dissimiles
777 4625 964 4671 essent
993 4615 1089 4686 (in
1127 4617 1381 4673 oumibus
1409 4618 1554 4672 enim
1612 4632 1742 4672 caro
1775 4619 2040 4677 adversus

463 4704 719 4775 Spiritum
788 4706 1128 4776 concupiscit
1150 4706 1236 4777 ¹⁹),
1291 4707 1384 4762 sed
1429 4706 1687 4778 quoniam
1735 4717 1883 4763 recte
1914 4724 2038 4765 eum

463 4796 777 4862 audierunt,
808 4797 902 4867 qui
938 4808 1086 4854 recte
1113 4797 1289 4867 dixit,
1334 4798 1465 4854 Vita
1505 4799 1712 4870 lignum
1760 4800 2038 4871 quoddam

461 4891 877 4960 temperantiam
927 4904 1047 4947 esse
1106 4891 1173 4947 iis
1211 4893 1305 4962 qui
1356 4891 1412 4946 in
1461 4891 1610 4947 illius
1675 4893 1918 4947 studium
1956 4893 2038 4948 in-

448 4981 763 5043 cumbunt:
819 4981 924 5038 hoc
979 4982 1149 5053 ligno,
1196 4983 1353 5054 quasi
1395 4984 1518 5038 navi
1563 4984 1778 5053 aliqua,
1822 4984 1898 5039 illi
1933 4985 2040 5039 ilu-

461 5083 714 5128 ctuosum
741 5074 1122 5131 adolescentia
1151 5091 1301 5130 mare
1332 5077 1694 5146 pratervecti,
1719 5076 1786 5130 ad
1818 5088 2036 5147 portum

461 5167 660 5222 divina
680 5168 977 5223 voluntatis
1011 5169 1379 5240 appulerunt:
1404 5170 1626 5239 jamque
1659 5169 1842 5225 animo
1881 5179 2034 5225 tran-

462 5259 634 5329 quillo
697 5268 866 5327 sunt,
913 5261 1090 5315 otioso
1141 5267 1306 5331 atque
1353 5261 1423 5314 ab
1458 5261 1711 5317 omnibus
1777 5260 2034 5318 ﬂuctibus

463 5360 695 5418 remoto,
750 5353 962 5423 hacque
1017 5352 1163 5407 felici
1213 5353 1563 5424 navigatione
1615 5355 1690 5408 illi
1735 5355 2034 5412 beatissimi

461 5442 706 5512 quidem,
753 5445 1010 5514 quoniam
1067 5459 1193 5499 cum
1253 5445 1307 5499 in
1362 5444 1566 5514 optima
1592 5460 1709 5516 spe,
1746 5448 1903 5517 quasi
1978 5446 2033 5500 in

2146 4541 2366 4588 σαντες,
2397 4524 2476 4586 είς
2500 4522 2591 4576 τὸν
2615 4521 2808 4593 λιμένα
2835 4520 2928 4574 τοῦ
2966 4519 3269 4591 θελήματος
3299 4517 3390 4570 τοῦ
3420 4515 3554 4570 Θεοῦ
3590 4517 3737 4571 καθ-

2143 4615 2518 4689 ωρμίσθησαν.
2555 4614 2663 4667 Καὶ
2707 4611 2803 4666 νῦν
2848 4613 2907 4667 ἐν
2948 4611 3101 4682 εὐδίᾳ
3136 4610 3228 4664 καὶ
3262 4609 3467 4680 γαλήνῃ
3495 4608 3596 4680 τὴν
3624 4610 3739 4680 ψυ-

2143 4710 2243 4783 χὴν
2271 4707 2582 4778 ἀκύμαντον
2619 4705 2820 4778 έχουσι,
2864 4704 3184 4776 μακαριστοὶ
3213 4703 3312 4774 τῆς
3359 4701 3614 4766 εὐπλοῖας
3635 4719 3651 4733 ⁸
3679 4703 3738 4756 οἶ

2141 4802 2203 4856 τὸ
2236 4800 2355 4856 καθ’
2383 4800 2605 4863 ἑαυτοὺς
2634 4800 2725 4854 ἐπὶ
2755 4799 2853 4871 τῆς
2885 4796 3096 4868 ἀγαθῆς
3131 4794 3341 4859 ἐλπίδος
3363 4835 3378 4862 ,
3635 4794 3738 4891 ἐπί

2140 4911 2284 4960 τινος
2314 4890 2588 4963 ἀσφαλοῦς
2617 4889 2862 4963 ἀγκύρας
2899 4887 3320 4958 βεϐαιωσάμενοι
3347 4925 3362 4950 ,
3390 4884 3582 4956 πόρρω
3615 4884 3738 4938 τῶν

2141 4986 2400 5057 κυμάτων
2439 4985 2539 5049 τῆς
2575 4981 2817 5055 ταραχῆς
2854 4977 3250 5050 ἀτρεμοῦντες,
3297 4975 3545 5046 καθάπερ
3582 4992 3736 5044 πυρ-

2141 5077 2268 5141 σούς
2296 5094 2448 5142 τινας
2496 5076 2605 5130 ἀπὸ
2638 5073 2846 5145 ὑψηλῆς
2878 5070 3227 5145 φρυκτωρίας
3252 5110 3267 5135 ,
3306 5067 3404 5139 τήν
3433 5066 3540 5120 τῶν
3573 5065 3735 5120 ἰδίων

2141 5167 2272 5238 βίων
2300 5166 2654 5237 λαμπρότητα
2693 5165 2804 5225 τοῖς
2833 5162 3115 5233 ἑπομένοις
3147 5157 3477 5229 προέθηκαν.
3505 5154 3734 5209 Οὐκοῦν

2139 5259 2334 5330 ἔχομεν
2364 5257 2499 5328 πρὸς
2546 5256 2605 5308 ὃν
2633 5253 3030 5316 ἀποϐλέποντες
3056 5249 3311 5320 ἀσφαλῶς
3351 5248 3442 5302 τὸν
3470 5246 3734 5300 κλύδωνα

2134 5351 2242 5405 τῶν
2271 5348 2588 5420 πειρασμῶν
2612 5348 2909 5417 διαφυγεῖν.
2953 5345 3018 5397 Τί
3050 5361 3138 5415 μοι
3167 5343 3647 5414 πολυπραγμονεῖς
3677 5339 3736 5391 εἰ

2134 5460 2278 5506 τινες
2323 5443 2432 5495 τῶν
2467 5440 2641 5495 ταῦτα
2693 5437 3080 5510 διανοηθέντων
3113 5433 3456 5506 ἡττήθησαν,
3489 5433 3590 5485 καὶ
3634 5430 3732 5484 διὰ

463 5533 741 5590 tutissimo
779 5536 965 5606 aliquo
1007 5544 1200 5606 portu,
1256 5534 1511 5590 anchoris
1553 5535 1718 5606 jactis
1770 5553 1858 5594 res
1897 5553 2024 5594 suas

2147 5535 2290 5592 τοῦτο
2332 5531 2726 5603 ἀπογινώσκεις
2758 5531 2832 5594 ὡς
2876 5528 3160 5602 ἀμηχάνου
3209 5525 3304 5580 τοῦ
3349 5525 3731 5598 πράγματος;

535 5718 582 5753 ιι
603 5717 745 5770 Psal.
784 5733 912 5772 xvn.
948 5717 1036 5772 QG.
1121 5719 1160 5748 “’
1191 5716 1367 5771 Colat.
1408 5734 1458 5775 v.
1495 5719 1574 5772 Π.
