3844 6400
1475 320 1563 376 DE
1606 322 2061 383 VIBGINITATE.

3289 341 3397 396 ιιι

158 411 299 482 Πρὸς
323 412 425 517 τὸν
445 421 843 530 καῖωρθωκότα
872 426 1065 496 βλέπε,
1094 433 1187 486 καὶ
1216 433 1433 507 θαρρῶν
1466 444 1711 497 κατατόλ·

1828 448 2230 514 constituerint.
2263 450 2332 507 ab
2346 452 2490 506 omni
2516 452 2777 508 ﬂuctuum
2804 454 3213 524 perturbatione
3235 458 3393 530 longe

160 518 332 599 μησον
360 505 463 575 τῆς
501 508 706 581 ἀγαθῆς
738 517 1012 583 ναυτιλίας
1034 525 1098 592 τῇ
1142 505 1395 597 ἐπιπνοίᾳ
1446 529 1539 583 τοῦ
1576 532 1730 599 ἁγίου

159 591 476 692 Πνεύματος
499 637 514 661 ,
542 600 647 654 ὑπὸ
673 605 975 682 κυϐερνήτῃ
1003 612 1328 689 τῷΧριστῷ
1360 591 1419 672 έν
1454 621 1533 691 τῷ
1563 591 1731 692 πηδα-

278 683 383 755 τῆς
410 688 746 765 εὐφροσύνης
776 682 1312 771 εὐθυνόμενοςίούδέ
1348 710 1455 781 γάρ
1482 682 1530 766 (ξι
1572 682 1730 769 κάτα-

158 770 440 877 6αίνοντες
470 781 554 877 είς
578 781 849 841 θάλασσαν
876 790 934 843 ἐν
965 770 1187 859 πλοίοις,
1217 798 1312 852 καὶ
1337 770 1613 867 ποι-οῦντες
1640 806 1729 877 ὲρ-

156 864 353 963 γασίαν
397 868 455 921 ὲν
470 871 651 963 ῌῦδαᾲσι
700 878 927 946 πολλοῖς,
957 885 1017 936 τὸ
1054 902 1116 938 συ
1123 888 1264 956 μόἀν
1321 908 1423 945 τινι
1473 864 1726 963 ναυάγιον

155 952 390 1054 amittat
427 958 537 1054 τῶν
562 961 791 1019 ἐλπίδων
821 952 1179 1043 πεποίηνταιο
1219 977 1353 1031 ἀλλά
1379 979 1477 1051 τὴν
1515 952 1725 1054 ἀγαθὴν

154 1042 347 1142 ἐλπίδα
370 1048 577 1105 ἑαυτῶν
605 1042 1048 1130 προϐαλλόμενοι,
1079 1065 1170 1119 ἐπὶ
1193 1066 1255 1120 τὸ
1278 1042 1446 1142 πέρας
1475 1042 1576 1125 τού
1593 1042 1725 1129 κατ-

152 1133 476 1206 ορθὼματος
507 1144 839 1222 σπεύδουσιν.
865 1146 941 1205 Ἦ
970 1154 1090 1225 ούχὶ
1121 1158 1337 1213 πάντων
1380 1162 1725 1220 ἀτοπώτατον

152 1225 221 1279 ἀν
257 1228 375 1326 εἴη,
394 1230 465 1326 τὸ
489 1232 588 1326 μὲν
612 1237 878 1309 σφαλῆναί
906 1259 1027 1297 τινα
1055 1246 1113 1299 ἐν
1138 1247 1217 1319 τῷ
1243 1250 1605 1326 ήκριθωμένῳ
1628 1274 1726 1311 πο-

150 1319 314 1416 νηρόν
351 1322 633 1393 τίθεσθαι,
672 1330 791 1385 ὅλον
819 1332 877 1386 δὲ
922 1334 1013 1388 τὸν
1050 1338 1163 1407 βίον
1214 1319 1638 1416 καταγηρῶντας
1667 1351 1724 1403 ὲν

150 1410 466 1514 σφάλμασιν
510 1416 729 1514 ἀμεινον
769 1424 1016 1494 ἡγεῖσθαι
1069 1410 1465 1504 βουλεύεσθαι-ς
1499 1440 1563 1493 El
1614 1410 1725 1514 γὰρ

143 1498 317 1598 δεινόν
346 1507 497 1598 εστιν
518 1509 667 1577 ἅπαξ
690 1519 1047 1585 προσεγγίσαι
1071 1498 1149 1594 τῇ
1193 1498 1471 1598 ἁμαρτίᾳ,
1517 1498 1725 1587 καὶ-διά

143 1590 302 1693 τοῦτο
330 1596 570 1693 ἀσφαλὲς
603 1599 739 1693 εἶναι
787 1606 1026 1678 νομίζεις
1052 1590 1596 1691 τὸήμηδὲ-ὲγγετιρεῖν
1644 1622 1723 1693 τῷ

142 1681 467 1783 ύψηλοτέρῳ
495 1692 712 1783 σκοπῷ·
741 1696 890 1768 πόσῳ
932 1681 1307 1775 χαλεπώτερόν
1342 1681 1499 1762 eos“;
1532 1681 1721 1783 sunt);

1832 539 1993 608 positi
2028 555 2220 596 secure
2266 543 2595 611 quiescunt,
2653 560 2873 615 suaeque
2906 549 3029 601 vitae
3074 547 3259 603 lumen
3308 563 3394 606 se-

1830 629 2122 697 quentibus
2179 641 2435 700 tanquam
2494 634 2705 704 aliquas
2776 638 3018 694 caelestis
3084 639 3393 707 Splendoris

1829 721 2074 777 ﬂammas
2098 726 2446 793 protendunt.
2471 724 2641 795 Igitur
2675 725 2957 792 habemus,
2985 742 3095 799 quo
3129 744 3231 784 nos
3262 745 3390 785 cum

1828 812 2247 882 respexerimus,
2277 814 2636 868 tentationum
2672 813 3053 871 ﬂuctuationes
3096 824 3217 872 tuto
3266 833 3391 888 per-

1829 902 2204 959 transibimus.
2249 903 2392 971 Quid
2419 906 2637 961 curiose
2676 920 2706 959 a
2737 921 2822 961 me
2852 907 3071 977 quaeris,
3102 922 3170 963 an
3205 909 3263 977 ii,
3292 909 3389 981 qui

1829 992 1943 1047 haec
1971 993 2088 1063 ipsa
2114 994 2632 1063 animadverterunt,
2656 996 2950 1065 aliquando
2970 998 3212 1067 superati
3242 998 3392 1054 sint?

1827 1093 1989 1154 atque
2040 1093 2324 1155 pr0pterea
2364 1087 2645 1157 desperas,
2681 1087 2836 1157 quasi
2869 1103 2957 1143 res
2999 1087 3114 1142 haec
3158 1088 3390 1145 difﬁcilis

1826 1174 1944 1230 sit?
1973 1174 2246 1232 Contuere
2285 1176 2354 1232 ad
2399 1193 2520 1233 eum
2555 1178 2649 1248 qui
2686 1177 2959 1247 perfectus
2987 1186 3069 1234 est
3091 1218 3106 1242 ,
3152 1180 3389 1250 fortique

1825 1280 1889 1320 ac
1914 1265 2098 1322 ﬁdenti
2131 1268 2313 1323 animo
2341 1276 2396 1324 te
2443 1270 2662 1339 Optima:
2692 1271 2820 1324 huic
2869 1272 3233 1341 navigationi,
3283 1288 3387 1342 gu-

1824 1358 2114 1415 bernatore
2139 1359 2387 1426 Christo,
2435 1360 2674 1432 Spiritus
2712 1363 2887 1418 sancti
2935 1363 3138 1427 aﬂlatu,
3177 1371 3389 1433 tempe-

1822 1451 2117 1520 rantiazque
2169 1451 2384 1521 navigio
2432 1460 2624 1508 vectus
2680 1453 2977 1508 committe.
3014 1452 3200 1524 Neque
3239 1453 3387 1508 enim

1822 1542 1915 1611 qui
1938 1557 2085 1597 mare
2119 1543 2399 1612 navigant,
2437 1551 2913 1614 mercaturamque
2937 1544 3075 1599 mari
3105 1552 3385 1609 exercent,

1822 1633 1877 1688 bi
1911 1634 1980 1688 ab
2007 1633 2258 1688 instituto
2279 1635 2392 1704 spei
2421 1650 2585 1691 cursu
2611 1634 2904 1698 desistunt,
2959 1635 3246 1708 naufragio
3289 1636 3386 1692 der

1821 1726 2018 1791 territi,
2039 1725 2183 1795 quod
2223 1726 2495 1796 quispiam
2534 1726 2764 1782 fecerit:
2802 1726 2898 1783 sed
2949 1727 3091 1783 bona
3139 1744 3237 1784 sua
3287 1741 3384 1797 spe

138 1771 316 1887 ῗευμα
343 1776 461 1847 βίου
632 1784 901 1859 ἁμαρτίαν
926 1771 1250 1864 ποιήσασθαι
1274 1838 1290 1865 ,
1322 1801 1416 1853 καὶ
1446 1800 1533 1856 διὰ
1562 1771 1711 1858 τοῦτο

1824 1771 2183 1795 "mum"-
2225 1771 2495 1796 η-.-,,.-...-
2534 1771 2724 1782 ..,.,-..-
2752 1771 2764 1781 .
2802 1771 2898 1783 ην..
2950 1771 3091 1783 νυ..-
3139 1771 3237 1784 υ..-
3287 1771 3381 1797 ,νυ

1821 1816 1924 1887 ipsi
1948 1818 2169 1872 excitati
2192 1819 2260 1872 ad
2303 1817 2526 1887 perfecti
2577 1818 2821 1874 muneris
2875 1818 3034 1874 finem
3099 1818 3381 1875 festinant.

138 1865 425 1965 ἀμέτοχον
439 1871 665 1928 καθόλου
696 1877 795 1947 τῆς
823 1880 1211 1956 καθαρωτέρας
1236 1888 1507 1960 διαμεῖναι
1534 1893 1677 1965 ζωῆς
1700 1913 1715 1961 ;

139 1958 266 2024 Πῶς
290 1962 498 2037 ἀκούῃς
522 1966 617 2020 τοῦ
641 1968 1074 2044 ἐσταυρωμένον,
1104 1979 1133 2031 6
1157 1977 1283 2045 ζῶν,
1304 1958 1397 2036 τοῦ
1426 1958 1715 2041 ἀποθανόνέ

136 2068 232 2115 τος
268 2057 341 2125 τῇ
377 2058 622 2131 ἁμαρτίᾳ
644 2100 659 2121 ,
688 2064 715 2116 6
753 2066 874 2117 κατ’
922 2068 1092 2139 αὐτὴν
1124 2071 1381 2141 ὑγιαίνων
1402 2115 1419 2141 ,
1476 2077 1570 2132 τοῦ
1627 2098 1718 2135 κε-

137 2142 389 2209 λεύοντος
415 2148 514 2219 τὴν
542 2151 911 2225 ῷάκολούθησιν
963 2158 1135 2213 ὀπίσω
1182 2163 1379 2230 αὑτοῦ,
1434 2165 1623 2239 ὥσπερ
1663 2187 1715 2224 τι

138 2236 401 2306 τρόπαιον
457 2242 598 2295 κατὰ
639 2244 729 2298 τοῦ
782 2247 1181 2321 ’Δντικειμένου
1222 2255 1314 2309 τὸν
1344 2259 1574 2328 σταυρὸν
1622 2261 1715 2315 ἐπὶ

136 2327 228 2381 τοῦ
262 2328 519 2400 σώματος
562 2335 849 2406 φέροντος,
890 2341 918 2392 6
969 2342 1043 2413 μὴ
1094 2327 1494 2420 σταυρούμενος
1520 2351 1598 2421 τῷ
1626 2353 1716 2406 κό-

138 2436 259 2513 σμῳ
282 2461 299 2487 ,
342 2422 440 2476 καὶ
483 2424 581 2496 τὴν
608 2427 871 2499 νέκρωσιν
906 2432 1005 2503 τῆς
1036 2437 1236 2507 σαρκὸς
1273 2439 1347 2510 μὴ
1395 2440 1712 2513 δεχόμενος;

130 2510 258 2574 Πῶς
282 2513 466 2605 ’πείθῃ
516 2516 594 2586 τῷ
629 2522 1032 2591 παρακαλοῦντι
1077 2543 1134 2579 σε
1168 2528 1384 2601 Παύλῳ,
1428 2510 1713 2605 παραστῆ-

128 2602 497 2698 σαὶτὺσῶμά
527 2624 620 2661 σου
651 2609 838 2665 θυσίαν
864 2613 1065 2684 ζῶσαν,
1097 2618 1277 2687 ἁγίαν,
1315 2622 1604 2691 εὐάρεστον
1636 2602 1714 2698 τῷ

124 2691 279 2763 Θεῷ,
314 2696 345 2748 6
376 2700 910 2792 συσχηματιζόμενος
949 2707 1026 2778 τῷ
1066 2709 1221 2765 αἰῶνι
1252 2713 1461 2787 τούτῳ,
1504 2719 1597 2773 καὶ
1637 2691 1712 2792 μῆ

126 2788 657 2879 μεταμορφούμενΟς
680 2795 745 2865 τῇ
780 2795 1140 2854 ἀνακαινώσει
1168 2800 1260 2855 τοῦ
1285 2804 1402 2867 νοός
1429 2823 1542 2872 σου,
1577 2788 1712 2879 μηδὲ

123 2877 458 2967 περιπατῶν
502 2881 559 2934 ὲν
590 2886 657 2955 τῇ
688 2886 967 2959 καινότητι
1017 2890 1117 2961 τῆς
1149 2890 1293 2963 ζωῆς
1318 2895 1551 2967 ταύτης,
1581 2877 1710 2952 ἀλλ’

122 2964 207 3019 ἔτι
230 2968 339 3061 τῂν
366 2969 691 3028 ἀκολουθίαν
717 2976 817 3049 τῆς
856 2979 952 3032 τοῦ
981 2981 1209 3036 παλαιοῦ
1247 2964 1533 3058 ἀνθρώπου
1567 2989 1712 3061 ζωῆς

1819 1909 2015 1963 Annon
2070 1910 2305 1965 maxime
2351 1911 2593 1965 omnium
2644 1910 2941 1966 absurdum
2991 1918 3159 1976 esset,
3191 1911 3284 1982 qui
3326 1912 3383 1966 in

1818 2014 2057 2056 errorem
2091 2001 2296 2056 incidat
2333 2002 2389 2055 in
2436 2002 2867 2072 exquisitissima
2904 2002 3119 2058 vivendi
3170 2005 3384 2059 ratione

1818 2091 2121 2161 improbum
2155 2107 2278 2147 eum
2306 2101 2516 2161 putare,
2559 2092 2652 2163 qui
2684 2108 2814 2149 vero
2870 2093 2927 2147 in
2959 2093 3108 2150 omni
3162 2093 3271 2149 vita
3326 2094 3381 2149 in

1816 2180 1966 2236 vitiis
1998 2180 2363 2245 consenescit,
2398 2180 2611 2257 opinari
2645 2195 2768 2235 eum
2814 2181 3009 2238 melius
3048 2182 3385 2238 consulere?

1820 2268 1876 2325 Si
1909 2270 2056 2326 enim
2088 2286 2254 2343 grave
2286 2279 2371 2326 est
2406 2272 2573 2327 semel
2613 2278 2901 2343 peccatum
2922 2272 3229 2341 admittere,
3258 2288 3384 2343 pra-

1816 2370 2111 2435 ptereaque
2139 2364 2476 2420 tutissimum
2511 2378 2634 2420 esse
2676 2364 2899 2430 statuis,
2954 2365 3249 2422 sublimius
3280 2364 3383 2419 ali-

1816 2456 1960 2525 quod
2017 2455 2329 2511 institutum
2398 2470 2506 2510 non
2579 2455 2803 2526 aggredi
2861 2472 2876 2510 :
2955 2464 3161 2526 quanto
3224 2455 3382 2527 pejus

1812 2557 1918 2612 est,
1954 2548 1999 2604 si
2054 2549 2180 2619 quis
2228 2548 2356 2603 vitae
2414 2545 2656 2603 studium
2716 2548 2771 2600 in
2832 2558 3057 2618 peccato
3104 2548 3379 2612 adhibeat,

1812 2653 2041 2707 eamque
2078 2640 2149 2693 ob
2182 2653 2406 2693 causam
2437 2637 2715 2708 puriorem
2775 2640 2940 2693 vitam
2992 2639 3218 2694 omnino
3266 2654 3377 2695 non

1810 2728 2477 2799 expcriatur?Quomo’do
2510 2731 2602 2801 qui
2660 2731 2817 2795 vivit,
2872 2731 3217 2795 crucifixum,
3280 2732 3377 2801 qui

1812 2830 2035 2891 peccato
2061 2829 2289 2892 vegetus
2316 2828 2422 2886 est,
2460 2830 2685 2892 peccato
2718 2828 2992 2877 mortuum
3023 2821 3207 2877 audiet
3236 2836 3376 2891 pra:-

1811 2913 2104 2983 cipientem
2141 2920 2200 2967 ut
2234 2911 2412 2982 ipsum
2441 2922 2721 2983 sequatur,
2744 2926 2961 2967 crucem
2998 2913 3146 2966 velut
3174 2912 3376 2967 hostile

1810 3011 2073 3077 tropaeum
2125 3019 2357 3077 corpore
2396 3003 2660 3061 ferentem
2682 3045 2697 3069 ,
2734 3006 2782 3061 is
2815 3005 2909 3075 qui
2944 3020 3123 3074 neque
3172 3004 3380 3058 mundo

125 3058 452 3160 περιέπωνς
505 3063 631 3129 Πῶς
689 3066 983 3138 ίερατεύεις
1031 3071 1189 3143 Θεῷ,
1228 3075 1400 3131 καίτοι
1454 3080 1533 3143 εἰς
1581 3058 1711 3135 αὐτὸ

1812 3097 2139 3164 crucifixus,
2191 3111 2365 3166 neque
2429 3110 2651 3152 carnem
2717 3097 3047 3151 mortiﬁcare
3109 3095 3371 3166 dignatus

121 3149 287 3205 τοῦτο
315 3154 558 3223 χρισθεὶς
580 3196 595 3221 ,
646 3159 726 3223 είς
755 3160 817 3213 τὸ
864 3164 1195 3235 προσφέρειν
1237 3167 1406 3237 δῶρον
1432 3170 1509 3241 τῷ
1553 3172 1671 3242 Θεῷ
1692 3212 1707 3239 ,

119 3242 301 3314 δῶρον
344 3244 403 3297 δὲ
443 3246 544 3300 ούκ
594 3249 872 3324 ἀλλότριόν
906 3272 959 3307 τι
1005 3256 1258 3323 πάντως,
1296 3261 1416 3314 οὐδὲ
1463 3264 1711 3320 ὑποϐολι-

123 3337 290 3426 μαῖον
313 3336 378 3426 έκ
400 3337 510 3390 τῶν
538 3338 734 3406 ἔξωθέν
774 3360 856 3397 σοι
886 3350 1302 3419 παρεπομένων,
1332 3352 1468 3405 ἀλλά
1494 3354 1553 3408 τὸ
1574 3356 1707 3426 ἀλη-

123 3422 236 3488 θῶς
272 3425 389 3493 σὺν,
420 3427 558 3500 ὅπερ
581 3431 728 3484 ἐστὶν
756 3434 785 3486 6
813 3435 920 3490 ἔσω
944 3437 1227 3507 ἄνθρωπος
1248 3482 1265 3505 ,
1302 3442 1507 3507 τέλειός
1531 3462 1591 3497 τε
1616 3422 1710 3500 καὶ

104 3516 360 3586 ,ἄμωμος
395 3513 534 3571 εἶναι
562 3521 810 3590 ὀφείλων,
840 3527 980 3581 κατὰ
1014 3529 1106 3583 τὸν
1146 3533 1272 3603 περὶ
1303 3532 1397 3587 τοῦ
1422 3534 1596 3605 ἀμνοῦ
1621 3538 1710 3590 νό-

123 3623 228 3675 μον
252 3647 266 3667 ,
303 3608 488 3699 πάσης
531 3613 745 3682 κηλίδος
790 3634 851 3670 τε
899 3622 993 3674 καὶ
1032 3621 1213 3694 λώϐης
1260 3626 1707 3699 ἁπηλλαγμένον;

122 3698 253 3764 Πῶς
304 3696 402 3755 οὖν
450 3704 622 3759 ταῦτα
654 3711 959 3779 προσοίσεις
985 3712 1134 3786 Θεῷ,
1181 3718 1210 3769 6
1245 3717 1319 3789 μὴ
1354 3696 1565 3775 ἀκούων
1591 3696 1707 3791 τοῦ,

123 3791 436 3847 κωλύεσθαι
464 3797 711 3867 ἱερᾶσθαι
738 3802 830 3856 τὸν
857 3805 1088 3874 ἄναγνον
1111 3825 1126 3873 ;
1160 3810 1223 3861 Εἰ
1245 3810 1302 3863 δὲ
1334 3813 1427 3865 καὶ
1457 3812 1549 3867 τὸν
1576 3813 1709 3870 Θεὸν

122 3882 460 3956 ἐπιφανῆναί
494 3904 573 3941 σοι
615 3889 833 3959 ποθεῖς,
872 3896 925 3948 τί
954 3898 1055 3951 οὐκ
1090 3898 1308 3965 ἀκούεις
1330 3902 1422 3956 τοῦ
1446 3905 1706 3971 Μωσέως,

123 3974 459 4047 καθαρεύειν
488 3980 594 4034 ἀπὸ
616 3982 795 4053 γάμου
822 3985 900 4056 τῷ
927 3987 1041 4059 λαῷ
1078 3994 1550 4063 παραγγέλλοντος
1573 4036 1588 4061 ,
1620 3998 1708 4051 ἴνα

123 4070 420 4139 χωρήσωσι
454 4070 546 4125 τοῦ
569 4072 703 4127 Θεοῦ
732 4075 830 4147 τὴν
858 4079 1194 4149 ὲμφάνειαν;
1228 4085 1290 4138 El
1324 4080 1381 4139 δὲ
1423 4088 1595 4158 μικρά
1624 4106 1705 4143 σοι

120 4158 303 4253 ταύτα
330 4160 498 4225 δοκεῖ,
538 4165 600 4218 τὸ
659 4171 1101 4243 συσταυρωθῆναι
1135 4176 1355 4249 Χριστῷ
1375 4217 1391 4243 ,
1420 4179 1481 4231 τὸ
1530 4198 1707 4253 παραο

124 4250 327 4321 στῆσαι
372 4254 562 4309 ἑαυτὸν
605 4256 794 4312 θυσίαν
826 4261 944 4333 Θεῷ
967 4302 981 4327 ,
1014 4264 1076 4316 τὸ
1115 4266 1266 4336 ἱερέα
1320 4268 1573 4337 γενέσθαι
1611 4250 1705 4325 τοῦ

121 4341 262 4395 Θεοῦ
293 4343 393 4397 τοῦ
434 4345 657 4416 ὑψίστου
681 4390 697 4414 ,
732 4352 792 4405 τὸ
833 4352 934 4423 τῆς
984 4356 1222 4427 μεγάλης
1276 4357 1369 4412 τοῦ
1407 4360 1542 4415 Θεοῦ
1594 4363 1706 4417 ἑπι-

1810 3187 1938 3243 est?
1963 3186 2245 3253 Quomodo
2273 3186 2466 3249 Paulo,
2500 3187 2592 3257 qui
2651 3195 2704 3242 te
2737 3188 2822 3243 his
2875 3187 3062 3244 verbis
3115 3187 3377 3243 adhorta-

1811 3278 2006 3331 tur“:
2053 3295 2072 3328 ‹
2108 3276 2313 3332 Exhibe
2359 3292 2559 3347 corpus
2608 3284 2760 3331 tuum
2811 3277 3044 3333 bosuam
3083 3276 3375 3341 viventem,

1811 3377 2076 3431 sanctam,
2109 3368 2218 3423 Deo
2259 3368 2559 3439 placentem
2582 3408 2598 3431 ,
2633 3387 2652 3421 ›
2680 3370 3047 3439 obtemperas,
3069 3370 3163 3440 qui
3210 3369 3378 3439 hujus

1812 3460 1992 3515 saeculi
2022 3459 2265 3513 habitum
2300 3458 2526 3524 induis;
2562 3458 2657 3529 qui
2698 3475 2877 3529 neque
2918 3461 3119 3515 mentis
3154 3468 3258 3515 tua:
3288 3476 3377 3515 re-

1810 3553 2100 3607 novatione
2145 3550 2492 3616 immutatus,
2554 3567 2732 3622 neque
2770 3566 2968 3606 novam
3020 3551 3190 3621 hujus
3248 3553 3377 3608 vitae

1809 3643 1951 3698 viam
2009 3642 2291 3713 ingressus
2343 3642 2545 3698 veteris
2582 3642 2821 3700 hominis
2880 3642 3007 3698 vitae
3060 3644 3372 3699 institutum

1810 3732 2196 3804 persequeris?
2255 3730 2537 3797 Quomodo
2586 3730 2681 3786 Dei
2734 3731 3042 3787 sacerdotio
3081 3730 3367 3803 fungeris,

1808 3824 1902 3893 qui
1937 3823 2005 3877 ad
2035 3823 2138 3878 hoc
2166 3822 2370 3893 ipsum,
2400 3829 2459 3875 ut
2484 3837 2681 3877 munus
2723 3821 2972 3888 oﬂ‘erres,
3014 3830 3216 3879 unctus
3264 3838 3325 3880 es
3348 3822 3375 3878 Ἰ

1807 3916 2001 3971 Munus
2022 3929 2153 3973 sane
2176 3930 2285 3969 non
2315 3914 2544 3969 omnino
2588 3914 2851 3980 alienum,
2900 3929 3079 3984 neque
3121 3915 3374 3985 supposi-

1805 4014 1920 4060 tum
1951 4021 2015 4061 ex
2044 4004 2133 4070 iis,
2164 4019 2284 4075 qua:
2307 4003 2404 4058 tibi
2444 4004 2788 4059 extrinsecus
2822 4004 3103 4070 eveniunt,
3156 4004 3253 4060 sed
3281 4020 3373 4059 re-

1806 4111 1933 4153 vera
1962 4104 2141 4162 tuum,
2165 4095 2310 4166 quod
2338 4102 2423 4152 est
2450 4094 2615 4149 homo
2642 4103 2769 4150 tuus
2805 4095 3057 4160 interior,
3106 4095 3199 4166 qui
3240 4101 3370 4150 tan-
3430 4095 3434 4098 ⁴
3490 4094 3493 4099 ’

1805 4201 1967 4257 quam
1998 4200 2169 4256 agnus
2210 4185 2492 4246 innocens,
2537 4192 2591 4237 et
2613 4183 2887 4253 perfectus
2923 4199 3042 4240 esse
3079 4184 3264 4248 debet,
3300 4186 3371 4241 ab

1805 4277 2061 4346 omnique
2102 4274 2314 4330 macula
2359 4288 2425 4330 ac
2462 4274 2718 4330 sordibus
2767 4283 3031 4330 remotus.
3077 4273 3364 4341 Quomodo

1806 4369 1921 4423 haec
1949 4368 2066 4437 ipsa
2100 4365 2209 4423 Deo
2253 4365 2469 4433 oﬂeres,
2535 4367 2627 4436 qui
2693 4366 2801 4438 legi
2859 4381 2967 4422 non
3020 4366 3369 4437 obtemperes

123 4433 357 4529 φανείας
375 4434 669 4529 ἀξιωθῆναι
700 4454 715 4470 ⁸
739 4441 792 4493 τί
824 4460 908 4496 σοι
938 4444 1139 4499 τούτων
1167 4449 1538 4522 ἐπινοήσωμεν
1574 4453 1706 4525 ύψη-

1812 4433 2135 4529 prohibenti,
2181 4472 2250 4513 ne
2292 4472 2451 4513 sacra
2487 4433 2735 4527 impurus
2753 4433 2935 4513 faciat
2959 4458 2982 4512 ?
3005 4457 3083 4514 Ac
3124 4458 3168 4513 si
3198 4433 3366 4515 Deum

121 4523 376 4596 λότερον,
404 4525 563 4599 εἴπερ
616 4546 700 4583 σοι
740 4534 911 4605 μικρά
941 4537 1034 4589 καὶ
1063 4537 1131 4591 τὰ
1158 4539 1266 4592 ἀπὸ
1290 4540 1492 4595 τούτων
1518 4523 1699 4613 δόξεις

133 4617 230 4669 Ἐκ
264 4617 370 4687 μὲν
406 4618 515 4691 γὰρ
552 4623 645 4676 τοῦ
678 4628 1155 4701 συσταυρωθῆναι,
1178 4632 1272 4686 καὶ
1303 4633 1569 4704 συζῆσαι,
1606 4638 1701 4691 καὶ

122 4709 550 4782 συνδοξασθῆναι
576 4753 591 4778 ,
620 4718 713 4771 καὶ
747 4721 1173 4791 ωμόασιλεῦσαι
1220 4726 1603 4796 προσγίνεταισ
1634 4732 1700 4786 ὲκ

118 4800 181 4895 δέ
202 4802 303 4857 τοῦ
326 4804 525 4895 ἑαυτὸν
556 4812 903 4882 παραστῆσαι
939 4815 1016 4885 τῷ
1040 4814 1158 4887 Θεῷ
1181 4857 1195 4882 ,
1234 4818 1341 4872 ἀπὸ
1362 4819 1460 4889 τῆς
1490 4822 1700 4895 ἀνθρω-

120 4891 287 4983 πίνης
324 4892 542 4962 φύσεως
569 4900 662 4953 καὶ
687 4900 843 4966 ἀξίας
865 4942 881 4967 ,
916 4905 995 4966 είς
1018 4905 1115 4971 τὴν
1147 4908 1439 4981 ἀγγελικήν
1460 4912 1575 4964 ἐστι
1593 4891 1697 4983 ’με-

117 4982 478 5049 τατάξασθαι.
507 4987 662 5042 Οὕτω
691 4990 798 5063 γάρ
828 5010 961 5065 φησι
993 4996 1087 5050 καὶ
1115 4997 1144 5050 6
1189 5000 1385 5072 Δανιὴλ
1409 5041 1424 5067 ,
1455 5004 1536 5057 ὅτι
1569 4982 1697 5059 «XE-

118 5082 236 5169 λιαι
263 5074 501 5169 χιλιάδες
526 5084 982 5154 παρειστήκεισαν
1009 5087 1176 5159 αύτῷ.
1208 5108 1228 5142 ι
1272 5091 1331 5145 '0
1356 5092 1413 5145 δὲ
1437 5094 1537 5165 τῆς
1559 5096 1694 5169 ἀλη-

118 5165 274 5236 θινῆς
317 5168 618 5243 ἱερωσύνης
658 5173 984 5247 λαϐόμενος,
1015 5180 1107 5233 καὶ
1136 5181 1214 5254 τῷ
1259 5184 1480 5256 μεγάλῳ
1510 5165 1694 5258 ἀρχιε-

121 5261 206 5325 ρεῖ
230 5259 427 5350 ἑαυτὸν
457 5266 719 5331 συντάξας
736 5308 751 5332 ,
790 5270 941 5339 μένει
968 5274 1185 5338 πάντως
1208 5276 1302 5329 καὶ
1325 5277 1486 5342 αὐτὸς
1517 5279 1694 5350 ἱερεὺς

118 5350 197 5412 εἰς
228 5349 323 5404 τὸν
346 5351 541 5418 αἰῶνα,
571 5354 749 5410 οὐκέτι
781 5359 993 5432 θανάτῳ
1025 5365 1364 5436 παραμένειν
1393 5368 1473 5431 είς
1504 5349 1578 5423 τὸί
1610 5370 1690 5424 δι-

119 5443 313 5511 ηνεκὲς
339 5443 695 5515 κωλυόμενος.
723 5449 827 5504 Τοῦ
862 5453 920 5506 δὲ
939 5454 1033 5507 τὸν
1069 5455 1201 5510 Θεὸν
1226 5458 1397 5514 εἰπεῖν
1425 5458 1693 5525 καταξιωο

122 5534 279 5604 θῆναι
326 5534 457 5589 ἰδεῖν
481 5576 497 5601 ,
535 5539 634 5592 οὐκ
659 5540 814 5607 ἀλλος
843 5544 928 5610 τίς
951 5546 1097 5602 ἐστιν
1133 5548 1162 5601 6
1198 5550 1441 5623 καρπὸς,
1480 5551 1513 5623 ἢ
1560 5553 1694 5607 αὐτὸ

190 5710 237 5742 ⁸⁸
266 5708 426 5768 Rom.
457 5729 557 5775 xu,
589 5716 639 5771 1.

1802 4547 1898 4601 tibi
1921 4561 2181 4618 apparere
2209 4546 2440 4617 expetis,
2468 4545 2599 4616 quid
2628 4560 2807 4600 causa:
2834 4555 2937 4612 est,
2980 4560 3080 4601 cur
3119 4545 3360 4618 Moysem

1800 4654 1912 4695 non
1943 4639 2155 4705 audias,
2189 4639 2283 4709 qui
2311 4637 2512 4709 populo
2571 4637 2757 4703 edicit,
2785 4645 2843 4692 ut
2873 4652 2901 4690 a
2946 4638 3153 4705 nuptiis
3197 4654 3367 4709 purus

1804 4731 1899 4796 sit,
1927 4746 2038 4803 quo
2070 4731 2167 4786 Dei
2206 4740 2486 4801 aspectum
2536 4728 3000 4797 comprehendat?
3040 4728 3137 4785 Sin
3170 4730 3363 4801 exigua

1799 4823 1915 4878 haec
1960 4823 2060 4879 tibi
2095 4822 2368 4886 videntur,
2407 4836 2533 4877 cum
2579 4821 2801 4876 Christo
2839 4822 3003 4877 simul
3044 4822 3363 4877 cruciﬁxum

1800 4927 1941 4977 esse,
1975 4926 2035 4967 se
2061 4911 2238 4981 ipsum
2268 4910 2502 4965 hostiam
2544 4908 2654 4965 Deo
2696 4910 2977 4976 exhibere,
3022 4910 3362 4991 sacerdotem

1803 5002 1916 5058 fieri
1945 5002 2235 5066 Altissimi,
2287 5015 2593 5071 magnoque
2640 5000 2734 5055 illo
2781 5000 2878 5057 Dei
2929 5002 3222 5072 splendore
3265 5001 3354 5056 di-

1801 5108 1964 5164 gnum
1990 5092 2176 5148 haberi
2200 5109 2214 5146 :
2236 5106 2357 5162 quae
2381 5092 2573 5146 altiora
2597 5106 2699 5147 nos
2727 5092 2821 5146 tibi
2843 5092 3356 5158 commentabimur,

1800 5183 1847 5238 si
1879 5198 1998 5253 quae
2028 5198 2095 5237 ex
2128 5181 2198 5239 iis
2231 5190 2660 5253 consequantur,
2717 5182 2854 5236 levia
2902 5182 3068 5237 etiam
3102 5181 3362 5251 putabis?

1801 5274 1879 5329 Ex
1906 5291 1972 5331 eo
2004 5275 2147 5331 enim
2183 5275 2328 5347 quod
2376 5274 2537 5331 simul
2569 5274 2908 5345 cruciﬁgere,
2937 5288 3045 5328 una
3075 5273 3237 5329 etiam
3279 5275 3358 5353 vi-

1796 5380 1924 5421 vere
1954 5380 2021 5420 ac
2062 5364 2234 5436 gloria
2282 5363 2477 5422 ﬂorere
2517 5375 2571 5421 et
2616 5380 2841 5435 regnare
2889 5365 3231 5434 acquiritur;
3289 5382 3356 5421 ex

1798 5473 1864 5513 eo
1920 5466 2123 5524 autem,
2173 5458 2318 5529 quod
2368 5458 2607 5528 seipsum
2651 5456 2760 5511 Deo
2792 5457 2916 5526 quis
2968 5457 3234 5523 exhibuit,
3289 5458 3358 5511 ah

1797 5552 2035 5609 humana
2093 5562 2293 5609 natura
2349 5550 2720 5624 dignitateque
2774 5551 2905 5607 licet
2946 5551 3001 5606 in
3057 5552 3356 5623 angelicam
