3844 6386
473 277 584 336 M5

1705 281 1762 339 S.
1794 281 2124 340 GBEGOBII
2147 281 2438 340 NYSSENI

3620 285 3732 344 416

470 400 820 459 commutari.
847 401 921 455 Ita
948 401 1094 456 enim
1127 399 1317 457 Daniel
1341 420 1356 457 :
1393 419 1411 453 ι
1436 399 1637 464 Millies
1659 402 1703 433 "
1733 403 1880 458 mille
1907 404 2041 458 asti-

2151 403 2298 458 τοῦτο
2347 405 2404 458 τὸ
2441 404 2844 476 καταξιωθῆναι
2876 404 2968 459 τὸν
3011 403 3146 458 Θεὸν
3185 404 3336 460 ἰδεῖν.
3382 403 3571 476 Πάσης
3617 408 3730 478 γὰρ

472 500 657 550 terunt
681 492 752 547 ei.
780 511 798 545 ι
821 491 925 558 Qui
954 501 1134 547 autem
1160 501 1246 548 est
1264 493 1334 547 ab
1352 508 1418 548 eo
1438 501 1716 563 acceptus,
1743 495 1835 565 qui
1861 510 2047 550 verum

472 583 802 639 sacriﬁcium
851 591 957 648 est,
995 599 1322 654 summoque
1356 586 1702 640 sacerdotum
1728 585 1960 656 principi
1990 601 2049 641 se

471 675 651 744 ipsum
677 675 986 740 constituit,
1038 684 1222 730 manet
1253 677 1478 730 omnino
1518 683 1572 728 et
1621 675 1740 746 ipse
1787 675 2048 744 sacerdos

470 765 529 822 in
567 763 860 829 aeternum,
889 782 992 822 nec
1022 781 1051 819 a
1091 774 1268 822 morte
1299 767 1355 822 in
1405 767 1802 837 sempiternum
1832 782 2048 838 perma-

471 874 605 914 nere
651 858 1000 930 prohibetur.
1037 858 1189 916 lllius
1226 875 1378 925 vero,
1411 859 1505 930 qui
1540 859 1763 929 dignum
1791 874 1852 914 se
1878 858 2047 915 Deum

469 951 656 1006 videre
689 951 924 1021 putavit,
960 965 1070 1005 non
1102 951 1302 1021 aliquis
1331 951 1472 1007 alius
1502 949 1719 1006 fructus
1744 958 1850 1015 est,
1881 965 2047 1021 quam

471 1045 576 1098 hoc
599 1043 801 1114 ipsum.
850 1059 1046 1115 nempe
1075 1042 1224 1114 quod
1263 1043 1436 1098 Deum
1475 1043 1663 1105 videre
1713 1043 1912 1115 dignus
1946 1043 2047 1097 ha-

472 1133 620 1189 bitus
645 1142 749 1189 est.
776 1132 968 1190 Omnis
1003 1133 1149 1189 enim
1185 1134 1302 1204 spei
1333 1149 1570 1197 summa,
1607 1135 1791 1189 omnis
1839 1134 2048 1204 cupidi-

472 1227 602 1280 tatis
629 1224 918 1294 perfectio,
951 1226 1134 1280 omnis
1160 1234 1217 1281 et
1242 1225 1644 1290 beneﬁcentiae,
1690 1232 1746 1280 et
1790 1225 2047 1296 promissi

473 1313 664 1380 divini,
694 1325 749 1370 et
785 1315 1144 1370 ineﬁ'abilium
1175 1317 1466 1381 bonorum,
1502 1331 1625 1386 quae
1655 1331 1831 1386 neque
1855 1332 2044 1380 sensu,

474 1421 654 1476 neque
687 1408 1001 1478 cognitione
1030 1407 1236 1478 percipi
1270 1422 1433 1478 posse
1479 1407 1686 1463 credita
1734 1416 1882 1474 sunt,
1924 1407 2047 1464 ﬁnis

472 1494 563 1549 hic
583 1502 666 1550 est
685 1502 849 1565 atque
871 1503 1054 1566 caput.
1084 1494 1198 1550 Hoc
1215 1495 1426 1565 Moyses
1451 1495 1733 1568 expetivit,
1757 1496 1860 1550 hoc
1887 1497 2045 1551 multi

473 1585 905 1658 prophetam-hoc
955 1594 1010 1642 et
1065 1602 1222 1657 reges
1290 1587 1479 1656 videre
1549 1586 1884 1658 cupierunt:
1943 1587 2046 1642 Soli

2149 495 2359 558 ἐλπίδος
2388 497 2421 567 ἡ
2458 495 2669 568 κορυφὴ
2693 537 2708 562 ,
2756 497 2849 550 καὶ
2882 497 3065 567 πάσης
3112 496 3407 566 ἐπιθυμίας
3429 540 3444 563 ,
3475 498 3731 567 εὐλογίας

2124 603 2205 640 ,τε
2226 585 2361 640 Θεοῦ
2381 627 2397 650 ,
2426 588 2756 656 ἐπαγγελίας
2787 588 2967 657 πάσης
2992 627 3006 651 ,
3039 589 3134 641 καὶ
3177 588 3283 640 τῶν
3309 589 3569 659 ἀρρήτων
3597 591 3733 658 ἁγα-

2148 677 2276 744 θῶν,
2307 677 2412 731 τῶν
2455 678 2592 749 ὑπὲρ
2623 677 2874 747 αἴσθησίν
2910 697 2970 732 τε
3003 681 3096 732 καὶ
3125 679 3324 748 γνῶσιν
3355 681 3729 750 πεπιστευμέ-

2147 785 2253 822 νων
2277 809 2292 833 ,
2323 768 2385 822 τὸ
2418 769 2591 839 πέρας
2627 771 2720 822 καί
2748 769 2808 823 τὸ
2840 769 3134 838 κεφάλαιον
3166 767 3322 823 τοῦτό
3361 771 3509 824 ἐστιν
3531 813 3546 836 ,
3571 771 3601 824 ὃ
3631 773 3731 824 καὶ

2145 858 2175 910 ό
2199 857 2404 929 Μωσῆς
2433 857 2559 912 ἰδεῖν
2602 858 2905 930 ἐπεπόθησε
2929 899 2944 922 ,
2977 860 3070 913 καὶ
3101 860 3287 912 πολλοὶ
3316 863 3589 933 προφῆται
3634 862 3732 913 καὶ

2149 951 2385 1024 βασιλεῖς
2413 950 2766 1022 ἐπεθύμησαν
2786 968 2802 984 ο
2834 952 3110 1020 ἀξιοῦνται
3147 953 3204 1005 δὲ
3233 953 3382 1024 μόνοι
3413 954 3460 1005 oi
3496 954 3732 1023 καθαροί

2145 1045 2212 1114 τῇ
2241 1041 2459 1112 καρδίᾳ,
2487 1043 2537 1096 ol
2562 1041 2651 1096 διὰ
2667 1040 2822 1096 τοῦτο
2843 1042 3009 1106 ὅντως
3041 1043 3298 1113 μακάριοι
3327 1042 3422 1097 καὶ
3455 1043 3609 1105 ὄντες
3636 1043 3734 1096 καὶ

2145 1133 2555 1204 ὀνομαζόμενοι,
2589 1134 2672 1187 ὅτι
2709 1133 2863 1188 αὐτοὶ
2890 1133 2981 1187 τὸν
3009 1134 3142 1187 Θεὸν
3162 1132 3384 1203 ὄψονται
3409 1148 3424 1162 ο
3455 1128 3530 1186 ὧν
3561 1133 3732 1186 ἕνεκα

2148 1229 2244 1282 καὶ
2275 1228 2335 1281 σὲ
2366 1226 2666 1299 βουλόμεθα
2697 1223 3443 1297 γενέσθαι·συσταυρωθέντα
3481 1223 3731 1302 Χριστῷ,

2147 1319 2501 1392 παραστάντα
2527 1319 2604 1390 τῷ
2628 1317 2747 1390 Θεῷ
2776 1317 2937 1387 ἁγνὸν
2971 1317 3120 1390 ἰερὲα
3138 1357 3153 1381 ,
3185 1315 3554 1388 καὶ’καθαρὸν
3577 1315 3734 1386 θῦμα

2146 1412 2457 1482 γενόμενον,
2487 1413 2550 1466 ἐν
2582 1411 2733 1484 πάσῃ
2760 1409 3091 1482 καθαρότητι
3115 1409 3206 1463 διὰ
3233 1409 3330 1480 τῆς
3360 1408 3580 1476 ἁγνείας
3607 1407 3735 1458 ἐαυ⁹

2146 1503 2237 1557 τὸν
2264 1504 2628 1575 έτοιμάσαντα
2653 1505 2720 1574 τῇ
2761 1500 2857 1554 τοῦ
2883 1500 3015 1554 θεοῦ
3045 1501 3344 1572 παρουσίᾳ·
3379 1500 3468 1554 ἵνα
3508 1499 3604 1552 καὶ
3630 1497 3735 1550 αὐ-

2145 1595 2236 1660 τὸς
2265 1596 2382 1667 ἴδῃς
2428 1595 2521 1649 τὸν
2563 1595 2694 1649 Θεὸν
2734 1595 2792 1648 ἐν
2841 1592 3055 1664 καθαρᾷ
3096 1594 3161 1663 τῇ
3209 1590 3422 1662 καρδίᾳ,
3458 1588 3601 1643 κατά
3631 1588 3734 1658 τὴν

471 1693 605 1734 vero
666 1677 720 1733 bi
756 1679 904 1750 digni
946 1686 1229 1750 putantur,
1260 1679 1354 1749 qui
1417 1678 1584 1734 corde
1619 1679 1777 1748 puri,
1835 1679 1930 1750 qui
1976 1679 2048 1735 ob

2151 1686 2484 1755 ἐπαγγελίαν
2539 1685 2633 1740 τοῦ
2687 1684 2822 1739 Θεοῦ
2879 1684 2975 1738 καὶ
3035 1681 3284 1753 Σωτῆρος
3330 1680 3487 1753 ἡμῶν
3549 1677 3733 1750 Ἰησοῦ

471 1767 579 1824 hoc
606 1769 785 1840 ipsum
818 1770 959 1825 beati
990 1775 1122 1825 sunt
1157 1777 1210 1825 et
1266 1769 1559 1834 habentur,
1618 1769 1878 1838 quoniam
1937 1771 2045 1840 ipsi

2151 1774 2420 1846 Χριστοῦ,
2451 1768 2497 1845 ᾧ
2531 1778 2566 1847 ἡ
2613 1775 2737 1840 δόξα
2787 1777 2868 1838 είς
2911 1774 3038 1838 τοὺς
3081 1771 3283 1836 αἰῶνας
3327 1770 3727 1830 τῶν,αίώνων.

473 1858 644 1914 Deum
669 1859 933 1916 videbunt
957 1863 1044 1928 ἐς
1079 1875 1147 1916 ex
1188 1859 1394 1932 quibus
1429 1869 1480 1915 te
1532 1875 1698 1915 unum
1729 1862 1845 1916 ﬁeri
1884 1863 2047 1916 volu‘.

2166 1865 2222 1918 Ἀ
2232 1864 2304 1936 μή
2310 1881 2360 1920 ν.

472 1965 616 2015 Inus,
651 1950 746 2020 qui
789 1966 914 2006 cum
946 1951 1168 2008 Christo
1217 1968 1325 2008 una
1382 1953 1704 2019 cruciﬁxus,
1759 1962 1811 2010 te
1851 1937 2046 2025 purum
2088 1947 2429 2013 sacerdOtem
2467 1956 2579 2013 Deo
2607 1957 2911 2013 exhibeas:
2959 1955 3120 2026 quive
3169 1953 3317 2011 omni
3388 1967 3524 2022 pura
3588 1952 3736 2007 inte-

473 2042 670 2112 gritate
704 2040 1036 2098 sacriﬁcium
1083 2060 1283 2116 purum
1354 2045 1537 2102 factus
1575 2047 1874 2114 castitatis,
1941 2049 2117 2120 ipsius
2151 2050 2412 2120 praesidio
2441 2058 2495 2106 te
2520 2052 2586 2105 ad
2619 2053 2909 2108 adventum
2950 2049 3162 2104 Domini
3194 2061 3372 2118 pares,
3403 2055 3461 2099 ut
3500 2055 3554 2098 tu
3591 2060 3732 2114 quo-

470 2151 580 2202 que
608 2151 747 2206 puro
768 2136 933 2192 corde
969 2137 1138 2194 Deum
1169 2139 1434 2210 aspicias,
1464 2148 1526 2194 ut
1554 2141 1848 2211 promissio
1887 2144 2051 2200 nobis
2089 2145 2232 2199 facta
2258 2154 2344 2200 est
2391 2159 2423 2199 a
2469 2145 2578 2201 Deo
2615 2143 3011 2216 Servatoreque
3079 2152 3268 2198 nostro
3309 2141 3440 2198 Jes’u
3477 2142 3725 2204 Christo,

471 2242 595 2285 cum
632 2242 744 2298 quo
772 2228 946 2298 gloria
971 2229 1330 2300 omnipotenti
1362 2231 1496 2300 Deo,
1532 2247 1643 2287 una
1681 2248 1807 2289 cum
1841 2234 2049 2307 Spiritu
2087 2246 2277 2294 sancto
2306 2237 2364 2293 in
2395 2237 2727 2310 sempiterna
2752 2236 2972 2294 Saecula.
3003 2236 3198 2291 Amen.

429 2383 432 2386 ’
541 2383 583 2416 ’ί
615 2381 827 2440 Daniel.
859 2400 960 2450 vn,
997 2384 1083 2440 l'O.
1161 2386 1208 2417 "
1238 2383 1432 2442 Matth.
1461 2402 1515 2454 ν,
1543 2380 1596 2441 8.

1161 2657 1472 2862 Tor
1560 2745 2051 2862 ΑΥΤΟΥ
2160 2697 3021 2863 ΓΡΗΓΟΡΙΟΥ

791 2976 1078 3064 ΠΡΟΣ
1149 2977 1442 3071 ΤΟΥΣ
1516 2971 2304 3064 ΒΡΑΔΥΝΟΝΤΑΣ
2376 2968 2548 3059 ΕΙΣ
2619 2974 2766 3058 ΤΟ
2838 2966 3420 3064 ΒΑΠΤΙΣΜΑ.

2067 3190 2138 3202 .-

713 3471 718 3478 .
849 3486 854 3492 ,
987 3500 991 3504 ,
1302 3336 1938 3457 EJUSDEM
2025 3335 2146 3460 s.
2242 3330 2920 3452 GREG’ORII

479 3569 1094 3675 ADVERSUS
1160 3565 1384 3669 EOS
1443 3575 1656 3684 QUI
1721 3575 2423 3666 DIFFERUNT
2474 3551 3172 3662 BAPTISMUM
3217 3562 3724 3662 ORATIO.

1706 3773 1934 3825 Genuam
1957 3770 2163 3824 Herveto
2179 3772 2452 3839 interprete.

2057 3952 2127 3966 ﬂ

553 4076 728 4156 liuius
759 4085 952 4142 mundi
979 4098 1160 4158 reges,
1200 4099 1326 4142 cum
1353 4085 1500 4159 leges
1547 4087 1889 4159 scripserint,
1933 4099 2051 4158 qua:

2224 4088 2286 4142 Οἰ
2305 4086 2403 4158 τῆς
2423 4083 2747 4156 οἰκουμένης
2768 4081 2977 4152 ταύτης
2988 4079 3246 4152 βασιλεῖς,
3267 4079 3429 4153 ἡνίκα
3450 4079 3516 4137 ἂν
3531 4081 3736 4156 νόμους

480 4175 766 4234 hominum
813 4178 942 4234 vitae
985 4187 1194 4235 certam
1234 4178 1476 4250 regulam
1519 4174 1903 4246 constituunt,
1956 4191 2051 4235 eas

2155 4178 2507 4252 συγγράψωσι
2553 4177 2679 4240 τοὺς
2715 4174 2824 4229 τῶν
2865 4173 3170 4245 ἀνθρώπων
3224 4172 3373 4244 βίους
3423 4173 3602 4237 καλῶς
3632 4191 3729 4227 καο

475 4264 761 4326 tradentes
793 4271 1232 4342 magistratibus,
1277 4283 1376 4340 per
1411 4269 1537 4327 illos
1579 4283 1675 4326 eas
1708 4270 1906 4341 jubent
1946 4285 2050 4340 pu-

481 4361 938 4425 blicari-civibus,
975 4369 1034 4417 ut
1065 4377 1187 4432 quae
1207 4363 1364 4433 jussa
1388 4359 1615 4428 iuerint,
1656 4362 1737 4418 sic
1763 4370 2051 4417 serventur

485 4454 765 4510 inviolata.
802 4451 964 4508 Dedit
993 4463 1172 4508 autem
1204 4467 1434 4524 magnus
1473 4463 1690 4525 quoque
1736 4449 1881 4508 Dens
1912 4453 2055 4524 leges

485 4541 852 4602 Ecclesiarum
889 4545 1123 4600 ducibus
1149 4586 1164 4610 ,
1211 4559 1364 4617 quas,
1393 4545 1629 4616 singulis
1684 4544 1844 4599 annis
1890 4545 2056 4600 certis

485 4635 823 4707 temporibus
875 4633 1238 4706 proferentes,
1299 4635 1454 4691 vobis
1498 4635 1768 4705 legimus,
1823 4639 1877 4689 ει
1935 4647 2056 4704 quae

486 4730 694 4802 scripta
742 4737 872 4784 sunt
912 4728 1170 4798 iubemus
1226 4744 1448 4786 servare
1505 4745 1606 4802 pro
1651 4730 1882 4787 viribus.
1920 4729 2060 4785 Ecce

488 4835 619 4891 ergo
665 4819 843 4874 bonus
889 4817 1277 4874 universorum
1321 4817 1688 4890 dispensator,
1739 4821 1833 4892 qui
1884 4834 2058 4876 annos

487 4917 712 4968 revocat
769 4916 826 4964 et
877 4915 1186 4978 temporum
1236 4909 1505 4979 gubernat
1564 4904 1880 4972 ambitum,"
1915 4908 2058 4963 diem

490 4999 714 5056 adduxit
745 5001 1038 5055 salutarem
1068 5014 1177 5070 quo
1205 4999 1446 5056 solemus
1488 5013 1683 5054 vocare
1716 4998 1959 5069 hospites
1992 4999 2059 5054 ad

491 5093 837 5165 adoptionem
873 5091 928 5148 in
962 5092 1125 5157 ﬁlios,
1163 5108 1364 5164 egenos
1411 5093 1477 5148 ad
1526 5093 1712 5164 gratia:
1769 5078 2061 5163 participa-

2153 4272 2493 4339 νονίζοντας,
2536 4272 2651 4335 τοῖς
2697 4268 2954 4341 ἄρχουσιν
2987 4267 3183 4331 αὐτοὺς
3216 4265 3634 4337 ἐγχειρίζοντες,
3665 4267 3733 4319 δι’

2153 4364 2377 4419 ἐκείνων
2417 4361 2697 4418 κελεύουσι
2742 4363 2854 4423 τοῖς
2886 4358 3145 4432 ὑπηκόοις
3173 4355 3588 4429 δημοσιεόεσθαι
3613 4398 3631 4424 ,
3667 4359 3735 4411 ἶν’

2153 4455 2325 4520 οὕτως
2382 4454 2713 4528 ἀπαράϐατα
2771 4452 2838 4506 τὰ
2888 4449 3337 4522 προστεταγμένα
3391 4448 3734 4519 φυλάττοιτο.

2159 4548 2382 4602 Ἔδωκε
2414 4548 2472 4602 δὲ
2525 4549 2554 4601 ό
2588 4547 2759 4618 μέγας
2799 4542 2931 4608 Θεὸς
2971 4542 3167 4613 νόμους
3197 4543 3308 4605 τοῖς
3345 4540 3455 4595 τῶν
3503 4540 3738 4610 Ἐκκλη-

2159 4641 2290 4695 σιῶν
2320 4639 2618 4712 ἡγεμόσιν,
2655 4638 2747 4703 οὓς
2796 4636 2918 4701 καθ’
2965 4636 3195 4690 ἕκαστον
3242 4631 3485 4687 ἐνιαυτὸν
3531 4633 3589 4685 ἐν
3624 4636 3737 4694 τοῖς

2157 4731 2457 4804 καθήκουσι
2502 4731 2712 4803 χρόνοις
2761 4725 3166 4799 προφέροντες,
3215 4721 3738 4793 ὑπαναγινώσκομεν

2161 4827 2307 4898 ὕμῖν,
2335 4826 2428 4878 καὶ
2449 4826 2635 4895 τηρεῖν
2663 4824 2744 4886 εἰς
2781 4821 3008 4892 δύναμιν
3031 4819 3099 4874 τὰ
3127 4817 3485 4890 γεγραμμένα
3523 4816 3738 4870 κελεύο·

2163 4934 2280 4990 μεν.
2324 4917 2452 4972 Ἰδοὺ
2500 4916 2680 4969 τοίνυν
2738 4917 2766 4968 ὁ
2811 4914 2918 4967 τῶν
2947 4913 3081 4967 ὅλων
3112 4910 3312 4981 ἀγαθὸς
3355 4911 3673 4979 οἰκονόμος,
3709 4909 3737 4962 ὁ

2159 5011 2285 5073 τοὺς
2340 5007 2614 5068 ἐνιαυτοὺς
2665 5003 2982 5059 ἀνακυκλῶν
3033 5004 3128 5056 καὶ
3172 5000 3448 5072 κυϐερνῶν
3490 4999 3586 5070 τὴν
3622 4999 3734 5051 τῶν

2162 5105 2365 5177 χρόνων
2403 5102 2670 5174 περίοδον,
2703 5101 2908 5171 ἤγαγεν
2946 5097 3154 5168 ἡμέραν
3183 5097 3464 5166 σωτήριον,
3506 5090 3627 5144 καθ’
3665 5091 3731 5161 ἦν

492 5187 718 5252 tionem,
745 5184 812 5240 ad
830 5194 1180 5256 peccatorum
1208 5183 1651 5240 emundationem
1682 5193 1778 5240 eos
1809 5185 1902 5254 qui
1933 5191 2051 5239 sunl

2165 5194 2391 5266 σύνηθες
2413 5194 2543 5265 ἡμῖν
2559 5192 2743 5245 καλεῖν
2767 5191 2846 5252 εἰς
2869 5187 3135 5242 υἱοθεσίαν
3155 5185 3280 5248 τοὺς
3312 5183 3512 5249 ξένους,
3530 5181 3607 5244 εἰς
3634 5182 3733 5250 χά-

494 5276 766 5348 inquinati
801 5277 1060 5333 sordibus
1119 5285 1494 5348 peccatorum.
1531 5273 1600 5330 Et
1632 5275 1749 5331 hac
1786 5285 1871 5333 est
1907 5283 2051 5332 Vetus

2167 5302 2312 5357 ριτος
2339 5284 2625 5357 μετουσίαν
2641 5281 2765 5344 τοὺς
2792 5277 3134 5350 πενομένους,
3158 5278 3236 5340 είς
3262 5275 3525 5345 κάθαρσιν
3555 5273 3736 5342 ἁμαρ-

495 5369 589 5423 illa
629 5367 967 5439 pradicatio,
1017 5384 1138 5438 qua:
1169 5368 1275 5423 fuit
1307 5367 1470 5439 paulo
1508 5377 1798 5439 antequam
1834 5383 2051 5440 appare-

2163 5376 2296 5430 τιῶν
2332 5376 2458 5440 τοὺς
2502 5372 2923 5447 ἐρῤυπωμένους
2971 5371 3079 5432 τοῖς
3121 5367 3572 5440 πλημμελήμασι.
3623 5365 3734 5416 Καὶ

493 5468 580 5516 ret
615 5459 910 5516 Serv'ator:
947 5480 965 5514 ι
995 5457 1114 5516 Vox
1159 5460 1447 5517 clamantis
1484 5461 1539 5516 in
1567 5459 1784 5517 deserto
1814 5481 1826 5516 :
1864 5459 2051 5517 Parata

2163 5467 2318 5522 τοῦτό
2349 5468 2463 5521 ἐστι
2499 5466 2559 5520 τὸ
2585 5466 2808 5536 ἀρχαῖον
2839 5464 3013 5516 ἐκεῖνο
3043 5461 3302 5531 κήρυγμα
3322 5501 3336 5524 ,
3360 5458 3421 5511 τὸ
3462 5453 3734 5526 προλαδὸν

494 5553 639 5609 viam
661 5552 897 5621 Domini,
929 5562 1111 5612 rectas
1135 5538 1296 5611 facite
1318 5554 1542 5611 semitas
1564 5555 1684 5625 ejus
1705 5555 1770 5611 ⁸³.
1803 5553 1987 5623 »ραυᾶ
2008 5555 2051 5612 si

2161 5560 2340 5631 ὀλίγον
2370 5558 2464 5616 τοῦ
2488 5551 2737 5630 Σωτῆρος
2771 5555 2872 5627 τὴν
2902 5554 3242 5626 ἐπιφάνειανο
3272 5571 3290 5604 ι
3315 5550 3469 5621 Φωνὴ
3501 5547 3734 5620 βοῶντος

570 5709 616 5740 ⁸³
646 5707 755 5765 lsa.
793 5724 880 5777 ιι,
914 5708 983 5777 3;
1017 5707 1210 5767 Matth.
1253 5723 1332 5778 Ill,
1363 5710 1458 5777 5.;
1510 5709 1678 5767 Marc.
1733 5725 1769 5780 ι,
1804 5711 1896 5775 3.;
1936 5709 2092 5766 Joan.
2122 5728 2158 5778 ι,
2191 5712 2278 5768 25.
