3844 6424
100 318 195 372 417

1490 333 1576 387 ηε
1624 333 1990 412 BAPTISMO.

3252 337 3360 396 “8

97 436 146 487 ἐν
200 439 269 507 τῇ
328 437 544 511 ἐρήμῳο
600 440 958 521 Ἑτοιμάσατε
1006 445 1104 517 τὴν
1144 447 1262 501 ὁδὸν
1305 451 1533 521 Κυρίου,
1584 453 1677 505 εὐ-

1783 468 1881 523 ego
1906 468 2007 507 nec
2048 468 2168 507 sum
2202 449 2463 517 Joannes,
2496 467 2597 508 nec
2648 451 2857 508 David:
2909 459 2964 507 at
3004 453 3145 508 servi
3178 453 3357 509 humi-

98 526 244 589 θείας
270 532 458 583 ποεῖτε
497 531 598 594 τὰς
625 533 847 601 τρίϐους
884 537 1069 591 αὑτοῦ.
1097 558 1113 589 ι
1151 541 1211 592 El
1237 540 1293 593 δὲ
1325 543 1461 611 μήτε
1502 544 1679 597 Ἰωάνν-

96 633 185 684 νης
206 658 223 678 ι
263 620 406 689 μήτε
447 622 613 676 Δαῆὶδ
660 622 804 693 ἐγὼ,
850 625 984 679 ἀλλὰ
1021 629 1054 697 η
1093 631 1413 700 ταπεινότης
1444 632 1538 684 τοῦ
1574 634 1677 685 ὑπ..

97 708 287 777 ηρέτου
320 708 397 780 μὴ
430 700 715 785 βλαπτέτω
732 713 825 767 τοῦ
856 717 1185 770 Δεσποτικοῦ
1212 719 1375 789 νόμου
1396 721 1493 791 τὴν
1517 722 1677 777 δύνασ-

99 816 199 869 μιν.
232 797 377 851 Οὖτε
403 801 512 873 γάρ
541 804 666 867 τοὺς
695 807 1060 877 γραμματέας
1091 808 1198 861 τῶν
1223 809 1401 879 νόμων
1429 812 1680 883 αἰδούμε-

95 908 165 942 νοι
214 894 331 954 τοῖς
369 892 812 966 διηγορευμένοις
845 899 1144 972 πειθόμεθα
1168 918 1182 933 ο
1211 903 1345 958 ἀλλὰ
1386 905 1682 971 δεδοικότες

94 981 178 1033 τοῦ
200 982 519 1052 Νομοθέτου
545 986 646 1055 τὴν
674 985 941 1052 ἐξουσίαν,
966 989 1348 1061 ὑποκύπτομεν
1372 996 1485 1057 τοῖς
1509 1010 1681 1064 προσ-

92 1073 383 1141 τάγμασιν.
419 1070 590 1128 Ἦλθε
631 1078 790 1147 χάρις
829 1078 1080 1151 βασιλικὴ
1119 1082 1240 1135 δυσὶ
1277 1083 1522 1153 τάγμασι
1571 1085 1682 1138 θλι-

96 1164 341 1235 ϐομένοις
367 1169 698 1241 χαριζομένη
731 1172 830 1241 τὴν
868 1174 1083 1228 ἄνεσινο
1115 1176 1226 1237 τοῖς
1254 1174 1555 1247 δεσμώταις
1586 1176 1679 1230 λύε-

97 1274 194 1321 σιν,
216 1262 333 1322 τοῖς
365 1261 666 1329 ὀφειλέταις
699 1263 1064 1337 συγχώρησιν.
1095 1268 1202 1320 Καὶ
1231 1267 1317 1321 διὰ
1340 1266 1500 1321 τοῦτο
1524 1269 1678 1337 κάγὼ

94 1351 425 1422 ἀμφοτέροις
463 1357 573 1417 τοῖς
616 1357 933 1426 τάγμασιν,
980 1358 1051 1411 τὰ
1100 1360 1413 1430 κατάλληλα
1470 1363 1676 1432 ἰατρεῖα

93 1442 290 1509 ἀνοίγω
316 1461 330 1473 ·
358 1444 453 1497 καὶ
482 1445 622 1515 μετά
658 1447 860 1517 πολλῆς
902 1450 1278 1522 πεποιθήσεως
1306 1452 1675 1523 ὑπισχνοῦμαι.

91 1534 183 1604 τὴν
213 1536 281 1587 ἐκ
316 1536 417 1606 τῆς
450 1537 766 1608 ἐπιμελείας
797 1541 1070 1609 βοήθειαν.

162 1625 284 1679 Ἵνα
312 1626 375 1679 δὲ
406 1626 483 1697 μὴ
508 1629 705 1701 νομίσῃ
728 1647 816 1693 τις
836 1631 1207 1686 πολυδάπανον
1235 1634 1334 1705 τὴν
1355 1633 1672 1706 θεραπείαν,

89 1718 222 1771 αὐτὰ
252 1718 510 1790 προλέγω
538 1720 609 1773 τά
633 1723 900 1792 φάρμακα
928 1718 1008 1787 οἷς
1034 1724 1263 1796 ἐξιῶμαι
1292 1728 1418 1791 τοὺς
1443 1727 1676 1797 κάμνον-

90 1825 202 1871 τας.
234 1809 365 1872 Τοῖς
416 1810 517 1880 μὲν
561 1812 669 1882 γὰρ
696 1812 763 1865 δι’
795 1812 986 1877 ὓδατος
1015 1817 1110 1870 καὶ
1143 1816 1366 1889 λουτροῦ
1396 1817 1677 1889 ἐγγυῶμαι

90 1899 183 1970 τὴν
212 1899 434 1968 ὑγείαν,
480 1902 588 1955 τῶν
620 1903 676 1956 δὲ
705 1904 771 1957 δι’
793 1905 988 1974 ὀλίγων
1017 1906 1266 1978 δακρύων
1295 1908 1559 1979 ἐξαλείφω
1581 1911 1680 1981 τὴν

91 1994 262 2048 νόσον.
320 1994 495 2064 ’Δπλῆ
528 1996 638 2068 γάρ
675 1997 709 2067 ἡ
742 1999 1131 2071 μεταχείρησις
1152 2042 1168 2067 ,
1198 2001 1680 2073 καὶαθεόπεμπτος

90 2087 121 2155 ἡ
149 2085 355 2155 δωρεὰ,
388 2089 483 2141 καὶ
513 2088 722 2160 μεγάλη
754 2089 971 2160 άληθῶς
1057 2093 1327 2171 ἐπιτυχία,
1359 2094 1528 2165 χωρὶς
1556 2094 1681 2148 καύ-

90 2196 224 2243 σεως
277 2181 312 2250 ἦ
365 2180 541 2251 τομῆς
580 2182 807 2254 χρονίων
837 2162 1574 2258 ἀπαλλαγῆναί*τραυμάτων
1601 2227 1616 2251 ,
1644 2188 1681 2242 ἃ.

87 2272 273 2335 κακῶς
307 2273 587 2345 ἐπάθομεν
628 2277 692 2328 ἐκ
731 2275 840 2329 τῶν
868 2276 1164 2347 δηγμάτων
1201 2277 1295 2330 τοῦ
1327 2278 1522 2348 ὄφεως.
1554 2280 1681 2332 ’Έλ-

87 2365 205 2418 θετε
238 2360 338 2419 οὖν
360 2408 375 2432 ,
404 2368 455 2419 oi
486 2368 864 2439 κεκακωμένοι
888 2409 903 2434 ,
951 2370 1088 2442 πρὸς
1115 2370 1213 2441 τὴν
1253 2371 1461 2425 ἑαυτῶν
1489 2372 1681 2444 ἐπιμέ-

87 2456 236 2510 λειαν
258 2498 273 2519 ,
320 2460 416 2512 καὶ
450 2460 525 2529 μὴ
571 2460 814 2531 ῥαθυμίᾳ
837 2460 956 2513 δότε
978 2462 1048 2515 τὸ
1076 2464 1326 2533 πρᾶγμα.
1352 2465 1524 2529 Νόσος
1571 2465 1680 2538 γὰρ

85 2550 466 2604 παλαιωθείσα
507 2552 602 2605 καὶ
632 2542 994 2623 ἐγχρονίσασα
1016 2595 1031 2619 ,
1059 2554 1253 2625 τέχνης
1281 2555 1572 2627 θεραπείας
1595 2556 1682 2626 γίο

85 2658 233 2695 νεται
276 2642 568 2718 κρείττων.
614 2645 676 2696 Ui
722 2641 953 2715 πένητες
1008 2645 1102 2698 καὶ
1149 2646 1364 2711 ἐνδεεῖς,
1405 2646 1678 2705 σπεύσατε

86 2734 223 2804 πρὸς
253 2736 357 2806 τὴν
400 2736 663 2807 διανομὴν
700 2736 809 2789 τῶν
839 2736 1130 2807 βασιλικῶν
1175 2739 1531 2809 χαρισμάτων
1554 2756 1567 2769 ο
1611 2740 1680 2793 τὰ

85 2826 361 2897 πρόϐατα,
385 2826 524 2899 πρὸς
539 2827 636 2898 τὴν
669 2829 942 2899 σφραγῖδα
965 2829 1060 2881 καὶ
1084 2829 1144 2881 τὸ
1168 2832 1390 2900 σημεῖον
1414 2833 1506 2882 τοῦ
1528 2849 1682 2883 σταυ-

87 2919 179 2988 ροῦ
208 2920 269 2971 τὸ
299 2919 411 2971 τῶν
431 2920 620 2973 κακῶν
648 2908 1026 2990 ἀλεξητήριον.
1055 2920 1183 2973 Δότε
1214 2938 1301 2991 μοι
1330 2922 1397 2974 τά
1418 2922 1674 2992 ὀνόματα,

86 3013 171 3063 ἴνα
202 3010 315 3079 ἐγὼ
348 3011 447 3081 μὲν
485 3011 623 3064 αὐτὰ
651 3015 771 3074 ταῖς
799 3011 1085 3081 αἰσθηταῖς
1127 3013 1417 3084 ἐγχαράξω
1455 3012 1675 3084 βίϐλοις,

1785 544 1910 598 litas
1932 544 2035 613 legi
2060 530 2352 597 DominiCaa
2377 556 2485 596 non
2517 542 2706 598 aﬂ'erat
2735 544 3147 600 detrimentum.
3170 544 3358 613 Neque

1784 636 1929 690 enim
1963 636 2141 705 legum
2173 638 2474 705 scriptores
2524 638 2767 716 reyeriti,
2832 653 3091 709 paremus
3131 639 3201 694 iis
3235 654 3357 707 qua:

1785 726 1854 780 ab
1886 728 2020 797 ipsis
2046 727 2313 796 jubentur
2342 744 2357 794 ;
2390 726 2486 781 sed
2525 728 2855 797 legislatoris
2889 730 3146 791 timentes
3196 739 3355 799 pote-

1785 824 2006 882 statem,
2038 818 2214 887 jussis
2245 833 2346 873 nos
2370 809 2765 875 submittimus.
2796 818 2956 875 Venit
2981 822 3153 892 gratia
3186 823 3354 892 regis,

1782 907 2000 964 duobus
2035 909 2249 964 afﬂictis
2278 910 2569 966 ordinibus
2603 911 2915 965 concedens
2950 914 3354 979 remissionem,

1782 1014 1978 1069 nempe
2003 999 2202 1055 vinctis
2252 1001 2655 1062 liberationem,
2689 1000 3030 1057 debitoribus
3061 1002 3228 1057 debiti
3270 1018 3358 1057 re~

1779 1089 2121 1144 missionem.
2166 1089 2231 1144 Et
2260 1090 2381 1144 ideo
2401 1105 2500 1161 ego
2532 1104 2748 1160 quoque
2772 1091 3039 1145 ambobus
3071 1092 3356 1148 ordinibus

1780 1171 2192 1236 convenientem
2249 1182 2434 1251 aperio
2474 1181 2830 1248 medicinam;
2880 1192 2933 1237 et
2982 1198 3105 1236 cum
3158 1178 3364 1255 magna.

1782 1272 1982 1326 liducia
2015 1274 2278 1344 polliceor
2295 1274 2442 1344 quod
2473 1289 2541 1330 ex
2566 1274 2844 1345 diligentia
2880 1274 3140 1344 procedet
3192 1277 3355 1331 auxi-

1780 1364 1934 1418 lium.

1848 1633 1928 1690 Ne
1953 1635 2076 1705 quis
2105 1644 2282 1692 autem
2310 1635 2607 1700 existimet,
2628 1636 2954 1691 medicinam
2979 1651 3103 1692 esse
3139 1652 3354 1708 magnae

1782 1725 2056 1794 impensas,
2122 1727 2359 1796 praedico
2396 1730 2516 1796 ipsa
2561 1726 2980 1791 medicamenta,
3035 1728 3159 1797 qua:
3217 1739 3349 1784 sunt

1780 1816 2086 1873 adhibenda
2121 1818 2517 1874 laborantibus.
2544 1818 2681 1879 Nam
2709 1819 2817 1875 illis
2839 1820 3057 1889 quidem
3096 1822 3364 1891 promitto

1778 1909 2069 1963 sanitatem
2102 1924 2200 1979 per
2231 1923 2426 1978 aquam
2463 1918 2517 1963 et
2560 1909 2835 1963 lavacrum
2864 1949 2879 1973 ,
2924 1910 3120 1965 borum
3171 1919 3363 1965 autem

1779 2018 1876 2071 per
1910 2016 2115 2072 paucas
2149 2002 2423 2073 lacrymas
2454 2002 2610 2055 deleo
2637 2003 2907 2057 morbum.
2939 2002 3035 2058 Est
3062 2003 3205 2058 enim
3229 2005 3358 2059 sim-

1779 2095 1899 2163 plex
1934 2094 2247 2164 applicatio,
2284 2102 2339 2149 et
2365 2108 2398 2146 a
2448 2093 2559 2147 Deo
2590 2093 2823 2149 missum
2871 2094 3100 2159 donum,
3155 2104 3211 2149 et
3240 2110 3359 2148 ma-

1780 2198 1919 2254 gnus
1947 2200 2133 2239 revera
2159 2195 2407 2247 eventus,
2446 2185 2656 2255 absque
2684 2186 2902 2240 ustione
2946 2195 3001 2240 et
3030 2187 3274 2241 sectione
3320 2202 3352 2239 a

1779 2277 2055 2332 diuturnis
2089 2278 2306 2332 liberari
2368 2278 2716 2342 vulneribus,
2760 2292 2883 2347 quae
2917 2277 3061 2347 passi
3095 2292 3288 2334 sumus
3325 2295 3355 2333 a

1780 2384 1966 2423 morsu
1995 2370 2286 2439 serpentis.
2340 2367 2534 2424 Venite
2597 2384 2750 2440 ergo,
2806 2358 2901 2439 qui
2960 2370 3125 2425 malis
3175 2368 3359 2425 allecti

1780 2460 1933 2523 estis,
1965 2460 2031 2514 ad
2080 2469 2318 2515 vestram
2350 2460 2716 2523 curationem,
2760 2475 2937 2530 neque
2965 2474 3079 2514 rem
3114 2448 3356 2531 negliga-

1782 2554 1869 2608 tis.
1903 2551 2125 2607 Morbus
2179 2555 2323 2606 enim
2373 2551 2672 2606 diuturnus
2698 2559 2754 2606 et
2816 2552 3152 2606 inveteratus
3184 2560 3357 2606 artem

1782 2656 2009 2714 superat
2036 2655 2090 2697 et
2116 2644 2481 2697 curationem.
2526 2642 2805 2712 Pauperes
2834 2651 2888 2697 et
2918 2651 3166 2711 egentes,
3198 2642 3365 2699 festi-'

1782 2744 1906 2789 late
1949 2736 2014 2788 ad
2058 2734 2501 2788 distributionem
2547 2733 2817 2787 donorum
2858 2735 3161 2804 regalium;
3202 2749 3357 2795 oves.

1783 2829 1853 2889 ad,
1872 2828 2208 2898 signaculum
2245 2833 2299 2879 et
2339 2825 2557 2894 signum
2591 2826 2798 2887 crucis,
2828 2824 2975 2895 quod
3013 2826 3171 2880 malis
3198 2840 3358 2895 opem

1784 2920 1886 2975 fert
1913 2927 1967 2975 et
2005 2917 2329 2973 remedium.
2393 2916 2525 2975 Date
2575 2917 2705 2969 milii
2740 2917 2984 2983 nomina,
3045 2926 3105 2971 ut
3137 2933 3239 2987 ego
3294 2934 3358 2972 ea

1783 3012 2091 3082 imprimam
2123 3010 2276 3064 libris
2317 3003 2633 3074 sensilibus.
2669 3016 2723 3062 et
2752 3009 2990 3063 scribam
3017 3018 3355 3076 atramento;

84 3104 181 3155 καὶ
205 3104 405 3172 γράψω
434 3103 513 3173 τῷ
547 3103 733 3172 μέλανι
758 3119 772 3133 ⁸
805 3103 935 3166 Θεὸς
974 3103 1031 3155 δὲ
1052 3106 1172 3168 ταῖς
1203 3105 1500 3176 ἁφθάρτοις
1540 3107 1676 3159 πλα-

1784 3103 1927 3159 Deus
1956 3111 2136 3156 autem
2166 3117 2228 3155 ea
2261 3102 2438 3169 signet
2468 3100 2521 3153 in
2551 3100 2775 3161 tabulis,
2811 3100 3040 3170 inquas
3075 3115 3185 3155 non
3210 3102 3358 3156 cadit

84 3192 168 3257 ξῖν
211 3194 628 3263 ἐνσημήνηται,
677 3192 924 3263 δακτύλῳ
968 3194 1186 3266 γράψας
1242 3196 1391 3267 ἰδίῳ,
1426 3196 1501 3261 ὥς
1547 3215 1676 3251 ποτε

84 3288 200 3348 τοῖς
239 3284 514 3355 Ἑϐραίοις
545 3284 637 3336 τὸν
666 3285 847 3354 νόμον.

161 3393 181 3424 ι
216 3376 552 3446 Προσελθετε
588 3376 725 3445 πρὸς
766 3376 931 3430 αὐτὸν
975 3377 1070 3430 καὶ
1117 3378 1442 3450 φωτίσθητε.
1488 3381 1679 3435 καὶτὰ

88 3468 362 3537 πρόσωπα
438 3468 594 3539 ὑμῶν
656 3469 718 3522 οὐ
774 3469 850 3540 μὴ
914 3473 1306 3543 καταισχυνθῇ.
1373 3475 1675 3539 Λούσασθε,

88 3559 356 3625 ἀφέλεσθε
385 3560 484 3624 τὰς
512 3561 783 3632 ἁμαρτίας
811 3562 985 3631 ὑμῶν.
1030 3584 1047 3616 ι
1095 3564 1280 3618 Ταῦτα
1318 3567 1531 3637 ἐγράφη
1572 3569 1679 3640 πρὸ

90 3650 289 3704 πολλοῦ
314 3668 326 3680 ·
359 3652 460 3704 οὐκ
493 3653 804 3725 ἐπαλαιώθη
848 3654 903 3707 δέ
934 3655 1043 3709 τῶν
1080 3657 1423 3726 γραμμάτων
1452 3660 1483 3729 ἡ
1521 3659 1680 3712 δύνα-

93 3759 203 3811 μις,
230 3741 346 3793 ἀλλ’
377 3743 615 3812 ἀκμάζει
644 3744 738 3794 καὶ
770 3744 891 3796 καθ’
923 3745 1133 3817 ἡμέραν
1170 3746 1363 3816 ἰσχύει.
1405 3748 1677 3815 Ἑξέλθετε

86 3836 182 3889 τοῦ
202 3836 603 3907 δεσμωτηρίου,
630 3840 952 3908 παρακαλῶ.
977 3841 1258 3910 Μισήσατε
1280 3842 1346 3894 τὰ
1380 3842 1475 3911 τῆς
1498 3843 1678 3913 ἁμαρο

87 3929 205 3992 τίας
242 3930 500 3981 σκοτεινὰ
546 3931 855 4002 οἱκητήρια.
892 3932 1124 4000 Φεύγετε
1163 3934 1255 3985 τὸν
1291 3933 1533 3987 διάϐολον
1555 3974 1568 3997 ,
1604 3934 1679 3999 ὡς

88 4022 285 4091 πικρὸν
316 4020 704 4091 δεσμοφύλακα
727 4060 743 4084 ,
778 4024 841 4075 ἐκ
886 4024 987 4093 τῆς
1038 4028 1323 4097 συμφορᾶς
1355 4027 1465 4080 τῶν
1497 4029 1680 4099 ἁμαρ-

87 4114 273 4165 τωλῶν
306 4113 641 4184 τρεφόμενον
696 4116 790 4167 καὶ
841 4114 1205 4186 κερδαίνοντα.
1261 4118 1347 4181 Ὠς
1393 4118 1502 4190 γὰρ
1548 4118 1679 4182 Θεὸς

89 4205 441 4276 εὐφραίνεται
477 4208 594 4269 ταῖς
622 4205 989 4270 δικαιοσύναις
1016 4208 1194 4277 ἡμῶν,
1225 4209 1394 4273 οὕτως
1422 4211 1677 4281 ἐφήδεται

89 4300 195 4360 τοῖς
250 4295 701 4366 παραπτώμασιν
751 4300 780 4351 ὁ
839 4297 938 4367 τῆς
976 4300 1248 4371 ἁμαρτίας
1299 4300 1491 4366 αἴτιος.
1530 4281 1679 4368 Ἔξω

90 4390 177 4442 τοῦ
211 4388 544 4459 παραδείσου
585 4389 902 4459 τυγχάνεις,
940 4392 968 4443 ὁ
1011 4378 1449 4463 κατηχούμενος,
1484 4410 1672 4445 κοινω-

1783 3196 2065 3259 intcritns,
2110 3194 2358 3249 scribens
2412 3191 2638 3262 proprio
2687 3191 2861 3263 digito
2914 3200 2975 3246 ut
3004 3193 3136 3247 olim
3184 3193 3358 3264 legem

1780 3287 2040 3344 Hebraeis.
3358 3286 3361 3289 '

1858 3399 1876 3432 ι
1909 3379 2162 3434 Accedite
2181 3380 2245 3433 ad
2266 3396 2389 3435 eum
2411 3389 2465 3436 et
2484 3381 2891 3445 illuminamini,
2915 3388 2971 3436 et
2992 3380 3175 3435 vultus
3188 3380 3358 3435 vestri

1780 3475 2006 3527 minime
2028 3476 2235 3543 pudore
2254 3473 2562 3529 atliciantur
2578 3475 2644 3528 ".
2681 3474 2984 3538 Lavamiui,
3012 3474 3220 3528 auferte
3240 3488 3359 3544 pec.

1780 3575 1899 3621 cata
1920 3574 2100 3621 vestra
2114 3567 2181 3619 ".
2218 3585 2235 3618 ι
2261 3566 2385 3621 Haec
2404 3567 2623 3636 quidem
2644 3567 2808 3636 longo
2826 3574 3071 3634 tempore
3092 3574 3217 3620 ante
3231 3566 3363 3634 seris

1780 3666 1871 3729 pta
1903 3669 2069 3714 sunt:
2117 3659 2448 3729 scriptorum
2493 3667 2676 3714 autem
2718 3660 2800 3714 vis
2833 3659 3056 3713 minime
3083 3665 3168 3713 est
3215 3658 3357 3711 anti-

1780 3762 1947 3820 quata
1975 3790 1991 3814 ,
2027 3751 2121 3806 sed
2150 3752 2297 3821 viget
2343 3760 2397 3806 et
2428 3752 2479 3804 in
2514 3752 2629 3807 dies
2656 3751 2962 3805 invalescit.
2996 3749 3149 3803 Exite
3176 3765 3207 3804 e
3244 3764 3360 3802 car-

1782 3857 1929 3908 cere,
1958 3856 2059 3897 vos
2108 3857 2260 3912 rogo.
2306 3839 2446 3895 Odio
2479 3842 2674 3899 habete
2709 3842 2998 3896 tenebrosa
3034 3828 3175 3893 vitii
3212 3840 3365 3894 habi«

1779 3933 1981 3988 tacula.
2011 3931 2203 4004 Fugite
2233 3933 2533 3996 diabolum,
2567 3940 2829 4003 tanquam
2867 3932 3128 3987 acerbum
3163 3946 3365 3986 eorum

1779 4023 1871 4092 qui
1897 4031 2026 4077 sunt
2060 4022 2113 4076 in
2164 4022 2424 4087 vinculis,
2450 4021 2881 4091 eustodem,qui
2908 4036 2972 4075 ex
3006 4030 3364 4087 peccatorum

1779 4115 2377 4169 calamitate-nutritur
2433 4121 2488 4167 et
2547 4122 2813 4183 quaestum
2876 4112 3029 4166 facit.
3071 4111 3358 4177 Quomodo

1779 4207 1923 4262 enim
1946 4206 2181 4276 justitiis
2206 4206 2416 4260 nostris
2465 4204 2684 4259 laetatur
2712 4203 2875 4268 Deus,
2927 4204 3001 4257 ita
3035 4202 3235 4273 gaudet
3264 4203 3359 4258 de-

1781 4298 1925 4354 lictis
1958 4298 2025 4361 is,
2062 4299 2152 4367 qui
2189 4308 2274 4351 est
2305 4303 2499 4351 auctor
2524 4295 2754 4365 peccati.
2808 4294 2880 4350 Es
2930 4302 3086 4349 extra
3135 4294 3364 4363 paradiq

1780 4404 1923 4455 sum,
1949 4390 2364 4453 catecliumene,
2396 4388 2581 4442 socius
2612 4380 2793 4441 exsilii
2828 4386 2958 4440 Adae
2986 4386 3148 4455 primi
3180 4386 3361 4441 nostri

91 4482 189 4535 νῶν
207 4484 311 4550 τῆς
338 4480 552 4551 ἐξορίας
579 4480 659 4551 τῷ
697 4481 865 4552 Ἀδὰμ
896 4480 974 4552 τῷ
1012 4461 1336 4553 προπάτορι.
1367 4484 1482 4537 Νῦν
1504 4484 1559 4537 δέ
1594 4502 1676 4537 σοι

1783 4483 2045 4553 parentis.
2072 4481 2230 4536 Nune
2262 4489 2445 4536 autem
2475 4480 2619 4535 ostio
2671 4479 2769 4534 tibi
2824 4486 3014 4550 aperto
3073 4479 3359 4550 ingredere

91 4574 182 4642 τῆς
212 4574 391 4643 θύρας
413 4574 877 4643 ὑπανοιγομένης,
919 4574 1125 4627 εἴσελθε
1150 4574 1273 4628 ὅθεν
1299 4575 1547 4646 ἐξῆλθες,
1583 4577 1677 4629 καὶ

96 4668 160 4736 μὴ
202 4666 513 4737 βραδύνῃς,
549 4668 731 4735 μήπου
766 4664 995 4729 θάνατος
1029 4663 1398 4738 παρεμπεσὼν
1429 4669 1676 4740 ἀποφρά-

95 4758 150 4831 ξη
177 4759 280 4830 τὴν
320 4759 550 4812 εἴσοδον.
596 4760 659 4812 Ἥ
692 4761 902 4828 κεφαλὴ
952 4760 1136 4813 λοιπὸν
1167 4760 1506 4815 λευκαίνεται
1530 4801 1544 4825 ,
1577 4763 1673 4817 τοῦ

96 4853 202 4921 βίου
249 4853 313 4906 τὸ
349 4852 508 4924 θέρος
557 4853 722 4920 ἐγγὺς
746 4893 760 4915 ,
817 4854 957 4923 τάχα
984 4854 1243 4906 άκονᾶται
1284 4853 1406 4907 καθ’
1432 4855 1589 4925 ἡμῶν
1638 4858 1671 4926 ἡ

92 4944 368 5012 δρεπάνη,
406 4943 501 4995 καὶ
548 4944 760 4996 δέδοικα
784 4983 798 5005 ,
863 4943 936 5014 μὴ
990 4942 1356 4996 καθευδόντων
1396 4944 1550 5016 ἡμῶν
1581 4946 1674 4999 καὶ

92 5036 564 5105 ἐνασχολουμὲνων
609 5037 727 5097 ταῖς
770 5033 1024 5104 ματαίαις
1069 5035 1449 5104 ματαιότησιν,
1481 5036 1674 5107 ἁθρόον

91 5114 282 5199 ἐπιστῇ
315 5126 548 5197 φοϐερὸς
572 5128 598 5179 ὁ
638 5127 867 5191 τέμνων.
916 5125 1053 5178 Ἀλλ’
1081 5129 1223 5196 ἐρεῖς
1262 5129 1289 5179 ὁ
1330 5127 1447 5191 νέος
1473 5145 1485 5158 ·
1519 5127 1675 5182 Οὐδέ-

90 5234 170 5271 πω
208 5219 529 5285 γεγήρακα.
563 5215 655 5286 Μὴ
688 5216 869 5268 τοίνυν
902 5216 1231 5288 άπατηθήσῃ
1254 5233 1267 5246 ·
1300 5216 1527 5281 θάνατος
1565 5218 1674 5291 γὰρ

87 5308 455 5380 προθεσμίαις
476 5307 702 5378 ἡλικιῶν
727 5309 824 5378 οὐχ
848 5308 1105 5379 ὁρίζεται,
1135 5310 1257 5363 οὐδὲ
1282 5310 1525 5379 φοϐεῖται
1551 5313 1675 5376 τοὺς

88 5404 140 5453 ἐν
170 5403 330 5471 ἀκμῇ
355 5440 371 5464 ,
404 5398 545 5452 κατὰ
591 5399 647 5453 δὲ
690 5400 961 5470 γερόντων
998 5400 1156 5470 μόνον
1192 5400 1304 5469 ἔχει
1353 5400 1421 5463 τὸ,
1452 5401 1671 5471 κράτος.

86 5494 194 5547 Καὶ
228 5480 426 5545 τούτου
461 5490 599 5561 μάθε
639 5491 737 5562 τὴν
766 5491 1137 5563 καθημερινὴν
1178 5494 1373 5562 πεῖραν
1415 5492 1672 5545 διδάσκα-

85 5582 191 5638 λον.
233 5582 405 5655 Ὁρᾷς
439 5581 549 5650 γὰρ
578 5582 675 5653 τὴν
706 5581 893 5653 κλίνην
925 5582 1021 5653 τῆς
1063 5584 1331 5655 ἐκφορᾶς,
1364 5583 1511 5647 ὅπως
1534 5585 1670 5637 ἀνωα

146 5761 201 5797 ²³
229 5760 381 5817 Psal.
436 5774 636 5829 xxxttt,
671 5760 724 5817 6.
800 5760 846 5793 ³⁸
881 5759 987 5815 lsa.
1019 5774 1059 5827 ι,
1097 5759 1187 5815 16.

1775 4576 1918 4631 unde
1947 4591 2006 4630 es
2036 4589 2315 4646 egressus,
2366 4581 2421 4628 et
2452 4588 2521 4627 ne
2547 4572 2751 4635 tardes,
2790 4588 2856 4626 ne
2910 4573 2955 4626 si
3012 4572 3151 4627 forte
3201 4587 3361 4628 mors

1773 4667 2054 4732 inciderit,
2114 4681 2177 4720 ea
2212 4666 2308 4720 tibi
2342 4665 2595 4720 obStruat
2627 4664 2854 4717 aditum.
2892 4663 3068 4732 Caput
3110 4664 3220 4729 jam
3261 4677 3359 4717 ea-

1775 4761 1988 4815 nescit:
2030 4775 2201 4831 prope
2254 4770 2335 4814 est
2369 4768 2554 4813 testas
2594 4759 2752 4812 vitat:
2792 4759 2845 4811 in
2886 4774 2984 4812 nos
3044 4756 3185 4811 forte
3244 4756 3358 4812 falx

1771 4851 2007 4914 acuitur,
2039 4858 2093 4905 et
2117 4851 2306 4909 timeo,
2339 4864 2407 4903 ne
2437 4849 2594 4902 nobis
2621 4847 3044 4911 dormientibus,
3071 4858 3126 4901 et
3157 4847 3209 4900 in
3244 4861 3353 4899 una

1781 4958 1879 5013 spe
1908 4943 2214 5011 occupatis,
2262 4952 2484 5010 repente
2540 4940 2764 4994 accedat
2808 4953 3020 4992 messor
3069 4937 3351 4991 terribilis.

1784 5031 1911 5095 Sed,
1940 5033 2091 5087 dices
2122 5040 2203 5097 tu,
2237 5032 2329 5100 qui
2356 5046 2415 5084 es
2446 5028 2666 5097 juvenis
2703 5047 2715 5081 :
2753 5027 3005 5090 Nondum
3065 5027 3350 5081 consenui.

1782 5124 1901 5178 Noli
1930 5138 2059 5194 ergo
2089 5122 2293 5191 decipi.
2329 5119 2448 5173 Non
2471 5121 2732 5174 delinitur
2756 5133 2904 5172 mors
2930 5124 3081 5171 certo
3110 5124 3354 5184 tempore

1774 5217 1972 5279 sitatis,
1993 5229 2172 5284 neque
2196 5214 2349 5267 timet
2369 5227 2464 5265 eos
2497 5210 2591 5280 qui
2620 5218 2748 5265 sunt
2770 5209 2823 5262 in
2856 5209 2974 5277 ipso
2998 5206 3129 5261 ﬂore
3152 5208 3356 5269 aetatis,

1775 5308 1830 5361 in
1863 5308 2011 5363 solos
2054 5315 2235 5359 autem
2278 5319 2447 5359 senes.
2484 5303 2697 5359 obtinet
2755 5301 3119 5353 dominatum.
3176 5296 3353 5367 Hujus

1775 5406 1953 5454 autem
1976 5398 2168 5468 accipe
2186 5397 2503 5467 magistram
2526 5392 2901 5465 quotidianam
2932 5390 3351 5459 experientiam.

1784 5492 1942 5547 Vides
1980 5493 2147 5554 enim,
2172 5506 2280 5561 quo
2296 5489 2503 5544 mortui
2530 5487 2849 5550 efferuntur,
2879 5482 3161 5548 feretrum,
3187 5497 3350 5552 quam

1779 5585 2140 5657 inaequaliter,
2172 5591 2228 5640 et
2256 5591 2315 5638 ut
2348 5581 2596 5653 contigit,
2658 5593 2875 5637 omnem
2928 5576 3083 5634 elIcrt
3116 5583 3350 5643 mtatem,
