3844 6430
506 304 615 362 «H9

1753 302 1811 357 S.
1836 295 2160 357 GREGORII
2214 294 2509 354 NYSSENI

3637 303 3733 358 4‘20

508 420 673 475 hodie
707 434 914 486 senem,
939 434 1064 476 cras
1105 417 1386 476 ﬂorentem
1439 427 1494 476 et
1540 420 1838 491 elegantem
1883 416 2069 472 adole-

2187 413 2362 483 μάλως
2379 454 2395 480 ,
2422 415 2518 468 καὶ
2550 414 2628 478 ὡς
2673 413 2830 485 ἔτυχε
2851 453 2867 472 .
2897 415 3076 469 πᾶσαν
3099 413 3315 486 ἡλικίαν
3341 413 3554 482 ἐξάγει,
3584 415 3737 485 σήμεο

509 521 775 576 scentem,
821 512 982 580 paulo
1029 520 1152 580 post
1199 527 1322 566 eum
1378 512 1464 566 cui
1528 519 1767 582 cmperat
1816 522 2078 581 apparere

508 601 710 674 lanugo
741 618 756 656 :
788 619 981 658 rursus
1031 604 1204 658 virum
1242 603 1524 659 robustum
1553 613 1607 658 et
1643 604 1911 658 valentem
1945 597 2079 655 viri-

507 693 633 758 bus,
659 702 714 750 et
741 711 930 750 rursus
962 695 1202 749 vetulam
1234 681 1395 749 simul
1425 705 1478 750 et
1510 695 1797 766 virginem.
1845 691 1971 747 Haec
2013 707 2076 746 a-

507 789 804 857 spicientes
832 803 929 842 nos
951 789 1284 855 muniamus,
1311 796 1368 842 ut
1389 803 1496 842 non
1519 789 1693 842 simus
1721 795 1863 841 metu
1894 787 2075 843 vacui.

506 875 626 930 Non
674 891 871 948 magno
921 877 1136 931 eveniet
1181 878 1398 947 negotio
1439 887 1498 932 ut
1551 877 1900 933 exinaniatur
1957 883 2079 930 uter

412 968 416 972 ’
508 968 760 1039 Spiritus,
797 969 843 1024 si
882 984 947 1025 os
1002 984 1194 1037 parum
1256 970 1419 1024 fuerit
1452 980 1732 1040 apertum,
1787 984 1961 1038 neque
1994 975 2080 1023 est

507 1059 727 1116 diﬂicile
791 1061 1066 1116 hominem
1148 1070 1427 1118 momento
1499 1065 1764 1134 temporis
1839 1064 2077 1119 animant

506 1150 780 1207 emittere.

579 1239 771 1305 Video,
826 1239 1044 1310 quando
1077 1241 1276 1310 aliquis
1327 1251 1486 1297 terra:
1527 1252 1711 1299 motus
1765 1246 1818 1299 in
1875 1244 2078 1300 mundo

461 1353 464 1358 ·
506 1340 733 1386 exortus
782 1331 979 1394 fuerit‘,
1028 1343 1124 1386 aut
1167 1335 1338 1388 fames
1383 1334 1622 1405 pestisve
1673 1336 1940 1403 saevierit,
1988 1344 2080 1390 aut

507 1424 743 1492 irruptio
777 1425 918 1477 facta
963 1426 1034 1480 sit
1067 1425 1437 1491 inimicorum,
1484 1427 1745 1483 festinare
1781 1445 1973 1484 omnes
2009 1428 2079 1482 ad

506 1515 909 1586 baptisterium,
947 1533 1018 1572 ne
1051 1519 1205 1573 vacui
1241 1520 1415 1591 gratia
1447 1520 1710 1576 excedant
1744 1523 1811 1575 ab
1845 1521 2081 1576 homini-

505 1607 634 1663 bus.
667 1608 809 1674 Quid
843 1609 1015 1664 vero?
1050 1609 1246 1664 Annon
1298 1610 1393 1665 alii
1425 1612 1560 1666 varii
1597 1621 1651 1667 et
1683 1612 1949 1683 inopinati
1986 1630 2080 1668 ca-

506 1716 605 1756 sus
636 1701 881 1756 eamdem
917 1703 1026 1756 vim
1060 1701 1261 1758 habent
1294 1718 1460 1774 quam
1495 1704 1586 1757 illa
1629 1707 1768 1760 mala
1792 1707 1815 1765 .?
1843 1706 2082 1777 Apople-

505 1794 645 1859 xite,
676 1809 967 1866 syncopaa,
998 1794 1300 1865 inopinata:
1327 1795 1715 1853 suffocationes
1736 1838 1752 1863 ,
1788 1807 2078 1854 ventorum
2112 1771 2154 1826 Β

515 1885 791 1941 irruentes
805 1887 1089 1956 procellae?
1108 1885 1297 1942 Nonne
1317 1887 1584 1954 videmus,
1603 1903 1698 1946 eos
1717 1889 1808 1960 qui
1827 1899 2078 1957 currunt,

510 1975 710 2034 cadere
731 2015 747 2042 ,
780 1984 836 2032 et
868 1977 965 2047 qui
1000 1978 1331 2044 comedunt,
1372 1979 1533 2050 plane
1567 1996 1790 2037 cessare
1827 1997 1859 2036 a
1899 1983 2088 2038 nutri-

507 2077 730 2132 mento,
777 2076 833 2123 et
876 2067 971 2136 qui
1020 2066 1302 2122 dormiunt
1356 2067 1485 2122 duci
1524 2069 1591 2122 ad
1634 2079 1860 2125 mortem
1901 2070 2082 2125 somni

507 2157 806 2213 sororem?
846 2156 1124 2212 Conlirma
1167 2166 1222 2212 et
1265 2157 1447 2212 stabili
1495 2159 1619 2214 vitae
1667 2159 2081 2216 instabilitatem

511 2258 569 2306 et
607 2248 1083 2305 inccrtitudinem.
1124 2247 1246 2303 Noli
1286 2250 1592 2320 negotiari,
1639 2260 1734 2307 aut
1782 2255 2082 2324 cauponari

507 2342 776 2413 gratiam,
811 2355 881 2396 ne
915 2356 946 2394 a
973 2339 1118 2395 dono
1155 2339 1400 2396 excidas.
1434 2341 1671 2397 Tantum
1699 2343 1836 2399 debe
1859 2386 1874 2411 ,
1907 2361 2082 2415 quan-

509 2443 628 2488 tum
665 2431 842 2502 possit
877 2431 1215 2498 condonari,
1256 2439 1310 2486 et
1344 2432 1492 2502 quod
1531 2449 1642 2490 non
1682 2436 1858 2505 possit
1896 2438 2084 2491 exclu-

507 2527 638 2581 dere
686 2524 832 2595 regis
875 2523 1292 2594 benignitatem.
1341 2526 1530 2582 Terrae
1576 2527 1723 2582 enim
1767 2529 2081 2600 principes,

507 2615 736 2689 quando
789 2616 1032 2685 aliquem
1084 2616 1441 2686 acceperint,
1497 2617 1589 2687 qui
1646 2618 2084 2694 publicasupra

507 2708 732 2764 modum
761 2707 1084 2778 appetierit,
1114 2717 1169 2762 et
1200 2723 1260 2762 se
1288 2708 1436 2778 regia
1468 2709 1700 2779 pecunia
1727 2711 1891 2765 etiam
1919 2727 2082 2781 supra

507 2801 821 2857 satietatem
856 2798 1196 2869 impleverit,
1236 2798 1530 2870 desperant
1574 2802 1793 2870 quidem
1846 2801 1964 2858 fore
2025 2811 2086 2858 ut

511 2892 728 2955 reddat.
759 2891 957 2946 acerbe
985 2897 1166 2946 autem
1195 2891 1468 2960 puniunt,
1502 2905 1662 2961 paena
1710 2894 1952 2948 contenti
1985 2909 2086 2964 pro

509 2983 766 3053 pecunia.
812 2980 1045 3036 Multum
1095 2983 1358 3052 temporis
1402 2983 1603 3039 dedisti
1655 2984 1960 3054 voluptati,
2017 2989 2084 3040 da

2181 523 2274 577 ρον
2299 505 2390 559 τὸν
2423 505 2753 577 πρεσϐύτην,
2780 505 2967 578 αῦριον
2991 506 3052 560 τὸ
3078 505 3273 560 ἀνθοῦν
3297 506 3391 559 καὶ
3419 505 3609 577 χαρίεν
3637 523 3742 576 μει-

2183 599 2390 670 ράκιον,
2423 600 2538 668 μετ’
2566 597 2744 667 ὀλίγον
2767 597 2857 651 τὸν
2884 598 3248 670 αὐξανόμενον
3272 598 3366 652 τοῦ
3397 598 3572 652 ἰούλου
3593 637 3609 661 ,
3650 599 3744 652 πά-

2178 692 2261 744 λιν
2283 691 2374 744 τὸν
2404 689 2702 762 ῥωμαλέον,
2732 691 2826 744 καὶ
2850 691 3164 761 ἀκμάζοντα
3184 730 3201 756 ,
3234 687 3388 755 αὖθις
3423 690 3521 762 τὴν
3554 689 3742 763 γραῦν,

2179 784 2314 856 ὁμοῦ
2342 785 2439 858 τὴν
2467 786 2654 858 κόρην.
2686 786 2872 840 Ταῦτα
2914 787 3170 858 ὁρῶντες,
3197 786 3297 859 τὴν
3328 786 3551 857 ἀδηλίαν
3581 787 3746 856 ἀσφα-

2178 875 2454 948 λισώμεθα
2478 893 2494 908 ο
2527 879 2602 932 Οὐ
2625 878 2735 949 γάρ
2759 878 2906 930 ἐστιν
2938 877 3195 947 ἐργῶδες,
3218 877 3304 930 ἵνα
3340 876 3505 938 ἀσκὸς
3541 876 3744 947 κενωθῇ

2178 966 2272 1020 τοῦ
2319 967 2626 1038 πνεύματος
2648 1007 2664 1032 ,
2733 967 2928 1038 μικρὸν
2974 967 3356 1036 ὑπανοιγέντος
3409 966 3504 1020 τοῦ
3549 967 3746 1038 στόμα-

2177 1076 2303 1124 τος,
2351 1060 2470 1114 οὐδὲ
2508 1060 2761 1114 δύσκολον
2793 1059 3079 1132 ἄνθρωπον
3115 1063 3172 1114 έν
3209 1061 3406 1132 ἀκαρεῖ
3438 1059 3538 1132 τὴν
3575 1059 3749 1132 ψυχὴν

2179 1152 2460 1224 προέσθαι.

2263 1243 2404 1317 Ὁρῶ
2447 1245 2576 1298 ὅταν
2624 1245 2756 1299 ποτὲ
2804 1245 3026 1315 σεισμὸς
3070 1245 3388 1316 ἐπιγένηται
3433 1243 3512 1316 τῷ
3557 1243 3680 1316 βίῳ,
3719 1244 3750 1316 ἢ
3819 1267 3826 1292 l

2178 1335 2356 1406 λιμὸς,
2398 1335 2732 1407 ἢπολεμίων
2787 1335 3123 1407 καταδρομὴ,
3165 1336 3373 1399 πάντας
3421 1335 3754 1406 ὲπειγμένως

2181 1428 2273 1482 ἐπὶ
2303 1428 2363 1481 τὸ
2396 1427 2781 1499 βαπτιστήριον
2823 1427 3168 1490 σπεύδοντας,
3215 1427 3303 1479 ἴνα
3350 1424 3424 1497 μὴ
3475 1425 3624 1479 κενοὶ
3664 1426 3756 1496 τῆς

2180 1520 2402 1592 χάριτος
2429 1519 2489 1584 ἐξ
2511 1519 2813 1590 ἀνθρώπων
2859 1517 3188 1572 ἀπέλθωσιν.
3237 1517 3305 1570 Τί
3345 1513 3472 1581 οῦνς
3516 1515 3586 1570 τὰ
3626 1516 3756 1572 ἄλλα

2179 1613 2251 1668 τά
2283 1611 2501 1666 ποικίλα
2551 1610 2697 1680 πάθη
2739 1609 2836 1664 καὶ
2881 1609 3261 1681 ἀπροσδόκητα
3307 1609 3406 1663 οὐκ
3453 1609 3759 1680 ίσοδυναμεί

2180 1709 2292 1771 τοῖς
2322 1707 2510 1767 κακοῖς
2545 1702 2806 1767 ὲκείνοις;
2851 1699 3225 1772 Ἀποπληξίαι,
3253 1701 3593 1771 παρακοπαὶ,
3644 1700 3757 1754 πνίο

2183 1800 2293 1868 ξεις
2330 1800 2601 1870 ἀδόκητοι,
2632 1778 2957 1868 πνευμάτων
2989 1793 3288 1859 ἐνστάσεις,
3323 1793 3418 1847 καὶ
3459 1791 3529 1846 τά
3557 1790 3758 1846 τούτων

2126 1956 2130 1959 ,
2181 1891 2482 1959 ἀκόλουθα;
2508 1891 2584 1945 Οὐ
2623 1889 2891 1960 βλέπομεν
2918 1889 3043 1950 τοὺς
3085 1887 3143 1941 ὲν
3186 1883 3266 1956 τῷ
3294 1884 3509 1958 τρέχειν
3538 1883 3760 1936 πίπτον-

2181 2001 2298 2048 τας,
2324 1965 2724 2045 ὲσθίοντας’κα“ι
2761 1978 2981 2042 τελείως
3017 1977 3120 2049 τῆς
3157 1973 3365 2046 τροφῆς
3398 1973 3756 2044 παυομένους,

2182 2074 2539 2137 καθεύδοντας
2570 2073 2664 2126 καί⁸
2693 2070 3060 2132 λανθανόντως
3105 2066 3182 2138 τῷ
3221 2066 3434 2136 ἀδελφῷ
3468 2065 3563 2119 τοῦ
3593 2065 3757 2118 ῦπνου

2181 2167 2260 2239 τῷ
2281 2165 2497 2236 θανάτῳ
2525 2162 2965 2237 προσαγομένους
2988 2177 3003 2227 ;
3037 2159 3356 2229 Ἀσφάλισαι
3401 2157 3464 2212 τδ
3490 2157 3761 2229 ἀστάθμη-

2182 2276 2273 2314 τον
2297 2259 2392 2312 καὶ
2421 2257 2615 2325 ἄδηλον
2641 2256 2736 2309 τοῦ
2770 2255 2906 2326 βίου.
2949 2253 3041 2324 Μὴ
3085 2251 3390 2324 ὲμπορεύου
3436 2249 3536 2322 τὴν
3579 2250 3758 2321 χάριν,

2185 2351 2275 2404 ἵνα
2311 2345 2386 2421 μὴ
2413 2348 2652 2418 ὲκπέσης
2691 2347 2790 2418 τῆς
2831 2346 3058 2417 δωρεᾶς.
3103 2342 3352 2397 Τοσαῦτα
3396 2341 3760 2414 χρεώστησον,

2184 2444 2283 2497 ὃσα
2319 2441 2540 2496 δυνατὸν
2587 2440 2679 2494 καὶ
2713 2437 3152 2510 συγχωρηθῆναι,
3186 2437 3284 2489 ὅσα
3309 2436 3404 2490 καὶ¹
3444 2433 3542 2507 τὴν
3580 2435 3765 2506 φιλαν-

2185 2533 2430 2605 θρωπίαν
2465 2531 2562 2586 τοῦ
2603 2529 2864 2602 βασιλέως
2897 2531 2998 2582 οὐκ
3039 2528 3369 2583 ἀποκλείσει.
3419 2529 3533 2584 Καὶ
3563 2527 3678 2600 γὰρ
3718 2531 3764 2582 ei

2182 2627 2282 2696 τῆς
2311 2625 2414 2695 γῆς
2437 2625 2694 2696 ἄρχοντες
2724 2624 2850 2678 ὅταν
2891 2621 3014 2675 τινὰ
3043 2621 3279 2675 λάϐωσιν
3312 2621 3596 2693 ὑπεράγαν
3628 2638 3766 2675 σπα-

2186 2718 2429 2790 θήσαντα
2462 2717 2532 2770 τὰ
2567 2716 2821 2787 δημόσια,
2846 2715 2943 2768 καὶ
2982 2714 3090 2768 τῶν
3139 2713 3430 2786 βασιλικῶν
3471 2714 3767 2786 χρημάτων

2185 2810 2324 2881 ὑπὲρ
2367 2808 2526 2880 κόρον
2572 2807 3099 2878 κατατρυφήσαντα,
3161 2805 3260 2876 τῆς
3309 2805 3408 2876 μὲν
3462 2805 3768 2867 ἀποδόσεως

2185 2899 2616 2969 ἀπογινώσκουσι
2641 2916 2654 2929 ο
2683 2896 2968 2963 κολάζουσι
3001 2897 3057 2951 δὲ
3093 2897 3326 2969 πικρῶς,
3356 2898 3477 2952 ἀντὶ
3506 2897 3617 2952 τῶν
3641 2914 3771 2969 χρη-

2190 2992 2374 3062 μάτων
2401 2994 2517 3055 ταίς
2544 2991 2836 3080 τιμωρίαις
2880 2988 3229 3063 ἀρκούμενοι.
3275 2988 3508 3053 Πολλοὺς
3545 2989 3770 3061 χρόνους

508 3075 678 3130 etiam
729 3072 937 3143 aliquid
987 3071 1370 3142 philosophiae.
1423 3071 1573 3130 Exue
1616 3084 1855 3130 veterem
1910 3075 2085 3131 homi-

2187 3081 2424 3154 ἐχαρίσω
2445 3083 2511 3152 τῇ
2534 3071 2712 3152 ἡδονῇ·
2735 3079 2824 3143 δὸς
2850 3079 2945 3133 καὶ
2967 3081 3032 3150 τῇ
3061 3078 3345 3150 φιλοσοφίᾳ
3366 3077 3580 3150 σχολήν.
3613 3079 3774 3132 Ἀπό-

509 3181 638 3222 nem
687 3174 948 3236 tanquam
997 3172 1202 3220 vestem
1251 3165 1526 3222 sordidam
1559 3206 1575 3232 ,
1626 3182 1747 3238 qua:
1789 3176 1875 3224 est
1921 3169 2080 3240 plena

513 3260 719 3331 probro
755 3265 810 3313 et
844 3255 1146 3325 dedecore,
1186 3273 1310 3328 quae
1345 3274 1413 3314 ex
1449 3271 1801 3330 peccatorum
1839 3260 2077 3316 conﬂata

513 3361 600 3409 est
622 3349 991 3408 multitudine
1013 3388 1031 3414 ,
1066 3359 1119 3406 et
1154 3351 1540 3406 consarcinata
1570 3367 1638 3407 ex
1677 3352 2088 3409 miserabilibus

514 3443 715 3515 pannis
744 3442 1079 3514 iniquitatis.
1119 3442 1322 3513 Accipe
1357 3451 1539 3498 autem
1577 3443 1956 3500 indumentum
1998 3445 2088 3500 in-

515 3533 931 3605 corruptionis,
966 3533 1113 3606 quod
1164 3533 1495 3605 explicatum
1546 3542 1602 3589 et
1644 3543 1932 3591 extensum
1989 3536 2089 3590 tibi

513 3626 773 3684 Christus
813 3627 1082 3699 porrigit;
1119 3642 1222 3682 nec
1260 3628 1463 3698 repelle
1499 3627 1702 3683 donum
1727 3666 1744 3693 ,
1780 3643 1850 3684 ne
1887 3628 2089 3698 injuria

515 3719 718 3776 afﬁcias
766 3735 928 3786 eum,
971 3722 1063 3792 qui
1100 3719 1269 3776 dedit.
1307 3719 1367 3775 In
1404 3720 1518 3775 luto
1550 3719 1645 3775 diu
1674 3735 1735 3777 es
1766 3721 2086 3789 volutatus;

518 3810 719 3867 festina
747 3812 816 3868 ad
851 3827 1034 3868 meum
1063 3811 1360 3867 .lordanem
1384 3851 1401 3877 ,
1432 3827 1541 3867 non
1575 3811 1786 3868 Joanne
1815 3823 2046 3869 vocante
2071 3852 2088 3876 ,

517 3903 614 3960 sed
653 3903 876 3960 Christo
909 3905 1259 3959 adhortante.
1291 3902 1518 3958 Fluvius
1551 3903 1699 3959 enim
1738 3904 1930 3974 gratiae
1970 3905 2091 3960 ﬂuit

520 3997 762 4068 ubique,
800 4011 910 4053 non
940 3995 1122 4052 fontes
1153 3994 1364 4050 habens
1403 3994 1458 4049 in
1499 3992 1828 4060 Palaestina,
1863 4006 1918 4051 et
1955 3997 2093 4051 vici-

518 4104 650 4144 num
700 4104 854 4147 mare
905 4088 1177 4152 influens,
1225 4087 1329 4145 sed
1369 4095 1542 4142 totum
1579 4088 1767 4144 orbem
1811 4096 2085 4145 terrarum

517 4183 884 4247 circumiens,
931 4190 986 4237 et
1032 4181 1343 4251 ingrediens
1391 4180 1748 4250 paradisum,
1799 4180 1976 4238 ﬂuens
2024 4197 2092 4236 ex

520 4273 752 4328 adverso
787 4273 1002 4328 illorum
1032 4281 1294 4343 quatuor,
1328 4271 1421 4342 qui
1462 4271 1610 4325 illinc
1639 4270 1883 4326 efﬂuunt
1906 4313 1920 4338 ,
1949 4282 2002 4328 et
2033 4272 2089 4327 in

520 4363 835 4434 paradisum
867 4364 1027 4433 longe
1059 4362 1386 4432 pretiosiora
1425 4361 1667 4417 inferens
1691 4401 1707 4426 ,
1765 4377 1932 4432 quam
1969 4378 2091 4432 quae

2187 3175 2343 3228 δυσαι
2368 3172 2458 3226 τὸν
2490 3171 2714 3225 παλαιὸν
2739 3170 3043 3240 ἄνθρωπον,
3071 3169 3147 3232 ὡς
3182 3168 3391 3239 ἱμάτιον
3416 3169 3684 3239 ῥυπαρὸν,
3714 3169 3773 3221 τὸ

2187 3267 2432 3339 αἰσχρὸν,
2463 3264 2524 3318 τὸ
2553 3263 2721 3333 γέμον
2749 3261 3012 3332 αἰσχύνης
3053 3260 3114 3314 τὸ
3162 3261 3228 3314 έκ
3270 3259 3364 3314 τοῦ
3392 3259 3632 3332 πλήθους
3665 3261 3773 3314 τῶν

2189 3356 2472 3430 ἁμαρτιῶν
2499 3354 2914 3423 πολυκόλλητον,
2941 3355 3052 3417 τοῖς
3097 3353 3351 3423 οἰκτροῖς,
3378 3353 3588 3423 ῥακίοις
3619 3370 3774 3424 περι-

2189 3447 2585 3520 κεκεντημένον
2605 3446 2700 3517 τῆς
2723 3445 2970 3516 ἀνομίας.
2997 3445 3155 3512 Δέξαι
3179 3444 3236 3498 δὲ
3261 3444 3322 3498 τὸ
3345 3445 3442 3515 τῆς
3466 3445 3775 3515 ἀφθαρσίας

2190 3541 2414 3611 ἔνδυμα,
2446 3541 2584 3610 ὅπερ
2607 3538 2635 3590 ὁ
2671 3537 2906 3609 Χριστός
2954 3553 3036 3589 σοι
3072 3533 3380 3599 διαπλώσας
3408 3536 3773 3605 προτείνεται,

2189 3634 2284 3687 καὶ
2310 3631 2384 3702 μὴ
2412 3629 2608 3704 ἀπώσῃ
2633 3629 2731 3700 τὴν
2755 3627 2982 3700 δωρεὰν,
3013 3627 3100 3682 ἵνα
3129 3627 3204 3699 μὴ
3233 3627 3459 3700 ὑϐρίσῃς
3487 3627 3578 3680 τὸν
3607 3627 3778 3699 δωρη-

2192 3723 2446 3794 σάμενον.
2481 3721 2603 3775 Ἐπὶ
2638 3719 2846 3790 μακρὸν
2886 3718 3180 3773 ένεκυλίσω
3204 3719 3282 3790 τῷ
3311 3718 3548 3789 βορϐόρῳ
3567 3735 3582 3748 ·
3609 3718 3767 3772 σπεῦο

2192 3834 2304 3881 σον,
2337 3815 2613 3887 ἄνθρωπε,
2640 3813 2735 3866 ἐπὶ
2763 3813 2853 3866 τὸν
2883 3813 3014 3882 ἐμὸν
3057 3810 3326 3882 Ἰορδάνην
3349 3849 3363 3874 ,
3393 3809 3493 3863 ούκ
3526 3809 3778 3864 Ἰωάννου

2190 3908 2498 3974 καλοῦντος,
2530 3905 2668 3960 ἀλλά
2701 3903 2938 3976 Χριστοῦ
2976 3903 3391 3974 προτρέποντος.
3435 3902 3492 3954 '0
3527 3901 3640 3973 γὰρ
3677 3901 3781 3970 τῆς

2191 4003 2412 4072 χάριτος
2447 3997 2691 4070 ποταμὸς
2734 3998 2818 4069 ῥεῖ
2855 3994 3150 4070 πανταχοῦ,
3197 3993 3297 4048 οὐκ
3347 3996 3402 4047 ὲν
3447 3996 3514 4066 τῇ
3571 3993 3782 4048 Παλαι-

2193 4092 2345 4164 στίνῃ
2376 4090 2473 4154 τὰς
2499 4089 2682 4159 πηγὰς
2718 4089 2878 4159 ἔχων,
2905 4087 3000 4142 καίΙ
3025 4087 3106 4150 εἰς
3141 4085 3239 4157 τὴν
3265 4086 3480 4154 γείτονα
3504 4084 3783 4139 καλυπτό-

2195 4202 2355 4257 μενος
2379 4184 2674 4247 θάλασσαν,
2695 4181 2832 4236 ἀλλά
2864 4181 3044 4234 πᾶσαν
3067 4180 3166 4251 τὴν
3191 4178 3512 4250 οἰκουμένην
3535 4177 3781 4240 κυκλῶν,

2194 4278 2290 4331 καὶ
2335 4276 2630 4331 εἰσϐάλλων
2673 4275 2752 4340 είς
2795 4274 2888 4328 τὸν
2940 4273 3298 4346 παράδεισον·
3358 4272 3784 4341 ἀντιπρόσωπος

2198 4371 2336 4440 ῥέων
2361 4367 2471 4422 τῶν
2511 4365 2790 4436 τεσσάρων
2831 4362 2938 4416 τῶν
2979 4362 3188 4416 ἐκεῖθεν
3232 4359 3633 4433 ἀπορῥεόντων,
3685 4360 3786 4414 καὶ

521 4455 674 4510 illinc
719 4462 1101 4526 exportantur.
1147 4452 1284 4508 Nam
1331 4453 1412 4508 illi
1450 4452 1673 4523 quidem
1716 4451 1901 4510 ferunt
1965 4469 2085 4509 aro-

2199 4463 2332 4518 πολὺ
2355 4460 2656 4531 τιμιώτερα
2677 4459 2911 4526 εἰσάγων
2939 4456 3018 4519 εἰς
3039 4455 3129 4508 τὸν
3159 4453 3481 4526 παράδεισον
3508 4451 3618 4506 τῶν
3643 4455 3788 4506 ἐκεῖ·

521 4555 702 4612 mata,
760 4546 1147 4617 agriculturam
1185 4557 1239 4601 et
1282 4561 1506 4616 germen
1551 4555 1739 4613 terrae;
1789 4546 1877 4600 hic
1911 4558 2091 4602 autem

521 4637 689 4694 infert
709 4638 957 4692 homines
981 4651 1013 4690 a
1041 4634 1247 4706 Spiritu
1281 4646 1592 4708 generatos.
1617 4637 1954 4709 Quocunque
1985 4648 2094 4693 tra-

520 4731 706 4795 xeris,
747 4729 876 4784 illuc
913 4727 1195 4784 transiluit
1221 4743 1241 4794 ;
1271 4728 1554 4784 derivatur
1595 4729 1652 4784 in
1693 4738 1866 4784 totum
1901 4729 2090 4785 orbem

519 4828 683 4878 terra;
704 4859 721 4887 ,
755 4828 811 4876 et
839 4835 948 4875 non
978 4821 1255 4875 consumit
1286 4819 1547 4875 ﬂuentum
1584 4821 1638 4874 in
1672 4820 1739 4875 iis
1768 4821 1822 4876 in
1854 4836 1975 4892 quae
2009 4821 2096 4876 di-

518 4914 745 4970 viditur.
781 4911 1004 4968 Fontem
1038 4913 1184 4968 enim
1223 4913 1449 4968 divitem
1488 4913 1654 4969 habet
1690 4912 2004 4981 Christum,
2035 4922 2091 4970 et

519 5021 588 5063 ex
619 5007 714 5060 illo
748 5005 924 5060 ﬂuens
952 5004 1180 5059 inundat
1209 5005 1472 5059 mundum
1505 5005 1847 5060 universum.
1881 5005 1979 5060 llic
2005 5014 2090 5061 est

521 5099 702 5155 dulcis
759 5105 814 5154 et
879 5099 1171 5168 potabilis,
1239 5099 1373 5153 nihil
1430 5098 1746 5170 injucundaa
1793 5099 2094 5172 salsuginis

522 5189 828 5243 attrahens.
859 5187 1049 5242 Dulcis
1081 5189 1226 5243 enim
1261 5187 1506 5243 redditur
1541 5189 1776 5245 adventu
1808 5189 2048 5260 Spiritus
2073 5230 2090 5257 ,

522 5289 582 5336 nt
613 5281 735 5336 fons
768 5281 912 5336 Mara
946 5291 1150 5336 attactu
1182 5282 1311 5353 ligni
1345 5284 1412 5335 "‘.
1441 5283 1488 5338 Is
1521 5297 1552 5336 a
1587 5284 1692 5353 piis
1723 5283 1883 5340 facile
1914 5295 2092 5355 potest

523 5375 856 5436 transmitti,
903 5375 1149 5445 profanis
1183 5382 1366 5429 autem
1408 5375 1850 5444 pet-profundus,
1898 5388 1953 5432 et
1991 5391 2091 5432 nec

523 5463 594 5517 ab
621 5463 700 5519 'iis
730 5465 950 5534 quidem
991 5475 1168 5535 potest
1209 5465 1368 5520 adiri.
1415 5465 1632 5522 Imitare
1678 5466 1863 5524 Jesum
1918 5467 2089 5524 Nave.

521 5553 689 5613 Porta
728 5557 1079 5628 Evangelium
1103 5598 1118 5625 ,
1162 5559 1308 5614 sicut
1347 5559 1439 5616 ille
1477 5574 1705 5628 arcam;
1744 5560 1958 5617 dimitte
1997 5563 2093 5618 de-

603 5733 651 5769 “
668 5735 838 5791 Exod.
867 5752 954 5804 xv,
974 5734 1059 5790 2'3.

2201 4554 2291 4608 θεν
2327 4549 2724 4622 ἐκφερομένων.
2773 4549 2836 4602 Οἱ
2878 4548 2976 4619 μὲν
3025 4546 3135 4618 γὰρ
3184 4546 3438 4616 φέρουσιν
3485 4542 3783 4615 ἀρώματα,

2199 4646 2492 4718 γεωργίαν,
2520 4645 2614 4698 καὶ
2647 4641 2932 4713 βλάστημα
2961 4639 3082 4710 γῆς.
3121 4639 3179 4691 Ὁ
3214 4637 3272 4690 δὲ
3309 4635 3632 4708 ἀνθρώπους
3679 4637 3793 4690 εἰσ-

2169 4740 2356 4811 έφέρει
2395 4739 2709 4808 γεννήματα
2755 4733 3081 4804 πνεύματος.
3116 4731 3288 4785 Ὅπου
3327 4729 3370 4783 δ’
3405 4729 3470 4782 ἂν
3517 4729 3787 4802 ὲλκύσῃς,

2201 4830 2319 4883 ἐκεῖ
2365 4828 2644 4898 μταρῥεῖ,
2677 4823 2812 4894 πρὸς
2859 4823 3037 4875 πᾶσαν
3085 4819 3184 4891 τὴν
3233 4819 3552 4890 οἰκουμένην
3599 4818 3796 4890 ἐξοχεο

2188 4921 2427 4980 τεύεται,
2465 4919 2560 4972 καὶ
2585 4916 2646 4970 οὐ
2674 4915 2885 4985 δαπανᾷ
2915 4915 2971 4966 ὲν
3008 4914 3122 4976 τοῖς
3163 4911 3534 4982 μεριζομένοις
3565 4910 3634 4964 τὸ
3671 4913 3796 4982 ῥεῖ-

2185 5014 2338 5085 θρον.
2377 5009 2565 5080 Πηγὴν
2611 5007 2719 5077 γὰρ
2767 5003 2880 5075 ἔχει
2938 5001 3194 5057 πλουσίαν
3241 5002 3332 5056 τὸν
3365 5001 3635 5072 Χριστὸν,
3690 5001 3801 5055 καὶ

2193 5107 2288 5160 ἀπ’
2317 5105 2526 5157 ἐκείνου
2567 5099 2745 5173 ῥέων,
2772 5097 3061 5169 σύμπαντα
3107 5096 3388 5166 πελαγίξει
3417 5096 3508 5150 τὸν
3553 5096 3795 5167 κόσμον.

2194 5197 2403 5258 Γλυκὺς
2427 5189 2582 5256 οὗτος
2611 5191 2704 5247 καί⁵
2731 5190 2957 5261 πότιμος
2976 5229 2991 5254 ,
3037 5189 3189 5242 οὐδὲν
3216 5189 3316 5260 τῆς
3367 5187 3561 5260 ἀηδοῦς
3601 5189 3797 5258 ἅλμης

2198 5285 2609 5358 ἐπισυρόμενος.
2666 5282 2941 5338 Ἦδύνεται
2992 5280 3102 5352 γὰρ
3161 5283 3228 5352 τῇ
3295 5281 3635 5351 ἐπιφοιτήσει
3691 5280 3797 5334 τοῦ

2199 5380 2504 5452 πνεύματος
2536 5379 2612 5442 ὡς
2649 5379 2684 5448 ὴ
2728 5375 2920 5448 Μερῥὰ
2960 5373 3111 5446 πηγὴ
3145 5375 3211 5446 τῇ
3259 5373 3407 5443 θήξει
3449 5371 3543 5425 τοῦ
3599 5372 3800 5440 ξύλου,

2197 5471 2451 5534 διαϐατὸς
2490 5473 2603 5534 τοῖς
2648 5469 2925 5534 εὐσεϐέσι,
2969 5470 3082 5532 τοῖς
3111 5466 3168 5520 δὲ
3205 5465 3451 5536 βεϐήλοις
3483 5464 3803 5536 ἀγχιϐαθὴς

2200 5564 2639 5647 καίντᾴλερόσιτος.
2665 5564 2917 5632 Μίμτισαι
2957 5562 3046 5616 τὸν
3103 5559 3307 5626 Ἰησοῦν
3347 5559 3438 5612 τὸν
3471 5560 3646 5612 Nabim.
3685 5559 3798 5614 Βά·
