3844 6394
156 336 257 391 621

1526 340 1610 394 DE
1658 339 2019 395 BAPTISMO.

3284 357 3391 412 422

159 468 359 504 στασον
409 452 470 504 τὸ
521 453 879 523 Εύαγγέλιον,
920 454 996 518 ὡς
1050 455 1250 518 ἐκεῖνος
1318 454 1413 525 τὴν
1476 456 1734 508 κιϐωτόν·

1841 467 2074 520 sertum,
2113 471 2304 526 nempe
2346 446 2665 528 peccatum;
2717 462 2888 516 transi
2934 462 3266 534 Iordanem;
3312 470 3391 523 fe-

154 541 295 607 ἄφες
352 541 451 611 τὴν
498 541 720 612 ἔρημον,
760 543 857 613 τὴν
909 544 1212 614 ἁμαρτίαν·
1260 543 1593 614 περαιώθητι
1648 544 1739 598 τὸν

167 630 466 701 Ἰορδάνην·
498 632 727 685 σπεῦσον
760 634 839 695 είς
865 633 960 703 τὴν
997 633 1139 686 κατὰ
1182 634 1412 704 Χριστὸν
1446 635 1736 699 πολιτείαν,

155 719 234 781 είς
264 720 365 789 τὴν
394 720 497 789 γῆν
525 720 622 793 τὴν
648 723 869 793 γόνιμον
899 723 1006 776 τῶν
1049 724 1440 794 εὐφραινόντων
1487 725 1736 796 καρπῶν,

154 809 252 879 τὴν
282 811 534 880 ῥέουσαν,
571 812 709 866 κατά
755 814 860 884 τὴν
904 814 1250 882 ἐπαγγελίαν,
1284 815 1403 885 μέλι
1440 816 1533 869 καὶ
1574 815 1736 884 γάλα’

155 902 466 955 κατάλυσον
511 903 611 973 τὴν
666 903 910 974 Ἰεριχὼ,
963 906 1063 976 τὴν
1121 905 1357 959 παλαιὰν
1429 906 1735 976 συνήθειαν,

156 991 231 1061 μὴ
263 992 410 1062 ἀφῇς
442 992 609 1062 αὐτῆς
655 993 953 1064 ὀχύρωμα’
1010 996 1074 1047 ἐκ
1117 994 1379 1065 θεμελίων
1432 996 1590 1050 λῦσον
1629 996 1737 1050 τῶν

154 1082 498 1152 ἁμαρτωλῶν
547 1083 818 1154 λογισμῶν
866 1084 965 1155 τὴν
1027 1086 1265 1157 μητέρα·
1328 1086 1553 1158 ποίησον
1610 1087 1736 1151 τοὺς

151 1173 406 1243 δολεροὺς
429 1174 774 1237 Γαϐαωνίτας
801 1176 1017 1239 οἰκέτας
1062 1176 1150 1229 τοῦ
1193 1176 1406 1250 Ἰσραὴλ
1425 1215 1441 1241 ,
1470 1178 1732 1242 τουτέστι,

151 1262 376 1326 δούλους
404 1264 529 1327 τοὺς
557 1266 821 1337 πονηροὺς
849 1268 1134 1336 λογισμοὺς
1157 1267 1250 1322 τοῦ
1298 1268 1437 1321 κατὰ
1471 1268 1530 1321 τὸ
1560 1269 1735 1337 Εὐαγ-

152 1353 335 1419 γκιιον
385 1353 536 1423 βίου’
593 1354 967 1408 λιθοϐολείσθω
1011 1358 1039 1409 ὁ
1089 1357 1345 1427 σοφιστὴς
1404 1357 1498 1410 καὶ
1548 1358 1737 1410 πλεον-

152 1444 317 1513 έκτης
348 1446 550 1517 ’Δχαρ⁶
584 1446 613 1499 ὁ
632 1445 730 1516 τὴν
756 1445 1004 1513 γλῶσσαν
1037 1446 1133 1518 τὴν
1158 1448 1361 1517 χρυσῆν
1386 1446 1731 1517 ὑφελόμενος.

151 1528 324 1597 Οἷτος
352 1535 408 1589 δέ
441 1537 587 1589 ἐστιν
616 1536 819 1599 ἐκεῖνος
841 1538 869 1589 ὁ
892 1536 991 1606 τῆς
1011 1536 1197 1607 τιμίας
1225 1537 1445 1607 ἐντολῆς
1467 1537 1732 1606 ἀφανίσας

148 1622 251 1696 τὴν
279 1625 536 1695 τήρησιν.
586 1625 769 1680 Πάντα
804 1628 985 1679 ἐκεῖνα
1026 1626 1195 1691 τύπος
1227 1628 1520 1697 ἡμέτερος,
1557 1627 1732 1681 πάντα

151 1716 563 1787 προμηνύματα
587 1716 696 1770 τῶν
732 1714 826 1777 νῦν
859 1716 1195 1788 φαινομένων
1224 1718 1582 1788 πραγμάτων.

220 1848 532 1902 οΑπόλυσον
583 1848 767 1903 λοιπὸν
814 1850 909 1903 τοῦ
951 1849 1066 1921 βίου
1117 1868 1209 1903 σου
1256 1850 1347 1904 τὸν
1388 1850 1727 1922 γαστρίμαρ·

146 1954 245 2005 γον
294 1937 546 2010 κόρακα⁶
611 1939 700 2003 δὸς
744 1942 811 2011 τῇ
862 1942 1157 2012 περιστερᾷ
1205 1940 1394 2012 καιρὸν
1441 1939 1731 2010 ὲπιπτῆναί

150 2042 267 2079 σοι·
322 2028 391 2099 ἢν
423 2027 637 2100 πρῶτος
682 2028 885 2101 Ἰησοῦς
927 2030 1173 2093 τυπικῶς
1228 2029 1289 2097 ἐξ
1330 2029 1555 2101 ούρανοῦ
1598 2048 1727 2083 κατ-

147 2116 354 2183 ήγαγε,
384 2115 483 2186 τὴν
515 2117 729 2179 ἄδολον,
761 2119 861 2187 τὴν
900 2118 1239 2191 πραῦτάτην,
1270 2118 1369 2187 τὴν
1416 2115 1727 2183 πολύγονον·

144 2203 270 2271 ἥτις
310 2204 529 2257 ἐπειδὰν
577 2204 711 2277 εῦρῃ
763 2206 929 2276 ἄνδρα
973 2205 1379 2276 κεκαθαρμένον
1423 2206 1496 2267 ὠς
1540 2206 1731 2276 πύριον

146 2292 332 2363 καλῶς
351 2294 659 2364 ἠσκημένον
676 2335 689 2358 ,
718 2295 1081 2361 είσοικίζεται,
1107 2295 1202 2349 καὶ
1231 2294 1550 2358 ἐπωάζουσα
1572 2295 1733 2364 πυροί

144 2390 246 2459 τὴν
276 2384 478 2457 ιξιυχὴν,
522 2386 615 2439 καὶ
661 2386 830 2440 πολλά
856 2388 1028 2440 τίκτει
1068 2387 1160 2441 καὶ
1211 2386 1413 2456 εὐχαρῆ
1444 2384 1510 2437 τὰ
1537 2385 1732 2455 ἑαυτῆς

142 2462 562 2533 τέκναξταμᾶτα.
580 2476 641 2532 δέ
671 2479 806 2531 είσιν
838 2478 1039 2547 ἀγαθαὶ
1065 2478 1289 2547 πράξεις
1333 2476 1425 2529 καὶ
1452 2475 1597 2543 λόγοι
1641 2492 1730 2527 σε-

147 2569 317 2638 μνοὶ,
368 2567 586 2633 πίστις,
639 2567 926 2631 εὐσέϐεια,
992 2566 1326 2636 δικαιοσύνη,
1378 2564 1728 2635 σωφροσύνη,

143 2661 377 2726 ἁγνεία,
430 2647 754 2730 καθαρότης.
810 2659 993 2712 Ταῦτα
1040 2660 1204 2711 τέκνα
1252 2659 1346 2712 τοῦ
1402 2657 1727 2728 πνεύματος,

146 2754 413 2823 κτήματα
446 2751 501 2804 δὲ
522 2749 784 2822 ἡμέτερα.
814 2749 990 2820 Μέχρι
1022 2751 1149 2802 πότε
1183 2746 1425 2820 μαθητὴς
1451 2747 1561 2799 τῶν
1587 2745 1738 2817 πρώ-

142 2861 255 2896 των
278 2843 559 2913 στοιχείων
579 2858 593 2907 ;
619 2841 862 2907 Ἀνοιξόν
890 2858 982 2893 σου
1009 2842 1107 2910 τὴν
1129 2840 1301 2909 ψυχὴν
1323 2839 1396 2902 ὡς
1415 2838 1614 2898 δέλτον,
1636 2839 1732 2893 καὶ

148 2932 511 3003 συγχώρησον
540 2934 670 3002 ἡμῖν
695 2931 991 3001 ἐγχαράξαι
1026 2931 1254 3001 μάθημα
1279 2929 1497 2982 τέλειον’
1536 2928 1610 2999 μὴ
1646 2930 1731 2983 ἀεὶ

150 3026 293 3095 μετὰ
322 3024 433 3076 τῶν
460 3024 661 3077 παίδων
692 3022 969 3093 ψελλίζου·
1002 3021 1075 3093 μὴ
1103 3020 1375 3092 νηπιώδης
1407 3021 1505 3091 τὴν
1536 3021 1727 3091 φρένα.

1839 546 1978 599 stina
2012 546 2079 599 ad
2114 546 2236 600 vita
2267 547 2697 613 institutionem,
2746 567 2866 621 quae
2903 562 2986 607 est
3024 571 3089 608 ex
3130 554 3351 612 Christo
3374 600 3391 625 ,

1838 636 1905 689 ad
1952 645 2155 691 terram
2202 653 2323 707 quae
2370 637 2474 693 fert
2523 639 2735 696 fructus
2785 644 3025 700 laetitiam
3065 646 3391 715 all'erentes,

1838 742 1957 794 quae
1989 728 2381 784 convenienter
2428 731 2775 799 promissioni
2812 733 2928 787 fluit
2964 737 3118 792 melle
3146 745 3198 792 et
3228 739 3387 796 lacte.

1836 812 2031 870 Everte
2079 814 2327 880 Jericho,
2380 826 2615 872 veterem
2670 835 2862 890 nempe
2899 825 3388 891 consuetudinem,

1836 918 1906 957 ne
1958 904 2204 960 dimittas
2249 921 2367 961 eam
2420 908 2707 962 munitam.
2757 908 2922 965 Dirue
2960 926 2988 964 a
3027 912 3391 970 fundamentis

1836 1002 2065 1047 matrem
2097 996 2439 1064 peccantium
2472 998 2885 1068 cogitationum.
2917 1000 3145 1058 Dolosos
3174 1004 3390 1061 Gabao-

1835 1084 1979 1139 nitas
2017 1084 2104 1139 fac
2141 1101 2329 1142 servos
2368 1086 2625 1153 Israelis,
2661 1090 2765 1144 hoc
2801 1097 2923 1158 est,
2967 1093 3137 1149 malas
3185 1096 3388 1167 cogita-

1838 1174 2016 1229 tiones
2042 1188 2225 1231 servas
2255 1178 2377 1232 vitae
2409 1177 2751 1249 Evangelicaa
2777 1200 2790 1236 :
2826 1182 3094 1251 lapidibus
3124 1185 3391 1242 obruatur

1833 1262 1926 1330 qui
1953 1261 2054 1316 sibi
2085 1264 2411 1333 usurpabat,
2443 1272 2497 1319 et
2529 1267 2692 1321 alieni
2721 1276 2983 1337 appetens
3017 1279 3134 1325 erat
3164 1271 3347 1325 Achar
3368 1311 3386 1338 ,

1833 1352 1927 1420 qui
1964 1354 2198 1422 linguam
2227 1354 2528 1411 sulfuratus
2574 1366 2659 1433 est
2700 1372 2944 1413 auream.
2981 1359 3032 1416 Is
3069 1368 3252 1415 autem
3290 1361 3383 1416 ille

1832 1450 1952 1503 est,
1977 1442 2068 1510 qui
2092 1442 2397 1498 honorandi
2424 1448 2676 1516 praecepti
2703 1448 2904 1503 delevit
2926 1450 3386 1506 observationem.

1834 1530 2024 1585 Omnia
2059 1533 2147 1585 illa
2178 1544 2360 1589 nostra
2391 1546 2519 1591 sunt
2557 1538 2748 1607 ﬁgura.
2786 1538 2979 1594 Omnia
3015 1523 3141 1594 sunt
3181 1541 3377 1612 praesi-

1834 1620 2213 1690 gniﬁcationes
2244 1640 2429 1679 eorum
2451 1665 2464 1690 ,
2491 1644 2611 1697 quae
2643 1645 2788 1683 nunc
2819 1638 3103 1699 apparent.

1900 1845 1945 1898 A
1970 1846 2079 1899 vita
2107 1855 2196 1900 tua
2227 1848 2375 1903 solve
2405 1865 2648 1905 voracem
2681 1868 2902 1907 corvum
2927 1853 2993 1907 ³⁷.
3024 1853 3098 1907 Da
3125 1853 3389 1909 columba:

1835 1942 2050 2004 tempus
2077 1946 2137 1991 ut
2160 1939 2225 1992 ad
2254 1948 2306 1994 te
2336 1940 2581 2006 advolet,
2607 1959 2766 2011 quam
2796 1944 3003 2013 primus
3028 1943 3186 2000 Jesus
3212 1946 3392 2016 typice

1830 2038 1861 2079 e
1895 2027 2034 2080 caelo
2067 2028 2374 2094 deduxit”,
2416 2046 2534 2099 quae
2563 2040 2648 2085 est
2678 2033 2787 2086 doli
2819 2034 3023 2098 nescia,
3060 2035 3391 2089 mansuetis-

1832 2115 1966 2168 sima
2002 2122 2056 2169 et
2091 2117 2468 2174 fertilissima:
2510 2137 2631 2190 qum
2673 2132 2957 2192 postquam
3000 2124 3270 2179 invenerit
3309 2125 3393 2179 vi-

1831 2220 1949 2258 rum
1982 2217 2306 2276 purgatum,
2355 2218 2415 2263 ut
2461 2222 2741 2279 argentum
2790 2220 2935 2267 recte
2989 2214 3290 2269 exercitum
3336 2224 3391 2270 et

1830 2298 2163 2365 expolitum,
2220 2299 2275 2353 in
2336 2316 2400 2355 eo
2445 2302 2688 2356 lubenter
2741 2303 2982 2370 hahitat,
3042 2312 3097 2359 et
3153 2304 3389 2359 animam

1830 2385 1953 2455 igne
1987 2394 2247 2456 tanquam
2283 2404 2380 2442 ova
2418 2388 2641 2452 fovens,
2684 2392 2885 2445 multos
2924 2392 2973 2445 ei
3022 2392 3167 2462 parit
3202 2398 3257 2445 et
3293 2392 3392 2445 do-
3459 2380 3464 2385 ’

1830 2485 1923 2528 nat
1954 2475 2114 2531 ﬁlios.
2158 2477 2196 2530 li
2228 2487 2404 2533 autem
2437 2489 2562 2534 sunt
2593 2482 2745 2535 bonae
2774 2482 3019 2537 actiones
3045 2521 3061 2547 ,
3091 2490 3145 2538 et
3172 2481 3390 2537 honesti

1831 2582 2114 2624 sermones
2134 2609 2149 2635 ,
2181 2569 2315 2624 ﬁdes
2337 2609 2351 2632 ,
2382 2572 2575 2639 pietas,
2601 2572 2814 2641 justitia
2835 2614 2849 2637 ,
2876 2573 3234 2643 temperantia
3253 2612 3269 2640 ,
3298 2587 3393 2627 ca-

1830 2658 1991 2713 stitas
2014 2696 2028 2721 ,
2063 2659 2294 2727 puritas.
2330 2659 2391 2713 Ili
2442 2670 2571 2715 sunt
2609 2662 2704 2715 ﬁlii
2739 2661 3011 2732 Spiritus,
3059 2670 3266 2718 nostra
3293 2677 3393 2718 au-

1829 2754 1937 2803 tem
1969 2753 2370 2818 possessiones.
2399 2750 2696 2821 Quousque
2720 2754 2828 2807 eris
2855 2753 3160 2823 discipulus
3187 2754 3393 2823 primo-

1830 2852 1951 2892 rum
1987 2837 2380 2893 elementorum
2410 2841 2433 2893 ἶ)
2478 2842 2641 2911 Aperi
2675 2843 2909 2895 animam
2942 2851 3091 2896 tuam
3127 2852 3388 2914 tanquam

1831 2929 2107 2992 tabulam,
2153 2940 2206 2982 et
2250 2931 2486 2985 concede
2528 2933 2713 2997 nobis,
2748 2942 2808 2986 ut
2844 2934 3223 3003 imprimamus
3266 2950 3392 3004 per-

1832 3018 2028 3074 fectam
2079 3021 2458 3091 disciplinam,
2509 3040 2616 3077 non
2662 3039 2877 3095 semper
2916 3026 3224 3082 balbutiens
3261 3041 3390 3082 cum

158 3112 436 3184 ’ί-ὶρυθριῶ
465 3113 606 3183 ὑπὲρ
634 3112 749 3179 σοῦ,
807 3113 889 3165 ὅτι
940 3112 1188 3183 γηράσας
1231 3110 1413 3163 λοιπὸν
1447 3111 1582 3181 μετά
1622 3110 1730 3162 τῶν

1836 3111 2050 3178 pueris,
2076 3127 2185 3165 non
2214 3121 2393 3166 mente
2420 3113 2621 3168 infans.
2650 3113 2731 3168 Me
2757 3115 2834 3168 tui
2868 3114 3063 3185 pudet,
3090 3115 3234 3186 quod
3263 3130 3388 3170 cum

148 3205 578 3277 κατηχουμένων
616 3205 852 3279 ἐκϐάλλῃ
876 3246 893 3271 ,
956 3205 1030 3268 ὡς
1085 3204 1368 3274 παιδάριον
1425 3204 1584 3257 ἄνουν
1639 3202 1734 3257 καὶ

148 3297 251 3350 οὐκ
286 3296 569 3367 ἐχέμυθον,
604 3296 885 3367 μέλλοντος
916 3294 1209 3366 μυστηρίου
1235 3294 1531 3348 λαλεῖσθαι.
1572 3291 1735 3347 Ἐνώ-

152 3389 280 3459 θητι
308 3386 388 3456 τῷ
419 3384 661 3457 μυστικῷ
687 3384 800 3456 λαῷ
847 3384 939 3438 καὶ
981 3385 1114 3456 μάθε
1152 3385 1343 3451 λόγους
1371 3383 1731 3453 ἀπορρήτους.

151 3475 392 3544 Φθέγξαι
432 3472 551 3546 μεθ’
594 3472 752 3545 ἡμῶν
786 3473 1005 3538 ἐκεῖνα,
1050 3472 1087 3527 ἃ.
1138 3473 1232 3526 καὶ
1282 3471 1350 3525 τά
1391 3472 1736 3542 ἐξαπτέρυγα

154 3566 408 3635 Σεραφὶμ
475 3563 611 3634 μετὰ
654 3564 763 3618 τῶν
818 3562 1034 3616 τελείων
1086 3562 1424 3633 Χριστιανῶν
1468 3560 1736 3632 ὑμνοῦντα

154 3654 325 3721 λέγει.
367 3652 732 3723 Ἐπιθύμησον
794 3652 999 3722 τροφῆς
1060 3650 1463 3722 ἐνδυναμούσης
1522 3650 1732 3719 ψυχήνο

155 3744 352 3813 γεῦσαι
410 3742 652 3814 πόματος
714 3743 941 3815 καρδίαν
1012 3742 1427 3813 εὐφραίνοντος⁸
1479 3740 1736 3811 ἐράσθητι

159 3836 463 3909 μυστηρίου
496 3837 576 3900 είς
611 3834 840 3906 νεότητα
870 3834 997 3897 τοὺς
1017 3833 1279 3897 παλαιοὺς
1311 3832 1553 3903 ἀοράτως
1582 3831 1738 3901 ἀμεί-

157 3927 366 3991 ϐοντος.
400 3927 651 3997 Μίμησαι
674 3926 766 3979 τὸν
794 3923 1025 3979 Αἰθίοπα
1061 3924 1153 3978 τὸν
1181 3923 1434 3994 εὐνοῦχον
1461 3922 1559 3991 τῆς
1588 3919 1739 3985 ζεού-

160 4032 263 4088 σης
291 4016 600 4086 ἐπιθυμίας.
626 4015 735 4068 Καὶ
763 4015 872 4087 γὰρ
903 4015 1105 4078 ἐκεῖνος
1133 4013 1321 4084 ἐπειδὴ
1357 4012 1446 4066 τὸν
1475 4012 1737 4065 Φίλιππον

160 4106 542 4179 προσαχθέντα
569 4106 716 4178 παρὰ
740 4106 833 4158 τοῦ
877 4105 1189 4176 Πνεύματος
1232 4104 1482 4175 σύνεδρον
1520 4103 1613 4155 ἐπὶ
1642 4100 1738 4155 τοῦ

160 4200 411 4270 ἅρματος
456 4197 665 4261 ἐλαϐεν,
714 4195 832 4251 ὁδοῦ
864 4196 922 4250 δὲ
964 4197 1237 4268 πάρεργον
1280 4194 1449 4267 ἔμαθε
1501 4193 1576 4264 μὴ
1610 4193 1740 4246 ἀνα-

158 4289 453 4357 γινώσκειν
503 4287 660 4358 μόνον
679 4328 694 4352 ,
752 4286 887 4340 ἀλλὰ
942 4287 1036 4339 καλ⁸
1089 4285 1376 4355 γινώσκειν
1422 4286 1514 4337 τὸν
1578 4281 1739 4351 σοφὸν

168 4379 401 4432 Ἡσαΐαν
423 4395 438 4408 ο
488 4377 746 4446 ἐγεύσατο
770 4377 826 4431 δὲ
858 4376 945 4431 διὰ
979 4377 1078 4445 τῆς
1118 4375 1409 4447 ἑρμηνείας
1429 4375 1504 4437 ὡς
1535 4371 1738 4442 ἀγαθὸς

1834 3201 2220 3267 consenueris,
2272 3203 2451 3257 adhuc
2502 3205 2743 3273 ejiciaris
2784 3221 2907 3259 cum
2948 3206 3387 3271 catechumenis,

1841 3299 2098 3361 tanquam
2140 3291 2406 3361 insipiens
2431 3295 2641 3362 puellus
2662 3334 2678 3357 ,
2714 3301 2769 3349 et
2790 3295 2883 3364 qui
2918 3308 3117 3348 arcana
3150 3309 3260 3349 non
3292 3309 3391 3364 μοι

1836 3386 1941 3433 test
1982 3381 2192 3446 celare,
2224 3395 2345 3435 cum
2391 3382 2679 3437 dicendum
2721 3383 2793 3437 sit
2833 3383 3172 3455 mysterium.
3216 3380 3389 3437 Uniru

1836 3470 2033 3539 populo
2066 3471 2300 3542 mystico
2322 3511 2336 3535 ,
2373 3479 2427 3525 et
2473 3487 2703 3527 arcanos
2735 3472 2886 3528 disce
2920 3487 3222 3529 sermones.
3262 3472 3390 3526 Elo-

1835 3577 2004 3630 quere
2038 3564 2322 3618 nobiscum
2353 3564 2444 3617 illa
2468 3602 2483 3626 ,
2518 3580 2639 3633 quae
2670 3580 2761 3618 sex
2797 3567 2912 3619 alas
2939 3564 3196 3618 habentia
3227 3562 3388 3619 Sera-

1837 3652 1983 3721 phim
2013 3667 2135 3709 cum
2166 3654 2418 3722 perfectis
2445 3653 2775 3710 Christianis
2811 3654 3002 3709 dicunt
3032 3655 3262 3725 hymnos
3289 3668 3385 3708 ca-

1836 3744 2043 3797 nentia.
2100 3742 2354 3798 Desidera
2405 3745 2587 3799 cibum
2635 3746 2724 3814 qui
2772 3744 3061 3798 conﬁrmat
3109 3744 3385 3809 animam;

1836 3842 1994 3903 gusta
2039 3842 2222 3903 potum
2271 3835 2363 3904 qui
2406 3850 2503 3889 cor
2531 3835 2834 3898 exhilarat;
2874 3849 2995 3887 ama
3032 3834 3384 3905 mysterium,

1836 3922 1977 3992 quod
2007 3937 2071 3977 eo
2105 3922 2284 3987 modo,
2320 3924 2411 3991 qui
2453 3938 2561 3977 non
2592 3924 2737 3978 cadit
2767 3924 2869 3978 sub
2897 3931 3198 3992 aspectum,
3237 3930 3385 3977 vete-

1836 4028 1926 4068 res
1956 4015 2273 4069 transmittit
2315 4016 2382 4069 ad
2422 4015 2786 4083 iuventutem.
2818 4013 3039 4070 Imitare
3069 4013 3385 4086 .IEthiopem

1836 4105 2145 4159 eunuchum
2209 4104 2472 4175 ferventi;
2512 4104 2793 4162 desiderii.
2831 4104 3047 4160 Etenim
3094 4104 3189 4161 ille
3235 4114 3389 4176 post-

1838 4210 2001 4264 quam
2048 4194 2354 4265 Philippum
2400 4210 2430 4249 a
2477 4202 2667 4250 sancto
2708 4193 2918 4265 Spiritu
2958 4195 3252 4251 adductum
3294 4211 3388 4249 as-

1838 4286 2072 4354 sumpsit
2100 4286 2154 4339 in
2183 4301 2349 4340 curru
2381 4300 2800 4353 consessorem;
2826 4286 2881 4341 in
2912 4286 3000 4342 via
3029 4284 3209 4341 autem
3240 4282 3387 4339 aliud

1840 4390 2039 4445 agens,
2093 4391 2203 4429 non
2254 4375 2667 4441 animadvertit,
2731 4392 2792 4433 se
2842 4377 3145 4447 sapientem
3190 4373 3386 4433 Isaiam

162 4469 371 4532 σκύλαξ
393 4467 488 4521 τοῦ
515 4440 745 4539 αἵματος
783 4469 876 4521 καὶ
911 4466 1007 4520 τοῦ
1034 4440 1345 4536 ’σφαγέντος
1376 4462 1546 4535 ἀμνοῦ
1563 4440 1594 4495 ’ἡ
1611 4479 1734 4533 σφο-

1840 4440 1948 4520 non
1983 4467 2158 4520 solum
2198 4467 2407 4536 legere,
2439 4466 2536 4521 sed
2567 4467 2731 4522 etiam
2767 4440 3092 4537 intelligere.
3133 4464 3387 4521 Gustavit

159 4560 302 4628 δρῶς
324 4558 420 4611 τοῦ
443 4557 703 4611 Φιλίππου
732 4557 1158 4628 καθυλάκτησεν,
1185 4556 1373 4627 μέχρις
1391 4549 1452 4608 οῦ
1476 4554 1610 4625 πρὸς
1635 4553 1736 4621 τὴν

159 4649 378 4703 τελείαν
410 4649 571 4703 αὑτὸν
599 4649 771 4719 Θήραν
814 4651 917 4718 τῆς
959 4651 1017 4702 ἐν
1060 4647 1214 4718 χερσὶ
1241 4645 1571 4716 προφητείας
1597 4643 1737 4714 ὡδή-

160 4758 354 4811 γησεψ
384 4740 723 4810 αὐτοσχέδιον
747 4740 803 4793 δὲ
845 4740 905 4793 τὸ
950 4739 1229 4809 βάπτισμα
1254 4737 1490 4807 ζητήσας
1522 4733 1732 4800 ἐλαϐεν,

159 4833 288 4885 οὔτε
328 4832 677 4899 καταγωγίαν
719 4831 1031 4901 ἀναμείνας,
1060 4829 1183 4883 οὔτε
1214 4828 1366 4881 πόλιν
1396 4828 1429 4898 ἢ
1459 4826 1670 4896 κώμην,
1697 4823 1732 4894 ἢ

160 4924 257 4976 τὸν
299 4923 468 4975 τόπον
508 4922 844 4991 άγιάσματος
896 4920 1268 4991 ἐκδεξάμενος,
1297 4919 1648 4987 λογισάμενος
1680 4913 1739 4967 δὲ

165 5014 485 5084 σωφρόνως,
517 5015 599 5067 ὅτι
641 5015 749 5076 πᾶς
784 5012 946 5076 τόπος
981 5012 1076 5067 τοῦ
1112 5011 1292 5066 κοινοῦ
1325 5009 1614 5073 Δεσπότου,
1647 5006 1741 5059 καὶ

164 5107 276 5158 πᾶν
303 5103 450 5175 ὕδωρ
473 5102 775 5173 ἐπιτήδειον
803 5104 883 5165 είς
904 5102 1000 5173 τὴν
1024 5101 1119 5155 τοῦ
1146 5100 1511 5171 βαπτίσματος
1531 5096 1738 5169 χρείαν,

167 5196 333 5265 μόνον
363 5194 459 5246 ἐὰν
488 5195 624 5266 ε’ύρῃ
667 5194 848 5247 πίστιν
888 5193 983 5246 τοῦ
1039 5193 1422 5262 λαμϐάνοντος,
1456 5190 1547 5243 καὶ
1588 5190 1738 5242 εὐλο-

164 5285 294 5351 γίαν
326 5283 421 5337 τοῦ
453 5285 765 5353 ἀγιάζοντος
803 5283 1009 5355 ἱερέως.
1054 5283 1146 5353 Μὴ
1179 5280 1481 5354 παροξύνῃς
1515 5280 1606 5334 τὸν
1644 5278 1738 5348 βα-

164 5376 401 5445 πτιστήν
449 5376 742 5446 βραδύνων,
777 5376 909 5445 μηδὲ
946 5374 1283 5446 παροργίσῃς
1327 5373 1486 5426 αὑτὸν
1522 5371 1736 5441 ἡμέραν

164 5465 227 5527 ἐξ
270 5466 480 5535 ήιιέρας
522 5464 968 5535 ἀναϐαλλόμενος,
1008 5465 1102 5519 καὶ
1140 5463 1390 5517 δαπανῶν
1417 5463 1475 5517 ἐν
1504 5459 1733 5529 ὑποσχέ-

1836 4561 2017 4608 autem
2052 4555 2555 4624 interpretationem
2576 4596 2591 4622 ,
2626 4564 2887 4627 tanquam
2916 4556 3093 4615 bonus
3129 4559 3348 4611 catulus

1837 4646 2121 4716 sanguinis
2173 4654 2227 4703 et
2276 4646 2401 4716 agni
2454 4648 2659 4714 occisi,
2717 4650 3071 4710 vehementer
3112 4648 3388 4704 allatravit

1840 4735 2146 4806 Philippum
2169 4776 2184 4800 ,
2228 4736 2403 4792 donec
2443 4752 2568 4793 eum
2610 4738 2835 4794 deduxit
2872 4738 2940 4792 ad
2972 4738 3269 4808 perfectam
3296 4754 3392 4793 vo-

1839 4826 2116 4881 nationem
2150 4827 2485 4897 prophetiae,
2518 4844 2683 4899 quam
2727 4829 2964 4886 habebat
3006 4829 3064 4885 in
3101 4828 3388 4891 manibus,

1837 4927 1892 4972 et
1925 4917 2152 4973 minime
2180 4933 2470 4989 operosum
2507 4935 2537 4972 a
2566 4936 2626 4975 se
2657 4923 2880 4990 petitum
2922 4921 3191 4991 baptisma
3223 4933 3388 4975 acce-

1838 5009 1955 5077 pit,
1989 5023 2089 5064 nec
2115 5020 2445 5078 exspectans
2471 5010 2835 5066 diversorium
2857 5052 2871 5073 ,
2906 5026 3081 5080 neque
3109 5009 3387 5065 civitatem

1838 5104 1933 5151 aut
1956 5099 2138 5154 vicum
2159 5137 2174 5161 ,
2203 5106 2295 5152 aut
2320 5098 2499 5153 locum
2528 5099 3063 5161 sanctiﬁcationis",
3094 5096 3389 5167 prudenter

1841 5198 2020 5244 autem
2062 5202 2321 5258 reputans
2367 5190 2512 5260 quod
2557 5190 2734 5245 omnis
2774 5190 2926 5243 locus
2954 5194 3040 5243 est
3082 5190 3392 5244 communis

1843 5280 2091 5345 Domini,
2122 5292 2177 5336 et
2215 5283 2394 5337 omnis
2438 5297 2578 5346 aqua
2619 5288 2700 5335 est
2738 5288 2863 5348 apta
2905 5278 2971 5331 ad
3016 5293 3178 5333 usum
3209 5277 3390 5347 bapti-

1844 5371 2069 5434 smatis,
2103 5371 2148 5427 si
2187 5370 2345 5425 modo
2376 5372 2639 5425 invenerit
2679 5368 2836 5422 ﬁdem
2880 5369 3036 5436 ejus,
3083 5368 3177 5438 qui
3209 5367 3265 5422 id
3301 5384 3393 5421 ac-

1842 5463 2015 5532 cepit,
2052 5471 2107 5516 et
2154 5463 2583 5517 benedictionem
2628 5458 2931 5517 sacerdOtis
2975 5459 3390 5518 sanctiﬁcantis.

240 5687 283 5717 ’τ
317 5684 455 5741 Gen.
498 5700 616 5751 vni,
649 5683 701 5754 ϐ,
728 5684 778 5738 7.
849 5685 893 5717 ³⁸
919 5683 1106 5739 Matth.
1137 5700 1219 5751 ιιι,
1252 5684 1348 5751 lli;
1382 5683 1542 5737 lllarc.
1581 5697 1615 5748 l,
1646 5680 1727 5733 ll).

1836 5684 1847 5712 ’
1876 5680 1990 5736 Act.
2034 5695 2151 5744 vni,
2192 5680 2258 5733 27
2284 5696 2407 5751 sqq.
