3844 6420
471 288 580 344 423

1737 281 1796 337 S.
1827 279 2156 338 GREGORII
2187 280 2484 338 NYSSENI

3630 284 3734 338 ιει

475 403 597 459 Νοιί
649 401 817 458 nimis
867 399 1139 456 tardando
1189 399 1412 456 irritare
1460 399 1894 470 baptizatorem,
1947 414 2049 456 nec

2161 419 2269 456 σεσι
2307 402 2400 456 τὸν
2451 401 2642 473 ῥέοντα
2682 400 2904 473 χρόνον,
2951 399 3160 473 μήποτέ
3215 416 3310 453 σου
3355 401 3474 463 ταῖς
3521 401 3735 471 ὁμοίαις

474 509 602 550 eum
633 493 701 546 ad
732 481 868 546 iram
900 505 1203 561 pravocare
1223 532 1238 557 ,
1274 491 1417 547 diem
1449 489 1520 544 de
1552 491 1643 545 die
1673 490 1966 554 differens,
1997 497 2052 544 et

476 593 694 654 tempus
723 581 870 653 quod
903 581 1072 636 emuit
1101 585 1157 637 in
1181 583 1474 652 promissis
1510 596 1876 646 consumens,
1901 597 1971 636 ne
2001 589 2053 637 te

475 678 672 734 iisdem
705 675 937 730 vocibus
980 675 1302 739 insectetur,
1337 675 1539 745 quibus
1567 672 1836 737 Joannes,
1877 683 1930 728 te
1975 672 2054 728 fe-

474 779 592 824 tum
621 769 822 837 viperae
850 766 1141 821 nominans
1172 766 1241 832 '°,
1267 773 1321 820 et
1352 765 1576 820 surdam
1605 764 1850 834 aspidem
1869 804 1888 829 ,
1933 779 2054 834 quae

473 860 739 916 ell‘eratur
769 859 837 913 ad
868 873 1058 913 vocem
1089 857 1548 924 incantaloris“;
1582 857 1667 911 vel
1695 866 1937 921 acutam,
1970 856 2052 911 vel

474 953 851 1021 splendentem
878 951 980 1006 tibi
1007 949 1260 1006 ostendat
1302 948 1560 1012 securim,
1587 948 1925 1018 sitamjuxta
1965 962 2056 1002 ar-

474 1045 664 1099 borem
704 1051 759 1097 et
814 1044 1115 1098 minantem
1143 1040 1573 1111 amputationem
1596 1038 1665 1092 ⁸².
1697 1037 1758 1092 lu
1788 1039 2055 1094 electione

475 1137 746 1192 malorum
795 1136 970 1208 magis
1015 1143 1101 1192 est
1147 1134 1492 1206 eligendum,
1537 1142 1595 1188 ut
1637 1134 1762 1206 quis
1815 1133 2056 1188 salutare

477 1229 761 1283 lavacrum
795 1234 1091 1281 assecutus
1114 1263 1130 1290 ,
1165 1239 1365 1278 rursus
1397 1224 1471 1279 sit
1501 1223 1555 1278 in
1590 1233 1816 1294 peccato
1837 1261 1852 1287 ,
1889 1237 2052 1293 quam

477 1331 538 1374 ut
568 1320 760 1390 gratia:
791 1333 990 1388 expers
1019 1318 1187 1371 vitam
1225 1315 1399 1370 ﬁniat.
1437 1313 1571 1369 Nam
1609 1325 1894 1384 peccatum
1925 1313 2054 1384 qui-

477 1413 600 1469 dem
628 1412 845 1468 veniam
872 1409 1110 1464 fortasse
1134 1418 1523 1477 consequetur,
1550 1416 1644 1460 aut
1667 1405 2017 1460 clementiam
2035 1444 2050 1469 ,

475 1506 638 1576 cujus
686 1517 884 1576 magna
921 1511 1006 1558 est
1041 1516 1169 1572 spes
1216 1500 1364 1570 apud
1410 1501 1624 1563 bonos;
1670 1499 1827 1552 alteri
1870 1504 2053 1551 autem

476 1605 564 1653 est
596 1596 824 1651 omnino
865 1595 1031 1649 vetita
1075 1593 1226 1648 salus
1269 1608 1336 1646 ex
1379 1598 1530 1646 certa
1573 1598 1629 1645 et
1673 1589 1897 1644 deﬁnita
1930 1603 2058 1642 sen-

476 1688 674 1744 tentia.
717 1685 854 1741 Nam
894 1700 1022 1740 cum
1061 1684 1287 1740 audiero
1329 1699 1512 1738 vocem
1545 1697 1669 1752 quae
1702 1696 1814 1736 non
1851 1679 2053 1735 menti-

2153 500 2360 568 φωναῖς
2399 496 2645 550 Ἰωάννου
2692 494 3002 564 καθίκηται,
3049 493 3294 564 γέννημά
3340 509 3400 544 σε
3450 493 3736 563 ὀνομάζων

2152 591 2385 662 ἐχίδνης,
2417 591 2450 662 ἢ
2485 589 2686 643 ἀσπίδα
2728 588 2938 659 κωφὴν,
2986 587 3121 656 πρὸς
3149 587 3248 659 τὴν
3285 585 3468 657 φωνὴν
3501 586 3597 640 τοῦ
3637 587 3736 638 ἑπ-

2153 681 2369 752 ᾴδοντος
2401 679 2807 752 ἀγριαίνουσαν,
2840 679 2873 750 ἢ
2915 676 3012 749 τὴν
3059 676 3246 748 ἀξίνην
3271 693 3364 730 σοι
3398 677 3546 748 δείξῃ
3576 676 3739 747 τεθη-

2153 770 2360 840 γμένην
2408 770 2503 822 καὶ
2559 767 2896 834 στίλϐουσαν,
2943 766 3356 839 παρακειμένην
3395 767 3473 839 τῷ
3513 767 3738 838 δένδρῳ,

2153 859 2250 914 καὶ
2297 858 2395 930 τὴν
2443 858 2613 930 τομὴν
2650 858 3002 914 ἀπειλοῦσαν.
3043 858 3411 930 Λίρετώτερον
3449 861 3507 913 ὲν
3553 861 3741 914 κακῶν

2155 951 2352 1022 ἐκλογῇ
2390 940 2688 1015 ἀξιωθέντα
2729 951 2850 1004 τινὰ
2877 950 2969 1005 τοῦ
3002 951 3271 1022 σωτηρίου
3317 951 3567 1023 λουτροῦ,
3593 953 3744 1021 γενέ-

2157 1042 2278 1096 σθαι
2315 1041 2476 1096 πάλιν
2516 1043 2574 1094 ὲν
2611 1042 3048 1114 ἀμαρτήματι,ἢ
3086 1045 3185 1112 τῆς
3223 1041 3441 1112 χάριτος
3473 1042 3745 1112 ἀμέτοχον

2155 1132 2479 1202 τελευτῆσαι
2527 1131 2621 1186 τὸν
2665 1133 2796 1203 βίον.
2837 1133 2912 1186 Τὸ
2947 1133 3046 1204 μὲν
3093 1133 3201 1204 γὰρ
3236 1133 3615 1204 πλημμέλημα
3652 1151 3749 1186 τυ-

2154 1225 2248 1296 χὸν
2296 1224 2390 1278 καὶ
2442 1224 2769 1295 συγγνώμης
2817 1225 2849 1296 ἢ
2893 1224 3301 1296 φιλανθρωπίας
3354 1224 3744 1295 ἀξιωθήσεται,

2155 1313 2222 1388 ἦς
2271 1317 2440 1388 πολλὴ
2471 1318 2648 1389 λπαρά
2685 1317 2794 1372 τῶν
2837 1317 3056 1385 ἀγαθῶν
3084 1317 3269 1381 ἐλπίςο
3323 1316 3385 1370 τὸ
3431 1317 3488 1370 δὲ
3531 1317 3744 1370 παντά-

2155 1425 2324 1462 πασιν
2371 1410 2830 1481 ἀπηγορευμένην
2877 1409 3021 1480 ἔχειν
3072 1409 3172 1482 τὴν
3202 1411 3475 1482 σωτηρίαν
3507 1408 3566 1474 ἐξ
3603 1410 3751 1462 ἀπο-

2156 1499 2375 1570 φάσεως
2407 1500 2746 1574 ώρισμένης·
2782 1503 2909 1556 ὅταν
2949 1502 3057 1574 γὰρ
3099 1502 3317 1556 ἀκούσω
3349 1505 3447 1574 τῆς
3481 1501 3750 1572 ἀψευδοῦς

2154 1591 2338 1662 φωνῆς
2383 1591 2677 1663 λεγούσης,
2713 1611 2732 1644 ι
2777 1593 2970 1664 Ἀμὴν,
3004 1593 3152 1663 ἀμὴν
3191 1592 3334 1661 λέγω
3375 1607 3490 1646 σοι’
3526 1593 3625 1646 ἐὰν
3669 1593 3747 1662 μή

2155 1700 2237 1746 τις
2266 1683 2498 1755 γεννηθῇ
2547 1683 2774 1746 ἀνωθεν,
2808 1684 2870 1737 ού
2903 1683 3123 1758 δύναται
3171 1684 3301 1738 ἰδεῖν
3345 1683 3442 1755 τὴν
3466 1683 3750 1755 βασιλείαν

477 1787 592 1846 tur,
619 1779 892 1834 dicentem
918 1795 932 1831 :
960 1795 978 1827 r
1005 1776 1207 1840 Amen,
1231 1791 1389 1831 amen
1411 1776 1536 1830 dico
1556 1775 1714 1830 vobis
1749 1793 1761 1828 :
1794 1774 1906 1830 nisi
1929 1773 2054 1843 quis

2161 1773 2250 1828 τοῦ
2285 1775 2440 1840 Θεοῦ,
2483 1795 2502 1828 ι
2539 1776 2688 1829 οὐδὲν
2715 1776 2946 1847 δύναμαι
2977 1779 3089 1840 τοῖς
3132 1777 3397 1848 ἀμυήτοις
3438 1777 3749 1847 προσδοκῆ-

477 1881 645 1927 natus
689 1870 858 1925 fuerit
898 1869 1155 1938 desuper,
1202 1883 1314 1922 non
1361 1875 1540 1939 potest
1585 1867 1774 1922 videre
1822 1879 2052 1936 regnum

477 1961 574 2018 Dei
605 1963 674 2026 ³³,
705 1981 724 2015 ›
755 1961 892 2015 nihil
925 1961 1054 2014 boni
1089 1974 1312 2029 possum
1345 1967 1668 2030 exspectare
1703 1958 1770 2014 iis
1800 1958 1895 2028 qui
1933 1972 2051 2028 my-

476 2054 662 2110 steriis
711 2068 820 2108 non
867 2060 998 2130 sunt
1043 2050 1264 2104 initiati.
1313 2048 1620 2116 Quamnam
1665 2049 1811 2104 enim
1859 2061 2054 2103 revera

474 2145 692 2199 veniam
730 2156 946 2211 aequum
990 2147 1076 2196 est
1117 2142 1198 2194 eis
1244 2139 1549 2210 impertiri,
1593 2139 1687 2209 qui
1739 2139 1884 2210 regis
1929 2152 2055 2209 gra-

475 2237 608 2291 tiam
663 2233 968 2288 aﬂecerunt
1008 2232 1370 2294 contumelia,
1416 2231 1543 2286 teris
1586 2231 1757 2286 alieni
1799 2245 1909 2284 non
1958 2229 2056 2284 ad-

475 2328 758 2382 mittentes
786 2323 1174 2379 rescissionem
1197 2360 1213 2386 ,
1258 2337 1361 2376 nec
1393 2322 1784 2391 amplectentes
1828 2321 2055 2375 liberta-

473 2426 626 2484 tem,
670 2431 793 2487 quae
822 2430 921 2471 sua
952 2423 1149 2484 sponte
1196 2414 1266 2468 ad
1313 2428 1410 2468 eos
1451 2428 1482 2468 e
1542 2413 1685 2467 caelo
1726 2412 2050 2478 descendit,

474 2525 576 2582 per
625 2508 756 2564 doni
803 2516 983 2562 autem
1032 2515 1445 2576 contemptum,
1493 2520 1619 2561 eum
1673 2504 1768 2574 qui
1817 2503 2051 2559 donavit

473 2604 680 2674 probro
695 2610 750 2657 et
769 2600 1041 2655 dedecore
1074 2597 1409 2654 allicientes?
1441 2597 1692 2652 Animam
1728 2597 1952 2652 minime
1986 2598 2055 2652 il-

475 2694 821 2757 luminatam,
855 2701 909 2746 et
939 2689 1372 2761 regenerationis
1406 2689 1580 2760 gratia
1619 2703 1730 2743 non
1763 2699 2014 2743 ornatam
2035 2727 2050 2753 ,

476 2787 670 2842 nescio
699 2801 767 2840 an
799 2783 978 2854 angeli
1004 2781 1313 2850 suscipiant
1332 2820 1346 2844 ,
1373 2788 1666 2850 postquam
1693 2779 1856 2834 fuerit
1879 2794 1910 2831 a
1934 2795 2056 2835 cor-

476 2891 609 2948 pore
639 2881 913 2945 separata.
965 2870 1253 2938 Quomodo
1283 2869 1463 2933 enim,
1498 2885 1622 2922 cum
1656 2859 1768 2923 non
1803 2870 1875 2923 sit
1905 2867 2055 2924 obsi-

474 2976 672 3040 gnata,
707 2981 809 3022 nec
843 2966 1016 3019 ullum
1054 2965 1196 3018 [erat
1245 2963 1463 3031 signum
1513 2962 1596 3016 sui
1643 2961 1896 3016 Domini?
1941 2961 2053 3014 Ιιιιο

473 3071 564 3119 est
593 3059 900 3116 verisimile
926 3071 1024 3128 per
1057 3071 1237 3110 aerem
1271 3054 1406 3109 ferri
1441 3062 1721 3111 errantem
1764 3062 1818 3107 et
1850 3067 2055 3123 vagan-

2161 1886 2248 1922 σαι
2297 1868 2550 1940 χρηστόν.
2606 1868 2760 1932 Τίνος
2797 1868 2905 1940 γάρ
2953 1868 3119 1932 ὅντως
3170 1868 3497 1940 συγγνώμης
3534 1869 3750 1922 δίκαιον

2157 1961 2271 2023 τοῖς
2307 1959 2566 2023 τοιούτοις
2600 1959 2960 2031 μεταδιδόναι,
3005 1961 3054 2013 οἳ
3105 1959 3205 2031 τὴν
3254 1959 3536 2031 βασιλικὴν
3584 1959 3749 2032 χάριν

2160 2047 2469 2121 ὲνύϐρισαν,
2502 2048 2577 2120 μὴ
2606 2047 2886 2119 δεξάμενοι
2925 2048 3026 2112 τάς
3075 2047 3362 2111 ἀποκοπάς
3398 2047 3506 2101 τῶν
3539 2049 3746 2119 χρεῶν,

2161 2139 2297 2210 μηδὲ
2323 2141 2799 2212 προσκυνήσαντες
2821 2140 2921 2212 τὴν
2950 2139 3258 2212 ἐλευθερίαν
3295 2141 3392 2194 καὶ
3422 2139 3750 2210 ἀσπασάμε-

2159 2249 2261 2295 νοι,
2309 2234 2748 2303 αύτεπάγγελτον
2781 2235 2917 2307 πρὸς
2968 2235 3166 2298 αὐτοὺς
3199 2233 3458 2288 ἐλθοῦσαν
3487 2233 3546 2299 ἐξ
3576 2235 3750 2306 ούρα-

2159 2325 2266 2381 νῶν
2285 2343 2298 2355 °
2326 2326 2414 2380 διά
2443 2327 2500 2380 δὲ
2529 2328 2626 2395 τῆς
2668 2329 3122 2400 καταφρονήσεως
3154 2327 3247 2382 τοῦ
3277 2327 3472 2401 δώρου,
3517 2330 3609 2381 τὸν
3643 2328 3750 2381 δω-

2164 2419 2469 2489 ρησάμενον
2516 2421 2918 2490 ἀτιμάσαντες;
2971 2420 3163 2493 Ψυχὴν
3197 2421 3499 2491 ἀφώτιστον
3532 2422 3628 2474 καὶ
3676 2424 3748 2490 τῇ

2161 2509 2341 2580 χάριτι
2367 2510 2464 2580 τῆς
2494 2510 2906 2580 παλιγγενεσίας
2942 2513 3017 2582 μὴ
3054 2511 3440 2581 κοσμηθεῖσαν,
3481 2512 3583 2564 οὐκ
3626 2505 3749 2562 οῖδα

2160 2602 2280 2654 οὐδὲ
2325 2602 2374 2654 εἰ
2432 2602 2652 2672 ἄγγελοι
2705 2603 2844 2674 μετά
2895 2603 2987 2657 τὸν
3035 2603 3309 2674 χωρισμὸν
3345 2603 3440 2656 τοῦ
3492 2601 3751 2673 σώματος

2162 2693 2529 2765 ὑποδέχονται.
2568 2690 2690 2759 Πῶς
2727 2697 2835 2768 γάρ
2875 2696 2972 2767 τὴν
3015 2697 3406 2766 ἀσφράγιστον,
3440 2696 3538 2767 τὴν
3575 2694 3751 2767 μηδὲν

2159 2785 2260 2855 τῆς
2279 2787 2592 2852 δεσποτείας
2613 2788 2882 2858 ἐπίσημον
2910 2789 3179 2859 φέρουσαν
3200 2805 3215 2854 ;
3237 2783 3313 2841 Ἦ
3338 2787 3482 2851 εἰκὸς
3509 2787 3753 2857 ἐμφέρε-

2163 2870 2284 2924 σθαι
2316 2871 2395 2942 τῷ
2421 2873 2543 2944 ἀέρι
2579 2874 2934 2945 πλανωμένην
2967 2877 3059 2929 καὶ
3078 2876 3463 2947 ἀλητεύουσαν,
3495 2878 3589 2931 καὶ
3618 2876 3752 2948 ἀζή-

2159 2977 2342 3030 τητον,
2369 2962 2445 3026 ὡς
2474 2963 2766 3018 ἀδέσποτον
2785 2981 2798 2996 ο
2849 2965 3218 3036 ἐπιθυμοῦσαν
3260 2966 3622 3030 ἀναπαύσεως
3649 2969 3749 3020 καὶ

2164 3052 2351 3124 μονῆς,
2379 3055 2470 3107 καὶ
2501 3057 2575 3127 μὴ
2606 3057 2964 3128 εὐρίσκουσαν
2998 3057 3326 3129 ὀδυρομένην
3356 3059 3612 3129 ἀνόνητα,
3651 3059 3754 3111 καὶ

479 3163 611 3219 tem,
641 3161 697 3208 et
725 3150 953 3204 minime
982 3147 1292 3218 quaesitam,
1329 3154 1390 3200 ut
1423 3160 1545 3215 qua:
1576 3144 1806 3198 Domino
1845 3151 2052 3208 careat,

2162 3145 2608 3217 μεταμελομένην
2661 3149 2949 3219 ἄπρακτα·
2995 3150 3186 3221 ὁμοίαν
3225 3149 3303 3222 τῷ
3352 3150 3630 3220 πλουσίῳ,
3687 3151 3753 3202 ἓν

473 3251 809 3317 quaerentem
843 3240 1082 3310 quietem
1113 3249 1168 3293 et
1200 3238 1380 3292 locum
1402 3277 1417 3300 ,
1457 3237 1510 3290 in
1545 3251 1655 3306 quo
1699 3243 1956 3298 maneat,
1998 3244 2054 3289 et

475 3351 588 3391 non
621 3332 1027 3397 invenientem,
1079 3328 1286 3385 frustra
1334 3327 1624 3384 deﬂentem
1675 3335 1730 3383 et
1780 3326 2052 3382 inutiliter

477 3428 872 3498 pmnitentem,
909 3438 1019 3478 non
1051 3436 1213 3478 secus
1249 3429 1414 3491 atque
1443 3418 1668 3474 divitem
1703 3419 1798 3487 qui
1854 3418 2049 3472 indue-

2161 3237 2443 3309 πορφύρα,
2492 3241 2585 3293 καὶ
2620 3240 2813 3311 βύσσος
2843 3243 3116 3313 ὴμφίαζεν
3139 3285 3155 3308 ,
3197 3244 3375 3315 τρυφὴ
3407 3243 3462 3296 δὲ
3515 3246 3752 3297 παντοία

2158 3331 2252 3383 καὶ
2284 3331 2582 3396 ἀπόλαυσις
2629 3333 2966 3405 ἁϐροδίαιτος
3007 3335 3252 3408 ἔτρεφεν,
3287 3336 3416 3407 ὓλην
3444 3335 3536 3389 τοῦ
3577 3336 3752 3390 ἀσϐέ-

2158 3438 2284 3474 στου
2311 3424 2502 3494 πυρός.

477 3526 641 3580 batur
670 3535 910 3591 purpura
943 3529 998 3575 et
1030 3519 1229 3590 bysso,
1270 3532 1542 3587 quemque
1591 3517 1775 3572 lautus
1809 3524 1864 3570 et
1904 3517 2180 3575 delicatus
2214 3521 2397 3578 omnis
2429 3524 2652 3593 generis
2718 3523 2879 3580 cibus
2941 3525 3159 3592 alebat,
3223 3527 3509 3581 materiam
3571 3523 3754 3596 ignis,

476 3621 571 3691 qui
604 3633 713 3672 non
743 3623 926 3686 potest
957 3612 1233 3684 exstingui
1263 3612 1328 3665 “.

548 3709 688 3765 Volo
719 3716 898 3765 autem
912 3702 1088 3764 'vobis
1129 3708 1294 3762 etiam
1343 3720 1572 3761 narrare
1606 3704 1900 3775 quemdam
1935 3721 2053 3761 ser-

477 3818 696 3865 monem
731 3803 836 3857 viri
887 3799 1145 3863 infelicis,
1185 3800 1280 3869 qui
1323 3813 1574 3869 magnam
1615 3813 1767 3868 spem
1797 3813 1908 3852 non
1936 3803 2056 3853 erat

471 3905 787 3961 assecutus,
808 3903 864 3950 et
893 3908 1088 3965 aquam
1103 3891 1382 3962 quaerebat
1410 3889 1464 3943 in
1487 3899 1752 3958 tempore,
1773 3905 1888 3960 quo
1912 3902 2055 3960 aqua

475 3985 786 4044 deﬁciebat.
846 3982 1032 4055 Nuper
1067 3983 1250 4046 enim,
1302 3979 1523 4051 quando
1581 3979 1909 4051 Scytharum
1953 3995 2055 4035 no-

477 4077 701 4134 madum
728 4076 975 4131 incursio
1006 4074 1300 4144 plurimum
1347 4069 1462 4141 agri
1493 4070 1656 4124 simul
1695 4085 1818 4124 cum
1845 4069 2058 4124 habita-

478 4169 697 4224 toribus
749 4160 979 4237 diripuit
1022 4175 1078 4220 et
1134 4163 1364 4226 evertit,
1409 4163 1463 4216 in
1518 4162 1620 4216 hac
1686 4160 2057 4216 Cumanorum

478 4261 699 4315 civitate
755 4259 937 4312 vicina
993 4254 1328 4310 suburbanis
1383 4251 1770 4315 barbarorum,
1833 4249 2058 4320 quidam

476 4352 696 4424 juvenis
725 4349 897 4405 nobili
954 4348 1077 4402 loco
1137 4357 1316 4408 natus,
1351 4345 1588 4400 Archias
1615 4344 1858 4404 nomine,
1895 4356 2058 4412 quem

478 4459 582 4513 ego
615 4442 857 4498 sciebam
880 4439 1163 4510 aegerrime
1192 4437 1336 4492 ferre
1365 4443 1420 4490 et
1480 4435 1692 4506 privata
1724 4442 1778 4488 et
1807 4447 2060 4486 commu-

2243 3705 2442 3760 Ἐθέλω
2501 3706 2558 3760 δὲ
2611 3707 2739 3777 ὑμῖν
2785 3709 2960 3762 εἰπεῖν
3013 3727 3135 3765 τινα
3195 3711 3289 3768 καὶ
3341 3713 3500 3782 λόγον
3549 3715 3752 3788 ἀνδρὸς

2161 3797 2370 3860 ἀθλίου,
2402 3799 2764 3869 ἀποτυχόντος
2813 3801 2914 3870 τῆς
2964 3803 3206 3874 μεγάλης
3247 3804 3478 3873 ἐλπίδος,
3516 3809 3610 3862 καὶ
3648 3809 3755 3880 ζη-

2159 3887 2375 3951 τοῦντος
2421 3886 2562 3960 ὕδωρ
2612 3891 2670 3942 ὲν
2717 3889 2928 3963 ἀνύδρῳ
2974 3892 3170 3963 καιρῷ.
3217 3895 3414 3967 Πρώην
3446 3898 3550 3970 γὰρ
3581 3901 3754 3970 ἡνίκα

2159 3979 2195 4049 ἡ
2229 3978 2544 4050 καταδρομὴ
2577 3979 2684 4035 τῶν
2715 3981 2960 4050 νομάδων
3001 3984 3241 4049 Σκυθῶν,
3273 3986 3474 4058 πολλὴν
3505 3992 3603 4044 σὺν
3632 3996 3754 4056 τοῖς

2160 4069 2368 4124 οἰκοῦσι
2408 4070 2591 4140 χώραν
2618 4072 2902 4140 ἠφάνισεν,
2930 4075 3023 4127 ἐπὶ
3050 4076 3148 4144 τῆς
3177 4077 3504 4149 Κομαναίων
3533 4082 3754 4146 πόλεως

2153 4160 2370 4231 ταύτης
2403 4162 2777 4230 ἀστυγείτονος
2823 4164 2893 4217 τά
2940 4167 3238 4237 προάστεια
3293 4169 3400 4223 τῶν
3452 4171 3754 4245 βαρϐάρων

2156 4252 2490 4324 ληῑζομένων
2509 4296 2524 4320 ,
2552 4255 2691 4325 ἀνήρ
2725 4272 2809 4318 τις
2841 4256 2958 4320 νέος
2986 4258 3095 4312 τῶν
3123 4261 3480 4332 εὐπατριδῶν,
3523 4265 3755 4336 Ἀρχίας

2156 4342 2426 4414 τοῦνομα,
2452 4344 2512 4398 ὃν
2560 4347 2652 4399 καὶ
2690 4345 2851 4410 αὐτὸς
2889 4349 3131 4419 ἀκριϐῶς
3177 4353 3493 4425 ἠπιστάμην
3519 4358 3756 4428 περιαλ-

2157 4437 2275 4505 γεῖν
2305 4439 2418 4502 τοῖς
2448 4455 2510 4491 τε
2542 4439 2693 4502 ἰδίοις
2722 4440 2816 4494 καὶ
2850 4444 3048 4506 κοινοῖς
3091 4443 3194 4512 τῆς
3236 4446 3488 4516 πατρίδος
3530 4452 3757 4515 κακοῖς

480 4536 574 4592 nia
608 4536 745 4588 mala
803 4533 1016 4604 patriar,
1070 4545 1326 4601 egressus
1377 4535 1465 4584 est
1517 4543 1586 4583 ex
1615 4527 1841 4582 civitate
1889 4533 1946 4580 et
1989 4539 2054 4579 ex

2161 4526 2350 4599 ἐξῆλθε
2385 4530 2486 4600 τῆς
2529 4531 2735 4594 πόλεως
2762 4531 2854 4585 καὶ
2889 4533 2984 4586 τοῦ
3017 4508 3294 4606 φρουρίου,
3326 4508 3402 4602 dig
3444 4508 3760 4594 κατοπτεῦέ

482 4627 762 4700 przesidio,
799 4635 857 4680 ut
889 4625 1176 4694 diligenter
1233 4621 1638 4691 specularetur,
1698 4629 1833 4689 quot
1875 4624 2057 4680 erant,

481 4723 576 4795 qui
605 4721 815 4791 praedas
855 4719 1088 4789 agebant
1121 4716 1369 4780 barbari,
1402 4723 1457 4771 et
1501 4726 1749 4782 quamam
1784 4717 1943 4765 erant
1993 4723 2059 4763 ea

483 4830 605 4885 qua:
669 4811 1080 4887 contingebant,
1121 4816 1176 4864 et
1223 4823 1350 4862 cum
1402 4805 1686 4862 incidisset
1736 4803 1792 4855 in
1845 4802 2056 4864 hostes,

483 4907 700 4976 sagittis
734 4904 835 4958 fuit
874 4904 1167 4973 appetitus.
1215 4901 1321 4968 Qui
1374 4914 1498 4955 cum
1546 4897 1836 4952 cecidisset
1887 4903 1942 4950 et
1990 4894 2059 4949 ad

481 5007 712 5054 mortem
763 5004 1103 5068 properaret,
1159 5007 1325 5065 quam
1369 4992 1608 5046 maxima
1660 4995 1875 5060 poterat
1923 5001 2061 5041 voce

482 5088 825 5143 exclamabat
861 5087 1010 5157 (erat
1039 5084 1184 5139 enim
1228 5082 1487 5152 baptismi
1536 5087 1882 5136 sacramento
1915 5092 2059 5132 non-

483 5181 612 5234 dum
637 5181 906 5246 initiatus)
929 5197 941 5231 :
961 5177 1173 5231 Montes
1191 5183 1246 5230 et
1265 5176 1437 5238 silvae,
1470 5173 1775 5242 baptizate;
1810 5172 2059 5233 arbores,

460 5271 539 5328 'et
570 5290 752 5344 rupes,
792 5280 846 5328 et
900 5271 1099 5334 fontes.
1137 5269 1263 5324 date
1284 5269 1548 5338 gratiam!
1583 5267 1647 5321 Et
1696 5266 1796 5320 has
1830 5266 2062 5321 misera-

484 5363 624 5418 biles
659 5378 822 5416 voces
851 5361 1044 5425 edens,
1068 5361 1235 5414 vitam
1272 5357 1430 5413 ﬁniit.
1469 5358 1615 5423 Quas
1647 5371 1770 5410 cum
1802 5356 2060 5411 rescivis-

487 5463 570 5509 set
605 5455 820 5516 civitas.
849 5469 943 5508 eas
988 5453 1160 5523 magis
1199 5450 1435 5515 deﬂevit,
1475 5464 1638 5519 quam
1673 5463 1861 5502 casum
1903 5447 2052 5502 belli.

488 5545 628 5600 lluic
650 5546 856 5600 similes
885 5553 1010 5600 sunt
1057 5544 1092 5596 ii
1137 5559 1376 5615 quoque,
1401 5544 1492 5613 qui
1524 5558 1552 5594 a
1592 5541 1796 5596 morbis
1830 5548 2057 5610 repente

557 5732 602 5764 ³ο
632 5729 824 5785 Matth.
851 5741 932 5794 ιιι,
957 5726 1010 5780 7.
1089 5726 1130 5758 ³⁸
1163 5723 1309 5780 Psal.
1337 5723 1534 5789 “11,5.

1585 5723 1655 5793 _"
1684 5721 1815 5779 Luc.
1847 5738 1927 5795 ιιι,
1958 5725 2012 5780 9.
2090 5722 2136 5755 ³³
2173 5721 2192 5775 l
2221 5720 2379 5780 Joan.
2422 5741 2504 5795 ιιι,
2541 5727 2593 5781 5.

2164 4636 2255 4672 σαι
2279 4621 2543 4691 ἀκριϐῶς,
2579 4622 2734 4675 πόσοι
2771 4625 2870 4693 μὲν
2907 4627 2956 4678 οἰ
2994 4627 3249 4698 λῃοῦντες
3293 4631 3575 4702 βάρϐαροι,
3625 4633 3758 4686 τίνα

2161 4712 2220 4766 δὲ
2250 4713 2321 4766 τά
2347 4713 2710 4784 συμϐαίνοντα
2744 4717 2889 4788 πάθη
2913 4733 2926 4747 ⁸
2956 4721 3051 4771 καὶ
3085 4720 3396 4791 περιπεσὼν
3440 4725 3550 4786 τοῖς
3581 4725 3757 4778 πολε-

2167 4804 2308 4875 μίοις
2332 4805 2710 4876 κατετοξεύθη.
2740 4808 2928 4861 Πεσὼν
2957 4810 3017 4862 δὲ
3061 4812 3154 4864 καὶ
3203 4812 3338 4880 πρὸς
3378 4815 3470 4867 τὸν
3516 4816 3758 4870 θάνατον

2164 4893 2534 4965 ἐπειγόμενος,
2563 4896 2639 4960 ώς
2666 4891 2779 4966 εἶχε
2821 4897 3119 4967 δυνάμεως,
3146 4899 3341 4952 ἀνεϐόα
3381 4902 3502 4970 (καὶ
3538 4902 3648 4970 γὰρ
3677 4900 3759 4974 ἦν

2164 4985 2274 5038 τῶν
2314 4987 2781 5060 ἀμυήτων)·,Ὄρη
2817 4989 2910 5042 καὶ
2947 4989 3135 5050 νάπαι,
3166 4990 3461 5060 βαπτίσατε
3490 5008 3502 5022 ·
3530 4993 3754 5064 δένδρα,

2162 5075 2255 5128 καὶ
2285 5075 2500 5146 πέτραι,
2557 5077 2652 5130 καὶ
2687 5080 2878 5147 πηγαὶ,
2924 5078 3044 5133 δότε
3088 5080 3188 5151 τὴν
3236 5083 3414 5154 χάριν.
3465 5085 3573 5136 Καὶ
3622 5091 3758 5149 ταδς

2161 5169 2404 5240 οἰκτραῖς
2445 5172 2650 5236 φωναῖς
2685 5169 2912 5234 ταύταις
2956 5171 3396 5244 ἐπετελεύτησεν.
3433 5176 3528 5238 Ἀς
3573 5177 3670 5229 καὶ
3718 5182 3756 5244 ἡ

2163 5259 2316 5322 πόλις
2349 5260 2614 5331 μαθοῦσα,
2658 5261 2818 5316 πλέον
2855 5263 2955 5332 τῆς
2998 5267 3284 5337 συμφορᾶς
3325 5268 3425 5336 τῆς
3468 5269 3610 5322 κατά
3656 5271 3756 5323 τὸν

2163 5351 2394 5422 πόλεμον
2421 5352 2816 5424 ἀπεθρήνησεν.
2847 5355 3220 5428 Παραπλήσιοι
3259 5360 3316 5412 δὲ
3347 5360 3520 5429 τούτῳ
3555 5361 3653 5412 καὶ
3696 5365 3755 5414 οἰ

2162 5441 2314 5513 παρὰ
2356 5442 2466 5495 τῶν
2515 5445 2686 5497 νόσων
2739 5445 2950 5517 ἀθρόως
2999 5447 3328 5519 πιεζόμενοι.
3363 5452 3528 5505 Ὅταν
3570 5453 3680 5522 γὰρ
3721 5455 3755 5506 ὁ

2163 5534 2576 5605 χθὲς⁴ύγιαίνων
2613 5537 2705 5590 καὶ
2739 5540 2982 5611 μακροὺς
3007 5541 3183 5608 ἐαυτῷ
3224 5544 3349 5608 τοὺς
3389 5543 3613 5617 χρόνους
3649 5545 3753 5616 τῆς

2672 5723 2717 5758 ³⁸
2754 5723 2884 5779 Luc.
2911 5741 3020 5790 xw,
3062 5723 3149 5781 19'
