3844 6446
106 340 205 398 425

1476 338 1564 395 ΒΕ
1595 339 1961 400 BAPTISMO.

3254 351 3360 405 4‘26

107 460 248 529 ζωῆς
271 459 588 530 διαγράφων
622 455 768 527 πάθῃ
796 456 858 509 τὸ
888 454 981 509 τοῦ
1009 453 1238 508 παλαιοῦ
1272 458 1684 527 ματαιόςρρονος,

1800 460 2197 529 opprimuntur.
2231 457 2368 513 Cum
2391 460 2536 514 enim
2573 461 2657 527 ei,
2679 464 2770 532 qui
2800 462 2915 518 heri
2948 472 3066 517 erat
3092 479 3283 530 sanus,
3313 474 3369 521 et

107 553 195 605 καὶ
220 550 385 622 λεχθῇ
413 550 548 622 πρὸς
571 550 734 605 αὑτὸν
764 551 829 602 ὲκ
861 547 964 618 τῆς
1004 545 1390 616 ἀπογνώσεως,
1417 549 1499 603 ὃτι
1524 550 1695 621 ταύτῃ

106 645 165 712 τῇ
195 643 355 695 νυκτὶ
382 643 417 713 ή
456 642 603 713 ψυχή
641 659 734 695 σου
776 639 870 694 τοῦ
915 638 1166 710 σώματος
1208 638 1415 704 λύεται,
1444 640 1566 693 τότε
1609 640 1697 694 θό-

111 734 264 805 ρυϐος
291 735 386 788 καὶ
418 735 633 806 κραυγή
656 750 671 763 ο
707 734 803 788 καὶ
844 733 1023 787 πάντα
1046 733 1106 786 ὲν
1140 735 1279 805 ῥοπῇ
1309 734 1501 805 καιροῦ
1531 733 1697 798 ὀξέως

106 826 362 895 ζητεῖται,
393 828 462 879 τὰ
488 826 682 896 σκεύη,
704 825 767 879 τὸ
790 825 953 896 ὕδωρ.
981 827 1009 878 ὁ
1035 825 1232 897 ἱερεὺς,
1262 829 1291 880 ὁ
1327 826 1483 894 λόγος
1508 827 1537 878 ὁ
1562 823 1697 896 πρὸς

104 920 196 990 τὴν
221 918 385 989 χάριν
412 917 882 990 προευτρεπίζων,
932 919 992 972 ὃν
1043 920 1263 973 ἀπαιτεῖ
1293 922 1391 989 μὲν
1436 920 1468 988 ἡ
1516 918 1695 990 χρεία,

105 1013 379 1064 ἐπισκοτεῖ
403 1011 461 1064 δὲ
490 1012 524 1082 ή
557 1011 729 1075 νόσος,
768 1011 1000 1085 σφοδρὸν
1031 1013 1125 1066 καὶ
1160 1011 1436 1066 ἀνένδοτον
1465 1011 1697 1083 ἐργαζο-

107 1102 237 1171 μένη
283 1100 349 1154 τὸ
396 1096 603 1173 ἆσθμα.
638 1102 748 1155 Καὶ
790 1105 934 1155 ποιεῖ
982 1101 1074 1155 τὸν
1127 1101 1351 1172 θόρυϐον
1403 1101 1505 1171 τῆς
1557 1101 1698 1155 κατά

105 1194 337 1263 πόλεμον
388 1192 619 1263 συνοχῆς
657 1194 758 1247 οὐκ
800 1193 1090 1247 έλάττονα’
1127 1193 1326 1257 πάντες
1361 1192 1419 1246 δὲ
1463 1194 1513 1245 oi
1555 1193 1698 1246 κατά

104 1286 195 1357 τὴν
234 1285 418 1339 οἰκίαν
470 1284 719 1357 ἀλλήλοις
768 1286 1118 1350 ἀπαντῶντες
1161 1286 1550 1357 ὲκρήγνυνται’
1601 1286 1697 1339 καὶ

104 1378 342 1449 ὠθισμός
385 1380 526 1441 ἐστι,
570 1378 664 1432 καὶ
713 1377 950 1449 ταραχὴ,
998 1378 1092 1431 καὶ
1139 1378 1297 1448 θρόος
1347 1376 1555 1447 γοώδης
1600 1379 1697 1431 κα)⁵

104 1469 333 1539 ἄσημος,
365 1466 553 1539 ῶσπερ
595 1468 655 1521 ὲν
697 1466 1037 1539 νυκτομαχίᾳ
1067 1466 1315 1537 ἀλλήλοις
1354 1466 1697 1537 ἐμπλεκομέ-

103 1579 227 1626 νων,
274 1560 503 1629 δούλων,
563 1560 865 1629 συγγενῶν,
921 1561 1114 1631 φίλων,
1170 1560 1281 1613 τῶν
1327 1560 1553 1621 παίδων,
1596 1559 1696 1629 τῆς

103 1654 347 1724 γαμετῆς
404 1654 493 1716 Ὠς
526 1652 606 1705 έτι
633 1652 813 1706 τοίνυν
841 1651 1032 1722 καιρὸς
1057 1651 1301 1721 εἰρήνης,
1326 1651 1395 1703 τὰ
1414 1649 1535 1703 καθ’
1566 1650 1695 1703 ἐαυ-

100 1747 224 1808 τοῦς
251 1742 547 1817 σωφρόνως
568 1744 902 1827 διαθώμεθα.
938 1744 1029 1799 Ἑν
1060 1744 1224 1815 σχολῇ
1253 1744 1346 1797 καὶ
1370 1744 1580 1815 γαλήνῃ
1600 1743 1694 1797 τοῦ

103 1835 215 1905 βίου
239 1835 469 1902 δέξασθε
498 1838 599 1907 τὴν
616 1834 711 1889 τοῦ
741 1834 977 1906 Χριστοῦ
1003 1834 1233 1906 δωρεὰν,
1258 1835 1347 1887 ὅτε
1372 1835 1467 1888 καὶ
1497 1836 1526 1887 ὁ
1554 1835 1690 1903 λαμ-

101 1927 276 1981 ϐάνων
307 1927 411 1999 τὴν
459 1926 671 1998 ὑψηλὴν
711 1929 807 1981 καὶ
851 1925 1182 1996 ἀσύγκριτον
1224 1926 1539 1996 εὐεργεσίαν
1572 1926 1689 1996 μεθ’

100 2019 293 2091 ἡδονῆς
315 2019 397 2089 τῷ
423 2019 709 2090 καταλόγῳ
744 2017 854 2071 τῶν
891 2018 1314 2088 υἱοθετουμένων
1343 2017 1690 2088 συναριθμεῖ-

100 2131 223 2177 ται,
276 2113 377 2167 καὶ
424 2113 475 2165 οί
512 2113 779 2183 γνώριμοι
821 2111 1021 2174 πάντες
1059 2109 1158 2182 τὴν
1195 2111 1404 2165 ἐκείνου
1445 2110 1581 2182 πρὸς
1630 2110 1691 2163 τὸ

98 2208 345 2276 κρεῖττον
392 2204 752 2277 μεταποίησιν
797 2203 1070 2274 ἐξαίρετον
1103 2203 1276 2275 χαρὰν
1309 2204 1400 2257 καὶ
1426 2203 1690 2275 εὐφροσύ-

97 2316 191 2369 νην
218 2296 527 2352 ποιοῦνται.

178 2566 341 2621 ⁹Αλλά
395 2564 631 2628 δέδοικα,
680 2566 835 2637 φησὶ,
887 2564 951 2617 τὸ
999 2564 1098 2634 τῆς
1151 2562 1364 2633 φύσεως
1406 2564 1563 2634 ήμῶν
1612 2565 1693 2627 είς

96 2660 377 2732 ἁμαρτίαν
406 2658 647 2720 εὔκολον,
678 2658 772 2710 καὶ
792 2655 882 2710 διά
909 2654 1068 2710 τοῦτο
1099 2656 1237 2727 πρὸς
1276 2656 1374 2728 τὴν
1406 2657 1563 2727 χάριν
1594 2658 1693 2724 τῆς

96 2752 525 2822 παλιγγενεσίας
577 2749 846 2822 βραδύνω.
893 2749 1263 2821 Εύπρόσωπον
1322 2748 1421 2819 μέν
1470 2766 1562 2801 σου
1593 2748 1693 2817 τῆς

94 2846 296 2909 δειλίας
322 2844 389 2898 τὺ
423 2844 738 2916 πρόσχημα,
770 2842 865 2895 καὶ
900 2842 1080 2905 καλῶς
1108 2840 1302 2895 σαυτὸν
1331 2857 1691 2911 κατασχημα-

94 2936 264 3002 τίζεις
313 2935 397 3005 τῷ
440 2934 542 3004 τῆς
591 2933 877 2996 εὐλαϐείας
919 2932 1225 3003 πλάσματυ
1270 2930 1406 2985 ἀλλά
1438 2948 1521 2984 σοι
1570 2931 1695 2984 σύν-

95 3046 260 3099 τομος
296 3026 571 3098 ἐρώτησις
612 3026 984 3098 προσαχθεῖσα
1033 3024 1258 3096 ἀρκέσει
1299 3026 1693 3097 προγυμνῶσαι

94 3120 195 3191 τὴν
214 3118 428 3190 σκηνὴν
446 3118 504 3171 εύ
514 3118 700 3182 κόλως.
721 3118 873 3171 Ἐπεὶ
892 3118 1021 3189 γὰρ,
1047 3119 1075 3170 ὁ
1094 3116 1386 3173 δεδοικέναι
1406 3118 1579 3187 λέγων
1595 3120 1693 3191 τὴν

97 3212 402 3284 ἁμαρτίαν,
429 3211 838 3284 κατηχούμενος
866 3210 1151 3282 ὑπάρχεις,
1173 3211 1292 3264 τίνα
1316 3210 1427 3282 ἄρα
1452 3210 1551 3283 ζῇς
1576 3211 1690 3280 βίον

96 3304 540 3377 ἀκατηγόρητον,
570 3304 604 3375 ἢ
640 3304 732 3358 τὸν
769 3304 1172 3375 ἀναμάρτητον,
1206 3302 1239 3373 ἢ
1280 3302 1371 3357 τὸν
1415 3304 1472 3356 ἐν
1514 3304 1692 3374 ἀμαρ-

96 3397 279 3462 τίαις;
306 3398 369 3450 Εί
406 3396 507 3467 μὲν
532 3396 639 3467 γὰρ
670 3396 758 3449 τὸν
786 3395 1193 3467 ἀναμάρτητον,
1224 3395 1276 3448 τί
1304 3394 1503 3467 δειλιᾷς
1522 3396 1583 3448 τὸ
1605 3394 1695 3465 βά-

98 3506 339 3561 πτισμα,
385 3488 482 3543 καὶ
516 3488 624 3559 πρὸ
655 3488 867 3540 ἐκείνου
906 3486 1090 3558 τηρῶν
1123 3486 1222 3558 τήν
1255 3487 1693 3559 νομοθετημένην

99 3584 391 3654 ἀκρίϐειαν
418 3599 433 3647 ;
460 3582 523 3635 Εί
551 3581 610 3636 δέ
635 3598 718 3635 σοι
743 3581 1051 3654 ἀκάθαρτος
1076 3583 1171 3637 καὶ
1194 3582 1502 3652 ἀφύλακτος
1524 3584 1557 3653 ἡ
1582 3580 1694 3653 ζωὴ

104 3674 385 3747 βραδύνων
419 3676 477 3728 ἐν
514 3673 800 3745 ἀνομίαις,
847 3675 941 3728 καὶ
977 3676 1041 3746 τῇ
1078 3676 1264 3747 μακρᾷ
1297 3674 1551 3745 συνηθείᾳ
1582 3674 1695 3738 ἕξιν

107 3766 394 3836 κτώμενος
418 3765 512 3819 τοῦ
548 3763 744 3829 κακοῦ,
769 3766 1033 3837 πρόδηλον
1064 3767 1145 3821 ὅτι
1172 3768 1271 3838 τὴν
1308 3768 1542 3838 ἐσχάτην
1564 3769 1695 3821 ἀνα-

105 3858 291 3929 μένεις
330 3858 640 3929 ἀναπνοήνο
668 3858 755 3911 ἵνα
783 3857 860 3928 τῷ
903 3858 1238 3929 βαπτίσματι
1287 3859 1693 3931 παραληφθέντι

102 3951 246 4004 κατά
281 3949 383 4020 τὴν
408 3948 723 4003 τελευταίαν
758 3949 907 4023 ῶραν
932 3951 1257 4023 συντελεσθῇ
1286 3953 1320 4024 ή
1353 3953 1489 4023 ζωή.
1525 3953 1695 4006 Τοῦτο

99 4042 158 4094 δέ
187 4042 307 4094 ἐστι
341 4040 505 4112 καινὴ
534 4042 628 4094 καὶ¹
657 4041 958 4113 παράδοξος
995 4044 1252 4115 ἐμπορία,
1281 4044 1342 4097 ού
1374 4044 1574 4115 χρυσοῦ
1602 4046 1696 4099 καὶ

102 4133 357 4204 ἐσθῆτος,
392 4132 531 4187 ἀλλά
565 4132 803 4204 πλήθους
830 4134 1069 4205 ἀνομιῶν
1102 4136 1373 4207 καπηλεία
1402 4138 1694 4209 περίεργος

100 4228 199 4295 τῆς
226 4224 375 4277 κατά
410 4224 588 4295 ψυχὴν
631 4224 970 4297 καθάρσεως.
1008 4228 1116 4280 Καὶ
1158 4228 1410 4303 καθάπερ
1442 4231 1491 4283 οί
1525 4233 1695 4301 χοῖροι

102 4319 276 4388 πηλὸν
304 4318 370 4370 ὲκ
403 4316 576 4389 πηλοῦ
611 4319 987 4390 μετέρχονται,
1015 4320 1109 4374 καὶ
1135 4320 1227 4374 τὸν
1256 4321 1515 4395 βόρϐορον
1544 4323 1695 4393 ἔχου-

106 4428 186 4464 σιν
229 4412 420 4476 αὐτοῖς
474 4412 835 4483 ἐνδιαίτημα·
876 4412 1054 4477 οὕτως
1089 4416 1140 4467 of.
1175 4418 1297 4479 ταῖς
1330 4417 1695 4487 ἀκαθαρσίαις

1801 551 1927 603 vita:
1976 550 2080 604 sibi
2129 550 2351 619 longum
2396 558 2613 621 tempus
2645 553 3052 617 dimetiebatur,
3106 556 3371 610 acciderit

1797 638 1853 693 id
1888 638 2034 709 quod
2071 639 2147 692 illi
2179 638 2275 707 qui
2323 640 2452 694 olim
2494 656 2633 695 vana
2673 645 2964 713 cogitabat,
2997 656 3050 701 et
3076 646 3125 700 ei
3161 647 3369 702 dictum

1804 729 1970 785 fuerit
2000 746 2066 785 ex
2098 731 2522 801 desperatione:
2572 732 2685 788 Hac
2718 744 2875 790 nocte
2914 738 3095 791 anima
3131 744 3224 793 tua
3259 740 3373 792 sol-

1798 824 1946 875 vitur
1980 838 2010 875 a
2064 838 2296 893 corpore
2332 824 2396 890 ¹⁸,
2433 833 2563 878 tune
2594 840 2829 896 magnus
2866 828 3046 882 oritur
3098 830 3370 884 tumultus

1797 925 1850 968 et
1882 914 2125 979 clamor;
2190 924 2245 969 et
2294 917 2479 969 omnia
2535 928 2814 972 momento
2872 920 3134 989 temporis
3169 922 3371 975 acriter

1798 1015 2141 1076 quaeruntur,
2186 1022 2336 1071 vasa,
2370 1022 2532 1077 aqua,
2574 1008 2854 1071 sacerdos,
2888 1025 3068 1065 sermo
3102 1012 3194 1081 qui
3230 1027 3370 1081 pra:-

1798 1104 1954 1166 paret
1985 1094 2053 1149 ad
2092 1096 2348 1167 gratiam,
2374 1112 2535 1166 quem
2586 1113 2719 1152 usus
2737 1098 2957 1168 quidem
2989 1101 3252 1170 postulat,
3280 1103 3368 1156 in-

1797 1189 2092 1258 terrumpit
2123 1198 2305 1244 autem
2355 1192 2597 1254 morbus,
2623 1192 2716 1259 qui
2761 1190 2942 1255 ellieit,
2994 1200 3052 1245 ut
3080 1193 3371 1249 vehemens

1797 1290 1853 1333 et
1890 1279 2148 1350 frequens
2193 1282 2265 1336 sit
2319 1282 2614 1348 anhelitus,
2665 1290 2720 1338 et
2781 1283 2911 1337 facit
2941 1298 3049 1338 non
3101 1287 3372 1341 minorem

1798 1374 2286 1442 perturbationem,
2309 1390 2471 1445 quam
2502 1391 2624 1445 qua:
2651 1385 2757 1439 est,
2791 1391 2913 1431 cum
2948 1386 3102 1447 urget
3128 1377 3370 1447 bellum;

1798 1480 1992 1522 omnes
2027 1475 2208 1522 autem
2233 1467 2327 1536 qui
2367 1474 2496 1522 sunt
2542 1468 2712 1532 domi,
2747 1469 2849 1523 sibi
2902 1469 3135 1524 invicem
3175 1484 3373 1526 occur-

1798 1565 1984 1612 rentes
2002 1566 2320 1627 erumpunt;
2345 1567 2540 1629 estque
2569 1561 2868 1629 protrusio,
2902 1562 3192 1627 tumultus,
3216 1567 3373 1618 mur-

1797 1664 2031 1718 murque
2059 1660 2113 1705 et
2139 1665 2402 1706 susurrus
2458 1650 2678 1715 flebilis,
2729 1662 2783 1707 et
2819 1654 3063 1711 incertus
3108 1664 3372 1728 tanquam

1799 1739 1853 1792 in
1882 1740 2075 1807 prmlio
2109 1742 2310 1803 navali,
2345 1757 2405 1797 se
2455 1742 2686 1798 invicem
2735 1745 3141 1816 implicantibus
3173 1751 3395 1814 servis,

1798 1832 2071 1899 cognatis,
2101 1833 2315 1898 amicis,
2350 1834 2497 1898 filiis,
2531 1850 2721 1891 uxore.
2752 1836 2935 1894 Donec
2963 1848 3045 1894 est
3070 1857 3200 1912 ergo
3231 1850 3372 1898 tem-

1799 1939 1900 1993 pus
1930 1925 2099 1993 pacis,
2137 1925 2189 1978 in
2213 1926 2327 1980 otio
2363 1935 2418 1980 et
2451 1926 2575 1982 vitae
2612 1929 3008 1998 tranquillitate
3030 1948 3118 1987 res
3150 1942 3370 1991 nostras

1796 2029 2213 2085 componamus.
2271 2017 2517 2088 Accipite
2554 2018 2755 2072 Christi
2807 2020 3033 2084 donum,
3069 2026 3286 2094 quando
3323 2028 3372 2083 is

1798 2106 1892 2176 qui
1914 2108 2083 2162 altum
2116 2121 2169 2163 et
2197 2108 2625 2180 ineomparabile
2649 2112 2848 2183 accipit
2871 2113 3223 2180 beneﬁcium,
3245 2132 3370 2172 cum

1798 2196 2077 2266 voluptate
2128 2198 2365 2254 refertur
2413 2199 2467 2253 in
2509 2216 2797 2255 numerum
2849 2217 3037 2258 eorum
3089 2207 3180 2275 qui
3241 2208 3374 2261 ado-

1798 2294 2023 2357 ptantur
2051 2288 2105 2344 in
2125 2288 2304 2357 filios;
2337 2300 2388 2345 et
2410 2305 2602 2347 omnes
2620 2296 2731 2347 neti
2751 2303 2803 2348 et
2834 2294 3152 2362 familiares,
3190 2313 3253 2352 ex
3280 2299 3372 2354 illa

1799 2378 2104 2433 mutatione
2133 2381 2190 2434 in
2226 2380 2422 2435 melius
2459 2396 2730 2436 summam
2781 2385 3115 2455 voluptatem
3146 2389 3374 2457 capiunt

1798 2478 1854 2523 et
1876 2469 2137 2525 lzetitiam.

1873 2562 1980 2617 Sed
2030 2564 2221 2629 timeo,
2263 2563 2475 2635 inquis,
2539 2574 2752 2623 naturae
2810 2577 3013 2626 nostrae
3061 2572 3128 2627 ad
3180 2574 3374 2631 vitium

1798 2654 2222 2726 proclivitatem,
2259 2664 2314 2713 et
2339 2658 2462 2713 ideo
2499 2658 2693 2715 differo
2733 2661 2994 2717 accedere
3026 2662 3095 2716 ad
3144 2666 3374 2735 gratiam

1799 2750 2253 2819 regenerationis.
2290 2749 2585 2820 Speciosus
2614 2760 2698 2807 est
2726 2754 2945 2823 quidem
2985 2766 3111 2811 tuus
3142 2767 3374 2827 praetex-

1799 2850 1889 2895 tus
1922 2840 2253 2905 timiditatis,
2287 2850 2341 2897 et
2367 2843 2644 2914 diligentis
2696 2846 2970 2902 cautionis
3019 2851 3253 2917 speciem
3288 2867 3375 2907 re-

1799 2942 1887 2987 cte
1920 2948 2031 3003 prae
2065 2942 2118 2987 te
2150 2932 2295 2999 fers;
2326 2934 2420 2989 sed
2450 2935 2631 2990 brevis
2657 2935 2752 2991 tibi
2800 2939 3084 3006 proposita
3138 2939 3375 2996 interro-

1799 3025 1948 3093 gatio
1983 3023 2220 3079 sufficiet
2278 3026 2347 3080 ad
2402 3041 2624 3081 scenam
2657 3026 2815 3082 facile
2869 3030 3241 3099 aperiendam.
3280 3031 3376 3088 [lic

1799 3118 1970 3181 enim,
2002 3118 2094 3187 qui
2124 3117 2264 3173 dicis
2294 3124 2348 3173 te
2378 3119 2570 3174 timere
2596 3128 2898 3190 peccatum,
2940 3138 3063 3177 cum
3127 3124 3204 3178 sis
3228 3134 3379 3181 cates

1798 3209 2129 3273 chumenus,
2163 3224 2454 3280 quemnam
2485 3209 2624 3266 dicis
2652 3212 2835 3267 vivere
2864 3215 3071 3275 ‘vitam,
3116 3218 3168 3269 in
3211 3232 3374 3287 quam

1797 3300 1949 3354 nulla
1997 3300 2145 3355 cadit
2194 3301 2585 3371 reprehensio?
2613 3317 2835 3367 eumne,
2869 3304 2961 3374 qui
3022 3322 3129 3360 non
3162 3319 3374 3375 peccat,

1805 3407 1873 3446 an
1909 3408 2034 3447 eum
2071 3392 2165 3463 qui
2195 3401 2281 3448 est
2315 3393 2369 3446 in
2399 3394 2679 3463 peccatis?
2704 3394 2758 3449 Si
2791 3396 2934 3451 enim
2958 3413 3105 3462 eum,
3132 3399 3224 3469 qui
3265 3415 3374 3453 non

1796 3492 2009 3552 peccat,
2038 3483 2130 3552 qui
2151 3483 2309 3538 times
2332 3483 2684 3552 baptismum,
2703 3499 2825 3539 eum
2843 3486 3006 3541 etiam
3026 3496 3150 3543 ante
3164 3503 3285 3542 eum
3302 3488 3381 3544 di-

1797 3575 2026 3647 ligenter
2054 3576 2312 3632 observes
2342 3576 2396 3630 id
2425 3577 2571 3646 quod
2595 3585 2680 3633 est
2712 3578 2828 3649 lege
2854 3581 3255 3636 constitutum?
3279 3580 3380 3639 Sin

1798 3677 1979 3722 autem
2016 3668 2114 3723 tibi
2143 3676 2229 3724 est
2260 3670 2371 3723 vita
2425 3669 2706 3724 immunda
2740 3678 2796 3724 et
2851 3672 3054 3725 nullam
3110 3673 3377 3731 adhibens

1796 3762 2130 3827 cautionem,
2168 3776 2292 3815 cum
2340 3761 2435 3816 diu
2474 3762 2707 3816 moreris
2762 3762 2815 3816 in
2870 3763 3279 3833 iniquitatibus,
3321 3776 3378 3822 et

1796 3854 1959 3924 longa
1989 3853 2390 3909 consuetudine
2434 3854 2562 3907 mali
2616 3853 2864 3908 habitum
2892 3855 3197 3924 possideas.
3252 3873 3378 3927 per-

1796 3948 2045 4016 spicuum
2067 3956 2152 4001 est
2181 3944 2327 4015 quod
2360 3945 2613 3999 ultimum
2643 3955 2931 4015 exspectas
2959 3946 3279 4009 anhelitum.
3318 3958 3378 4003 ut

1796 4056 1921 4094 cum
1952 4039 2221 4109 baptismo
2257 4037 2450 4091 ultima
2499 4037 2633 4091 hora
2667 4046 2926 4107 suscepto
2953 4038 3063 4092 vita
3111 4040 3275 4095 simul
3315 4043 3378 4094 li-

1797 4133 2004 4187 niatur.
2041 4130 2155 4184 Hoc
2186 4139 2367 4184 autem
2399 4139 2481 4184 est
2508 4144 2645 4183 vana
2668 4139 2722 4183 et
2755 4129 3020 4184 mirabilis
3045 4141 3373 4195 mercatura,

1798 4241 1906 4279 non
1948 4224 2066 4277 auri
2097 4229 2152 4278 et
2180 4232 2434 4288 vestium,
2468 4222 2563 4276 sed
2590 4221 2957 4277 multitudinis
2992 4222 3369 4292 iniquitatum.

1798 4324 1854 4372 el.
1883 4330 2291 4387 supervacanea
2327 4330 2390 4369 ac
2425 4314 2643 4369 curiosa
2672 4315 2998 4383 cauponatio
3025 4316 3215 4369 aninue
3246 4332 3375 4385 pur-

1800 4409 2065 4481 gationis;
2101 4416 2155 4463 et
2190 4422 2299 4477 quo
2324 4406 2485 4461 modo
2518 4407 2667 4476 porci
2700 4421 2728 4459 a
2760 4407 2875 4460 luto
2909 4406 2964 4459 in
2991 4408 3163 4460 lutum
3193 4416 3377 4463 trans-

106 4502 384 4567 συζῶντες
419 4502 779 4556 συνάπτουσιν
814 4504 1149 4574 ἐπαλλήλους
1194 4506 1293 4569 τὰς
1328 4507 1575 4578 ἀνομίας.
1620 4509 1690 4561 ἸΙ

1800 4516 1945 4571 eunt,
1985 4516 2037 4563 et
2071 4507 2124 4561 in
2152 4506 2267 4560 luto
2316 4506 2560 4574 jucunde
2593 4513 2647 4559 et
2690 4504 2938 4560 lubenter
2976 4508 3139 4559 vitam
3170 4519 3374 4577 agunt:

104 4594 207 4666 γὰρ
254 4597 327 4665 τῇ
372 4594 597 4666 πορνείᾳ⁵
645 4595 988 4665 μολύνονται,
1026 4597 1059 4667 ἢ
1095 4596 1199 4668 τὴν
1221 4598 1532 4669 δυσώνυμον
1575 4618 1694 4671 μοι-

104 4686 254 4753 χείαν
290 4687 671 4755 τεχνάζουσιν,
720 4689 752 4758 ἢ
793 4688 892 4759 τὴν
922 4689 1090 4759 μέθην
1120 4689 1345 4743 ἀσκοῦσι
1377 4692 1437 4745 τὸ
1466 4692 1573 4744 τῶν
1604 4711 1697 4745 πο-

103 4779 288 4847 γηρῶν
318 4777 631 4849 ἐπιθυμιῶν
662 4781 1013 4851 ὑπέκκαυμα,
1046 4782 1079 4851 ἢ
1112 4782 1208 4845 τὰς
1239 4783 1471 4853 ἀδελφὰς
1493 4785 1695 4838 τούτων

103 4873 191 4922 καὶ
240 4873 537 4939 συγγενεῖς
566 4872 842 4941 ἁμαρτίας
892 4871 1287 4943 ἐπιτηδεύουσι.
1316 4875 1609 4929 Φοϐοῦνται
1638 4876 1694 4929 δὲ

101 4965 154 5015 τδ
189 4963 512 5033 βάπτισμα,
550 4963 625 5026 ὡς
654 4963 761 5015 τῶν
799 4964 1000 5034 ήδονῶν
1029 4965 1277 5036 κώλυμα,
1313 4967 1405 5019 καὶ
1436 4968 1545 5020 τῶν
1568 4988 1693 5039 μια-

103 5056 210 5123 ρῶν
248 5053 615 5109 ἀπολαύσεων
655 5055 886 5126 ἀποχήν.
912 5056 1081 5110 Ὅταν
1117 5053 1209 5111 οὖν
1252 5058 1397 5127 λέγει
1427 5060 1455 5111 ὁ
1482 5078 1694 5132 προφα-

103 5146 399 5218 σιζόμενος
436 5147 737 5218 προφάσεις
784 5149 842 5199 ὲν
899 5149 1212 5220 ἁμαρτίαις,
1270 5152 1352 5204 ὅτι
1398 5152 1694 5223 Φοϐοῦμαι,

100 5240 383 5311 πρόδηλός
411 5241 560 5292 ἐστιν
588 5239 649 5293 ού
680 5240 778 5311 τὴν
811 5242 1084 5313 ἁμαρτίαν
1118 5243 1532 5313 εὐλαϐούμενος,
1563 5246 1696 5299 ἀλλὰ

99 5333 328 5404 μακρὰν
394 5330 545 5402 αύτῷ
601 5332 852 5398 γενέσθαι
912 5334 1264 5405 βουλόμενος,
1318 5335 1415 5407 τὴν
1466 5338 1522 5389 έν
1574 5341 1694 5400 ταῖς

98 5424 411 5496 ἁμαρτίαις
452 5424 819 5496 ἀναστροφήν.
856 5428 919 5479 Ol
956 5426 1012 5479 δὲ
1039 5426 1241 5497 ταύτην
1267 5425 1479 5497 ἔχοντες
1520 5430 1577 5480 ἐν
1616 5429 1695 5499 τῷ

97 5516 259 5584 βάθει
283 5516 392 5587 τὴν
418 5516 663 5587 πονηρὰν
690 5506 937 5587 γνῶμην,
962 5518 1174 5581 πρῶτον
1209 5518 1307 5589 μὲν
1340 5520 1459 5571 οὐδὲ
1486 5519 1696 5584 ἀξιοῦν-

95 5626 181 5662 ται
214 5608 324 5679 τῆς
370 5608 627 5680 χάριτος⁶
657 5610 794 5663 ἀλλά
840 5613 960 5672 ταῖς
1007 5614 1185 5674 κεναῖς
1217 5612 1425 5665 ἐλπίσιν
1471 5615 1695 5677 ἑαυτοῦς

165 5789 215 5821 ⁸⁸
238 5787 386 5842 Luc.
406 5800 509 5844 χιι.
542 5784 635 5838 ‘20.

439 5884 713 5943 PATuOL.
761 5881 870 5941 GR.
930 5884 977 5941 Χ
996 5884 1087 5941 LV
1103 5884 1121 5941 ι
1140 5938 1143 5941 .

1801 4603 1876 4656 ita
1915 4600 2008 4671 qui
2043 4600 2236 4655 vivunt
2292 4598 2347 4653 in
2403 4598 2777 4661 immunditia,
2810 4598 3017 4652 scelera
3068 4612 3132 4652 ac
3173 4598 3379 4669 ﬂagitia

1799 4695 2032 4750 invicem
2088 4693 2450 4763 conjungunt.
2485 4693 2592 4746 Aut
2616 4692 2762 4746 enim
2822 4692 3141 4761 polluuntur
3170 4702 3379 4746 scorta-

1797 4787 1967 4848 tione,
1996 4793 2090 4839 aut
2128 4784 2553 4839 abominandum
2607 4783 2990 4837 machinantur
3024 4784 3374 4845 adulterium,

1801 4885 1895 4930 ant
1926 4884 2184 4931 exercent
2236 4876 2579 4936 ebrietatem,
2633 4873 2873 4926 fomitem
2929 4874 3192 4927 malarum
3226 4876 3379 4942 cupi-

1798 4969 2053 5035 ditatum,
2101 4978 2194 5021 ant
2245 4969 2331 5021 his
2366 4967 2565 5028 allinia,
2624 4976 2677 5019 et
2718 4967 3040 5032 cognatione
3087 4967 3377 5033 conjuncta

1799 5073 2055 5122 exercent
2082 5070 2325 5134 peccata.
2357 5058 2575 5113 Timent
2610 5066 2788 5111 autem
2818 5058 3168 5127 baptismum,
3200 5066 3255 5110 ut
3285 5058 3375 5128 qui

1805 5155 2095 5226 prohibeat
2120 5152 2453 5219 voluptates,
2484 5156 2540 5202 et
2564 5147 2841 5202 abstinere
2886 5147 3052 5201 faciat
3085 5163 3115 5200 a
3155 5147 3379 5201 nefariis

1799 5246 2030 5300 deliciis.
2085 5243 2218 5296 Cum
2276 5256 2405 5310 ergo
2468 5239 2701 5303 dixerit,
2755 5239 2849 5306 qui
2900 5236 3097 5305 quaerit
3150 5252 3381 5291 excusa-
3434 5283 3443 5288 .

1799 5339 1978 5390 tiones
2008 5337 2062 5388 in
2101 5332 2365 5402 peccatis,
2397 5332 2613 5393 timere,
2639 5329 2986 5399 perspicuum
3015 5336 3099 5380 est
3120 5343 3242 5381 eum
3270 5344 3377 5381 non

1800 5428 2000 5489 vereri,
2054 5432 2146 5478 ant
2180 5439 2373 5478 cavere
2422 5431 2745 5491 peccatum;
2782 5419 2877 5473 sed
2919 5418 3058 5471 velle
3112 5433 3170 5471 se
3217 5433 3377 5487 quam

1802 5516 2108 5572 diutissime
2144 5514 2349 5568 versari
2384 5512 2435 5565 in
2478 5511 2722 5581 flagitiis.
2786 5508 2888 5575 Qui
2949 5518 3130 5562 autem
3168 5509 3219 5561 in
3257 5524 3381 5577 pro-

1802 5610 1971 5664 fundo
2018 5610 2216 5664 malam
2261 5608 2400 5661 hanc
2446 5605 2648 5658 habent
2699 5613 2951 5669 mentem,
2997 5603 3229 5673 primum
3262 5604 3380 5671 qui-

2993 5878 3064 5939 1ἶι
