3844 6386
493 301 614 358 427

1777 300 1832 394 ξ.
1877 298 2204 358 GREGOBII
2256 299 2552 355 NYSSENI

3652 282 3760 358 ns

510 414 634 469 dem
671 425 771 466 nec
820 411 1048 482 gratiam
1083 417 1492 482 assequuntur;
1541 410 1635 466 sed
1685 426 1827 464 vana
1855 427 1953 482 spe
1982 426 2067 468 se-

2171 410 2662 475 ἀποϐουκολοῦντες
2704 410 2983 482 ἀδοκήτως
3027 410 3348 480 ἀπάγονται,
3381 411 3621 484 ἀψοφητὶ
3663 417 3760 471 καὶ

511 499 660 568 ipsos
687 505 993 568 pascentes,
1021 506 1216 568 praeter
1239 500 1549 569 Opinionem
1578 498 1924 553 abducuntur
1949 501 2074 556 abs-

509 605 614 660 que
634 590 861 660 strepitu
885 597 940 644 et
962 599 1205 660 repente,
1238 601 1496 660 tanquam
1533 591 1762 646 insidias
1825 599 2074 647 struente

510 682 648 744 ture,
695 680 1037 751 opprimente
1079 689 1276 736 morte.
1337 679 1433 736 Sin
1487 688 1668 736 autem
1726 679 1870 737 Deus
1915 696 2073 737 suam

508 775 692 830 verius
714 774 1007 830 eﬁ‘ondens
1035 775 1378 830 clementiam
1433 783 1487 829 et
1533 775 1854 836 bonitatem,
1890 773 1946 828 in
1991 773 2074 827 ul-

506 866 643 919 timo
662 863 749 921 die
778 879 926 929 eum,
955 865 1050 934 qui
1078 865 1380 919 delectatur
1420 872 1668 934 peccato,
1697 861 1973 934 mysteriis
2002 861 2074 917 sit

491 955 786 1026 .dignatus,
819 971 928 1009 non
960 963 1043 1010 est
1065 955 1145 1010 eis
1169 970 1235 1009 ex
1275 955 1642 1025 negotiatione
1671 963 1880 1008 tantum
1911 953 2068 1017 lucri,

496 1056 773 1118 quantum
835 1047 1173 1102 existimant.
1219 1044 1418 1100 Putant
1477 1047 1622 1101 enim
1675 1043 1958 1110 futurum,
2011 1052 2073 1098 ut

504 1138 585 1194 eis
609 1151 832 1208 regnum
885 1136 1068 1192 statim
1110 1136 1410 1206 aperiatur,
1444 1135 1714 1204 accipiant
1742 1143 1924 1190 autem
1975 1134 2074 1188 ali-

493 1243 666 1298 quem
713 1229 889 1284 locum
923 1227 1140 1297 plenum
1174 1227 1334 1282 bonis
1374 1225 1810 1291 admirabilibus.
1861 1234 1916 1282 et
1947 1241 2073 1281 eos-

505 1320 626 1374 dem
649 1328 998 1376 assecnturos
1019 1333 1142 1374 esse
1164 1319 1400 1374 honores
1420 1333 1556 1389 quos
1573 1318 1728 1388 justi.
1751 1317 1864 1371 Hoc
1887 1327 2068 1372 autem

503 1419 588 1463 est
613 1410 857 1480 quaedam
881 1423 1008 1480 spes
1036 1409 1240 1470 inanis.
1257 1407 1392 1463 falsa
1409 1408 1670 1478 opinione
1683 1408 2070 1478 praestringens

493 1503 694 1556 oculos
723 1501 935 1556 animae.
978 1498 1135 1565 Nam,
1172 1507 1231 1554 ut
1264 1500 1396 1555 mihi
1428 1499 1660 1561 videtur,
1695 1499 1965 1553 trifariam
1994 1499 2072 1552 di-

505 1595 762 1648 viduntur
786 1610 875 1650 res
903 1594 1208 1660 hominum,
1240 1593 1294 1647 in
1323 1607 1386 1648 ea
1411 1607 1534 1662 qua:
1559 1599 1912 1661 exspectatur
1934 1591 2066 1656 vita,

505 1695 560 1739 ut
592 1687 808 1739 interim
864 1686 1036 1756 magis
1073 1685 1368 1756 generatim
1419 1699 1482 1738 ea
1517 1698 1818 1754 persequar
1863 1684 2069 1753 absque

2181 504 2377 574 ἀθρόον
2424 504 2500 567 ώς
2545 502 2830 556 ἐπιϐούλου
2887 504 3120 557 κλέπτου
3161 502 3258 557 τοῦ
3305 503 3536 558 Θανάτου
3585 525 3759 562 καταο

2178 595 2565 666 λαμϐάνοντος.
2628 594 2790 647 Ἀλλὰ
2835 596 2929 648 καὶ
2975 595 3278 658 πλεονάσας
3320 597 3350 649 ό
3390 595 3521 660 Θεὸς
3552 597 3653 669 τὴν
3678 599 3758 651 oi-

2178 689 2330 742 κείαν
2360 686 2741 759 μακροθυμίαν
2769 688 2865 741 καὶ
2899 687 3230 757 ἀγαθότητα,
3256 687 3598 754 καταξιώσας
3643 691 3757 743 τῶν

2180 778 2494 848 μυστηρίων
2525 778 2617 831 τὸν
2647 776 3057 848 φιλαμάρτητον
3089 777 3182 830 ἐπὶ
3211 778 3310 848 τῆς
3333 779 3567 849 ἐσχάτης
3611 781 3755 851 ἡμέ-

2180 883 2298 938 ρας,
2333 868 2431 921 οὐκ
2460 867 2606 922 ἐστιν
2635 868 2818 931 αὐτοῖς
2845 867 3097 920 τοσοῦτον
3133 871 3232 939 τῆς
3261 870 3648 940 πραγματείας
3691 871 3757 924 τὸ

2177 959 2390 1030 κέρδος,
2453 960 2576 1012 ὅσον
2628 959 2961 1029 νομίζουσιν.
3026 958 3240 1013 Οίονται
3272 961 3380 1032 γὰρ
3435 962 3594 1025 εὐθὺς
3651 962 3756 1033 μὲν

2179 1047 2668 1120 ὑπανοιχθήσεσθαι
2704 1047 2804 1120 τὴν
2843 1047 3120 1119 βασιλείαν
3149 1050 3360 1114 αὐτοῖς’
3388 1051 3654 1121 λήψεσθαι
3691 1053 3753 1106 δέ

2175 1158 2296 1194 τινα
2318 1140 2492 1211 χῶρον
2503 1140 2723 1208 ἀγαθῶν
2743 1141 2985 1210 γέμοντα
3007 1139 3355 1211 θαυμαστῶν.
3378 1141 3592 1196 καὶτῶν
3617 1142 3754 1197 ἴσων

2174 1231 2572 1301 ἀξιωθήσεσθαι
2609 1234 2722 1293 τοῖς
2765 1232 2996 1297 δικαίοις
3045 1232 3240 1302 τιμῶν.
3297 1233 3370 1286 Τὸ
3409 1234 3467 1288 δὲ
3493 1236 3625 1306 κενή
3662 1235 3754 1299 τίς

2177 1323 2325 1374 ἐστιν
2349 1321 2522 1388 ἐλπὶς,
2543 1318 2670 1392 δόξῃ
2697 1319 2882 1389 ψευδεῖ
2907 1320 3006 1392 τὴν
3049 1321 3227 1392 ψυχὴν
3255 1321 3610 1392 γοητεύουσα.
3659 1324 3754 1386 Ὠς

2175 1410 2282 1483 γὰρ
2315 1411 2438 1482 ἐμοὶ
2470 1410 2739 1479 φαίνεται,
2767 1415 2926 1483 τριχῆ
2956 1412 3025 1466 τὰ
3066 1411 3174 1465 τῶν
3209 1413 3510 1482 ἀνθρώπων
3537 1415 3748 1488 διαιρε-

2176 1503 2398 1574 θήσεται
2424 1503 2514 1556 ἐπὶ
2541 1503 2640 1574 τῆς
2670 1504 3123 1576 προσδοκωμένης
3155 1505 3322 1575 ζωῆς,
3353 1505 3428 1570 ώς
3455 1509 3749 1575 γενικώτε-

2177 1609 2270 1664 ρον
2306 1594 2444 1657 τέως
2484 1595 2654 1665 χωρὶς
2695 1594 3088 1666 ὑπομερισμῶν
3127 1595 3372 1650 διελθεῖν.
3410 1597 3518 1650 Καὶ
3549 1599 3612 1652 τὸ
3647 1600 3750 1670 μὲν

2175 1685 2390 1757 πρῶτόν
2432 1686 2550 1738 ἐστι
2599 1685 2785 1755 τάγμα
2830 1685 2939 1739 τῶν
2981 1687 3279 1739 ἐπαινετῶν
3337 1688 3429 1740 καὶ
3482 1688 3744 1743 δικαίων⁸

502 1778 994 1834 subdivisionibus.
1027 1777 1093 1832 Et
1149 1777 1355 1848 primus
1403 1775 1624 1845 quidem
1671 1776 1776 1831 erit
1816 1773 1953 1829 ordo
1978 1790 2067 1830 eo-

2170 1777 2440 1849 δεύτερον,
2469 1776 2580 1830 τῶν
2607 1775 2730 1830 οὔτε
2771 1777 3118 1848 τιμωμένων,
3153 1777 3277 1832 οὔτε
3327 1763 3706 1852 κολαζομένων
3728 1799 3745 1813 ⁶

505 1887 624 1926 rum
655 1873 744 1943 qui
780 1879 908 1926 sunt
941 1870 1244 1925 laudabiles
1280 1876 1333 1924 et
1367 1867 1537 1937 justi;
1563 1868 1840 1922 secundus
1868 1874 2070 1930 autem,

493 1978 691 2018 eorum
734 1962 825 2031 qui
863 1976 1036 2030 neque
1067 1961 1408 2015 honorantur
1462 1973 1560 2013 nec
1586 1958 1926 2027 partiuntur;
1961 1966 2074 2013 ter-

504 2055 614 2111 tius
661 2063 837 2108 autem
891 2067 1081 2109 eorum
1119 2051 1214 2122 qui
1270 2066 1369 2122 pro
1398 2051 1636 2122 peccatis
1685 2050 1818 2105 dant
1859 2063 2070 2120 pmnas.

506 2146 607 2200 Ubi
651 2161 782 2215 ergo
810 2159 906 2201 eos
936 2159 1201 2214 ponemus
1231 2144 1322 2213 qui
1364 2145 1418 2198 in
1451 2142 1728 2212 exsequiis
1749 2152 2074 2213 acceperunt

497 2237 706 2294 lavacri
738 2235 1060 2291 beneficium
1087 2235 1111 2289 ‘l
1136 2233 1276 2289 Num
1307 2235 1657 2305 perspicuum
1695 2243 1779 2289 est
1809 2234 1952 2304 quod
1987 2235 2072 2288 in-

502 2339 585 2383 ter
613 2329 910 2388 secundos,
970 2327 1132 2398 idque
1157 2343 1282 2382 eum
1331 2327 1510 2389 venia,
1560 2335 1619 2380 ut
1654 2326 1765 2382 sint
1829 2325 2072 2381 hmredes

502 2435 597 2490 per
623 2420 716 2475 Dei
753 2421 1029 2490 propriam
1070 2417 1476 2488 benignitatem.
1518 2417 1620 2484 Qui
1661 2417 1806 2473 enim
1854 2433 1951 2488 per
1978 2432 2071 2471 so-

500 2513 742 2568 cordiam
766 2520 822 2566 et
844 2510 1226 2580 negligentiam
1269 2509 1530 2580 prodidit,
1579 2525 1700 2580 qua:
1733 2519 1879 2566 recte
1927 2517 1980 2564 et
2005 2524 2070 2564 ex

497 2601 702 2656 virtute
729 2599 884 2664 ﬁunt,
915 2613 1024 2653 non
1079 2606 1161 2654 est
1189 2597 1327 2652 liber
1354 2614 1384 2651 a
1408 2613 1571 2666 pmna
1599 2607 1652 2653 et
1676 2598 2029 2653 damnatione
2053 2617 2066 2653 :

495 2693 769 2763 siquidem
814 2692 952 2748 velle
1009 2693 1212 2746 malum
1251 2700 1336 2748 est
1379 2691 1544 2746 afﬁne
1588 2692 1982 2757 criminationi,
2017 2703 2071 2748 et

499 2787 641 2839 bona
668 2783 872 2848 odisse,
903 2791 1087 2853 aperte
1121 2783 1465 2840 insimulatur
1509 2783 1896 2854 improbitatis.
1928 2784 2070 2851 Quid

497 2892 629 2946 ergo
672 2875 856 2946 magni
904 2875 1222 2938 lucraberis,
1266 2875 1312 2929 si
1362 2889 1391 2927 a
1425 2889 1595 2944 regno
1640 2875 1881 2940 excidas,
1920 2883 1974 2930 et
2001 2877 2070 2932 ab

506 2969 616 3023 illis
647 2967 932 3038 promissis
957 2981 1080 3037 qua!
1125 2981 1224 3022 nec
1253 2967 1444 3022 oculus
1484 2967 1636 3030 vidit,
1671 2982 1771 3021 nec
1803 2968 1955 3024 auris
1978 2984 2072 3023 au-

502 3061 676 3115 divit?
697 3059 814 3113 Non
839 3059 1056 3130 punior,
1086 3059 1280 3128 inquit,
1306 3075 1482 3129 neque
1512 3061 1675 3114 timeo
1702 3061 1910 3126 minas;
1935 3063 2066 3116 satis

489 3159 678 3206 autem
729 3151 920 3215 habeo,
973 3152 1018 3205 si
1071 3166 1248 3220 neque
1293 3165 1455 3221 grave
1487 3151 1619 3220 quid
1653 3153 1852 3221 patiar,
1888 3169 2066 3224 neque

498 3245 817 3314 praeclarum
847 3242 1050 3312 aliquid
1080 3241 1278 3298 fecisse
1307 3243 1611 3297 renuntier.
1654 3242 1769 3299 Hoc
1814 3253 1900 3300 est
1935 3246 2064 3300 mali

499 3338 646 3391 servi
684 3335 1014 3397 institutum,
1045 3335 1138 3405 qui
1169 3335 1385 3405 pistrini
1411 3343 1466 3390 et
1495 3337 1834 3391 vinculorum
1884 3346 1940 3392 et
1967 3337 2064 3392 ﬁa-

500 3443 724 3498 grorum
768 3428 942 3481 solum
992 3427 1174 3481 studet
1205 3429 1378 3482 vitare
1427 3429 1735 3498 supplicia;
1787 3429 2064 3485 liberalem

491 3531 679 3577 autem
712 3522 937 3591 gloriam
975 3531 1030 3576 et
1074 3522 1343 3576 honorum
1395 3523 1740 3594 splendorem
1782 3540 1850 3579 ne
1883 3526 2068 3580 tantil-

499 3613 611 3666 lum
641 3612 860 3682 quidem
888 3612 990 3666 sibi
1030 3611 1288 3666 vindieat.
1331 3612 1428 3670 His
1474 3622 1560 3668 est
1601 3614 1821 3669 inimica
1854 3625 1908 3671 et
1944 3632 2068 3671 con-

499 3701 666 3755 traria
698 3717 798 3756 vox
825 3702 1068 3756 omnium
1095 3709 1433 3765 sanctorum,
1460 3703 1553 3772 qui
1581 3702 1801 3758 fuerunt
1829 3703 1899 3758 ab
1926 3717 2062 3758 aevo.

497 3791 578 3846 llli
605 3793 749 3847 enim
783 3807 976 3848 omnes
1009 3806 1106 3861 pro
1132 3792 1332 3847 ﬁducia
1360 3793 1416 3846 in
1452 3791 1620 3848 Deum
1654 3801 1708 3848 et
1748 3793 1918 3848 libera
1941 3793 2064 3848 ﬁdei

495 3885 844 3941 confessione
898 3885 1142 3954 pericula
1205 3884 1544 3948 dilexerunt,
1607 3892 1662 3940 et
1716 3885 2066 3956 praebuerunt

499 3992 700 4046 corpus
729 3976 1036 4032 volentibus
1059 3974 1356 4031 secandum
1385 3983 1440 4030 et
1472 3976 1623 4030 varie
1648 3976 2010 4032 occidendum
2047 3994 2062 4032 :

500 4084 597 4121 nec
625 4069 731 4121 ulla
766 4083 822 4123 re
853 4083 1048 4137 aspera
1081 4066 1243 4121 fracti
1277 4075 1405 4121 sunt
1427 4080 1493 4120 ac
1533 4067 1750 4132 molliti,
1780 4067 2066 4136 sanguinis

497 4166 552 4228 et
582 4173 762 4212 rerum
793 4159 1052 4228 praeclare
1101 4166 1380 4227 gestarum
1414 4157 1694 4226 praemium
1745 4167 2066 4226 exspectan-

487 4258 604 4311 .~tes.
635 4250 917 4310 honorem,
949 4249 1040 4318 qui
1073 4257 1154 4303 est
1185 4249 1238 4302 in
1289 4264 1457 4319 regno
1492 4251 1780 4307 cmlorum.
1841 4249 2067 4322 Propter

485 4340 650 4394 .illum
682 4339 870 4408 jussus
893 4341 1163 4394 Abraham
1196 4341 1365 4394 ﬁlium
1390 4342 1760 4406 sacriﬁcavit;
1794 4351 1848 4398 et
1887 4341 2065 4399 Moses

2172 1869 2353 1938 τρίτον
2389 1869 2498 1922 τῶν
2532 1867 2782 1922 διδόντων
2823 1867 2978 1930 δίκας
3007 1867 3146 1940 ὑπὲρ
3175 1862 3251 1923 ὧν
3287 1869 3743 1942 ἐπλημμέλησαν.

2172 1959 2282 2014 Ποῦ
2337 1960 2518 2014 τοίνυν
2571 1957 2808 2029 τάξομεν
2858 1959 2986 2022 τοὺς
3040 1961 3294 2030 ἐντάφιον
3337 1961 3601 2027 λαϐόντας
3647 1963 3744 2017 τοῦ

2171 2051 2396 2121 λουτροῦ
2427 2050 2525 2122 τὴν
2577 2049 2926 2121 εὐεργεσίανς
2974 2051 3045 2103 Ἢ
3084 2052 3370 2122 πρόδηλον,
3401 2053 3477 2116 ὡς
3528 2055 3588 2106 ἐν
3629 2058 3746 2117 τοῖς

2169 2143 2463 2214 δευτέροις,
2495 2144 2589 2196 καὶ
2623 2143 2780 2196 τοῦτο
2810 2143 2946 2213 μετά
2977 2142 3325 2216 συγγνώμης,
3355 2146 3442 2200 ἵνα
3475 2148 3617 2201 κατὰ
3645 2147 3746 2218 τὴν

2170 2234 2372 2288 οἰκείαν
2397 2233 2491 2287 τοῦ
2521 2234 2654 2306 Θεοῦ
2685 2235 3094 2306 φιλανθρωπίαν
3135 2238 3638 2309 κληροδοτήσωμεν.
3684 2241 3746 2294 '0

2169 2325 2278 2394 γὰρ
2306 2325 2449 2395 ὄκνῳ
2478 2324 2707 2396 προδοὺς
2734 2327 2802 2378 τά
2837 2327 2937 2395 τῆς
2971 2329 3170 2399 ἀρετῆς
3199 2329 3617 2401 κατορθώματα,
3642 2332 3745 2385 οὐκ

2169 2414 2449 2486 ἐλεύθερος
2498 2415 2696 2485 ζημίας
2732 2418 2824 2470 καὶ
2850 2418 3262 2486 καταγνώσεως,
3297 2421 3350 2472 εί
3372 2437 3436 2489 γε
3462 2422 3523 2475 τὸ
3559 2422 3735 2476 ἐθελο-

2169 2509 2356 2560 κακεῖν
2378 2507 2483 2560 ὑπὸ
2504 2509 2832 2580 κατηγορίαν
2857 2509 3066 2578 ἄγεται,
3093 2511 3187 2564 καὶ
3217 2511 3277 2564 τὸ
3309 2515 3484 2582 μισεῖν
3508 2513 3576 2567 τὰ
3599 2515 3746 2569 καλά

2169 2598 2432 2668 πρόδηλον
2460 2599 2571 2668 ἔχει
2615 2601 2714 2670 τῆς
2764 2601 3027 2673 πονηρίας
3057 2601 3147 2655 τὸν
3189 2603 3428 2674 ἔλεγχον.
3461 2605 3525 2658 Τί
3559 2605 3742 2659 τοίνυν

2171 2687 2314 2757 μέγα
2345 2688 2624 2758 κερδανεῖς
2669 2689 2773 2755 ἐξω
2801 2689 3013 2742 πίπτων
3044 2691 3141 2760 τῆς
3180 2691 3473 2760 βασιλείας,
3509 2695 3602 2747 καὶ
3628 2695 3742 2748 τῶν

2168 2778 2505 2848 ἐπαγγελιῶν
2543 2779 2787 2842 ἐκείνων,
2819 2780 2884 2844 ἃς
2929 2781 3201 2852 ὀφθαλμὸς
3233 2783 3332 2836 οὐκ
3376 2779 3480 2836 εἶδε
3511 2785 3606 2838 καὶ
3645 2781 3742 2848 οῦς

2166 2871 2266 2922 οὐκ
2292 2871 2552 2941 ἡκουσεν;
2597 2873 2672 2924 Οὐ
2714 2870 3045 2940 κολάζομαι,
3091 2873 3272 2942 φησὶν,
3305 2873 3424 2926 οὐδὲ
3467 2874 3741 2945 φοϐοῦμαι

2167 2961 2264 3024 τὰς
2303 2961 2562 3024 ἀπειλάςο
2614 2962 2886 3032 ἀρκοῦμαι
2918 2963 2973 3015 δὲ
3008 2962 3084 3033 τῷ
3114 2965 3188 3033 μὴ
3225 2964 3414 3016 παθεῖν
3451 2983 3500 3018 τι
3539 2965 3738 3032 δεινὸν,

2171 3053 2304 3122 μήτε
2333 3052 2408 3115 ώς
2437 3051 2784 3122 κατορθώσας
2812 3071 2863 3105 τι
2891 3059 3132 3121 γενναῖον
3167 3055 3572 3128 ἀποδειχθῆναι.
3617 3059 3740 3112 Ἀν-

2093 3123 2134 3181 C
2167 3143 2432 3214 δραπόδου
2463 3143 2697 3215 πονηροῦ
2731 3147 2763 3214 ὴ
2811 3145 3145 3216 προαίρεσιςο
3180 3123 3420 3216 μύλωνός
3447 3123 3602 3213 ἀξίου
3642 3153 3741 3205 καὶ

2167 3235 2362 3305 δεσμοῦ
2402 3237 2497 3289 καὶ¹
2543 3239 2840 3307 μαστίγων,
2869 3238 3103 3302 ,ἐκδῦναι
3152 3240 3309 3310 μόνον
3339 3239 3436 3305 τὰς
3466 3243 3740 3314 τιμωρίας

2167 3325 2554 3391 σπουδάζοντος
2573 3342 2586 3356 °
2633 3327 2937 3398 ἐλευθερίου
2985 3329 3040 3382 δέ
3071 3329 3226 3403 δόξης
3254 3333 3347 3385 καὶ
3374 3333 3481 3386 τῶν
3509 3336 3572 3387 ἐκ
3596 3334 3738 3406 λαμο

2167 3419 2431 3489 πρότητος
2473 3419 2667 3490 τιμῶν,
2692 3421 2811 3473 οὐδὲ
2855 3421 2992 3474 κατά
3037 3422 3230 3492 μικρὸν
3269 3425 3739 3494 ἀντιποιουμένου.

2179 3510 2377 3581 Ἐχθρὰ
2415 3510 2630 3564 πάντων
2673 3511 2810 3582 αὑτὴ
2842 3512 2949 3564 τῶν
2978 3512 3148 3580 ἁγίων
3179 3514 3350 3584 φωνὴ,
3380 3516 3594 3569 ἐναντξα
3625 3518 3740 3571 τῶν

2165 3601 2261 3654 ἀπ’
2287 3600 2482 3664 αίῶνος
2525 3600 2706 3654 ὁσίων.
2739 3601 2964 3655 Ἐκεῖνοι
3011 3601 3121 3674 γὰρ
3168 3605 3402 3667 ἅπαντες
3439 3606 3564 3668 τοὺς
3594 3607 3741 3677 ὑπὲρ

2167 3695 2478 3768 παρρησίας
2519 3695 2795 3759 κινδύνους
2829 3695 3143 3767 ἠγάπησαν,
3185 3697 3278 3748 καὶ
3321 3701 3580 3768 παρεῖχον
3622 3703 3742 3762 τοῖς

2167 3788 2506 3859 βουλομένοις
2530 3788 2744 3858 τέμνειν
2774 3789 2868 3842 καὶ
2895 3787 3137 3856 φονεύειν
3164 3789 3420 3853 ποικίλως
3455 3791 3514 3844 τὸ
3552 3793 3737 3863 σῶμα,

2166 3883 2262 3936 καὶ
2300 3881 2436 3953 πρὸς
2481 3883 2671 3935 οὐδένα
2717 3882 3012 3936 ώδινόντων
3053 3881 3495 3953 ἐμαλακίσθησαν
3549 3881 3739 3951 ἆθλον,

2165 3973 2256 4028 τοῦ
2303 3975 2532 4045 αἵματος
2577 3975 2672 4027 καὶ
2711 3973 2820 4026 τῶν
2869 3973 3396 4045 ἀνδραγαθημάτων,
3441 3975 3536 4045 τὴν
3577 3977 3637 4029 ἐν
3668 3981 3740 4049 τῇ

2167 4065 2414 4138 βασιλείᾳ
2471 4066 2580 4118 τῶν
2641 4065 2883 4136 οὐρανῶν
2943 4064 3347 4137 προσδοκῶντες
3413 4067 3596 4137 τιμήν.
3656 4070 3741 4120 Δι’

2165 4157 2386 4210 ἐκείνων
2437 4156 2685 4227 Ἀϐραὰμ
2725 4157 2817 4210 τὸν
2867 4156 2982 4209 υίὸν
3015 4157 3371 4228 προσταχθεὶς
3420 4159 3604 4213 ἕθυσε’
3640 4163 3742 4215 καὶ

2166 4248 2407 4318 Μωῦσῆς
2455 4249 2734 4318 ἐνεμόχθει
2793 4252 2907 4313 τοῖς
2951 4249 3141 4312 δεινοῖς
3189 4253 3288 4320 τῆς
3339 4252 3581 4322 ἐρήμου·
3643 4255 3741 4308 καὶ

2181 4339 2365 4402 Ἠλίας
2385 4338 2475 4392 τδν
2517 4339 2722 4411 ἔρημον
2767 4340 2862 4410 ἔζη
2914 4341 3028 4410 βίον
3067 4341 3159 4393 καὶ
3209 4340 3610 4412 ἀθεράπευτον·
3644 4347 3743 4398 καὶ

498 4431 763 4486 laboravit
791 4433 843 4485 in
875 4433 1083 4501 asperis
1105 4432 1304 4488 deserti
1345 4432 1782 4499 difﬁcultatibus,
1835 4445 1889 4491 et
1921 4437 2065 4492 Elias

2170 4429 2368 4492 πάντες
2415 4429 2688 4499 προφῆται
2729 4429 2910 4501 διῆγον
2959 4432 3016 4482 ἐν
3069 4429 3378 4500 μηλωταῖς,
3411 4433 3470 4484 ἐν
3508 4434 3742 4500 αἰγείοις

499 4522 554 4576 in
587 4521 878 4577 solitudine
908 4523 1072 4576 vitam
1122 4525 1234 4595 egit
1284 4541 1532 4596 asperam
1574 4537 1628 4582 et
1659 4537 1967 4596 austeram;
2013 4540 2067 4584 et

2170 4520 2446 4593 δέρμασιν,
2472 4522 2794 4591 θλιϐόμενοι,
2831 4522 3273 4594 κακουχούμενοι.
3321 4523 3489 4595 ’Υπὲρ
3520 4525 3744 4596 ἐκείνης

497 4629 687 4668 omnes
721 4615 997 4684 propheta:
1029 4617 1278 4672 vixerunt
1313 4620 1366 4673 in
1393 4620 1572 4674 ovinis
1595 4628 1649 4674 et
1675 4619 1916 4690 caprinis
1946 4621 2063 4691 pel-

497 4705 662 4770 libus,
701 4703 880 4758 alllieti
909 4715 962 4760 et
999 4707 1195 4761 vexati.
1228 4708 1335 4763 Pro
1389 4710 1480 4764 illo
1531 4710 1878 4779 evangelista;
1920 4712 2065 4781 passi

497 4808 626 4851 sunt
661 4797 915 4868 stigmata
957 4814 1055 4867 pro
1081 4799 1396 4869 Evangelia,
1423 4808 1477 4856 et
1519 4813 1786 4872 martyres
1811 4803 2063 4858 decerta—

498 4896 624 4941 runt
654 4887 915 4942 adversus
947 4897 1218 4943 tormenta
1251 4901 1632 4960 tyrannorum.
1657 4891 1721 4946 Et
1749 4893 2064 4963 quicunque

495 4991 579 5034 est
599 4995 724 5034 vere
757 4981 967 5035 ratione
993 4981 1277 5050 przeditns,
1311 4990 1366 5036 et
1394 4982 1488 5037 Dei
1525 4984 1727 5054 imago,
1761 4991 1816 5039 et
1858 4984 2066 5039 habens

495 5070 874 5142 cognationem
914 5087 1037 5126 cum
1081 5073 1147 5128 iis
1177 5088 1297 5143 quae
1331 5084 1459 5128 sunt
1481 5077 1697 5131 excelsa
1725 5085 1780 5132 et
1799 5077 2064 5137 coelestia.

495 5173 564 5213 ne
592 5161 704 5212 vult
741 5161 960 5231 quidem
1015 5178 1156 5224 esse,
1207 5180 1384 5234 neque
1416 5166 1579 5220 simul
1637 5168 1895 5223 suscitari
1937 5183 2064 5223 cum

495 5248 828 5316 hominibus,
865 5253 958 5321 qui
999 5255 1354 5317 reviviscunt,
1380 5258 1487 5313 nisi
1529 5259 1600 5314 sit
1640 5274 1670 5313 a
1703 5259 1811 5315 Deo
1849 5261 2069 5315 laudan-

496 5339 599 5393 dus
633 5349 690 5393 ut
723 5342 896 5398 bonus
927 5359 1140 5410 servus,
1195 5347 1469 5416 aliquibus
1520 5350 1718 5420 dignus
1752 5351 2061 5407 censendus

494 5430 814 5487 honoribus.
859 5433 1084 5504 Propter
1139 5438 1240 5491 hoc
1297 5439 1604 5494 institutum
1637 5440 1805 5496 David
1845 5459 2061 5512 quoque

495 5522 639 5576 cervi
658 5523 802 5577 sitim
828 5526 1023 5596 accipit
1051 5528 1110 5594 ”,
1141 5537 1195 5582 ut
1226 5530 1495 5595 ostendat,
1518 5541 1784 5603 quantum
1809 5532 2058 5588 sitsuum

565 5699 612 5731 “
659 5697 805 5753 Psal.
854 5713 960 5757 xu.
989 5699 1039 5751 2.

2167 4611 2550 4680 εὐαγγελισταὶ
2585 4611 2654 4664 τὰ
2693 4611 2830 4688 ὑπὲρ
2863 4611 2954 4664 τοῦ
2989 4611 3315 4680 Εὑαγγελίου
3363 4613 3596 4683 ἔπασχον
3625 4616 3744 4666 στίο

2165 4720 2380 4774 γματα,
2417 4702 2514 4756 καὶ
2559 4703 2834 4772 μάρτυρες
2873 4703 2992 4764 ταῖς
3019 4702 3269 4756 κολάσεσι
3301 4708 3418 4768 ταῖς
3451 4705 3600 4775 παρά
3626 4707 3744 4758 τῶν

2165 4797 2444 4866 τυράννων
2491 4795 2906 4864 ἐνηγωνίσαντο,
2930 4793 3022 4846 καὶ
3063 4796 3190 4859 πᾶς,
3219 4795 3371 4859 εἴτις
3400 4797 3612 4866 ἀληθῶς
3645 4798 3740 4850 λο-

2165 4885 2318 4953 γικὸς
2348 4885 2442 4936 καὶ
2460 4883 2623 4937 εἰκὼν
2653 4881 2747 4935 τοῦ
2769 4882 2902 4935 Θεοῦ
2923 4923 2937 4947 ,
2969 4883 3062 4936 καί
3089 4885 3405 4952 συγγένειαν
3435 4887 3569 4956 ἔχων
3600 4891 3741 4959 πρὸς

2165 4976 2232 5029 τά
2263 4974 2440 5046 ὑψηλά
2468 4975 2558 5027 καὶ
2587 4974 2841 5044 οὐράνια,
2870 4973 2990 5025 οῦδέ
3016 4969 3154 5026 εἶναι
3187 4975 3431 5044 βούλεται
3461 4978 3576 5030 οὐδὲ
3606 4996 3739 5034 συν-

2165 5067 2454 5137 εγερθῆναι
2501 5069 2612 5128 τοῖς
2656 5065 3107 5134 ἀναϐιωσομένοις
3160 5067 3496 5136 ἀνθρώποις·
3559 5071 3608 5122 εἰ
3660 5074 3742 5144 μὴ

2168 5159 2346 5230 μέλλοι
2393 5156 2730 5210 ἐπαινεῖσθαι
2764 5155 2914 5225 παρὰ
2949 5155 3042 5209 τοῦ
3073 5157 3204 5209 Θεοῦ
3250 5158 3325 5222 ῶς
3365 5160 3564 5227 ἀγαθὸς
3615 5162 3744 5216 δοῦ-

2165 5252 2274 5314 λος,
2320 5250 2412 5303 καί
2458 5266 2616 5301 τινων
2667 5245 2942 5312 ἀξιοῦσθαι
2992 5247 3189 5316 γερῶν.
3260 5248 3380 5301 Ἐπὶ
3439 5249 3612 5322 ταύτῃ
3668 5256 3739 5322 τῇ

2169 5341 2480 5414 προαιρέσει
2512 5339 2606 5392 καὶ
2638 5341 2665 5390 ὁ
2693 5337 2854 5390 Δαθιδ
2879 5337 2974 5406 τῆς
3000 5337 3196 5405 ἐλάφου
3226 5339 3322 5410 τὴν
3354 5340 3509 5409 δίψαν
3536 5345 3739 5394 οἰκεῖον

2169 5433 2469 5503 ὑπόδειγμα
2493 5433 2723 5484 ποιεῖται
2746 5429 2840 5499 τῆς
2867 5429 3060 5482 ἑαυτοῦ
3091 5431 3226 5501 πρὸς
3252 5433 3382 5484 Θεὸν
3406 5434 3699 5503 ἐπιθυμίας
3723 5456 3736 5466 -

2169 5529 2262 5582 κα⁰ι
2297 5525 2420 5579 ἰδεῖν
2471 5522 2685 5594 εῦχεται
2727 5522 2784 5575 τὸ
2827 5520 3115 5602 πρόσωπον
3170 5523 3262 5575 τοῦ
3289 5523 3442 5592 Θεοῦ,
3482 5526 3565 5578 ἵνα
3605 5529 3739 5589 δαῖς
