  <div class='ocr_page' id='page_1' title='image "/cluster/home/n/w/nwhite01/storage/ocr_20150623/46/hvd.32044014713994/220.png"; bbox 0 0 3844 6420; ppageno 0'>
   <div class='ocr_carea' id='block_1_1' title="bbox 91 302 1662 376">
    <p class='ocr_par' dir='ltr' id='par_1_1' title="bbox 91 303 1662 376">
     <span class='ocr_line' id='line_1_1' title="bbox 91 303 1662 376; baseline -0.01 -2"><span class='ocrx_word' id='word_1_1' title='bbox 91 317 184 376; x_wconf 67' lang='grc' dir='ltr'><strong>4Ξ9</strong></span> <span class='ocrx_word' id='word_1_2' title='bbox 1481 303 1568 356; x_wconf 78' lang='grc' dir='ltr'><strong>Ι)ίὲ</strong></span> <span class='ocrx_word' id='word_1_3' title='bbox 1603 304 1662 358; x_wconf 68' lang='grc' dir='ltr'><em>Βέ</em></span> 
     </span>
    </p>
   </div>
   <div class='ocr_carea' id='block_1_2' title="bbox 1766 302 1962 376">
    <p class='ocr_par' dir='ltr' id='par_1_2' title="bbox 1766 302 1962 358">
     <span class='ocr_line' id='line_1_2' title="bbox 1766 302 1962 358; baseline 0 -2"><span class='ocrx_word' id='word_1_4' title='bbox 1766 302 1962 358; x_wconf 79' lang='lat' dir='ltr'><strong>‘lSMO.</strong></span> 
     </span>
    </p>
   </div>
   <div class='ocr_carea' id='block_1_3' title="bbox 3231 305 3336 360">
    <p class='ocr_par' dir='ltr' id='par_1_3' title="bbox 3231 305 3336 360">
     <span class='ocr_line' id='line_1_3' title="bbox 3231 305 3336 360; baseline 0.01 -1"><span class='ocrx_word' id='word_1_5' title='bbox 3231 305 3336 360; x_wconf 64' lang='grc' dir='ltr'><strong>ἐνῐο</strong></span> 
     </span>
    </p>
   </div>
   <div class='ocr_carea' id='block_1_4' title="bbox 91 413 1662 500">
    <p class='ocr_par' dir='ltr' id='par_1_4' title="bbox 91 419 1661 500">
     <span class='ocr_line' id='line_1_4' title="bbox 91 419 1661 500; baseline -0.009 -16"><span class='ocrx_word' id='word_1_6' title='bbox 91 432 301 500; x_wconf 75' lang='grc' dir='ltr'><strong>νοηταῖς</strong></span> <span class='ocrx_word' id='word_1_7' title='bbox 333 426 671 497; x_wconf 81' lang='grc' dir='ltr'>ἐνευφρανθῇ</span> <span class='ocrx_word' id='word_1_8' title='bbox 705 423 1000 491; x_wconf 79' lang='grc' dir='ltr'>δεξιώσεσι.</span> <span class='ocrx_word' id='word_1_9' title='bbox 1047 423 1152 474; x_wconf 70' lang='grc' dir='ltr'><strong>Καὶ</strong></span> <span class='ocrx_word' id='word_1_10' title='bbox 1197 419 1405 482; x_wconf 69' lang='grc' dir='ltr'>Παῦλος</span> <span class='ocrx_word' id='word_1_11' title='bbox 1445 419 1661 488; x_wconf 73' lang='grc' dir='ltr'>εὖχεται</span> 
     </span>
    </p>
   </div>
   <div class='ocr_carea' id='block_1_5' title="bbox 1766 413 3332 500">
    <p class='ocr_par' dir='ltr' id='par_1_5' title="bbox 1770 413 3332 485">
     <span class='ocr_line' id='line_1_5' title="bbox 1770 413 3332 485; baseline 0.002 -17"><span class='ocrx_word' id='word_1_12' title='bbox 1770 417 1822 468; x_wconf 92' lang='lat' dir='ltr'><strong>in</strong></span> <span class='ocrx_word' id='word_1_13' title='bbox 1858 415 2026 468; x_wconf 89' lang='lat' dir='ltr'><strong>Deum</strong></span> <span class='ocrx_word' id='word_1_14' title='bbox 2057 413 2426 480; x_wconf 79' lang='lat' dir='ltr'><strong>desiderium;</strong></span> <span class='ocrx_word' id='word_1_15' title='bbox 2465 425 2517 469; x_wconf 87' lang='lat' dir='ltr'><strong>et</strong></span> <span class='ocrx_word' id='word_1_16' title='bbox 2560 424 2708 485; x_wconf 83' lang='lat' dir='ltr'><strong>Optat</strong></span> <span class='ocrx_word' id='word_1_17' title='bbox 2745 415 2925 472; x_wconf 87' lang='lat' dir='ltr'><strong>videre</strong></span> <span class='ocrx_word' id='word_1_18' title='bbox 2969 415 3060 471; x_wconf 90' lang='lat' dir='ltr'><strong>Dei</strong></span> <span class='ocrx_word' id='word_1_19' title='bbox 3103 418 3332 481; x_wconf 84' lang='lat' dir='ltr'><strong>vultum,</strong></span> 
     </span>
    </p>
   </div>
   <div class='ocr_carea' id='block_1_6' title="bbox 93 509 1661 591">
    <p class='ocr_par' dir='ltr' id='par_1_6' title="bbox 93 509 1661 591">
     <span class='ocr_line' id='line_1_6' title="bbox 93 509 1661 591; baseline -0.009 -17"><span class='ocrx_word' id='word_1_20' title='bbox 93 522 460 591; x_wconf 66' lang='grc' dir='ltr'><strong>ἐκδυσάμενος</strong></span> <span class='ocrx_word' id='word_1_21' title='bbox 489 519 590 589; x_wconf 81' lang='grc' dir='ltr'>τὴν</span> <span class='ocrx_word' id='word_1_22' title='bbox 643 517 818 586; x_wconf 74' lang='grc' dir='ltr'>σάρκα</span> <span class='ocrx_word' id='word_1_23' title='bbox 864 515 938 579; x_wconf 83' lang='grc' dir='ltr'><strong>ὡς</strong></span> <span class='ocrx_word' id='word_1_24' title='bbox 979 514 1074 566; x_wconf 70' lang='grc' dir='ltr'>καὶ</span> <span class='ocrx_word' id='word_1_25' title='bbox 1104 513 1240 583; x_wconf 71' lang='grc' dir='ltr'>βαρὺ</span> <span class='ocrx_word' id='word_1_26' title='bbox 1285 512 1377 563; x_wconf 66' lang='grc' dir='ltr'><strong>καί¹</strong></span> <span class='ocrx_word' id='word_1_27' title='bbox 1407 509 1661 580; x_wconf 76' lang='grc' dir='ltr'>φορτικὸν</span> 
     </span>
    </p>
   </div>
   <div class='ocr_carea' id='block_1_7' title="bbox 91 600 1662 684">
    <p class='ocr_par' dir='ltr' id='par_1_7' title="bbox 91 600 1662 684">
     <span class='ocr_line' id='line_1_7' title="bbox 91 600 1662 684; baseline -0.008 -18"><span class='ocrx_word' id='word_1_28' title='bbox 91 615 336 684; x_wconf 71' lang='grc' dir='ltr'>ἱμάτιον,</span> <span class='ocrx_word' id='word_1_29' title='bbox 370 611 637 666; x_wconf 74' lang='grc' dir='ltr'><strong>ἀναλῦσαι</strong></span> <span class='ocrx_word' id='word_1_30' title='bbox 684 609 780 663; x_wconf 71' lang='grc' dir='ltr'><strong>καὶ</strong></span> <span class='ocrx_word' id='word_1_31' title='bbox 807 609 902 661; x_wconf 74' lang='grc' dir='ltr'>σὺν</span> <span class='ocrx_word' id='word_1_32' title='bbox 956 604 1177 676; x_wconf 78' lang='grc' dir='ltr'>Χριστῷ</span> <span class='ocrx_word' id='word_1_33' title='bbox 1224 600 1390 657; x_wconf 78' lang='grc' dir='ltr'>εἶναι·</span> <span class='ocrx_word' id='word_1_34' title='bbox 1445 602 1662 664; x_wconf 84' lang='grc' dir='ltr'>πάντως</span> 
     </span>
    </p>
   </div>
   <div class='ocr_carea' id='block_1_8' title="bbox 90 692 1662 773">
    <p class='ocr_par' dir='ltr' id='par_1_8' title="bbox 90 692 1662 773">
     <span class='ocr_line' id='line_1_8' title="bbox 90 692 1662 773; baseline -0.009 -17"><span class='ocrx_word' id='word_1_35' title='bbox 90 703 388 773; x_wconf 79' lang='grc' dir='ltr'>ἀμφότεροι</span> <span class='ocrx_word' id='word_1_36' title='bbox 433 699 827 769; x_wconf 74' lang='grc' dir='ltr'><strong>φανταζόμενοι</strong></span> <span class='ocrx_word' id='word_1_37' title='bbox 870 695 966 766; x_wconf 85' lang='grc' dir='ltr'>τὴν</span> <span class='ocrx_word' id='word_1_38' title='bbox 1009 693 1283 765; x_wconf 75' lang='grc' dir='ltr'>μακαρίαν</span> <span class='ocrx_word' id='word_1_39' title='bbox 1327 692 1662 762; x_wconf 75' lang='grc' dir='ltr'>εὐφροσύνην</span> 
     </span>
    </p>
   </div>
   <div class='ocr_carea' id='block_1_9' title="bbox 90 784 1662 862">
    <p class='ocr_par' dir='ltr' id='par_1_9' title="bbox 90 784 1662 862">
     <span class='ocr_line' id='line_1_9' title="bbox 90 784 1662 862; baseline -0.007 -14"><span class='ocrx_word' id='word_1_40' title='bbox 90 795 174 848; x_wconf 68' lang='grc' dir='ltr'>καὶ</span> <span class='ocrx_word' id='word_1_41' title='bbox 220 792 624 862; x_wconf 76' lang='grc' dir='ltr'>ἀμετάϐλητον.</span> <span class='ocrx_word' id='word_1_42' title='bbox 667 792 730 843; x_wconf 82' lang='lat' dir='ltr'><strong>Ei</strong></span> <span class='ocrx_word' id='word_1_43' title='bbox 749 789 805 842; x_wconf 80' lang='grc' dir='ltr'>δὲ</span> <span class='ocrx_word' id='word_1_44' title='bbox 853 788 1067 856; x_wconf 78' lang='grc' dir='ltr'><strong>ἐκείνης</strong></span> <span class='ocrx_word' id='word_1_45' title='bbox 1098 787 1236 858; x_wconf 84' lang='grc' dir='ltr'>έρως</span> <span class='ocrx_word' id='word_1_46' title='bbox 1267 784 1461 849; x_wconf 70' lang='grc' dir='ltr'>οὐδεὶς,</span> <span class='ocrx_word' id='word_1_47' title='bbox 1486 784 1662 838; x_wconf 82' lang='grc' dir='ltr'>πάντα</span> 
     </span>
    </p>
   </div>
   <div class='ocr_carea' id='block_1_10' title="bbox 90 876 1664 955">
    <p class='ocr_par' dir='ltr' id='par_1_10' title="bbox 90 876 1664 955">
     <span class='ocr_line' id='line_1_10' title="bbox 90 876 1664 955; baseline -0.006 -16"><span class='ocrx_word' id='word_1_48' title='bbox 90 885 304 955; x_wconf 72' lang='grc' dir='ltr'>ἀληθῶς</span> <span class='ocrx_word' id='word_1_49' title='bbox 335 885 404 936; x_wconf 84' lang='grc' dir='ltr'><strong>τά</strong></span> <span class='ocrx_word' id='word_1_50' title='bbox 443 883 600 942; x_wconf 73' lang='grc' dir='ltr'>ἄλλα.</span> <span class='ocrx_word' id='word_1_51' title='bbox 635 880 776 936; x_wconf 87' lang='grc' dir='ltr'><strong>κατά</strong></span> <span class='ocrx_word' id='word_1_52' title='bbox 802 879 893 933; x_wconf 81' lang='grc' dir='ltr'>τὸν</span> <span class='ocrx_word' id='word_1_53' title='bbox 937 876 1395 950; x_wconf 81' lang='grc' dir='ltr'>Ἐκκλησιαστὴν,</span> <span class='ocrx_word' id='word_1_54' title='bbox 1443 877 1664 948; x_wconf 82' lang='grc' dir='ltr'>ματαιό-</span> 
     </span>
    </p>
   </div>
   <div class='ocr_carea' id='block_1_11' title="bbox 89 975 626 1046">
    <p class='ocr_par' dir='ltr' id='par_1_11' title="bbox 89 975 626 1046">
     <span class='ocr_line' id='line_1_11' title="bbox 89 975 626 1046; baseline -0.007 -16"><span class='ocrx_word' id='word_1_55' title='bbox 89 995 181 1046; x_wconf 71' lang='grc' dir='ltr'><strong>της</strong></span> <span class='ocrx_word' id='word_1_56' title='bbox 219 975 626 1046; x_wconf 78' lang='grc' dir='ltr'>ματαιοτήτων.</span> 
     </span>
    </p>
   </div>
   <div class='ocr_carea' id='block_1_12' title="bbox 153 1141 1656 1218">
    <p class='ocr_par' dir='ltr' id='par_1_12' title="bbox 153 1141 1656 1218">
     <span class='ocr_line' id='line_1_12' title="bbox 153 1141 1656 1218; baseline -0.006 -15"><span class='ocrx_word' id='word_1_57' title='bbox 153 1150 395 1218; x_wconf 73' lang='grc' dir='ltr'>Φεύγετε</span> <span class='ocrx_word' id='word_1_58' title='bbox 423 1147 622 1212; x_wconf 82' lang='grc' dir='ltr'>τοίνυν,</span> <span class='ocrx_word' id='word_1_59' title='bbox 653 1145 846 1216; x_wconf 76' lang='grc' dir='ltr'>ἄνδρες</span> <span class='ocrx_word' id='word_1_60' title='bbox 869 1142 1203 1217; x_wconf 65' lang='grc' dir='ltr'>Χριστιανοὶ,</span> <span class='ocrx_word' id='word_1_61' title='bbox 1230 1141 1475 1212; x_wconf 76' lang='grc' dir='ltr'><strong>κλήσεως</strong></span> <span class='ocrx_word' id='word_1_62' title='bbox 1503 1143 1656 1194; x_wconf 85' lang='grc' dir='ltr'>ἐπου-</span> 
     </span>
    </p>
   </div>
   <div class='ocr_carea' id='block_1_13' title="bbox 93 1234 1664 1314">
    <p class='ocr_par' dir='ltr' id='par_1_13' title="bbox 93 1234 1664 1314">
     <span class='ocr_line' id='line_1_13' title="bbox 93 1234 1664 1314; baseline -0.005 -20"><span class='ocrx_word' id='word_1_63' title='bbox 93 1243 274 1314; x_wconf 64' lang='grc' dir='ltr'>ρανίου</span> <span class='ocrx_word' id='word_1_64' title='bbox 301 1242 542 1311; x_wconf 83' lang='grc' dir='ltr'>μέτοχοι,</span> <span class='ocrx_word' id='word_1_65' title='bbox 575 1240 755 1292; x_wconf 83' lang='grc' dir='ltr'>πᾶσαν</span> <span class='ocrx_word' id='word_1_66' title='bbox 797 1237 1002 1289; x_wconf 79' lang='grc' dir='ltr'>ἔννοιαν</span> <span class='ocrx_word' id='word_1_67' title='bbox 1039 1235 1294 1304; x_wconf 72' lang='grc' dir='ltr'><strong>τοιαύτην</strong></span> <span class='ocrx_word' id='word_1_68' title='bbox 1331 1234 1544 1304; x_wconf 80' lang='grc' dir='ltr'><strong>λῃστῶν</strong></span> <span class='ocrx_word' id='word_1_69' title='bbox 1571 1234 1664 1286; x_wconf 74' lang='grc' dir='ltr'>καὶ</span> 
     </span>
    </p>
   </div>
   <div class='ocr_carea' id='block_1_14' title="bbox 89 1325 1663 1404">
    <p class='ocr_par' dir='ltr' id='par_1_14' title="bbox 89 1325 1663 1404">
     <span class='ocr_line' id='line_1_14' title="bbox 89 1325 1663 1404; baseline -0.007 -15"><span class='ocrx_word' id='word_1_70' title='bbox 89 1335 416 1404; x_wconf 84' lang='grc' dir='ltr'>κακούργων</span> <span class='ocrx_word' id='word_1_71' title='bbox 451 1331 627 1398; x_wconf 85' lang='grc' dir='ltr'>ἀξίαν,</span> <span class='ocrx_word' id='word_1_72' title='bbox 660 1329 793 1402; x_wconf 78' lang='grc' dir='ltr'><strong>μηδέ</strong></span> <span class='ocrx_word' id='word_1_73' title='bbox 835 1329 995 1382; x_wconf 82' lang='grc' dir='ltr'>τοῦτο</span> <span class='ocrx_word' id='word_1_74' title='bbox 1026 1326 1356 1399; x_wconf 79' lang='grc' dir='ltr'>μακαριστὸν</span> <span class='ocrx_word' id='word_1_75' title='bbox 1385 1325 1663 1397; x_wconf 80' lang='grc' dir='ltr'>ἡγήσησθε</span> 
     </span>
    </p>
   </div>
   <div class='ocr_carea' id='block_1_15' title="bbox 87 1417 1664 1495">
    <p class='ocr_par' dir='ltr' id='par_1_15' title="bbox 87 1417 1664 1495">
     <span class='ocr_line' id='line_1_15' title="bbox 87 1417 1664 1495; baseline -0.008 -15"><span class='ocrx_word' id='word_1_76' title='bbox 87 1428 143 1480; x_wconf 76' lang='grc' dir='ltr'>τὸ</span> <span class='ocrx_word' id='word_1_77' title='bbox 190 1425 420 1495; x_wconf 76' lang='grc' dir='ltr'><strong>φεύγειν</strong></span> <span class='ocrx_word' id='word_1_78' title='bbox 463 1421 764 1494; x_wconf 74' lang='grc' dir='ltr'>τιμωρίαν,</span> <span class='ocrx_word' id='word_1_79' title='bbox 816 1419 930 1474; x_wconf 80' lang='grc' dir='ltr'>ἀλλ’</span> <span class='ocrx_word' id='word_1_80' title='bbox 977 1419 1244 1488; x_wconf 83' lang='grc' dir='ltr'>ἐράσθητε</span> <span class='ocrx_word' id='word_1_81' title='bbox 1297 1417 1515 1488; x_wconf 83' lang='grc' dir='ltr'>δωρεῶν</span> <span class='ocrx_word' id='word_1_82' title='bbox 1569 1417 1664 1471; x_wconf 70' lang='grc' dir='ltr'>καὶ</span> 
     </span>
    </p>
   </div>
   <div class='ocr_carea' id='block_1_16' title="bbox 89 1506 1665 1586">
    <p class='ocr_par' dir='ltr' id='par_1_16' title="bbox 89 1506 1665 1586">
     <span class='ocr_line' id='line_1_16' title="bbox 89 1506 1665 1586; baseline -0.008 -16"><span class='ocrx_word' id='word_1_83' title='bbox 89 1517 373 1586; x_wconf 85' lang='grc' dir='ltr'>στεφάνων</span> <span class='ocrx_word' id='word_1_84' title='bbox 394 1531 407 1544; x_wconf 90' lang='grc'><strong>·</strong></span> <span class='ocrx_word' id='word_1_85' title='bbox 443 1514 535 1578; x_wconf 78' lang='grc' dir='ltr'>οὓς</span> <span class='ocrx_word' id='word_1_86' title='bbox 560 1515 590 1566; x_wconf 87' lang='grc' dir='ltr'><strong>ό</strong></span> <span class='ocrx_word' id='word_1_87' title='bbox 614 1511 745 1574; x_wconf 74' lang='grc' dir='ltr'>Θεὸς</span> <span class='ocrx_word' id='word_1_88' title='bbox 774 1513 886 1574; x_wconf 78' lang='grc' dir='ltr'>τοῖς</span> <span class='ocrx_word' id='word_1_89' title='bbox 905 1509 1165 1580; x_wconf 80' lang='grc' dir='ltr'>ἀθληταῖς</span> <span class='ocrx_word' id='word_1_90' title='bbox 1191 1509 1290 1578; x_wconf 83' lang='grc' dir='ltr'><strong>τῆς</strong></span> <span class='ocrx_word' id='word_1_91' title='bbox 1320 1506 1665 1578; x_wconf 71' lang='grc' dir='ltr'>δικαιοσύνης</span> 
     </span>
    </p>
   </div>
   <div class='ocr_carea' id='block_1_17' title="bbox 86 1597 1662 1679">
    <p class='ocr_par' dir='ltr' id='par_1_17' title="bbox 86 1597 1662 1679">
     <span class='ocr_line' id='line_1_17' title="bbox 86 1597 1662 1679; baseline -0.006 -18"><span class='ocrx_word' id='word_1_92' title='bbox 86 1607 448 1679; x_wconf 85' lang='grc' dir='ltr'>ηύτρέπισεν·</span> <span class='ocrx_word' id='word_1_93' title='bbox 491 1603 867 1673; x_wconf 87' lang='grc' dir='ltr'>ἐπιθυμήσατε</span> <span class='ocrx_word' id='word_1_94' title='bbox 910 1599 1281 1670; x_wconf 78' lang='grc' dir='ltr'>βαπτίσματος</span> <span class='ocrx_word' id='word_1_95' title='bbox 1311 1597 1662 1660; x_wconf 86' lang='grc' dir='ltr'>ἀδόλως·λά-</span> 
     </span>
    </p>
   </div>
   <div class='ocr_carea' id='block_1_18' title="bbox 87 1687 1664 1762">
    <p class='ocr_par' dir='ltr' id='par_1_18' title="bbox 87 1687 1664 1762">
     <span class='ocr_line' id='line_1_18' title="bbox 87 1687 1664 1762; baseline -0.008 -9"><span class='ocrx_word' id='word_1_96' title='bbox 87 1700 207 1752; x_wconf 80' lang='grc' dir='ltr'>6ετε</span> <span class='ocrx_word' id='word_1_97' title='bbox 239 1698 302 1752; x_wconf 82' lang='grc' dir='ltr'>τὸ</span> <span class='ocrx_word' id='word_1_98' title='bbox 327 1697 608 1756; x_wconf 87' lang='grc' dir='ltr'>τάλαντον,</span> <span class='ocrx_word' id='word_1_99' title='bbox 637 1695 732 1747; x_wconf 72' lang='grc' dir='ltr'>καὶ</span> <span class='ocrx_word' id='word_1_100' title='bbox 759 1691 1021 1762; x_wconf 79' lang='grc' dir='ltr'>πρόσθετε</span> <span class='ocrx_word' id='word_1_101' title='bbox 1046 1692 1142 1762; x_wconf 85' lang='grc' dir='ltr'><strong>τήν</strong></span> <span class='ocrx_word' id='word_1_102' title='bbox 1177 1688 1456 1761; x_wconf 77' lang='grc' dir='ltr'>ἐργασίαν·</span> <span class='ocrx_word' id='word_1_103' title='bbox 1491 1687 1664 1751; x_wconf 76' lang='grc' dir='ltr'>οὕτως</span> 
     </span>
    </p>
   </div>
   <div class='ocr_carea' id='block_1_19' title="bbox 1767 506 3336 577">
    <p class='ocr_par' dir='ltr' id='par_1_19' title="bbox 1767 506 3336 577">
     <span class='ocr_line' id='line_1_19' title="bbox 1767 506 3336 577; baseline 0.003 -18"><span class='ocrx_word' id='word_1_104' title='bbox 1767 515 1824 559; x_wconf 85' lang='grc' dir='ltr'><strong>ιιι</strong></span> <span class='ocrx_word' id='word_1_105' title='bbox 1855 507 2192 560; x_wconf 71' lang='lat' dir='ltr'><strong>exhilaretur</strong></span> <span class='ocrx_word' id='word_1_106' title='bbox 2219 506 2581 576; x_wconf 80' lang='lat' dir='ltr'><strong>amplexibus,</strong></span> <span class='ocrx_word' id='word_1_107' title='bbox 2613 509 2705 577; x_wconf 89' lang='lat' dir='ltr'><strong>qui</strong></span> <span class='ocrx_word' id='word_1_108' title='bbox 2749 509 2953 563; x_wconf 90' lang='lat' dir='ltr'><strong>cadunt</strong></span> <span class='ocrx_word' id='word_1_109' title='bbox 3004 511 3105 564; x_wconf 86' lang='lat' dir='ltr'><strong>sub</strong></span> <span class='ocrx_word' id='word_1_110' title='bbox 3135 510 3336 565; x_wconf 90' lang='lat' dir='ltr'><strong>intelli-</strong></span> 
     </span>
    </p>
   </div>
   <div class='ocr_carea' id='block_1_20' title="bbox 1763 596 3334 671">
    <p class='ocr_par' dir='ltr' id='par_1_20' title="bbox 1763 596 3334 671">
     <span class='ocr_line' id='line_1_20' title="bbox 1763 596 3334 671; baseline 0.002 -20"><span class='ocrx_word' id='word_1_111' title='bbox 1763 599 2021 667; x_wconf 78' lang='lat' dir='ltr'><strong>gentiam.</strong></span> <span class='ocrx_word' id='word_1_112' title='bbox 2079 596 2143 652; x_wconf 87' lang='lat' dir='ltr'><strong>Et</strong></span> <span class='ocrx_word' id='word_1_113' title='bbox 2196 596 2398 652; x_wconf 80' lang='lat' dir='ltr'><strong>Paulus</strong></span> <span class='ocrx_word' id='word_1_114' title='bbox 2431 607 2581 667; x_wconf 80' lang='lat' dir='ltr'><strong>Optat</strong></span> <span class='ocrx_word' id='word_1_115' title='bbox 2641 607 2802 652; x_wconf 85' lang='lat' dir='ltr'><strong>exuta</strong></span> <span class='ocrx_word' id='word_1_116' title='bbox 2852 614 3016 654; x_wconf 82' lang='lat' dir='ltr'><strong>carne</strong></span> <span class='ocrx_word' id='word_1_117' title='bbox 3074 610 3334 671; x_wconf 81' lang='lat' dir='ltr'><strong>tanquam</strong></span> 
     </span>
    </p>
   </div>
   <div class='ocr_carea' id='block_1_21' title="bbox 1763 688 3332 755">
    <p class='ocr_par' dir='ltr' id='par_1_21' title="bbox 1763 688 3332 755">
     <span class='ocr_line' id='line_1_21' title="bbox 1763 688 3332 755; baseline 0.002 -15"><span class='ocrx_word' id='word_1_118' title='bbox 1763 689 1910 755; x_wconf 80' lang='lat' dir='ltr'><strong>gravi</strong></span> <span class='ocrx_word' id='word_1_119' title='bbox 1964 696 2018 743; x_wconf 86' lang='lat' dir='ltr'><strong>et</strong></span> <span class='ocrx_word' id='word_1_120' title='bbox 2091 688 2319 743; x_wconf 89' lang='lat' dir='ltr'><strong>molesta</strong></span> <span class='ocrx_word' id='word_1_121' title='bbox 2380 699 2568 751; x_wconf 89' lang='lat' dir='ltr'><strong>veste,</strong></span> <span class='ocrx_word' id='word_1_122' title='bbox 2621 688 2845 744; x_wconf 79' lang='lat' dir='ltr'><strong>dissolvi</strong></span> <span class='ocrx_word' id='word_1_123' title='bbox 2915 702 2966 744; x_wconf 91' lang='lat' dir='ltr'><strong>et</strong></span> <span class='ocrx_word' id='word_1_124' title='bbox 3024 706 3144 746; x_wconf 89' lang='lat' dir='ltr'><strong>esse</strong></span> <span class='ocrx_word' id='word_1_125' title='bbox 3207 705 3332 747; x_wconf 84' lang='lat' dir='ltr'><strong>eum</strong></span> 
     </span>
    </p>
   </div>
   <div class='ocr_carea' id='block_1_22' title="bbox 1763 779 3336 850">
    <p class='ocr_par' dir='ltr' id='par_1_22' title="bbox 1763 779 3336 850">
     <span class='ocr_line' id='line_1_22' title="bbox 1763 779 3336 850; baseline 0.002 -17"><span class='ocrx_word' id='word_1_126' title='bbox 1763 780 1984 835; x_wconf 84' lang='lat' dir='ltr'><strong>Christo</strong></span> <span class='ocrx_word' id='word_1_127' title='bbox 2026 781 2069 811; x_wconf 80' lang='lat'>”</span> <span class='ocrx_word' id='word_1_128' title='bbox 2114 797 2127 834; x_wconf 87' lang='lat'><strong><em>:</em></strong></span> <span class='ocrx_word' id='word_1_129' title='bbox 2172 779 2332 834; x_wconf 88' lang='lat' dir='ltr'><strong>ambo</strong></span> <span class='ocrx_word' id='word_1_130' title='bbox 2365 781 2590 834; x_wconf 84' lang='lat' dir='ltr'><strong>omnino</strong></span> <span class='ocrx_word' id='word_1_131' title='bbox 2647 781 2953 850; x_wconf 86' lang='lat' dir='ltr'><strong>cogitantes</strong></span> <span class='ocrx_word' id='word_1_132' title='bbox 3000 781 3212 835; x_wconf 86' lang='lat' dir='ltr'><strong>beatam</strong></span> <span class='ocrx_word' id='word_1_133' title='bbox 3280 791 3336 836; x_wconf 88' lang='lat' dir='ltr'><strong>et</strong></span> 
     </span>
    </p>
   </div>
   <div class='ocr_carea' id='block_1_23' title="bbox 1765 871 3334 943">
    <p class='ocr_par' dir='ltr' id='par_1_23' title="bbox 1765 871 3334 943">
     <span class='ocr_line' id='line_1_23' title="bbox 1765 871 3334 943; baseline 0.004 -19"><span class='ocrx_word' id='word_1_134' title='bbox 1765 871 2158 926; x_wconf 86' lang='lat' dir='ltr'><strong>immutabilem</strong></span> <span class='ocrx_word' id='word_1_135' title='bbox 2211 871 2471 926; x_wconf 73' lang='lat' dir='ltr'><strong>lzetitiam.</strong></span> <span class='ocrx_word' id='word_1_136' title='bbox 2527 871 2686 938; x_wconf 82' lang='lat' dir='ltr'><strong>Quod</strong></span> <span class='ocrx_word' id='word_1_137' title='bbox 2751 873 2797 926; x_wconf 89' lang='lat' dir='ltr'><strong>si</strong></span> <span class='ocrx_word' id='word_1_138' title='bbox 2853 873 3038 928; x_wconf 91' lang='lat' dir='ltr'><strong>nullus</strong></span> <span class='ocrx_word' id='word_1_139' title='bbox 3089 873 3162 928; x_wconf 88' lang='lat' dir='ltr'><strong>sit</strong></span> <span class='ocrx_word' id='word_1_140' title='bbox 3212 872 3334 943; x_wconf 90' lang='lat' dir='ltr'><strong>ejus</strong></span> 
     </span>
    </p>
   </div>
   <div class='ocr_carea' id='block_1_24' title="bbox 1765 963 3334 1032">
    <p class='ocr_par' dir='ltr' id='par_1_24' title="bbox 1765 963 3334 1032">
     <span class='ocr_line' id='line_1_24' title="bbox 1765 963 3334 1032; baseline 0.002 -15"><span class='ocrx_word' id='word_1_141' title='bbox 1765 978 1941 1028; x_wconf 90' lang='lat' dir='ltr'><strong>amor,</strong></span> <span class='ocrx_word' id='word_1_142' title='bbox 1966 965 2148 1018; x_wconf 85' lang='lat' dir='ltr'><strong>omnia</strong></span> <span class='ocrx_word' id='word_1_143' title='bbox 2187 964 2312 1031; x_wconf 89' lang='lat' dir='ltr'><strong>alia,</strong></span> <span class='ocrx_word' id='word_1_144' title='bbox 2355 973 2415 1032; x_wconf 78' lang='lat' dir='ltr'><strong>ut</strong></span> <span class='ocrx_word' id='word_1_145' title='bbox 2458 978 2586 1019; x_wconf 88' lang='lat' dir='ltr'><strong>vere</strong></span> <span class='ocrx_word' id='word_1_146' title='bbox 2614 965 2750 1019; x_wconf 84' lang='lat' dir='ltr'><strong>dicit</strong></span> <span class='ocrx_word' id='word_1_147' title='bbox 2797 963 3174 1032; x_wconf 85' lang='lat' dir='ltr'><strong>Ecclesiastes,</strong></span> <span class='ocrx_word' id='word_1_148' title='bbox 3204 975 3334 1024; x_wconf 90' lang='lat' dir='ltr'><strong>sunt</strong></span> 
     </span>
    </p>
   </div>
   <div class='ocr_carea' id='block_1_25' title="bbox 1763 1054 2462 1111">
    <p class='ocr_par' dir='ltr' id='par_1_25' title="bbox 1763 1054 2462 1111">
     <span class='ocr_line' id='line_1_25' title="bbox 1763 1054 2462 1111; baseline 0.001 -3"><span class='ocrx_word' id='word_1_149' title='bbox 1763 1055 2032 1111; x_wconf 70' lang='lat' dir='ltr'><strong>vanitates</strong></span> <span class='ocrx_word' id='word_1_150' title='bbox 2064 1054 2366 1110; x_wconf 87' lang='lat' dir='ltr'><strong>vanitatum</strong></span> <span class='ocrx_word' id='word_1_151' title='bbox 2399 1054 2462 1109; x_wconf 80' lang='grc'><strong>¹⁶.</strong></span> 
     </span>
    </p>
   </div>
   <div class='ocr_carea' id='block_1_26' title="bbox 1836 1143 3334 1218">
    <p class='ocr_par' dir='ltr' id='par_1_26' title="bbox 1836 1143 3334 1218">
     <span class='ocr_line' id='line_1_26' title="bbox 1836 1143 3334 1218; baseline 0.005 -21"><span class='ocrx_word' id='word_1_152' title='bbox 1836 1143 2024 1215; x_wconf 83' lang='lat' dir='ltr'><strong>Fugite</strong></span> <span class='ocrx_word' id='word_1_153' title='bbox 2048 1160 2200 1216; x_wconf 88' lang='lat' dir='ltr'><strong>ergo,</strong></span> <span class='ocrx_word' id='word_1_154' title='bbox 2227 1146 2329 1200; x_wconf 90' lang='lat' dir='ltr'><strong>viri</strong></span> <span class='ocrx_word' id='word_1_155' title='bbox 2367 1145 2684 1211; x_wconf 82' lang='lat' dir='ltr'><strong>Christiani,</strong></span> <span class='ocrx_word' id='word_1_156' title='bbox 2740 1147 3035 1218; x_wconf 82' lang='lat' dir='ltr'><strong>participes</strong></span> <span class='ocrx_word' id='word_1_157' title='bbox 3093 1148 3334 1205; x_wconf 82' lang='lat' dir='ltr'><strong>caelestis</strong></span> 
     </span>
    </p>
   </div>
   <div class='ocr_carea' id='block_1_27' title="bbox 1764 1235 3336 1306">
    <p class='ocr_par' dir='ltr' id='par_1_27' title="bbox 1764 1235 3336 1306">
     <span class='ocr_line' id='line_1_27' title="bbox 1764 1235 3336 1306; baseline 0.005 -20"><span class='ocrx_word' id='word_1_158' title='bbox 1764 1236 2091 1301; x_wconf 87' lang='lat' dir='ltr'><strong>vocationis,</strong></span> <span class='ocrx_word' id='word_1_159' title='bbox 2123 1251 2341 1291; x_wconf 90' lang='lat' dir='ltr'><strong>omnem</strong></span> <span class='ocrx_word' id='word_1_160' title='bbox 2389 1235 2530 1291; x_wconf 89' lang='lat' dir='ltr'><strong>hanc</strong></span> <span class='ocrx_word' id='word_1_161' title='bbox 2559 1237 2972 1306; x_wconf 81' lang='lat' dir='ltr'><strong>cogitationem,</strong></span> <span class='ocrx_word' id='word_1_162' title='bbox 3028 1238 3336 1295; x_wconf 82' lang='lat' dir='ltr'><strong>latronibus</strong></span> 
     </span>
    </p>
   </div>
   <div class='ocr_carea' id='block_1_28' title="bbox 1763 1325 3335 1396">
    <p class='ocr_par' dir='ltr' id='par_1_28' title="bbox 1763 1325 3335 1396">
     <span class='ocr_line' id='line_1_28' title="bbox 1763 1325 3335 1396; baseline 0.004 -20"><span class='ocrx_word' id='word_1_163' title='bbox 1763 1325 1979 1396; x_wconf 84' lang='lat' dir='ltr'><strong>dignam</strong></span> <span class='ocrx_word' id='word_1_164' title='bbox 2011 1337 2067 1381; x_wconf 90' lang='lat' dir='ltr'><strong>et</strong></span> <span class='ocrx_word' id='word_1_165' title='bbox 2111 1326 2398 1393; x_wconf 86' lang='lat' dir='ltr'><strong>malelicis,</strong></span> <span class='ocrx_word' id='word_1_166' title='bbox 2431 1340 2610 1396; x_wconf 88' lang='lat' dir='ltr'><strong>neque</strong></span> <span class='ocrx_word' id='word_1_167' title='bbox 2642 1327 2860 1381; x_wconf 76' lang='lat' dir='ltr'><strong>beatum</strong></span> <span class='ocrx_word' id='word_1_168' title='bbox 2904 1327 3217 1384; x_wconf 80' lang='lat' dir='ltr'><strong>existimate</strong></span> <span class='ocrx_word' id='word_1_169' title='bbox 3248 1328 3335 1382; x_wconf 81' lang='lat' dir='ltr'><strong>fu—</strong></span> 
     </span>
    </p>
   </div>
   <div class='ocr_carea' id='block_1_29' title="bbox 1764 1415 3336 1491">
    <p class='ocr_par' dir='ltr' id='par_1_29' title="bbox 1764 1415 3336 1491">
     <span class='ocr_line' id='line_1_29' title="bbox 1764 1415 3336 1491; baseline 0.006 -24"><span class='ocrx_word' id='word_1_170' title='bbox 1764 1431 1891 1484; x_wconf 78' lang='lat' dir='ltr'><strong>gere</strong></span> <span class='ocrx_word' id='word_1_171' title='bbox 1920 1415 2249 1486; x_wconf 85' lang='lat' dir='ltr'><strong>supplicium</strong></span> <span class='ocrx_word' id='word_1_172' title='bbox 2273 1432 2290 1482; x_wconf 90' lang='lat'><strong>;</strong></span> <span class='ocrx_word' id='word_1_173' title='bbox 2326 1415 2420 1472; x_wconf 81' lang='lat' dir='ltr'><strong>sed</strong></span> <span class='ocrx_word' id='word_1_174' title='bbox 2446 1419 2585 1471; x_wconf 90' lang='lat' dir='ltr'><strong>dona</strong></span> <span class='ocrx_word' id='word_1_175' title='bbox 2624 1427 2802 1472; x_wconf 90' lang='lat' dir='ltr'><strong>amate</strong></span> <span class='ocrx_word' id='word_1_176' title='bbox 2831 1427 2886 1473; x_wconf 90' lang='lat' dir='ltr'><strong>et</strong></span> <span class='ocrx_word' id='word_1_177' title='bbox 2916 1433 3171 1484; x_wconf 89' lang='lat' dir='ltr'><strong>coronas,</strong></span> <span class='ocrx_word' id='word_1_178' title='bbox 3198 1436 3336 1491; x_wconf 87' lang='lat' dir='ltr'><strong>quas</strong></span> 
     </span>
    </p>
   </div>
   <div class='ocr_carea' id='block_1_30' title="bbox 1768 1505 3333 1578">
    <p class='ocr_par' dir='ltr' id='par_1_30' title="bbox 1768 1505 3333 1578">
     <span class='ocr_line' id='line_1_30' title="bbox 1768 1505 3333 1578; baseline 0.005 -22"><span class='ocrx_word' id='word_1_179' title='bbox 1768 1505 1910 1561; x_wconf 68' lang='lat' dir='ltr'><strong>licus</strong></span> <span class='ocrx_word' id='word_1_180' title='bbox 1939 1507 2153 1576; x_wconf 90' lang='lat' dir='ltr'><strong>paravit</strong></span> <span class='ocrx_word' id='word_1_181' title='bbox 2200 1507 2423 1562; x_wconf 87' lang='lat' dir='ltr'><strong>athletis</strong></span> <span class='ocrx_word' id='word_1_182' title='bbox 2452 1507 2680 1576; x_wconf 70' lang='lat' dir='ltr'><strong>justitim</strong></span> <span class='ocrx_word' id='word_1_183' title='bbox 2701 1525 2716 1574; x_wconf 88' lang='lat'><strong>;</strong></span> <span class='ocrx_word' id='word_1_184' title='bbox 2739 1509 2976 1577; x_wconf 87' lang='lat' dir='ltr'><strong>expetite</strong></span> <span class='ocrx_word' id='word_1_185' title='bbox 3005 1509 3333 1578; x_wconf 86' lang='lat' dir='ltr'><strong>baptismum</strong></span> 
     </span>
    </p>
   </div>
   <div class='ocr_carea' id='block_1_31' title="bbox 1764 1596 3337 1668">
    <p class='ocr_par' dir='ltr' id='par_1_31' title="bbox 1764 1596 3337 1668">
     <span class='ocr_line' id='line_1_31' title="bbox 1764 1596 3337 1668; baseline 0.002 -16"><span class='ocrx_word' id='word_1_186' title='bbox 1764 1597 1883 1652; x_wconf 88' lang='lat' dir='ltr'><strong>sine</strong></span> <span class='ocrx_word' id='word_1_187' title='bbox 1931 1596 2140 1662; x_wconf 78' lang='lat' dir='ltr'><strong>fraude,</strong></span> <span class='ocrx_word' id='word_1_188' title='bbox 2200 1598 2432 1668; x_wconf 90' lang='lat' dir='ltr'><strong>accipite</strong></span> <span class='ocrx_word' id='word_1_189' title='bbox 2475 1600 2776 1664; x_wconf 86' lang='lat' dir='ltr'><strong>talentum,</strong></span> <span class='ocrx_word' id='word_1_190' title='bbox 2812 1609 2866 1654; x_wconf 88' lang='lat' dir='ltr'><strong>et</strong></span> <span class='ocrx_word' id='word_1_191' title='bbox 2917 1609 3107 1656; x_wconf 89' lang='lat' dir='ltr'><strong>curate</strong></span> <span class='ocrx_word' id='word_1_192' title='bbox 3154 1617 3222 1657; x_wconf 91' lang='lat' dir='ltr'><strong>ne</strong></span> <span class='ocrx_word' id='word_1_193' title='bbox 3264 1602 3337 1656; x_wconf 91' lang='lat' dir='ltr'><strong>sit</strong></span> 
     </span>
    </p>
   </div>
   <div class='ocr_carea' id='block_1_32' title="bbox 1764 1688 3335 1762">
    <p class='ocr_par' dir='ltr' id='par_1_32' title="bbox 1764 1688 3335 1762">
     <span class='ocr_line' id='line_1_32' title="bbox 1764 1688 3335 1762; baseline 0.002 -21"><span class='ocrx_word' id='word_1_194' title='bbox 1764 1688 2045 1745; x_wconf 90' lang='lat' dir='ltr'><strong>otiosum:</strong></span> <span class='ocrx_word' id='word_1_195' title='bbox 2079 1691 2154 1744; x_wconf 88' lang='lat' dir='ltr'><strong>ita</strong></span> <span class='ocrx_word' id='word_1_196' title='bbox 2205 1690 2376 1757; x_wconf 87' lang='lat' dir='ltr'><strong>enim,</strong></span> <span class='ocrx_word' id='word_1_197' title='bbox 2413 1700 2472 1745; x_wconf 90' lang='lat' dir='ltr'><strong>ut</strong></span> <span class='ocrx_word' id='word_1_198' title='bbox 2533 1691 2645 1745; x_wconf 93' lang='lat' dir='ltr'><strong>vult</strong></span> <span class='ocrx_word' id='word_1_199' title='bbox 2697 1691 2973 1762; x_wconf 82' lang='lat' dir='ltr'><strong>parabola,</strong></span> <span class='ocrx_word' id='word_1_200' title='bbox 3022 1690 3335 1746; x_wconf 86' lang='lat' dir='ltr'><strong>el‘licietnini</strong></span> 
     </span>
    </p>
   </div>
   <div class='ocr_carea' id='block_1_33' title="bbox 84 1776 1662 1863">
    <p class='ocr_par' dir='ltr' id='par_1_33' title="bbox 84 1779 1657 1863">
     <span class='ocr_line' id='line_1_33' title="bbox 84 1779 1657 1863; baseline -0.01 -17"><span class='ocrx_word' id='word_1_201' title='bbox 84 1794 190 1863; x_wconf 80' lang='grc' dir='ltr'><strong>γάρ</strong></span> <span class='ocrx_word' id='word_1_202' title='bbox 230 1790 378 1845; x_wconf 84' lang='grc' dir='ltr'><strong>κατά</strong></span> <span class='ocrx_word' id='word_1_203' title='bbox 427 1789 526 1858; x_wconf 79' lang='grc' dir='ltr'>τὴν</span> <span class='ocrx_word' id='word_1_204' title='bbox 572 1782 884 1856; x_wconf 78' lang='grc' dir='ltr'>παραϐολὴν</span> <span class='ocrx_word' id='word_1_205' title='bbox 912 1782 1175 1854; x_wconf 74' lang='grc' dir='ltr'>ἡγεμόνες</span> <span class='ocrx_word' id='word_1_206' title='bbox 1202 1781 1334 1835; x_wconf 86' lang='grc' dir='ltr'>δέκα</span> <span class='ocrx_word' id='word_1_207' title='bbox 1364 1779 1657 1851; x_wconf 77' lang='grc' dir='ltr'>γενήσεσθε</span> 
     </span>
    </p>
   </div>
   <div class='ocr_carea' id='block_1_34' title="bbox 1766 1776 3336 1863">
    <p class='ocr_par' dir='ltr' id='par_1_34' title="bbox 1766 1779 3336 1854">
     <span class='ocr_line' id='line_1_34' title="bbox 1766 1779 3336 1854; baseline 0.003 -20"><span class='ocrx_word' id='word_1_208' title='bbox 1766 1780 1926 1836; x_wconf 85' lang='lat' dir='ltr'><strong>duces</strong></span> <span class='ocrx_word' id='word_1_209' title='bbox 1964 1779 2150 1836; x_wconf 88' lang='lat' dir='ltr'><strong>decem</strong></span> <span class='ocrx_word' id='word_1_210' title='bbox 2186 1781 2467 1836; x_wconf 76' lang='lat' dir='ltr'><strong>civitatum</strong></span> <span class='ocrx_word' id='word_1_211' title='bbox 2507 1782 2570 1837; x_wconf 77' lang='grc'><strong>⁸⁷.</strong></span> <span class='ocrx_word' id='word_1_212' title='bbox 2626 1781 2728 1848; x_wconf 79' lang='lat' dir='ltr'><strong>Qui</strong></span> <span class='ocrx_word' id='word_1_213' title='bbox 2759 1797 2889 1854; x_wconf 90' lang='lat' dir='ltr'><strong>ergo</strong></span> <span class='ocrx_word' id='word_1_214' title='bbox 2936 1784 3184 1854; x_wconf 86' lang='lat' dir='ltr'><strong>sepultus</strong></span> <span class='ocrx_word' id='word_1_215' title='bbox 3231 1784 3336 1840; x_wconf 79' lang='lat' dir='ltr'><strong>luit</strong></span> 
     </span>
    </p>
   </div>
   <div class='ocr_carea' id='block_1_35' title="bbox 85 1873 1662 1951">
    <p class='ocr_par' dir='ltr' id='par_1_35' title="bbox 85 1873 1662 1951">
     <span class='ocr_line' id='line_1_35' title="bbox 85 1873 1662 1951; baseline -0.01 -11"><span class='ocrx_word' id='word_1_216' title='bbox 85 1886 318 1940; x_wconf 79' lang='grc' dir='ltr'>πόλεων.</span> <span class='ocrx_word' id='word_1_217' title='bbox 359 1883 418 1937; x_wconf 89' lang='grc' dir='ltr'>Ὀ</span> <span class='ocrx_word' id='word_1_218' title='bbox 446 1881 503 1934; x_wconf 84' lang='grc' dir='ltr'>δὲ</span> <span class='ocrx_word' id='word_1_219' title='bbox 526 1884 810 1947; x_wconf 71' lang='grc' dir='ltr'>συνταφεὶς</span> <span class='ocrx_word' id='word_1_220' title='bbox 838 1877 914 1948; x_wconf 81' lang='grc' dir='ltr'>τῷ</span> <span class='ocrx_word' id='word_1_221' title='bbox 943 1876 1296 1951; x_wconf 77' lang='grc' dir='ltr'>βαπτίσματι,</span> <span class='ocrx_word' id='word_1_222' title='bbox 1320 1873 1554 1945; x_wconf 68' lang='grc' dir='ltr'>ἔκρυψεν</span> <span class='ocrx_word' id='word_1_223' title='bbox 1582 1874 1662 1936; x_wconf 87' lang='grc' dir='ltr'><strong>εἰς</strong></span> 
     </span>
    </p>
   </div>
   <div class='ocr_carea' id='block_1_36' title="bbox 85 1964 1662 2046">
    <p class='ocr_par' dir='ltr' id='par_1_36' title="bbox 85 1964 1662 2046">
     <span class='ocr_line' id='line_1_36' title="bbox 85 1964 1662 2046; baseline -0.009 -17"><span class='ocrx_word' id='word_1_224' title='bbox 85 1977 187 2046; x_wconf 78' lang='grc' dir='ltr'>γῆν</span> <span class='ocrx_word' id='word_1_225' title='bbox 219 1974 284 2028; x_wconf 76' lang='grc' dir='ltr'>τὸ</span> <span class='ocrx_word' id='word_1_226' title='bbox 328 1973 612 2035; x_wconf 83' lang='grc' dir='ltr'>τάλαντον,</span> <span class='ocrx_word' id='word_1_227' title='bbox 653 1973 749 2022; x_wconf 80' lang='grc' dir='ltr'>καὶ</span> <span class='ocrx_word' id='word_1_228' title='bbox 779 1967 994 2030; x_wconf 85' lang='grc' dir='ltr'>πάντως</span> <span class='ocrx_word' id='word_1_229' title='bbox 1044 1966 1266 2019; x_wconf 78' lang='grc' dir='ltr'>ἐκείνων</span> <span class='ocrx_word' id='word_1_230' title='bbox 1298 1965 1520 2019; x_wconf 82' lang='grc' dir='ltr'>ἀκούσει</span> <span class='ocrx_word' id='word_1_231' title='bbox 1553 1964 1662 2017; x_wconf 86' lang='grc' dir='ltr'><strong>τῶν</strong></span> 
     </span>
    </p>
   </div>
   <div class='ocr_carea' id='block_1_37' title="bbox 84 2056 1664 2138">
    <p class='ocr_par' dir='ltr' id='par_1_37' title="bbox 84 2056 1664 2138">
     <span class='ocr_line' id='line_1_37' title="bbox 84 2056 1664 2138; baseline -0.008 -17"><span class='ocrx_word' id='word_1_232' title='bbox 84 2073 221 2138; x_wconf 67' lang='grc' dir='ltr'>πρὸς</span> <span class='ocrx_word' id='word_1_233' title='bbox 243 2067 341 2118; x_wconf 79' lang='grc' dir='ltr'><strong>τὸν</strong></span> <span class='ocrx_word' id='word_1_234' title='bbox 371 2063 557 2118; x_wconf 72' lang='grc' dir='ltr'>δοῦλον</span> <span class='ocrx_word' id='word_1_235' title='bbox 591 2061 759 2132; x_wconf 69' lang='grc' dir='ltr'>ἀργὸν</span> <span class='ocrx_word' id='word_1_236' title='bbox 801 2059 1097 2130; x_wconf 74' lang='grc' dir='ltr'>λεχθέντων</span> <span class='ocrx_word' id='word_1_237' title='bbox 1130 2059 1224 2112; x_wconf 67' lang='grc' dir='ltr'>καὶ</span> <span class='ocrx_word' id='word_1_238' title='bbox 1251 2056 1514 2128; x_wconf 76' lang='grc' dir='ltr'>ῥᾴθυμον.</span> <span class='ocrx_word' id='word_1_239' title='bbox 1549 2059 1664 2111; x_wconf 83' lang='grc' dir='ltr'><strong>Κα-</strong></span> 
     </span>
    </p>
   </div>
   <div class='ocr_carea' id='block_1_38' title="bbox 84 2147 1661 2224">
    <p class='ocr_par' dir='ltr' id='par_1_38' title="bbox 84 2147 1661 2224">
     <span class='ocr_line' id='line_1_38' title="bbox 84 2147 1661 2224; baseline -0.008 -14"><span class='ocrx_word' id='word_1_240' title='bbox 84 2158 188 2221; x_wconf 87' lang='grc' dir='ltr'><strong>λῶς</strong></span> <span class='ocrx_word' id='word_1_241' title='bbox 216 2159 246 2210; x_wconf 85' lang='grc' dir='ltr'><strong>ό</strong></span> <span class='ocrx_word' id='word_1_242' title='bbox 281 2153 642 2224; x_wconf 82' lang='grc' dir='ltr'>νεοφώτιστος</span> <span class='ocrx_word' id='word_1_243' title='bbox 664 2152 730 2205; x_wconf 81' lang='grc' dir='ltr'>ἂν</span> <span class='ocrx_word' id='word_1_244' title='bbox 755 2153 822 2221; x_wconf 80' lang='grc' dir='ltr'>τῇ</span> <span class='ocrx_word' id='word_1_245' title='bbox 855 2151 1033 2203; x_wconf 88' lang='grc' dir='ltr'>πίστει</span> <span class='ocrx_word' id='word_1_246' title='bbox 1065 2149 1274 2219; x_wconf 67' lang='grc' dir='ltr'>συνάψῃ</span> <span class='ocrx_word' id='word_1_247' title='bbox 1300 2150 1396 2219; x_wconf 84' lang='grc' dir='ltr'><strong>τήν</strong></span> <span class='ocrx_word' id='word_1_248' title='bbox 1424 2147 1661 2219; x_wconf 80' lang='grc' dir='ltr'>ἐντολήν,</span> 
     </span>
    </p>
   </div>
   <div class='ocr_carea' id='block_1_39' title="bbox 84 2239 1665 2312">
    <p class='ocr_par' dir='ltr' id='par_1_39' title="bbox 84 2239 1665 2312">
     <span class='ocr_line' id='line_1_39' title="bbox 84 2239 1665 2312; baseline -0.006 -10"><span class='ocrx_word' id='word_1_249' title='bbox 84 2249 175 2302; x_wconf 73' lang='grc' dir='ltr'>ἐπὶ</span> <span class='ocrx_word' id='word_1_250' title='bbox 223 2247 415 2300; x_wconf 87' lang='grc' dir='ltr'>πλείον</span> <span class='ocrx_word' id='word_1_251' title='bbox 467 2243 618 2296; x_wconf 79' lang='grc' dir='ltr'>οὐδὲν</span> <span class='ocrx_word' id='word_1_252' title='bbox 665 2241 779 2312; x_wconf 73' lang='grc' dir='ltr'>ἔχει</span> <span class='ocrx_word' id='word_1_253' title='bbox 825 2240 918 2293; x_wconf 78' lang='grc' dir='ltr'><strong>τοῦ</strong></span> <span class='ocrx_word' id='word_1_254' title='bbox 967 2239 1318 2309; x_wconf 89' lang='grc' dir='ltr'>ἀνεγκλήτου.</span> <span class='ocrx_word' id='word_1_255' title='bbox 1370 2239 1665 2310; x_wconf 84' lang='grc' dir='ltr'>Δεσμώτης</span> 
     </span>
    </p>
   </div>
   <div class='ocr_carea' id='block_1_40' title="bbox 84 2328 1665 2408">
    <p class='ocr_par' dir='ltr' id='par_1_40' title="bbox 84 2328 1665 2408">
     <span class='ocr_line' id='line_1_40' title="bbox 84 2328 1665 2408; baseline -0.008 -15"><span class='ocrx_word' id='word_1_256' title='bbox 84 2339 387 2408; x_wconf 77' lang='grc' dir='ltr'>ἐτύγχανεν</span> <span class='ocrx_word' id='word_1_257' title='bbox 437 2334 650 2406; x_wconf 81' lang='grc' dir='ltr'>μυρίοις</span> <span class='ocrx_word' id='word_1_258' title='bbox 688 2330 1026 2402; x_wconf 71' lang='grc' dir='ltr'>ἐγκλήμασιν</span> <span class='ocrx_word' id='word_1_259' title='bbox 1065 2329 1387 2392; x_wconf 85' lang='grc' dir='ltr'>ὑπεύθυνος,</span> <span class='ocrx_word' id='word_1_260' title='bbox 1414 2328 1665 2392; x_wconf 77' lang='grc' dir='ltr'>δεδοικὼς</span> 
     </span>
    </p>
   </div>
   <div class='ocr_carea' id='block_1_41' title="bbox 82 2417 1659 2496">
    <p class='ocr_par' dir='ltr' id='par_1_41' title="bbox 82 2417 1659 2496">
     <span class='ocr_line' id='line_1_41' title="bbox 82 2417 1659 2496; baseline -0.008 -13"><span class='ocrx_word' id='word_1_261' title='bbox 82 2431 138 2482; x_wconf 84' lang='grc' dir='ltr'>τὸ</span> <span class='ocrx_word' id='word_1_262' title='bbox 197 2429 524 2496; x_wconf 78' lang='grc' dir='ltr'>κριτήριον,</span> <span class='ocrx_word' id='word_1_263' title='bbox 573 2422 791 2494; x_wconf 85' lang='grc' dir='ltr'>τρέμων</span> <span class='ocrx_word' id='word_1_264' title='bbox 843 2421 952 2473; x_wconf 91' lang='grc' dir='ltr'><strong>τῶν</strong></span> <span class='ocrx_word' id='word_1_265' title='bbox 1015 2419 1252 2471; x_wconf 79' lang='grc' dir='ltr'>εὐθυνῶν</span> <span class='ocrx_word' id='word_1_266' title='bbox 1306 2417 1396 2470; x_wconf 73' lang='grc' dir='ltr'>σὺν</span> <span class='ocrx_word' id='word_1_267' title='bbox 1453 2417 1659 2487; x_wconf 90' lang='grc' dir='ltr'>καιρόν.</span> 
     </span>
    </p>
   </div>
   <div class='ocr_carea' id='block_1_42' title="bbox 83 2506 1665 2582">
    <p class='ocr_par' dir='ltr' id='par_1_42' title="bbox 83 2506 1665 2582">
     <span class='ocr_line' id='line_1_42' title="bbox 83 2506 1665 2582; baseline -0.009 -9"><span class='ocrx_word' id='word_1_268' title='bbox 83 2518 291 2574; x_wconf 50' lang='lat' dir='ltr'><strong>uno“</strong></span> <span class='ocrx_word' id='word_1_269' title='bbox 345 2515 544 2582; x_wconf 82' lang='grc' dir='ltr'>ἀθρόον</span> <span class='ocrx_word' id='word_1_270' title='bbox 598 2511 856 2581; x_wconf 82' lang='grc' dir='ltr'>βασιλέως</span> <span class='ocrx_word' id='word_1_271' title='bbox 902 2507 1316 2580; x_wconf 74' lang='grc' dir='ltr'>φιλανθρωπία,</span> <span class='ocrx_word' id='word_1_272' title='bbox 1369 2508 1547 2578; x_wconf 75' lang='grc' dir='ltr'>ήνοιξε</span> <span class='ocrx_word' id='word_1_273' title='bbox 1603 2506 1665 2559; x_wconf 83' lang='grc' dir='ltr'>τὸ</span> 
     </span>
    </p>
   </div>
   <div class='ocr_carea' id='block_1_43' title="bbox 80 2598 1665 2682">
    <p class='ocr_par' dir='ltr' id='par_1_43' title="bbox 80 2598 1665 2682">
     <span class='ocr_line' id='line_1_43' title="bbox 80 2598 1665 2682; baseline -0.01 -16"><span class='ocrx_word' id='word_1_274' title='bbox 80 2611 499 2682; x_wconf 76' lang='grc' dir='ltr'>δεσμωτήριον,</span> <span class='ocrx_word' id='word_1_275' title='bbox 553 2605 732 2675; x_wconf 73' lang='grc' dir='ltr'>ἀφῆκε</span> <span class='ocrx_word' id='word_1_276' title='bbox 779 2603 902 2666; x_wconf 77' lang='grc' dir='ltr'>τοὺς</span> <span class='ocrx_word' id='word_1_277' title='bbox 962 2600 1245 2672; x_wconf 85' lang='grc' dir='ltr'>πονηρούς.</span> <span class='ocrx_word' id='word_1_278' title='bbox 1294 2598 1355 2654; x_wconf 84' lang='grc' dir='ltr'>Ὀ</span> <span class='ocrx_word' id='word_1_279' title='bbox 1403 2599 1501 2671; x_wconf 83' lang='grc' dir='ltr'>μὲν</span> <span class='ocrx_word' id='word_1_280' title='bbox 1543 2598 1665 2660; x_wconf 70' lang='grc' dir='ltr'>δοὺς</span> 
     </span>
    </p>
   </div>
   <div class='ocr_carea' id='block_1_44' title="bbox 80 2692 1666 2774">
    <p class='ocr_par' dir='ltr' id='par_1_44' title="bbox 80 2692 1666 2774">
     <span class='ocr_line' id='line_1_44' title="bbox 80 2692 1666 2774; baseline -0.009 -16"><span class='ocrx_word' id='word_1_281' title='bbox 80 2709 177 2774; x_wconf 69' lang='grc' dir='ltr'>τὴν</span> <span class='ocrx_word' id='word_1_282' title='bbox 218 2705 406 2774; x_wconf 75' lang='grc' dir='ltr'>χάριν,</span> <span class='ocrx_word' id='word_1_283' title='bbox 451 2697 724 2770; x_wconf 81' lang='grc' dir='ltr'>ὑμνείσθω</span> <span class='ocrx_word' id='word_1_284' title='bbox 770 2697 864 2750; x_wconf 73' lang='grc' dir='ltr'>καὶ</span> <span class='ocrx_word' id='word_1_285' title='bbox 903 2693 1328 2766; x_wconf 84' lang='grc' dir='ltr'>προσκυνείσθω,</span> <span class='ocrx_word' id='word_1_286' title='bbox 1362 2693 1436 2756; x_wconf 84' lang='grc' dir='ltr'><strong>ῶς</strong></span> <span class='ocrx_word' id='word_1_287' title='bbox 1468 2692 1666 2759; x_wconf 74' lang='grc' dir='ltr'>ἁγαθό-</span> 
     </span>
    </p>
   </div>
   <div class='ocr_carea' id='block_1_45' title="bbox 81 2784 1666 2862">
    <p class='ocr_par' dir='ltr' id='par_1_45' title="bbox 81 2784 1666 2862">
     <span class='ocr_line' id='line_1_45' title="bbox 81 2784 1666 2862; baseline -0.008 -17"><span class='ocrx_word' id='word_1_288' title='bbox 81 2810 241 2862; x_wconf 79' lang='grc' dir='ltr'>τητος</span> <span class='ocrx_word' id='word_1_289' title='bbox 278 2789 572 2861; x_wconf 71' lang='grc' dir='ltr'>περιουσία</span> <span class='ocrx_word' id='word_1_290' title='bbox 605 2786 782 2848; x_wconf 83' lang='grc' dir='ltr'>σώσας</span> <span class='ocrx_word' id='word_1_291' title='bbox 826 2786 951 2848; x_wconf 71' lang='grc' dir='ltr'>τοὺς</span> <span class='ocrx_word' id='word_1_292' title='bbox 979 2785 1076 2856; x_wconf 77' lang='grc' dir='ltr'><strong>τήν</strong></span> <span class='ocrx_word' id='word_1_293' title='bbox 1108 2784 1252 2856; x_wconf 78' lang='grc' dir='ltr'>ζωὴν</span> <span class='ocrx_word' id='word_1_294' title='bbox 1286 2786 1386 2838; x_wconf 83' lang='grc' dir='ltr'>οὐκ</span> <span class='ocrx_word' id='word_1_295' title='bbox 1423 2784 1666 2848; x_wconf 74' lang='grc' dir='ltr'>ἐλπίζον-</span> 
     </span>
    </p>
   </div>
   <div class='ocr_carea' id='block_1_46' title="bbox 80 2875 1666 2950">
    <p class='ocr_par' dir='ltr' id='par_1_46' title="bbox 80 2875 1666 2950">
     <span class='ocr_line' id='line_1_46' title="bbox 80 2875 1666 2950; baseline -0.016 0"><span class='ocrx_word' id='word_1_296' title='bbox 80 2901 212 2947; x_wconf 71' lang='grc' dir='ltr'>ταςο</span> <span class='ocrx_word' id='word_1_297' title='bbox 256 2885 288 2937; x_wconf 79' lang='grc' dir='ltr'><strong>ὁ</strong></span> <span class='ocrx_word' id='word_1_298' title='bbox 344 2881 404 2934; x_wconf 79' lang='grc' dir='ltr'>δὲ</span> <span class='ocrx_word' id='word_1_299' title='bbox 457 2878 768 2950; x_wconf 81' lang='grc' dir='ltr'>γνωριζέτω</span> <span class='ocrx_word' id='word_1_300' title='bbox 821 2877 1046 2940; x_wconf 78' lang='grc' dir='ltr'>ἑαυτὸν,</span> <span class='ocrx_word' id='word_1_301' title='bbox 1107 2878 1164 2928; x_wconf 86' lang='grc' dir='ltr'><strong>ἐν</strong></span> <span class='ocrx_word' id='word_1_302' title='bbox 1209 2876 1550 2945; x_wconf 84' lang='grc' dir='ltr'>ταπεινότητι</span> <span class='ocrx_word' id='word_1_303' title='bbox 1589 2875 1666 2927; x_wconf 76' lang='grc' dir='ltr'>διο</span> 
     </span>
    </p>
   </div>
   <div class='ocr_carea' id='block_1_47' title="bbox 80 2967 1666 3042">
    <p class='ocr_par' dir='ltr' id='par_1_47' title="bbox 80 2967 1666 3042">
     <span class='ocr_line' id='line_1_47' title="bbox 80 2967 1666 3042; baseline -0.006 -15"><span class='ocrx_word' id='word_1_304' title='bbox 80 2975 296 3042; x_wconf 62' lang='grc' dir='ltr'>αγέτηωι</span> <span class='ocrx_word' id='word_1_305' title='bbox 333 2971 408 3042; x_wconf 81' lang='grc' dir='ltr'><strong>μή</strong></span> <span class='ocrx_word' id='word_1_306' title='bbox 437 2971 511 3034; x_wconf 83' lang='grc' dir='ltr'>ὡς</span> <span class='ocrx_word' id='word_1_307' title='bbox 541 2968 889 3040; x_wconf 84' lang='grc' dir='ltr'>κατορθώσας</span> <span class='ocrx_word' id='word_1_308' title='bbox 918 2985 971 3020; x_wconf 89' lang='grc' dir='ltr'><strong>τι</strong></span> <span class='ocrx_word' id='word_1_309' title='bbox 1015 2967 1317 3032; x_wconf 82' lang='grc' dir='ltr'>διακείσθω,</span> <span class='ocrx_word' id='word_1_310' title='bbox 1348 2967 1532 3036; x_wconf 82' lang='grc' dir='ltr'>ἐπειδὴ</span> <span class='ocrx_word' id='word_1_311' title='bbox 1561 2967 1666 3020; x_wconf 89' lang='grc' dir='ltr'><strong>τῶν</strong></span> 
     </span>
    </p>
   </div>
   <div class='ocr_carea' id='block_1_48' title="bbox 79 3056 1666 3131">
    <p class='ocr_par' dir='ltr' id='par_1_48' title="bbox 79 3056 1666 3131">
     <span class='ocr_line' id='line_1_48' title="bbox 79 3056 1666 3131; baseline -0.004 -14"><span class='ocrx_word' id='word_1_312' title='bbox 79 3063 301 3127; x_wconf 78' lang='grc' dir='ltr'>δεσμῶν</span> <span class='ocrx_word' id='word_1_313' title='bbox 335 3062 521 3131; x_wconf 83' lang='grc' dir='ltr'>ἐλύθη.</span> <span class='ocrx_word' id='word_1_314' title='bbox 557 3061 784 3130; x_wconf 62' lang='grc' dir='ltr'><strong>⁸Ἃιξιεσις</strong></span> <span class='ocrx_word' id='word_1_315' title='bbox 834 3059 941 3127; x_wconf 73' lang='grc' dir='ltr'><strong>γάρ</strong></span> <span class='ocrx_word' id='word_1_316' title='bbox 979 3057 1337 3127; x_wconf 68' lang='grc' dir='ltr'>ἐγκλημάτων</span> <span class='ocrx_word' id='word_1_317' title='bbox 1387 3056 1478 3110; x_wconf 70' lang='grc' dir='ltr'>τὸν</span> <span class='ocrx_word' id='word_1_318' title='bbox 1521 3056 1666 3110; x_wconf 78' lang='grc' dir='ltr'>ἔλεον</span> 
     </span>
    </p>
   </div>
   <div class='ocr_carea' id='block_1_49' title="bbox 81 3147 1665 3227">
    <p class='ocr_par' dir='ltr' id='par_1_49' title="bbox 81 3147 1665 3227">
     <span class='ocr_line' id='line_1_49' title="bbox 81 3147 1665 3227; baseline -0.006 -18"><span class='ocrx_word' id='word_1_319' title='bbox 81 3156 507 3227; x_wconf 82' lang='grc' dir='ltr'>προσμαρτυρεῖ</span> <span class='ocrx_word' id='word_1_320' title='bbox 553 3150 632 3222; x_wconf 81' lang='grc' dir='ltr'><strong>τῷ</strong></span> <span class='ocrx_word' id='word_1_321' title='bbox 673 3151 1106 3221; x_wconf 83' lang='grc' dir='ltr'>συγχωρήσαντι,</span> <span class='ocrx_word' id='word_1_322' title='bbox 1151 3149 1211 3202; x_wconf 74' lang='grc' dir='ltr'><strong>ού</strong></span> <span class='ocrx_word' id='word_1_323' title='bbox 1242 3149 1349 3218; x_wconf 78' lang='grc' dir='ltr'>μὴν</span> <span class='ocrx_word' id='word_1_324' title='bbox 1374 3147 1665 3217; x_wconf 71' lang='grc' dir='ltr'>εὐδοκιμή-</span> 
     </span>
    </p>
   </div>
   <div class='ocr_carea' id='block_1_50' title="bbox 82 3224 1664 3316">
    <p class='ocr_par' dir='ltr' id='par_1_50' title="bbox 82 3224 1664 3316">
     <span class='ocr_line' id='line_1_50' title="bbox 82 3224 1664 3316; baseline -0.007 -16"><span class='ocrx_word' id='word_1_325' title='bbox 82 3224 199 3300; x_wconf 73' lang='grc' dir='ltr'>σειν</span> <span class='ocrx_word' id='word_1_326' title='bbox 235 3224 323 3316; x_wconf 82' lang='grc' dir='ltr'><strong>τῷ</strong></span> <span class='ocrx_word' id='word_1_327' title='bbox 369 3243 624 3314; x_wconf 80' lang='grc' dir='ltr'>άφεθέντι</span> <span class='ocrx_word' id='word_1_328' title='bbox 688 3243 745 3296; x_wconf 81' lang='grc' dir='ltr'>Ὀ</span> <span class='ocrx_word' id='word_1_329' title='bbox 778 3241 958 3294; x_wconf 73' lang='grc' dir='ltr'>λαϐὼν</span> <span class='ocrx_word' id='word_1_330' title='bbox 997 3242 1059 3294; x_wconf 85' lang='grc' dir='ltr'>τὸ</span> <span class='ocrx_word' id='word_1_331' title='bbox 1102 3241 1200 3311; x_wconf 60' lang='grc' dir='ltr'>σῆς</span> <span class='ocrx_word' id='word_1_332' title='bbox 1249 3238 1664 3308; x_wconf 84' lang='grc' dir='ltr'>παλιγγενεσίας</span> 
     </span>
    </p>
   </div>
   <div class='ocr_carea' id='block_1_51' title="bbox 80 3331 1664 3407">
    <p class='ocr_par' dir='ltr' id='par_1_51' title="bbox 80 3331 1664 3407">
     <span class='ocr_line' id='line_1_51' title="bbox 80 3331 1664 3407; baseline -0.006 -15"><span class='ocrx_word' id='word_1_333' title='bbox 80 3339 333 3404; x_wconf 55' lang='grc' dir='ltr'>λου-τὼν,</span> <span class='ocrx_word' id='word_1_334' title='bbox 376 3340 560 3407; x_wconf 79' lang='grc' dir='ltr'>ὅμοιος</span> <span class='ocrx_word' id='word_1_335' title='bbox 606 3333 910 3406; x_wconf 70' lang='grc' dir='ltr'>στρατιώτῃ</span> <span class='ocrx_word' id='word_1_336' title='bbox 933 3333 1037 3403; x_wconf 74' lang='grc' dir='ltr'><strong>νέῳ</strong></span> <span class='ocrx_word' id='word_1_337' title='bbox 1070 3333 1326 3401; x_wconf 78' lang='grc' dir='ltr'>ὑπόγυιον</span> <span class='ocrx_word' id='word_1_338' title='bbox 1367 3331 1664 3403; x_wconf 80' lang='grc' dir='ltr'>ἐναριθμη-</span> 
     </span>
    </p>
   </div>
   <div class='ocr_carea' id='block_1_52' title="bbox 83 3423 1664 3494">
    <p class='ocr_par' dir='ltr' id='par_1_52' title="bbox 83 3423 1664 3494">
     <span class='ocr_line' id='line_1_52' title="bbox 83 3423 1664 3494; baseline -0.006 -8"><span class='ocrx_word' id='word_1_339' title='bbox 83 3433 229 3486; x_wconf 84' lang='grc' dir='ltr'>θέντι</span> <span class='ocrx_word' id='word_1_340' title='bbox 282 3431 400 3492; x_wconf 84' lang='grc' dir='ltr'>τοῖς</span> <span class='ocrx_word' id='word_1_341' title='bbox 425 3429 720 3490; x_wconf 85' lang='grc' dir='ltr'>όπλιτικοίς</span> <span class='ocrx_word' id='word_1_342' title='bbox 763 3425 1101 3492; x_wconf 85' lang='grc' dir='ltr'>καταλόγοις,</span> <span class='ocrx_word' id='word_1_343' title='bbox 1145 3423 1368 3494; x_wconf 83' lang='grc' dir='ltr'>μηδέπω</span> <span class='ocrx_word' id='word_1_344' title='bbox 1395 3423 1450 3476; x_wconf 82' lang='grc' dir='ltr'>δὲ</span> <span class='ocrx_word' id='word_1_345' title='bbox 1499 3423 1664 3493; x_wconf 74' lang='grc' dir='ltr'>μηδὲν</span> 
     </span>
    </p>
   </div>
   <div class='ocr_carea' id='block_1_53' title="bbox 82 3514 1664 3594">
    <p class='ocr_par' dir='ltr' id='par_1_53' title="bbox 82 3514 1664 3594">
     <span class='ocr_line' id='line_1_53' title="bbox 82 3514 1664 3594; baseline -0.004 -16"><span class='ocrx_word' id='word_1_346' title='bbox 82 3524 512 3594; x_wconf 75' lang='grc' dir='ltr'>ἐπιδεδειγμένῳ</span> <span class='ocrx_word' id='word_1_347' title='bbox 555 3521 941 3591; x_wconf 73' lang='grc' dir='ltr'>στρατιωτικὸν</span> <span class='ocrx_word' id='word_1_348' title='bbox 973 3521 1006 3592; x_wconf 83' lang='grc' dir='ltr'>ἢ</span> <span class='ocrx_word' id='word_1_349' title='bbox 1040 3523 1306 3588; x_wconf 86' lang='grc' dir='ltr'>γενναῖον.</span> <span class='ocrx_word' id='word_1_350' title='bbox 1347 3514 1664 3590; x_wconf 73' lang='grc' dir='ltr'>’Ὡσπεροῦν</span> 
     </span>
    </p>
   </div>
   <div class='ocr_carea' id='block_1_54' title="bbox 81 3610 1663 3686">
    <p class='ocr_par' dir='ltr' id='par_1_54' title="bbox 81 3610 1663 3686">
     <span class='ocr_line' id='line_1_54' title="bbox 81 3610 1663 3686; baseline -0.008 -13"><span class='ocrx_word' id='word_1_351' title='bbox 81 3621 293 3682; x_wconf 79' lang='grc' dir='ltr'>ἐκεῖνος</span> <span class='ocrx_word' id='word_1_352' title='bbox 335 3616 655 3686; x_wconf 83' lang='grc' dir='ltr'>ἀνελόμενος</span> <span class='ocrx_word' id='word_1_353' title='bbox 700 3614 798 3684; x_wconf 81' lang='grc' dir='ltr'><strong>τήν</strong></span> <span class='ocrx_word' id='word_1_354' title='bbox 824 3613 1020 3683; x_wconf 76' lang='grc' dir='ltr'>ζώνην,</span> <span class='ocrx_word' id='word_1_355' title='bbox 1056 3613 1149 3665; x_wconf 72' lang='grc' dir='ltr'><strong>καὶ</strong></span> <span class='ocrx_word' id='word_1_356' title='bbox 1181 3610 1278 3681; x_wconf 81' lang='grc' dir='ltr'>τὴν</span> <span class='ocrx_word' id='word_1_357' title='bbox 1314 3611 1534 3680; x_wconf 79' lang='grc' dir='ltr'>χλανίδα</span> <span class='ocrx_word' id='word_1_358' title='bbox 1563 3611 1663 3678; x_wconf 85' lang='grc' dir='ltr'>ἐμ-</span> 
     </span>
    </p>
   </div>
   <div class='ocr_carea' id='block_1_55' title="bbox 82 3701 1660 3780">
    <p class='ocr_par' dir='ltr' id='par_1_55' title="bbox 82 3701 1660 3780">
     <span class='ocr_line' id='line_1_55' title="bbox 82 3701 1660 3780; baseline -0.004 -19"><span class='ocrx_word' id='word_1_359' title='bbox 82 3707 546 3780; x_wconf 78' lang='grc' dir='ltr'>πορπησάμενος,</span> <span class='ocrx_word' id='word_1_360' title='bbox 594 3707 693 3759; x_wconf 75' lang='grc' dir='ltr'><strong>οὐκ</strong></span> <span class='ocrx_word' id='word_1_361' title='bbox 741 3705 902 3768; x_wconf 71' lang='grc' dir='ltr'>εὐθὺς</span> <span class='ocrx_word' id='word_1_362' title='bbox 945 3705 1131 3757; x_wconf 73' lang='grc' dir='ltr'>ἐαυτὸν</span> <span class='ocrx_word' id='word_1_363' title='bbox 1175 3702 1402 3767; x_wconf 81' lang='grc' dir='ltr'>ἀριστέα</span> <span class='ocrx_word' id='word_1_364' title='bbox 1433 3701 1660 3772; x_wconf 77' lang='grc' dir='ltr'>νομίζει,</span> 
     </span>
    </p>
   </div>
   <div class='ocr_carea' id='block_1_56' title="bbox 79 3795 1665 3872">
    <p class='ocr_par' dir='ltr' id='par_1_56' title="bbox 79 3795 1665 3872">
     <span class='ocr_line' id='line_1_56' title="bbox 79 3795 1665 3872; baseline -0.005 -18"><span class='ocrx_word' id='word_1_365' title='bbox 79 3803 204 3855; x_wconf 72' lang='grc' dir='ltr'><strong>ούδέ</strong></span> <span class='ocrx_word' id='word_1_366' title='bbox 232 3798 476 3872; x_wconf 86' lang='grc' dir='ltr'>προσιὼν</span> <span class='ocrx_word' id='word_1_367' title='bbox 507 3799 643 3870; x_wconf 79' lang='grc' dir='ltr'><strong>μετά</strong></span> <span class='ocrx_word' id='word_1_368' title='bbox 674 3799 984 3870; x_wconf 74' lang='grc' dir='ltr'>παρρησίας</span> <span class='ocrx_word' id='word_1_369' title='bbox 1025 3795 1101 3866; x_wconf 80' lang='grc' dir='ltr'>τῷ</span> <span class='ocrx_word' id='word_1_370' title='bbox 1129 3795 1337 3866; x_wconf 83' lang='grc' dir='ltr'>βασιλεῖ</span> <span class='ocrx_word' id='word_1_371' title='bbox 1359 3796 1434 3858; x_wconf 84' lang='grc' dir='ltr'>ὡς</span> <span class='ocrx_word' id='word_1_372' title='bbox 1468 3795 1665 3864; x_wconf 74' lang='grc' dir='ltr'>γνώριο</span> 
     </span>
    </p>
   </div>
   <div class='ocr_carea' id='block_1_57' title="bbox 83 3887 1664 3965">
    <p class='ocr_par' dir='ltr' id='par_1_57' title="bbox 83 3887 1664 3965">
     <span class='ocr_line' id='line_1_57' title="bbox 83 3887 1664 3965; baseline -0.005 -19"><span class='ocrx_word' id='word_1_373' title='bbox 83 3913 184 3965; x_wconf 67' lang='lat' dir='ltr'><strong>po;</strong></span> <span class='ocrx_word' id='word_1_374' title='bbox 213 3892 550 3959; x_wconf 79' lang='grc' dir='ltr'>διαλέγεται,</span> <span class='ocrx_word' id='word_1_375' title='bbox 579 3891 696 3945; x_wconf 81' lang='grc' dir='ltr'><strong>ούδέ</strong></span> <span class='ocrx_word' id='word_1_376' title='bbox 719 3891 946 3961; x_wconf 83' lang='grc' dir='ltr'>χάριτας</span> <span class='ocrx_word' id='word_1_377' title='bbox 968 3890 1111 3942; x_wconf 85' lang='grc' dir='ltr'>αἰτεῖ</span> <span class='ocrx_word' id='word_1_378' title='bbox 1129 3889 1228 3951; x_wconf 82' lang='grc' dir='ltr'>τὰς</span> <span class='ocrx_word' id='word_1_379' title='bbox 1250 3887 1358 3940; x_wconf 90' lang='grc' dir='ltr'><strong>τῶν</strong></span> <span class='ocrx_word' id='word_1_380' title='bbox 1382 3887 1664 3957; x_wconf 85' lang='grc' dir='ltr'>καμόντων</span> 
     </span>
    </p>
   </div>
   <div class='ocr_carea' id='block_1_58' title="bbox 80 3976 1660 4050">
    <p class='ocr_par' dir='ltr' id='par_1_58' title="bbox 80 3976 1660 4050">
     <span class='ocr_line' id='line_1_58' title="bbox 80 3976 1660 4050; baseline -0.006 -12"><span class='ocrx_word' id='word_1_381' title='bbox 80 3987 177 4038; x_wconf 81' lang='grc' dir='ltr'><strong>καί</strong></span> <span class='ocrx_word' id='word_1_382' title='bbox 207 3982 559 4035; x_wconf 74' lang='grc' dir='ltr'>τιονεσάντων</span> <span class='ocrx_word' id='word_1_383' title='bbox 581 3999 596 4012; x_wconf 88' lang='grc'><strong>·</strong></span> <span class='ocrx_word' id='word_1_384' title='bbox 632 3979 804 4042; x_wconf 73' lang='grc' dir='ltr'>οὕτως</span> <span class='ocrx_word' id='word_1_385' title='bbox 839 3978 973 4050; x_wconf 87' lang='grc' dir='ltr'><strong>μηδέ</strong></span> <span class='ocrx_word' id='word_1_386' title='bbox 1005 3979 1069 4031; x_wconf 79' lang='grc' dir='ltr'>σὺ</span> <span class='ocrx_word' id='word_1_387' title='bbox 1098 3976 1273 4047; x_wconf 84' lang='grc' dir='ltr'>τυχὼν</span> <span class='ocrx_word' id='word_1_388' title='bbox 1301 3977 1397 4048; x_wconf 86' lang='grc' dir='ltr'>τῆς</span> <span class='ocrx_word' id='word_1_389' title='bbox 1423 3977 1660 4048; x_wconf 84' lang='grc' dir='ltr'>χάριτος,</span> 
     </span>
    </p>
   </div>
   <div class='ocr_carea' id='block_1_59' title="bbox 80 4066 1664 4139">
    <p class='ocr_par' dir='ltr' id='par_1_59' title="bbox 80 4066 1664 4139">
     <span class='ocr_line' id='line_1_59' title="bbox 80 4066 1664 4139; baseline -0.005 -14"><span class='ocrx_word' id='word_1_390' title='bbox 80 4073 193 4125; x_wconf 79' lang='grc' dir='ltr'>οἴου</span> <span class='ocrx_word' id='word_1_391' title='bbox 234 4074 353 4133; x_wconf 87' lang='grc' dir='ltr'>τοῖς</span> <span class='ocrx_word' id='word_1_392' title='bbox 397 4069 626 4132; x_wconf 89' lang='grc' dir='ltr'>δικαίοις</span> <span class='ocrx_word' id='word_1_393' title='bbox 674 4068 1020 4139; x_wconf 79' lang='grc' dir='ltr'>συζήσεσθαι,</span> <span class='ocrx_word' id='word_1_394' title='bbox 1053 4069 1145 4120; x_wconf 78' lang='grc' dir='ltr'>καὶ</span> <span class='ocrx_word' id='word_1_395' title='bbox 1167 4066 1303 4138; x_wconf 81' lang='grc' dir='ltr'>πρὸς</span> <span class='ocrx_word' id='word_1_396' title='bbox 1325 4067 1416 4119; x_wconf 76' lang='grc' dir='ltr'><strong>τὸν</strong></span> <span class='ocrx_word' id='word_1_397' title='bbox 1442 4066 1664 4120; x_wconf 76' lang='grc' dir='ltr'>ἐκείνων</span> 
     </span>
    </p>
   </div>
   <div class='ocr_carea' id='block_1_60' title="bbox 76 4157 1664 4235">
    <p class='ocr_par' dir='ltr' id='par_1_60' title="bbox 76 4157 1664 4235">
     <span class='ocr_line' id='line_1_60' title="bbox 76 4157 1664 4235; baseline -0.006 -17"><span class='ocrx_word' id='word_1_398' title='bbox 76 4162 422 4235; x_wconf 78' lang='grc' dir='ltr'>ἀχθήσεσθαι</span> <span class='ocrx_word' id='word_1_399' title='bbox 469 4160 692 4232; x_wconf 82' lang='grc' dir='ltr'>κλῆρον,</span> <span class='ocrx_word' id='word_1_400' title='bbox 730 4160 796 4214; x_wconf 82' lang='grc' dir='ltr'>ὃν</span> <span class='ocrx_word' id='word_1_401' title='bbox 831 4159 908 4232; x_wconf 84' lang='grc' dir='ltr'>μὴ</span> <span class='ocrx_word' id='word_1_402' title='bbox 936 4159 1162 4223; x_wconf 76' lang='grc' dir='ltr'>πολλοὺς</span> <span class='ocrx_word' id='word_1_403' title='bbox 1201 4159 1498 4230; x_wconf 77' lang='grc' dir='ltr'>ὑπομείνῃς</span> <span class='ocrx_word' id='word_1_404' title='bbox 1523 4157 1664 4228; x_wconf 83' lang='grc' dir='ltr'>ὑπὲρ</span> 
     </span>
    </p>
   </div>
   <div class='ocr_carea' id='block_1_61' title="bbox 75 4251 1665 4322">
    <p class='ocr_par' dir='ltr' id='par_1_61' title="bbox 75 4251 1665 4322">
     <span class='ocr_line' id='line_1_61' title="bbox 75 4251 1665 4322; baseline -0.003 -16"><span class='ocrx_word' id='word_1_405' title='bbox 75 4255 370 4314; x_wconf 73' lang='grc' dir='ltr'>εὐσεϐείας</span> <span class='ocrx_word' id='word_1_406' title='bbox 408 4253 717 4315; x_wconf 75' lang='grc' dir='ltr'>κινδύνους,</span> <span class='ocrx_word' id='word_1_407' title='bbox 746 4251 842 4305; x_wconf 76' lang='grc' dir='ltr'>καὶ</span> <span class='ocrx_word' id='word_1_408' title='bbox 881 4251 1196 4322; x_wconf 81' lang='grc' dir='ltr'>πολεμήσῃς</span> <span class='ocrx_word' id='word_1_409' title='bbox 1234 4253 1302 4322; x_wconf 81' lang='grc' dir='ltr'><strong>τῇ</strong></span> <span class='ocrx_word' id='word_1_410' title='bbox 1345 4251 1528 4320; x_wconf 76' lang='grc' dir='ltr'>σαρκὶ,</span> <span class='ocrx_word' id='word_1_411' title='bbox 1571 4251 1665 4302; x_wconf 74' lang='grc' dir='ltr'>καὶ</span> 
     </span>
    </p>
   </div>
   <div class='ocr_carea' id='block_1_62' title="bbox 81 4342 1663 4417">
    <p class='ocr_par' dir='ltr' id='par_1_62' title="bbox 81 4342 1663 4417">
     <span class='ocr_line' id='line_1_62' title="bbox 81 4342 1663 4417; baseline -0.004 -18"><span class='ocrx_word' id='word_1_412' title='bbox 81 4348 199 4417; x_wconf 83' lang='grc' dir='ltr'>μετ’</span> <span class='ocrx_word' id='word_1_413' title='bbox 247 4345 473 4416; x_wconf 86' lang='grc' dir='ltr'>ἐκείνης</span> <span class='ocrx_word' id='word_1_414' title='bbox 520 4343 597 4414; x_wconf 81' lang='grc' dir='ltr'>τῷ</span> <span class='ocrx_word' id='word_1_415' title='bbox 647 4343 894 4414; x_wconf 74' lang='grc' dir='ltr'>διαϐόλῳ,</span> <span class='ocrx_word' id='word_1_416' title='bbox 950 4343 1042 4394; x_wconf 56' lang='grc' dir='ltr'><strong>καὶ¹</strong></span> <span class='ocrx_word' id='word_1_417' title='bbox 1088 4342 1350 4411; x_wconf 88' lang='grc' dir='ltr'>γενναίως</span> <span class='ocrx_word' id='word_1_418' title='bbox 1404 4343 1663 4411; x_wconf 83' lang='grc' dir='ltr'>άντισχῇς</span> 
     </span>
    </p>
   </div>
   <div class='ocr_carea' id='block_1_63' title="bbox 1768 1872 3332 1943">
    <p class='ocr_par' dir='ltr' id='par_1_63' title="bbox 1768 1872 3332 1943">
     <span class='ocr_line' id='line_1_63' title="bbox 1768 1872 3332 1943; baseline 0.002 -16"><span class='ocrx_word' id='word_1_419' title='bbox 1768 1873 1929 1928; x_wconf 86' lang='lat' dir='ltr'><strong>simul</strong></span> <span class='ocrx_word' id='word_1_420' title='bbox 1954 1887 2078 1927; x_wconf 92' lang='lat' dir='ltr'><strong>cum</strong></span> <span class='ocrx_word' id='word_1_421' title='bbox 2112 1872 2407 1943; x_wconf 90' lang='lat' dir='ltr'><strong>baptismo,</strong></span> <span class='ocrx_word' id='word_1_422' title='bbox 2475 1875 2734 1929; x_wconf 89' lang='lat' dir='ltr'><strong>talentum</strong></span> <span class='ocrx_word' id='word_1_423' title='bbox 2769 1874 3054 1930; x_wconf 88' lang='lat' dir='ltr'><strong>abscondit</strong></span> <span class='ocrx_word' id='word_1_424' title='bbox 3083 1876 3137 1930; x_wconf 93' lang='lat' dir='ltr'><strong>in</strong></span> <span class='ocrx_word' id='word_1_425' title='bbox 3167 1889 3332 1938; x_wconf 87' lang='lat' dir='ltr'><strong>terra,</strong></span> 
     </span>
    </p>
   </div>
   <div class='ocr_carea' id='block_1_64' title="bbox 1762 1965 3334 2036">
    <p class='ocr_par' dir='ltr' id='par_1_64' title="bbox 1762 1965 3334 2036">
     <span class='ocr_line' id='line_1_64' title="bbox 1762 1965 3334 2036; baseline 0.001 -17"><span class='ocrx_word' id='word_1_426' title='bbox 1762 1973 1817 2019; x_wconf 87' lang='lat' dir='ltr'><strong>et</strong></span> <span class='ocrx_word' id='word_1_427' title='bbox 1860 1965 2085 2020; x_wconf 90' lang='lat' dir='ltr'><strong>omnino</strong></span> <span class='ocrx_word' id='word_1_428' title='bbox 2120 1965 2208 2019; x_wconf 90' lang='lat' dir='ltr'><strong>illa</strong></span> <span class='ocrx_word' id='word_1_429' title='bbox 2235 1965 2438 2030; x_wconf 89' lang='lat' dir='ltr'><strong>audiet,</strong></span> <span class='ocrx_word' id='word_1_430' title='bbox 2471 1981 2591 2036; x_wconf 66' lang='lat' dir='ltr'><strong>qua:</strong></span> <span class='ocrx_word' id='word_1_431' title='bbox 2621 1965 2764 2021; x_wconf 90' lang='lat' dir='ltr'><strong>dicta</strong></span> <span class='ocrx_word' id='word_1_432' title='bbox 2793 1977 2921 2021; x_wconf 89' lang='lat' dir='ltr'><strong>sunt</strong></span> <span class='ocrx_word' id='word_1_433' title='bbox 2971 1981 3130 2021; x_wconf 84' lang='lat' dir='ltr'><strong>servo</strong></span> <span class='ocrx_word' id='word_1_434' title='bbox 3157 1966 3334 2021; x_wconf 88' lang='lat' dir='ltr'><strong>otioso</strong></span> 
     </span>
    </p>
   </div>
   <div class='ocr_carea' id='block_1_65' title="bbox 1763 2053 3332 2126">
    <p class='ocr_par' dir='ltr' id='par_1_65' title="bbox 1763 2053 3332 2126">
     <span class='ocr_line' id='line_1_65' title="bbox 1763 2053 3332 2126; baseline 0.001 -17"><span class='ocrx_word' id='word_1_435' title='bbox 1763 2063 1818 2109; x_wconf 91' lang='lat' dir='ltr'><strong>et</strong></span> <span class='ocrx_word' id='word_1_436' title='bbox 1857 2055 2153 2125; x_wconf 84' lang='lat' dir='ltr'><strong>negligenti</strong></span> <span class='ocrx_word' id='word_1_437' title='bbox 2180 2055 2244 2109; x_wconf 76' lang='grc'><strong>’⁸.</strong></span> <span class='ocrx_word' id='word_1_438' title='bbox 2275 2053 2440 2111; x_wconf 79' lang='lat' dir='ltr'><strong>llecte</strong></span> <span class='ocrx_word' id='word_1_439' title='bbox 2475 2056 2541 2121; x_wconf 90' lang='lat' dir='ltr'><strong>is,</strong></span> <span class='ocrx_word' id='word_1_440' title='bbox 2574 2055 2665 2126; x_wconf 89' lang='lat' dir='ltr'><strong>qui</strong></span> <span class='ocrx_word' id='word_1_441' title='bbox 2717 2070 2801 2110; x_wconf 73' lang='grc' dir='ltr'>ρει</span> <span class='ocrx_word' id='word_1_442' title='bbox 2832 2069 3021 2112; x_wconf 86' lang='lat' dir='ltr'><strong>recens</strong></span> <span class='ocrx_word' id='word_1_443' title='bbox 3060 2056 3332 2110; x_wconf 91' lang='lat' dir='ltr'><strong>illumina-</strong></span> 
     </span>
    </p>
   </div>
   <div class='ocr_carea' id='block_1_66' title="bbox 1763 2145 3334 2219">
    <p class='ocr_par' dir='ltr' id='par_1_66' title="bbox 1763 2145 3334 2219">
     <span class='ocr_line' id='line_1_66' title="bbox 1763 2145 3334 2219; baseline -0.001 -18"><span class='ocrx_word' id='word_1_444' title='bbox 1763 2156 1874 2208; x_wconf 86' lang='lat' dir='ltr'><strong>tus,</strong></span> <span class='ocrx_word' id='word_1_445' title='bbox 1905 2150 1949 2201; x_wconf 90' lang='lat' dir='ltr'><strong>si</strong></span> <span class='ocrx_word' id='word_1_446' title='bbox 1979 2145 2103 2202; x_wconf 84' lang='lat' dir='ltr'><strong>ﬁdei</strong></span> <span class='ocrx_word' id='word_1_447' title='bbox 2150 2161 2259 2202; x_wconf 90' lang='lat' dir='ltr'><strong>non</strong></span> <span class='ocrx_word' id='word_1_448' title='bbox 2305 2148 2540 2218; x_wconf 88' lang='lat' dir='ltr'><strong>amplius</strong></span> <span class='ocrx_word' id='word_1_449' title='bbox 2575 2147 3223 2219; x_wconf 79' lang='lat' dir='ltr'><strong>mandatum-conjunxit,</strong></span> <span class='ocrx_word' id='word_1_450' title='bbox 3251 2148 3334 2201; x_wconf 87' lang='lat' dir='ltr'><strong>ui-</strong></span> 
     </span>
    </p>
   </div>
   <div class='ocr_carea' id='block_1_67' title="bbox 1765 2236 3336 2308">
    <p class='ocr_par' dir='ltr' id='par_1_67' title="bbox 1765 2236 3336 2308">
     <span class='ocr_line' id='line_1_67' title="bbox 1765 2236 3336 2308; baseline 0 -16"><span class='ocrx_word' id='word_1_451' title='bbox 1765 2238 1840 2292; x_wconf 88' lang='lat' dir='ltr'><strong>hil</strong></span> <span class='ocrx_word' id='word_1_452' title='bbox 1873 2239 2036 2293; x_wconf 86' lang='lat' dir='ltr'><strong>habet</strong></span> <span class='ocrx_word' id='word_1_453' title='bbox 2067 2238 2214 2308; x_wconf 89' lang='lat' dir='ltr'><strong>quod</strong></span> <span class='ocrx_word' id='word_1_454' title='bbox 2261 2254 2367 2294; x_wconf 93' lang='lat' dir='ltr'><strong>non</strong></span> <span class='ocrx_word' id='word_1_455' title='bbox 2417 2241 2489 2294; x_wconf 89' lang='lat' dir='ltr'><strong>sit</strong></span> <span class='ocrx_word' id='word_1_456' title='bbox 2548 2237 2710 2295; x_wconf 81' lang='lat' dir='ltr'><strong>aliine</strong></span> <span class='ocrx_word' id='word_1_457' title='bbox 2766 2239 3157 2294; x_wconf 87' lang='lat' dir='ltr'><strong>criminationi.</strong></span> <span class='ocrx_word' id='word_1_458' title='bbox 3212 2236 3336 2292; x_wconf 73' lang='lat' dir='ltr'><strong>Fuit</strong></span> 
     </span>
    </p>
   </div>
   <div class='ocr_carea' id='block_1_68' title="bbox 1764 2326 3333 2393">
    <p class='ocr_par' dir='ltr' id='par_1_68' title="bbox 1764 2326 3333 2393">
     <span class='ocr_line' id='line_1_68' title="bbox 1764 2326 3333 2393; baseline 0.003 -13"><span class='ocrx_word' id='word_1_459' title='bbox 1764 2326 2012 2390; x_wconf 80' lang='lat' dir='ltr'><strong>vinctus,</strong></span> <span class='ocrx_word' id='word_1_460' title='bbox 2087 2329 2574 2384; x_wconf 81' lang='lat' dir='ltr'><strong>innumerabilibus</strong></span> <span class='ocrx_word' id='word_1_461' title='bbox 2647 2328 2971 2386; x_wconf 81' lang='lat' dir='ltr'><strong>criminibus</strong></span> <span class='ocrx_word' id='word_1_462' title='bbox 3045 2329 3333 2393; x_wconf 86' lang='lat' dir='ltr'><strong>obnoxius,</strong></span> 
     </span>
    </p>
   </div>
   <div class='ocr_carea' id='block_1_69' title="bbox 1763 2419 3337 2492">
    <p class='ocr_par' dir='ltr' id='par_1_69' title="bbox 1763 2419 3337 2492">
     <span class='ocr_line' id='line_1_69' title="bbox 1763 2419 3337 2492; baseline 0.003 -20"><span class='ocrx_word' id='word_1_463' title='bbox 1763 2419 1966 2475; x_wconf 84' lang='lat' dir='ltr'><strong>timens</strong></span> <span class='ocrx_word' id='word_1_464' title='bbox 2013 2419 2303 2490; x_wconf 84' lang='lat' dir='ltr'><strong>judicium,</strong></span> <span class='ocrx_word' id='word_1_465' title='bbox 2337 2420 2568 2477; x_wconf 84' lang='lat' dir='ltr'><strong>horrens</strong></span> <span class='ocrx_word' id='word_1_466' title='bbox 2608 2431 2823 2492; x_wconf 82' lang='lat' dir='ltr'><strong>tempus</strong></span> <span class='ocrx_word' id='word_1_467' title='bbox 2853 2421 3139 2478; x_wconf 78' lang='lat' dir='ltr'><strong>reddenda:</strong></span> <span class='ocrx_word' id='word_1_468' title='bbox 3174 2423 3337 2476; x_wconf 83' lang='lat' dir='ltr'><strong>ratic-</strong></span> 
     </span>
    </p>
   </div>
   <div class='ocr_carea' id='block_1_70' title="bbox 1766 2508 3336 2584">
    <p class='ocr_par' dir='ltr' id='par_1_70' title="bbox 1766 2508 3336 2584">
     <span class='ocr_line' id='line_1_70' title="bbox 1766 2508 3336 2584; baseline 0.002 -19"><span class='ocrx_word' id='word_1_469' title='bbox 1766 2511 1872 2566; x_wconf 90' lang='lat' dir='ltr'><strong>nis.</strong></span> <span class='ocrx_word' id='word_1_470' title='bbox 1917 2508 2078 2566; x_wconf 81' lang='lat' dir='ltr'><strong>Venit</strong></span> <span class='ocrx_word' id='word_1_471' title='bbox 2110 2521 2333 2583; x_wconf 90' lang='lat' dir='ltr'><strong>repente</strong></span> <span class='ocrx_word' id='word_1_472' title='bbox 2353 2513 2514 2583; x_wconf 66' lang='grc' dir='ltr'><strong>,τρεῖς</strong></span> <span class='ocrx_word' id='word_1_473' title='bbox 2556 2512 2884 2584; x_wconf 79' lang='lat' dir='ltr'><strong>benignitas,</strong></span> <span class='ocrx_word' id='word_1_474' title='bbox 2918 2515 3131 2583; x_wconf 88' lang='lat' dir='ltr'><strong>aperuit</strong></span> <span class='ocrx_word' id='word_1_475' title='bbox 3150 2527 3336 2569; x_wconf 84' lang='lat' dir='ltr'><strong>carce-</strong></span> 
     </span>
    </p>
   </div>
   <div class='ocr_carea' id='block_1_71' title="bbox 1765 2604 3332 2676">
    <p class='ocr_par' dir='ltr' id='par_1_71' title="bbox 1765 2604 3332 2676">
     <span class='ocr_line' id='line_1_71' title="bbox 1765 2604 3332 2676; baseline 0 -19"><span class='ocrx_word' id='word_1_476' title='bbox 1765 2619 1902 2666; x_wconf 84' lang='lat' dir='ltr'><strong>rem.</strong></span> <span class='ocrx_word' id='word_1_477' title='bbox 1932 2604 2142 2662; x_wconf 87' lang='lat' dir='ltr'><strong>dimisit</strong></span> <span class='ocrx_word' id='word_1_478' title='bbox 2203 2607 2400 2660; x_wconf 88' lang='lat' dir='ltr'><strong>malos.</strong></span> <span class='ocrx_word' id='word_1_479' title='bbox 2443 2606 2549 2672; x_wconf 87' lang='lat' dir='ltr'><strong>Qui</strong></span> <span class='ocrx_word' id='word_1_480' title='bbox 2600 2605 2750 2661; x_wconf 90' lang='lat' dir='ltr'><strong>dedit</strong></span> <span class='ocrx_word' id='word_1_481' title='bbox 2803 2605 3022 2676; x_wconf 89' lang='lat' dir='ltr'><strong>quidem</strong></span> <span class='ocrx_word' id='word_1_482' title='bbox 3074 2606 3332 2676; x_wconf 84' lang='lat' dir='ltr'><strong>gratiam,</strong></span> 
     </span>
    </p>
   </div>
   <div class='ocr_carea' id='block_1_72' title="bbox 1769 2693 3337 2763">
    <p class='ocr_par' dir='ltr' id='par_1_72' title="bbox 1769 2693 3337 2763">
     <span class='ocr_line' id='line_1_72' title="bbox 1769 2693 3337 2763; baseline 0 -15"><span class='ocrx_word' id='word_1_483' title='bbox 1769 2694 2019 2748; x_wconf 87' lang='lat' dir='ltr'><strong>laudibus</strong></span> <span class='ocrx_word' id='word_1_484' title='bbox 2075 2693 2404 2757; x_wconf 85' lang='lat' dir='ltr'><strong>celebretur,</strong></span> <span class='ocrx_word' id='word_1_485' title='bbox 2464 2704 2518 2749; x_wconf 89' lang='lat' dir='ltr'><strong>et</strong></span> <span class='ocrx_word' id='word_1_486' title='bbox 2558 2695 2650 2763; x_wconf 93' lang='lat' dir='ltr'><strong>qui</strong></span> <span class='ocrx_word' id='word_1_487' title='bbox 2715 2709 2814 2749; x_wconf 91' lang='lat' dir='ltr'><strong>sua</strong></span> <span class='ocrx_word' id='word_1_488' title='bbox 2872 2695 3135 2750; x_wconf 89' lang='lat' dir='ltr'><strong>bonitatis</strong></span> <span class='ocrx_word' id='word_1_489' title='bbox 3165 2695 3337 2750; x_wconf 89' lang='lat' dir='ltr'><strong>abun-</strong></span> 
     </span>
    </p>
   </div>
   <div class='ocr_carea' id='block_1_73' title="bbox 1765 2785 3324 2855">
    <p class='ocr_par' dir='ltr' id='par_1_73' title="bbox 1765 2785 3324 2855">
     <span class='ocr_line' id='line_1_73' title="bbox 1765 2785 3324 2855; baseline 0.001 -16"><span class='ocrx_word' id='word_1_490' title='bbox 1765 2785 1951 2839; x_wconf 89' lang='lat' dir='ltr'><strong>dantia</strong></span> <span class='ocrx_word' id='word_1_491' title='bbox 1985 2785 2326 2840; x_wconf 86' lang='lat' dir='ltr'><strong>conservavit</strong></span> <span class='ocrx_word' id='word_1_492' title='bbox 2356 2800 2472 2849; x_wconf 87' lang='lat' dir='ltr'><strong>eos,</strong></span> <span class='ocrx_word' id='word_1_493' title='bbox 2495 2787 2588 2855; x_wconf 86' lang='lat' dir='ltr'><strong>qui</strong></span> <span class='ocrx_word' id='word_1_494' title='bbox 2647 2800 2756 2838; x_wconf 92' lang='lat' dir='ltr'><strong>non</strong></span> <span class='ocrx_word' id='word_1_495' title='bbox 2801 2785 3096 2854; x_wconf 85' lang='lat' dir='ltr'><strong>sperabant</strong></span> <span class='ocrx_word' id='word_1_496' title='bbox 3127 2786 3324 2840; x_wconf 79' lang='lat' dir='ltr'><strong>vivere.</strong></span> 
     </span>
    </p>
   </div>
   <div class='ocr_carea' id='block_1_74' title="bbox 1767 2876 3332 2948">
    <p class='ocr_par' dir='ltr' id='par_1_74' title="bbox 1767 2876 3332 2948">
     <span class='ocr_line' id='line_1_74' title="bbox 1767 2876 3332 2948; baseline 0.001 -18"><span class='ocrx_word' id='word_1_497' title='bbox 1767 2876 1887 2948; x_wconf 90' lang='lat' dir='ltr'><strong>lpse</strong></span> <span class='ocrx_word' id='word_1_498' title='bbox 1924 2887 2104 2932; x_wconf 89' lang='lat' dir='ltr'><strong>autem</strong></span> <span class='ocrx_word' id='word_1_499' title='bbox 2141 2878 2380 2946; x_wconf 89' lang='lat' dir='ltr'><strong>seipsum</strong></span> <span class='ocrx_word' id='word_1_500' title='bbox 2435 2885 2750 2946; x_wconf 83' lang='lat' dir='ltr'><strong>cegnoscat,</strong></span> <span class='ocrx_word' id='word_1_501' title='bbox 2777 2886 2829 2930; x_wconf 83' lang='lat' dir='ltr'><strong>et</strong></span> <span class='ocrx_word' id='word_1_502' title='bbox 2863 2877 3022 2947; x_wconf 87' lang='lat' dir='ltr'><strong>degat</strong></span> <span class='ocrx_word' id='word_1_503' title='bbox 3060 2877 3112 2931; x_wconf 90' lang='lat' dir='ltr'><strong>in</strong></span> <span class='ocrx_word' id='word_1_504' title='bbox 3146 2877 3332 2931; x_wconf 83' lang='lat' dir='ltr'><strong>humi-</strong></span> 
     </span>
    </p>
   </div>
   <div class='ocr_carea' id='block_1_75' title="bbox 1770 2967 3329 3038">
    <p class='ocr_par' dir='ltr' id='par_1_75' title="bbox 1770 2967 3329 3038">
     <span class='ocr_line' id='line_1_75' title="bbox 1770 2967 3329 3038; baseline 0.001 -16"><span class='ocrx_word' id='word_1_505' title='bbox 1770 2970 1953 3023; x_wconf 88' lang='lat' dir='ltr'><strong>litate:</strong></span> <span class='ocrx_word' id='word_1_506' title='bbox 1991 2983 2096 3022; x_wconf 90' lang='lat' dir='ltr'><strong>non</strong></span> <span class='ocrx_word' id='word_1_507' title='bbox 2132 2969 2204 3021; x_wconf 90' lang='lat' dir='ltr'><strong>ita</strong></span> <span class='ocrx_word' id='word_1_508' title='bbox 2229 2970 2300 3022; x_wconf 85' lang='lat' dir='ltr'><strong>sit</strong></span> <span class='ocrx_word' id='word_1_509' title='bbox 2353 2967 2600 3033; x_wconf 76' lang='lat' dir='ltr'><strong>allectus,</strong></span> <span class='ocrx_word' id='word_1_510' title='bbox 2632 2978 2889 3038; x_wconf 88' lang='lat' dir='ltr'><strong>tanquam</strong></span> <span class='ocrx_word' id='word_1_511' title='bbox 2942 2969 3140 3038; x_wconf 90' lang='lat' dir='ltr'><strong>aliquid</strong></span> <span class='ocrx_word' id='word_1_512' title='bbox 3192 2985 3329 3038; x_wconf 77' lang='lat' dir='ltr'><strong>pra:-</strong></span> 
     </span>
    </p>
   </div>
   <div class='ocr_carea' id='block_1_76' title="bbox 1769 3059 3333 3130">
    <p class='ocr_par' dir='ltr' id='par_1_76' title="bbox 1769 3059 3333 3130">
     <span class='ocr_line' id='line_1_76' title="bbox 1769 3059 3333 3130; baseline -0.001 -18"><span class='ocrx_word' id='word_1_513' title='bbox 1769 3062 1976 3114; x_wconf 86' lang='lat' dir='ltr'><strong>clarum</strong></span> <span class='ocrx_word' id='word_1_514' title='bbox 2010 3059 2262 3130; x_wconf 84' lang='lat' dir='ltr'><strong>gesserit,</strong></span> <span class='ocrx_word' id='word_1_515' title='bbox 2297 3063 2556 3130; x_wconf 89' lang='lat' dir='ltr'><strong>quoniam</strong></span> <span class='ocrx_word' id='word_1_516' title='bbox 2585 3061 2797 3115; x_wconf 88' lang='lat' dir='ltr'><strong>solutus</strong></span> <span class='ocrx_word' id='word_1_517' title='bbox 2827 3069 2910 3115; x_wconf 89' lang='lat' dir='ltr'><strong>est</strong></span> <span class='ocrx_word' id='word_1_518' title='bbox 2943 3060 3194 3114; x_wconf 74' lang='lat' dir='ltr'><strong>vinculis.</strong></span> <span class='ocrx_word' id='word_1_519' title='bbox 3220 3060 3333 3113; x_wconf 82' lang='lat' dir='ltr'><strong>Cri-</strong></span> 
     </span>
    </p>
   </div>
   <div class='ocr_carea' id='block_1_77' title="bbox 1771 3150 3332 3218">
    <p class='ocr_par' dir='ltr' id='par_1_77' title="bbox 1771 3150 3332 3218">
     <span class='ocr_line' id='line_1_77' title="bbox 1771 3150 3332 3218; baseline 0 -14"><span class='ocrx_word' id='word_1_520' title='bbox 1771 3151 1977 3205; x_wconf 89' lang='lat' dir='ltr'><strong>minum</strong></span> <span class='ocrx_word' id='word_1_521' title='bbox 2006 3151 2150 3206; x_wconf 89' lang='lat' dir='ltr'><strong>enim</strong></span> <span class='ocrx_word' id='word_1_522' title='bbox 2185 3150 2437 3206; x_wconf 89' lang='lat' dir='ltr'><strong>remissio</strong></span> <span class='ocrx_word' id='word_1_523' title='bbox 2473 3160 2706 3206; x_wconf 89' lang='lat' dir='ltr'><strong>testatur</strong></span> <span class='ocrx_word' id='word_1_524' title='bbox 2750 3152 3176 3205; x_wconf 78' lang='lat' dir='ltr'><strong>misericordiam</strong></span> <span class='ocrx_word' id='word_1_525' title='bbox 3212 3151 3332 3218; x_wconf 86' lang='lat' dir='ltr'><strong>ejus</strong></span> 
     </span>
    </p>
   </div>
   <div class='ocr_carea' id='block_1_78' title="bbox 1765 3242 3329 3312">
    <p class='ocr_par' dir='ltr' id='par_1_78' title="bbox 1765 3242 3329 3312">
     <span class='ocr_line' id='line_1_78' title="bbox 1765 3242 3329 3312; baseline 0.002 -18"><span class='ocrx_word' id='word_1_526' title='bbox 1765 3243 1857 3311; x_wconf 90' lang='lat' dir='ltr'><strong>qui</strong></span> <span class='ocrx_word' id='word_1_527' title='bbox 1891 3243 2186 3306; x_wconf 82' lang='lat' dir='ltr'><strong>concessit,</strong></span> <span class='ocrx_word' id='word_1_528' title='bbox 2224 3259 2330 3296; x_wconf 89' lang='lat' dir='ltr'><strong>non</strong></span> <span class='ocrx_word' id='word_1_529' title='bbox 2354 3253 2531 3296; x_wconf 86' lang='lat' dir='ltr'><strong>autem</strong></span> <span class='ocrx_word' id='word_1_530' title='bbox 2556 3243 2700 3312; x_wconf 87' lang='lat' dir='ltr'><strong>quod</strong></span> <span class='ocrx_word' id='word_1_531' title='bbox 2731 3258 2790 3298; x_wconf 89' lang='lat' dir='ltr'><strong>se</strong></span> <span class='ocrx_word' id='word_1_532' title='bbox 2829 3252 2975 3297; x_wconf 88' lang='lat' dir='ltr'><strong>recte</strong></span> <span class='ocrx_word' id='word_1_533' title='bbox 3004 3242 3236 3311; x_wconf 82' lang='lat' dir='ltr'><strong>gesserit</strong></span> <span class='ocrx_word' id='word_1_534' title='bbox 3263 3242 3329 3305; x_wconf 88' lang='lat' dir='ltr'><strong>is,</strong></span> 
     </span>
    </p>
   </div>
   <div class='ocr_carea' id='block_1_79' title="bbox 1765 3333 3330 3404">
    <p class='ocr_par' dir='ltr' id='par_1_79' title="bbox 1765 3333 3330 3404">
     <span class='ocr_line' id='line_1_79' title="bbox 1765 3333 3330 3404; baseline 0 -16"><span class='ocrx_word' id='word_1_535' title='bbox 1765 3337 1856 3403; x_wconf 89' lang='lat' dir='ltr'><strong>qui</strong></span> <span class='ocrx_word' id='word_1_536' title='bbox 1897 3333 2000 3387; x_wconf 80' lang='lat' dir='ltr'><strong>fuit</strong></span> <span class='ocrx_word' id='word_1_537' title='bbox 2026 3335 2308 3390; x_wconf 84' lang='lat' dir='ltr'><strong>dimissus.</strong></span> <span class='ocrx_word' id='word_1_538' title='bbox 2342 3334 2388 3390; x_wconf 81' lang='lat' dir='ltr'><strong>Is</strong></span> <span class='ocrx_word' id='word_1_539' title='bbox 2417 3335 2507 3404; x_wconf 88' lang='lat' dir='ltr'><strong>qui</strong></span> <span class='ocrx_word' id='word_1_540' title='bbox 2551 3336 2826 3389; x_wconf 84' lang='lat' dir='ltr'><strong>lavacrum</strong></span> <span class='ocrx_word' id='word_1_541' title='bbox 2865 3335 3072 3404; x_wconf 89' lang='lat' dir='ltr'><strong>accepit</strong></span> <span class='ocrx_word' id='word_1_542' title='bbox 3106 3350 3330 3404; x_wconf 81' lang='lat' dir='ltr'><strong>regene—</strong></span> 
     </span>
    </p>
   </div>
   <div class='ocr_carea' id='block_1_80' title="bbox 1769 3425 3332 3495">
    <p class='ocr_par' dir='ltr' id='par_1_80' title="bbox 1769 3425 3332 3495">
     <span class='ocr_line' id='line_1_80' title="bbox 1769 3425 3332 3495; baseline 0 -15"><span class='ocrx_word' id='word_1_543' title='bbox 1769 3427 2020 3491; x_wconf 85' lang='lat' dir='ltr'><strong>rationis,</strong></span> <span class='ocrx_word' id='word_1_544' title='bbox 2054 3436 2140 3481; x_wconf 90' lang='lat' dir='ltr'><strong>est</strong></span> <span class='ocrx_word' id='word_1_545' title='bbox 2185 3425 2380 3482; x_wconf 90' lang='lat' dir='ltr'><strong>similis</strong></span> <span class='ocrx_word' id='word_1_546' title='bbox 2414 3441 2556 3480; x_wconf 88' lang='lat' dir='ltr'><strong>novo</strong></span> <span class='ocrx_word' id='word_1_547' title='bbox 2589 3426 2767 3492; x_wconf 90' lang='lat' dir='ltr'><strong>militi,</strong></span> <span class='ocrx_word' id='word_1_548' title='bbox 2799 3425 2891 3495; x_wconf 87' lang='lat' dir='ltr'><strong>qui</strong></span> <span class='ocrx_word' id='word_1_549' title='bbox 2925 3441 3095 3495; x_wconf 85' lang='lat' dir='ltr'><strong>nuper</strong></span> <span class='ocrx_word' id='word_1_550' title='bbox 3125 3427 3226 3479; x_wconf 83' lang='lat' dir='ltr'><strong>luit</strong></span> <span class='ocrx_word' id='word_1_551' title='bbox 3253 3441 3332 3480; x_wconf 87' lang='lat' dir='ltr'><strong>re-</strong></span> 
     </span>
    </p>
   </div>
   <div class='ocr_carea' id='block_1_81' title="bbox 1768 3519 3330 3590">
    <p class='ocr_par' dir='ltr' id='par_1_81' title="bbox 1768 3519 3330 3590">
     <span class='ocr_line' id='line_1_81' title="bbox 1768 3519 3330 3590; baseline -0.001 -18"><span class='ocrx_word' id='word_1_552' title='bbox 1768 3522 1908 3574; x_wconf 89' lang='lat' dir='ltr'><strong>latus</strong></span> <span class='ocrx_word' id='word_1_553' title='bbox 1949 3519 2000 3572; x_wconf 88' lang='lat' dir='ltr'><strong>in</strong></span> <span class='ocrx_word' id='word_1_554' title='bbox 2040 3533 2323 3573; x_wconf 86' lang='lat' dir='ltr'><strong>munerum</strong></span> <span class='ocrx_word' id='word_1_555' title='bbox 2373 3519 2631 3582; x_wconf 88' lang='lat' dir='ltr'><strong>militum,</strong></span> <span class='ocrx_word' id='word_1_556' title='bbox 2667 3519 2904 3574; x_wconf 92' lang='lat' dir='ltr'><strong>nondum</strong></span> <span class='ocrx_word' id='word_1_557' title='bbox 2947 3527 3126 3572; x_wconf 90' lang='lat' dir='ltr'><strong>autem</strong></span> <span class='ocrx_word' id='word_1_558' title='bbox 3168 3519 3330 3590; x_wconf 90' lang='lat' dir='ltr'><strong>quid-</strong></span> 
     </span>
    </p>
   </div>
   <div class='ocr_carea' id='block_1_82' title="bbox 1765 3611 3330 3682">
    <p class='ocr_par' dir='ltr' id='par_1_82' title="bbox 1765 3611 3330 3682">
     <span class='ocr_line' id='line_1_82' title="bbox 1765 3611 3330 3682; baseline 0.002 -19"><span class='ocrx_word' id='word_1_559' title='bbox 1765 3627 1927 3680; x_wconf 90' lang='lat' dir='ltr'><strong>quam</strong></span> <span class='ocrx_word' id='word_1_560' title='bbox 1956 3615 2067 3682; x_wconf 88' lang='lat' dir='ltr'><strong>egit</strong></span> <span class='ocrx_word' id='word_1_561' title='bbox 2101 3613 2420 3681; x_wconf 53' lang='lat' dir='ltr'><strong>praclarum</strong></span> <span class='ocrx_word' id='word_1_562' title='bbox 2448 3622 2541 3666; x_wconf 90' lang='lat' dir='ltr'><strong>aut</strong></span> <span class='ocrx_word' id='word_1_563' title='bbox 2577 3611 2702 3666; x_wconf 77' lang='lat' dir='ltr'><strong>forti</strong></span> <span class='ocrx_word' id='word_1_564' title='bbox 2740 3611 2910 3664; x_wconf 89' lang='lat' dir='ltr'><strong>milite</strong></span> <span class='ocrx_word' id='word_1_565' title='bbox 2938 3611 3182 3681; x_wconf 90' lang='lat' dir='ltr'><strong>dignum.</strong></span> <span class='ocrx_word' id='word_1_566' title='bbox 3212 3611 3330 3678; x_wconf 84' lang='lat' dir='ltr'><strong>Quo</strong></span> 
     </span>
    </p>
   </div>
   <div class='ocr_carea' id='block_1_83' title="bbox 1765 3703 3327 3774">
    <p class='ocr_par' dir='ltr' id='par_1_83' title="bbox 1765 3703 3327 3774">
     <span class='ocr_line' id='line_1_83' title="bbox 1765 3703 3327 3774; baseline 0.001 -17"><span class='ocrx_word' id='word_1_567' title='bbox 1765 3705 1927 3757; x_wconf 92' lang='lat' dir='ltr'><strong>modo</strong></span> <span class='ocrx_word' id='word_1_568' title='bbox 1948 3719 2074 3774; x_wconf 88' lang='lat' dir='ltr'><strong>ergo</strong></span> <span class='ocrx_word' id='word_1_569' title='bbox 2095 3704 2184 3758; x_wconf 91' lang='lat' dir='ltr'><strong>ille</strong></span> <span class='ocrx_word' id='word_1_570' title='bbox 2205 3720 2340 3757; x_wconf 73' lang='lat' dir='ltr'><strong>zona</strong></span> <span class='ocrx_word' id='word_1_571' title='bbox 2366 3703 2668 3765; x_wconf 78' lang='lat' dir='ltr'><strong>accinctus,</strong></span> <span class='ocrx_word' id='word_1_572' title='bbox 2688 3715 2740 3757; x_wconf 92' lang='lat' dir='ltr'><strong>et</strong></span> <span class='ocrx_word' id='word_1_573' title='bbox 2768 3703 3051 3773; x_wconf 73' lang='lat' dir='ltr'><strong>chlamyde</strong></span> <span class='ocrx_word' id='word_1_574' title='bbox 3083 3703 3327 3765; x_wconf 86' lang='lat' dir='ltr'><strong>indutus,</strong></span> 
     </span>
    </p>
   </div>
   <div class='ocr_carea' id='block_1_84' title="bbox 1765 3794 3328 3864">
    <p class='ocr_par' dir='ltr' id='par_1_84' title="bbox 1765 3794 3328 3864">
     <span class='ocr_line' id='line_1_84' title="bbox 1765 3794 3328 3864; baseline -0.001 -15"><span class='ocrx_word' id='word_1_575' title='bbox 1765 3811 1874 3849; x_wconf 87' lang='lat' dir='ltr'><strong>non</strong></span> <span class='ocrx_word' id='word_1_576' title='bbox 1908 3811 1965 3849; x_wconf 91' lang='lat' dir='ltr'><strong>se</strong></span> <span class='ocrx_word' id='word_1_577' title='bbox 1993 3796 2177 3850; x_wconf 82' lang='lat' dir='ltr'><strong>statim</strong></span> <span class='ocrx_word' id='word_1_578' title='bbox 2223 3795 2500 3848; x_wconf 70' lang='lat' dir='ltr'><strong>existimat</strong></span> <span class='ocrx_word' id='word_1_579' title='bbox 2534 3795 2710 3848; x_wconf 84' lang='lat' dir='ltr'><strong>virum</strong></span> <span class='ocrx_word' id='word_1_580' title='bbox 2738 3794 2951 3855; x_wconf 80' lang='lat' dir='ltr'><strong>fortem,</strong></span> <span class='ocrx_word' id='word_1_581' title='bbox 2996 3810 3170 3864; x_wconf 90' lang='lat' dir='ltr'><strong>neque</strong></span> <span class='ocrx_word' id='word_1_582' title='bbox 3194 3811 3328 3849; x_wconf 78' lang='lat' dir='ltr'><strong>con-</strong></span> 
     </span>
    </p>
   </div>
   <div class='ocr_carea' id='block_1_85' title="bbox 1766 3884 3330 3956">
    <p class='ocr_par' dir='ltr' id='par_1_85' title="bbox 1766 3884 3330 3956">
     <span class='ocr_line' id='line_1_85' title="bbox 1766 3884 3330 3956; baseline 0 -17"><span class='ocrx_word' id='word_1_583' title='bbox 1766 3886 1993 3940; x_wconf 85' lang='lat' dir='ltr'><strong>lidentcr</strong></span> <span class='ocrx_word' id='word_1_584' title='bbox 2039 3886 2305 3940; x_wconf 84' lang='lat' dir='ltr'><strong>accedens</strong></span> <span class='ocrx_word' id='word_1_585' title='bbox 2338 3884 2404 3937; x_wconf 90' lang='lat' dir='ltr'><strong>ad</strong></span> <span class='ocrx_word' id='word_1_586' title='bbox 2461 3900 2663 3956; x_wconf 81' lang='lat' dir='ltr'><strong>regem,</strong></span> <span class='ocrx_word' id='word_1_587' title='bbox 2707 3900 2830 3939; x_wconf 91' lang='lat' dir='ltr'><strong>cum</strong></span> <span class='ocrx_word' id='word_1_588' title='bbox 2877 3886 3170 3955; x_wconf 80' lang='lat' dir='ltr'><strong>alloquitur</strong></span> <span class='ocrx_word' id='word_1_589' title='bbox 3213 3895 3330 3939; x_wconf 87' lang='lat' dir='ltr'><strong>tan-</strong></span> 
     </span>
    </p>
   </div>
   <div class='ocr_carea' id='block_1_86' title="bbox 1763 3975 3328 4048">
    <p class='ocr_par' dir='ltr' id='par_1_86' title="bbox 1763 3975 3328 4048">
     <span class='ocr_line' id='line_1_86' title="bbox 1763 3975 3328 4048; baseline 0.001 -17"><span class='ocrx_word' id='word_1_590' title='bbox 1763 3992 1926 4048; x_wconf 85' lang='lat' dir='ltr'><strong>quam</strong></span> <span class='ocrx_word' id='word_1_591' title='bbox 1961 3975 2278 4038; x_wconf 81' lang='lat' dir='ltr'><strong>familiaris,</strong></span> <span class='ocrx_word' id='word_1_592' title='bbox 2330 3990 2504 4043; x_wconf 89' lang='lat' dir='ltr'><strong>neque</strong></span> <span class='ocrx_word' id='word_1_593' title='bbox 2552 3977 2686 4045; x_wconf 86' lang='lat' dir='ltr'><strong>petit</strong></span> <span class='ocrx_word' id='word_1_594' title='bbox 2735 3977 3010 4039; x_wconf 76' lang='lat' dir='ltr'><strong>beneﬁcia.</strong></span> <span class='ocrx_word' id='word_1_595' title='bbox 3051 3995 3172 4047; x_wconf 69' lang='lat' dir='ltr'><strong>quse</strong></span> <span class='ocrx_word' id='word_1_596' title='bbox 3232 3979 3328 4048; x_wconf 86' lang='lat' dir='ltr'><strong>qui</strong></span> 
     </span>
    </p>
   </div>
   <div class='ocr_carea' id='block_1_87' title="bbox 1764 4069 3326 4136">
    <p class='ocr_par' dir='ltr' id='par_1_87' title="bbox 1764 4069 3326 4136">
     <span class='ocr_line' id='line_1_87' title="bbox 1764 4069 3326 4136; baseline -0.003 -12"><span class='ocrx_word' id='word_1_597' title='bbox 1764 4070 2168 4130; x_wconf 81' lang='lat' dir='ltr'><strong>laboraverunt,</strong></span> <span class='ocrx_word' id='word_1_598' title='bbox 2206 4077 2260 4119; x_wconf 93' lang='lat' dir='ltr'><strong>et</strong></span> <span class='ocrx_word' id='word_1_599' title='bbox 2289 4083 2348 4120; x_wconf 87' lang='lat' dir='ltr'><strong>se</strong></span> <span class='ocrx_word' id='word_1_600' title='bbox 2397 4075 2619 4121; x_wconf 87' lang='lat' dir='ltr'><strong>strenue</strong></span> <span class='ocrx_word' id='word_1_601' title='bbox 2647 4078 2962 4136; x_wconf 87' lang='lat' dir='ltr'><strong>gesserunt;</strong></span> <span class='ocrx_word' id='word_1_602' title='bbox 2995 4069 3067 4122; x_wconf 92' lang='lat' dir='ltr'><strong>ita</strong></span> <span class='ocrx_word' id='word_1_603' title='bbox 3121 4086 3216 4121; x_wconf 82' lang='lat' dir='ltr'><strong>nec</strong></span> <span class='ocrx_word' id='word_1_604' title='bbox 3248 4079 3326 4135; x_wconf 86' lang='lat' dir='ltr'><strong>tu,</strong></span> 
     </span>
    </p>
   </div>
   <div class='ocr_carea' id='block_1_88' title="bbox 1765 4159 3329 4231">
    <p class='ocr_par' dir='ltr' id='par_1_88' title="bbox 1765 4159 3329 4231">
     <span class='ocr_line' id='line_1_88' title="bbox 1765 4159 3329 4231; baseline 0.001 -18"><span class='ocrx_word' id='word_1_605' title='bbox 1765 4162 1996 4231; x_wconf 84' lang='lat' dir='ltr'><strong>gratiam</strong></span> <span class='ocrx_word' id='word_1_606' title='bbox 2043 4168 2353 4220; x_wconf 85' lang='lat' dir='ltr'><strong>assecutus,</strong></span> <span class='ocrx_word' id='word_1_607' title='bbox 2388 4168 2547 4228; x_wconf 89' lang='lat' dir='ltr'><strong>putes</strong></span> <span class='ocrx_word' id='word_1_608' title='bbox 2582 4159 2697 4213; x_wconf 77' lang='lat' dir='ltr'><strong>fore</strong></span> <span class='ocrx_word' id='word_1_609' title='bbox 2733 4169 2788 4212; x_wconf 92' lang='lat' dir='ltr'><strong>ut</strong></span> <span class='ocrx_word' id='word_1_610' title='bbox 2818 4160 2965 4215; x_wconf 81' lang='lat' dir='ltr'><strong>vivas</strong></span> <span class='ocrx_word' id='word_1_611' title='bbox 2992 4176 3114 4214; x_wconf 90' lang='lat' dir='ltr'><strong>cum</strong></span> <span class='ocrx_word' id='word_1_612' title='bbox 3141 4161 3329 4230; x_wconf 88' lang='lat' dir='ltr'><strong>justis,</strong></span> 
     </span>
    </p>
   </div>
   <div class='ocr_carea' id='block_1_89' title="bbox 1763 4249 3328 4322">
    <p class='ocr_par' dir='ltr' id='par_1_89' title="bbox 1763 4249 3328 4322">
     <span class='ocr_line' id='line_1_89' title="bbox 1763 4249 3328 4322; baseline -0.001 -16"><span class='ocrx_word' id='word_1_613' title='bbox 1763 4261 1816 4306; x_wconf 90' lang='lat' dir='ltr'><strong>et</strong></span> <span class='ocrx_word' id='word_1_614' title='bbox 1844 4252 1912 4305; x_wconf 91' lang='lat' dir='ltr'><strong>ad</strong></span> <span class='ocrx_word' id='word_1_615' title='bbox 1940 4251 2154 4305; x_wconf 92' lang='lat' dir='ltr'><strong>illorum</strong></span> <span class='ocrx_word' id='word_1_616' title='bbox 2181 4249 2403 4305; x_wconf 90' lang='lat' dir='ltr'><strong>ducaris</strong></span> <span class='ocrx_word' id='word_1_617' title='bbox 2435 4250 2825 4314; x_wconf 72' lang='lat' dir='ltr'><strong>hmreditatem,</strong></span> <span class='ocrx_word' id='word_1_618' title='bbox 2862 4251 2964 4306; x_wconf 92' lang='lat' dir='ltr'><strong>nisi</strong></span> <span class='ocrx_word' id='word_1_619' title='bbox 2994 4268 3090 4320; x_wconf 87' lang='lat' dir='ltr'><strong>pro</strong></span> <span class='ocrx_word' id='word_1_620' title='bbox 3122 4253 3328 4322; x_wconf 87' lang='lat' dir='ltr'><strong>pietate</strong></span> 
     </span>
    </p>
   </div>
   <div class='ocr_carea' id='block_1_90' title="bbox 1765 4340 3330 4412">
    <p class='ocr_par' dir='ltr' id='par_1_90' title="bbox 1765 4340 3330 4412">
     <span class='ocr_line' id='line_1_90' title="bbox 1765 4340 3330 4412; baseline 0.001 -18"><span class='ocrx_word' id='word_1_621' title='bbox 1765 4343 1937 4395; x_wconf 90' lang='lat' dir='ltr'><strong>multa</strong></span> <span class='ocrx_word' id='word_1_622' title='bbox 1967 4342 2132 4397; x_wconf 88' lang='lat' dir='ltr'><strong>adeas</strong></span> <span class='ocrx_word' id='word_1_623' title='bbox 2157 4340 2418 4410; x_wconf 88' lang='lat' dir='ltr'><strong>pericula,</strong></span> <span class='ocrx_word' id='word_1_624' title='bbox 2463 4350 2517 4395; x_wconf 90' lang='lat' dir='ltr'><strong>et</strong></span> <span class='ocrx_word' id='word_1_625' title='bbox 2550 4357 2674 4395; x_wconf 90' lang='lat' dir='ltr'><strong>etnn</strong></span> <span class='ocrx_word' id='word_1_626' title='bbox 2707 4357 2871 4397; x_wconf 90' lang='lat' dir='ltr'><strong>carne</strong></span> <span class='ocrx_word' id='word_1_627' title='bbox 2917 4343 3117 4397; x_wconf 89' lang='lat' dir='ltr'><strong>bellum</strong></span> <span class='ocrx_word' id='word_1_628' title='bbox 3150 4358 3330 4412; x_wconf 83' lang='lat' dir='ltr'><strong>geras,</strong></span> 
     </span>
    </p>
   </div>
   <div class='ocr_carea' id='block_1_91' title="bbox 75 4431 1662 4507">
    <p class='ocr_par' dir='ltr' id='par_1_91' title="bbox 75 4431 1657 4507">
     <span class='ocr_line' id='line_1_91' title="bbox 75 4431 1657 4507; baseline -0.002 -19"><span class='ocrx_word' id='word_1_629' title='bbox 75 4437 216 4507; x_wconf 72' lang='grc' dir='ltr'>πρὸς</span> <span class='ocrx_word' id='word_1_630' title='bbox 247 4436 431 4488; x_wconf 83' lang='grc' dir='ltr'>πάντα</span> <span class='ocrx_word' id='word_1_631' title='bbox 469 4434 538 4486; x_wconf 89' lang='grc' dir='ltr'><strong>τά</strong></span> <span class='ocrx_word' id='word_1_632' title='bbox 568 4431 677 4488; x_wconf 87' lang='grc' dir='ltr'><strong>τῶν</strong></span> <span class='ocrx_word' id='word_1_633' title='bbox 701 4433 952 4503; x_wconf 83' lang='grc' dir='ltr'>πονηρῶν</span> <span class='ocrx_word' id='word_1_634' title='bbox 979 4433 1302 4502; x_wconf 85' lang='grc' dir='ltr'>πνευμάτων</span> <span class='ocrx_word' id='word_1_635' title='bbox 1329 4431 1481 4496; x_wconf 84' lang='grc' dir='ltr'>τοξεύ</span> <span class='ocrx_word' id='word_1_636' title='bbox 1492 4448 1657 4501; x_wconf 89' lang='grc' dir='ltr'>ματα.</span> 
     </span>
    </p>
   </div>
   <div class='ocr_carea' id='block_1_92' title="bbox 1766 4431 3333 4507">
    <p class='ocr_par' dir='ltr' id='par_1_92' title="bbox 1766 4433 3333 4500">
     <span class='ocr_line' id='line_1_92' title="bbox 1766 4433 3333 4500; baseline 0.001 -11"><span class='ocrx_word' id='word_1_637' title='bbox 1766 4444 1818 4489; x_wconf 86' lang='lat' dir='ltr'><strong>et</strong></span> <span class='ocrx_word' id='word_1_638' title='bbox 1858 4435 2020 4490; x_wconf 91' lang='lat' dir='ltr'><strong>simul</strong></span> <span class='ocrx_word' id='word_1_639' title='bbox 2079 4449 2204 4490; x_wconf 93' lang='lat' dir='ltr'><strong>cum</strong></span> <span class='ocrx_word' id='word_1_640' title='bbox 2253 4434 2368 4500; x_wconf 90' lang='lat' dir='ltr'><strong>illa,</strong></span> <span class='ocrx_word' id='word_1_641' title='bbox 2416 4448 2539 4488; x_wconf 92' lang='lat' dir='ltr'><strong>cum</strong></span> <span class='ocrx_word' id='word_1_642' title='bbox 2588 4433 2807 4488; x_wconf 90' lang='lat' dir='ltr'><strong>diabolo</strong></span> <span class='ocrx_word' id='word_1_643' title='bbox 2866 4435 3076 4490; x_wconf 78' lang='lat' dir='ltr'><strong>fortiter</strong></span> <span class='ocrx_word' id='word_1_644' title='bbox 3109 4436 3333 4490; x_wconf 86' lang='lat' dir='ltr'><strong>resistas</strong></span> 
     </span>
    </p>
   </div>
   <div class='ocr_carea' id='block_1_93' title="bbox 77 4521 1659 4593">
    <p class='ocr_par' dir='ltr' id='par_1_93' title="bbox 77 4521 1659 4593">
     <span class='ocr_line' id='line_1_93' title="bbox 77 4521 1659 4593; baseline -0.002 -16"><span class='ocrx_word' id='word_1_645' title='bbox 77 4524 296 4577; x_wconf 70' lang='grc' dir='ltr'>Μᾶλλον</span> <span class='ocrx_word' id='word_1_646' title='bbox 325 4523 385 4575; x_wconf 78' lang='grc' dir='ltr'>δὲ</span> <span class='ocrx_word' id='word_1_647' title='bbox 412 4524 461 4574; x_wconf 90' lang='grc' dir='ltr'><strong>εἰ</strong></span> <span class='ocrx_word' id='word_1_648' title='bbox 489 4523 634 4575; x_wconf 83' lang='grc' dir='ltr'>δοκεῖ</span> <span class='ocrx_word' id='word_1_649' title='bbox 665 4522 833 4592; x_wconf 82' lang='grc' dir='ltr'>αὐτὴν</span> <span class='ocrx_word' id='word_1_650' title='bbox 861 4523 958 4593; x_wconf 78' lang='grc' dir='ltr'>τὴν</span> <span class='ocrx_word' id='word_1_651' title='bbox 989 4521 1082 4574; x_wconf 77' lang='grc' dir='ltr'>τοῦ</span> <span class='ocrx_word' id='word_1_652' title='bbox 1114 4522 1318 4591; x_wconf 83' lang='grc' dir='ltr'>Κυρίου</span> <span class='ocrx_word' id='word_1_653' title='bbox 1356 4521 1538 4593; x_wconf 81' lang='grc' dir='ltr'>φωνὴν</span> <span class='ocrx_word' id='word_1_654' title='bbox 1562 4521 1659 4593; x_wconf 83' lang='grc' dir='ltr'>τὴν</span> 
     </span>
    </p>
   </div>
   <div class='ocr_carea' id='block_1_94' title="bbox 81 4613 1660 4686">
    <p class='ocr_par' dir='ltr' id='par_1_94' title="bbox 81 4613 1660 4686">
     <span class='ocr_line' id='line_1_94' title="bbox 81 4613 1660 4686; baseline -0.002 -18"><span class='ocrx_word' id='word_1_655' title='bbox 81 4615 386 4683; x_wconf 85' lang='grc' dir='ltr'>μέλλουσαν</span> <span class='ocrx_word' id='word_1_656' title='bbox 429 4615 523 4666; x_wconf 72' lang='grc' dir='ltr'>ἐπὶ</span> <span class='ocrx_word' id='word_1_657' title='bbox 561 4614 660 4683; x_wconf 84' lang='grc' dir='ltr'>τῆς</span> <span class='ocrx_word' id='word_1_658' title='bbox 703 4615 887 4684; x_wconf 83' lang='grc' dir='ltr'>κοινῆς</span> <span class='ocrx_word' id='word_1_659' title='bbox 919 4613 1243 4685; x_wconf 76' lang='grc' dir='ltr'>ἐκφέρεσθαι</span> <span class='ocrx_word' id='word_1_660' title='bbox 1269 4614 1524 4686; x_wconf 88' lang='grc' dir='ltr'>κρίσεως,</span> <span class='ocrx_word' id='word_1_661' title='bbox 1562 4613 1660 4666; x_wconf 88' lang='grc' dir='ltr'>λά-</span> 
     </span>
    </p>
   </div>
   <div class='ocr_carea' id='block_1_95' title="bbox 77 4704 1657 4778">
    <p class='ocr_par' dir='ltr' id='par_1_95' title="bbox 77 4704 1657 4778">
     <span class='ocr_line' id='line_1_95' title="bbox 77 4704 1657 4778; baseline -0.004 -16"><span class='ocrx_word' id='word_1_662' title='bbox 77 4708 265 4778; x_wconf 69' lang='grc' dir='ltr'>ϐωμεν</span> <span class='ocrx_word' id='word_1_663' title='bbox 310 4706 409 4760; x_wconf 80' lang='grc' dir='ltr'>τοῦ</span> <span class='ocrx_word' id='word_1_664' title='bbox 456 4708 817 4778; x_wconf 80' lang='grc' dir='ltr'>προκειμένου</span> <span class='ocrx_word' id='word_1_665' title='bbox 863 4705 1199 4762; x_wconf 87' lang='grc' dir='ltr'>διδάσκαλον.</span> <span class='ocrx_word' id='word_1_666' title='bbox 1240 4705 1305 4758; x_wconf 89' lang='grc' dir='ltr'>Τί</span> <span class='ocrx_word' id='word_1_667' title='bbox 1345 4704 1454 4776; x_wconf 88' lang='grc' dir='ltr'><strong>γάρ</strong></span> <span class='ocrx_word' id='word_1_668' title='bbox 1496 4721 1657 4774; x_wconf 85' lang='grc' dir='ltr'>φησι;</span> 
     </span>
    </p>
   </div>
   <div class='ocr_carea' id='block_1_96' title="bbox 83 4796 1662 4869">
    <p class='ocr_par' dir='ltr' id='par_1_96' title="bbox 83 4796 1662 4869">
     <span class='ocr_line' id='line_1_96' title="bbox 83 4796 1662 4869; baseline -0.001 -19"><span class='ocrx_word' id='word_1_669' title='bbox 83 4819 102 4850; x_wconf 76' lang='grc' dir='ltr'><strong>ι</strong></span> <span class='ocrx_word' id='word_1_670' title='bbox 144 4799 333 4862; x_wconf 80' lang='grc' dir='ltr'>Δεῦτε,</span> <span class='ocrx_word' id='word_1_671' title='bbox 385 4799 436 4851; x_wconf 82' lang='grc' dir='ltr'>οἱ</span> <span class='ocrx_word' id='word_1_672' title='bbox 471 4798 822 4869; x_wconf 80' lang='grc' dir='ltr'>εὐλογημένοι</span> <span class='ocrx_word' id='word_1_673' title='bbox 854 4796 947 4850; x_wconf 80' lang='grc' dir='ltr'>τοῦ</span> <span class='ocrx_word' id='word_1_674' title='bbox 982 4798 1191 4866; x_wconf 86' lang='grc' dir='ltr'>Πατρός</span> <span class='ocrx_word' id='word_1_675' title='bbox 1241 4814 1364 4866; x_wconf 91' lang='grc' dir='ltr'>μου,</span> <span class='ocrx_word' id='word_1_676' title='bbox 1405 4796 1662 4867; x_wconf 85' lang='grc' dir='ltr'>κληρονο-</span> 
     </span>
    </p>
   </div>
   <div class='ocr_carea' id='block_1_97' title="bbox 80 4887 1656 4960">
    <p class='ocr_par' dir='ltr' id='par_1_97' title="bbox 80 4887 1656 4960">
     <span class='ocr_line' id='line_1_97' title="bbox 80 4887 1656 4960; baseline -0.003 -18"><span class='ocrx_word' id='word_1_677' title='bbox 80 4892 290 4960; x_wconf 82' lang='grc' dir='ltr'>μήσατε</span> <span class='ocrx_word' id='word_1_678' title='bbox 321 4889 424 4960; x_wconf 79' lang='grc' dir='ltr'><strong>τὴν</strong></span> <span class='ocrx_word' id='word_1_679' title='bbox 456 4889 859 4959; x_wconf 81' lang='grc' dir='ltr'>ἡτοιμασμένην</span> <span class='ocrx_word' id='word_1_680' title='bbox 898 4889 1025 4958; x_wconf 80' lang='grc' dir='ltr'>ὑμῖν</span> <span class='ocrx_word' id='word_1_681' title='bbox 1060 4887 1354 4956; x_wconf 85' lang='grc' dir='ltr'>βασιλείαν.</span> <span class='ocrx_word' id='word_1_682' title='bbox 1401 4907 1419 4940; x_wconf 77' lang='grc' dir='ltr'><strong>ι</strong></span> <span class='ocrx_word' id='word_1_683' title='bbox 1454 4887 1551 4939; x_wconf 88' lang='grc' dir='ltr'>Διά</span> <span class='ocrx_word' id='word_1_684' title='bbox 1577 4887 1656 4951; x_wconf 90' lang='grc' dir='ltr'>τί;</span> 
     </span>
    </p>
   </div>
   <div class='ocr_carea' id='block_1_98' title="bbox 77 4979 1660 5052">
    <p class='ocr_par' dir='ltr' id='par_1_98' title="bbox 77 4979 1660 5052">
     <span class='ocr_line' id='line_1_98' title="bbox 77 4979 1660 5052; baseline 0 -22"><span class='ocrx_word' id='word_1_685' title='bbox 77 4983 190 5052; x_wconf 68' lang='grc' dir='ltr'><strong>Οὐχ</strong></span> <span class='ocrx_word' id='word_1_686' title='bbox 230 4983 316 5034; x_wconf 86' lang='grc' dir='ltr'><strong>δτι</strong></span> <span class='ocrx_word' id='word_1_687' title='bbox 367 4981 427 5032; x_wconf 84' lang='grc' dir='ltr'>τὸ</span> <span class='ocrx_word' id='word_1_688' title='bbox 471 4980 684 5049; x_wconf 76' lang='grc' dir='ltr'>ἱμάτιον</span> <span class='ocrx_word' id='word_1_689' title='bbox 717 4979 1034 5032; x_wconf 83' lang='grc' dir='ltr'>ἐνεδύσασθε</span> <span class='ocrx_word' id='word_1_690' title='bbox 1061 4980 1155 5050; x_wconf 83' lang='grc' dir='ltr'><strong>τῆς</strong></span> <span class='ocrx_word' id='word_1_691' title='bbox 1184 4979 1513 5048; x_wconf 80' lang='grc' dir='ltr'>ἀφθαρσίας,</span> <span class='ocrx_word' id='word_1_692' title='bbox 1539 4979 1660 5032; x_wconf 74' lang='grc' dir='ltr'>οὐδὲ</span> 
     </span>
    </p>
   </div>
   <div class='ocr_carea' id='block_1_99' title="bbox 74 5071 1658 5142">
    <p class='ocr_par' dir='ltr' id='par_1_99' title="bbox 74 5071 1658 5142">
     <span class='ocr_line' id='line_1_99' title="bbox 74 5071 1658 5142; baseline -0.003 -16"><span class='ocrx_word' id='word_1_693' title='bbox 74 5075 158 5126; x_wconf 77' lang='grc' dir='ltr'><strong>δτι</strong></span> <span class='ocrx_word' id='word_1_694' title='bbox 195 5072 296 5136; x_wconf 82' lang='grc' dir='ltr'><strong>τάς</strong></span> <span class='ocrx_word' id='word_1_695' title='bbox 342 5071 623 5142; x_wconf 86' lang='grc' dir='ltr'>ἁμαρτίας</span> <span class='ocrx_word' id='word_1_696' title='bbox 672 5072 824 5142; x_wconf 84' lang='grc' dir='ltr'>ὑμῶν</span> <span class='ocrx_word' id='word_1_697' title='bbox 866 5071 1264 5136; x_wconf 88' lang='grc' dir='ltr'>ἀπελούσασθε,</span> <span class='ocrx_word' id='word_1_698' title='bbox 1313 5071 1426 5125; x_wconf 81' lang='grc' dir='ltr'>ἀλλ’</span> <span class='ocrx_word' id='word_1_699' title='bbox 1473 5071 1658 5140; x_wconf 80' lang='grc' dir='ltr'>ἐπειδὴ</span> 
     </span>
    </p>
   </div>
   <div class='ocr_carea' id='block_1_100' title="bbox 75 5163 1660 5236">
    <p class='ocr_par' dir='ltr' id='par_1_100' title="bbox 75 5163 1660 5236">
     <span class='ocr_line' id='line_1_100' title="bbox 75 5163 1660 5236; baseline -0.001 -18"><span class='ocrx_word' id='word_1_700' title='bbox 75 5164 484 5236; x_wconf 82' lang='grc' dir='ltr'>κατωρθώσατε</span> <span class='ocrx_word' id='word_1_701' title='bbox 510 5164 608 5235; x_wconf 84' lang='grc' dir='ltr'><strong>τήν</strong></span> <span class='ocrx_word' id='word_1_702' title='bbox 650 5166 892 5235; x_wconf 79' lang='grc' dir='ltr'>ἀγάπην.</span> <span class='ocrx_word' id='word_1_703' title='bbox 943 5165 1052 5218; x_wconf 77' lang='grc' dir='ltr'><strong>Καὶ</strong></span> <span class='ocrx_word' id='word_1_704' title='bbox 1099 5163 1260 5228; x_wconf 77' lang='grc' dir='ltr'>εὐθὺς</span> <span class='ocrx_word' id='word_1_705' title='bbox 1299 5166 1327 5217; x_wconf 84' lang='grc' dir='ltr'>ὁ</span> <span class='ocrx_word' id='word_1_706' title='bbox 1362 5165 1660 5229; x_wconf 82' lang='grc' dir='ltr'>κατάλογος</span> 
     </span>
    </p>
   </div>
   <div class='ocr_carea' id='block_1_101' title="bbox 74 5255 1657 5324">
    <p class='ocr_par' dir='ltr' id='par_1_101' title="bbox 74 5255 1657 5324">
     <span class='ocr_line' id='line_1_101' title="bbox 74 5255 1657 5324; baseline -0.001 -17"><span class='ocrx_word' id='word_1_707' title='bbox 74 5258 445 5310; x_wconf 74' lang='grc' dir='ltr'>ὑποτέτακται</span> <span class='ocrx_word' id='word_1_708' title='bbox 475 5255 583 5309; x_wconf 86' lang='grc' dir='ltr'><strong>τῶν</strong></span> <span class='ocrx_word' id='word_1_709' title='bbox 631 5256 964 5324; x_wconf 85' lang='grc' dir='ltr'>τραφέντων,</span> <span class='ocrx_word' id='word_1_710' title='bbox 1005 5255 1113 5308; x_wconf 88' lang='grc' dir='ltr'><strong>τῶν</strong></span> <span class='ocrx_word' id='word_1_711' title='bbox 1143 5255 1520 5320; x_wconf 84' lang='grc' dir='ltr'>ποτισθέντων,</span> <span class='ocrx_word' id='word_1_712' title='bbox 1550 5255 1657 5306; x_wconf 90' lang='grc' dir='ltr'><strong>τῶν</strong></span> 
     </span>
    </p>
   </div>
   <div class='ocr_carea' id='block_1_102' title="bbox 73 5347 1659 5419">
    <p class='ocr_par' dir='ltr' id='par_1_102' title="bbox 73 5347 1659 5419">
     <span class='ocr_line' id='line_1_102' title="bbox 73 5347 1659 5419; baseline -0.001 -21"><span class='ocrx_word' id='word_1_713' title='bbox 73 5348 430 5400; x_wconf 78' lang='grc' dir='ltr'>ἐνδυθέντων.</span> <span class='ocrx_word' id='word_1_714' title='bbox 483 5347 593 5400; x_wconf 77' lang='grc' dir='ltr'><strong>Καὶ</strong></span> <span class='ocrx_word' id='word_1_715' title='bbox 646 5347 873 5411; x_wconf 77' lang='grc' dir='ltr'>εἰκότως</span> <span class='ocrx_word' id='word_1_716' title='bbox 918 5349 946 5400; x_wconf 87' lang='grc' dir='ltr'>ὁ</span> <span class='ocrx_word' id='word_1_717' title='bbox 993 5347 1424 5419; x_wconf 84' lang='grc' dir='ltr'>ἀπαραλόγιστος</span> <span class='ocrx_word' id='word_1_718' title='bbox 1467 5347 1659 5417; x_wconf 84' lang='grc' dir='ltr'>κριτής</span> 
     </span>
    </p>
   </div>
   <div class='ocr_carea' id='block_1_103' title="bbox 71 5437 1656 5510">
    <p class='ocr_par' dir='ltr' id='par_1_103' title="bbox 71 5437 1656 5510">
     <span class='ocr_line' id='line_1_103' title="bbox 71 5437 1656 5510; baseline -0.002 -18"><span class='ocrx_word' id='word_1_719' title='bbox 71 5442 244 5504; x_wconf 64' lang='grc' dir='ltr'>οὓτως</span> <span class='ocrx_word' id='word_1_720' title='bbox 266 5440 500 5503; x_wconf 77' lang='grc' dir='ltr'>δικάζει.</span> <span class='ocrx_word' id='word_1_721' title='bbox 541 5439 603 5490; x_wconf 85' lang='grc' dir='ltr'><em>Ἢ</em></span> <span class='ocrx_word' id='word_1_722' title='bbox 627 5439 783 5509; x_wconf 84' lang='grc' dir='ltr'>χάρις</span> <span class='ocrx_word' id='word_1_723' title='bbox 821 5439 916 5508; x_wconf 86' lang='grc' dir='ltr'>μὲν</span> <span class='ocrx_word' id='word_1_724' title='bbox 939 5439 1046 5510; x_wconf 83' lang='grc' dir='ltr'><strong>γάρ</strong></span> <span class='ocrx_word' id='word_1_725' title='bbox 1069 5438 1161 5491; x_wconf 77' lang='grc' dir='ltr'>τοῦ</span> <span class='ocrx_word' id='word_1_726' title='bbox 1184 5439 1448 5491; x_wconf 87' lang='grc' dir='ltr'>Δεσπότου</span> <span class='ocrx_word' id='word_1_727' title='bbox 1468 5437 1656 5507; x_wconf 81' lang='grc' dir='ltr'>δῶρον’</span> 
     </span>
    </p>
   </div>
   <div class='ocr_carea' id='block_1_104' title="bbox 75 5531 1660 5611">
    <p class='ocr_par' dir='ltr' id='par_1_104' title="bbox 75 5531 1660 5602">
     <span class='ocr_line' id='line_1_104' title="bbox 75 5531 1660 5602; baseline -0.001 -17"><span class='ocrx_word' id='word_1_728' title='bbox 75 5537 109 5601; x_wconf 75' lang='grc' dir='ltr'>ἡ</span> <span class='ocrx_word' id='word_1_729' title='bbox 138 5533 189 5585; x_wconf 84' lang='grc' dir='ltr'><strong>δέ</strong></span> <span class='ocrx_word' id='word_1_730' title='bbox 226 5532 494 5597; x_wconf 76' lang='grc' dir='ltr'>πολιτεία,</span> <span class='ocrx_word' id='word_1_731' title='bbox 543 5531 636 5584; x_wconf 79' lang='grc' dir='ltr'>τοῦ</span> <span class='ocrx_word' id='word_1_732' title='bbox 686 5532 1004 5600; x_wconf 79' lang='grc' dir='ltr'>τιμηθέντος</span> <span class='ocrx_word' id='word_1_733' title='bbox 1048 5531 1394 5602; x_wconf 82' lang='grc' dir='ltr'>κατόρθωμα.</span> <span class='ocrx_word' id='word_1_734' title='bbox 1427 5532 1660 5602; x_wconf 86' lang='grc' dir='ltr'>Χάριτος</span> 
     </span>
    </p>
   </div>
   <div class='ocr_carea' id='block_1_105' title="bbox 148 5710 1140 5780">
    <p class='ocr_par' dir='ltr' id='par_1_105' title="bbox 148 5710 1140 5780">
     <span class='ocr_line' id='line_1_105' title="bbox 148 5710 1140 5780; baseline 0 -16"><span class='ocrx_word' id='word_1_735' title='bbox 148 5712 190 5743; x_wconf 89' lang='grc'><strong>¹³</strong></span> <span class='ocrx_word' id='word_1_736' title='bbox 231 5710 473 5780; x_wconf 84' lang='lat' dir='ltr'><strong>Philipp.</strong></span> <span class='ocrx_word' id='word_1_737' title='bbox 497 5728 533 5773; x_wconf 86' lang='grc' dir='ltr'><strong>ι,</strong></span> <span class='ocrx_word' id='word_1_738' title='bbox 555 5712 647 5766; x_wconf 73' lang='lat'><strong>‘35.</strong></span> <span class='ocrx_word' id='word_1_739' title='bbox 726 5713 770 5744; x_wconf 84' lang='grc'><strong>¹⁶</strong></span> <span class='ocrx_word' id='word_1_740' title='bbox 803 5710 983 5768; x_wconf 84' lang='lat' dir='ltr'><strong>Eccle.</strong></span> <span class='ocrx_word' id='word_1_741' title='bbox 1017 5726 1057 5779; x_wconf 88' lang='grc'>1,</span> <span class='ocrx_word' id='word_1_742' title='bbox 1087 5711 1140 5764; x_wconf 80' lang='grc'><strong>2.</strong></span> 
     </span>
    </p>
   </div>
   <div class='ocr_carea' id='block_1_106' title="bbox 1222 5710 1816 5778">
    <p class='ocr_par' dir='ltr' id='par_1_106' title="bbox 1222 5710 1816 5778">
     <span class='ocr_line' id='line_1_106' title="bbox 1222 5710 1816 5778; baseline 0.005 -14"><span class='ocrx_word' id='word_1_743' title='bbox 1222 5711 1263 5743; x_wconf 81' lang='grc'><strong>¹⁷</strong></span> <span class='ocrx_word' id='word_1_744' title='bbox 1285 5710 1416 5765; x_wconf 88' lang='lat' dir='ltr'><strong>Luc.</strong></span> <span class='ocrx_word' id='word_1_745' title='bbox 1454 5727 1568 5777; x_wconf 77' lang='lat' dir='ltr'><strong>xix,</strong></span> <span class='ocrx_word' id='word_1_746' title='bbox 1612 5712 1697 5778; x_wconf 74' lang='lat'><strong>16,</strong></span> <span class='ocrx_word' id='word_1_747' title='bbox 1734 5711 1816 5767; x_wconf 86' lang='lat' dir='ltr'><strong>l7.</strong></span> 
     </span>
    </p>
   </div>
   <div class='ocr_carea' id='block_1_107' title="bbox 1765 4525 3333 4597">
    <p class='ocr_par' dir='ltr' id='par_1_107' title="bbox 1765 4525 3333 4597">
     <span class='ocr_line' id='line_1_107' title="bbox 1765 4525 3333 4597; baseline 0.001 -17"><span class='ocrx_word' id='word_1_748' title='bbox 1765 4527 2021 4582; x_wconf 88' lang='lat' dir='ltr'><strong>omnibus</strong></span> <span class='ocrx_word' id='word_1_749' title='bbox 2043 4526 2239 4597; x_wconf 78' lang='lat' dir='ltr'><strong>iaculis</strong></span> <span class='ocrx_word' id='word_1_750' title='bbox 2268 4525 2628 4596; x_wconf 87' lang='lat' dir='ltr'><strong>malignorum</strong></span> <span class='ocrx_word' id='word_1_751' title='bbox 2658 4526 2973 4594; x_wconf 90' lang='lat' dir='ltr'><strong>spirituum.</strong></span> <span class='ocrx_word' id='word_1_752' title='bbox 3006 4527 3116 4580; x_wconf 91' lang='grc' dir='ltr'>1ιιιο</span> <span class='ocrx_word' id='word_1_753' title='bbox 3138 4540 3264 4580; x_wconf 81' lang='lat' dir='ltr'><strong>vero</strong></span> <span class='ocrx_word' id='word_1_754' title='bbox 3285 4527 3333 4581; x_wconf 86' lang='lat' dir='ltr'><strong>si</strong></span> 
     </span>
    </p>
   </div>
   <div class='ocr_carea' id='block_1_108' title="bbox 1766 4616 3332 4688">
    <p class='ocr_par' dir='ltr' id='par_1_108' title="bbox 1766 4616 3332 4688">
     <span class='ocr_line' id='line_1_108' title="bbox 1766 4616 3332 4688; baseline 0.001 -18"><span class='ocrx_word' id='word_1_755' title='bbox 1766 4619 2003 4682; x_wconf 86' lang='lat' dir='ltr'><strong>videtur,</strong></span> <span class='ocrx_word' id='word_1_756' title='bbox 2026 4617 2362 4688; x_wconf 87' lang='lat' dir='ltr'><strong>accipiamus</strong></span> <span class='ocrx_word' id='word_1_757' title='bbox 2386 4617 2562 4687; x_wconf 90' lang='lat' dir='ltr'><strong>ipsam</strong></span> <span class='ocrx_word' id='word_1_758' title='bbox 2596 4616 2808 4670; x_wconf 86' lang='lat' dir='ltr'><strong>Domini</strong></span> <span class='ocrx_word' id='word_1_759' title='bbox 2852 4634 3063 4681; x_wconf 88' lang='lat' dir='ltr'><strong>vocem,</strong></span> <span class='ocrx_word' id='word_1_760' title='bbox 3099 4634 3220 4683; x_wconf 77' lang='lat' dir='ltr'><strong>qua:</strong></span> <span class='ocrx_word' id='word_1_761' title='bbox 3248 4628 3332 4674; x_wconf 88' lang='lat' dir='ltr'><strong>est</strong></span> 
     </span>
    </p>
   </div>
   <div class='ocr_carea' id='block_1_109' title="bbox 1778 4706 3332 4779">
    <p class='ocr_par' dir='ltr' id='par_1_109' title="bbox 1778 4706 3332 4779">
     <span class='ocr_line' id='line_1_109' title="bbox 1778 4706 3332 4779; baseline 0.002 -20"><span class='ocrx_word' id='word_1_762' title='bbox 1778 4706 2103 4777; x_wconf 82' lang='lat' dir='ltr'><strong>proferenda</strong></span> <span class='ocrx_word' id='word_1_763' title='bbox 2131 4709 2185 4763; x_wconf 93' lang='lat' dir='ltr'><strong>in</strong></span> <span class='ocrx_word' id='word_1_764' title='bbox 2220 4708 2340 4777; x_wconf 92' lang='lat' dir='ltr'><strong>ipso</strong></span> <span class='ocrx_word' id='word_1_765' title='bbox 2388 4709 2661 4761; x_wconf 90' lang='lat' dir='ltr'><strong>communi</strong></span> <span class='ocrx_word' id='word_1_766' title='bbox 2689 4707 2918 4776; x_wconf 89' lang='lat' dir='ltr'><strong>judicio,</strong></span> <span class='ocrx_word' id='word_1_767' title='bbox 2946 4719 2999 4763; x_wconf 91' lang='lat' dir='ltr'><strong>et</strong></span> <span class='ocrx_word' id='word_1_768' title='bbox 3050 4718 3134 4763; x_wconf 90' lang='lat' dir='ltr'><strong>est</strong></span> <span class='ocrx_word' id='word_1_769' title='bbox 3160 4711 3332 4779; x_wconf 89' lang='lat' dir='ltr'><strong>magi-</strong></span> 
     </span>
    </p>
   </div>
   <div class='ocr_carea' id='block_1_110' title="bbox 1768 4798 3332 4869">
    <p class='ocr_par' dir='ltr' id='par_1_110' title="bbox 1768 4798 3332 4869">
     <span class='ocr_line' id='line_1_110' title="bbox 1768 4798 3332 4869; baseline 0.003 -16"><span class='ocrx_word' id='word_1_770' title='bbox 1768 4810 1880 4853; x_wconf 81' lang='lat' dir='ltr'><strong>stra</strong></span> <span class='ocrx_word' id='word_1_771' title='bbox 1904 4799 2023 4869; x_wconf 89' lang='lat' dir='ltr'><strong>ejus</strong></span> <span class='ocrx_word' id='word_1_772' title='bbox 2045 4799 2191 4869; x_wconf 86' lang='lat' dir='ltr'><strong>quod</strong></span> <span class='ocrx_word' id='word_1_773' title='bbox 2222 4800 2563 4869; x_wconf 89' lang='lat' dir='ltr'><strong>proponitur.</strong></span> <span class='ocrx_word' id='word_1_774' title='bbox 2594 4798 2835 4865; x_wconf 73' lang='lat' dir='ltr'><strong>cVenite,</strong></span> <span class='ocrx_word' id='word_1_775' title='bbox 2868 4802 3130 4857; x_wconf 90' lang='lat' dir='ltr'><strong>benedicti</strong></span> <span class='ocrx_word' id='word_1_776' title='bbox 3155 4802 3332 4858; x_wconf 82' lang='lat' dir='ltr'><strong>Patris</strong></span> 
     </span>
    </p>
   </div>
   <div class='ocr_carea' id='block_1_111' title="bbox 1763 4890 3333 4962">
    <p class='ocr_par' dir='ltr' id='par_1_111' title="bbox 1763 4890 3333 4962">
     <span class='ocr_line' id='line_1_111' title="bbox 1763 4890 3333 4962; baseline 0.001 -16"><span class='ocrx_word' id='word_1_777' title='bbox 1763 4892 1896 4953; x_wconf 87' lang='lat' dir='ltr'><strong>mei,</strong></span> <span class='ocrx_word' id='word_1_778' title='bbox 1929 4899 2108 4945; x_wconf 88' lang='lat' dir='ltr'><strong>estote</strong></span> <span class='ocrx_word' id='word_1_779' title='bbox 2141 4890 2384 4946; x_wconf 68' lang='lat' dir='ltr'><strong>haeredes</strong></span> <span class='ocrx_word' id='word_1_780' title='bbox 2413 4891 2584 4960; x_wconf 89' lang='lat' dir='ltr'><strong>parati</strong></span> <span class='ocrx_word' id='word_1_781' title='bbox 2613 4893 2768 4947; x_wconf 84' lang='lat' dir='ltr'><strong>vobis</strong></span> <span class='ocrx_word' id='word_1_782' title='bbox 2798 4895 2950 4962; x_wconf 85' lang='lat' dir='ltr'><strong>regni</strong></span> <span class='ocrx_word' id='word_1_783' title='bbox 2995 4910 3026 4948; x_wconf 92' lang='lat' dir='ltr'><strong>a</strong></span> <span class='ocrx_word' id='word_1_784' title='bbox 3068 4895 3333 4951; x_wconf 74' lang='lat' dir='ltr'><strong>constitu-</strong></span> 
     </span>
    </p>
   </div>
   <div class='ocr_carea' id='block_1_112' title="bbox 1760 4981 3328 5055">
    <p class='ocr_par' dir='ltr' id='par_1_112' title="bbox 1760 4981 3328 5055">
     <span class='ocr_line' id='line_1_112' title="bbox 1760 4981 3328 5055; baseline 0.004 -21"><span class='ocrx_word' id='word_1_785' title='bbox 1760 4983 1909 5036; x_wconf 90' lang='lat' dir='ltr'><strong>tione</strong></span> <span class='ocrx_word' id='word_1_786' title='bbox 1939 4983 2125 5037; x_wconf 91' lang='lat' dir='ltr'><strong>mundi</strong></span> <span class='ocrx_word' id='word_1_787' title='bbox 2167 4983 2227 5034; x_wconf 75' lang='grc' dir='ltr'><strong>ι’.</strong></span> <span class='ocrx_word' id='word_1_788' title='bbox 2276 5001 2294 5034; x_wconf 77' lang='grc' dir='ltr'><strong>ι</strong></span> <span class='ocrx_word' id='word_1_789' title='bbox 2337 4981 2739 5048; x_wconf 84' lang='lat' dir='ltr'><strong>Quamobrem?</strong></span> <span class='ocrx_word' id='word_1_790' title='bbox 2775 4983 2893 5039; x_wconf 89' lang='lat' dir='ltr'><strong>Non</strong></span> <span class='ocrx_word' id='word_1_791' title='bbox 2943 4987 3197 5055; x_wconf 90' lang='lat' dir='ltr'><strong>quoniam</strong></span> <span class='ocrx_word' id='word_1_792' title='bbox 3245 4985 3328 5040; x_wconf 88' lang='lat' dir='ltr'><strong>in-</strong></span> 
     </span>
    </p>
   </div>
   <div class='ocr_carea' id='block_1_113' title="bbox 1761 5072 3405 5148">
    <p class='ocr_par' dir='ltr' id='par_1_113' title="bbox 1761 5072 3405 5148">
     <span class='ocr_line' id='line_1_113' title="bbox 1761 5072 3405 5148; baseline 0.005 -25"><span class='ocrx_word' id='word_1_793' title='bbox 1761 5072 1879 5125; x_wconf 90' lang='lat' dir='ltr'><strong>duti</strong></span> <span class='ocrx_word' id='word_1_794' title='bbox 1928 5075 2064 5128; x_wconf 90' lang='lat' dir='ltr'><strong>estis</strong></span> <span class='ocrx_word' id='word_1_795' title='bbox 2117 5085 2266 5128; x_wconf 85' lang='lat' dir='ltr'><strong>veste</strong></span> <span class='ocrx_word' id='word_1_796' title='bbox 2317 5074 2779 5144; x_wconf 87' lang='lat' dir='ltr'><strong>incorruptionis,</strong></span> <span class='ocrx_word' id='word_1_797' title='bbox 2836 5092 3012 5148; x_wconf 91' lang='lat' dir='ltr'><strong>neque</strong></span> <span class='ocrx_word' id='word_1_798' title='bbox 3069 5077 3405 5148; x_wconf 66' lang='lat' dir='ltr'><strong>quoniam&quot;;</strong></span> 
     </span>
    </p>
   </div>
   <div class='ocr_carea' id='block_1_114' title="bbox 1762 5167 3405 5238">
    <p class='ocr_par' dir='ltr' id='par_1_114' title="bbox 1762 5167 3405 5238">
     <span class='ocr_line' id='line_1_114' title="bbox 1762 5167 3405 5238; baseline 0.004 -19"><span class='ocrx_word' id='word_1_799' title='bbox 1762 5175 1984 5236; x_wconf 88' lang='lat' dir='ltr'><strong>peccata</strong></span> <span class='ocrx_word' id='word_1_800' title='bbox 2014 5175 2194 5221; x_wconf 90' lang='lat' dir='ltr'><strong>vestra</strong></span> <span class='ocrx_word' id='word_1_801' title='bbox 2234 5167 2503 5236; x_wconf 88' lang='lat' dir='ltr'><strong>abluistis,</strong></span> <span class='ocrx_word' id='word_1_802' title='bbox 2551 5170 2647 5224; x_wconf 85' lang='lat' dir='ltr'><strong>sed</strong></span> <span class='ocrx_word' id='word_1_803' title='bbox 2689 5170 2946 5238; x_wconf 91' lang='lat' dir='ltr'><strong>quoniam</strong></span> <span class='ocrx_word' id='word_1_804' title='bbox 2979 5170 3030 5223; x_wconf 92' lang='lat' dir='ltr'><strong>in</strong></span> <span class='ocrx_word' id='word_1_805' title='bbox 3063 5169 3332 5226; x_wconf 88' lang='lat' dir='ltr'><strong>charitate</strong></span> <span class='ocrx_word' id='word_1_806' title='bbox 3391 5173 3405 5238; x_wconf 59' lang='grc' dir='ltr'>ζ</span> 
     </span>
    </p>
   </div>
   <div class='ocr_carea' id='block_1_115' title="bbox 1762 5258 3329 5330">
    <p class='ocr_par' dir='ltr' id='par_1_115' title="bbox 1762 5258 3329 5330">
     <span class='ocr_line' id='line_1_115' title="bbox 1762 5258 3329 5330; baseline 0.004 -20"><span class='ocrx_word' id='word_1_807' title='bbox 1762 5272 1861 5313; x_wconf 87' lang='lat' dir='ltr'><strong>vos</strong></span> <span class='ocrx_word' id='word_1_808' title='bbox 1889 5265 2038 5312; x_wconf 88' lang='lat' dir='ltr'><strong>recte</strong></span> <span class='ocrx_word' id='word_1_809' title='bbox 2070 5258 2340 5325; x_wconf 87' lang='lat' dir='ltr'><strong>gessistis.</strong></span> <span class='ocrx_word' id='word_1_810' title='bbox 2399 5260 2465 5313; x_wconf 85' lang='lat' dir='ltr'><strong>Et</strong></span> <span class='ocrx_word' id='word_1_811' title='bbox 2518 5260 2702 5314; x_wconf 91' lang='lat' dir='ltr'><strong>statim</strong></span> <span class='ocrx_word' id='word_1_812' title='bbox 2752 5260 2999 5330; x_wconf 86' lang='lat' dir='ltr'><strong>sequitur</strong></span> <span class='ocrx_word' id='word_1_813' title='bbox 3052 5260 3329 5330; x_wconf 84' lang='lat' dir='ltr'><strong>catalogus</strong></span> 
     </span>
    </p>
   </div>
   <div class='ocr_carea' id='block_1_116' title="bbox 1764 5353 3333 5426">
    <p class='ocr_par' dir='ltr' id='par_1_116' title="bbox 1764 5353 3333 5426">
     <span class='ocr_line' id='line_1_116' title="bbox 1764 5353 3333 5426; baseline 0.004 -22"><span class='ocrx_word' id='word_1_814' title='bbox 1764 5366 1952 5405; x_wconf 84' lang='lat' dir='ltr'><strong>eorum</strong></span> <span class='ocrx_word' id='word_1_815' title='bbox 1986 5353 2078 5420; x_wconf 89' lang='lat' dir='ltr'><strong>qui</strong></span> <span class='ocrx_word' id='word_1_816' title='bbox 2105 5363 2234 5406; x_wconf 93' lang='lat' dir='ltr'><strong>sunt</strong></span> <span class='ocrx_word' id='word_1_817' title='bbox 2275 5355 2488 5420; x_wconf 89' lang='lat' dir='ltr'><strong>nutriti,</strong></span> <span class='ocrx_word' id='word_1_818' title='bbox 2518 5355 2714 5425; x_wconf 89' lang='lat' dir='ltr'><strong>potati,</strong></span> <span class='ocrx_word' id='word_1_819' title='bbox 2767 5355 2961 5410; x_wconf 89' lang='lat' dir='ltr'><strong>induti.</strong></span> <span class='ocrx_word' id='word_1_820' title='bbox 2991 5354 3054 5409; x_wconf 82' lang='lat' dir='ltr'><strong>Et</strong></span> <span class='ocrx_word' id='word_1_821' title='bbox 3087 5355 3211 5424; x_wconf 88' lang='lat' dir='ltr'><strong>jure</strong></span> <span class='ocrx_word' id='word_1_822' title='bbox 3239 5357 3333 5426; x_wconf 87' lang='lat' dir='ltr'><strong>qui</strong></span> 
     </span>
    </p>
   </div>
   <div class='ocr_carea' id='block_1_117' title="bbox 1768 5443 3332 5518">
    <p class='ocr_par' dir='ltr' id='par_1_117' title="bbox 1768 5443 3332 5518">
     <span class='ocr_line' id='line_1_117' title="bbox 1768 5443 3332 5518; baseline 0.004 -22"><span class='ocrx_word' id='word_1_823' title='bbox 1768 5443 1878 5496; x_wconf 82' lang='lat' dir='ltr'><strong>falli</strong></span> <span class='ocrx_word' id='word_1_824' title='bbox 1914 5459 2023 5496; x_wconf 89' lang='lat' dir='ltr'><strong>non</strong></span> <span class='ocrx_word' id='word_1_825' title='bbox 2055 5453 2233 5513; x_wconf 88' lang='lat' dir='ltr'><strong>potest</strong></span> <span class='ocrx_word' id='word_1_826' title='bbox 2259 5446 2425 5514; x_wconf 84' lang='lat' dir='ltr'><strong>judex</strong></span> <span class='ocrx_word' id='word_1_827' title='bbox 2456 5447 2532 5502; x_wconf 82' lang='lat' dir='ltr'><strong>ita</strong></span> <span class='ocrx_word' id='word_1_828' title='bbox 2585 5447 2814 5514; x_wconf 76' lang='lat' dir='ltr'><strong>iudicat.</strong></span> <span class='ocrx_word' id='word_1_829' title='bbox 2851 5445 2983 5500; x_wconf 86' lang='lat' dir='ltr'><strong>Nam</strong></span> <span class='ocrx_word' id='word_1_830' title='bbox 3007 5449 3179 5518; x_wconf 85' lang='lat' dir='ltr'><strong>gratia</strong></span> <span class='ocrx_word' id='word_1_831' title='bbox 3210 5451 3332 5518; x_wconf 85' lang='lat' dir='ltr'><strong>qui-</strong></span> 
     </span>
    </p>
   </div>
   <div class='ocr_carea' id='block_1_118' title="bbox 1768 5535 3334 5599">
    <p class='ocr_par' dir='ltr' id='par_1_118' title="bbox 1768 5535 3334 5599">
     <span class='ocr_line' id='line_1_118' title="bbox 1768 5535 3334 5599; baseline 0.005 -10"><span class='ocrx_word' id='word_1_832' title='bbox 1768 5535 1890 5591; x_wconf 88' lang='lat' dir='ltr'><strong>dem</strong></span> <span class='ocrx_word' id='word_1_833' title='bbox 1929 5544 2011 5591; x_wconf 93' lang='lat' dir='ltr'><strong>est</strong></span> <span class='ocrx_word' id='word_1_834' title='bbox 2029 5535 2228 5592; x_wconf 89' lang='lat' dir='ltr'><strong>donum</strong></span> <span class='ocrx_word' id='word_1_835' title='bbox 2258 5537 2492 5595; x_wconf 87' lang='lat' dir='ltr'><strong>Domini.</strong></span> <span class='ocrx_word' id='word_1_836' title='bbox 2519 5539 2594 5593; x_wconf 83' lang='lat' dir='ltr'><strong>Ex</strong></span> <span class='ocrx_word' id='word_1_837' title='bbox 2623 5540 2740 5594; x_wconf 71' lang='lat' dir='ltr'><strong>vita:</strong></span> <span class='ocrx_word' id='word_1_838' title='bbox 2778 5548 2958 5595; x_wconf 89' lang='lat' dir='ltr'><strong>autem</strong></span> <span class='ocrx_word' id='word_1_839' title='bbox 2989 5541 3334 5599; x_wconf 81' lang='lat' dir='ltr'><strong>administra-</strong></span> 
     </span>
    </p>
   </div>
   <div class='ocr_carea' id='block_1_119' title="bbox 1898 5712 2975 5786">
    <p class='ocr_par' dir='ltr' id='par_1_119' title="bbox 1898 5712 2975 5786">
     <span class='ocr_line' id='line_1_119' title="bbox 1898 5712 2975 5786; baseline 0.006 -21"><span class='ocrx_word' id='word_1_840' title='bbox 1898 5714 1938 5745; x_wconf 79' lang='lat'>&quot;</span> <span class='ocrx_word' id='word_1_841' title='bbox 1971 5712 2157 5770; x_wconf 77' lang='lat' dir='ltr'><strong>Matth.</strong></span> <span class='ocrx_word' id='word_1_842' title='bbox 2201 5731 2320 5780; x_wconf 83' lang='lat' dir='ltr'><strong>xxv,</strong></span> <span class='ocrx_word' id='word_1_843' title='bbox 2356 5715 2423 5769; x_wconf 58' lang='lat'><strong>&#39;24</strong></span> <span class='ocrx_word' id='word_1_844' title='bbox 2448 5731 2566 5786; x_wconf 85' lang='lat' dir='ltr'><strong>sqq.</strong></span> <span class='ocrx_word' id='word_1_845' title='bbox 2650 5716 2688 5749; x_wconf 81' lang='grc'><strong>¹⁹</strong></span> <span class='ocrx_word' id='word_1_846' title='bbox 2728 5717 2856 5773; x_wconf 84' lang='lat' dir='ltr'><strong>ibid.</strong></span> <span class='ocrx_word' id='word_1_847' title='bbox 2890 5719 2975 5773; x_wconf 66' lang='lat'><strong>35.</strong></span> 
     </span>
    </p>
   </div>
  </div>
