3844 6444
104 311 206 367 437

1354 319 1634 375 CONTRA
1673 320 2092 378 USURABIOS.

3247 322 3354 380 5'58

107 434 372 501 κάμνοντι
410 433 502 487 τὸν
548 435 781 506 πυρετὸν
809 435 1214 508 ἀπεργάζεταιο
1256 439 1428 503 οὕτως
1461 444 1490 493 ὁ
1537 458 1674 512 παρ-

1799 457 1887 493 em
1920 441 2112 496 febrim
2138 441 2342 496 misero
2368 441 2540 511 parit;
2564 441 2644 497 sic
2673 448 2725 496 et
2755 441 2847 513 qui
2869 456 3038 512 egeno
3067 440 3353 511 pecuniam

108 525 246 593 έχων
305 526 500 595 πένητι
538 528 776 596 γέμοντα
829 529 1000 599 (9-10)
1048 529 1308 602 [πενίας]
1355 533 1588 603 χρυσὸν,
1623 532 1684 584 οὗ

108 615 270 666 παύει
301 616 403 684 τὴν
428 615 694 686 ἀνάγκην,
725 617 839 670 ἀλλ’
865 619 1119 671 ἐπιτείνει
1151 619 1249 689 τὴν
1273 621 1576 692 συμφοράν.

170 707 267 776 Μὴ
298 706 479 758 τοίνυν
517 707 688 780 ζήσῃς
718 707 1098 776 μισάνθρωπον
1139 709 1250 780 βίον
1283 712 1340 764 ὲν
1381 711 1685 782 φιλανθρω-

109 796 238 859 πίας
276 799 653 868 προσχήματι,
691 798 824 868 μηδὲ
863 799 994 871 γένῃ
1031 801 1212 872 ίατρὸς
1244 800 1595 871 ἀνδροφόνος,
1625 804 1686 856 τὸ

113 887 411 958 πρόσχημα
451 888 551 958 μὲν
583 887 674 940 τοῦ
704 888 894 953 σώζειν
930 890 1066 961 ἔχων
1099 891 1187 945 διὰ
1211 891 1301 944 τὸν
1335 893 1580 957 πλοῦτον,
1609 893 1686 957 ὡς

109 979 315 1039 ἐκεῖνος
344 976 432 1028 διά
460 975 558 1046 τὴν
583 977 798 1047 τέχνηνο
823 981 888 1049 τῇ
916 979 1229 1049 προαιρέσει
1259 981 1316 1033 δὲ
1347 982 1685 1052 κεχρημένος

108 1071 183 1130 εἰς
213 1067 494 1120 ἀπώλειαν
520 1069 614 1122 τοῦ
647 1069 834 1122 ἑαυτόν
865 1087 945 1123 σοι
968 1072 1520 1136 καταπιστεύσαντος.
1563 1075 1688 1144 Ἀρ-

106 1160 196 1226 γδς
231 1163 328 1213 καὶ
359 1162 387 1212 ό
418 1161 798 1225 πλεονεκτικός
829 1162 939 1232 (11)
989 1162 1101 1233 βίος
1147 1165 1176 1216 ό
1222 1163 1314 1217 τοῦ
1356 1164 1683 1230 τοκίζοντος.

109 1252 219 1302 Οὐκ
272 1246 385 1303 οἶδε
416 1252 578 1304 πόνον
622 1253 926 1322 γεωργίας,
960 1255 1060 1306 οὐκ
1111 1254 1350 1308 ἐπίνοιαν
1388 1254 1685 1326 ἐμπορίας·

109 1342 186 1408 ἐφ’
238 1342 362 1405 ἑνὸς
393 1342 449 1396 δὲ
488 1343 654 1396 τόπου
696 1344 947 1414 κάθηται,
981 1345 1193 1414 τρέφων
1234 1346 1325 1398 ἐπὶ
1365 1345 1465 1414 τῆς
1505 1346 1687 1408 ἑστίας

109 1434 292 1504 θηρία.
334 1437 622 1507 Ἀσπαρτα
656 1439 764 1506 (1‘2)
802 1439 948 1509 αὐτῷ
979 1436 1224 1510 βούλεται
1256 1440 1325 1494 τὰ.
1369 1442 1548 1495 πάντα
1593 1442 1687 1494 καὶ

107 1527 348 1596 ἀνήροτα
375 1527 626 1595 φύεσθαιο
660 1529 884 1600 ἄροτρον
917 1531 1028 1600 ἔχει
1060 1531 1150 1585 τὸν
1183 1531 1444 1602 κάλαμοψ
1480 1532 1682 1602 χώραν,

106 1617 192 1668 τὸν
235 1618 449 1689 χάρτην
481 1619 614 1688 (15)·
652 1621 911 1690 σπέρμα,
939 1622 998 1675 τὺ
1039 1623 1223 1692 μέλαν·
1266 1625 1435 1687 ὑετὸν,
1475 1625 1682 1696 χρόνον.

105 1707 403 1772 αὐξάνοντα
428 1710 574 1779 αὐτῷ
599 1711 962 1776 λανθανόντως
991 1713 1089 1784 τὴν
1116 1715 1221 1766 τῶν
1245 1715 1540 1786 χρημάτων
1566 1717 1684 1770 ἐπι-

1788 531 1893 585 sub
1925 530 2110 584 fenore
2139 531 2468 596 commodat,
2498 534 2880 587 necessitatem
2913 532 3061 586 illius
3090 547 3198 586 non
3223 535 3356 587 sub-

1786 622 1952 682 levat,
1990 620 2084 676 sed
2117 621 2480 675 calamitatem
2512 625 2694 690 potius
2721 633 2900 693 auget.

1857 713 1934 768 Ne
1973 714 2178 768 vixeris
2221 713 2387 783 igitur
2445 714 2628 782 specie
2661 713 3017 769 humanitatis
3063 714 3229 768 vitam
3271 714 3355 768 in-

1788 803 2083 856 humanam
2135 811 2190 856 et
2237 801 2539 866 eﬂeratam,
2574 819 2748 872 neque
2791 814 2910 859 esto
2952 804 3218 868 medicus,
3259 804 3354 874 qui

1787 893 2046 963 perimat,
2074 907 2273 946 nomen
2305 893 2526 962 quidem
2557 901 2611 947 et
2643 893 2874 947 formam
2916 909 3028 963 pra:
3067 902 3120 949 te
3155 894 3354 959 ferens,

1787 983 1946 1053 quasi
1983 998 2170 1038 serves
2219 985 2288 1037 ob
2322 985 2564 1047 divitias.
2617 987 2761 1042 sicut
2788 994 2842 1041 et
2889 988 2978 1042 ille
3016 997 3235 1058 propter
3268 1001 3356 1039 ar-

1789 1085 1929 1137 tem;
1965 1077 2242 1131 voluntate
2297 1087 2474 1131 autem
2517 1088 2608 1132 tua
2661 1085 2716 1133 et
2768 1079 2954 1134 animo
2993 1080 3058 1134 ad
3105 1081 3354 1143 alterius,

1787 1166 1882 1234 qui
1923 1183 1982 1221 se
2028 1168 2126 1221 tibi
2175 1169 2491 1232 committit,
2535 1171 2831 1239 perniciem
2860 1171 3114 1225 abutens.
3162 1169 3357 1240 Segnis

1787 1267 1841 1314 et
1895 1258 2228 1314 insatiabilis
2279 1269 2362 1314 est
2404 1261 2515 1313 vita
2577 1262 2836 1315 usurarii.
2885 1260 3072 1316 Nescit
3115 1261 3353 1314 laborem

1788 1364 2043 1419 agrorum
2089 1351 2463 1415 colendorum,
2519 1361 2882 1407 mercaturam
2939 1368 3046 1406 non
3103 1361 3368 1414 exercet;

1789 1439 1882 1493 sed
1938 1455 2046 1496 uno
2091 1439 2146 1494 in
2197 1440 2314 1496 loco
2370 1443 2661 1498 considens
2719 1443 2983 1499 immanes
3043 1444 3188 1499 domi
3243 1459 3364 1498 sua:

1789 1529 1934 1585 feras
1963 1532 2158 1586 nutrit.
2196 1530 2324 1585 Vult
2369 1532 2551 1586 omnia
2587 1533 2692 1587 sibi
2723 1534 2841 1588 sine
2877 1542 3021 1596 satu,
3056 1543 3112 1589 et
3145 1536 3352 1589 inarata

1789 1620 2062 1690 progigni,
2115 1621 2202 1675 cui
2233 1622 2450 1691 quidem
2498 1630 2743 1676 aratrum
2774 1631 2857 1678 est
2888 1625 3160 1692 calamus;
3203 1641 3352 1694 ager,

1788 1711 2013 1778 charta;
2079 1727 2286 1776 semen,
2357 1721 2755 1778 atramentum;
2820 1715 3042 1782 pluvia,
3105 1723 3352 1784 tempus,

107 1801 367 1868 καρπίαν.
403 1802 677 1871 Δρέπανόν
715 1805 860 1855 ὲστιν
894 1805 1041 1875 αὐτῷ
1082 1806 1114 1876 ἡ
1164 1807 1474 1876 ἀπαίτησις·
1518 1806 1680 1871 ἅλων,

1799 1803 1935 1871 quod
1994 1803 2071 1857 illi
2132 1804 2380 1873 pecuniae
2441 1804 2655 1859 fructus
2715 1806 2944 1860 occultis
3002 1806 3355 1860 incrementis

110 1892 140 1960 ἡ
173 1891 349 1953 οἰκία,
377 1894 464 1960 ἐφ’
491 1887 559 1963 ἧς
584 1893 835 1967 λεπτύνει
864 1896 961 1958 τὰς
982 1896 1087 1948 τῶν
1119 1897 1448 1967 Ολῄμένων
1473 1899 1678 1962 οὐσίας.

107 1982 182 2032 Τά
204 1982 429 2035 πάντων
460 1983 565 2036 ἴδια
584 1963 787 2054 βλέπει.
810 1985 1035 2056 Εὗχεται
1057 1963 1492 2060 τοῖςπθρὼποις
1520 1991 1684 2059 ἀνάγ-

107 2090 202 2135 γας
251 2075 351 2126 καὶ
386 2075 704 2144 συμφορὰς,
751 2077 834 2128 ἵνα
875 2077 1009 2146 πρὸς
1057 2079 1217 2132 αὐτὸν
1254 2082 1684 2150 ὴναγκασμένως

107 2167 404 2220 ἀπέλθωσι.
439 2169 605 2220 Μισεῖ
637 2169 760 2231 τοὺς
790 2170 1000 2232 ἑαυτοῖς
1041 2171 1376 2241 ἀρκοῦντας,
1419 2173 1514 2226 καὶ
1557 2174 1684 2236 τοὺς

108 2257 178 2328 μὴ
198 2258 646 2329 δεδανεισμένους
671 2260 782 2331 (1-1)
807 2261 1034 2330 ἐχθροὺς
1061 2263 1295 2331 ἡγεῖται.
1326 2263 1684 2334 Προσεδρεῦει

104 2355 212 2414 τοῖς
271 2353 680 2422 δικαστηρίοις,
717 2354 804 2406 ἴνα
843 2353 975 2424 εὕρῃ
1023 2354 1115 2408 τὸν
1175 2356 1526 2425 στενούμενον
1574 2359 1686 2421 τοῖς

104 2441 468 2510 ἀπαιτηταῖς,
501 2444 597 2496 καὶ
625 2447 734 2506 τοῖς
766 2445 1095 2515 πράκτορσιν
1125 2446 1430 2512 ἀκολουθεῖ,
1463 2448 1537 2512 ὡς
1566 2452 1683 2511 ταῖς

105 2531 452 2599 παρατάξεσι
491 2535 583 2585 καὶ
623 2536 734 2596 τοῖς
765 2535 1022 2605 πολέμοις
1061 2539 1110 2589 οί
1152 2537 1346 2606 γῦπες.
1387 2540 1682 2610 Περιφέρει

104 2621 162 2671 τὸ
190 2621 508 2689 βαλάντιον,
549 2623 642 2676 καὶ
676 2624 911 2678 δείκνυσι
938 2629 1048 2691 τοῖς
1088 2629 1434 2698 πνιγομένοις
1462 2631 1560 2699 τῆς
1585 2633 1681 2702 θή-

107 2729 204 2781 ρας
239 2713 354 2784 (15)
396 2714 609 2786 δέλεαρ,
648 2716 712 2768 ἵν’
752 2717 943 2787 ἐκείνῳ
971 2718 1058 2772 διὰ
1097 2719 1194 2789 τὴν
1238 2721 1426 2790 χρείαν
1463 2726 1686 2793 περιχή-

107 2818 316 2865 ναντες,
355 2803 768 2871 συγκαταπίωσι
800 2805 889 2859 τοῦ
933 2807 1097 2859 τόκου
1132 2809 1242 2877 (16)
1275 2809 1335 2862 τὸ
1366 2809 1681 2881 ἄγκιστρον.

106 2895 244 2947 Καθ’
277 2896 495 2966 ἡμέραν
530 2896 752 2966 ἀριθμεῖ
784 2897 843 2949 τὸ
873 2897 1094 2968 κέρδος,
1130 2901 1223 2953 καὶ
1255 2901 1352 2970 τῆς
1390 2904 1685 2972 ἐπιθυμίας

107 2983 203 3033 οὔκ
221 2982 586 3051 ἐμπίπλαται.
616 2984 871 3054 Ἀχθεται
893 2987 1028 3055 πρὸς
1044 2987 1133 3040 τὸν
1150 2991 1347 3059 χρυσὸν
1363 2991 1450 3044 τὸν
1469 2993 1559 3046 ἐπὶ
1588 2995 1684 3062 τῆς

105 3073 282 3136 οἰκίας
316 3075 697 3144 ἀποκείμενον,
722 3076 850 3130 διότι
876 3080 1048 3130 κεῖται
1074 3079 1244 3150 ἀργὸς
1271 3082 1364 3133 καὶ
1383 3081 1680 3152 ἄπρακτος.

1786 1893 2020 1964 adauget
2064 1903 2119 1948 et
2162 1895 2383 1949 educat.
2425 1894 2554 1950 Falx
2605 1896 2681 1949 illi
2731 1905 2817 1950 est
2870 1898 3156 1965 repetitio;
3202 1912 3354 1958 area,

1783 1985 2000 2048 domus,
2051 1987 2104 2040 in
2148 2003 2255 2056 qua
2308 1988 2632 2042 miserorum
2685 1986 2937 2043 fortunas
2999 1992 3240 2045 ventilat.
3292 1989 3364 2042 Et-

1784 2089 1906 2144 quae
1952 2076 2196 2129 omnium
2245 2083 2395 2139 sunt,
2443 2079 2658 2147 propria
2711 2079 2796 2131 sui
2829 2079 3003 2148 ipsius
3049 2079 3212 2134 videt.
3251 2077 3356 2132 1m-

1788 2175 2042 2234 precatur
2116 2167 2434 2222 hominibus
2489 2168 2866 2235 calamitates,
2935 2177 2994 2222 ut
3061 2171 3234 2224 coacti
3288 2171 3354 2224 ad

1787 2256 1964 2324 ipsum
1996 2257 2350 2327 confugiant;
2384 2260 2520 2322 odit,
2555 2259 2757 2328 quibus
2790 2274 2878 2313 res
2911 2276 3023 2314 sua:
3057 2261 3354 2325 sulliciunt,

1788 2356 1842 2400 et
1871 2363 2011 2417 quos
2060 2359 2307 2402 mutuum
2353 2349 2458 2406 sub
2493 2365 2663 2405 usura
2701 2362 2882 2419 petere.
2929 2366 3036 2404 non
3065 2350 3356 2419 conspicit,

1789 2438 1843 2492 in
1883 2440 2122 2492 hostium
2165 2455 2396 2492 numero
2435 2440 2618 2494 habet.
2663 2440 2883 2495 Assidet
2926 2440 3092 2495 curiae
3131 2445 3183 2492 et
3213 2437 3354 2502 foro,

1789 2538 1848 2584 ut
1890 2531 2154 2587 inveniat.
2189 2545 2351 2600 quem
2387 2545 2511 2586 sors
2542 2532 2775 2586 adversa
2821 2531 3043 2601 afﬂigit;
3073 2539 3359 2585 exactores

1785 2633 1840 2678 et
1875 2633 2259 2693 procuratores
2295 2638 2425 2678 suos
2465 2639 2681 2693 semper
2721 2625 2989 2694 sequitur,
3029 2632 3088 2678 ut
3115 2625 3357 2679 vultures

1786 2724 1969 2768 castra
2001 2725 2054 2767 et
2099 2716 2267 2767 acies.
2300 2713 2637 2768 Circumfert
2665 2723 2844 2769 autem
2893 2715 3122 2779 loculos,
3171 2724 3229 2768 ut
3261 2717 3360 2769 mi-

1787 2806 1924 2860 seris
1943 2821 2124 2859 escam
2154 2807 2426 2868 ostendat,
2460 2818 2517 2858 ut.
2545 2807 2594 2860 ci
2625 2808 2695 2859 ob
2727 2809 3107 2862 necessitatem
3140 2807 3358 2860 inhian»

1786 2906 1885 2959 tcs,
1918 2895 2176 2948 devorent
2213 2896 2378 2949 simul
2401 2911 2578 2948 usurae
2610 2896 2852 2948 hamum.
2893 2892 3146 2961 Quotidie
3176 2911 3359 2950 nume-

1787 2997 1872 3038 rat
1909 2985 2142 3050 lucrum,
2190 3000 2456 3054 suamque
2493 2984 2841 3054 cupiditatem
2889 2986 3110 3038 minime
3157 2986 3351 3054 explet.

1794 3074 1946 3131 Dolet
1985 3077 2056 3130 ob
2093 3083 2376 3145 argentum
2408 3074 2554 3128 domi
2594 3075 2916 3144 repositum,
2945 3077 3088 3144 quod
3120 3079 3357 3130 otiosum

106 3167 374 3236 Μιμεῖται
406 3139 534 3229 τοὺς
578 3168 854 3238 γεωργοὺς
899 3171 1024 3233 τοὺς
1219 3139 1328 3224 τῶν
1365 3139 1556 3244 σωρῶν
1599 3139 1681 3228 ἀεὶ

1799 3179 1877 3224 est
1930 3179 1985 3224 et
2037 3169 2458 3223 infructuosum.
2516 3168 2766 3222 Imitatur
2819 3167 3080 3228 colonos,
3144 3168 3236 3238 qui
3291 3183 3359 3222 ex

111 3256 406 3327 σπέρματα
434 3256 715 3320 αἰτοῦντας
737 3259 868 3328 (I7).
905 3260 1018 3311 Οὐκ
1043 3260 1223 3330 ἀνίησι
1243 3263 1333 3315 τὸν
1357 3263 1536 3316 ἄθλιον
1557 3282 1686 3336 χρυ-

111 3349 224 3412 σὸν,
250 3349 370 3402 ἀλλ’
397 3349 463 3405 ὲκ
493 3349 689 3418 χειρῶν
725 3353 802 3414 είς
827 3353 1014 3420 χεῖρας
1052 3354 1275 3422 μετάγει
1302 3355 1433 3424 (18).
1463 3354 1686 3419 Βλέπεις

108 3441 238 3507 γοῦν
264 3441 360 3493 τὸν
395 3441 646 3493 πλούσιον
683 3442 773 3494 καὶ
801 3442 1138 3514 πολύχρυσον
1177 3445 1436 3509 πολλάκις
1465 3447 1599 3516 μηδὲ
1627 3447 1685 3502 ἒν

110 3536 354 3605 νόμισμα
400 3534 592 3605 ἔχοντα
620 3535 711 3588 ἐπὶ
742 3536 841 3606 τῆς
865 3537 1040 3600 οἰκίας
1068 3538 1200 3606 (19),
1233 3539 1345 3591 ἁλλ’
1377 3541 1435 3592 ἐν
1463 3541 1685 3611 χάρταις

110 3627 209 3688 τὰς
254 3625 513 3689 ἐλπίδας,
550 3628 608 3678 ἐν
647 3627 957 3696 ὁμολογίαις
1006 3627 1104 3698 τὴν
1151 3629 1468 3692 ὑπόστασιν,
1521 3631 1686 3701 μηδὲν

112 3718 303 3787 ἔχοντα
336 3718 435 3770 καὶ
482 3719 656 3772 πάντα
703 3719 1020 3788 κατέχοντα’
1067 3720 1202 3792 πρὸς
1239 3723 1548 3776 τούναντίον
1587 3721 1682 3776 τοῦ

113 3810 474 3864 ἀποστολικοῦ
529 3812 852 3883 γράμματος
897 3812 1006 3882 (20)
1050 3813 1387 3883 κεχρημένον
1434 3813 1511 3884 τῷ
1549 3815 1682 3884 βίῳ,

115 3903 291 3955 πάντα
321 3903 532 3956 διδόντα
575 3906 682 3966 τοῖς
716 3905 1025 3974 αἰτήσασιν,
1074 3905 1135 3956 οὐ
1182 3904 1268 3958 διὰ
1309 3905 1684 3977 φιλάνθρωπον

115 3996 362 4065 γνώμην,
403 3994 537 4047 ἀλλὰ
562 3994 647 4047 διὰ
677 3995 1004 4065 φιλάργυρον
1035 3995 1250 4065 τρόπον.
1290 3997 1534 4068 Αἱρεῖται
1575 3999 1685 4069 γὰρ

113 4090 206 4160 τὴν
239 4088 576 4158 πρόσκαιρον
604 4087 812 4148 πενίαν,
850 4086 955 4150 ἴνα,
997 4085 1072 4149 ὡς
1111 4085 1293 4149 δοῦλος
1318 4087 1627 4157 ἐπίμοχθος.
1657 4092 1686 4143 ὁ

114 4179 313 4249 χρυσὸς
349 4175 758 4247 ἐργασάμενος,
797 4175 934 4246 μετά
981 4175 1087 4228 τῶν
1138 4175 1344 4245 μισθῶν
1395 4177 1683 4247 ἐπανέλθῃ.

91 4319 101 4327 .
125 4273 309 4342 Ὁρᾷς.
335 4271 486 4332 ὅπως
515 4272 548 4339 ἡ
581 4269 674 4321 τοῦ
700 4267 980 4338 μέλλοντος
1009 4266 1161 4330 ἐλπὶς
1186 4269 1332 4318 κενοί
1353 4266 1452 4335 τὴν
1482 4267 1682 4333 οὶκίαν,

116 4365 204 4416 καὶ
239 4366 386 4416 ποιεί
431 4363 522 4414 τὸν
561 4361 726 4413 πολὺν
762 4359 960 4430 χρυσὸν
1002 4359 1282 4429 ἀκτὴμονα
1329 4359 1680 4428 πρόσκαιρον.

115 4456 312 4510 Τούτου
343 4455 402 4507 δὲ
424 4454 506 4517 τίς
532 4454 565 4522 ἡ
588 4451 766 4516 uitia;
807 4451 869 4504 Ἦ
895 4451 952 4502 ὲν
977 4448 1052 4520 τῷ
1071 4449 1243 4519 χάρτῃ
1271 4448 1474 4518 γραφὴ,
1502 4448 1535 4516 ἡ
1566 4450 1690 4518 ὁμου

177 4635 368 4707 (9-10)
431 4633 718 4707 Γέμονζα.
749 4630 895 4707 Mori.
930 4631 1182 4707 yévovzq._
1239 4629 1382 4707 unde

115 4702 476 4769 νῶνταςεθά
515 4713 569 4758 et
623 4705 705 4759 sic
750 4702 986 4768 regimen
1035 4703 1184 4754 verbi
1243 4703 1414 4755 deest.
1466 4703 1676 4757 Accen-

115 4790 196 4834 tus
249 4778 468 4830 ratione
508 4774 706 4828 ductus
741 4773 935 4841 scripsi
976 4773 1212 4842 γέμοντα
1259 4773 1674 4841 lacunulatnque

114 4847 358 4920 supplevi
412 4845 600 4920 addito
657 4843 866 4920 πενίας,
912 4858 941 4896 c
1000 4842 1447 4920 praecedentibus.
1481 4842 1676 4920 Possis

117 4912 371 4988 suii'picre
392 4916 554 4988 τόκον
589 4930 686 4969 seu
717 4912 912 4988 τόκων,
943 4919 1218 4988 cx__rnente
1255 4912 1532 4988 firetscri;
1580 4921 1678 4988 aut

116 4981 290 5059 legere
319 4987 566 5055 γελῶντα
586 4983 806 5059 χρυσόν,
830 4982 949 5036 sine
980 4981 1087 5034 ullo
1116 4982 1530 5050 supplemento;
1579 4984 1676 5036 sed

114 5054 379 5114 secernas
420 5072 528 5110 non
559 5054 820 5110 concinit.

177 5131 295 5200 (1|)
330 5127 534 5196 Ἄργός
553 5125 649 5200 καὶ
689 5127 720 5176 ό
763 5125 865 5174 ru.
899 5119 1173 5200 Articulus
1213 5119 1397 5200 forsan
1450 5122 1537 5177 hic
1583 5121 1679 5176 deo

115 5190 328 5262 lendus,
373 5190 471 5252 aut
509 5197 702 5251 saltent
746 5202 868 5263 post
909 5190 1284 5254 πλεονεκτικός
1321 5202 1675 5263 transponen-

114 5273 211 5325 dus
234 5279 344 5324 est.

181 5341 298 5410 (12)
332 5340 732 5410 ’Adzzagra..._
759 5331 1043 5410 ᾀνήρρτςι.
1090 5332 1296 5410 Alludit
1340 5335 1407 5410 ad
1461 5331 1682 5410 llotner.

119 5402 313 5481 Odyss.
382 5424 460 5481 Ix,
509 5402 633 5481 1—99,
682 5404 772 5481 ubi
824 5420 875 5456 ν.
906 5403 1256 5481 Boissonadq
1289 5402 1682 5481 coll..1)uport.

118 5471 472 5548 Gttomologia
529 5476 928 5548 Homerica,_p_.
963 5471 1060 5523 iilG
1099 5488 1207 5548 δας,
1257 5476 1369 5548 γει.Δ
1413 5473 1688 5548 si‘tnavis,

119 5551 304 5603 notula
341 5535 461 5599 ιιῆξει
488 5547 553 5600 ad
590 5547 812 5599 Lucian.
847 5535 922 5595 1i.)
975 5535 1206 5612 mercede
1239 5543 1531 5607 conductis,
1560 5559 1614 5612 p.
1639 5541 1694 5595 6.

183 5621 295 5690 (15)
336 5617 451 5690 Ῑόν
481 5616 728 5690 χάρτην.
758 5615 835 5668 Ita
867 5613 1008 5690 Mon.
1039 5611 1137 5663 Ed.
1171 5611 1266 5680 τὴν
1295 5615 1522 5690 χάρις-(ινἰ

181 5683 298 5755 (14)
339 5683 1061 5756 Μυῃᾷ’μηὸεδανεισμένους,
1109 5696 1213 5735 una
1246 5699 1398 5738 voce.
1449 5683 1544 5738 Ed.
1601 5699 1698 5753 μη-

121 5758 208 5811 ἰὶν
234 5756 677 5826 δανειζομένους.

1557 4649 1678 4701 γεν-
1712 4658 1754 4712 D

1793 3274 1991 3314 acervo
2028 3259 2284 3313 frumenti
2315 3275 2532 3328 semper
2561 3274 2743 3314 semen
2784 3268 2996 3328 petunt.
3037 3258 3153 3314 Non
3199 3261 3362 3314 relin-

1792 3353 1913 3421 quit
1941 3351 2308 3406 miserandum
2337 3365 2530 3404 aurum
2573 3351 2862 3410 intactum.
2893 3351 2988 3406 sed
3017 3367 3085 3404 ex
3109 3367 3269 3405 tuanu
3304 3353 3358 3405 in

1795 3457 2014 3495 manum
2048 3442 2324 3497 transfert.
2365 3442 2582 3511 Aspicis
2610 3442 2775 3511 igitur
2815 3445 3016 3512 opibus
3045 3443 3362 3510 divitiisque

1793 3533 2164 3588 abundantem
2221 3549 2362 3602 saepe
2427 3533 2575 3587 domi
2625 3549 2738 3588 sua:
2803 3549 2872 3588 ne
2923 3549 3086 3587 unum
3141 3536 3357 3603 quidem

1792 3638 2076 3677 nummum
2129 3622 2346 3683 habere,
2396 3621 2492 3677 sed
2527 3638 2719 3678 omnes
2751 3638 2876 3692 spes
2913 3623 3032 3691 ejus
3078 3623 3130 3676 in
3170 3624 3380 3677 charta-

1794 3718 1954 3778 sitas,
1991 3728 2291 3783 omnesque
2333 3713 2583 3767 fortunas
2633 3713 2688 3767 in
2722 3714 2896 3783 pactis
2949 3725 3002 3768 et
3053 3714 3358 3776 conventis,

1791 3807 1885 3876 qui
1917 3804 2051 3858 nihil
2084 3803 2267 3870 habet,
2295 3813 2349 3859 et
2372 3805 2554 3858 omnia
2577 3805 2817 3874 possidet
2848 3824 2862 3860 :
2895 3805 3174 3859 contrario
3198 3805 3373 3858 modo-

1793 3895 2106 3964 apostolicis
2163 3895 2384 3950 monitis
2428 3897 2594 3949 vitam
2643 3895 2970 3959 instituens,
3029 3897 3120 3964 qui
3175 3894 3357 3948 omnia

1793 3987 2019 4055 largitur
2053 3984 2376 4052 petentibus,
2408 4000 2515 4038 non
2546 3985 2922 4051 humanitatis,
2952 3985 3047 4040 sed
3081 3985 3374 4053 cupidita--

1792 4079 1865 4132 tis
1911 4079 2110 4146 gratia.
2153 4075 2318 4146 Eligit
2359 4078 2504 4131 enim
2563 4077 2876 4148 pauperiem
2923 4076 2990 4130 ad
3033 4076 3356 4130 nonnullum

1792 4179 2028 4241 tempus,
2071 4181 2129 4224 ut
2162 4171 2394 4240 pecunia
2429 4173 2603 4226 instar
2635 4172 2892 4227 laboriosi
2930 4173 3074 4226 servi
3100 4185 3374 4240 Operans,.

1790 4277 1913 4315 cum
1953 4262 2202 4318 mercede
2230 4265 2296 4317 ad
2327 4263 2505 4333 ipsum
2546 4273 2870 4320 revertatur.
2909 4264 3093 4328 Vides,
3138 4273 3202 4318 ut
3229 4278 3354 4333 spes

1790 4355 1960 4409 futuri
2012 4355 2146 4409 lucri
2191 4356 2468 4410 exinaniat
2497 4357 2742 4422 domum,
2773 4357 3078 4426 elliciatque
3106 4367 3165 4408 ιιι
3203 4357 3380 4425 inops-

1792 4449 1883 4512 sit,
1910 4448 2266 4517 cuialioquin
2299 4450 2526 4503 multum
2570 4451 2690 4503 auri
2733 4453 2993 4520 suppetit.
3023 4449 3198 4519 Hujus
3228 4466 3378 4502 vet-or

1855 4634 1966 4705 (15)
1997 4633 2108 4702 Τῆς
2125 4633 2324 4703 θήρας.
2345 4637 2424 4689 Ita
2454 4633 2695 4689 Gretseri
2719 4633 3031 4702 Appendix.
3064 4628 3164 4685 Ed.
3202 4631 3346 4685 1658

1783 4706 1880 4768 τὰς
1903 4705 2096 4776 θήρας,
2129 4706 2274 4774 quod
2303 4717 2355 4759 et
2383 4705 2527 4759 Mon.
2565 4707 2764 4776 habere
2789 4705 3029 4776 videtur.

1855 4769 1989 4843 (16)"
2018 4769 2474 4843 Συγᾶιαταπίωσι
2536 4775 2642 4826 τοῦ
2686 4775 2890 4828 τόκου.
2943 4775 3034 4826 Sic
3072 4771 3172 4825 Ed.
3206 4769 3352 4824 Mon.

1786 4844 2229 4912 συγκαταπίωσιν
2253 4847 2362 4897 τῶν
2393 4846 2567 4897 τόκων
2599 4844 2649 4911 (e
2685 4859 2830 4899 corr.
2861 4843 2938 4913 τῷ
2979 4843 3124 4912 τόκῳ
3147 4881 3160 4906 ,
3203 4851 3356 4895 ιιιιυ-

1783 4914 2185 4986 (ιιιεγνιιειοιο).
2217 4914 2339 4986 Mox
2380 4914 2522 4967 Mon.
2549 4913 2889 4986 an'qpé‘pav.

1857 4985 1965 5051 (1'7)
2020 4981 2482 5051 Ἇεὶ’σπέρματίι
2536 4981 2870 5048 αἰτοῦντας.
2950 4983 3098 5037 Loco
3156 4981 3352 5033 horum

1783 5056 2098 5116 verborum,
2129 5070 2250 5122 qua:
2278 5056 2474 5106 desunt
2531 5053 2583 5105 in
2620 5053 2787 5116 Mon.,
2833 5054 3114 5106 recentior
3161 5066 3355 5104 manus

1786 5125 2107 5179 asteriscum
2132 5125 2309 5192 posuit
2340 5125 2558 5177 ibidem.

1861 5197 1970 5260 (-18)
2006 5190 2274 5261 Μετᾶγει.
2304 5194 2445 5246 Mou.
2500 5210 2758 5262 μετετειμ
2787 5193 2889 5258 (sic
2911 5192 2978 5251 ?),
3019 5190 3073 5244 in
3121 5204 3288 5259 marg.
3320 5204 3372 5242 tt;

1792 5280 1979 5320 manu.
2015 5272 2073 5315 ut
2097 5264 2330 5325 videtur,
2359 5262 2728 5326 Gretscrtana,
2767 5262 3011 5331 μετάγει.

1865 5334 1986 5402 (19)·
2006 5333 2174 5386 Verba
2205 5333 2462 5396 πολλάκις
2491 5333 2623 5400 μηδὲ
2651 5334 2706 5384 ἓν
2741 5329 2865 5400 (sic)
2898 5330 3139 5402 νόμισμα
3161 5329 3349 5400 ἔχοντα

1793 5404 1883 5458 ἐπὶ
1913 5404 2010 5472 τῆς
2036 5403 2240 5465 οἰκείας
2269 5403 2414 5473 (sic).
2450 5411 2636 5470 utpote
2658 5406 2882 5465 omissa,
2915 5401 3019 5452 alia
3055 5417 3249 5456 manus
3291 5402 3346 5456 in

1797 5489 1967 5541 marg.
2004 5473 2147 5526 Mon.
2181 5475 2465 5542 supplevit.

1870 5543 1978 5613 (ἓο)
2017 5543 2124 5597 Τοῦ
2161 5541 2565 5598 ἀποστολικοῦ
2608 5542 2958 5611 γράμματος.
2999 5543 3117 5608 Quo
3151 5541 3354 5595 ailudat

1804 5615 1890 5666 hic
1920 5624 2124 5675 noster,
2163 5615 2330 5668 latere
2363 5629 2449 5667 me
2488 5614 2679 5668 fateor.
2713 5613 2937 5674 Credas.
2987 5613 3053 5666 ad
3082 5613 3136 5664 S.
3162 5613 3348 5666 Matth.

1807 5701 1861 5752 ν,
1889 5684 1958 5738 49.
1996 5707 2005 5740 ;
2036 5683 2113 5752 τῷ
2141 5681 2378 5752 αἰτοῦντί
2416 5700 2494 5742 σε.
2536 5684 2698 5736 δίδου.
2724 5683 2787 5735 At
2818 5699 2924 5736 non
2967 5695 3050 5738 est
3097 5683 3352 5752 apostoli-

1812 5772 1956 5819 cum,
1994 5751 2095 5811 sed
2119 5755 2292 5823 ipsius
2325 5751 2626 5809 Salvatoris
2659 5754 2759 5806 hoc
2792 5763 3137 5823 praeceptum.
