3844 6400
469 248 578 304 439

1639 258 1694 315 5.
1737 259 2062 328 ΕΒΕΟΟῙΠΙ
2103 264 2402 322 ΝΥδεΕΝι

3609 271 3724 327 440

471 376 722 432 quaenam
767 369 980 424 causa?
1010 367 1293 440 Scriptura
1338 371 1393 425 in
1443 387 1650 443 papyro
1688 378 2034 448 consignata,

2143 381 2299 450 λογία
2346 381 2440 434 τοῦ
2488 381 2862 446 στενωθέντος.
2911 382 3078 437 Δώσω
3113 383 3252 454 μετὰ
3291 384 3391 454 τῆς
3432 384 3720 456 ἐργασίας,

466 465 523 511 et
564 460 743 528 pactio
791 476 890 517 seu
916 464 1210 532 promissio
1254 465 1460 520 amicti.
1509 468 1752 523 Reddam
1798 486 1922 524 cum
1959 471 2037 525 fe-

469 563 623 603 nore.
655 547 957 605 Restituam
983 567 1106 608 cum
1140 555 1292 610 lucro
1324 567 1548 611 sortem.
1579 557 1782 615 Deinde
1805 553 1958 615 insto
1982 567 2038 616 et

468 637 736 716 admoneo
788 648 846 693 ut
893 657 961 697 ne
1012 643 1170 699 fidem
1205 645 1380 702 fallat.
1430 646 1496 702 Et
1537 649 1751 705 debitor
1791 651 2032 722 quidem,

469 728 595 784 licet
636 730 819 802 inops,
862 733 1018 788 ﬁdem
1062 735 1194 792 facit
1231 739 1302 794 ob
1340 741 1726 810 syngrapham.
1756 741 1901 800 Deus
1939 760 2037 799 auo

469 826 602 882 tem,
639 823 734 892 qui
763 823 916 880 dives
943 835 1048 894 est,
1082 827 1212 883 licet
1253 831 1422 884 multa
1450 832 1774 901 polliceatur
1801 834 1951 889 clara
1981 843 2037 892 et

469 925 669 965 sonora
705 929 856 979 voce,
909 931 1017 971 non
1051 926 1231 974 tamen
1261 920 1501 976 auditur.
1550 921 1646 988 Da,
1695 934 1750 979 et
1784 939 1887 995 ego
1911 927 2037 981 red-

471 1003 622 1073 dam,
654 1008 857 1061 clamat
887 1007 941 1062 in
974 1007 1305 1079 Evangeliis,
1342 1012 1396 1065 in
1424 1012 1642 1082 publico
1683 1015 1893 1086 totique
1925 1026 2034 1072 ter-

470 1110 653 1151 rarum
705 1101 825 1152 orhi
857 1109 987 1156 noto
1014 1103 1404 1174 chirographo,
1437 1105 1584 1174 quod
1613 1115 1868 1177 quatuor,
1916 1109 2038 1164 loco

469 1199 522 1242 et
572 1190 690 1244 vice
745 1192 910 1248 unius
967 1193 1338 1262 scripserunt,
1398 1196 1560 1265 cujus
1617 1205 1785 1254 testes
1847 1216 2038 1257 omnes

468 1277 770 1337 Christiani
810 1299 842 1338 a
875 1286 1212 1354 temporibus
1255 1294 1423 1355 parta:
1459 1289 1653 1344 salutis
1687 1293 2035 1346 exstiterunt.

471 1368 652 1427 Habes
697 1374 1009 1443 paradisum
1063 1377 1278 1446 pignus,
1309 1379 1510 1448 pignus
1563 1381 1752 1451 utique
1787 1383 2035 1454 dignum,

472 1479 584 1534 quo
619 1463 846 1520 fidenter
872 1468 1089 1522 nitaris.
1119 1467 1273 1535 Quod
1307 1470 1352 1524 si
1383 1478 1437 1524 et
1459 1470 1548 1525 hic
1578 1471 1784 1542 aliquid
1809 1475 2034 1544 quaeris,

473 1564 622 1611 t0tus
672 1557 909 1612 mundus
951 1560 1106 1629 probi
1142 1560 1409 1617 debitoris
1449 1563 1730 1632 possessio
1783 1573 1888 1619 est.
1928 1565 2038 1620 Cu—

471 1649 618 1704 riose
661 1649 1021 1720 circumspice
1071 1653 1283 1722 copiam
1311 1693 1326 1718 ,
1374 1669 1482 1724 qua
1531 1655 1774 1709 abundat
1817 1655 1865 1711 is
1891 1698 1905 1722 ,
1941 1657 2035 1727 qui

2138 470 2446 523 ὐποτελέσω
2488 470 2627 542 μετὰ
2662 469 2756 523 τοῦ
2806 470 3113 540 γινομένου.
3171 467 3338 537 Εῐτα,
3379 473 3721 544 παρακαλῶ.

2135 563 2164 614 6
2211 561 2308 631 μὲν
2342 560 2639 632 χρεώστης,
2680 560 2775 614 καὶ
2823 559 3024 630 ἄπορος
3071 559 3168 628 ὣν,
3201 561 3292 616 διὰ
3335 562 3435 634 τήν
3471 579 3721 634 συγγρα⁴
3763 556 3780 570 ’

2138 649 2243 721 φὴν
2281 651 2393 720 (2|)
2444 650 2779 704 πιστεύεταιο
2832 652 2861 704 6
2897 649 2956 704 δὲ
2996 650 3162 716 Θεὸς,
3207 651 3460 717 πλούσιος
3508 652 3584 706 ῶν
3623 654 3721 707 καὶ

2137 741 2632 812 ἐπαγγελλόμενος,
2678 742 2781 795 οὐκ
2821 740 3100 796 ἀκούεται.
3132 741 3233 805 Δὸς
3253 781 3268 805 ,
3308 743 3404 796 καὶ
3433 742 3545 812 ἐγὼ
3571 744 3717 796 ἀπο-

2135 832 2291 886 δώσω
2311 832 2447 902 (22),
2475 831 2572 904 βοᾷ
2586 832 2798 903 γράψας
2819 833 2878 886 ὲν
2899 831 3270 902 Εὐαγγελίοις,
3291 833 3350 886 ὲν
3366 833 3718 904 χειρογράφῳ

2135 923 2378 995 δημοσίῳ
2408 923 2509 993 τῆς
2528 925 2871 996 οἰκουμένης.
2895 924 2924 978 ὅ
2950 924 3250 995 τέσσσαρες
3271 923 3514 994 ἔγραψαν
3538 925 3719 991 εὐαγ-

2136 1015 2409 1084 γελισταὶ,
2444 1015 2558 1068 ἀνθ’
2579 1015 2697 1079 ἑνὸς
2723 1014 3277 1087 συμϐολ[αι]ογράςρου
3295 1054 3310 1079 ,
3341 1007 3403 1067 οὗ
3437 1014 3718 1085 μάρτυρες

2138 1103 2336 1166 πάντες
2366 1106 2416 1157 oi
2449 1105 2515 1157 ὲκ
2558 1103 2667 1160 τῶν
2694 1104 2901 1174 χρόνων
2929 1105 3028 1176 τῆς
3062 1105 3331 1173 σωτηρίας
3364 1105 3708 1175 Χριστιανοί.

2142 1191 2325 1261 Ἔχεις
2371 1191 2650 1262 ὑποθήκην
2687 1192 2777 1245 τὸν
2810 1191 3154 1263 παράδεισον,
3195 1191 3448 1262 ἐνέχυρον
3493 1189 3718 1256 ἀξιόπι-

2140 1299 2282 1337 στον.
2328 1283 2392 1336 El
2419 1282 2477 1336 δὲ
2506 1283 2601 1337 καὶ
2627 1281 2858 1336 ἐνταῦθα
2901 1283 3100 1352 ζητεῖς,
3149 1282 3268 1346 ὃλος
3310 1285 3340 1336 6
3371 1282 3572 1353 κόσμος
3615 1284 3718 1336 τοῦ

2137 1373 2473 1444 εὐγνώμονος
2514 1371 2788 1444 χρεώστου
2848 1374 3062 1446 κτῆμα.
3110 1373 3474 1446 Περιέργασαι
3525 1374 3720 1443 σαφῶς

2135 1463 2234 1534 τὴν
2262 1464 2521 1534 εὐπορίαν
2552 1463 2646 1517 τοῦ
2677 1463 2964 1535 ζητοῦντος
2991 1464 3090 1536 τὴν
3123 1465 3461 1536 εὐεργεσίαν,
3491 1467 3586 1519 καὶ
3614 1467 3715 1519 εὐ·-

2140 1557 2322 1625 ρήσεις
2338 1555 2450 1626 (25)
2465 1553 2556 1607 τὸν
2572 1553 2817 1609 πλοῦτον.
2842 1556 2998 1610 Πᾶσα
3021 1556 3125 1627 γὰρ
3152 1560 3396 1627 χρυσῖτις
3416 1556 3511 1610 τοῦ
3533 1557 3716 1628 χρεώ-

2141 1663 2266 1698 στου
2317 1645 2508 1700 τούτου
2553 1647 2757 1718 κτῆμα.
2823 1648 2940 1701 Πᾶν
2991 1647 3251 1718 μέταλλον
3303 1647 3566 1719 ἀργυρίου
3615 1649 3717 1702 καὶ

471 1738 792 1794 beneficium
822 1741 920 1796 abs
953 1749 1006 1797 te
1046 1743 1200 1812 petit,
1222 1753 1278 1798 et
1313 1744 1556 1800 invenies
1582 1746 1755 1815 ipsius
1791 1746 2032 1803 divitias.

2143 1737 2340 1808 χαλκοῦ
2386 1739 2479 1792 καὶ
2507 1739 2616 1792 τῶν
2662 1738 2789 1810 ἑξῆς
2837 1738 2978 1792 ὑλῶν
3020 1740 3120 1810 τῆς
3158 1741 3365 1794 ἐκείνου
3393 1741 3718 1805 δεσποτείας

469 1829 603 1885 Nam
643 1847 833 1887 omnes
870 1835 987 1888 auri
1024 1836 1342 1904 argentique
1377 1836 1576 1892 fodime
1614 1839 1880 1893 debitoris
1907 1854 2036 1908 pos-

470 1923 646 1977 sessio
677 1931 824 1978 sunt.
855 1923 1028 1980 Omne
1062 1927 1340 1981 metallum
1372 1929 1580 1998 argenti
1624 1938 1677 1983 et
1710 1929 1856 1991 aeris,
1901 1937 1952 1984 et
1982 1929 2032 1985 id

469 2029 639 2083 genus
665 2015 914 2078 aliorum,
936 2017 1181 2070 dominio
1203 2025 1256 2072 et
1278 2018 1507 2086 imperio
1529 2020 1698 2088 ipsius
1718 2019 2031 2088 subjicitur.

473 2103 703 2172 Respice
744 2107 797 2159 in
847 2115 1018 2160 totum
1072 2109 1294 2169 cmlum,
1327 2125 1433 2178 qua
1469 2118 1645 2178 patet;
1684 2119 1864 2164 mente
1897 2125 2031 2163 con—

472 2195 590 2263 cipe
634 2196 800 2250 maris
835 2196 1188 2264 infinitatem;
1230 2199 1405 2268 cogita
1455 2207 1614 2253 terra!
1655 2198 2029 2264 latitudinem;

473 2301 718 2346 numera.
765 2302 903 2356 quas
947 2289 1116 2342 nutrit
1163 2287 1340 2355 feras;
1387 2290 1572 2343 omnia
1611 2289 1854 2353 subjecta
1905 2300 2034 2344 sunt

471 2375 620 2430 illius
659 2378 936 2445 potentiae.
985 2378 1145 2446 cujus
1186 2387 1242 2432 tu
1290 2389 1661 2451 paupertatem
1701 2383 2029 2437 contemnis.

473 2464 784 2523 Moderatus
844 2476 900 2522 et
945 2483 1134 2538 aequus
1201 2479 1344 2524 esto.
1400 2469 1478 2525 Ne
1537 2471 1738 2541 injuria
1789 2471 2036 2527 aﬂ‘eceris

473 2556 679 2624 Deum;
716 2575 890 2631 neque
935 2561 1173 2616 restitues
1205 2560 1372 2616 Deum
1416 2562 1677 2619 inferiore
1708 2571 1762 2618 et
1802 2562 2037 2618 inhono-

473 2650 673 2705 ratiore
731 2650 851 2706 loco
904 2667 1026 2707 esse
1092 2666 1255 2721 quam
1323 2653 1663 2724 trapezitas,
1723 2655 1924 2725 quibus
1989 2655 2037 2711 si

471 2739 796 2814 spondeam.
829 2741 1036 2812 absque
1074 2740 1243 2796 dubio
1273 2743 1474 2799 credis.
1518 2742 1593 2796 Da
1633 2745 1888 2814 sponsori
1931 2746 2038 2800 im-

470 2831 712 2888 mortali.
761 2831 937 2888 Crede
969 2833 1336 2904 chirographo
1382 2834 1761 2904 inaspectabili
1795 2835 2038 2906 quidem,

2145 1827 2328 1898 μέρος.
2373 1827 2696 1902 Ἀπόὸλῴν
2729 1829 2810 1892 είς
2831 1827 2922 1882 τὸν
2951 1829 3394 1902 μέγαν-οὐρανόνο
3424 1831 3717 1902 κατάμαθε

2141 1919 2238 1990 τήν
2257 1919 2478 1990 ἄπειρον
2505 1899 2798 1974 θάθσανο
2823 1899 3192 1990 ίστόρησονπὺ
3220 1899 3425 1986 πλάτος
3461 1899 3711 1994 τῆς-γῆς·

2141 2011 2443 2082 ἀρίθμησον
2489 2011 2559 2064 τά
2614 2011 2700 2064 ἐπ’
2762 2012 2930 2082 αὐτῆς
2977 2013 3283 2084 τρεφόμενα
3332 2011 3478 2076 ζῶαο
3533 2015 3717 2068 πάντα

2139 2102 2296 2155 δοῦλα
2321 2103 2412 2155 καὶ
2443 2104 2716 2173 κτήματα,
2745 2099 2805 2157 οῦ
2839 2104 2902 2156 σὺ
2930 2102 3005 2166 ὡς
3045 2104 3246 2175 ἀπόρου
3282 2104 3395 2172 (24)
3429 2121 3716 2177 καταφροο

2139 2197 2268 2259 νείς.
2321 2195 2697 2266 Σωφρόνησον,
2743 2195 3019 2267 ἄνθρωπε.
3073 2197 3164 2267 Μὴ
3224 2195 3559 2270 καθυϐρίσῃς
3619 2197 3715 2250 τὸν

2138 2286 2304 2350 Θεὸν,
2343 2287 2474 2358 μηδὲ
2505 2288 2684 2358 ἡγήσῃ
2713 2286 2820 2340 τῶν
2860 2287 3202 2358 τραπεζιτῶν
3246 2288 3585 2360 ἀτιμότερον,
3627 2281 3716 2351 οἷς

2141 2377 2506 2448 ἐγγυωμένοις
2545 2377 2925 2448 ἀναμφιϐόλως
2969 2377 3296 2436 πιστεύσεις.
3332 2378 3430 2441 Δὸς
3465 2380 3712 2449 ὲγγυητῇ

2136 2468 2211 2540 μὴ
2238 2469 2650 2540 ἀποθνήσκοντι.
2688 2469 2982 2523 Πίστευσον
3031 2469 3378 2541 χειρογράφῳ
3409 2470 3484 2541 μὴ
3512 2470 3715 2540 βλεπο-

2135 2559 2278 2629 μένῳ
2310 2561 2444 2632 μηδὲ
2474 2560 2926 2631 σπαρασσομένῳ.
2968 2561 3059 2631 Μὴ
3089 2563 3444 2634 ὲπερωτήσῃς
3471 2561 3570 2632 τὴν
3618 2563 3716 2632 ὲρ-

2133 2651 2352 2718 γασίαν,
2398 2650 2533 2704 ἀλλὰ
2557 2650 2645 2713 δὸς
2672 2649 3051 2720 ἀκαπήλευτον
3085 2649 3184 2719 τὴν
3234 2650 3569 2722 εὐεργεσίαν,
3615 2653 3715 2724 καὶ

2085 2813 2088 2816 γ
2133 2743 2252 2812 ὄψει
2287 2759 2369 2795 σοι
2413 2741 2504 2795 τὸν
2544 2741 2676 2795 Θεδν
2721 2740 2860 2812 μετά
2895 2739 3216 2813 προσθήκης
3250 2742 3565 2797 ἀποδιδόντα
3609 2744 3717 2814 τὴν

2149 2835 2330 2908 χάριν.

470 2923 565 2979 sed
607 2924 877 2996 ejusmodi
916 2934 1120 2992 tamen,
1157 2929 1301 2998 quod
1351 2928 1507 2999 perdi
1581 2939 1838 3000 nequeat.
1893 2928 1974 2986 Ne
2037 2931 2224 3000 exigas
2291 2929 2541 2993 lucrum,
2597 2927 2693 2984 sed
2747 2927 2998 2998 impende
3045 2926 3370 2983 beneficium
3432 2927 3564 3012 sine
3614 2943 3717 2998 spe

470 3029 732 3090 quaestus,
779 3021 1098 3092 videbisque
1135 3021 1304 3077 Deum
1349 3039 1460 3079 non
1496 3025 1618 3080 sine
1661 3025 2032 3081 additamenta
2071 3025 2368 3096 rependere
2395 3025 2648 3096 gratiam.

537 3111 694 3178 Quod
721 3111 769 3167 si
803 3112 917 3167 haac
939 3115 1116 3168 oratio
1157 3113 1254 3169 tibi
1285 3117 1572 3188 peregrina
1599 3125 1654 3173 et
1682 3125 1880 3187 przeter
1917 3121 2034 3188 opi-
2061 3124 2103 3180 C

472 3202 689 3258 nionem
743 3203 961 3268 accidit,
1009 3205 1066 3259 in
1112 3214 1367 3275 promptu
1410 3207 1587 3264 habeo
1638 3209 2034 3275 testimonium,

470 3309 581 3366 quo
612 3297 960 3366 perspicuum
996 3297 1056 3352 fit
1085 3297 1252 3354 Deum
1281 3300 1368 3369 pie
1394 3309 1644 3372 sumptus
1675 3309 1729 3356 et
1759 3301 2036 3372 impensas

471 3385 798 3446 facientibus
822 3390 1008 3446 multis
1037 3393 1316 3463 variisque
1336 3393 1514 3449 modis
1543 3410 1806 3466 reponere
1841 3395 2032 3451 vicem.

471 3477 636 3534 Petro
673 3480 818 3535 enim
854 3481 1226 3553 interrogante
1263 3492 1317 3540 et
1348 3484 1564 3540 dicente
1599 3506 1610 3540 :
1640 3484 1773 3540 Ecce
1810 3503 1905 3541 nos
1946 3503 2031 3541 re-

471 3569 722 3640 liquimus
761 3571 938 3626 omnia
972 3580 1021 3626 et
1058 3575 1225 3628 secuti
1258 3591 1438 3629 sumus
1484 3585 1550 3640 te,
1595 3577 1720 3646 quid
1770 3593 1892 3647 ergo
1930 3579 2030 3632 erit

472 3660 666 3718 nobis?
693 3663 854 3718 Amen
883 3664 1001 3718 dico
1031 3665 1194 3730 vobis,
1229 3667 1428 3737 inquit,
1466 3670 1635 3724 omnis
1678 3671 1768 3739 qui
1813 3669 2036 3740 relique-

473 3755 545 3809 rit
583 3754 788 3820 domos,
829 3765 924 3811 aut
950 3758 1145 3826 fratres
1183 3769 1276 3814 aut
1309 3777 1537 3825 sorores,
1570 3772 1660 3814 aut
1689 3771 1916 3830 patrem,
1944 3770 2038 3815 aut

474 3857 714 3911 matrem,
764 3858 858 3901 aut
888 3863 1127 3912 uxorem,
1169 3859 1264 3903 aut
1299 3849 1461 3920 ﬁlios,
1509 3860 1602 3904 aut
1635 3868 1814 3922 agros,
1854 3861 2036 3905 centu-

471 3937 617 4007 plum
651 3939 889 4009 accipiet,
930 3950 980 3995 ct
1008 3943 1169 3996 vitam
1198 3952 1451 3998 wternam
1484 3945 1765 4012 possidebit
1791 3945 1832 3998 '.
1874 3943 2038 3998 Vides

472 4029 887 4086 liberalitatem?
934 4031 1100 4090 Vides
1140 4034 1474 4091 bonitatem?
1521 4035 1588 4090 Et
1615 4037 1770 4092 valde
1814 4037 2035 4107 quidem

473 4118 760 4190 impudens
788 4121 1063 4178 fenerator
1093 4125 1324 4192 laborat,
1350 4136 1409 4182 ut
1443 4137 1645 4184 sortem
1673 4128 1948 4198 duplicet;
1984 4135 2038 4180 at

473 4207 617 4266 Deus
645 4220 839 4281 sponte
878 4229 1001 4278 sua,
1034 4215 1085 4270 ei
1115 4217 1207 4286 qui
1251 4216 1472 4273 fratrem
1509 4235 1669 4274 suum
1712 4235 1819 4273 non
1849 4219 2038 4290 oppri-

474 4299 595 4381 mit,
653 4302 970 4372 centuplum
1025 4305 1222 4360 reddit.
1280 4306 1668 4380 Obtemperato
1711 4309 1876 4380 igitur
1927 4309 2039 4365 Deo

473 4389 806 4459 consulenti,
843 4409 1147 4465 usurasque
1178 4407 1407 4467 peccato
1439 4415 1550 4455 non
1590 4402 1860 4457 obnoxias
1890 4401 2036 4456 refe-

475 4495 583 4538 res.
613 4480 727 4537 Cur
757 4493 808 4538 te
847 4483 990 4540 haud
1031 4486 1150 4544 sine
1193 4491 1402 4547 scelere
1435 4493 1588 4548 curis
1617 4492 1866 4556 conficis,
1916 4493 2035 4549 dies

543 4665 566 4697 '
599 4663 787 4720 Matth.
823 4681 935 4734 xu,
963 4667 1054 4733 27,
1084 4665 1179 4722 28.

475 4817 485 4834 '
544 4843 862 4927 (2i).Verba
895 4847 982 4927 διά
997 4851 1096 4927 τῂν
1129 4868 1371 4927 συγγρ...
1405 4851 1660 4917 πλούσιος
1693 4852 1769 4907 ὢν
1825 4855 1892 4909 ab
1923 4855 2030 4908 alia

2143 4853 2291 4927 [ξεξδι.⁸
2329 4853 2504 4927 Lcttrc
2535 4855 2776 4927 critique,

475 4930 640 4988 manu
662 4920 714 4970 in
749 4932 918 4988 marg.
953 4920 1112 4974 habet
1149 4920 1291 4976 Mon‘.

547 4986 661 5052 (22)
712 4986 890 5052 46¢...
944 4990 1252 5045 ἀποδώσω.
1297 4991 1417 5047 Non
1475 4993 1545 5048 ad
1591 5002 1801 5049 certum
1849 4995 2028 5048 locum

475 5051 888 5134 E_vangelioru_rn
924 5058 1012 5112 hic
1033 5062 1304 5134 respicere
1335 5061 1640 5134 Nyssenuim
1679 5065 1929 5134 eplurali
1969 5065 2019 5116 ὲι

475 5125 809 5194 εὐαγγελίοις
830 5127 940 5184 fere
973 5125 1154 5199 patet:
1187 5131 1260 5188 cf.
1285 5125 1465 5188 tamen
1501 5132 1556 5188 S.
1583 5125 1771 5215 Matth.
1801 5149 1874 5197 vi,
1899 5135 2005 5215 ὄμί

545 5194 656 5266 (23)
684 5197 1002 5271 Εὐρήσεις.
1048 5199 1147 5256 Ed.
1195 5203 1454 5271 εὐρήσῃς.
1503 5204 1730 5257 Correu
1781 5204 2005 5258 barbari

545 5215 656 5266 ιτα)
690 5215 1002 5264 δυρησεις.
1048 5215 1147 5256 nil.
1195 5215 1454 5273 εὑρήσης.
1503 5215 1730 5257 uorreu
1782 5215 2013 5258 barbam.

473 5266 1071 5339 smtttn.§ulijunctivus
1086 5279 1135 5324 ta
1145 5287 1264 5326 men
1282 5259 1570 5327 verborum
1585 5273 2028 5339 αὐϐυποτάκτων,

473 5335 830 5418 νοιιιιεῦρῃς,
852 5338 1042 5418 λάϐῃς,
1083 5343 1242 5418 ,εἰιιιη
1274 5358 1388 5418 _pro
1422 5343 1621 5418 futuro
1676 5342 1965 5418 adhibetur
1999 5335 2030 5396 a

475 5406 833 5483 scriptoribus
881 5406 1226 5483 prmtripitatte
1265 5406 1588 5483 Graecitatis.
1651 5430 1761 5483 quo
1802 5415 1869 5469 de
1927 5431 2029 5470 usu

474 5475 596 5546 vide
633 5475 1140 5546 praestatitissim'am
1169 5490 1352 5536 notam
1383 5485 1447 5537 C.
1484 5481 1544 5536 Β.
1588 5475 1749 5541 llase.
1799 5485 1916 5539 Ind.
1974 5485 2028 5538 in

476 5543 649 5620 Leon;
680 5545 904 5604 Diacon.
931 5565 979 5605 s.
998 5567 1048 5604 v.
1072 5549 1469 5620 Coniunctivus.
1505 5553 1578 5609 De
1594 5557 1773 5610 verbis
1800 5557 2031 5608 αὐθυπο-

472 5613 710 5695 τάκτοις,
747 5637 765 5668 ι
799 5621 978 5695 verbi_s
1013 5613 1227 5695 scilicet
1254 5640 1374 5692 qum
1398 5627 1532 5695 fiunt
1556 5625 1901 5695 subjttnctiva
1933 5641 2028 5695 per

472 5699 549 5751 se,
575 5705 594 5738 ι
622 5685 918 5759 interprete
933 5689 1254 5750 Boissonad.
1271 5685 1465 5749 )lnecd.
1485 5694 1602 5764 Gn,
1625 5685 1716 5749 till
1741 5711 1792 5765 p.
1814 5695 1908 5750 Mil
1923 5685 2026 5761 ξεί.

2209 3120 2308 3171 Ἂν
2337 3117 2395 3171 δὲ
2427 3117 2606 3190 ξενίζῃ
2644 3135 2737 3172 σου
2763 3117 2863 3190 τὴν
2897 3117 3066 3189 ἀκοὴν
3096 3117 3126 3170 6
3176 3117 3476 3189 παράδοξος
3511 3116 3582 3191 [6]
3615 3118 3712 3172 λό-

2136 3227 2230 3278 γος
2261 3209 2395 3281 (25),
2425 3211 2710 3282 πρόχειρον
2735 3209 2842 3280 ἔχω
2867 3208 2966 3278 τήν
3002 3207 3326 3280 μαρτυρίαν,
3364 3209 3445 3263 ὅτι
3472 3211 3586 3272 τοῖς
3615 3209 3712 3262 εὐ-

2138 3301 2311 3365 σεϐῶς
2360 3301 2635 3354 δαπανῶσι
2677 3302 2771 3355 καὶ
2815 3299 3161 3370 εὐεργετοῦσι
3201 3299 3656 3364 πολυπλασιάζων
3680 3302 3717 3354 ὁ

2135 3390 2268 3454 Θεὸς
2287 3389 2384 3461 τὴν
2413 3389 2645 3460 ἀμοιϐὴν
2679 3389 2990 3443 ἀποδίδωσι.
3021 3389 3228 3461 Πέτρου
3267 3389 3375 3460 γὰρ
3395 3388 3716 3460 ἐρωτῶντος

2138 3480 2234 3533 καὶ
2277 3479 2546 3548 λέγοντοςο
2599 3479 2745 3534 Ἰδοὺ
2779 3479 2950 3548 ἡμεῖς
2978 3479 3296 3550 ἀφήκαμεν
3329 3479 3550 3543 πάντα,
3606 3480 3714 3533 καὶ

2136 3569 2635 3640 ἠκολουθήσαμέν
2669 3586 2787 3635 σοι,
2837 3570 2894 3624 τί
2927 3570 3041 3639 ἄρα
3072 3572 3243 3625 ἐσται
3275 3570 3462 3640 ήμῖνς
3520 3571 3717 3639 Ἀμὴν

2135 3662 2288 3731 λέγω
2309 3665 2468 3731 ὑμῖν,
2485 3663 2636 3734 φησί·
2656 3661 2780 3729 Πᾶς
2801 3663 2968 3729 ὅστις
2994 3663 3232 3732 ἀφῆκεν
3246 3664 3456 3728 οίκίας.
3475 3663 3513 3732 ἢ
3533 3663 3680 3718 ἀδελ
3694 3693 3717 3704 ο

2137 3753 2308 3823 φοὺς,
2334 3755 2372 3823 ἢ
2404 3753 2690 3823 ἀδελφὰς,
2715 3754 2752 3822 ἣ
2780 3754 3023 3822 πατέρα,
3045 3754 3084 3823 ἢ
3095 3755 3345 3824 μητέρα,
3374 3755 3412 3823 ἢ
3432 3755 3714 3824 γυναῖκα,

2138 3847 2176 3914 ἢ
2192 3846 2391 3908 τέκνα,
2405 3845 2442 3914 ἢ
2455 3847 2695 3916 ἀγροὺς,
2711 3847 3301 3901 ἑκατονταπλασίονα
3313 3846 3590 3916 λήψεται,
3609 3847 3716 3900 καὶ

2139 3936 2290 4006 ζωὴν
2313 3939 2552 3992 αίώνιον
2577 3938 3038 4008 κληρονομήσει.
3067 3939 3230 4008 Ὁρᾷς
3247 3937 3343 4008 τὴν
3359 3937 3668 4007 φιλοτιμίαν
3692 3954 3713 4003 ;

2141 4029 2356 4100 βλέπεις
2377 4030 2477 4101 τὴν
2519 4029 2857 4100 ἀγαθὰτητα;
2909 4028 2970 4084 ’0
3009 4029 3212 4098 σφόδρα
3240 4028 3590 4100 ἀναίσχυντος
3615 4029 3715 4082 δα-

2139 4122 2353 4192 νειστὴς
2381 4123 2600 4192 κάμνει,
2633 4122 2717 4175 ἵνα
2743 4121 3066 4192 διπλασιάσῃ
3095 4121 3207 4191 (26)
3237 4121 3298 4174 τὸ
3331 4121 3646 4189 κεφάλαιον
3680 4123 3716 4176 ὁ

2138 4215 2270 4278 Θεὸς
2307 4214 2363 4268 δὲ
2405 4213 2742 4284 αὐθαιρέτως
2779 4212 2858 4283 τῷ
2891 4213 2964 4284 μὴ
3005 4206 3236 4267 Θλίόοντι
3263 4213 3354 4266 τὸν
3393 4211 3621 4280 ἀδελφὸν
3647 4213 3719 4266 τὺ

2139 4305 2620 4359 ἑκατονταπλάσιον
2663 4304 2867 4358 δίδωσι.
2921 4303 3114 4358 Πείθου
3169 4305 3284 4372 (27)
3319 4301 3412 4358 οὖν
3467 4303 3542 4374 τῷ
3587 4303 3719 4376 Θεῷ

2141 4397 2579 4470 συμϐουλεύοντι,
2611 4397 2703 4451 καὶ
2729 4396 2875 4469 λήψῃ
2898 4396 3088 4460 τόκους
3118 4397 3550 4467 ἀναμαρτήτους.
3587 4395 3716 4450 Ἵνα

2139 4493 2191 4545 τί
2238 4491 2376 4563 μετά
2406 4489 2679 4562 ἁμαρτίας
2726 4488 3018 4562 μερίμναις
3067 4488 3261 4542 σαυτὸν
3293 4489 3578 4559 ἑκτήκεις,
3607 4488 3715 4552 τὰς

2138 4853 2280 4908 Bast.
2329 4853 2504 4907 Lcttre
2535 4855 2776 4921 critique,
2917 4853 2988 4910 90
3016 4869 3139 4923 sqq.
3168 4854 3244 4923 (p.
3280 4855 3380 4908 I27
3409 4870 3531 4925 sqq.
3553 4871 3711 4914 vers.

2137 4922 2533 4980 Wiedebura.).
2565 4957 2629 4968 —-
2660 4925 2779 4978 Mox
2857 4941 2949 4977 on.
2978 4923 3153 4980 γρεὼς
3189 4941 3280 4976 του
3318 4941 3414 4979 σου
3452 4928 3600 4980 (sic).

2211 4927 2533 4994 iedeburg.)
2565 4957 2629 4968 —-
2660 4927 2779 4978 Mox
2805 4927 2949 4977 Mon.
2978 4927 3153 4994 χρεὼς
3189 4941 3280 4976 του
3318 4941 3414 4979 σου
3452 4928 3600 4996 (sic).

2208 4993 2321 5063 (ει)
2373 4995 2472 5059 Ὠς
2519 4995 2768 5062 ἀπόρου.
2835 4996 3041 5048 luserul
3087 4995 3164 5058 ὡς
3195 5009 3227 5049 e
3275 4994 3423 5052 Mou.
3479 4999 3624 5052 Ante
3648 4991 3714 5050 οῦ

2101 5110 2109 5123 .
2135 5066 2320 5133 suppl.
2356 5064 2564 5118 ἐκείνου
2591 5066 2714 5120 scil.
2743 5063 2900 5120 Θεοῦ.

2205 5134 2316 5203 (25)
2360 5133 2424 5188 Ὀ
2451 5135 2791 5204 παράδοξος
2818 5139 2851 5190 ό
2875 5135 3074 5204 λόγος.
3105 5133 3359 5192 Vitiatam
3406 5137 3703 5191 lectionem

2131 5205 2363 5259 emenda
2399 5204 2692 5260 scribendo
2735 5203 2890 5268 οὗτος
2927 5205 2955 5257 ὀ
2991 5222 3064 5257 πα
3106 5205 3290 5273 ἀδοξος
3333 5207 3508 5275 λόγος,
3547 5217 3641 5260 aut
3680 5210 3712 5260 ὁ

2132 5273 2438 5339 παράδοξος
2475 5267 2630 5338 οὗτος
2672 5275 2846 5339 λόγος,
2888 5275 3016 5329 coll.
3060 5221 3229 5332 €Volf.
3291 5279 3356 5330 ad
3423 5276 3709 5332 Demosth.

2132 5291 2438 5344 παραοοςος
2475 5291 2630 5338 ουτος
2673 5291 2846 5343 Αογος,
2888 5291 3016 5329 cou.
3069 5291 3229 5332 won.
3291 5291 3356 5330 aa
3423 5291 3709 5332 Demosth.

2131 5342 2337 5426 Leptin.
2373 5359 2427 5414 p.
2461 5344 2566 5398 526
2593 5345 2923 5426 ed..Bretni;
2945 5354 3052 5426 .aut
3090 5356 3214 5402 ante
3243 5346 3398 5416 λόγος
3433 5347 3553 5402 dele
3571 5348 3710 5400 arti-

2130 5415 2312 5468 culum
2330 5429 2490 5485 quem
2526 5415 2741 5470 uncinis
2762 5415 2980 5485 inclusi.

2206 5486 2319 5560 (26)
2349 5483 2776 5556 Ἃιπλασιάσῃ.
2840 5483 2932 5539 Sic
2966 5486 3182 5540 correxi
3226 5485 3434 5542 editum
3476 5484 3707 5560 διαπλα-

2133 5556 2318 5699 “6:35
2342 5627 2576 5682 Πείθου.
2603 5626 2965 5699 Μοηηπίθντι
3013 5627 3162 5699 (sic).
3194 5626 3476 5685 Librarius
3515 5624 3706 5680 forsan

2139 5697 2446 5768 scripturus
2476 5706 2594 5754 erat
2624 5697 2896 5766 πείσθητι.
