3844 6394
112 282 211 336 λεδ

1362 293 1636 350 CONTRA
1681 293 2100 356 USURARIOS.

3263 298 3364 354 446

115 397 186 467 μὴ
222 397 414 467 μαθὼν
452 391 778 464 τῖ’ὂιδόνᾶκ
809 397 881 480 ξἩ
913 404 1011 456 οὐκ
1039 400 1207 469 οἶδας,
1242 407 1324 459 ὅτι
1358 408 1390 479 ἡ
1419 411 1691 480 προσευχὴ

1801 411 1907 465 Deo
1944 413 2270 482 postulabis,
2310 427 2344 466 ο
2382 414 2693 470 fenerator?
2719 414 2836 482 Qtta
2881 409 3226 468 conscientia
3255 410 3362 461 voti

115 505 203 540 σου
256 489 569 562 ὑπόμνησις
610 493 1024 565 μισανθρωπίας
1057 495 1234 564 ἐστίν;
1283 501 1347 551 Τί
1382 493 1686 572 συνεχώρη-

112 583 229 640 σας,
264 580 360 632 καὶ
395 581 725 653 συγγνώμην
767 585 972 648 αίτετς;
1006 586 1139 639 Τίνα
1170 589 1428 660 ἠλέησας,
1464 593 1556 646 καὶ
1595 610 1692 645 κα-

114 673 220 734 λεῖς
257 672 353 726 τὸν
401 674 698 746 ὲλεήμονα;
749 679 848 730 ’Ἂν
895 678 951 732 δὲ
1001 682 1096 734 καὶ
1147 682 1253 752 δῷς
1302 685 1688 758 ἐλεημοσύνην,

119 765 507 835 μισανθρώπου
541 768 880 840 φορολογίας,
919 772 1022 825 οὐκ
1059 774 1164 826 ἀπὸ
1205 779 1500 850 συμφορῶν
1537 781 1691 834 ἀλλο-

116 855 277 924 τρίων
335 855 588 928 δακρύων
627 854 862 928 γέμοντα
908 862 1021 930 (57)
1071 866 1165 917 καὶ
1215 867 1565 938 στεναγμῶν;
1629 871 1690 925 El

117 944 409 1016 ἐγνώριζεν
447 950 475 1001 ὁ
507 949 679 1019 πένης
727 951 888 1004 πόθεν
919 953 1130 1024 ὀρέγεις
1163 955 1260 1027 τὴν
1296 957 1687 1033 ἐλεημοσύνην,

117 1039 208 1090 οὒκ
241 1039 311 1090 ἂν
348 1040 585 1106 ἐδέξατο,
616 1042 689 1106 ὼς
721 1043 1022 1111 ἀδελφικῶν
1050 1049 1266 1118 σαρκῶν
1286 1050 1538 1118 γεύεσθαι
1561 1054 1692 1124 μέλω

117 1129 237 1193 λων,
269 1132 371 1184 καὶ
419 1131 650 1202 αἵματος
675 1135 783 1187 τῶν
811 1135 1057 1189 οἰκείων·
1099 1133 1217 1192 εἶπε
1265 1140 1311 1192 6‘
1354 1141 1420 1194 ἂν
1465 1143 1602 1213 πρὸς
1629 1146 1689 1198 σὲ

116 1221 267 1290 λόγον
301 1223 546 1292 γέμοντα
573 1224 846 1296 σώφρονος
882 1229 1210 1300 παρρησίας
1243 1233 1331 1302 Μή
1365 1250 1431 1302 με
1462 1234 1687 1307 θρὲᾠῃς,

116 1313 402 1383 ἄνθρωπε,
450 1316 558 1369 ἀπὸ
600 1317 848 1388 δακρύων
879 1320 1200 1390 ἀδελφικῶν.
1248 1324 1338 1395 Μὴ
1369 1325 1474 1395 δῷς
1526 1327 1689 1397 ἄρτον

116 1404 303 1474 πένητι
343 1405 636 1476 γενόμενον
677 1409 782 1462 ἀπὸ
813 1411 1128 1481 στεναγμῶν
1167 1413 1276 1464 τῶν
1325 1417 1686 1487 συμπτώχων.

125 1495 419 1549 Ἀνὰλυσον
449 1499 584 1568 πρὸς
621 1498 712 1551 τὸν
751 1501 1015 1570 ὁμόφυλον
1048 1503 1076 1555 ὃ
1104 1503 1286 1566 κακῶς
1325 1505 1433 1576 (58)
1477 1508 1688 1580 ἀπῄτη-

113 1603 228 1652 σας,
264 1587 427 1656 κάγὼ
462 1588 779 1661 ὁμολογήσω
811 1591 906 1662 τὴν
940 1592 1117 1664 χάριν.
1160 1595 1224 1646 Τί
1269 1593 1530 1664 ὠφελεῖς,
1563 1599 1690 1650 πολ-

111 1677 236 1742 λοὺς
275 1682 533 1751 πτωχοὺς
569 1683 755 1744 ποιῶν,
793 1683 886 1736 καὶ
915 1684 1008 1736 ἕνα
1058 1686 1577 1756 παραμυθούμενος;
1627 1690 1688 1741 Εἰ

1793 505 1868 557 tui
1905 519 1935 556 a
1971 503 2081 558 Deo
2112 504 2384 574 particeps
2416 505 2533 560 fieri
2569 508 2745 576 cupis,
2782 507 2873 576 qui
2916 504 3098 558 omnia
3135 501 3364 570 accipis.

1791 603 1845 650 et
1889 596 2024 649 nihil
2054 593 2186 648 dare.
2233 596 2420 651 nosti?
2470 598 2554 651 An
2608 598 2790 652 nescis
2836 612 3028 667 preces
3065 603 3191 648 tuas
3223 591 3361 646 nihil

1789 701 1912 740 esse
1945 685 2092 739 aliud
2120 701 2282 755 quam
2336 687 2755 742 inbumanitatis
2784 697 2890 743 tua:
2939 681 3365 756 repetitionem?

1790 775 1929 843 Quid
1993 778 2272 842 remisisti,
2333 779 2477 848 quod
2526 780 2903 834 remissionem
2961 777 3140 848 petis?
3184 775 3362 842 Cujus

1790 871 2049 924 misertus
2077 885 2158 935 es,
2191 872 2338 940 quod
2382 871 2820 926 misericordiam
2876 868 3171 938 imploras?
3218 866 3284 920 Et
3315 865 3362 920 si

1789 963 1888 1018 des
1927 965 2354 1036 eleemosynam,
2409 964 2827 1018 inhumanitatis
2860 971 2968 1016 tuae
3016 961 3359 1019 exactiones,

1789 1067 1857 1106 an
1892 1069 2000 1108 non
2028 1054 2182 1123 plena
2215 1062 2299 1109 est
2325 1053 2625 1108 alienarum
2660 1052 3059 1114 calamitatum,
3094 1050 3363 1118 lacryma-

1791 1157 1906 1196 rum
1939 1152 1994 1195 et
2037 1144 2370 1213 gemituum?
2397 1142 2556 1208 Quod
2585 1142 2632 1197 si
2673 1141 2834 1211 inops
2861 1141 3051 1202 sciret,
3088 1139 3360 1193 undenam

1789 1233 2041 1302 largiaris
2095 1233 2534 1305 eleemosynam,
2586 1233 2773 1301 utique
2841 1246 2949 1285 non
3015 1239 3356 1298 acceptaret,

1789 1321 2065 1390 refugiens
2121 1322 2376 1376 videlicet
2423 1330 2646 1392 gustare
2709 1320 2982 1375 fraternas
3039 1333 3256 1381 carnes,
3308 1324 3364 1370 et

1789 1412 2106 1482 sanguinem
2158 1428 2383 1467 suorum
2432 1411 2826 1473 familiarium,
2884 1419 3046 1480 teque
3107 1422 3364 1464 sermone

1789 1503 2066 1556 moderata
2095 1504 2326 1572 quadam
2353 1503 2601 1558 libertate
2625 1503 2784 1572 pleno
2814 1502 3198 1556 cohortaretur
3235 1518 3249 1553 :
3286 1499 3366 1554 Ne

1791 1609 1897 1659 tne,
1932 1609 1965 1646 ο
2010 1595 2194 1658 homo,
2230 1596 2346 1650 alas
2379 1595 2637 1650 fraternis
2690 1594 2968 1665 laerymis.
3013 1591 3092 1647 Ne
3143 1591 3363 1645 dederis

1790 1702 1981 1755 panem
2042 1688 2263 1755 pauperi
2325 1687 2630 1743 confectum
2691 1702 2757 1742 ex
2805 1687 3008 1756 gemitu
3060 1698 3362 1754 egenorum

113 1771 184 1842 μὴ
217 1771 433 1840 πλῆθος
469 1767 538 1842 ἦν
579 1774 863 1834 τοκιστῶν.
899 1776 998 1828 οὐκ
1040 1775 1105 1829 ἂν
1137 1772 1202 1848 ἦν
1248 1777 1310 1829 τὸ
1345 1778 1546 1848 πλῆθος
1582 1780 1690 1832 τῶν

1801 1790 2032 1827 meorum
2066 1775 2359 1830 sodalium.
2395 1774 2582 1830 Redde
2620 1775 2776 1829 fratri
2820 1784 2916 1828 tuo
2948 1790 2976 1826 a
3001 1789 3112 1843 quo
3159 1773 3364 1840 iniuste

111 1862 452 1931 πενομένων.
483 1862 657 1916 Λῦσόν
689 1881 782 1916 σου
814 1864 910 1936 τὴν
945 1866 1176 1937 φατρίαν
1209 1869 1342 1936 (59),
1365 1870 1462 1922 καὶ
1495 1870 1691 1932 πάντες

110 1954 311 2020 ἕξομεν
350 1953 452 2025 τὴν
500 1955 854 2026 αὐτάρκειαν.
898 1957 1102 2020 Πάντες
1139 1958 1244 2010 τῶν
1274 1960 1536 2012 τοκιστῶν
1566 1979 1692 2013 κατα

109 2046 401 2116 ηγοροῦσι,
444 2048 536 2100 καὶ
563 2049 662 2101 οὐκ
704 2047 818 2101 ἐστι
858 2047 952 2101 τοῦ
1001 2051 1170 2102 κακοῦ
1207 2050 1466 2121 Θεραπεία
1501 2053 1689 2122 νόμος,

111 2141 418 2208 προφῆται,
446 2135 844 2208 εύᾶγγελισταί.
876 2137 976 2194 Οἷα
1001 2142 1128 2210 γοῦν
1150 2145 1177 2194 ὁ
1197 2142 1478 2208 Θεσπέσιος
1515 2146 1691 2216 Ἀμὼς

109 2231 277 2298 λέγει’
337 2233 665 2286 Ἀκούσατε
695 2234 826 2301 (40),
849 2235 903 2286 οἱ
927 2233 1296 2301 ἑκτρίϐοντες
1323 2237 1410 2298 εἰς
1455 2236 1517 2287 τὸ
1545 2237 1695 2305 πρωῒ

110 2323 365 2391 πένητα,
389 2323 488 2376 καὶ
517 2324 1140 2390 καταδυναστεύοντες
1162 2326 1434 2393 πτωχοὺς
1456 2327 1552 2379 ἐπὶ
1579 2326 1690 2394 τῆς

109 2413 241 2483 τῆς·
286 2417 344 2467 οἱ
369 2415 686 2490 λέγοντες,
727 2417 875 2470 Πότε
920 2415 1289 2469 διελεύσεται
1338 2419 1370 2468 ό
1401 2415 1548 2484 μὴν,
1595 2416 1691 2469 καὶ

109 2505 594 2575 ἐμπολήσομενς
635 2507 770 2559 Οὐδὲ
820 2507 927 2577 γὰρ
959 2506 1188 2576 πατέρες
1234 2507 1373 2559 οὕτω
1416 2506 1689 2577 χαίρουσιν

112 2600 204 2650 ἐπὶ
235 2601 305 2668 τῇ
356 2598 608 2666 γεννήσει
649 2597 756 2649 τῶν
807 2599 1032 2664 παίδων,
1063 2600 1138 2659 ὡς
1179 2602 1226 2652 οἱ
1254 2600 1555 2664 τοκίζοντες
1601 2600 1691 2652 εύ-

113 2689 438 2760 φραίνονται
463 2688 569 2742 τῶν
600 2689 787 2760 μηνῶν
820 2690 925 2761 πλη
936 2692 1227 2762 ρουμένων.

187 2949 434 3006 Καλοῦσι
458 2949 515 3004 δὲ
553 2949 654 3021 τὴν
680 2950 952 3024 ἁμαρτίαν
985 2956 1198 3023 σεμνοῖς
1231 2955 1474 3026 ὀνόμασι’
1510 2957 1696 3025 φιλάν-

113 3047 336 3114 θρωπον
372 3045 434 3096 τὸ
466 3045 660 3114 λῆμμα
704 3045 1239 3116 προσαγορεύοντες,
1283 3046 1424 3100 κατὰ
1467 3048 1693 3118 μίμησιν

1791 1865 2134 1933 subripuisti,
2177 1874 2231 1919 et
2269 1875 2448 1936 grates
2478 1881 2656 1934 agam.
2693 1864 2833 1930 Quid
2881 1865 3130 1918 utilitatis
3173 1863 3362 1924 affers,

1792 1956 1922 2008 dum
1959 1957 2158 2010 multos
2186 1956 2355 2012 efﬁcis
2392 1958 2603 2026 inopes,
2637 1967 2692 2011 et
2729 1972 2895 2011 unum
2933 1955 3269 2011 consolaris?
3306 1952 3362 2007 Si

1791 2062 1901 2099 non
1944 2055 2090 2101 esset
2128 2056 2276 2101 tanta
2319 2049 2610 2102 multitudo
2641 2048 3042 2108 usurariorum,
3077 2061 3186 2100 non
3218 2054 3366 2099 esset

1792 2145 1939 2190 tanta
1983 2138 2138 2206 copia
2167 2153 2486 2207 pauperum.
2529 2138 2774 2193 Dissolve
2813 2138 3012 2190 tribum
3056 2143 3110 2190 et
3161 2135 3363 2189 sodali-
3455 2131 3459 2136 ’

1790 2231 1923 2283 tium
1957 2239 2130 2291 tuum.
2170 2232 2535 2300 omnibuSque
2571 2238 2862 2300 suppetent
2895 2245 2982 2283 res
3010 2241 3361 2282 necessaria).

1791 2318 1994 2375 Omnes
2033 2330 2299 2376 accusant
2341 2321 2706 2386 feneratores,
2753 2336 2854 2376 nec
2892 2319 3036 2374 malo
3078 2319 3204 2371 huic
3253 2332 3356 2370 me-

1792 2410 1906 2464 deri
1952 2419 2204 2481 queunt:
2235 2413 2342 2478 lex,
2396 2413 2710 2483 propheta},
2758 2413 3124 2482 evangelista}.
3167 2409 3360 2474 Qualia

1792 2501 2011 2557 divinus
2050 2505 2214 2557 Amos
2249 2505 2458 2557 intonat
2489 2523 2500 2556 :
2531 2505 2745 2568 Audite,
2773 2504 2864 2572 qui
2898 2502 3171 2556 conteritis
3215 2515 3366 2552 mane

1791 2609 2066 2662 pauperem
2131 2606 2177 2648 et
2240 2596 2533 2664 opprimitis
2588 2612 2772 2666 egenos
2829 2605 3020 2657 terrm,
3079 2593 3361 2644 dicentes:

1795 2685 2020 2750 Quando
2051 2687 2298 2739 transibit
2334 2688 2546 2747 mensis,
2576 2697 2624 2739 et
2654 2685 3068 2739 venundabimus
3093 2698 3287 2735 merces
3308 2681 3367 2731 gl?

1794 2773 1978 2846 Neque
2018 2777 2161 2831 enim
2199 2787 2379 2847 patres
2419 2787 2700 2846 tantopere
2731 2778 2982 2832 laetantur
3015 2775 3366 2848 generatione

1794 2867 2054 2929 ﬁliorum,
2092 2876 2355 2937 quantum
2394 2868 2730 2923 feneratores
2772 2869 2876 2923 fine
2908 2869 3199 2922 mensium.

1865 2959 2006 3024 Quin
2043 2967 2095 3012 et
2138 2960 2318 3015 scelus
2363 2975 2522 3015 suum
2576 2961 2818 3030 pulchris
2870 2961 3126 3015 obvelant
3183 2963 3364 3017 nomi-

1797 3051 2326 3116 nibus,humanum
2386 3067 2612 3106 censum
2669 3067 2764 3107 seu
2827 3059 3098 3122 quaestum
3141 3055 3369 3123 appelli-

122 3137 423 3207 Ἑλλήνων,
453 3135 502 3186 οἳ
535 3134 647 3205 (41)
674 3134 933 3204 δαίμονάς
969 3153 1120 3199 τινας
1148 3117 1562 3207 μισανθρώπους
1597 3117 1692 3191 καὶ

1801 3151 1975 3198 tantes
2053 3143 2399 3197 Ethnicorum
2466 3143 2670 3210 instar,
2739 3117 2863 3213 qui-
2901 3144 3030 3198 deas
3101 3117 3366 3213 quasdam

114 3230 392 3299 φονώσας,
429 3228 550 3282 ἀντ)⁸
575 3229 672 3298 τῆς
693 3227 924 3297 ἀληθοῦς
956 3227 1214 3300 κλήσεως,
1256 3229 1552 3299 Εὐμενίδας
1583 3231 1693 3301 (42)

113 3323 640 3396 προσαγορεύουσιν.
673 3321 1054 3392 Φιλάνθρωπός
1085 3340 1144 3390 γε
1172 3340 1186 3388 ;
1218 3323 1292 3376 Ού
1329 3323 1435 3392 γὰρ
1465 3327 1495 3393 ἡ
1537 3325 1695 3376 τόκου

115 3417 354 3486 εἰσφορὰ
380 3415 561 3477 οἴκους
579 3413 924 3482 ὲκτρίϐουσα,
950 3413 1208 3476 πλούτους
1230 3413 1524 3467 δαπανῶσα
1678 3455 1693 3478 ,

114 3511 242 3573 τοὺς
266 3505 325 3562 εὖ
352 3509 645 3577 γεγονότας
674 3511 853 3577 χεῖρον
874 3507 971 3578 ζῇν
996 3506 1104 3558 τῶν
1129 3507 1330 3560 δούλων
1353 3507 1698 3578 παρασκευὰ·

116 3604 288 3664 ζουσα
309 3640 324 3663 ,
363 3600 499 3669 πρὸς
530 3599 705 3668 ὀλίγον
733 3600 1006 3669 τέρπουσα
1042 3600 1098 3651 ἐν
1126 3597 1320 3669 ἀρχαῖς
1339 3639 1352 3663 ,
1383 3600 1477 3651 καὶ⁸
1503 3599 1697 3670 πικρὸν

116 3695 205 3745 τὸν
253 3693 313 3755 ἐς
345 3691 572 3762 ὕστερον
606 3690 719 3759 βίον
763 3689 1288 3760 παρασκευάζουσα;
1350 3689 1438 3753 Ὠς
1476 3689 1584 3761 γὰρ
1628 3691 1698 3744 τὰ

116 3784 301 3854 πτηνά
327 3782 396 3836 τὰ
423 3781 534 3852 (μ)
566 3780 713 3852 παρὰ
747 3779 853 3832 τῶν
885 3779 1208 3850 ὀρνιθευτῶν
1239 3780 1696 3850 ἐπιϐουλευόμενα

113 3879 327 3946 ἥδεται,
349 3872 679 3943 ῥαινομένων
703 3870 809 3923 τῶν
833 3872 1161 3942 σπερμάτων
1191 3872 1392 3934 αὐτοῖς,
1421 3873 1513 3924 καὶ
1538 3873 1697 3942 φίλην

115 3971 355 4022 ποιεῖται
389 3966 485 4020 καὶ
517 3963 719 4033 συνήθη
766 3961 1038 4034 διαγωγὴν
1085 3963 1185 4034 τὴν
1227 3964 1284 4014 ἐν
1330 3962 1554 4027 ἐκείνοις
1587 3967 1697 4027 τοῖς

116 4065 324 4124 τόποις,
359 4061 415 4109 ὲν
454 4051 533 4118 οἷς
570 4055 793 4124 δαψιλὴς
829 4056 1012 4118 αὐτοῖς
1045 4055 1078 4124 ἡ
1117 4054 1290 4125 τροφὴ
1323 4055 1567 4122 γίνεται,
1607 4073 1696 4126 μι-

116 4155 250 4221 κρῖνθ
283 4152 342 4204 δὲ
384 4150 606 4219 ὕστερον
640 4146 958 4216 ἐνσχεθέντα
1008 4150 1118 4209 τοῖς
1155 4145 1447 4216 θηράτροις
1494 4147 1698 4198 διόλλυ-

113 4262 239 4298 ται·
274 4242 450 4305 οὕτως
510 4243 558 4293 οἱ
592 4242 660 4294 τὰ
697 4239 888 4292 ἕντοκα
929 4239 1033 4290 τῶν
1067 4237 1440 4308 δανεισμάτων
1484 4238 1696 4310 λαμϐά-

115 4355 322 4401 νοντες,
359 4335 538 4404 ὀλίγον
571 4333 974 4403 εὐπορήσαντες
1013 4331 1224 4402 χρόνον,
1261 4329 1484 4400 ὓστερον
1527 4330 1696 4400 αὐτῆς

1799 3235 1926 3290 odio
1980 3237 2033 3289 in
2081 3245 2312 3290 cunctos
2343 3235 2706 3289 inflammatas
2732 3275 2747 3298 ,
2777 3234 3168 3303 hominumque
3197 3236 3369 3288 inter-

1798 3326 2082 3388 fectrit-es,
2113 3342 2220 3380 non
2249 3341 2383 3380 vero
2414 3326 2508 3381 sed
2533 3325 2651 3379 miti
2683 3325 2903 3379 nomine
2937 3333 3134 3378 vocant
3167 3323 3366 3378 Eume-

1800 3419 1976 3472 nides.
2017 3417 2168 3471 Itane
2205 3431 2335 3471 vero
2370 3416 2645 3470 humanus
2697 3415 2935 3470 census?
2984 3419 3062 3468 An
3100 3429 3204 3468 non
3237 3429 3367 3468 exa-

1798 3511 1910 3564 ctio
1934 3525 2112 3564 usura:
2138 3519 2243 3573 est,
2273 3524 2393 3578 qua:
2415 3509 2607 3562 domos
2630 3511 2844 3573 evertit,
2863 3507 3088 3561 divitias
3109 3505 3366 3574 dissipat,

1797 3603 2065 3672 ellicitque
2087 3644 2100 3667 ,
2140 3612 2198 3655 ut
2232 3600 2326 3671 qui
2365 3600 2599 3655 honesto
2622 3610 2676 3654 et
2714 3600 2880 3652 nobili
2914 3600 3033 3652 loco
3061 3597 3173 3651 nati
3208 3605 3366 3658 sunt,

1797 3694 2120 3748 deteriorem
2151 3694 2316 3746 vitam
2350 3693 2533 3746 vivant
2577 3699 2740 3762 quam
2770 3691 2942 3755 servi,
2986 3705 3106 3760 qua:
3151 3689 3368 3760 quidem

1799 3787 1957 3839 initio
2023 3786 2273 3840 nonnihil
2328 3785 2598 3848 delectat,
2663 3784 2999 3854 posteriores
3064 3798 3193 3836 vero
3251 3781 3370 3835 vita:

1798 3887 1984 3948 partes
2045 3880 2242 3932 acerbo
2310 3877 2497 3932 dolore
2558 3876 2833 3946 complet?
2899 3873 3368 3940 Quemadmodum

1796 3973 1941 4026 enim
1982 3987 2149 4036 aves,
2180 3971 2380 4040 quibus
2415 3985 2654 4038 aucupes
2700 3968 2927 4022 insidias
2956 3966 3222 4031 tendunt,
3275 3967 3370 4020 de-

1797 4066 2066 4119 lectantur
2103 4063 2372 4133 principio
2409 4063 2628 4133 quidem
2671 4075 2864 4131 sparsa
2897 4061 3004 4114 illis
3037 4074 3162 4115 esca
3195 4099 3210 4123 ,
3245 4058 3372 4112 illa-

1797 4172 1902 4224 que
1933 4156 2050 4209 loca
2074 4155 2444 4224 frequentant,
2472 4155 2526 4208 in
2545 4155 2742 4224 quibus
2769 4153 2988 4207 uberem
3019 4161 3073 4206 et
3088 4152 3368 4221 copiosum

1797 4247 1983 4300 cibum
2010 4246 2331 4316 reperiunt,
2367 4245 2530 4315 paulo
2567 4252 2690 4314 post
2735 4255 2914 4298 autem
2952 4243 3160 4298 retibus
3199 4249 3371 4310 captat

1796 4339 2070 4392 intereunt
2097 4357 2110 4391 :
2142 4339 2221 4393 sic
2250 4346 2304 4392 et
2326 4337 2416 4407 qui
2444 4337 2718 4391 fenebrem
2749 4335 3033 4404 pecuniam
3064 4335 3370 4404 accipiunt.

115 4433 214 4500 τῆς
241 4427 522 4499 πατρικῆς
551 4425 732 4486 ὲστίας
767 4423 1138 4476 ἐκπίπτουσιν.
1175 4422 1362 4485 Ἔλεος
1390 4423 1446 4475 δὲ
1474 4421 1692 4486 ὲξοικείο-

1801 4428 2045 4498 perhrevi
2089 4429 2348 4497 temporis
2378 4426 2555 4495 spatio
2583 4424 2884 4488 abundant,
2912 4431 3098 4494 postea
3132 4437 3259 4478 vero
3287 4437 3372 4490 pa-

116 4539 204 4574 ται
236 4521 347 4573 τῶν
375 4515 587 4588 μιαρῶν
613 4515 705 4570 καὶ
725 4514 1073 4584 φιλαργύρων
1095 4513 1280 4583 ψυχῶν
1301 4512 1432 4582 (45),
1462 4513 1554 4566 καὶ
1579 4512 1697 4582 βλέ-

117 4629 311 4673 ποντες
349 4609 520 4678 αὐτὴν
551 4607 648 4678 τὴν
681 4607 853 4660 οἰκίαν
899 4603 993 4657 τοῦ
1025 4603 1328 4672 ὀφείλοντος
1373 4603 1529 4656 ὢνιον
1565 4621 1698 4673 προ-

118 4703 406 4773 κειμένην,
433 4701 533 4753 ούκ
557 4698 904 4762 ὲπικλῶνται,
932 4697 1066 4749 ἀλλὰ
1088 4697 1183 4748 καὶ
1212 4694 1409 4766 μᾶλλον
1437 4694 1534 4764 τὴν
1556 4695 1694 4765 πρᾶο

185 4842 209 4875 ⁹
244 4841 420 4894 Amos
451 4853 570 4903 vni,
596 4835 649 4900 4,
684 4836 738 4891 5.

193 4980 312 5049 (57)
350 4936 640 5049 ῗέμρνῖᾳ.
682 4972 756 5028 De
807 4973 908 5027 hoc
951 4969 1238 5041 participio
1295 4969 1436 5041 plur.
1494 4977 1673 5024 neutr.

121 5071 173 5106 v.
205 5044 510 5116 Matthia§
540 5044 666 5116 ιιι.

192 5123 309 5194 (55)
358 5121 428 5171 Ὀ
463 5110 658 5180 κῖακῶς
679 5113 1018 5180 ἀπῄτησας.
1054 5110 1200 5165 Μοιι.
1230 5110 1260 5161 ὁ
1291 5110 1474 5172 κακῶς
1508 5110 1696 5164 ἀποτί-

123 5211 246 5253 σας.

192 5251 311 5346 (δν)
351 5255 630 5346 Φαερίαξνο
683 5251 1367 5346 Ez';-.ea:eaév.~.stibis:
1383 5259 1699 5346 esse:

120 5319 268 5397 τρία,
296 5319 714 5397 παροξυτόνως,
727 5331 862 5397 teste
888 5319 1150 5397 Arcadio,
1178 5339 1229 5390 p.
1266 5322 1389 5383 tOO,
1415 5320 1468 5372 6.
1501 5319 1698 5373 Forma

123 5385 357 5470 antiqua
387 5385 482 5470 est
512 5385 772 5470 φρατρία.
799 5392 1061 5470 Φατρίαν,
1103 5385 1192 5470 hie
1224 5406 1358 5470 eum
1381 5398 1696 5470 contemptu

124 5459 360 5529 dictum,
399 5459 570 5521 docte
625 5459 864 5518 illustrat
909 5459 1086 5533 Coray
1128 5462 1194 5516 ad
1247 5459 1521 5515 Heliodor.
1559 5470 1598 5515 t.
1631 5459 1696 5526 ΙΙ,

167 5590 179 5602 ,
211 5540 348 5594 524.

125 5559 691 5679 ν’(ἷῗῆῖικούσατὲ
739 5603 974 5679 Verbum
1011 5603 1298 5679 ἀκούσατε,
1333 5601 1593 5656 omissum
1641 5601 1694 5655 in

292 5672 612 5746 suppeditat
643 5673 784 5746 Mon.
818 5675 1200 5746 Vertititamen
1239 5672 1529 5728 Gretserus

202 5751 318 5822 (41)
357 5744 446 5801 Οἵ.
483 5751 561 5801 lta
596 5758 739 5802 recte
760 5745 901 5801 Mon.
935 5744 1028 5800 Ed.
1058 5745 1125 5796 οἱ.

1804 4521 1973 4573 ternis
2017 4519 2240 4574 sedibus
2289 4518 2567 4573 excidunt.
2609 4518 2881 4573 Caeterum
2929 4515 3108 4572 omnis
3158 4513 3373 4568 miseri-

1803 4611 1988 4668 cordia
2022 4611 2237 4666 exsulat
2277 4612 2344 4664 ab
2376 4611 2755 4664 usurariorum
2786 4609 3011 4680 perditis
3053 4619 3109 4664 et
3141 4608 3372 4663 scelera-

1808 4703 1880 4758 tis
1912 4704 2144 4768 animis,
2191 4719 2423 4773 cumque
2458 4702 2631 4771 ipsam
2669 4703 2934 4757 debitoris
2957 4703 3176 4758 domum
3208 4714 3371 4754 vena-

1865 4969 1978 5030 (4‘2l
2011 4966 2361 5034 Εὐμενίδας.
2403 4964 2468 5020 ν.
2510 4963 2687 5021 Schol.
2734 4965 2803 5018 ad
2861 4963 3017 5032 Soph.
3059 4965 3190 5019 ZEd.
3253 4968 3366 5024 (ἴοι.

1797 5039 1886 5092 42.
1917 5047 1971 5093 et
1997 5038 2298 5107 praesertim
2344 5037 2408 5089 0.
2447 5036 2686 5107 Mueller.
2734 5035 2800 5087 ad
2851 5035 3091 5103 Aischyl.
3148 5037 3368 5093 Ettmett.

1800 5110 1904 5163 168
1941 5105 2084 5177 ειμι..
2109 5108 2237 5161 Coll.
2271 5105 2533 5176 Stephan.
2572 5106 2829 5177 Thesaur.
2867 5122 2911 5157 s.
2947 5121 2998 5158 ν.

1869 5175 1998 5246 (45)
2027 5175 2351 5242 Πλούτους
2373 5175 2760 5246 δαπανῶσακ
2793 5175 3199 5246 \‘et-teratuhau:
3241 5177 3372 5231 ϐίον-

1797 5243 1995 5302 tserus.
2029 5248 2118 5301 sed
2149 5248 2348 5300 omissa
2376 5247 2572 5300 suntin
2608 5245 2703 5298 Ed.
2733 5243 3008 5312 Supplevit
3039 5244 3179 5300 Mou.
3202 5279 3269 5287 —
3290 5250 3370 5301 In-

1800 5319 1884 5372 fra
1917 5321 2011 5372 Ecl.
2048 5318 2264 5388 χείρων,
2285 5317 2442 5388 male.

1869 5390 1979 5457 (Η)
2014 5383 2086 5442 Td
2120 5383 2337 5454 πτηνά.
2375 5386 2464 5440 Sic
2497 5385 2638 5439 Mon.
2669 5383 2767 5438 Ed.
2808 5383 3050 5437 πετεινά.
3090 5415 3158 5426 -
3197 5385 3369 5442 Paulo

1802 5469 1946 5529 post,
1969 5459 2114 5512 Mou.
2151 5459 2292 5511 male
2315 5457 2618 5529 διαγωγῶν.

1873 5529 1985 5594 (45)
2021 5531 2291 5594 Ἔλεος...
2325 5523 2557 5594 ψυχῶν.
2588 5524 2729 5578 Mori.
2763 5523 2924 5587 ἔλεως
2954 5523 3008 5576 δὲ
3045 5524 3242 5589 ἐξοικεῖ
3272 5527 3370 5591 τὰς

1798 5600 1906 5652 τῶν
1939 5599 2147 5670 μιαρῶν
2177 5598 2272 5652 καὶ
2301 5595 2655 5670 φυλαργύρων
2685 5596 2808 5670 leg.
3013 5595 3208 5670 ψυχάς
3237 5596 3368 5670 Qiue

1798 5663 1957 5722 let-tio
1992 5663 2172 5722 forsan
2197 5663 2715 5738 pra:istat.l)indorf.
2751 5663 2805 5725 in
2861 5663 3120 5719 Thcscur.
3170 5665 3364 5738 Steph.

1801 5741 1968 5796 Didot.
2009 5741 2075 5794 de.
2104 5741 2205 5794 hoc
2228 5740 2347 5794 loco
2373 5737 2492 5792 silet
2531 5752 2776 5803 prorsus.
