  <div class='ocr_page' id='page_1' title='image "/cluster/home/n/w/nwhite01/storage/ocr_20150623/46/hvd.32044014713994/229.png"; bbox 0 0 3844 6386; ppageno 0'>
   <div class='ocr_carea' id='block_1_1' title="bbox 441 296 546 351">
    <p class='ocr_par' dir='ltr' id='par_1_1' title="bbox 441 296 546 351">
     <span class='ocr_line' id='line_1_1' title="bbox 441 296 546 351; baseline 0 0"><span class='ocrx_word' id='word_1_1' title='bbox 441 296 546 351; x_wconf 66' lang='grc' dir='ltr'><strong>ιιι</strong></span> 
     </span>
    </p>
   </div>
   <div class='ocr_carea' id='block_1_2' title="bbox 1667 292 2391 352">
    <p class='ocr_par' dir='ltr' id='par_1_2' title="bbox 1667 292 2391 352">
     <span class='ocr_line' id='line_1_2' title="bbox 1667 292 2391 352; baseline 0 -3"><span class='ocrx_word' id='word_1_2' title='bbox 1667 294 1728 349; x_wconf 89' lang='lat' dir='ltr'><strong>S.</strong></span> <span class='ocrx_word' id='word_1_3' title='bbox 1750 292 2075 352; x_wconf 75' lang='lat' dir='ltr'><strong>GREGORH</strong></span> <span class='ocrx_word' id='word_1_4' title='bbox 2102 294 2391 351; x_wconf 74' lang='lat' dir='ltr'><strong>NYSSENI</strong></span> 
     </span>
    </p>
   </div>
   <div class='ocr_carea' id='block_1_3' title="bbox 3577 289 3684 344">
    <p class='ocr_par' dir='ltr' id='par_1_3' title="bbox 3577 289 3684 344">
     <span class='ocr_line' id='line_1_3' title="bbox 3577 289 3684 344; baseline 0.009 -1"><span class='ocrx_word' id='word_1_5' title='bbox 3577 289 3684 344; x_wconf 68' lang='lat'><strong>“8</strong></span> 
     </span>
    </p>
   </div>
   <div class='ocr_carea' id='block_1_4' title="bbox 445 403 2031 481">
    <p class='ocr_par' dir='ltr' id='par_1_4' title="bbox 445 405 2010 476">
     <span class='ocr_line' id='line_1_4' title="bbox 445 405 2010 476; baseline 0.005 -18"><span class='ocrx_word' id='word_1_6' title='bbox 445 407 548 459; x_wconf 72' lang='lat' dir='ltr'><strong>lum</strong></span> <span class='ocrx_word' id='word_1_7' title='bbox 582 413 832 476; x_wconf 79' lang='lat' dir='ltr'><strong>prostare</strong></span> <span class='ocrx_word' id='word_1_8' title='bbox 856 405 1158 476; x_wconf 83' lang='lat' dir='ltr'><strong>aspiciunt,</strong></span> <span class='ocrx_word' id='word_1_9' title='bbox 1192 421 1300 464; x_wconf 93' lang='lat' dir='ltr'><strong>non</strong></span> <span class='ocrx_word' id='word_1_10' title='bbox 1352 417 1638 464; x_wconf 80' lang='lat' dir='ltr'><strong>moventur</strong></span> <span class='ocrx_word' id='word_1_11' title='bbox 1693 411 1804 465; x_wconf 91' lang='lat' dir='ltr'><strong>ulla</strong></span> <span class='ocrx_word' id='word_1_12' title='bbox 1861 423 2010 467; x_wconf 88' lang='lat' dir='ltr'><strong>com-</strong></span> 
     </span>
    </p>
   </div>
   <div class='ocr_carea' id='block_1_5' title="bbox 2137 403 3685 481">
    <p class='ocr_par' dir='ltr' id='par_1_5' title="bbox 2137 403 3685 481">
     <span class='ocr_line' id='line_1_5' title="bbox 2137 403 3685 481; baseline -0.005 -15"><span class='ocrx_word' id='word_1_13' title='bbox 2137 431 2196 467; x_wconf 66' lang='grc' dir='ltr'>τιν</span> <span class='ocrx_word' id='word_1_14' title='bbox 2225 413 2658 481; x_wconf 80' lang='grc' dir='ltr'><strong>κατεπείγουσιν,</strong></span> <span class='ocrx_word' id='word_1_15' title='bbox 2690 412 2777 467; x_wconf 81' lang='grc' dir='ltr'>ἵνα</span> <span class='ocrx_word' id='word_1_16' title='bbox 2802 411 2994 466; x_wconf 81' lang='grc' dir='ltr'>θᾶττον</span> <span class='ocrx_word' id='word_1_17' title='bbox 3012 411 3074 464; x_wconf 79' lang='grc' dir='ltr'><strong>τὸ</strong></span> <span class='ocrx_word' id='word_1_18' title='bbox 3105 407 3326 480; x_wconf 86' lang='grc' dir='ltr'>χρυσίον</span> <span class='ocrx_word' id='word_1_19' title='bbox 3352 403 3685 471; x_wconf 56' lang='grc' dir='ltr'>ὑποδεξάμε-</span> 
     </span>
    </p>
   </div>
   <div class='ocr_carea' id='block_1_6' title="bbox 445 497 2016 570">
    <p class='ocr_par' dir='ltr' id='par_1_6' title="bbox 445 497 2016 570">
     <span class='ocr_line' id='line_1_6' title="bbox 445 497 2016 570; baseline 0.008 -28"><span class='ocrx_word' id='word_1_20' title='bbox 445 497 833 560; x_wconf 80' lang='lat' dir='ltr'><strong>miseratione,</strong></span> <span class='ocrx_word' id='word_1_21' title='bbox 893 497 1028 567; x_wconf 89' lang='lat' dir='ltr'><strong>quin</strong></span> <span class='ocrx_word' id='word_1_22' title='bbox 1096 497 1279 568; x_wconf 90' lang='lat' dir='ltr'><strong>potius</strong></span> <span class='ocrx_word' id='word_1_23' title='bbox 1330 499 1693 554; x_wconf 72' lang='lat' dir='ltr'><strong>venditionem</strong></span> <span class='ocrx_word' id='word_1_24' title='bbox 1750 501 2016 570; x_wconf 89' lang='lat' dir='ltr'><strong>importu-</strong></span> 
     </span>
    </p>
   </div>
   <div class='ocr_carea' id='block_1_7' title="bbox 445 587 2014 661">
    <p class='ocr_par' dir='ltr' id='par_1_7' title="bbox 445 587 2014 661">
     <span class='ocr_line' id='line_1_7' title="bbox 445 587 2014 661; baseline 0.006 -24"><span class='ocrx_word' id='word_1_25' title='bbox 445 587 572 641; x_wconf 85' lang='lat' dir='ltr'><strong>nius</strong></span> <span class='ocrx_word' id='word_1_26' title='bbox 607 587 786 642; x_wconf 86' lang='lat' dir='ltr'><strong>adhuc</strong></span> <span class='ocrx_word' id='word_1_27' title='bbox 815 597 1028 658; x_wconf 76' lang='lat' dir='ltr'><strong>urgent,</strong></span> <span class='ocrx_word' id='word_1_28' title='bbox 1063 598 1122 642; x_wconf 92' lang='lat' dir='ltr'><strong>ut</strong></span> <span class='ocrx_word' id='word_1_29' title='bbox 1149 588 1311 644; x_wconf 87' lang='lat' dir='ltr'><strong>citius</strong></span> <span class='ocrx_word' id='word_1_30' title='bbox 1335 597 1561 660; x_wconf 79' lang='lat' dir='ltr'><strong>argento</strong></span> <span class='ocrx_word' id='word_1_31' title='bbox 1589 601 1814 661; x_wconf 89' lang='lat' dir='ltr'><strong>accepto</strong></span> <span class='ocrx_word' id='word_1_32' title='bbox 1848 593 2014 647; x_wconf 86' lang='lat' dir='ltr'><strong>alium</strong></span> 
     </span>
    </p>
   </div>
   <div class='ocr_carea' id='block_1_8' title="bbox 447 679 2009 752">
    <p class='ocr_par' dir='ltr' id='par_1_8' title="bbox 447 679 2009 752">
     <span class='ocr_line' id='line_1_8' title="bbox 447 679 2009 752; baseline 0.004 -23"><span class='ocrx_word' id='word_1_33' title='bbox 447 679 736 745; x_wconf 78' lang='lat' dir='ltr'><strong>quemdam</strong></span> <span class='ocrx_word' id='word_1_34' title='bbox 795 679 1055 749; x_wconf 78' lang='lat' dir='ltr'><strong>miserum</strong></span> <span class='ocrx_word' id='word_1_35' title='bbox 1121 679 1330 737; x_wconf 85' lang='lat' dir='ltr'><strong>fenoris</strong></span> <span class='ocrx_word' id='word_1_36' title='bbox 1383 682 1615 738; x_wconf 80' lang='lat' dir='ltr'><strong>nexibus</strong></span> <span class='ocrx_word' id='word_1_37' title='bbox 1665 683 2009 752; x_wconf 75' lang='lat' dir='ltr'><strong>astringant,</strong></span> 
     </span>
    </p>
   </div>
   <div class='ocr_carea' id='block_1_9' title="bbox 449 769 2013 836">
    <p class='ocr_par' dir='ltr' id='par_1_9' title="bbox 449 769 2013 836">
     <span class='ocr_line' id='line_1_9' title="bbox 449 769 2013 836; baseline 0.004 -16"><span class='ocrx_word' id='word_1_38' title='bbox 449 782 603 823; x_wconf 90' lang='lat' dir='ltr'><strong>more</strong></span> <span class='ocrx_word' id='word_1_39' title='bbox 642 769 1046 825; x_wconf 89' lang='lat' dir='ltr'><strong>indefessorum</strong></span> <span class='ocrx_word' id='word_1_40' title='bbox 1106 777 1161 825; x_wconf 88' lang='lat' dir='ltr'><strong>et</strong></span> <span class='ocrx_word' id='word_1_41' title='bbox 1209 771 1598 827; x_wconf 90' lang='lat' dir='ltr'><strong>insatiabilium</strong></span> <span class='ocrx_word' id='word_1_42' title='bbox 1649 781 1968 827; x_wconf 85' lang='lat' dir='ltr'><strong>venatorum</strong></span> <span class='ocrx_word' id='word_1_43' title='bbox 1999 812 2013 836; x_wconf 97' lang='lat'><strong>,</strong></span> 
     </span>
    </p>
   </div>
   <div class='ocr_carea' id='block_1_10' title="bbox 449 858 2017 934">
    <p class='ocr_par' dir='ltr' id='par_1_10' title="bbox 449 858 2017 934">
     <span class='ocr_line' id='line_1_10' title="bbox 449 858 2017 934; baseline 0.004 -23"><span class='ocrx_word' id='word_1_44' title='bbox 449 858 543 927; x_wconf 86' lang='lat' dir='ltr'><strong>qui</strong></span> <span class='ocrx_word' id='word_1_45' title='bbox 576 873 685 913; x_wconf 88' lang='lat' dir='ltr'><strong>una</strong></span> <span class='ocrx_word' id='word_1_46' title='bbox 721 862 862 914; x_wconf 88' lang='lat' dir='ltr'><strong>valle</strong></span> <span class='ocrx_word' id='word_1_47' title='bbox 925 863 1131 916; x_wconf 87' lang='lat' dir='ltr'><strong>retibus</strong></span> <span class='ocrx_word' id='word_1_48' title='bbox 1188 861 1558 930; x_wconf 86' lang='lat' dir='ltr'><strong>circumdata,</strong></span> <span class='ocrx_word' id='word_1_49' title='bbox 1604 865 1860 920; x_wconf 89' lang='lat' dir='ltr'><strong>omnibus</strong></span> <span class='ocrx_word' id='word_1_50' title='bbox 1897 880 2017 934; x_wconf 74' lang='lat' dir='ltr'><strong>qua:</strong></span> 
     </span>
    </p>
   </div>
   <div class='ocr_carea' id='block_1_11' title="bbox 452 948 2016 1020">
    <p class='ocr_par' dir='ltr' id='par_1_11' title="bbox 452 948 2016 1020">
     <span class='ocr_line' id='line_1_11' title="bbox 452 948 2016 1020; baseline 0.004 -18"><span class='ocrx_word' id='word_1_51' title='bbox 452 948 508 1002; x_wconf 90' lang='lat' dir='ltr'><strong>in</strong></span> <span class='ocrx_word' id='word_1_52' title='bbox 544 965 610 1003; x_wconf 91' lang='lat' dir='ltr'><strong>eo</strong></span> <span class='ocrx_word' id='word_1_53' title='bbox 639 951 808 1004; x_wconf 88' lang='lat' dir='ltr'><strong>latent</strong></span> <span class='ocrx_word' id='word_1_54' title='bbox 842 949 972 1006; x_wconf 89' lang='lat' dir='ltr'><strong>feris</strong></span> <span class='ocrx_word' id='word_1_55' title='bbox 1001 951 1212 1020; x_wconf 81' lang='lat' dir='ltr'><strong>captis,</strong></span> <span class='ocrx_word' id='word_1_56' title='bbox 1279 952 1347 1006; x_wconf 83' lang='lat' dir='ltr'><strong>ad</strong></span> <span class='ocrx_word' id='word_1_57' title='bbox 1399 954 1609 1008; x_wconf 86' lang='lat' dir='ltr'><strong>vicinas</strong></span> <span class='ocrx_word' id='word_1_58' title='bbox 1657 954 1828 1009; x_wconf 80' lang='lat' dir='ltr'><strong>valles</strong></span> <span class='ocrx_word' id='word_1_59' title='bbox 1879 958 2016 1009; x_wconf 87' lang='lat' dir='ltr'><strong>retia</strong></span> 
     </span>
    </p>
   </div>
   <div class='ocr_carea' id='block_1_12' title="bbox 454 1039 2014 1119">
    <p class='ocr_par' dir='ltr' id='par_1_12' title="bbox 454 1039 2014 1119">
     <span class='ocr_line' id='line_1_12' title="bbox 454 1039 2014 1119; baseline 0.008 -29"><span class='ocrx_word' id='word_1_60' title='bbox 454 1039 824 1105; x_wconf 87' lang='lat' dir='ltr'><strong>transferunt,</strong></span> <span class='ocrx_word' id='word_1_61' title='bbox 858 1050 910 1096; x_wconf 90' lang='lat' dir='ltr'><strong>et</strong></span> <span class='ocrx_word' id='word_1_62' title='bbox 947 1043 1016 1095; x_wconf 91' lang='lat' dir='ltr'><strong>ab</strong></span> <span class='ocrx_word' id='word_1_63' title='bbox 1051 1043 1135 1096; x_wconf 90' lang='lat' dir='ltr'><strong>his</strong></span> <span class='ocrx_word' id='word_1_64' title='bbox 1184 1043 1249 1095; x_wconf 91' lang='lat' dir='ltr'><strong>ad</strong></span> <span class='ocrx_word' id='word_1_65' title='bbox 1290 1043 1428 1098; x_wconf 89' lang='lat' dir='ltr'><strong>alias</strong></span> <span class='ocrx_word' id='word_1_66' title='bbox 1453 1083 1470 1107; x_wconf 93' lang='lat'><strong>,</strong></span> <span class='ocrx_word' id='word_1_67' title='bbox 1515 1053 1570 1099; x_wconf 91' lang='lat' dir='ltr'><strong>et</strong></span> <span class='ocrx_word' id='word_1_68' title='bbox 1613 1045 1687 1098; x_wconf 90' lang='lat' dir='ltr'><strong>ita</strong></span> <span class='ocrx_word' id='word_1_69' title='bbox 1717 1045 1976 1119; x_wconf 85' lang='lat' dir='ltr'><strong>deinceps</strong></span> <span class='ocrx_word' id='word_1_70' title='bbox 2000 1087 2014 1112; x_wconf 97' lang='lat'><strong>,</strong></span> 
     </span>
    </p>
   </div>
   <div class='ocr_carea' id='block_1_13' title="bbox 455 1132 2018 1208">
    <p class='ocr_par' dir='ltr' id='par_1_13' title="bbox 455 1132 2018 1208">
     <span class='ocr_line' id='line_1_13' title="bbox 455 1132 2018 1208; baseline 0.004 -24"><span class='ocrx_word' id='word_1_71' title='bbox 455 1132 631 1200; x_wconf 86' lang='lat' dir='ltr'><strong>quoad</strong></span> <span class='ocrx_word' id='word_1_72' title='bbox 653 1134 834 1186; x_wconf 91' lang='lat' dir='ltr'><strong>omnia</strong></span> <span class='ocrx_word' id='word_1_73' title='bbox 873 1134 991 1188; x_wconf 90' lang='lat' dir='ltr'><strong>loca</strong></span> <span class='ocrx_word' id='word_1_74' title='bbox 1021 1136 1309 1190; x_wconf 87' lang='lat' dir='ltr'><strong>venatione</strong></span> <span class='ocrx_word' id='word_1_75' title='bbox 1340 1151 1437 1189; x_wconf 86' lang='lat' dir='ltr'><strong>sua</strong></span> <span class='ocrx_word' id='word_1_76' title='bbox 1471 1139 1832 1208; x_wconf 79' lang='lat' dir='ltr'><strong>peragrarint.</strong></span> <span class='ocrx_word' id='word_1_77' title='bbox 1869 1138 2018 1204; x_wconf 78' lang='lat' dir='ltr'><strong>Qua-</strong></span> 
     </span>
    </p>
   </div>
   <div class='ocr_carea' id='block_1_14' title="bbox 455 1222 2017 1297">
    <p class='ocr_par' dir='ltr' id='par_1_14' title="bbox 455 1222 2017 1297">
     <span class='ocr_line' id='line_1_14' title="bbox 455 1222 2017 1297; baseline 0.006 -24"><span class='ocrx_word' id='word_1_78' title='bbox 455 1222 600 1277; x_wconf 88' lang='lat' dir='ltr'><strong>libus</strong></span> <span class='ocrx_word' id='word_1_79' title='bbox 627 1237 756 1294; x_wconf 84' lang='lat' dir='ltr'><strong>ergo</strong></span> <span class='ocrx_word' id='word_1_80' title='bbox 788 1225 960 1280; x_wconf 91' lang='lat' dir='ltr'><strong>oculis</strong></span> <span class='ocrx_word' id='word_1_81' title='bbox 999 1233 1053 1278; x_wconf 93' lang='lat' dir='ltr'><strong>tu</strong></span> <span class='ocrx_word' id='word_1_82' title='bbox 1086 1227 1177 1296; x_wconf 89' lang='lat' dir='ltr'><strong>qui</strong></span> <span class='ocrx_word' id='word_1_83' title='bbox 1211 1226 1334 1280; x_wconf 89' lang='lat' dir='ltr'><strong>talis</strong></span> <span class='ocrx_word' id='word_1_84' title='bbox 1372 1242 1432 1282; x_wconf 83' lang='lat' dir='ltr'><strong>es</strong></span> <span class='ocrx_word' id='word_1_85' title='bbox 1457 1267 1488 1286; x_wconf 87' lang='lat'><strong>..</strong></span> <span class='ocrx_word' id='word_1_86' title='bbox 1512 1228 1566 1280; x_wconf 92' lang='lat' dir='ltr'><strong>in</strong></span> <span class='ocrx_word' id='word_1_87' title='bbox 1600 1228 1797 1282; x_wconf 70' lang='lat' dir='ltr'><strong>cmlum</strong></span> <span class='ocrx_word' id='word_1_88' title='bbox 1842 1229 2017 1297; x_wconf 89' lang='lat' dir='ltr'><strong>respi-</strong></span> 
     </span>
    </p>
   </div>
   <div class='ocr_carea' id='block_1_15' title="bbox 456 1313 2021 1388">
    <p class='ocr_par' dir='ltr' id='par_1_15' title="bbox 456 1313 2021 1388">
     <span class='ocr_line' id='line_1_15' title="bbox 456 1313 2021 1388; baseline 0.006 -23"><span class='ocrx_word' id='word_1_89' title='bbox 456 1313 576 1367; x_wconf 77' lang='lat' dir='ltr'><strong>cis?</strong></span> <span class='ocrx_word' id='word_1_90' title='bbox 631 1313 916 1379; x_wconf 85' lang='lat' dir='ltr'><strong>Quomodo</strong></span> <span class='ocrx_word' id='word_1_91' title='bbox 979 1317 1123 1380; x_wconf 80' lang='lat' dir='ltr'><strong>petis</strong></span> <span class='ocrx_word' id='word_1_92' title='bbox 1186 1319 1565 1373; x_wconf 84' lang='lat' dir='ltr'><strong>remissionem</strong></span> <span class='ocrx_word' id='word_1_93' title='bbox 1625 1324 2021 1388; x_wconf 83' lang='lat' dir='ltr'><strong>peccatorum?</strong></span> 
     </span>
    </p>
   </div>
   <div class='ocr_carea' id='block_1_16' title="bbox 457 1399 2018 1478">
    <p class='ocr_par' dir='ltr' id='par_1_16' title="bbox 457 1399 2018 1478">
     <span class='ocr_line' id='line_1_16' title="bbox 457 1399 2018 1478; baseline 0.007 -26"><span class='ocrx_word' id='word_1_94' title='bbox 457 1399 595 1452; x_wconf 87' lang='lat' dir='ltr'><strong>Num</strong></span> <span class='ocrx_word' id='word_1_95' title='bbox 658 1401 796 1456; x_wconf 87' lang='lat' dir='ltr'><strong>forte</strong></span> <span class='ocrx_word' id='word_1_96' title='bbox 846 1403 918 1457; x_wconf 92' lang='lat' dir='ltr'><strong>ob</strong></span> <span class='ocrx_word' id='word_1_97' title='bbox 945 1411 1224 1472; x_wconf 81' lang='lat' dir='ltr'><strong>stuporem</strong></span> <span class='ocrx_word' id='word_1_98' title='bbox 1259 1405 1388 1459; x_wconf 87' lang='lat' dir='ltr'><strong>illud</strong></span> <span class='ocrx_word' id='word_1_99' title='bbox 1421 1420 1640 1476; x_wconf 91' lang='lat' dir='ltr'><strong>quoque</strong></span> <span class='ocrx_word' id='word_1_100' title='bbox 1671 1421 1798 1462; x_wconf 88' lang='lat' dir='ltr'><strong>oras</strong></span> <span class='ocrx_word' id='word_1_101' title='bbox 1820 1447 1834 1470; x_wconf 95' lang='lat'><strong>,</strong></span> <span class='ocrx_word' id='word_1_102' title='bbox 1872 1409 2018 1478; x_wconf 90' lang='lat' dir='ltr'><strong>quod</strong></span> 
     </span>
    </p>
   </div>
   <div class='ocr_carea' id='block_1_17' title="bbox 460 1487 2018 1570">
    <p class='ocr_par' dir='ltr' id='par_1_17' title="bbox 460 1487 2018 1570">
     <span class='ocr_line' id='line_1_17' title="bbox 460 1487 2018 1570; baseline 0.006 -29"><span class='ocrx_word' id='word_1_103' title='bbox 460 1504 558 1543; x_wconf 80' lang='lat' dir='ltr'><strong>nos</strong></span> <span class='ocrx_word' id='word_1_104' title='bbox 583 1487 829 1545; x_wconf 81' lang='lat' dir='ltr'><strong>Salvator</strong></span> <span class='ocrx_word' id='word_1_105' title='bbox 856 1491 1042 1546; x_wconf 88' lang='lat' dir='ltr'><strong>docuit</strong></span> <span class='ocrx_word' id='word_1_106' title='bbox 1065 1510 1079 1546; x_wconf 87' lang='lat'><strong>:</strong></span> <span class='ocrx_word' id='word_1_107' title='bbox 1102 1491 1169 1546; x_wconf 87' lang='lat' dir='ltr'><strong>Et</strong></span> <span class='ocrx_word' id='word_1_108' title='bbox 1196 1494 1400 1570; x_wconf 82' lang='lat' dir='ltr'><strong>dimitte</strong></span> <span class='ocrx_word' id='word_1_109' title='bbox 1431 1496 1579 1549; x_wconf 77' lang='lat' dir='ltr'><strong>nobis</strong></span> <span class='ocrx_word' id='word_1_110' title='bbox 1601 1495 1777 1550; x_wconf 84' lang='lat' dir='ltr'><strong>debita</strong></span> <span class='ocrx_word' id='word_1_111' title='bbox 1801 1507 1982 1551; x_wconf 76' lang='lat' dir='ltr'><strong>nostra</strong></span> <span class='ocrx_word' id='word_1_112' title='bbox 2001 1536 2018 1561; x_wconf 93' lang='lat'><strong>,</strong></span> 
     </span>
    </p>
   </div>
   <div class='ocr_carea' id='block_1_18' title="bbox 459 1582 2018 1657">
    <p class='ocr_par' dir='ltr' id='par_1_18' title="bbox 459 1582 2018 1657">
     <span class='ocr_line' id='line_1_18' title="bbox 459 1582 2018 1657; baseline 0.008 -24"><span class='ocrx_word' id='word_1_113' title='bbox 459 1582 596 1634; x_wconf 80' lang='lat' dir='ltr'><strong>sicut</strong></span> <span class='ocrx_word' id='word_1_114' title='bbox 621 1589 671 1634; x_wconf 86' lang='lat' dir='ltr'><strong>et</strong></span> <span class='ocrx_word' id='word_1_115' title='bbox 722 1598 815 1636; x_wconf 77' lang='lat' dir='ltr'><strong>nos</strong></span> <span class='ocrx_word' id='word_1_116' title='bbox 854 1583 1170 1637; x_wconf 79' lang='lat' dir='ltr'><strong>dimittimus</strong></span> <span class='ocrx_word' id='word_1_117' title='bbox 1221 1584 1539 1641; x_wconf 78' lang='lat' dir='ltr'><strong>debitoribus</strong></span> <span class='ocrx_word' id='word_1_118' title='bbox 1579 1590 1815 1645; x_wconf 77' lang='lat' dir='ltr'><strong>nostris?</strong></span> <span class='ocrx_word' id='word_1_119' title='bbox 1845 1589 2018 1657; x_wconf 86' lang='lat' dir='ltr'><strong>Quam</strong></span> 
     </span>
    </p>
   </div>
   <div class='ocr_carea' id='block_1_19' title="bbox 461 1672 2020 1746">
    <p class='ocr_par' dir='ltr' id='par_1_19' title="bbox 461 1672 2020 1746">
     <span class='ocr_line' id='line_1_19' title="bbox 461 1672 2020 1746; baseline 0.007 -23"><span class='ocrx_word' id='word_1_120' title='bbox 461 1672 616 1726; x_wconf 88' lang='lat' dir='ltr'><strong>multi</strong></span> <span class='ocrx_word' id='word_1_121' title='bbox 659 1672 730 1727; x_wconf 90' lang='lat' dir='ltr'><strong>ob</strong></span> <span class='ocrx_word' id='word_1_122' title='bbox 783 1689 984 1728; x_wconf 86' lang='lat' dir='ltr'><strong>usuras</strong></span> <span class='ocrx_word' id='word_1_123' title='bbox 1041 1676 1234 1746; x_wconf 90' lang='lat' dir='ltr'><strong>laqueo</strong></span> <span class='ocrx_word' id='word_1_124' title='bbox 1273 1690 1394 1731; x_wconf 89' lang='lat' dir='ltr'><strong>sese</strong></span> <span class='ocrx_word' id='word_1_125' title='bbox 1447 1677 1871 1745; x_wconf 88' lang='lat' dir='ltr'><strong>interemerunt,</strong></span> <span class='ocrx_word' id='word_1_126' title='bbox 1937 1681 2020 1736; x_wconf 88' lang='lat' dir='ltr'><strong>vel</strong></span> 
     </span>
    </p>
   </div>
   <div class='ocr_carea' id='block_1_20' title="bbox 2117 493 3684 570">
    <p class='ocr_par' dir='ltr' id='par_1_20' title="bbox 2117 493 3684 570">
     <span class='ocr_line' id='line_1_20' title="bbox 2117 493 3684 570; baseline -0.008 -14"><span class='ocrx_word' id='word_1_127' title='bbox 2117 520 2214 566; x_wconf 90' lang='grc' dir='ltr'>νοι,</span> <span class='ocrx_word' id='word_1_128' title='bbox 2239 501 2396 555; x_wconf 81' lang='grc' dir='ltr'>ἄλλον</span> <span class='ocrx_word' id='word_1_129' title='bbox 2418 501 2597 556; x_wconf 79' lang='grc' dir='ltr'>ἄθλιον</span> <span class='ocrx_word' id='word_1_130' title='bbox 2622 500 2935 570; x_wconf 75' lang='grc' dir='ltr'><strong>δανείσματι</strong></span> <span class='ocrx_word' id='word_1_131' title='bbox 2962 498 3358 568; x_wconf 82' lang='grc' dir='ltr'>καταδήσωσιν·</span> <span class='ocrx_word' id='word_1_132' title='bbox 3391 493 3534 548; x_wconf 84' lang='grc' dir='ltr'>κατὰ</span> <span class='ocrx_word' id='word_1_133' title='bbox 3559 493 3684 554; x_wconf 69' lang='grc' dir='ltr'>τοὶς</span> 
     </span>
    </p>
   </div>
   <div class='ocr_carea' id='block_1_21' title="bbox 2118 581 3682 660">
    <p class='ocr_par' dir='ltr' id='par_1_21' title="bbox 2118 581 3682 660">
     <span class='ocr_line' id='line_1_21' title="bbox 2118 581 3682 660; baseline -0.006 -15"><span class='ocrx_word' id='word_1_134' title='bbox 2118 593 2436 655; x_wconf 77' lang='grc' dir='ltr'><strong>σπουδαίους</strong></span> <span class='ocrx_word' id='word_1_135' title='bbox 2478 593 2572 644; x_wconf 75' lang='grc' dir='ltr'>καὶ</span> <span class='ocrx_word' id='word_1_136' title='bbox 2617 590 2926 660; x_wconf 81' lang='grc' dir='ltr'><strong>ἀπλήστους</strong></span> <span class='ocrx_word' id='word_1_137' title='bbox 2975 588 3084 642; x_wconf 83' lang='grc' dir='ltr'>τῶν</span> <span class='ocrx_word' id='word_1_138' title='bbox 3131 585 3430 658; x_wconf 84' lang='grc' dir='ltr'>θηρευτῶν,</span> <span class='ocrx_word' id='word_1_139' title='bbox 3470 583 3522 636; x_wconf 75' lang='grc' dir='ltr'>οἳ</span> <span class='ocrx_word' id='word_1_140' title='bbox 3569 581 3682 650; x_wconf 68' lang='grc'>(46)</span> 
     </span>
    </p>
   </div>
   <div class='ocr_carea' id='block_1_22' title="bbox 2120 674 3681 755">
    <p class='ocr_par' dir='ltr' id='par_1_22' title="bbox 2120 674 3681 755">
     <span class='ocr_line' id='line_1_22' title="bbox 2120 674 3681 755; baseline -0.008 -18"><span class='ocrx_word' id='word_1_141' title='bbox 2120 684 2247 755; x_wconf 86' lang='grc' dir='ltr'>μίαν</span> <span class='ocrx_word' id='word_1_142' title='bbox 2282 683 2500 738; x_wconf 78' lang='grc' dir='ltr'>κοιλάδα</span> <span class='ocrx_word' id='word_1_143' title='bbox 2523 684 2634 746; x_wconf 84' lang='grc' dir='ltr'>τοῖς</span> <span class='ocrx_word' id='word_1_144' title='bbox 2657 681 2894 746; x_wconf 81' lang='grc' dir='ltr'><strong>δικτύοις</strong></span> <span class='ocrx_word' id='word_1_145' title='bbox 2924 680 3303 742; x_wconf 85' lang='grc' dir='ltr'>κυκλώσαντες</span> <span class='ocrx_word' id='word_1_146' title='bbox 3322 719 3336 739; x_wconf 83' lang='grc'><strong>,</strong></span> <span class='ocrx_word' id='word_1_147' title='bbox 3375 676 3470 729; x_wconf 73' lang='grc' dir='ltr'><strong>καὶ</strong></span> <span class='ocrx_word' id='word_1_148' title='bbox 3498 674 3681 727; x_wconf 81' lang='grc' dir='ltr'>πάντα</span> 
     </span>
    </p>
   </div>
   <div class='ocr_carea' id='block_1_23' title="bbox 2115 764 3691 848">
    <p class='ocr_par' dir='ltr' id='par_1_23' title="bbox 2115 764 3691 848">
     <span class='ocr_line' id='line_1_23' title="bbox 2115 764 3691 848; baseline -0.008 -19"><span class='ocrx_word' id='word_1_149' title='bbox 2115 777 2183 829; x_wconf 74' lang='grc' dir='ltr'><strong>τὰ</strong></span> <span class='ocrx_word' id='word_1_150' title='bbox 2216 777 2274 828; x_wconf 86' lang='grc' dir='ltr'>ὲν</span> <span class='ocrx_word' id='word_1_151' title='bbox 2305 776 2440 848; x_wconf 78' lang='grc' dir='ltr'>αὐτῇ</span> <span class='ocrx_word' id='word_1_152' title='bbox 2471 774 2900 846; x_wconf 83' lang='grc' dir='ltr'>σαγηνεύσαντες</span> <span class='ocrx_word' id='word_1_153' title='bbox 2922 773 3105 844; x_wconf 93' lang='grc' dir='ltr'>θηρία,</span> <span class='ocrx_word' id='word_1_154' title='bbox 3138 771 3299 824; x_wconf 77' lang='grc' dir='ltr'>πάλιν</span> <span class='ocrx_word' id='word_1_155' title='bbox 3327 769 3420 822; x_wconf 74' lang='grc' dir='ltr'><strong>ἐπὶ</strong></span> <span class='ocrx_word' id='word_1_156' title='bbox 3447 765 3542 838; x_wconf 80' lang='grc' dir='ltr'><strong>τὴν</strong></span> <span class='ocrx_word' id='word_1_157' title='bbox 3573 764 3691 832; x_wconf 72' lang='grc' dir='ltr'>γείσ-</span> 
     </span>
    </p>
   </div>
   <div class='ocr_carea' id='block_1_24' title="bbox 2116 857 3690 938">
    <p class='ocr_par' dir='ltr' id='par_1_24' title="bbox 2116 857 3690 938">
     <span class='ocr_line' id='line_1_24' title="bbox 2116 857 3690 938; baseline -0.007 -18"><span class='ocrx_word' id='word_1_158' title='bbox 2116 885 2242 920; x_wconf 89' lang='grc' dir='ltr'>τονα</span> <span class='ocrx_word' id='word_1_159' title='bbox 2275 868 2535 938; x_wconf 77' lang='grc' dir='ltr'><strong>φάραγγα</strong></span> <span class='ocrx_word' id='word_1_160' title='bbox 2570 867 2853 938; x_wconf 83' lang='grc' dir='ltr'><strong>μεθιστᾶσι</strong></span> <span class='ocrx_word' id='word_1_161' title='bbox 2885 865 2982 929; x_wconf 85' lang='grc' dir='ltr'>τὰς</span> <span class='ocrx_word' id='word_1_162' title='bbox 3010 863 3265 926; x_wconf 84' lang='grc' dir='ltr'>στάλικας</span> <span class='ocrx_word' id='word_1_163' title='bbox 3298 860 3411 931; x_wconf 71' lang='grc'>(47)</span> <span class='ocrx_word' id='word_1_164' title='bbox 3451 860 3542 912; x_wconf 73' lang='grc' dir='ltr'><strong>καὶ</strong></span> <span class='ocrx_word' id='word_1_165' title='bbox 3589 857 3690 912; x_wconf 81' lang='grc' dir='ltr'>ἀπ’</span> 
     </span>
    </p>
   </div>
   <div class='ocr_carea' id='block_1_25' title="bbox 2117 950 3690 1028">
    <p class='ocr_par' dir='ltr' id='par_1_25' title="bbox 2117 950 3690 1028">
     <span class='ocr_line' id='line_1_25' title="bbox 2117 950 3690 1028; baseline -0.006 -18"><span class='ocrx_word' id='word_1_166' title='bbox 2117 957 2329 1028; x_wconf 78' lang='grc' dir='ltr'><strong>ἐκείνης</strong></span> <span class='ocrx_word' id='word_1_167' title='bbox 2370 958 2462 1010; x_wconf 76' lang='grc' dir='ltr'>ἐπὶ</span> <span class='ocrx_word' id='word_1_168' title='bbox 2496 957 2593 1028; x_wconf 81' lang='grc' dir='ltr'>τὴν</span> <span class='ocrx_word' id='word_1_169' title='bbox 2626 956 2810 1026; x_wconf 80' lang='grc' dir='ltr'>ἀλλην,</span> <span class='ocrx_word' id='word_1_170' title='bbox 2849 956 2945 1010; x_wconf 74' lang='grc' dir='ltr'>καὶ</span> <span class='ocrx_word' id='word_1_171' title='bbox 2977 955 3136 1026; x_wconf 89' lang='grc' dir='ltr'>μέχρι</span> <span class='ocrx_word' id='word_1_172' title='bbox 3168 951 3423 1006; x_wconf 81' lang='grc' dir='ltr'>τοσούτου</span> <span class='ocrx_word' id='word_1_173' title='bbox 3445 991 3458 1011; x_wconf 90' lang='grc'><strong>,</strong></span> <span class='ocrx_word' id='word_1_174' title='bbox 3494 950 3690 1020; x_wconf 82' lang='grc' dir='ltr'><strong>μέχρις</strong></span> 
     </span>
    </p>
   </div>
   <div class='ocr_carea' id='block_1_26' title="bbox 2118 1036 3689 1120">
    <p class='ocr_par' dir='ltr' id='par_1_26' title="bbox 2118 1036 3689 1120">
     <span class='ocr_line' id='line_1_26' title="bbox 2118 1036 3689 1120; baseline -0.008 -17"><span class='ocrx_word' id='word_1_175' title='bbox 2118 1049 2184 1102; x_wconf 86' lang='grc' dir='ltr'><strong>ἂν</strong></span> <span class='ocrx_word' id='word_1_176' title='bbox 2211 1049 2280 1102; x_wconf 77' lang='grc' dir='ltr'>τὰ</span> <span class='ocrx_word' id='word_1_177' title='bbox 2317 1049 2415 1120; x_wconf 83' lang='grc' dir='ltr'><strong>δρη</strong></span> <span class='ocrx_word' id='word_1_178' title='bbox 2459 1048 2566 1102; x_wconf 83' lang='grc' dir='ltr'><strong>τῶν</strong></span> <span class='ocrx_word' id='word_1_179' title='bbox 2600 1048 2960 1120; x_wconf 82' lang='grc' dir='ltr'>θηρευμάτων</span> <span class='ocrx_word' id='word_1_180' title='bbox 3007 1044 3334 1100; x_wconf 88' lang='grc' dir='ltr'>κενώσωσιν.</span> <span class='ocrx_word' id='word_1_181' title='bbox 3381 1041 3562 1104; x_wconf 83' lang='grc' dir='ltr'>Ποίοις</span> <span class='ocrx_word' id='word_1_182' title='bbox 3595 1036 3689 1092; x_wconf 82' lang='grc' dir='ltr'><strong>οὖν</strong></span> 
     </span>
    </p>
   </div>
   <div class='ocr_carea' id='block_1_27' title="bbox 2117 1129 3692 1210">
    <p class='ocr_par' dir='ltr' id='par_1_27' title="bbox 2117 1129 3692 1210">
     <span class='ocr_line' id='line_1_27' title="bbox 2117 1129 3692 1210; baseline -0.006 -18"><span class='ocrx_word' id='word_1_183' title='bbox 2117 1138 2410 1210; x_wconf 79' lang='grc' dir='ltr'>ὀφθαλμοῖς</span> <span class='ocrx_word' id='word_1_184' title='bbox 2436 1141 2462 1193; x_wconf 88' lang='grc' dir='ltr'><strong>ό</strong></span> <span class='ocrx_word' id='word_1_185' title='bbox 2481 1139 2714 1202; x_wconf 78' lang='grc' dir='ltr'>τοιοῦτος</span> <span class='ocrx_word' id='word_1_186' title='bbox 2737 1138 3060 1200; x_wconf 78' lang='grc' dir='ltr'>ἁναϐλέπεις</span> <span class='ocrx_word' id='word_1_187' title='bbox 3086 1137 3165 1197; x_wconf 87' lang='grc' dir='ltr'><strong>είς</strong></span> <span class='ocrx_word' id='word_1_188' title='bbox 3189 1133 3449 1206; x_wconf 87' lang='grc' dir='ltr'>ούρανὸν;</span> <span class='ocrx_word' id='word_1_189' title='bbox 3480 1130 3608 1194; x_wconf 82' lang='grc' dir='ltr'><strong>Πῶς</strong></span> <span class='ocrx_word' id='word_1_190' title='bbox 3632 1129 3692 1182; x_wconf 74' lang='grc' dir='ltr'>δὲ</span> 
     </span>
    </p>
   </div>
   <div class='ocr_carea' id='block_1_28' title="bbox 2118 1220 3690 1300">
    <p class='ocr_par' dir='ltr' id='par_1_28' title="bbox 2118 1220 3690 1300">
     <span class='ocr_line' id='line_1_28' title="bbox 2118 1220 3690 1300; baseline -0.007 -16"><span class='ocrx_word' id='word_1_191' title='bbox 2118 1234 2285 1294; x_wconf 81' lang='grc' dir='ltr'>αἰτεῖς</span> <span class='ocrx_word' id='word_1_192' title='bbox 2317 1232 2506 1300; x_wconf 79' lang='grc' dir='ltr'>ἄφεσιν</span> <span class='ocrx_word' id='word_1_193' title='bbox 2553 1230 2981 1300; x_wconf 73' lang='grc' dir='ltr'>ἀμαρτήματοςς</span> <span class='ocrx_word' id='word_1_194' title='bbox 3015 1228 3085 1278; x_wconf 86' lang='grc' dir='ltr'><em>Ἢ</em></span> <span class='ocrx_word' id='word_1_195' title='bbox 3126 1224 3268 1295; x_wconf 88' lang='grc' dir='ltr'>τάχα</span> <span class='ocrx_word' id='word_1_196' title='bbox 3297 1223 3386 1276; x_wconf 81' lang='grc' dir='ltr'>ὑπ’</span> <span class='ocrx_word' id='word_1_197' title='bbox 3433 1220 3690 1288; x_wconf 86' lang='grc' dir='ltr'>ἀναισθη-</span> 
     </span>
    </p>
   </div>
   <div class='ocr_carea' id='block_1_29' title="bbox 2119 1310 3696 1390">
    <p class='ocr_par' dir='ltr' id='par_1_29' title="bbox 2119 1310 3696 1390">
     <span class='ocr_line' id='line_1_29' title="bbox 2119 1310 3696 1390; baseline -0.008 -15"><span class='ocrx_word' id='word_1_198' title='bbox 2119 1325 2239 1386; x_wconf 79' lang='grc' dir='ltr'>σίας</span> <span class='ocrx_word' id='word_1_199' title='bbox 2285 1323 2379 1376; x_wconf 79' lang='grc' dir='ltr'>καὶ</span> <span class='ocrx_word' id='word_1_200' title='bbox 2421 1323 2578 1376; x_wconf 75' lang='grc' dir='ltr'>τοῦτο</span> <span class='ocrx_word' id='word_1_201' title='bbox 2626 1322 2804 1390; x_wconf 87' lang='grc' dir='ltr'>λέγεις</span> <span class='ocrx_word' id='word_1_202' title='bbox 2858 1321 3179 1390; x_wconf 82' lang='grc' dir='ltr'>εύχόμενος,</span> <span class='ocrx_word' id='word_1_203' title='bbox 3229 1317 3366 1386; x_wconf 86' lang='grc' dir='ltr'>ὅπερ</span> <span class='ocrx_word' id='word_1_204' title='bbox 3395 1310 3696 1375; x_wconf 78' lang='grc' dir='ltr'>ὲδίδαξενό</span> 
     </span>
    </p>
   </div>
   <div class='ocr_carea' id='block_1_30' title="bbox 2120 1404 3690 1485">
    <p class='ocr_par' dir='ltr' id='par_1_30' title="bbox 2120 1404 3690 1485">
     <span class='ocr_line' id='line_1_30' title="bbox 2120 1404 3690 1485; baseline -0.01 -16"><span class='ocrx_word' id='word_1_205' title='bbox 2120 1415 2335 1485; x_wconf 83' lang='grc' dir='ltr'>Σωτὴρ,</span> <span class='ocrx_word' id='word_1_206' title='bbox 2371 1417 2546 1484; x_wconf 65' lang='grc' dir='ltr'>Ἄφες</span> <span class='ocrx_word' id='word_1_207' title='bbox 2577 1413 2722 1483; x_wconf 75' lang='grc' dir='ltr'><strong>ἡμῖν</strong></span> <span class='ocrx_word' id='word_1_208' title='bbox 2753 1411 2824 1466; x_wconf 87' lang='grc' dir='ltr'>τὰ</span> <span class='ocrx_word' id='word_1_209' title='bbox 2857 1409 3225 1480; x_wconf 67' lang='grc' dir='ltr'><strong>ὀφειλήματα</strong></span> <span class='ocrx_word' id='word_1_210' title='bbox 3255 1406 3440 1475; x_wconf 80' lang='grc' dir='ltr'>ἡμῶν,</span> <span class='ocrx_word' id='word_1_211' title='bbox 3473 1405 3553 1469; x_wconf 86' lang='grc' dir='ltr'>ὠς</span> <span class='ocrx_word' id='word_1_212' title='bbox 3587 1404 3690 1455; x_wconf 76' lang='grc' dir='ltr'>καὶ</span> 
     </span>
    </p>
   </div>
   <div class='ocr_carea' id='block_1_31' title="bbox 2119 1496 3694 1578">
    <p class='ocr_par' dir='ltr' id='par_1_31' title="bbox 2119 1496 3694 1578">
     <span class='ocr_line' id='line_1_31' title="bbox 2119 1496 3694 1578; baseline -0.01 -15"><span class='ocrx_word' id='word_1_213' title='bbox 2119 1508 2288 1578; x_wconf 73' lang='grc' dir='ltr'>ἡμεῖς</span> <span class='ocrx_word' id='word_1_214' title='bbox 2325 1507 2640 1578; x_wconf 61' lang='grc' dir='ltr'>ἀφήκαμεν</span> <span class='ocrx_word' id='word_1_215' title='bbox 2677 1505 2799 1571; x_wconf 84' lang='grc' dir='ltr'>τοῖς</span> <span class='ocrx_word' id='word_1_216' title='bbox 2854 1502 3186 1573; x_wconf 60' lang='grc' dir='ltr'>ὀφειλέταις</span> <span class='ocrx_word' id='word_1_217' title='bbox 3230 1499 3429 1568; x_wconf 51' lang='lat' dir='ltr'><strong>dudm;</strong></span> <span class='ocrx_word' id='word_1_218' title='bbox 3478 1497 3542 1549; x_wconf 82' lang='grc' dir='ltr'><strong><em>Ὠ</em></strong></span> <span class='ocrx_word' id='word_1_219' title='bbox 3593 1496 3694 1548; x_wconf 76' lang='grc' dir='ltr'><strong>πό-</strong></span> 
     </span>
    </p>
   </div>
   <div class='ocr_carea' id='block_1_32' title="bbox 2121 1588 3694 1669">
    <p class='ocr_par' dir='ltr' id='par_1_32' title="bbox 2121 1588 3694 1669">
     <span class='ocr_line' id='line_1_32' title="bbox 2121 1588 3694 1669; baseline -0.01 -15"><span class='ocrx_word' id='word_1_220' title='bbox 2121 1618 2202 1654; x_wconf 93' lang='grc' dir='ltr'><strong>σοι</strong></span> <span class='ocrx_word' id='word_1_221' title='bbox 2230 1600 2341 1669; x_wconf 68' lang='grc'>(48)</span> <span class='ocrx_word' id='word_1_222' title='bbox 2375 1599 2460 1652; x_wconf 78' lang='grc' dir='ltr'>διὰ</span> <span class='ocrx_word' id='word_1_223' title='bbox 2487 1599 2646 1651; x_wconf 84' lang='grc' dir='ltr'>τόκον</span> <span class='ocrx_word' id='word_1_224' title='bbox 2675 1596 2910 1666; x_wconf 78' lang='grc' dir='ltr'><strong>ἀγχόνης</strong></span> <span class='ocrx_word' id='word_1_225' title='bbox 2939 1595 3167 1664; x_wconf 68' lang='grc' dir='ltr'>ἥψαντο,</span> <span class='ocrx_word' id='word_1_226' title='bbox 3199 1591 3292 1646; x_wconf 78' lang='grc' dir='ltr'>καὶ</span> <span class='ocrx_word' id='word_1_227' title='bbox 3324 1588 3558 1661; x_wconf 78' lang='grc' dir='ltr'>ῥεύμασι</span> <span class='ocrx_word' id='word_1_228' title='bbox 3593 1604 3694 1640; x_wconf 86' lang='grc' dir='ltr'>πο-</span> 
     </span>
    </p>
   </div>
   <div class='ocr_carea' id='block_1_33' title="bbox 2119 1679 3692 1762">
    <p class='ocr_par' dir='ltr' id='par_1_33' title="bbox 2119 1679 3692 1762">
     <span class='ocr_line' id='line_1_33' title="bbox 2119 1679 3692 1762; baseline -0.008 -18"><span class='ocrx_word' id='word_1_229' title='bbox 2119 1691 2307 1762; x_wconf 86' lang='grc' dir='ltr'>ταμῶν</span> <span class='ocrx_word' id='word_1_230' title='bbox 2327 1692 2550 1754; x_wconf 74' lang='grc' dir='ltr'>ἑαυτοὺς</span> <span class='ocrx_word' id='word_1_231' title='bbox 2575 1689 2861 1756; x_wconf 78' lang='grc' dir='ltr'>ἐξέδωκαν,</span> <span class='ocrx_word' id='word_1_232' title='bbox 2885 1687 2977 1740; x_wconf 72' lang='grc' dir='ltr'><strong>καὶ</strong></span> <span class='ocrx_word' id='word_1_233' title='bbox 2999 1685 3322 1754; x_wconf 82' lang='grc' dir='ltr'>κουφότερον</span> <span class='ocrx_word' id='word_1_234' title='bbox 3347 1681 3571 1753; x_wconf 76' lang='grc' dir='ltr'>ἔκριναν</span> <span class='ocrx_word' id='word_1_235' title='bbox 3595 1679 3692 1732; x_wconf 68' lang='grc' dir='ltr'>τοῦ</span> 
     </span>
    </p>
   </div>
   <div class='ocr_carea' id='block_1_34' title="bbox 461 1764 2031 1846">
    <p class='ocr_par' dir='ltr' id='par_1_34' title="bbox 461 1764 2024 1836">
     <span class='ocr_line' id='line_1_34' title="bbox 461 1764 2024 1836; baseline 0.006 -20"><span class='ocrx_word' id='word_1_236' title='bbox 461 1765 768 1834; x_wconf 64' lang='grc' dir='ltr'>ρτωοίρίιεε</span> <span class='ocrx_word' id='word_1_237' title='bbox 815 1764 871 1818; x_wconf 92' lang='lat' dir='ltr'><strong>in</strong></span> <span class='ocrx_word' id='word_1_238' title='bbox 923 1764 1118 1821; x_wconf 83' lang='lat' dir='ltr'><strong>ﬂuvios</strong></span> <span class='ocrx_word' id='word_1_239' title='bbox 1179 1767 1531 1836; x_wconf 87' lang='lat' dir='ltr'><strong>dejecerunt,</strong></span> <span class='ocrx_word' id='word_1_240' title='bbox 1601 1771 2024 1826; x_wconf 84' lang='lat' dir='ltr'><strong>tolerabiliorem</strong></span> 
     </span>
    </p>
   </div>
   <div class='ocr_carea' id='block_1_35' title="bbox 2137 1764 3694 1846">
    <p class='ocr_par' dir='ltr' id='par_1_35' title="bbox 2137 1769 3694 1846">
     <span class='ocr_line' id='line_1_35' title="bbox 2137 1769 3694 1846; baseline -0.009 -11"><span class='ocrx_word' id='word_1_241' title='bbox 2137 1779 2399 1835; x_wconf 74' lang='grc' dir='ltr'>Βανειστοῦ</span> <span class='ocrx_word' id='word_1_242' title='bbox 2429 1779 2522 1833; x_wconf 75' lang='grc' dir='ltr'>τὸν</span> <span class='ocrx_word' id='word_1_243' title='bbox 2554 1778 2801 1843; x_wconf 88' lang='grc' dir='ltr'>θάνατον,</span> <span class='ocrx_word' id='word_1_244' title='bbox 2834 1777 3051 1846; x_wconf 78' lang='grc' dir='ltr'>ἀφῆκαν</span> <span class='ocrx_word' id='word_1_245' title='bbox 3081 1775 3134 1826; x_wconf 87' lang='grc' dir='ltr'>δὲ</span> <span class='ocrx_word' id='word_1_246' title='bbox 3166 1773 3358 1836; x_wconf 86' lang='grc' dir='ltr'>παῖδας</span> <span class='ocrx_word' id='word_1_247' title='bbox 3386 1769 3694 1842; x_wconf 59' lang='grc' dir='ltr'>ὀρεινοὺς,</span> 
     </span>
    </p>
   </div>
   <div class='ocr_carea' id='block_1_36' title="bbox 460 1855 2018 1926">
    <p class='ocr_par' dir='ltr' id='par_1_36' title="bbox 460 1855 2018 1926">
     <span class='ocr_line' id='line_1_36' title="bbox 460 1855 2018 1926; baseline 0.004 -16"><span class='ocrx_word' id='word_1_248' title='bbox 460 1855 563 1910; x_wconf 85' lang='lat' dir='ltr'><strong>rati</strong></span> <span class='ocrx_word' id='word_1_249' title='bbox 591 1865 858 1919; x_wconf 87' lang='lat' dir='ltr'><strong>mortem,</strong></span> <span class='ocrx_word' id='word_1_250' title='bbox 900 1872 1062 1926; x_wconf 89' lang='lat' dir='ltr'><strong>quam</strong></span> <span class='ocrx_word' id='word_1_251' title='bbox 1093 1856 1496 1922; x_wconf 83' lang='lat' dir='ltr'><strong>feneratorem,</strong></span> <span class='ocrx_word' id='word_1_252' title='bbox 1533 1861 1743 1916; x_wconf 86' lang='lat' dir='ltr'><strong>relictis</strong></span> <span class='ocrx_word' id='word_1_253' title='bbox 1779 1861 1906 1918; x_wconf 84' lang='lat' dir='ltr'><strong>ﬁliis</strong></span> <span class='ocrx_word' id='word_1_254' title='bbox 1927 1877 2018 1917; x_wconf 88' lang='lat' dir='ltr'><strong>or-</strong></span> 
     </span>
    </p>
   </div>
   <div class='ocr_carea' id='block_1_37' title="bbox 461 1945 2018 2023">
    <p class='ocr_par' dir='ltr' id='par_1_37' title="bbox 461 1945 2018 2023">
     <span class='ocr_line' id='line_1_37' title="bbox 461 1945 2018 2023; baseline 0.006 -27"><span class='ocrx_word' id='word_1_255' title='bbox 461 1945 698 2015; x_wconf 89' lang='lat' dir='ltr'><strong>phanis,</strong></span> <span class='ocrx_word' id='word_1_256' title='bbox 753 1946 955 2016; x_wconf 88' lang='lat' dir='ltr'><strong>quibus</strong></span> <span class='ocrx_word' id='word_1_257' title='bbox 1003 1955 1297 2018; x_wconf 86' lang='lat' dir='ltr'><strong>paupertas</strong></span> <span class='ocrx_word' id='word_1_258' title='bbox 1332 1963 1564 2004; x_wconf 87' lang='lat' dir='ltr'><strong>noverca</strong></span> <span class='ocrx_word' id='word_1_259' title='bbox 1615 1949 1754 2006; x_wconf 89' lang='lat' dir='ltr'><strong>haud</strong></span> <span class='ocrx_word' id='word_1_260' title='bbox 1788 1952 2018 2023; x_wconf 79' lang='lat' dir='ltr'><strong>benigna</strong></span> 
     </span>
    </p>
   </div>
   <div class='ocr_carea' id='block_1_38' title="bbox 461 2037 2018 2111">
    <p class='ocr_par' dir='ltr' id='par_1_38' title="bbox 461 2037 2018 2111">
     <span class='ocr_line' id='line_1_38' title="bbox 461 2037 2018 2111; baseline 0.005 -21"><span class='ocrx_word' id='word_1_261' title='bbox 461 2046 514 2090; x_wconf 86' lang='lat' dir='ltr'><strong>et</strong></span> <span class='ocrx_word' id='word_1_262' title='bbox 543 2037 719 2093; x_wconf 76' lang='lat' dir='ltr'><strong>facilis</strong></span> <span class='ocrx_word' id='word_1_263' title='bbox 743 2054 866 2094; x_wconf 88' lang='lat' dir='ltr'><strong>esse</strong></span> <span class='ocrx_word' id='word_1_264' title='bbox 897 2039 1084 2109; x_wconf 67' lang='lat' dir='ltr'><strong>coepit.</strong></span> <span class='ocrx_word' id='word_1_265' title='bbox 1117 2041 1188 2095; x_wconf 85' lang='lat' dir='ltr'><strong>At</strong></span> <span class='ocrx_word' id='word_1_266' title='bbox 1225 2055 1354 2094; x_wconf 91' lang='lat' dir='ltr'><strong>vero</strong></span> <span class='ocrx_word' id='word_1_267' title='bbox 1387 2041 1632 2111; x_wconf 71' lang='lat' dir='ltr'><strong>praeclari</strong></span> <span class='ocrx_word' id='word_1_268' title='bbox 1685 2042 1897 2097; x_wconf 89' lang='lat' dir='ltr'><strong>scilicet</strong></span> <span class='ocrx_word' id='word_1_269' title='bbox 1929 2044 2018 2098; x_wconf 88' lang='lat' dir='ltr'><strong>isti</strong></span> 
     </span>
    </p>
   </div>
   <div class='ocr_carea' id='block_1_39' title="bbox 465 2129 2020 2202">
    <p class='ocr_par' dir='ltr' id='par_1_39' title="bbox 465 2129 2020 2202">
     <span class='ocr_line' id='line_1_39' title="bbox 465 2129 2020 2202; baseline 0.005 -21"><span class='ocrx_word' id='word_1_270' title='bbox 465 2129 730 2195; x_wconf 80' lang='lat' dir='ltr'><strong>usurarii,</strong></span> <span class='ocrx_word' id='word_1_271' title='bbox 776 2145 846 2184; x_wconf 90' lang='lat' dir='ltr'><strong>ne</strong></span> <span class='ocrx_word' id='word_1_272' title='bbox 874 2131 1020 2186; x_wconf 72' lang='lat' dir='ltr'><strong>orba:</strong></span> <span class='ocrx_word' id='word_1_273' title='bbox 1045 2131 1259 2202; x_wconf 85' lang='lat' dir='ltr'><strong>quidem</strong></span> <span class='ocrx_word' id='word_1_274' title='bbox 1291 2132 1486 2189; x_wconf 91' lang='lat' dir='ltr'><strong>domus</strong></span> <span class='ocrx_word' id='word_1_275' title='bbox 1517 2134 1843 2190; x_wconf 88' lang='lat' dir='ltr'><strong>miserentur</strong></span> <span class='ocrx_word' id='word_1_276' title='bbox 1867 2177 1881 2200; x_wconf 93' lang='lat'><strong>,</strong></span> <span class='ocrx_word' id='word_1_277' title='bbox 1927 2138 2020 2189; x_wconf 90' lang='lat' dir='ltr'><strong>sed</strong></span> 
     </span>
    </p>
   </div>
   <div class='ocr_carea' id='block_1_40' title="bbox 464 2220 2024 2296">
    <p class='ocr_par' dir='ltr' id='par_1_40' title="bbox 464 2220 2024 2296">
     <span class='ocr_line' id='line_1_40' title="bbox 464 2220 2024 2296; baseline 0.005 -24"><span class='ocrx_word' id='word_1_278' title='bbox 464 2221 714 2281; x_wconf 86' lang='lat' dir='ltr'><strong>trahunt,</strong></span> <span class='ocrx_word' id='word_1_279' title='bbox 753 2220 1078 2291; x_wconf 87' lang='lat' dir='ltr'><strong>rapiuntque</strong></span> <span class='ocrx_word' id='word_1_280' title='bbox 1120 2222 1392 2288; x_wconf 60' lang='lat' dir='ltr'><strong>haeredes,</strong></span> <span class='ocrx_word' id='word_1_281' title='bbox 1415 2225 1615 2295; x_wconf 83' lang='lat' dir='ltr'><strong>quibus</strong></span> <span class='ocrx_word' id='word_1_282' title='bbox 1662 2227 1800 2282; x_wconf 87' lang='lat' dir='ltr'><strong>forte</strong></span> <span class='ocrx_word' id='word_1_283' title='bbox 1828 2236 2024 2296; x_wconf 63' lang='lat' dir='ltr'><strong>prater</strong></span> 
     </span>
    </p>
   </div>
   <div class='ocr_carea' id='block_1_41' title="bbox 465 2311 2026 2386">
    <p class='ocr_par' dir='ltr' id='par_1_41' title="bbox 465 2311 2026 2386">
     <span class='ocr_line' id='line_1_41' title="bbox 465 2311 2026 2386; baseline 0.005 -23"><span class='ocrx_word' id='word_1_284' title='bbox 465 2313 720 2381; x_wconf 79' lang='lat' dir='ltr'><strong>laqueum</strong></span> <span class='ocrx_word' id='word_1_285' title='bbox 775 2311 1108 2367; x_wconf 66' lang='lat' dir='ltr'><strong>haereditatis</strong></span> <span class='ocrx_word' id='word_1_286' title='bbox 1150 2313 1284 2367; x_wconf 89' lang='lat' dir='ltr'><strong>nihil</strong></span> <span class='ocrx_word' id='word_1_287' title='bbox 1323 2314 1553 2386; x_wconf 77' lang='lat' dir='ltr'><strong>obtigit,</strong></span> <span class='ocrx_word' id='word_1_288' title='bbox 1592 2331 1894 2386; x_wconf 88' lang='lat' dir='ltr'><strong>aurumque</strong></span> <span class='ocrx_word' id='word_1_289' title='bbox 1928 2331 2026 2386; x_wconf 86' lang='lat' dir='ltr'><strong>po-</strong></span> 
     </span>
    </p>
   </div>
   <div class='ocr_carea' id='block_1_42' title="bbox 463 2403 2028 2474">
    <p class='ocr_par' dir='ltr' id='par_1_42' title="bbox 463 2403 2028 2474">
     <span class='ocr_line' id='line_1_42' title="bbox 463 2403 2028 2474; baseline 0.003 -16"><span class='ocrx_word' id='word_1_290' title='bbox 463 2412 624 2458; x_wconf 84' lang='lat' dir='ltr'><strong>scunt</strong></span> <span class='ocrx_word' id='word_1_291' title='bbox 647 2418 743 2458; x_wconf 89' lang='lat' dir='ltr'><strong>eos</strong></span> <span class='ocrx_word' id='word_1_292' title='bbox 762 2442 778 2466; x_wconf 92' lang='lat'><strong>,</strong></span> <span class='ocrx_word' id='word_1_293' title='bbox 807 2403 900 2474; x_wconf 91' lang='lat' dir='ltr'><strong>qui</strong></span> <span class='ocrx_word' id='word_1_294' title='bbox 946 2404 1146 2458; x_wconf 90' lang='lat' dir='ltr'><strong>victum</strong></span> <span class='ocrx_word' id='word_1_295' title='bbox 1170 2404 1272 2460; x_wconf 86' lang='lat' dir='ltr'><strong>sibi</strong></span> <span class='ocrx_word' id='word_1_296' title='bbox 1302 2420 1368 2459; x_wconf 91' lang='lat' dir='ltr'><strong>ex</strong></span> <span class='ocrx_word' id='word_1_297' title='bbox 1413 2407 1644 2460; x_wconf 91' lang='lat' dir='ltr'><strong>aliorum</strong></span> <span class='ocrx_word' id='word_1_298' title='bbox 1702 2407 2028 2463; x_wconf 88' lang='lat' dir='ltr'><strong>liberalitate</strong></span> 
     </span>
    </p>
   </div>
   <div class='ocr_carea' id='block_1_43' title="bbox 463 2495 2028 2568">
    <p class='ocr_par' dir='ltr' id='par_1_43' title="bbox 463 2495 2028 2568">
     <span class='ocr_line' id='line_1_43' title="bbox 463 2495 2028 2568; baseline 0.003 -18"><span class='ocrx_word' id='word_1_299' title='bbox 463 2503 804 2568; x_wconf 89' lang='lat' dir='ltr'><strong>comparant.</strong></span> <span class='ocrx_word' id='word_1_300' title='bbox 857 2495 994 2550; x_wconf 86' lang='lat' dir='ltr'><strong>Cum</strong></span> <span class='ocrx_word' id='word_1_301' title='bbox 1042 2504 1224 2551; x_wconf 91' lang='lat' dir='ltr'><strong>autem</strong></span> <span class='ocrx_word' id='word_1_302' title='bbox 1259 2495 1520 2554; x_wconf 87' lang='lat' dir='ltr'><strong>debitoris</strong></span> <span class='ocrx_word' id='word_1_303' title='bbox 1568 2514 1718 2556; x_wconf 89' lang='lat' dir='ltr'><strong>mors</strong></span> <span class='ocrx_word' id='word_1_304' title='bbox 1763 2501 1906 2564; x_wconf 89' lang='lat' dir='ltr'><strong>illis,</strong></span> <span class='ocrx_word' id='word_1_305' title='bbox 1965 2508 2028 2555; x_wconf 91' lang='lat' dir='ltr'><strong>ut</strong></span> 
     </span>
    </p>
   </div>
   <div class='ocr_carea' id='block_1_44' title="bbox 463 2586 2030 2660">
    <p class='ocr_par' dir='ltr' id='par_1_44' title="bbox 463 2586 2030 2660">
     <span class='ocr_line' id='line_1_44' title="bbox 463 2586 2030 2660; baseline 0.004 -20"><span class='ocrx_word' id='word_1_306' title='bbox 463 2603 565 2656; x_wconf 88' lang='lat' dir='ltr'><strong>par</strong></span> <span class='ocrx_word' id='word_1_307' title='bbox 603 2595 722 2653; x_wconf 90' lang='lat' dir='ltr'><strong>est,</strong></span> <span class='ocrx_word' id='word_1_308' title='bbox 767 2586 1127 2657; x_wconf 80' lang='lat' dir='ltr'><strong>exprobratur</strong></span> <span class='ocrx_word' id='word_1_309' title='bbox 1151 2627 1166 2652; x_wconf 95' lang='lat'><strong>,</strong></span> <span class='ocrx_word' id='word_1_310' title='bbox 1197 2603 1432 2660; x_wconf 92' lang='lat' dir='ltr'><strong>cumque</strong></span> <span class='ocrx_word' id='word_1_311' title='bbox 1465 2592 1712 2645; x_wconf 91' lang='lat' dir='ltr'><strong>nonnulli</strong></span> <span class='ocrx_word' id='word_1_312' title='bbox 1749 2599 1806 2645; x_wconf 89' lang='lat' dir='ltr'><strong>ut</strong></span> <span class='ocrx_word' id='word_1_313' title='bbox 1834 2591 2030 2647; x_wconf 80' lang='lat' dir='ltr'><strong>erube-</strong></span> 
     </span>
    </p>
   </div>
   <div class='ocr_carea' id='block_1_45' title="bbox 467 2680 2028 2753">
    <p class='ocr_par' dir='ltr' id='par_1_45' title="bbox 467 2680 2028 2753">
     <span class='ocr_line' id='line_1_45' title="bbox 467 2680 2028 2753; baseline 0.002 -20"><span class='ocrx_word' id='word_1_314' title='bbox 467 2689 626 2734; x_wconf 88' lang='lat' dir='ltr'><strong>seant</strong></span> <span class='ocrx_word' id='word_1_315' title='bbox 680 2680 861 2750; x_wconf 89' lang='lat' dir='ltr'><strong>laquei</strong></span> <span class='ocrx_word' id='word_1_316' title='bbox 895 2680 1227 2736; x_wconf 90' lang='lat' dir='ltr'><strong>mentionem</strong></span> <span class='ocrx_word' id='word_1_317' title='bbox 1265 2680 1492 2745; x_wconf 87' lang='lat' dir='ltr'><strong>faciunt,</strong></span> <span class='ocrx_word' id='word_1_318' title='bbox 1514 2683 1664 2737; x_wconf 91' lang='lat' dir='ltr'><strong>nullo</strong></span> <span class='ocrx_word' id='word_1_319' title='bbox 1689 2683 1904 2752; x_wconf 86' lang='lat' dir='ltr'><strong>penitus</strong></span> <span class='ocrx_word' id='word_1_320' title='bbox 1929 2698 2028 2753; x_wconf 51' lang='lat' dir='ltr'><strong>pu-</strong></span> 
     </span>
    </p>
   </div>
   <div class='ocr_carea' id='block_1_46' title="bbox 465 2768 2031 2840">
    <p class='ocr_par' dir='ltr' id='par_1_46' title="bbox 465 2768 2031 2840">
     <span class='ocr_line' id='line_1_46' title="bbox 465 2768 2031 2840; baseline -0.001 -16"><span class='ocrx_word' id='word_1_321' title='bbox 465 2770 597 2825; x_wconf 90' lang='lat' dir='ltr'><strong>dore</strong></span> <span class='ocrx_word' id='word_1_322' title='bbox 647 2771 718 2824; x_wconf 94' lang='lat' dir='ltr'><strong>ob</strong></span> <span class='ocrx_word' id='word_1_323' title='bbox 777 2771 881 2824; x_wconf 92' lang='lat' dir='ltr'><strong>hoc</strong></span> <span class='ocrx_word' id='word_1_324' title='bbox 939 2769 1154 2824; x_wconf 80' lang='lat' dir='ltr'><strong>facinus</strong></span> <span class='ocrx_word' id='word_1_325' title='bbox 1207 2768 1552 2833; x_wconf 69' lang='lat' dir='ltr'><strong>adiciuntur,</strong></span> <span class='ocrx_word' id='word_1_326' title='bbox 1616 2785 1790 2840; x_wconf 88' lang='lat' dir='ltr'><strong>neque</strong></span> <span class='ocrx_word' id='word_1_327' title='bbox 1849 2771 2031 2823; x_wconf 91' lang='lat' dir='ltr'><strong>animo</strong></span> 
     </span>
    </p>
   </div>
   <div class='ocr_carea' id='block_1_47' title="bbox 465 2859 2033 2930">
    <p class='ocr_par' dir='ltr' id='par_1_47' title="bbox 465 2859 2033 2930">
     <span class='ocr_line' id='line_1_47' title="bbox 465 2859 2033 2930; baseline -0.001 -15"><span class='ocrx_word' id='word_1_328' title='bbox 465 2867 868 2930; x_wconf 81' lang='lat' dir='ltr'><strong>expavescunt,</strong></span> <span class='ocrx_word' id='word_1_329' title='bbox 922 2859 1018 2914; x_wconf 91' lang='lat' dir='ltr'><strong>sed</strong></span> <span class='ocrx_word' id='word_1_330' title='bbox 1073 2860 1259 2930; x_wconf 87' lang='lat' dir='ltr'><strong>potius</strong></span> <span class='ocrx_word' id='word_1_331' title='bbox 1314 2875 1382 2914; x_wconf 86' lang='lat' dir='ltr'><strong>ex</strong></span> <span class='ocrx_word' id='word_1_332' title='bbox 1441 2870 1658 2930; x_wconf 84' lang='lat' dir='ltr'><strong>pectore</strong></span> <span class='ocrx_word' id='word_1_333' title='bbox 1716 2861 2033 2916; x_wconf 90' lang='lat' dir='ltr'><strong>exulcerato</strong></span> 
     </span>
    </p>
   </div>
   <div class='ocr_carea' id='block_1_48' title="bbox 465 2951 2034 3022">
    <p class='ocr_par' dir='ltr' id='par_1_48' title="bbox 465 2951 2034 3022">
     <span class='ocr_line' id='line_1_48' title="bbox 465 2951 2034 3022; baseline 0.003 -18"><span class='ocrx_word' id='word_1_334' title='bbox 465 2952 632 3008; x_wconf 87' lang='lat' dir='ltr'><strong>verba</strong></span> <span class='ocrx_word' id='word_1_335' title='bbox 662 2951 898 3006; x_wconf 85' lang='lat' dir='ltr'><strong>fundunt</strong></span> <span class='ocrx_word' id='word_1_336' title='bbox 931 2953 1090 3022; x_wconf 90' lang='lat' dir='ltr'><strong>plena</strong></span> <span class='ocrx_word' id='word_1_337' title='bbox 1118 2952 1466 3020; x_wconf 63' lang='lat' dir='ltr'><strong>impudentiae</strong></span> <span class='ocrx_word' id='word_1_338' title='bbox 1492 2971 1506 3007; x_wconf 90' lang='lat'><strong>:</strong></span> <span class='ocrx_word' id='word_1_339' title='bbox 1545 2961 1599 3007; x_wconf 92' lang='lat' dir='ltr'><strong>et</strong></span> <span class='ocrx_word' id='word_1_340' title='bbox 1629 2969 1758 3008; x_wconf 91' lang='lat' dir='ltr'><strong>num</strong></span> <span class='ocrx_word' id='word_1_341' title='bbox 1789 2952 2034 3008; x_wconf 89' lang='lat' dir='ltr'><strong>moribus</strong></span> 
     </span>
    </p>
   </div>
   <div class='ocr_carea' id='block_1_49' title="bbox 468 3042 2034 3114">
    <p class='ocr_par' dir='ltr' id='par_1_49' title="bbox 468 3042 2034 3114">
     <span class='ocr_line' id='line_1_49' title="bbox 468 3042 2034 3114; baseline 0.001 -17"><span class='ocrx_word' id='word_1_342' title='bbox 468 3043 673 3100; x_wconf 90' lang='lat' dir='ltr'><strong>nostris</strong></span> <span class='ocrx_word' id='word_1_343' title='bbox 695 3083 710 3108; x_wconf 95' lang='lat'><strong>,</strong></span> <span class='ocrx_word' id='word_1_344' title='bbox 763 3043 960 3108; x_wconf 90' lang='lat' dir='ltr'><strong>aiunt,</strong></span> <span class='ocrx_word' id='word_1_345' title='bbox 998 3043 1337 3106; x_wconf 88' lang='lat' dir='ltr'><strong>ascribetur,</strong></span> <span class='ocrx_word' id='word_1_346' title='bbox 1373 3042 1422 3098; x_wconf 92' lang='lat' dir='ltr'><strong>si</strong></span> <span class='ocrx_word' id='word_1_347' title='bbox 1473 3044 1640 3099; x_wconf 89' lang='lat' dir='ltr'><strong>miser</strong></span> <span class='ocrx_word' id='word_1_348' title='bbox 1669 3044 1758 3098; x_wconf 90' lang='lat' dir='ltr'><strong>ille</strong></span> <span class='ocrx_word' id='word_1_349' title='bbox 1787 3054 1841 3099; x_wconf 90' lang='lat' dir='ltr'><strong>et</strong></span> <span class='ocrx_word' id='word_1_350' title='bbox 1876 3044 2034 3114; x_wconf 89' lang='lat' dir='ltr'><strong>inops</strong></span> 
     </span>
    </p>
   </div>
   <div class='ocr_carea' id='block_1_50' title="bbox 2117 1861 3697 1944">
    <p class='ocr_par' dir='ltr' id='par_1_50' title="bbox 2117 1861 3697 1944">
     <span class='ocr_line' id='line_1_50' title="bbox 2117 1861 3697 1944; baseline -0.009 -18"><span class='ocrx_word' id='word_1_351' title='bbox 2117 1872 2292 1944; x_wconf 85' lang='grc' dir='ltr'>κακὴν</span> <span class='ocrx_word' id='word_1_352' title='bbox 2328 1870 2595 1942; x_wconf 82' lang='grc' dir='ltr'>μητρυιὰν</span> <span class='ocrx_word' id='word_1_353' title='bbox 2628 1870 2844 1940; x_wconf 76' lang='grc' dir='ltr'>ἔχοντας</span> <span class='ocrx_word' id='word_1_354' title='bbox 2875 1867 2973 1938; x_wconf 84' lang='grc' dir='ltr'>τὴν</span> <span class='ocrx_word' id='word_1_355' title='bbox 3004 1867 3227 1921; x_wconf 70' lang='grc' dir='ltr'>πενίανῐ</span> <span class='ocrx_word' id='word_1_356' title='bbox 3262 1865 3323 1916; x_wconf 88' lang='grc' dir='ltr'><strong>Οἱ</strong></span> <span class='ocrx_word' id='word_1_357' title='bbox 3372 1863 3427 1916; x_wconf 85' lang='grc' dir='ltr'>δὲ</span> <span class='ocrx_word' id='word_1_358' title='bbox 3461 1861 3697 1932; x_wconf 69' lang='grc' dir='ltr'>χρηστοὶ</span> 
     </span>
    </p>
   </div>
   <div class='ocr_carea' id='block_1_51' title="bbox 2118 1949 3693 2029">
    <p class='ocr_par' dir='ltr' id='par_1_51' title="bbox 2118 1949 3693 2029">
     <span class='ocr_line' id='line_1_51' title="bbox 2118 1949 3693 2029; baseline -0.009 -14"><span class='ocrx_word' id='word_1_359' title='bbox 2118 1961 2438 2029; x_wconf 78' lang='grc' dir='ltr'>τοκογλύφοι</span> <span class='ocrx_word' id='word_1_360' title='bbox 2468 1959 2588 2014; x_wconf 79' lang='grc' dir='ltr'>οὐδὲ</span> <span class='ocrx_word' id='word_1_361' title='bbox 2621 1959 2742 2011; x_wconf 86' lang='grc' dir='ltr'>τότε</span> <span class='ocrx_word' id='word_1_362' title='bbox 2780 1958 2878 2027; x_wconf 80' lang='grc' dir='ltr'><strong>τῆς</strong></span> <span class='ocrx_word' id='word_1_363' title='bbox 2919 1957 3127 2027; x_wconf 75' lang='grc' dir='ltr'>ἐρήμου</span> <span class='ocrx_word' id='word_1_364' title='bbox 3170 1953 3442 2023; x_wconf 72' lang='grc' dir='ltr'>φείδονται</span> <span class='ocrx_word' id='word_1_365' title='bbox 3476 1949 3693 2012; x_wconf 82' lang='grc' dir='ltr'>οίκίας,</span> 
     </span>
    </p>
   </div>
   <div class='ocr_carea' id='block_1_52' title="bbox 2120 2041 3696 2120">
    <p class='ocr_par' dir='ltr' id='par_1_52' title="bbox 2120 2041 3696 2120">
     <span class='ocr_line' id='line_1_52' title="bbox 2120 2041 3696 2120; baseline -0.011 -13"><span class='ocrx_word' id='word_1_366' title='bbox 2120 2053 2234 2108; x_wconf 82' lang='grc' dir='ltr'>ἀλλ’</span> <span class='ocrx_word' id='word_1_367' title='bbox 2278 2051 2493 2106; x_wconf 77' lang='grc' dir='ltr'>ἕλκουσι</span> <span class='ocrx_word' id='word_1_368' title='bbox 2540 2051 2664 2115; x_wconf 72' lang='grc' dir='ltr'>τοὺς</span> <span class='ocrx_word' id='word_1_369' title='bbox 2699 2049 3095 2120; x_wconf 84' lang='grc' dir='ltr'>κληρονόμους,</span> <span class='ocrx_word' id='word_1_370' title='bbox 3147 2045 3289 2115; x_wconf 80' lang='grc' dir='ltr'>τάχα</span> <span class='ocrx_word' id='word_1_371' title='bbox 3331 2041 3428 2112; x_wconf 82' lang='grc' dir='ltr'>τὴν</span> <span class='ocrx_word' id='word_1_372' title='bbox 3479 2041 3696 2110; x_wconf 82' lang='grc' dir='ltr'>σχοῖνον</span> 
     </span>
    </p>
   </div>
   <div class='ocr_carea' id='block_1_53' title="bbox 2125 2127 3698 2214">
    <p class='ocr_par' dir='ltr' id='par_1_53' title="bbox 2125 2127 3698 2214">
     <span class='ocr_line' id='line_1_53' title="bbox 2125 2127 3698 2214; baseline -0.012 -17"><span class='ocrx_word' id='word_1_373' title='bbox 2125 2145 2292 2214; x_wconf 88' lang='grc' dir='ltr'>μόνην</span> <span class='ocrx_word' id='word_1_374' title='bbox 2333 2141 2424 2195; x_wconf 81' lang='grc' dir='ltr'>τοῦ</span> <span class='ocrx_word' id='word_1_375' title='bbox 2477 2139 2670 2212; x_wconf 80' lang='grc' dir='ltr'>βρόχου</span> <span class='ocrx_word' id='word_1_376' title='bbox 2723 2138 3271 2209; x_wconf 81' lang='grc' dir='ltr'>κληρονομήσαντας,</span> <span class='ocrx_word' id='word_1_377' title='bbox 3327 2133 3422 2184; x_wconf 76' lang='grc' dir='ltr'><strong>καὶ</strong></span> <span class='ocrx_word' id='word_1_378' title='bbox 3468 2127 3698 2200; x_wconf 85' lang='grc' dir='ltr'>χρυσίον</span> 
     </span>
    </p>
   </div>
   <div class='ocr_carea' id='block_1_54' title="bbox 2122 2219 3694 2298">
    <p class='ocr_par' dir='ltr' id='par_1_54' title="bbox 2122 2219 3694 2298">
     <span class='ocr_line' id='line_1_54' title="bbox 2122 2219 3694 2298; baseline -0.01 -14"><span class='ocrx_word' id='word_1_379' title='bbox 2122 2228 2410 2284; x_wconf 76' lang='grc' dir='ltr'>ἀπαιτοῦσι</span> <span class='ocrx_word' id='word_1_380' title='bbox 2447 2229 2572 2292; x_wconf 75' lang='grc' dir='ltr'>τοὺς</span> <span class='ocrx_word' id='word_1_381' title='bbox 2619 2227 2708 2279; x_wconf 82' lang='grc' dir='ltr'><strong>τὸν</strong></span> <span class='ocrx_word' id='word_1_382' title='bbox 2759 2227 2922 2298; x_wconf 81' lang='grc' dir='ltr'>ἄρτον</span> <span class='ocrx_word' id='word_1_383' title='bbox 2970 2224 3029 2290; x_wconf 76' lang='grc' dir='ltr'>ἐξ</span> <span class='ocrx_word' id='word_1_384' title='bbox 3057 2223 3249 2294; x_wconf 75' lang='grc' dir='ltr'>ἐράνου</span> <span class='ocrx_word' id='word_1_385' title='bbox 3286 2219 3694 2290; x_wconf 77' lang='grc' dir='ltr'>ποριζομένους.</span> 
     </span>
    </p>
   </div>
   <div class='ocr_carea' id='block_1_55' title="bbox 2136 2304 3698 2390">
    <p class='ocr_par' dir='ltr' id='par_1_55' title="bbox 2136 2304 3698 2390">
     <span class='ocr_line' id='line_1_55' title="bbox 2136 2304 3698 2390; baseline -0.011 -16"><span class='ocrx_word' id='word_1_386' title='bbox 2136 2319 2546 2390; x_wconf 82' lang='grc' dir='ltr'>Ὀνειδιζόμενοι</span> <span class='ocrx_word' id='word_1_387' title='bbox 2575 2317 2685 2388; x_wconf 68' lang='grc'>(49)</span> <span class='ocrx_word' id='word_1_388' title='bbox 2713 2316 2792 2379; x_wconf 79' lang='grc' dir='ltr'><strong>δὲ,</strong></span> <span class='ocrx_word' id='word_1_389' title='bbox 2828 2315 2900 2378; x_wconf 86' lang='grc' dir='ltr'>ὼς</span> <span class='ocrx_word' id='word_1_390' title='bbox 2933 2314 3096 2380; x_wconf 75' lang='grc' dir='ltr'>εἰκὸς,</span> <span class='ocrx_word' id='word_1_391' title='bbox 3128 2313 3219 2364; x_wconf 72' lang='grc' dir='ltr'>ἐπὶ</span> <span class='ocrx_word' id='word_1_392' title='bbox 3251 2309 3326 2381; x_wconf 82' lang='grc' dir='ltr'>τῷ</span> <span class='ocrx_word' id='word_1_393' title='bbox 3348 2308 3563 2377; x_wconf 79' lang='grc' dir='ltr'>θανάτῳ</span> <span class='ocrx_word' id='word_1_394' title='bbox 3601 2304 3698 2358; x_wconf 77' lang='grc' dir='ltr'><strong>τοῦ</strong></span> 
     </span>
    </p>
   </div>
   <div class='ocr_carea' id='block_1_56' title="bbox 2124 2395 3700 2482">
    <p class='ocr_par' dir='ltr' id='par_1_56' title="bbox 2124 2395 3700 2482">
     <span class='ocr_line' id='line_1_56' title="bbox 2124 2395 3700 2482; baseline -0.011 -18"><span class='ocrx_word' id='word_1_395' title='bbox 2124 2409 2417 2482; x_wconf 88' lang='grc' dir='ltr'>χρεώστου,</span> <span class='ocrx_word' id='word_1_396' title='bbox 2453 2408 2545 2462; x_wconf 88' lang='grc' dir='ltr'><strong>καί</strong></span> <span class='ocrx_word' id='word_1_397' title='bbox 2570 2423 2729 2460; x_wconf 87' lang='grc' dir='ltr'>τινων</span> <span class='ocrx_word' id='word_1_398' title='bbox 2749 2406 2883 2478; x_wconf 69' lang='grc' dir='ltr'>πρὸς</span> <span class='ocrx_word' id='word_1_399' title='bbox 2909 2403 3182 2458; x_wconf 82' lang='grc' dir='ltr'>δυσωπίαν</span> <span class='ocrx_word' id='word_1_400' title='bbox 3212 2398 3570 2471; x_wconf 80' lang='grc' dir='ltr'>μεμνημένων</span> <span class='ocrx_word' id='word_1_401' title='bbox 3601 2395 3700 2448; x_wconf 75' lang='grc' dir='ltr'><strong>τοῦ</strong></span> 
     </span>
    </p>
   </div>
   <div class='ocr_carea' id='block_1_57' title="bbox 2127 2487 3695 2574">
    <p class='ocr_par' dir='ltr' id='par_1_57' title="bbox 2127 2487 3695 2574">
     <span class='ocr_line' id='line_1_57' title="bbox 2127 2487 3695 2574; baseline -0.012 -17"><span class='ocrx_word' id='word_1_402' title='bbox 2127 2503 2340 2574; x_wconf 86' lang='grc' dir='ltr'>βρόχου,</span> <span class='ocrx_word' id='word_1_403' title='bbox 2392 2500 2512 2554; x_wconf 79' lang='grc' dir='ltr'>οὐδὲ</span> <span class='ocrx_word' id='word_1_404' title='bbox 2557 2497 2986 2568; x_wconf 85' lang='grc' dir='ltr'>ὲγκαλύπτονται</span> <span class='ocrx_word' id='word_1_405' title='bbox 3035 2495 3168 2566; x_wconf 78' lang='grc' dir='ltr'>πρὸς</span> <span class='ocrx_word' id='word_1_406' title='bbox 3200 2492 3261 2544; x_wconf 80' lang='grc' dir='ltr'><strong>τὸ</strong></span> <span class='ocrx_word' id='word_1_407' title='bbox 3304 2491 3517 2561; x_wconf 81' lang='grc' dir='ltr'>δρᾶμα,</span> <span class='ocrx_word' id='word_1_408' title='bbox 3569 2487 3695 2540; x_wconf 75' lang='grc' dir='ltr'>οὐδὲ</span> 
     </span>
    </p>
   </div>
   <div class='ocr_carea' id='block_1_58' title="bbox 2126 2577 3702 2662">
    <p class='ocr_par' dir='ltr' id='par_1_58' title="bbox 2126 2577 3702 2662">
     <span class='ocr_line' id='line_1_58' title="bbox 2126 2577 3702 2662; baseline -0.011 -18"><span class='ocrx_word' id='word_1_409' title='bbox 2126 2591 2448 2662; x_wconf 83' lang='grc' dir='ltr'>πλήττονται</span> <span class='ocrx_word' id='word_1_410' title='bbox 2469 2588 2568 2659; x_wconf 78' lang='grc' dir='ltr'>τὴν</span> <span class='ocrx_word' id='word_1_411' title='bbox 2591 2588 2787 2657; x_wconf 78' lang='grc' dir='ltr'>ψυχήνο</span> <span class='ocrx_word' id='word_1_412' title='bbox 2812 2585 2919 2639; x_wconf 83' lang='grc' dir='ltr'><strong>ἀπὸ</strong></span> <span class='ocrx_word' id='word_1_413' title='bbox 2947 2584 3148 2654; x_wconf 72' lang='grc' dir='ltr'>πικρᾶς</span> <span class='ocrx_word' id='word_1_414' title='bbox 3174 2581 3230 2634; x_wconf 83' lang='grc' dir='ltr'>δὲ</span> <span class='ocrx_word' id='word_1_415' title='bbox 3259 2580 3482 2650; x_wconf 86' lang='grc' dir='ltr'>γνώμης</span> <span class='ocrx_word' id='word_1_416' title='bbox 3503 2577 3702 2644; x_wconf 84' lang='grc' dir='ltr'>λόγους</span> 
     </span>
    </p>
   </div>
   <div class='ocr_carea' id='block_1_59' title="bbox 2126 2669 3702 2751">
    <p class='ocr_par' dir='ltr' id='par_1_59' title="bbox 2126 2669 3702 2751">
     <span class='ocr_line' id='line_1_59' title="bbox 2126 2669 3702 2751; baseline -0.01 -16"><span class='ocrx_word' id='word_1_417' title='bbox 2126 2682 2373 2751; x_wconf 89' lang='grc' dir='ltr'>λέγουσιν</span> <span class='ocrx_word' id='word_1_418' title='bbox 2395 2679 2653 2743; x_wconf 85' lang='grc' dir='ltr'>ἀναιδεῖς.</span> <span class='ocrx_word' id='word_1_419' title='bbox 2686 2679 2795 2732; x_wconf 70' lang='lat' dir='ltr'><strong>Kal.</strong></span> <span class='ocrx_word' id='word_1_420' title='bbox 2819 2677 2932 2748; x_wconf 82' lang='grc'>(50)</span> <span class='ocrx_word' id='word_1_421' title='bbox 2954 2675 3098 2746; x_wconf 74' lang='grc' dir='ltr'>ἠθῶν</span> <span class='ocrx_word' id='word_1_422' title='bbox 3122 2673 3362 2743; x_wconf 84' lang='grc' dir='ltr'>ἀδίκημα</span> <span class='ocrx_word' id='word_1_423' title='bbox 3388 2669 3544 2724; x_wconf 82' lang='grc' dir='ltr'>τοῦτο</span> <span class='ocrx_word' id='word_1_424' title='bbox 3568 2670 3702 2739; x_wconf 76' lang='grc' dir='ltr'>ἠμε-</span> 
     </span>
    </p>
   </div>
   <div class='ocr_carea' id='block_1_60' title="bbox 2127 2763 3701 2841">
    <p class='ocr_par' dir='ltr' id='par_1_60' title="bbox 2127 2763 3701 2841">
     <span class='ocr_line' id='line_1_60' title="bbox 2127 2763 3701 2841; baseline -0.008 -17"><span class='ocrx_word' id='word_1_425' title='bbox 2127 2772 2322 2841; x_wconf 86' lang='grc' dir='ltr'>τέρων,</span> <span class='ocrx_word' id='word_1_426' title='bbox 2357 2773 2406 2824; x_wconf 87' lang='grc' dir='ltr'>εἰ</span> <span class='ocrx_word' id='word_1_427' title='bbox 2441 2773 2470 2824; x_wconf 91' lang='grc' dir='ltr'><strong>ό</strong></span> <span class='ocrx_word' id='word_1_428' title='bbox 2510 2769 2852 2840; x_wconf 88' lang='grc' dir='ltr'>κακοδαίμων</span> <span class='ocrx_word' id='word_1_429' title='bbox 2898 2768 2991 2821; x_wconf 73' lang='grc' dir='ltr'><strong>καὶ</strong></span> <span class='ocrx_word' id='word_1_430' title='bbox 3024 2763 3292 2836; x_wconf 78' lang='grc' dir='ltr'>ἀγνώμων</span> <span class='ocrx_word' id='word_1_431' title='bbox 3329 2765 3564 2824; x_wconf 67' lang='grc' dir='ltr'>ἐκεῖνος,</span> <span class='ocrx_word' id='word_1_432' title='bbox 3601 2777 3701 2830; x_wconf 90' lang='grc' dir='ltr'>μο-</span> 
     </span>
    </p>
   </div>
   <div class='ocr_carea' id='block_1_61' title="bbox 2130 2851 3701 2937">
    <p class='ocr_par' dir='ltr' id='par_1_61' title="bbox 2130 2851 3701 2937">
     <span class='ocr_line' id='line_1_61' title="bbox 2130 2851 3701 2937; baseline -0.011 -17"><span class='ocrx_word' id='word_1_433' title='bbox 2130 2866 2338 2937; x_wconf 80' lang='grc' dir='ltr'>χθηρᾶς</span> <span class='ocrx_word' id='word_1_434' title='bbox 2369 2863 2632 2933; x_wconf 85' lang='grc' dir='ltr'>γενέσεως</span> <span class='ocrx_word' id='word_1_435' title='bbox 2664 2859 2864 2932; x_wconf 84' lang='grc' dir='ltr'>λαχὼν,</span> <span class='ocrx_word' id='word_1_436' title='bbox 2888 2863 2953 2930; x_wconf 78' lang='grc' dir='ltr'>τῇ</span> <span class='ocrx_word' id='word_1_437' title='bbox 2980 2859 3192 2929; x_wconf 77' lang='grc' dir='ltr'>ἀνάγκη</span> <span class='ocrx_word' id='word_1_438' title='bbox 3223 2855 3324 2925; x_wconf 79' lang='grc' dir='ltr'>τῆς</span> <span class='ocrx_word' id='word_1_439' title='bbox 3361 2851 3701 2924; x_wconf 80' lang='grc' dir='ltr'>εἱμαρμένης</span> 
     </span>
    </p>
   </div>
   <div class='ocr_carea' id='block_1_62' title="bbox 2133 2939 3704 3026">
    <p class='ocr_par' dir='ltr' id='par_1_62' title="bbox 2133 2939 3704 3026">
     <span class='ocr_line' id='line_1_62' title="bbox 2133 2939 3704 3026; baseline -0.011 -19"><span class='ocrx_word' id='word_1_440' title='bbox 2133 2955 2269 3026; x_wconf 71' lang='grc' dir='ltr'>πρὸς</span> <span class='ocrx_word' id='word_1_441' title='bbox 2295 2953 2386 3007; x_wconf 82' lang='grc' dir='ltr'><strong>τὸν</strong></span> <span class='ocrx_word' id='word_1_442' title='bbox 2414 2951 2584 3022; x_wconf 86' lang='grc' dir='ltr'>βίαιον</span> <span class='ocrx_word' id='word_1_443' title='bbox 2612 2949 2750 3021; x_wconf 65' lang='grc' dir='ltr'><strong>⁸ἢχθη</strong></span> <span class='ocrx_word' id='word_1_444' title='bbox 2785 2948 3012 3002; x_wconf 78' lang='grc' dir='ltr'>θάνατον</span> <span class='ocrx_word' id='word_1_445' title='bbox 3039 2962 3053 3011; x_wconf 91' lang='grc'>;</span> <span class='ocrx_word' id='word_1_446' title='bbox 3084 2947 3191 2999; x_wconf 76' lang='grc' dir='ltr'>Καὶ</span> <span class='ocrx_word' id='word_1_447' title='bbox 3217 2943 3326 3014; x_wconf 76' lang='grc' dir='ltr'>γὰρ</span> <span class='ocrx_word' id='word_1_448' title='bbox 3356 2942 3449 2994; x_wconf 78' lang='grc' dir='ltr'>καὶ</span> <span class='ocrx_word' id='word_1_449' title='bbox 3478 2939 3704 3009; x_wconf 78' lang='grc' dir='ltr'>φιλοσο-</span> 
     </span>
    </p>
   </div>
   <div class='ocr_carea' id='block_1_63' title="bbox 2135 3031 3705 3116">
    <p class='ocr_par' dir='ltr' id='par_1_63' title="bbox 2135 3031 3705 3116">
     <span class='ocr_line' id='line_1_63' title="bbox 2135 3031 3705 3116; baseline -0.011 -17"><span class='ocrx_word' id='word_1_450' title='bbox 2135 3043 2325 3116; x_wconf 82' lang='grc' dir='ltr'>φοῦσιν</span> <span class='ocrx_word' id='word_1_451' title='bbox 2355 3045 2404 3098; x_wconf 79' lang='grc' dir='ltr'>οἱ</span> <span class='ocrx_word' id='word_1_452' title='bbox 2437 3041 2796 3110; x_wconf 82' lang='grc' dir='ltr'>τοκογλύφοι,</span> <span class='ocrx_word' id='word_1_453' title='bbox 2832 3040 2925 3092; x_wconf 75' lang='grc' dir='ltr'><strong>καὶ</strong></span> <span class='ocrx_word' id='word_1_454' title='bbox 2967 3037 3074 3090; x_wconf 85' lang='grc' dir='ltr'><strong>τῶν</strong></span> <span class='ocrx_word' id='word_1_455' title='bbox 3112 3032 3500 3106; x_wconf 81' lang='grc' dir='ltr'>μαθηματικῶν</span> <span class='ocrx_word' id='word_1_456' title='bbox 3529 3031 3705 3100; x_wconf 77' lang='grc' dir='ltr'>Λιγυ-</span> 
     </span>
    </p>
   </div>
   <div class='ocr_carea' id='block_1_64' title="bbox 471 3122 2031 3205">
    <p class='ocr_par' dir='ltr' id='par_1_64' title="bbox 471 3134 2031 3202">
     <span class='ocr_line' id='line_1_64' title="bbox 471 3134 2031 3202; baseline 0 -12"><span class='ocrx_word' id='word_1_457' title='bbox 471 3136 704 3198; x_wconf 90' lang='lat' dir='ltr'><strong>mentis,</strong></span> <span class='ocrx_word' id='word_1_458' title='bbox 763 3134 964 3190; x_wconf 89' lang='lat' dir='ltr'><strong>infelici</strong></span> <span class='ocrx_word' id='word_1_459' title='bbox 1026 3134 1204 3190; x_wconf 88' lang='lat' dir='ltr'><strong>sidere</strong></span> <span class='ocrx_word' id='word_1_460' title='bbox 1275 3145 1474 3202; x_wconf 88' lang='lat' dir='ltr'><strong>natus,</strong></span> <span class='ocrx_word' id='word_1_461' title='bbox 1543 3139 1872 3192; x_wconf 88' lang='lat' dir='ltr'><strong>necessitate</strong></span> <span class='ocrx_word' id='word_1_462' title='bbox 1935 3135 2031 3190; x_wconf 87' lang='lat' dir='ltr'><strong>fati</strong></span> 
     </span>
    </p>
   </div>
   <div class='ocr_carea' id='block_1_65' title="bbox 2137 3122 3704 3205">
    <p class='ocr_par' dir='ltr' id='par_1_65' title="bbox 2137 3124 3704 3205">
     <span class='ocr_line' id='line_1_65' title="bbox 2137 3124 3704 3205; baseline -0.01 -14"><span class='ocrx_word' id='word_1_463' title='bbox 2137 3136 2308 3191; x_wconf 87' lang='grc' dir='ltr'>πτίων</span> <span class='ocrx_word' id='word_1_464' title='bbox 2337 3133 2576 3205; x_wconf 78' lang='grc' dir='ltr'>γίνονται</span> <span class='ocrx_word' id='word_1_465' title='bbox 2613 3131 2889 3203; x_wconf 76' lang='grc' dir='ltr'>μαθηταὶ,</span> <span class='ocrx_word' id='word_1_466' title='bbox 2921 3130 3050 3184; x_wconf 80' lang='grc' dir='ltr'>ὅταν</span> <span class='ocrx_word' id='word_1_467' title='bbox 3092 3128 3260 3202; x_wconf 77' lang='grc' dir='ltr'>δεήσῃ</span> <span class='ocrx_word' id='word_1_468' title='bbox 3307 3124 3444 3196; x_wconf 81' lang='grc' dir='ltr'>ὑπὲρ</span> <span class='ocrx_word' id='word_1_469' title='bbox 3479 3124 3586 3178; x_wconf 83' lang='grc' dir='ltr'><strong>τῶν</strong></span> <span class='ocrx_word' id='word_1_470' title='bbox 3615 3125 3704 3176; x_wconf 74' lang='grc' dir='ltr'><strong>ὲν-</strong></span> 
     </span>
    </p>
   </div>
   <div class='ocr_carea' id='block_1_66' title="bbox 470 3215 2031 3298">
    <p class='ocr_par' dir='ltr' id='par_1_66' title="bbox 470 3225 2031 3296">
     <span class='ocr_line' id='line_1_66' title="bbox 470 3225 2031 3296; baseline 0.002 -15"><span class='ocrx_word' id='word_1_471' title='bbox 470 3225 1107 3296; x_wconf 83' lang='lat' dir='ltr'><strong>compulsus,violentas</strong></span> <span class='ocrx_word' id='word_1_472' title='bbox 1141 3241 1333 3281; x_wconf 85' lang='lat' dir='ltr'><strong>manus</strong></span> <span class='ocrx_word' id='word_1_473' title='bbox 1379 3227 1482 3282; x_wconf 90' lang='lat' dir='ltr'><strong>sibi</strong></span> <span class='ocrx_word' id='word_1_474' title='bbox 1522 3227 1814 3284; x_wconf 85' lang='lat' dir='ltr'><strong>intulerit?</strong></span> <span class='ocrx_word' id='word_1_475' title='bbox 1850 3227 2031 3284; x_wconf 82' lang='lat' dir='ltr'><strong>Philo-</strong></span> 
     </span>
    </p>
   </div>
   <div class='ocr_carea' id='block_1_67' title="bbox 2137 3215 3700 3298">
    <p class='ocr_par' dir='ltr' id='par_1_67' title="bbox 2137 3215 3700 3298">
     <span class='ocr_line' id='line_1_67' title="bbox 2137 3215 3700 3298; baseline -0.01 -13"><span class='ocrx_word' id='word_1_476' title='bbox 2137 3229 2286 3298; x_wconf 85' lang='grc' dir='ltr'>αγῶν</span> <span class='ocrx_word' id='word_1_477' title='bbox 2317 3226 2496 3282; x_wconf 80' lang='grc' dir='ltr'>αὐτῶν</span> <span class='ocrx_word' id='word_1_478' title='bbox 2522 3225 2771 3298; x_wconf 82' lang='grc' dir='ltr'>πράξεων</span> <span class='ocrx_word' id='word_1_479' title='bbox 2793 3223 3014 3278; x_wconf 75' lang='grc' dir='ltr'>καὶτῶν</span> <span class='ocrx_word' id='word_1_480' title='bbox 3046 3221 3220 3291; x_wconf 88' lang='grc' dir='ltr'>φόνων</span> <span class='ocrx_word' id='word_1_481' title='bbox 3243 3215 3700 3289; x_wconf 79' lang='grc' dir='ltr'>ἀπολογήσασθαι.</span> 
     </span>
    </p>
   </div>
   <div class='ocr_carea' id='block_1_68' title="bbox 471 3316 3707 3397">
    <p class='ocr_par' dir='ltr' id='par_1_68' title="bbox 471 3316 3707 3397">
     <span class='ocr_line' id='line_1_68' title="bbox 471 3316 3707 3397; baseline -0.004 -21"><span class='ocrx_word' id='word_1_482' title='bbox 471 3321 772 3392; x_wconf 85' lang='lat' dir='ltr'><strong>sephantur</strong></span> <span class='ocrx_word' id='word_1_483' title='bbox 801 3321 946 3377; x_wconf 90' lang='lat' dir='ltr'><strong>enim</strong></span> <span class='ocrx_word' id='word_1_484' title='bbox 983 3321 1221 3376; x_wconf 88' lang='lat' dir='ltr'><strong>usurarii</strong></span> <span class='ocrx_word' id='word_1_485' title='bbox 1251 3337 1472 3393; x_wconf 89' lang='lat' dir='ltr'><strong>quoque</strong></span> <span class='ocrx_word' id='word_1_486' title='bbox 1500 3335 1556 3378; x_wconf 90' lang='lat' dir='ltr'><strong>et</strong></span> <span class='ocrx_word' id='word_1_487' title='bbox 1609 3323 2119 3380; x_wconf 90' lang='lat' dir='ltr'><strong>mathematicorum</strong></span> <span class='ocrx_word' id='word_1_488' title='bbox 2156 3324 2536 3397; x_wconf 57' lang='lat' dir='ltr'><strong>tEgyptiorum</strong></span> <span class='ocrx_word' id='word_1_489' title='bbox 2561 3319 2817 3390; x_wconf 86' lang='lat' dir='ltr'><strong>discipuli</strong></span> <span class='ocrx_word' id='word_1_490' title='bbox 2857 3316 2990 3371; x_wconf 82' lang='lat' dir='ltr'><strong>ﬁunt</strong></span> <span class='ocrx_word' id='word_1_491' title='bbox 3015 3355 3032 3381; x_wconf 94' lang='lat'><strong>,</strong></span> <span class='ocrx_word' id='word_1_492' title='bbox 3104 3331 3226 3370; x_wconf 90' lang='lat' dir='ltr'><strong>cum</strong></span> <span class='ocrx_word' id='word_1_493' title='bbox 3293 3329 3431 3384; x_wconf 87' lang='lat' dir='ltr'><strong>opus</strong></span> <span class='ocrx_word' id='word_1_494' title='bbox 3495 3318 3580 3364; x_wconf 91' lang='lat' dir='ltr'><strong>est</strong></span> <span class='ocrx_word' id='word_1_495' title='bbox 3648 3319 3707 3364; x_wconf 91' lang='lat' dir='ltr'><strong>ut</strong></span> 
     </span>
    </p>
   </div>
   <div class='ocr_carea' id='block_1_69' title="bbox 472 3415 3018 3489">
    <p class='ocr_par' dir='ltr' id='par_1_69' title="bbox 472 3415 3018 3489">
     <span class='ocr_line' id='line_1_69' title="bbox 472 3415 3018 3489; baseline -0.001 -20"><span class='ocrx_word' id='word_1_496' title='bbox 472 3416 774 3486; x_wconf 79' lang='lat' dir='ltr'><strong>apologiam</strong></span> <span class='ocrx_word' id='word_1_497' title='bbox 810 3415 1134 3482; x_wconf 89' lang='lat' dir='ltr'><strong>instituant,</strong></span> <span class='ocrx_word' id='word_1_498' title='bbox 1165 3432 1264 3488; x_wconf 88' lang='lat' dir='ltr'><strong>pro</strong></span> <span class='ocrx_word' id='word_1_499' title='bbox 1324 3419 1555 3489; x_wconf 89' lang='lat' dir='ltr'><strong>piaculis</strong></span> <span class='ocrx_word' id='word_1_500' title='bbox 1607 3428 1661 3475; x_wconf 91' lang='lat' dir='ltr'><strong>et</strong></span> <span class='ocrx_word' id='word_1_501' title='bbox 1707 3419 2056 3477; x_wconf 89' lang='lat' dir='ltr'><strong>exsecrandis</strong></span> <span class='ocrx_word' id='word_1_502' title='bbox 2089 3420 2424 3476; x_wconf 80' lang='lat' dir='ltr'><strong>facinoribus</strong></span> <span class='ocrx_word' id='word_1_503' title='bbox 2451 3427 2507 3476; x_wconf 89' lang='lat' dir='ltr'><strong>et</strong></span> <span class='ocrx_word' id='word_1_504' title='bbox 2537 3416 2850 3474; x_wconf 83' lang='lat' dir='ltr'><strong>homicidiis</strong></span> <span class='ocrx_word' id='word_1_505' title='bbox 2881 3415 3018 3470; x_wconf 88' lang='lat' dir='ltr'><strong>suis.</strong></span> 
     </span>
    </p>
   </div>
   <div class='ocr_carea' id='block_1_70' title="bbox 542 3499 2031 3584">
    <p class='ocr_par' dir='ltr' id='par_1_70' title="bbox 542 3507 2030 3584">
     <span class='ocr_line' id='line_1_70' title="bbox 542 3507 2030 3584; baseline 0.004 -22"><span class='ocrx_word' id='word_1_506' title='bbox 542 3507 694 3564; x_wconf 86' lang='lat' dir='ltr'><strong>Talis</strong></span> <span class='ocrx_word' id='word_1_507' title='bbox 748 3509 913 3579; x_wconf 79' lang='lat' dir='ltr'><strong>igitur</strong></span> <span class='ocrx_word' id='word_1_508' title='bbox 967 3509 1071 3564; x_wconf 92' lang='lat' dir='ltr'><strong>hoc</strong></span> <span class='ocrx_word' id='word_1_509' title='bbox 1137 3525 1387 3568; x_wconf 88' lang='lat' dir='ltr'><strong>sermone</strong></span> <span class='ocrx_word' id='word_1_510' title='bbox 1437 3513 1846 3584; x_wconf 87' lang='lat' dir='ltr'><strong>compellandus</strong></span> <span class='ocrx_word' id='word_1_511' title='bbox 1897 3524 2030 3571; x_wconf 90' lang='lat' dir='ltr'><strong>est:</strong></span> 
     </span>
    </p>
   </div>
   <div class='ocr_carea' id='block_1_71' title="bbox 2137 3499 3708 3584">
    <p class='ocr_par' dir='ltr' id='par_1_71' title="bbox 2199 3499 3708 3584">
     <span class='ocr_line' id='line_1_71' title="bbox 2199 3499 3708 3584; baseline -0.013 -15"><span class='ocrx_word' id='word_1_512' title='bbox 2199 3514 2434 3569; x_wconf 82' lang='grc' dir='ltr'>Λεκτέον</span> <span class='ocrx_word' id='word_1_513' title='bbox 2457 3509 2550 3569; x_wconf 79' lang='grc' dir='ltr'><strong>οὖν</strong></span> <span class='ocrx_word' id='word_1_514' title='bbox 2581 3513 2716 3584; x_wconf 79' lang='grc' dir='ltr'>πρὸς</span> <span class='ocrx_word' id='word_1_515' title='bbox 2739 3511 2833 3565; x_wconf 81' lang='grc' dir='ltr'>ἓνα</span> <span class='ocrx_word' id='word_1_516' title='bbox 2859 3510 2969 3563; x_wconf 84' lang='grc' dir='ltr'><strong>τῶν</strong></span> <span class='ocrx_word' id='word_1_517' title='bbox 2998 3506 3268 3562; x_wconf 84' lang='grc' dir='ltr'>τοιούτων·</span> <span class='ocrx_word' id='word_1_518' title='bbox 3301 3503 3371 3555; x_wconf 70' lang='grc' dir='ltr'><strong>Σὺ</strong></span> <span class='ocrx_word' id='word_1_519' title='bbox 3395 3505 3427 3572; x_wconf 80' lang='grc' dir='ltr'><strong>ἡ</strong></span> <span class='ocrx_word' id='word_1_520' title='bbox 3458 3499 3708 3572; x_wconf 61' lang='grc' dir='ltr'>μοχθηρὰ</span> 
     </span>
    </p>
   </div>
   <div class='ocr_carea' id='block_1_72' title="bbox 475 3591 2031 3675">
    <p class='ocr_par' dir='ltr' id='par_1_72' title="bbox 475 3599 2031 3667">
     <span class='ocr_line' id='line_1_72' title="bbox 475 3599 2031 3667; baseline 0.002 -12"><span class='ocrx_word' id='word_1_521' title='bbox 475 3599 557 3656; x_wconf 82' lang='grc' dir='ltr'>Ἱιι</span> <span class='ocrx_word' id='word_1_522' title='bbox 581 3601 672 3656; x_wconf 91' lang='lat' dir='ltr'><strong>ille</strong></span> <span class='ocrx_word' id='word_1_523' title='bbox 699 3601 978 3657; x_wconf 88' lang='lat' dir='ltr'><strong>infaustus</strong></span> <span class='ocrx_word' id='word_1_524' title='bbox 1006 3609 1163 3658; x_wconf 90' lang='lat' dir='ltr'><strong>ortus</strong></span> <span class='ocrx_word' id='word_1_525' title='bbox 1192 3618 1253 3658; x_wconf 86' lang='lat' dir='ltr'><strong>es</strong></span> <span class='ocrx_word' id='word_1_526' title='bbox 1276 3644 1291 3667; x_wconf 91' lang='lat'><strong>,</strong></span> <span class='ocrx_word' id='word_1_527' title='bbox 1331 3611 1387 3659; x_wconf 90' lang='lat' dir='ltr'><strong>et</strong></span> <span class='ocrx_word' id='word_1_528' title='bbox 1425 3604 1518 3659; x_wconf 89' lang='lat' dir='ltr'><strong>illa</strong></span> <span class='ocrx_word' id='word_1_529' title='bbox 1553 3605 1743 3660; x_wconf 81' lang='lat' dir='ltr'><strong>infelix</strong></span> <span class='ocrx_word' id='word_1_530' title='bbox 1792 3605 2031 3663; x_wconf 82' lang='lat' dir='ltr'><strong>siderum</strong></span> 
     </span>
    </p>
   </div>
   <div class='ocr_carea' id='block_1_73' title="bbox 2137 3591 3712 3675">
    <p class='ocr_par' dir='ltr' id='par_1_73' title="bbox 2137 3591 3712 3675">
     <span class='ocr_line' id='line_1_73' title="bbox 2137 3591 3712 3675; baseline -0.011 -16"><span class='ocrx_word' id='word_1_531' title='bbox 2137 3605 2380 3674; x_wconf 86' lang='grc' dir='ltr'>γένεσις,</span> <span class='ocrx_word' id='word_1_532' title='bbox 2425 3605 2552 3675; x_wconf 69' lang='lat' dir='ltr'><strong>abl]</strong></span> <span class='ocrx_word' id='word_1_533' title='bbox 2597 3602 2741 3673; x_wconf 83' lang='grc' dir='ltr'>κακὴ</span> <span class='ocrx_word' id='word_1_534' title='bbox 2783 3600 2891 3653; x_wconf 84' lang='grc' dir='ltr'>τῶν</span> <span class='ocrx_word' id='word_1_535' title='bbox 2924 3598 3167 3668; x_wconf 79' lang='grc' dir='ltr'>ἀστέρων</span> <span class='ocrx_word' id='word_1_536' title='bbox 3213 3593 3445 3663; x_wconf 80' lang='grc' dir='ltr'>ἀνάγκη.</span> <span class='ocrx_word' id='word_1_537' title='bbox 3496 3593 3555 3644; x_wconf 79' lang='grc' dir='ltr'><strong>Εἰ</strong></span> <span class='ocrx_word' id='word_1_538' title='bbox 3597 3591 3712 3660; x_wconf 79' lang='grc' dir='ltr'>γὰρ</span> 
     </span>
    </p>
   </div>
   <div class='ocr_carea' id='block_1_74' title="bbox 477 3682 2031 3767">
    <p class='ocr_par' dir='ltr' id='par_1_74' title="bbox 477 3691 2031 3767">
     <span class='ocr_line' id='line_1_74' title="bbox 477 3691 2031 3767; baseline 0.003 -21"><span class='ocrx_word' id='word_1_539' title='bbox 477 3692 798 3748; x_wconf 87' lang='lat' dir='ltr'><strong>necessitas.</strong></span> <span class='ocrx_word' id='word_1_540' title='bbox 859 3691 917 3746; x_wconf 90' lang='lat' dir='ltr'><strong>Si</strong></span> <span class='ocrx_word' id='word_1_541' title='bbox 960 3693 1104 3747; x_wconf 91' lang='lat' dir='ltr'><strong>enim</strong></span> <span class='ocrx_word' id='word_1_542' title='bbox 1162 3709 1348 3750; x_wconf 91' lang='lat' dir='ltr'><strong>curam</strong></span> <span class='ocrx_word' id='word_1_543' title='bbox 1401 3697 1672 3762; x_wconf 82' lang='lat' dir='ltr'><strong>levasses,</strong></span> <span class='ocrx_word' id='word_1_544' title='bbox 1723 3705 1780 3752; x_wconf 92' lang='lat' dir='ltr'><strong>et</strong></span> <span class='ocrx_word' id='word_1_545' title='bbox 1824 3705 2031 3767; x_wconf 92' lang='lat' dir='ltr'><strong>partem</strong></span> 
     </span>
    </p>
   </div>
   <div class='ocr_carea' id='block_1_75' title="bbox 2137 3682 3707 3767">
    <p class='ocr_par' dir='ltr' id='par_1_75' title="bbox 2137 3682 3707 3766">
     <span class='ocr_line' id='line_1_75' title="bbox 2137 3682 3707 3766; baseline -0.013 -14"><span class='ocrx_word' id='word_1_546' title='bbox 2137 3697 2498 3766; x_wconf 78' lang='grc' dir='ltr'>ὲπεκούφισας</span> <span class='ocrx_word' id='word_1_547' title='bbox 2539 3696 2640 3766; x_wconf 76' lang='grc' dir='ltr'><strong>τὴν</strong></span> <span class='ocrx_word' id='word_1_548' title='bbox 2685 3692 2977 3765; x_wconf 81' lang='grc' dir='ltr'>φροντίδα,</span> <span class='ocrx_word' id='word_1_549' title='bbox 3013 3691 3107 3743; x_wconf 74' lang='grc' dir='ltr'><strong>καὶ</strong></span> <span class='ocrx_word' id='word_1_550' title='bbox 3150 3687 3314 3759; x_wconf 87' lang='grc' dir='ltr'>μέρος</span> <span class='ocrx_word' id='word_1_551' title='bbox 3352 3685 3448 3754; x_wconf 78' lang='grc' dir='ltr'>μὲν</span> <span class='ocrx_word' id='word_1_552' title='bbox 3486 3682 3707 3751; x_wconf 73' lang='grc' dir='ltr'>ἀφῆκας</span> 
     </span>
    </p>
   </div>
   <div class='ocr_carea' id='block_1_76' title="bbox 477 3773 2031 3860">
    <p class='ocr_par' dir='ltr' id='par_1_76' title="bbox 477 3783 2031 3858">
     <span class='ocr_line' id='line_1_76' title="bbox 477 3783 2031 3858; baseline 0.005 -21"><span class='ocrx_word' id='word_1_553' title='bbox 477 3783 698 3854; x_wconf 85' lang='lat' dir='ltr'><strong>quidem</strong></span> <span class='ocrx_word' id='word_1_554' title='bbox 748 3783 920 3852; x_wconf 88' lang='lat' dir='ltr'><strong>partis</strong></span> <span class='ocrx_word' id='word_1_555' title='bbox 969 3783 1302 3851; x_wconf 88' lang='lat' dir='ltr'><strong>dimisisses,</strong></span> <span class='ocrx_word' id='word_1_556' title='bbox 1357 3795 1674 3857; x_wconf 85' lang='lat' dir='ltr'><strong>partemque</strong></span> <span class='ocrx_word' id='word_1_557' title='bbox 1728 3789 2031 3858; x_wconf 85' lang='lat' dir='ltr'><strong>accepisses</strong></span> 
     </span>
    </p>
   </div>
   <div class='ocr_carea' id='block_1_77' title="bbox 2137 3773 3712 3860">
    <p class='ocr_par' dir='ltr' id='par_1_77' title="bbox 2137 3773 3712 3860">
     <span class='ocr_line' id='line_1_77' title="bbox 2137 3773 3712 3860; baseline -0.012 -17"><span class='ocrx_word' id='word_1_558' title='bbox 2137 3788 2226 3842; x_wconf 74' lang='grc' dir='ltr'>τοῦ</span> <span class='ocrx_word' id='word_1_559' title='bbox 2258 3788 2477 3860; x_wconf 81' lang='grc' dir='ltr'>μέρους,</span> <span class='ocrx_word' id='word_1_560' title='bbox 2510 3786 2674 3858; x_wconf 81' lang='grc' dir='ltr'>μέρος</span> <span class='ocrx_word' id='word_1_561' title='bbox 2705 3785 2762 3838; x_wconf 86' lang='grc' dir='ltr'>δὲ</span> <span class='ocrx_word' id='word_1_562' title='bbox 2792 3783 3032 3853; x_wconf 80' lang='grc' dir='ltr'>ὲκομίσω</span> <span class='ocrx_word' id='word_1_563' title='bbox 3063 3779 3200 3852; x_wconf 89' lang='grc' dir='ltr'><strong>μετά</strong></span> <span class='ocrx_word' id='word_1_564' title='bbox 3230 3779 3484 3839; x_wconf 82' lang='grc' dir='ltr'>ἀνέσεως,</span> <span class='ocrx_word' id='word_1_565' title='bbox 3515 3775 3616 3827; x_wconf 86' lang='grc' dir='ltr'><strong>ούκ</strong></span> <span class='ocrx_word' id='word_1_566' title='bbox 3644 3773 3712 3826; x_wconf 83' lang='grc' dir='ltr'><strong>ἂν</strong></span> 
     </span>
    </p>
   </div>
   <div class='ocr_carea' id='block_1_78' title="bbox 477 3876 2038 3949">
    <p class='ocr_par' dir='ltr' id='par_1_78' title="bbox 477 3876 2038 3949">
     <span class='ocr_line' id='line_1_78' title="bbox 477 3876 2038 3949; baseline 0.004 -20"><span class='ocrx_word' id='word_1_567' title='bbox 477 3891 603 3930; x_wconf 89' lang='lat' dir='ltr'><strong>cum</strong></span> <span class='ocrx_word' id='word_1_568' title='bbox 636 3876 998 3943; x_wconf 83' lang='lat' dir='ltr'><strong>remissione,</strong></span> <span class='ocrx_word' id='word_1_569' title='bbox 1063 3894 1169 3932; x_wconf 94' lang='lat' dir='ltr'><strong>non</strong></span> <span class='ocrx_word' id='word_1_570' title='bbox 1212 3879 1398 3949; x_wconf 81' lang='lat' dir='ltr'><strong>utique</strong></span> <span class='ocrx_word' id='word_1_571' title='bbox 1445 3879 1652 3936; x_wconf 88' lang='lat' dir='ltr'><strong>odisset</strong></span> <span class='ocrx_word' id='word_1_572' title='bbox 1688 3880 1863 3935; x_wconf 81' lang='lat' dir='ltr'><strong>lucem</strong></span> <span class='ocrx_word' id='word_1_573' title='bbox 1916 3889 2038 3935; x_wconf 88' lang='lat' dir='ltr'><strong>tan-</strong></span> 
     </span>
    </p>
   </div>
   <div class='ocr_carea' id='block_1_79' title="bbox 478 3965 2039 4040">
    <p class='ocr_par' dir='ltr' id='par_1_79' title="bbox 478 3965 2039 4040">
     <span class='ocr_line' id='line_1_79' title="bbox 478 3965 2039 4040; baseline 0.003 -18"><span class='ocrx_word' id='word_1_574' title='bbox 478 3979 642 4036; x_wconf 82' lang='lat' dir='ltr'><strong>qt&#39;am</strong></span> <span class='ocrx_word' id='word_1_575' title='bbox 698 3965 948 4024; x_wconf 90' lang='lat' dir='ltr'><strong>odiosam</strong></span> <span class='ocrx_word' id='word_1_576' title='bbox 973 4007 987 4031; x_wconf 95' lang='lat'><strong>,</strong></span> <span class='ocrx_word' id='word_1_577' title='bbox 1040 3983 1217 4039; x_wconf 85' lang='lat' dir='ltr'><strong>neque</strong></span> <span class='ocrx_word' id='word_1_578' title='bbox 1249 3971 1334 4024; x_wconf 89' lang='lat' dir='ltr'><strong>sui</strong></span> <span class='ocrx_word' id='word_1_579' title='bbox 1368 3970 1543 4040; x_wconf 87' lang='lat' dir='ltr'><strong>ipsius</strong></span> <span class='ocrx_word' id='word_1_580' title='bbox 1573 3970 1818 4027; x_wconf 80' lang='lat' dir='ltr'><strong>carnifex</strong></span> <span class='ocrx_word' id='word_1_581' title='bbox 1866 3972 2039 4027; x_wconf 81' lang='lat' dir='ltr'><strong>exsti-</strong></span> 
     </span>
    </p>
   </div>
   <div class='ocr_carea' id='block_1_80' title="bbox 479 4053 2042 4130">
    <p class='ocr_par' dir='ltr' id='par_1_80' title="bbox 479 4053 2042 4130">
     <span class='ocr_line' id='line_1_80' title="bbox 479 4053 2042 4130; baseline 0.006 -23"><span class='ocrx_word' id='word_1_582' title='bbox 479 4063 659 4112; x_wconf 78' lang='lat' dir='ltr'><strong>tisset.</strong></span> <span class='ocrx_word' id='word_1_583' title='bbox 689 4053 755 4108; x_wconf 87' lang='lat' dir='ltr'><strong>Et</strong></span> <span class='ocrx_word' id='word_1_584' title='bbox 779 4056 1107 4127; x_wconf 88' lang='lat' dir='ltr'><strong>quibusnam</strong></span> <span class='ocrx_word' id='word_1_585' title='bbox 1151 4059 1328 4114; x_wconf 89' lang='lat' dir='ltr'><strong>oculis</strong></span> <span class='ocrx_word' id='word_1_586' title='bbox 1386 4068 1632 4130; x_wconf 90' lang='lat' dir='ltr'><strong>tempore</strong></span> <span class='ocrx_word' id='word_1_587' title='bbox 1686 4061 2042 4117; x_wconf 89' lang='lat' dir='ltr'><strong>resurrectio-</strong></span> 
     </span>
    </p>
   </div>
   <div class='ocr_carea' id='block_1_81' title="bbox 482 4149 2043 4210">
    <p class='ocr_par' dir='ltr' id='par_1_81' title="bbox 482 4149 2043 4210">
     <span class='ocr_line' id='line_1_81' title="bbox 482 4149 2043 4210; baseline 0.004 -6"><span class='ocrx_word' id='word_1_588' title='bbox 482 4150 568 4204; x_wconf 92' lang='lat' dir='ltr'><strong>nis</strong></span> <span class='ocrx_word' id='word_1_589' title='bbox 601 4149 900 4205; x_wconf 88' lang='lat' dir='ltr'><strong>intueberis</strong></span> <span class='ocrx_word' id='word_1_590' title='bbox 925 4149 1306 4207; x_wconf 81' lang='lat' dir='ltr'><strong>interfectum?</strong></span> <span class='ocrx_word' id='word_1_591' title='bbox 1335 4153 1566 4210; x_wconf 84' lang='lat' dir='ltr'><strong>venietis</strong></span> <span class='ocrx_word' id='word_1_592' title='bbox 1594 4154 1742 4209; x_wconf 90' lang='lat' dir='ltr'><strong>enim</strong></span> <span class='ocrx_word' id='word_1_593' title='bbox 1783 4155 1943 4210; x_wconf 89' lang='lat' dir='ltr'><strong>ambo</strong></span> <span class='ocrx_word' id='word_1_594' title='bbox 1974 4154 2043 4210; x_wconf 90' lang='lat' dir='ltr'><strong>ad</strong></span> 
     </span>
    </p>
   </div>
   <div class='ocr_carea' id='block_1_82' title="bbox 483 4240 2039 4316">
    <p class='ocr_par' dir='ltr' id='par_1_82' title="bbox 483 4240 2039 4316">
     <span class='ocr_line' id='line_1_82' title="bbox 483 4240 2039 4316; baseline 0.004 -22"><span class='ocrx_word' id='word_1_595' title='bbox 483 4240 689 4296; x_wconf 86' lang='lat' dir='ltr'><strong>Christi</strong></span> <span class='ocrx_word' id='word_1_596' title='bbox 725 4241 997 4307; x_wconf 89' lang='lat' dir='ltr'><strong>tribunal,</strong></span> <span class='ocrx_word' id='word_1_597' title='bbox 1033 4242 1126 4296; x_wconf 92' lang='lat' dir='ltr'><strong>ubi</strong></span> <span class='ocrx_word' id='word_1_598' title='bbox 1154 4257 1262 4298; x_wconf 92' lang='lat' dir='ltr'><strong>non</strong></span> <span class='ocrx_word' id='word_1_599' title='bbox 1312 4259 1492 4301; x_wconf 67' lang='lat' dir='ltr'><strong>usura:</strong></span> <span class='ocrx_word' id='word_1_600' title='bbox 1539 4246 2039 4316; x_wconf 89' lang='lat' dir='ltr'><strong>computabuntur,</strong></span> 
     </span>
    </p>
   </div>
   <div class='ocr_carea' id='block_1_83' title="bbox 487 4332 2040 4407">
    <p class='ocr_par' dir='ltr' id='par_1_83' title="bbox 487 4332 2040 4407">
     <span class='ocr_line' id='line_1_83' title="bbox 487 4332 2040 4407; baseline 0.003 -22"><span class='ocrx_word' id='word_1_601' title='bbox 487 4332 581 4385; x_wconf 89' lang='lat' dir='ltr'><strong>sed</strong></span> <span class='ocrx_word' id='word_1_602' title='bbox 616 4333 737 4385; x_wconf 68' lang='lat' dir='ltr'><strong>vitae</strong></span> <span class='ocrx_word' id='word_1_603' title='bbox 775 4332 916 4386; x_wconf 92' lang='lat' dir='ltr'><strong>ratio</strong></span> <span class='ocrx_word' id='word_1_604' title='bbox 945 4343 1065 4386; x_wconf 87' lang='lat' dir='ltr'><strong>acta</strong></span> <span class='ocrx_word' id='word_1_605' title='bbox 1091 4332 1444 4402; x_wconf 75' lang='lat' dir='ltr'><strong>iudicabitur.</strong></span> <span class='ocrx_word' id='word_1_606' title='bbox 1502 4335 1709 4407; x_wconf 86' lang='lat' dir='ltr'><strong>Ecquid</strong></span> <span class='ocrx_word' id='word_1_607' title='bbox 1743 4337 2040 4406; x_wconf 83' lang='lat' dir='ltr'><strong>responde-</strong></span> 
     </span>
    </p>
   </div>
   <div class='ocr_carea' id='block_1_84' title="bbox 489 4423 2043 4498">
    <p class='ocr_par' dir='ltr' id='par_1_84' title="bbox 489 4423 2043 4498">
     <span class='ocr_line' id='line_1_84' title="bbox 489 4423 2043 4498; baseline 0.004 -22"><span class='ocrx_word' id='word_1_608' title='bbox 489 4423 575 4476; x_wconf 89' lang='lat' dir='ltr'><strong>bis</strong></span> <span class='ocrx_word' id='word_1_609' title='bbox 612 4432 904 4478; x_wconf 85' lang='lat' dir='ltr'><strong>accusatus</strong></span> <span class='ocrx_word' id='word_1_610' title='bbox 960 4423 1284 4496; x_wconf 90' lang='lat' dir='ltr'><strong>ineorrupto</strong></span> <span class='ocrx_word' id='word_1_611' title='bbox 1315 4425 1482 4496; x_wconf 73' lang='lat' dir='ltr'><strong>iudici</strong></span> <span class='ocrx_word' id='word_1_612' title='bbox 1505 4467 1520 4489; x_wconf 93' lang='lat'><strong>,</strong></span> <span class='ocrx_word' id='word_1_613' title='bbox 1577 4428 1798 4498; x_wconf 91' lang='lat' dir='ltr'><strong>quando</strong></span> <span class='ocrx_word' id='word_1_614' title='bbox 1827 4426 1927 4482; x_wconf 92' lang='lat' dir='ltr'><strong>tibi</strong></span> <span class='ocrx_word' id='word_1_615' title='bbox 1955 4426 2043 4482; x_wconf 84' lang='lat' dir='ltr'><strong>di-</strong></span> 
     </span>
    </p>
   </div>
   <div class='ocr_carea' id='block_1_85' title="bbox 2137 3865 3711 3952">
    <p class='ocr_par' dir='ltr' id='par_1_85' title="bbox 2137 3865 3711 3952">
     <span class='ocr_line' id='line_1_85' title="bbox 2137 3865 3711 3952; baseline -0.011 -19"><span class='ocrx_word' id='word_1_616' title='bbox 2137 3881 2235 3952; x_wconf 85' lang='grc' dir='ltr'><strong>τὴν</strong></span> <span class='ocrx_word' id='word_1_617' title='bbox 2287 3878 2580 3949; x_wconf 82' lang='grc' dir='ltr'>ὲπίμοχθον</span> <span class='ocrx_word' id='word_1_618' title='bbox 2632 3877 2776 3947; x_wconf 77' lang='grc' dir='ltr'>ζωὴν</span> <span class='ocrx_word' id='word_1_619' title='bbox 2825 3875 3105 3945; x_wconf 77' lang='grc' dir='ltr'>ἐμίσησεν,</span> <span class='ocrx_word' id='word_1_620' title='bbox 3143 3871 3260 3925; x_wconf 81' lang='grc' dir='ltr'>οὐδὲ</span> <span class='ocrx_word' id='word_1_621' title='bbox 3309 3869 3468 3932; x_wconf 75' lang='grc' dir='ltr'>αὐτὸς</span> <span class='ocrx_word' id='word_1_622' title='bbox 3513 3865 3711 3920; x_wconf 76' lang='grc' dir='ltr'>ἑαυτοῦ</span> 
     </span>
    </p>
   </div>
   <div class='ocr_carea' id='block_1_86' title="bbox 2140 3959 3713 4042">
    <p class='ocr_par' dir='ltr' id='par_1_86' title="bbox 2140 3959 3713 4042">
     <span class='ocr_line' id='line_1_86' title="bbox 2140 3959 3713 4042; baseline -0.01 -17"><span class='ocrx_word' id='word_1_623' title='bbox 2140 3971 2353 4042; x_wconf 77' lang='grc' dir='ltr'>ἐγένετο</span> <span class='ocrx_word' id='word_1_624' title='bbox 2374 3971 2580 4042; x_wconf 88' lang='grc' dir='ltr'>δήμιος.</span> <span class='ocrx_word' id='word_1_625' title='bbox 2615 3963 2762 4040; x_wconf 69' lang='grc' dir='ltr'><strong>τΑρα</strong></span> <span class='ocrx_word' id='word_1_626' title='bbox 2785 3967 2896 4037; x_wconf 78' lang='lat'><strong>(5|)</strong></span> <span class='ocrx_word' id='word_1_627' title='bbox 2925 3965 3096 4029; x_wconf 82' lang='grc' dir='ltr'>ποίοις</span> <span class='ocrx_word' id='word_1_628' title='bbox 3135 3963 3429 4033; x_wconf 74' lang='grc' dir='ltr'>ὀφθαλμοῖς</span> <span class='ocrx_word' id='word_1_629' title='bbox 3452 3959 3592 4014; x_wconf 76' lang='grc' dir='ltr'><strong>κατά</strong></span> <span class='ocrx_word' id='word_1_630' title='bbox 3620 3959 3713 4010; x_wconf 78' lang='grc' dir='ltr'><strong>τὸν</strong></span> 
     </span>
    </p>
   </div>
   <div class='ocr_carea' id='block_1_87' title="bbox 2141 4049 3712 4133">
    <p class='ocr_par' dir='ltr' id='par_1_87' title="bbox 2141 4049 3712 4133">
     <span class='ocr_line' id='line_1_87' title="bbox 2141 4049 3712 4133; baseline -0.01 -16"><span class='ocrx_word' id='word_1_631' title='bbox 2141 4063 2327 4133; x_wconf 83' lang='grc' dir='ltr'>καιρὸν</span> <span class='ocrx_word' id='word_1_632' title='bbox 2359 4061 2458 4133; x_wconf 84' lang='grc' dir='ltr'>τῆς</span> <span class='ocrx_word' id='word_1_633' title='bbox 2503 4061 2849 4122; x_wconf 84' lang='grc' dir='ltr'>ἀναστάσεως</span> <span class='ocrx_word' id='word_1_634' title='bbox 2891 4057 3010 4125; x_wconf 71' lang='grc' dir='ltr'>ὄψει</span> <span class='ocrx_word' id='word_1_635' title='bbox 3054 4057 3146 4109; x_wconf 79' lang='grc' dir='ltr'><strong>τὸν</strong></span> <span class='ocrx_word' id='word_1_636' title='bbox 3195 4053 3518 4124; x_wconf 79' lang='grc' dir='ltr'>φονευθέντα</span> <span class='ocrx_word' id='word_1_637' title='bbox 3557 4049 3712 4119; x_wconf 78' lang='grc'>(59.);</span> 
     </span>
    </p>
   </div>
   <div class='ocr_carea' id='block_1_88' title="bbox 2142 4142 3712 4222">
    <p class='ocr_par' dir='ltr' id='par_1_88' title="bbox 2142 4142 3712 4222">
     <span class='ocr_line' id='line_1_88' title="bbox 2142 4142 3712 4222; baseline -0.004 -15"><span class='ocrx_word' id='word_1_638' title='bbox 2142 4153 2340 4218; x_wconf 58' lang='lat' dir='ltr'><strong>&quot;ligare</strong></span> <span class='ocrx_word' id='word_1_639' title='bbox 2385 4151 2493 4222; x_wconf 90' lang='grc' dir='ltr'><strong>γάρ</strong></span> <span class='ocrx_word' id='word_1_640' title='bbox 2524 4150 2822 4221; x_wconf 84' lang='grc' dir='ltr'>ἀμφότεροι</span> <span class='ocrx_word' id='word_1_641' title='bbox 2852 4148 2986 4220; x_wconf 80' lang='grc' dir='ltr'>πρὸς</span> <span class='ocrx_word' id='word_1_642' title='bbox 3018 4147 3082 4200; x_wconf 82' lang='grc' dir='ltr'><strong>τὸ</strong></span> <span class='ocrx_word' id='word_1_643' title='bbox 3108 4145 3202 4200; x_wconf 80' lang='grc' dir='ltr'>τοῦ</span> <span class='ocrx_word' id='word_1_644' title='bbox 3249 4143 3483 4216; x_wconf 77' lang='grc' dir='ltr'>Χριστοῦ</span> <span class='ocrx_word' id='word_1_645' title='bbox 3526 4142 3712 4216; x_wconf 77' lang='grc' dir='ltr'>βῆμα.</span> 
     </span>
    </p>
   </div>
   <div class='ocr_carea' id='block_1_89' title="bbox 2141 4237 3715 4314">
    <p class='ocr_par' dir='ltr' id='par_1_89' title="bbox 2141 4237 3715 4314">
     <span class='ocr_line' id='line_1_89' title="bbox 2141 4237 3715 4314; baseline -0.008 -14"><span class='ocrx_word' id='word_1_646' title='bbox 2141 4246 2268 4300; x_wconf 73' lang='grc' dir='ltr'>ἔνθα</span> <span class='ocrx_word' id='word_1_647' title='bbox 2297 4246 2359 4299; x_wconf 79' lang='grc' dir='ltr'><strong>οὐ</strong></span> <span class='ocrx_word' id='word_1_648' title='bbox 2388 4245 2536 4298; x_wconf 89' lang='grc' dir='ltr'>τόκοι</span> <span class='ocrx_word' id='word_1_649' title='bbox 2559 4242 2913 4314; x_wconf 79' lang='grc' dir='ltr'>ψηφίζονται,</span> <span class='ocrx_word' id='word_1_650' title='bbox 2941 4239 3076 4293; x_wconf 86' lang='grc' dir='ltr'><strong>ἀλλά</strong></span> <span class='ocrx_word' id='word_1_651' title='bbox 3111 4238 3214 4310; x_wconf 83' lang='grc' dir='ltr'>βίοι</span> <span class='ocrx_word' id='word_1_652' title='bbox 3240 4237 3528 4309; x_wconf 82' lang='grc' dir='ltr'>κρίνονται.</span> <span class='ocrx_word' id='word_1_653' title='bbox 3561 4238 3629 4288; x_wconf 82' lang='grc' dir='ltr'>Τί</span> <span class='ocrx_word' id='word_1_654' title='bbox 3660 4238 3715 4289; x_wconf 80' lang='grc' dir='ltr'>δὲ</span> 
     </span>
    </p>
   </div>
   <div class='ocr_carea' id='block_1_90' title="bbox 2145 4328 3716 4405">
    <p class='ocr_par' dir='ltr' id='par_1_90' title="bbox 2145 4328 3716 4405">
     <span class='ocr_line' id='line_1_90' title="bbox 2145 4328 3716 4405; baseline -0.007 -15"><span class='ocrx_word' id='word_1_655' title='bbox 2145 4335 2317 4402; x_wconf 84' lang='grc' dir='ltr'>λέξεις</span> <span class='ocrx_word' id='word_1_656' title='bbox 2360 4334 2755 4405; x_wconf 79' lang='grc' dir='ltr'>ἐγκαλούμενος</span> <span class='ocrx_word' id='word_1_657' title='bbox 2781 4331 2862 4403; x_wconf 85' lang='grc' dir='ltr'>τῷ</span> <span class='ocrx_word' id='word_1_658' title='bbox 2895 4332 3174 4401; x_wconf 82' lang='grc' dir='ltr'>ἀδεκάστῳ</span> <span class='ocrx_word' id='word_1_659' title='bbox 3221 4330 3414 4399; x_wconf 79' lang='grc' dir='ltr'>κριτῇ,</span> <span class='ocrx_word' id='word_1_660' title='bbox 3465 4328 3590 4380; x_wconf 81' lang='grc' dir='ltr'>ὅταν</span> <span class='ocrx_word' id='word_1_661' title='bbox 3634 4345 3716 4380; x_wconf 84' lang='grc' dir='ltr'><strong>σοι</strong></span> 
     </span>
    </p>
   </div>
   <div class='ocr_carea' id='block_1_91' title="bbox 2148 4414 3722 4500">
    <p class='ocr_par' dir='ltr' id='par_1_91' title="bbox 2148 4414 3722 4500">
     <span class='ocr_line' id='line_1_91' title="bbox 2148 4414 3722 4500; baseline -0.01 -18"><span class='ocrx_word' id='word_1_662' title='bbox 2148 4429 2390 4500; x_wconf 86' lang='grc' dir='ltr'>λέγηται·</span> <span class='ocrx_word' id='word_1_663' title='bbox 2417 4421 2574 4496; x_wconf 80' lang='grc' dir='ltr'>Εἷχες</span> <span class='ocrx_word' id='word_1_664' title='bbox 2610 4424 2792 4494; x_wconf 91' lang='grc' dir='ltr'>νόμον,</span> <span class='ocrx_word' id='word_1_665' title='bbox 2819 4414 3119 4493; x_wconf 78' lang='grc' dir='ltr'>προφήτας,</span> <span class='ocrx_word' id='word_1_666' title='bbox 3146 4415 3474 4487; x_wconf 79' lang='grc' dir='ltr'>εὐαγγελικά</span> <span class='ocrx_word' id='word_1_667' title='bbox 3501 4433 3722 4487; x_wconf 84' lang='grc' dir='ltr'>παραγ-</span> 
     </span>
    </p>
   </div>
   <div class='ocr_carea' id='block_1_92' title="bbox 491 4509 2031 4591">
    <p class='ocr_par' dir='ltr' id='par_1_92' title="bbox 491 4511 2031 4590">
     <span class='ocr_line' id='line_1_92' title="bbox 491 4511 2031 4590; baseline 0.005 -23"><span class='ocrx_word' id='word_1_668' title='bbox 491 4511 966 4569; x_wconf 82' lang='lat' dir='ltr'><strong>xeritzﬂabuisti</strong></span> <span class='ocrx_word' id='word_1_669' title='bbox 1027 4514 1238 4586; x_wconf 77' lang='lat' dir='ltr'><strong>legem,</strong></span> <span class='ocrx_word' id='word_1_670' title='bbox 1311 4520 1638 4588; x_wconf 84' lang='lat' dir='ltr'><strong>prophetas,</strong></span> <span class='ocrx_word' id='word_1_671' title='bbox 1699 4519 2031 4590; x_wconf 71' lang='lat' dir='ltr'><strong>evangelicae</strong></span> 
     </span>
    </p>
   </div>
   <div class='ocr_carea' id='block_1_93' title="bbox 2137 4509 3717 4591">
    <p class='ocr_par' dir='ltr' id='par_1_93' title="bbox 2147 4509 3717 4591">
     <span class='ocr_line' id='line_1_93' title="bbox 2147 4509 3717 4591; baseline -0.005 -17"><span class='ocrx_word' id='word_1_672' title='bbox 2147 4521 2410 4591; x_wconf 76' lang='grc' dir='ltr'>τέλματα.</span> <span class='ocrx_word' id='word_1_673' title='bbox 2453 4519 2674 4572; x_wconf 84' lang='grc' dir='ltr'>Πάντων</span> <span class='ocrx_word' id='word_1_674' title='bbox 2727 4517 2920 4587; x_wconf 79' lang='grc' dir='ltr'>ήκουες</span> <span class='ocrx_word' id='word_1_675' title='bbox 2957 4513 3092 4584; x_wconf 79' lang='grc' dir='ltr'>ὁμοῦ</span> <span class='ocrx_word' id='word_1_676' title='bbox 3142 4510 3389 4582; x_wconf 84' lang='grc' dir='ltr'>βοώντων</span> <span class='ocrx_word' id='word_1_677' title='bbox 3425 4511 3524 4580; x_wconf 75' lang='grc' dir='ltr'>μιᾷ</span> <span class='ocrx_word' id='word_1_678' title='bbox 3561 4509 3717 4581; x_wconf 68' lang='grc' dir='ltr'><strong>(ῥωνῇ</strong></span> 
     </span>
    </p>
   </div>
   <div class='ocr_carea' id='block_1_94' title="bbox 491 4604 2056 4681">
    <p class='ocr_par' dir='ltr' id='par_1_94' title="bbox 491 4604 2056 4681">
     <span class='ocr_line' id='line_1_94' title="bbox 491 4604 2056 4681; baseline 0.003 -22"><span class='ocrx_word' id='word_1_679' title='bbox 491 4605 903 4675; x_wconf 75' lang='grc' dir='ltr'>ριέεοεριίοιιεε.</span> <span class='ocrx_word' id='word_1_680' title='bbox 973 4604 1178 4663; x_wconf 85' lang='lat' dir='ltr'><strong>Omnes</strong></span> <span class='ocrx_word' id='word_1_681' title='bbox 1214 4608 1469 4664; x_wconf 87' lang='lat' dir='ltr'><strong>audivisti</strong></span> <span class='ocrx_word' id='word_1_682' title='bbox 1506 4609 1670 4664; x_wconf 90' lang='lat' dir='ltr'><strong>simul</strong></span> <span class='ocrx_word' id='word_1_683' title='bbox 1720 4611 2056 4681; x_wconf 74' lang='lat' dir='ltr'><strong>ingeminan-</strong></span> 
     </span>
    </p>
   </div>
   <div class='ocr_carea' id='block_1_95' title="bbox 495 4697 2050 4763">
    <p class='ocr_par' dir='ltr' id='par_1_95' title="bbox 495 4697 2050 4763">
     <span class='ocr_line' id='line_1_95' title="bbox 495 4697 2050 4763; baseline 0.005 -15"><span class='ocrx_word' id='word_1_684' title='bbox 495 4705 578 4750; x_wconf 90' lang='lat' dir='ltr'><strong>tes</strong></span> <span class='ocrx_word' id='word_1_685' title='bbox 631 4710 739 4749; x_wconf 90' lang='lat' dir='ltr'><strong>una</strong></span> <span class='ocrx_word' id='word_1_686' title='bbox 797 4709 931 4750; x_wconf 89' lang='lat' dir='ltr'><strong>voce</strong></span> <span class='ocrx_word' id='word_1_687' title='bbox 987 4697 1311 4752; x_wconf 85' lang='lat' dir='ltr'><strong>eharitatem</strong></span> <span class='ocrx_word' id='word_1_688' title='bbox 1369 4708 1423 4753; x_wconf 85' lang='lat' dir='ltr'><strong>et</strong></span> <span class='ocrx_word' id='word_1_689' title='bbox 1479 4699 1911 4763; x_wconf 89' lang='lat' dir='ltr'><strong>humanitatem,</strong></span> <span class='ocrx_word' id='word_1_690' title='bbox 1964 4701 2050 4756; x_wconf 90' lang='lat' dir='ltr'><strong>his</strong></span> 
     </span>
    </p>
   </div>
   <div class='ocr_carea' id='block_1_96' title="bbox 493 4786 2044 4870">
    <p class='ocr_par' dir='ltr' id='par_1_96' title="bbox 493 4786 2044 4860">
     <span class='ocr_line' id='line_1_96' title="bbox 493 4786 2044 4860; baseline 0.005 -20"><span class='ocrx_word' id='word_1_691' title='bbox 493 4786 715 4857; x_wconf 87' lang='lat' dir='ltr'><strong>quidem</strong></span> <span class='ocrx_word' id='word_1_692' title='bbox 747 4788 1132 4844; x_wconf 88' lang='lat' dir='ltr'><strong>monentibus:</strong></span> <span class='ocrx_word' id='word_1_693' title='bbox 1166 4788 1350 4845; x_wconf 85' lang='lat' dir='ltr'><strong>Fratri</strong></span> <span class='ocrx_word' id='word_1_694' title='bbox 1385 4803 1472 4845; x_wconf 88' lang='lat' dir='ltr'><strong>tuo</strong></span> <span class='ocrx_word' id='word_1_695' title='bbox 1510 4808 1610 4845; x_wconf 83' lang='lat' dir='ltr'><strong>non</strong></span> <span class='ocrx_word' id='word_1_696' title='bbox 1637 4791 2044 4860; x_wconf 74' lang='lat' dir='ltr'><strong>feneraberis“.</strong></span> 
     </span>
    </p>
   </div>
   <div class='ocr_carea' id='block_1_97' title="bbox 568 4948 1109 5016">
    <p class='ocr_par' dir='ltr' id='par_1_97' title="bbox 568 4948 1109 5016">
     <span class='ocr_line' id='line_1_97' title="bbox 568 4948 1109 5016; baseline 0.004 -14"><span class='ocrx_word' id='word_1_697' title='bbox 568 4949 613 4982; x_wconf 75' lang='lat'>“</span> <span class='ocrx_word' id='word_1_698' title='bbox 635 4948 793 5006; x_wconf 83' lang='lat' dir='ltr'><strong>Deut.</strong></span> <span class='ocrx_word' id='word_1_699' title='bbox 831 4965 990 5016; x_wconf 86' lang='lat' dir='ltr'><strong>xxm,</strong></span> <span class='ocrx_word' id='word_1_700' title='bbox 1025 4948 1109 5004; x_wconf 84' lang='lat' dir='ltr'><strong>ll.</strong></span> 
     </span>
    </p>
   </div>
   <div class='ocr_carea' id='block_1_98' title="bbox 566 5077 2215 5150">
    <p class='ocr_par' dir='ltr' id='par_1_98' title="bbox 566 5077 2215 5150">
     <span class='ocr_line' id='line_1_98' title="bbox 566 5077 2215 5150; baseline -0.004 -12"><span class='ocrx_word' id='word_1_701' title='bbox 566 5083 677 5150; x_wconf 78' lang='grc' dir='ltr'>(ιδ)</span> <span class='ocrx_word' id='word_1_702' title='bbox 713 5083 799 5136; x_wconf 76' lang='lat'><strong>02.</strong></span> <span class='ocrx_word' id='word_1_703' title='bbox 834 5081 911 5135; x_wconf 86' lang='lat' dir='ltr'><strong>lta</strong></span> <span class='ocrx_word' id='word_1_704' title='bbox 951 5081 1095 5135; x_wconf 80' lang='lat' dir='ltr'><strong>Mon.</strong></span> <span class='ocrx_word' id='word_1_705' title='bbox 1121 5081 1221 5137; x_wconf 88' lang='lat' dir='ltr'><strong>Ed.</strong></span> <span class='ocrx_word' id='word_1_706' title='bbox 1275 5083 1342 5136; x_wconf 81' lang='lat' dir='ltr'><strong>oi.</strong></span> <span class='ocrx_word' id='word_1_707' title='bbox 1382 5111 1453 5122; x_wconf 91' lang='lat'><strong>—-</strong></span> <span class='ocrx_word' id='word_1_708' title='bbox 1483 5081 1650 5147; x_wconf 85' lang='lat' dir='ltr'><strong>Infra,</strong></span> <span class='ocrx_word' id='word_1_709' title='bbox 1687 5080 1948 5138; x_wconf 91' lang='lat' dir='ltr'><strong>articulus</strong></span> <span class='ocrx_word' id='word_1_710' title='bbox 1990 5080 2061 5136; x_wconf 83' lang='grc' dir='ltr'><strong>τὰ</strong></span> <span class='ocrx_word' id='word_1_711' title='bbox 2155 5077 2215 5132; x_wconf 85' lang='grc' dir='ltr'><strong>τέ</strong></span> 
     </span>
    </p>
   </div>
   <div class='ocr_carea' id='block_1_99' title="bbox 495 5152 1639 5226">
    <p class='ocr_par' dir='ltr' id='par_1_99' title="bbox 495 5152 1639 5226">
     <span class='ocr_line' id='line_1_99' title="bbox 495 5152 1639 5226; baseline -0.003 -18"><span class='ocrx_word' id='word_1_712' title='bbox 495 5154 826 5226; x_wconf 56' lang='grc' dir='ltr'>ροει-πάντα</span> <span class='ocrx_word' id='word_1_713' title='bbox 846 5153 1023 5226; x_wconf 72' lang='lat' dir='ltr'><strong>eidem</strong></span> <span class='ocrx_word' id='word_1_714' title='bbox 1053 5152 1361 5226; x_wconf 67' lang='lat' dir='ltr'><strong>Lignacensi</strong></span> <span class='ocrx_word' id='word_1_715' title='bbox 1393 5153 1639 5208; x_wconf 88' lang='lat' dir='ltr'><strong>debetur.</strong></span> 
     </span>
    </p>
   </div>
   <div class='ocr_carea' id='block_1_100' title="bbox 569 5221 2059 5292">
    <p class='ocr_par' dir='ltr' id='par_1_100' title="bbox 569 5221 2059 5292">
     <span class='ocr_line' id='line_1_100' title="bbox 569 5221 2059 5292; baseline 0 -17"><span class='ocrx_word' id='word_1_716' title='bbox 569 5223 697 5292; x_wconf 4' lang='grc'>(47),</span> <span class='ocrx_word' id='word_1_717' title='bbox 742 5221 1058 5292; x_wconf 74' lang='grc' dir='ltr'>Στάλικᾳς.</span> <span class='ocrx_word' id='word_1_718' title='bbox 1113 5221 1376 5292; x_wconf 15' lang='lat' dir='ltr'><strong>Doricum,</strong></span> <span class='ocrx_word' id='word_1_719' title='bbox 1403 5237 1527 5277; x_wconf 77' lang='lat' dir='ltr'><strong>eSse</strong></span> <span class='ocrx_word' id='word_1_720' title='bbox 1569 5222 1752 5288; x_wconf 78' lang='grc' dir='ltr'>στάλιξ</span> <span class='ocrx_word' id='word_1_721' title='bbox 1785 5235 1884 5292; x_wconf 87' lang='lat' dir='ltr'><strong>pro</strong></span> <span class='ocrx_word' id='word_1_722' title='bbox 1929 5237 2059 5275; x_wconf 85' lang='grc' dir='ltr'>στα-</span> 
     </span>
    </p>
   </div>
   <div class='ocr_carea' id='block_1_101' title="bbox 498 5291 2056 5360">
    <p class='ocr_par' dir='ltr' id='par_1_101' title="bbox 498 5291 2056 5360">
     <span class='ocr_line' id='line_1_101' title="bbox 498 5291 2056 5360; baseline 0.003 -17"><span class='ocrx_word' id='word_1_723' title='bbox 498 5291 581 5356; x_wconf 75' lang='grc' dir='ltr'><strong>λίς</strong></span> <span class='ocrx_word' id='word_1_724' title='bbox 648 5291 917 5346; x_wconf 75' lang='lat' dir='ltr'><strong>afﬁrmant</strong></span> <span class='ocrx_word' id='word_1_725' title='bbox 961 5291 1178 5356; x_wconf 87' lang='lat' dir='ltr'><strong>Lexica,</strong></span> <span class='ocrx_word' id='word_1_726' title='bbox 1232 5291 1418 5347; x_wconf 86' lang='lat' dir='ltr'><strong>nescio</strong></span> <span class='ocrx_word' id='word_1_727' title='bbox 1470 5292 1668 5360; x_wconf 89' lang='lat' dir='ltr'><strong>quibus</strong></span> <span class='ocrx_word' id='word_1_728' title='bbox 1715 5291 2056 5347; x_wconf 84' lang='lat' dir='ltr'><strong>auctoribus.</strong></span> 
     </span>
    </p>
   </div>
   <div class='ocr_carea' id='block_1_102' title="bbox 500 5361 1640 5430">
    <p class='ocr_par' dir='ltr' id='par_1_102' title="bbox 500 5361 1640 5430">
     <span class='ocr_line' id='line_1_102' title="bbox 500 5361 1640 5430; baseline 0 -14"><span class='ocrx_word' id='word_1_729' title='bbox 500 5361 700 5416; x_wconf 78' lang='lat' dir='ltr'><strong>Noster</strong></span> <span class='ocrx_word' id='word_1_730' title='bbox 729 5371 873 5415; x_wconf 90' lang='lat' dir='ltr'><strong>certe</strong></span> <span class='ocrx_word' id='word_1_731' title='bbox 912 5361 1217 5416; x_wconf 84' lang='lat' dir='ltr'><strong>Dorismum</strong></span> <span class='ocrx_word' id='word_1_732' title='bbox 1252 5377 1359 5416; x_wconf 93' lang='lat' dir='ltr'><strong>non</strong></span> <span class='ocrx_word' id='word_1_733' title='bbox 1385 5372 1640 5430; x_wconf 88' lang='lat' dir='ltr'><strong>aucupat.</strong></span> 
     </span>
    </p>
   </div>
   <div class='ocr_carea' id='block_1_103' title="bbox 575 5431 2058 5502">
    <p class='ocr_par' dir='ltr' id='par_1_103' title="bbox 575 5431 2058 5502">
     <span class='ocr_line' id='line_1_103' title="bbox 575 5431 2058 5502; baseline 0.001 -16"><span class='ocrx_word' id='word_1_734' title='bbox 575 5431 686 5502; x_wconf 70' lang='grc'>(48)</span> <span class='ocrx_word' id='word_1_735' title='bbox 719 5433 791 5502; x_wconf 70' lang='grc' dir='ltr'><strong>’ρ</strong></span> <span class='ocrx_word' id='word_1_736' title='bbox 820 5431 1018 5502; x_wconf 80' lang='grc' dir='ltr'>πόσοι.</span> <span class='ocrx_word' id='word_1_737' title='bbox 1049 5431 1139 5502; x_wconf 76' lang='lat' dir='ltr'><strong>§ic</strong></span> <span class='ocrx_word' id='word_1_738' title='bbox 1177 5433 1373 5500; x_wconf 86' lang='lat' dir='ltr'><strong>scripsi</strong></span> <span class='ocrx_word' id='word_1_739' title='bbox 1409 5432 1606 5488; x_wconf 91' lang='lat' dir='ltr'><strong>ductus</strong></span> <span class='ocrx_word' id='word_1_740' title='bbox 1652 5448 1682 5486; x_wconf 92' lang='lat' dir='ltr'><strong>a</strong></span> <span class='ocrx_word' id='word_1_741' title='bbox 1717 5431 2058 5487; x_wconf 77' lang='lat' dir='ltr'><strong>Monacensis</strong></span> 
     </span>
    </p>
   </div>
   <div class='ocr_carea' id='block_1_104' title="bbox 505 5494 1390 5559">
    <p class='ocr_par' dir='ltr' id='par_1_104' title="bbox 505 5494 1390 5559">
     <span class='ocr_line' id='line_1_104' title="bbox 505 5494 1390 5559; baseline -0.005 0"><span class='ocrx_word' id='word_1_742' title='bbox 505 5494 736 5559; x_wconf 67' lang='lat' dir='ltr'><strong>lectione</strong></span> <span class='ocrx_word' id='word_1_743' title='bbox 757 5494 802 5554; x_wconf 80' lang='grc' dir='ltr'>ὦ</span> <span class='ocrx_word' id='word_1_744' title='bbox 833 5501 1007 5554; x_wconf 82' lang='grc' dir='ltr'>πόσοι.</span> <span class='ocrx_word' id='word_1_745' title='bbox 1048 5501 1147 5556; x_wconf 87' lang='lat' dir='ltr'><strong>Ed.</strong></span> <span class='ocrx_word' id='word_1_746' title='bbox 1184 5494 1390 5556; x_wconf 78' lang='grc' dir='ltr'>ὀπόσοι.</span> 
     </span>
    </p>
   </div>
   <div class='ocr_carea' id='block_1_105' title="bbox 578 5569 2054 5641">
    <p class='ocr_par' dir='ltr' id='par_1_105' title="bbox 578 5569 2054 5641">
     <span class='ocr_line' id='line_1_105' title="bbox 578 5569 2054 5641; baseline -0.001 -16"><span class='ocrx_word' id='word_1_747' title='bbox 578 5571 690 5641; x_wconf 72' lang='grc'>(49)</span> <span class='ocrx_word' id='word_1_748' title='bbox 737 5569 1192 5641; x_wconf 64' lang='grc' dir='ltr'>Ὀνειδιζόμενοι.</span> <span class='ocrx_word' id='word_1_749' title='bbox 1226 5572 1300 5626; x_wconf 87' lang='lat' dir='ltr'><strong>Ita</strong></span> <span class='ocrx_word' id='word_1_750' title='bbox 1328 5572 1469 5627; x_wconf 88' lang='lat' dir='ltr'><strong>Mon.</strong></span> <span class='ocrx_word' id='word_1_751' title='bbox 1506 5571 1604 5627; x_wconf 81' lang='lat' dir='ltr'><strong>Ed.</strong></span> <span class='ocrx_word' id='word_1_752' title='bbox 1653 5570 2054 5641; x_wconf 72' lang='grc' dir='ltr'>ὀνειδιζόμενος.</span> 
     </span>
    </p>
   </div>
   <div class='ocr_carea' id='block_1_106' title="bbox 579 5639 2058 5710">
    <p class='ocr_par' dir='ltr' id='par_1_106' title="bbox 579 5639 2058 5710">
     <span class='ocr_line' id='line_1_106' title="bbox 579 5639 2058 5710; baseline 0.001 -16"><span class='ocrx_word' id='word_1_753' title='bbox 579 5639 692 5710; x_wconf 85' lang='grc' dir='ltr'>(5υ)</span> <span class='ocrx_word' id='word_1_754' title='bbox 717 5639 891 5693; x_wconf 78' lang='grc' dir='ltr'><strong>Καὶ...</strong></span> <span class='ocrx_word' id='word_1_755' title='bbox 931 5639 1205 5698; x_wconf 52' lang='grc' dir='ltr'>θάνατον.</span> <span class='ocrx_word' id='word_1_756' title='bbox 1236 5644 1406 5699; x_wconf 82' lang='lat' dir='ltr'><strong>Verba</strong></span> <span class='ocrx_word' id='word_1_757' title='bbox 1432 5653 1557 5697; x_wconf 89' lang='lat' dir='ltr'><strong>sunt</strong></span> <span class='ocrx_word' id='word_1_758' title='bbox 1577 5645 1678 5697; x_wconf 90' lang='lat' dir='ltr'><strong>ista</strong></span> <span class='ocrx_word' id='word_1_759' title='bbox 1701 5639 2058 5695; x_wconf 79' lang='lat' dir='ltr'><strong>feneratorum</strong></span> 
     </span>
    </p>
   </div>
   <div class='ocr_carea' id='block_1_107' title="bbox 514 5710 2062 5781">
    <p class='ocr_par' dir='ltr' id='par_1_107' title="bbox 514 5710 2062 5781">
     <span class='ocr_line' id='line_1_107' title="bbox 514 5710 2062 5781; baseline -0.003 -13"><span class='ocrx_word' id='word_1_760' title='bbox 514 5727 634 5768; x_wconf 82' lang='lat' dir='ltr'><strong>sese</strong></span> <span class='ocrx_word' id='word_1_761' title='bbox 649 5710 1044 5765; x_wconf 79' lang='lat' dir='ltr'><strong>cxcusantium.</strong></span> <span class='ocrx_word' id='word_1_762' title='bbox 1075 5711 1250 5779; x_wconf 76' lang='lat' dir='ltr'><strong>Junge</strong></span> <span class='ocrx_word' id='word_1_763' title='bbox 1278 5715 1367 5768; x_wconf 75' lang='grc' dir='ltr'><strong>καὶ</strong></span> <span class='ocrx_word' id='word_1_764' title='bbox 1393 5729 1515 5769; x_wconf 88' lang='lat' dir='ltr'><strong>cum</strong></span> <span class='ocrx_word' id='word_1_765' title='bbox 1557 5713 1731 5767; x_wconf 76' lang='grc' dir='ltr'>τοῦτο.</span> <span class='ocrx_word' id='word_1_766' title='bbox 1766 5711 1872 5767; x_wconf 86' lang='lat' dir='ltr'><strong>Pro</strong></span> <span class='ocrx_word' id='word_1_767' title='bbox 1927 5714 2062 5781; x_wconf 77' lang='grc' dir='ltr'>ἠμε-</span> 
     </span>
    </p>
   </div>
   <div class='ocr_carea' id='block_1_108' title="bbox 2158 4601 3721 4683">
    <p class='ocr_par' dir='ltr' id='par_1_108' title="bbox 2158 4601 3721 4683">
     <span class='ocr_line' id='line_1_108' title="bbox 2158 4601 3721 4683; baseline -0.009 -18"><span class='ocrx_word' id='word_1_768' title='bbox 2158 4612 2255 4683; x_wconf 75' lang='grc' dir='ltr'>τὴν</span> <span class='ocrx_word' id='word_1_769' title='bbox 2284 4610 2524 4680; x_wconf 70' lang='grc' dir='ltr'>ἀγάπην,</span> <span class='ocrx_word' id='word_1_770' title='bbox 2558 4609 2656 4678; x_wconf 77' lang='grc' dir='ltr'><strong>τὴν</strong></span> <span class='ocrx_word' id='word_1_771' title='bbox 2690 4604 3114 4677; x_wconf 72' lang='grc' dir='ltr'>φιλανθρωπίανο</span> <span class='ocrx_word' id='word_1_772' title='bbox 3149 4601 3371 4654; x_wconf 80' lang='grc' dir='ltr'>καὶτῶν</span> <span class='ocrx_word' id='word_1_773' title='bbox 3406 4601 3504 4671; x_wconf 83' lang='grc' dir='ltr'><strong>μὲν</strong></span> <span class='ocrx_word' id='word_1_774' title='bbox 3533 4601 3721 4668; x_wconf 82' lang='grc' dir='ltr'>λεγόν-</span> 
     </span>
    </p>
   </div>
   <div class='ocr_carea' id='block_1_109' title="bbox 2157 4693 3721 4766">
    <p class='ocr_par' dir='ltr' id='par_1_109' title="bbox 2157 4693 3721 4766">
     <span class='ocr_line' id='line_1_109' title="bbox 2157 4693 3721 4766; baseline -0.01 -7"><span class='ocrx_word' id='word_1_775' title='bbox 2157 4722 2284 4759; x_wconf 76' lang='grc' dir='ltr'>τωψ</span> <span class='ocrx_word' id='word_1_776' title='bbox 2321 4705 2442 4757; x_wconf 83' lang='grc' dir='ltr'><strong>Οὐκ</strong></span> <span class='ocrx_word' id='word_1_777' title='bbox 2462 4699 2740 4764; x_wconf 76' lang='grc' dir='ltr'>ἐκτοκιεῒς</span> <span class='ocrx_word' id='word_1_778' title='bbox 2766 4696 2842 4763; x_wconf 87' lang='grc' dir='ltr'>τῷ</span> <span class='ocrx_word' id='word_1_779' title='bbox 2863 4695 3101 4766; x_wconf 64' lang='grc' dir='ltr'>ἀδελφῷ</span> <span class='ocrx_word' id='word_1_780' title='bbox 3124 4711 3238 4750; x_wconf 83' lang='grc' dir='ltr'><strong>σου</strong></span> <span class='ocrx_word' id='word_1_781' title='bbox 3256 4693 3386 4763; x_wconf 82' lang='grc'>(55)’</span> <span class='ocrx_word' id='word_1_782' title='bbox 3415 4693 3522 4746; x_wconf 85' lang='grc' dir='ltr'><strong>τῶν</strong></span> <span class='ocrx_word' id='word_1_783' title='bbox 3545 4693 3625 4757; x_wconf 85' lang='grc' dir='ltr'><strong>δὲ,</strong></span> <span class='ocrx_word' id='word_1_784' title='bbox 3649 4693 3721 4745; x_wconf 85' lang='grc' dir='ltr'><em>Τὸ</em></span> 
     </span>
    </p>
   </div>
   <div class='ocr_carea' id='block_1_110' title="bbox 2152 4781 3722 4864">
    <p class='ocr_par' dir='ltr' id='par_1_110' title="bbox 2152 4781 3722 4864">
     <span class='ocr_line' id='line_1_110' title="bbox 2152 4781 3722 4864; baseline -0.01 -16"><span class='ocrx_word' id='word_1_785' title='bbox 2152 4793 2433 4864; x_wconf 76' lang='grc' dir='ltr'>ἀργύριον</span> <span class='ocrx_word' id='word_1_786' title='bbox 2463 4793 2572 4847; x_wconf 81' lang='grc' dir='ltr'>οὐκ</span> <span class='ocrx_word' id='word_1_787' title='bbox 2601 4789 2821 4842; x_wconf 75' lang='grc' dir='ltr'>ἔδωκεν</span> <span class='ocrx_word' id='word_1_788' title='bbox 2847 4787 2944 4842; x_wconf 80' lang='grc' dir='ltr'><strong>ἐπὶ</strong></span> <span class='ocrx_word' id='word_1_789' title='bbox 2975 4786 3174 4840; x_wconf 80' lang='grc' dir='ltr'>τόκον·</span> <span class='ocrx_word' id='word_1_790' title='bbox 3204 4784 3399 4847; x_wconf 75' lang='grc' dir='ltr'>ἄλλων,</span> <span class='ocrx_word' id='word_1_791' title='bbox 3445 4782 3585 4836; x_wconf 76' lang='grc' dir='ltr'><strong>Ἐὰν</strong></span> <span class='ocrx_word' id='word_1_792' title='bbox 3617 4781 3722 4834; x_wconf 76' lang='grc' dir='ltr'>δα-</span> 
     </span>
    </p>
   </div>
   <div class='ocr_carea' id='block_1_111' title="bbox 2225 5077 3528 5153">
    <p class='ocr_par' dir='ltr' id='par_1_111' title="bbox 2225 5077 3528 5153">
     <span class='ocr_line' id='line_1_111' title="bbox 2225 5077 3528 5153; baseline 0 0"><span class='ocrx_word' id='word_1_793' title='bbox 2225 5096 2330 5153; x_wconf 63' lang='grc' dir='ltr'><strong>ρφγ</strong></span> <span class='ocrx_word' id='word_1_794' title='bbox 2358 5077 2500 5153; x_wconf 63' lang='grc' dir='ltr'>ιιιοη.</span> <span class='ocrx_word' id='word_1_795' title='bbox 2529 5077 2817 5153; x_wconf 44' lang='lat' dir='ltr'><strong>ﬁniat-=99“</strong></span> <span class='ocrx_word' id='word_1_796' title='bbox 3035 5145 3049 5153; x_wconf 89' lang='lat'><strong>.</strong></span> <span class='ocrx_word' id='word_1_797' title='bbox 3303 5144 3313 5153; x_wconf 93' lang='lat'><strong>.</strong></span> <span class='ocrx_word' id='word_1_798' title='bbox 3497 5143 3528 5153; x_wconf 89' lang='lat'><strong>..</strong></span> 
     </span>
    </p>
   </div>
   <div class='ocr_carea' id='block_1_112' title="bbox 2224 5144 3727 5220">
    <p class='ocr_par' dir='ltr' id='par_1_112' title="bbox 2224 5144 3727 5220">
     <span class='ocr_line' id='line_1_112' title="bbox 2224 5144 3727 5220; baseline -0.005 -17"><span class='ocrx_word' id='word_1_799' title='bbox 2224 5144 2334 5220; x_wconf 82' lang='grc'>(51)</span> <span class='ocrx_word' id='word_1_800' title='bbox 2370 5144 2676 5220; x_wconf 65' lang='lat' dir='ltr'><strong>&#39;Apa.&#39;Ed.</strong></span> <span class='ocrx_word' id='word_1_801' title='bbox 2709 5144 2858 5218; x_wconf 85' lang='grc' dir='ltr'>’ἄρα.</span> <span class='ocrx_word' id='word_1_802' title='bbox 2908 5145 3052 5220; x_wconf 77' lang='lat' dir='ltr'><strong>quod</strong></span> <span class='ocrx_word' id='word_1_803' title='bbox 3104 5144 3354 5220; x_wconf 82' lang='lat' dir='ltr'><strong>correxi;</strong></span> <span class='ocrx_word' id='word_1_804' title='bbox 3405 5144 3588 5199; x_wconf 87' lang='lat' dir='ltr'><strong>malim</strong></span> <span class='ocrx_word' id='word_1_805' title='bbox 3644 5152 3727 5197; x_wconf 83' lang='lat' dir='ltr'><strong>ta—</strong></span> 
     </span>
    </p>
   </div>
   <div class='ocr_carea' id='block_1_113' title="bbox 2158 5215 3461 5294">
    <p class='ocr_par' dir='ltr' id='par_1_113' title="bbox 2158 5215 3461 5294">
     <span class='ocr_line' id='line_1_113' title="bbox 2158 5215 3461 5294; baseline -0.007 -20"><span class='ocrx_word' id='word_1_806' title='bbox 2158 5215 2486 5294; x_wconf 52' lang='lat' dir='ltr'><strong>menjroiotq</strong></span> <span class='ocrx_word' id='word_1_807' title='bbox 2520 5219 2648 5288; x_wconf 85' lang='grc' dir='ltr'>ἀρα,</span> <span class='ocrx_word' id='word_1_808' title='bbox 2669 5215 3278 5294; x_wconf 68' lang='lat' dir='ltr'><strong>transpositisvocibus.</strong></span> <span class='ocrx_word' id='word_1_809' title='bbox 3331 5283 3344 5294; x_wconf 81' lang='lat'>_</span> <span class='ocrx_word' id='word_1_810' title='bbox 3369 5284 3402 5294; x_wconf 49' lang='grc' dir='ltr'>η</span> <span class='ocrx_word' id='word_1_811' title='bbox 3427 5283 3461 5294; x_wconf 49' lang='grc' dir='ltr'>η</span> 
     </span>
    </p>
   </div>
   <div class='ocr_carea' id='block_1_114' title="bbox 2231 5282 3721 5356">
    <p class='ocr_par' dir='ltr' id='par_1_114' title="bbox 2231 5282 3721 5356">
     <span class='ocr_line' id='line_1_114' title="bbox 2231 5282 3721 5356; baseline -0.003 -14"><span class='ocrx_word' id='word_1_812' title='bbox 2231 5288 2342 5354; x_wconf 71' lang='grc'>(52)</span> <span class='ocrx_word' id='word_1_813' title='bbox 2369 5288 2479 5341; x_wconf 77' lang='grc' dir='ltr'><em>Τὸν</em></span> <span class='ocrx_word' id='word_1_814' title='bbox 2510 5282 3244 5356; x_wconf 40' lang='grc' dir='ltr'>φονευθέντιιηΑιῖιιοιιιυειι</span> <span class='ocrx_word' id='word_1_815' title='bbox 3279 5283 3479 5356; x_wconf 64' lang='lat' dir='ltr'><strong>addidi</strong></span> <span class='ocrx_word' id='word_1_816' title='bbox 3504 5299 3536 5338; x_wconf 89' lang='lat' dir='ltr'><strong>e</strong></span> <span class='ocrx_word' id='word_1_817' title='bbox 3578 5282 3721 5336; x_wconf 70' lang='grc' dir='ltr'>Μιιιι.</span> 
     </span>
    </p>
   </div>
   <div class='ocr_carea' id='block_1_115' title="bbox 2227 5352 3716 5433">
    <p class='ocr_par' dir='ltr' id='par_1_115' title="bbox 2227 5352 3716 5433">
     <span class='ocr_line' id='line_1_115' title="bbox 2227 5352 3716 5433; baseline -0.007 -20"><span class='ocrx_word' id='word_1_818' title='bbox 2227 5352 2339 5429; x_wconf 80' lang='grc'>(55)</span> <span class='ocrx_word' id='word_1_819' title='bbox 2376 5359 2496 5411; x_wconf 81' lang='grc' dir='ltr'><strong>Οὐκ</strong></span> <span class='ocrx_word' id='word_1_820' title='bbox 2512 5352 2812 5433; x_wconf 56' lang='grc' dir='ltr'>’ἐκτοκέεῖς</span> <span class='ocrx_word' id='word_1_821' title='bbox 2853 5354 2933 5420; x_wconf 85' lang='grc' dir='ltr'>τῷ</span> <span class='ocrx_word' id='word_1_822' title='bbox 2981 5353 3220 5422; x_wconf 62' lang='grc' dir='ltr'>ἀδελφῷ</span> <span class='ocrx_word' id='word_1_823' title='bbox 3265 5368 3403 5433; x_wconf 56' lang='lat' dir='ltr'><strong>you:</strong></span> <span class='ocrx_word' id='word_1_824' title='bbox 3450 5352 3716 5433; x_wconf 60' lang='lat' dir='ltr'><strong>Denter-0:</strong></span> 
     </span>
    </p>
   </div>
   <div class='ocr_carea' id='block_1_116' title="bbox 2155 5422 3726 5495">
    <p class='ocr_par' dir='ltr' id='par_1_116' title="bbox 2155 5422 3726 5495">
     <span class='ocr_line' id='line_1_116' title="bbox 2155 5422 3726 5495; baseline -0.007 -11"><span class='ocrx_word' id='word_1_825' title='bbox 2155 5422 2332 5484; x_wconf 56' lang='lat' dir='ltr'><strong>noin.&#39;</strong></span> <span class='ocrx_word' id='word_1_826' title='bbox 2361 5441 2517 5490; x_wconf 69' lang='grc' dir='ltr'>χχιιι,</span> <span class='ocrx_word' id='word_1_827' title='bbox 2549 5426 2634 5480; x_wconf 85' lang='grc'><strong>19.</strong></span> <span class='ocrx_word' id='word_1_828' title='bbox 2689 5426 2820 5492; x_wconf 62' lang='lat' dir='ltr'><strong>Quae</strong></span> <span class='ocrx_word' id='word_1_829' title='bbox 2853 5435 3175 5495; x_wconf 87' lang='lat' dir='ltr'><strong>sequuntur,</strong></span> <span class='ocrx_word' id='word_1_830' title='bbox 3222 5422 3481 5495; x_wconf 84' lang='grc' dir='ltr'><strong>τῶνδὲ...</strong></span> <span class='ocrx_word' id='word_1_831' title='bbox 3507 5422 3726 5495; x_wconf 58' lang='grc' dir='ltr'>ἀδελφῷ</span> 
     </span>
    </p>
   </div>
   <div class='ocr_carea' id='block_1_117' title="bbox 2144 5492 3721 5567">
    <p class='ocr_par' dir='ltr' id='par_1_117' title="bbox 2144 5492 3721 5567">
     <span class='ocr_line' id='line_1_117' title="bbox 2144 5492 3721 5567; baseline -0.004 -16"><span class='ocrx_word' id='word_1_832' title='bbox 2144 5497 2564 5567; x_wconf 77' lang='lat' dir='ltr'><strong>.aou.supplevit</strong></span> <span class='ocrx_word' id='word_1_833' title='bbox 2589 5495 2839 5560; x_wconf 81' lang='lat' dir='ltr'><strong>Monac.;</strong></span> <span class='ocrx_word' id='word_1_834' title='bbox 2885 5492 3206 5567; x_wconf 59' lang='lat' dir='ltr'><strong>exciderant</strong></span> <span class='ocrx_word' id='word_1_835' title='bbox 3238 5494 3457 5567; x_wconf 83' lang='lat' dir='ltr'><strong>quidem</strong></span> <span class='ocrx_word' id='word_1_836' title='bbox 3505 5494 3560 5546; x_wconf 92' lang='lat' dir='ltr'><strong>in</strong></span> <span class='ocrx_word' id='word_1_837' title='bbox 3595 5492 3721 5567; x_wconf 60' lang='lat' dir='ltr'><strong>Ed.,</strong></span> 
     </span>
    </p>
   </div>
   <div class='ocr_carea' id='block_1_118' title="bbox 2144 5561 3721 5632">
    <p class='ocr_par' dir='ltr' id='par_1_118' title="bbox 2144 5561 3721 5632">
     <span class='ocr_line' id='line_1_118' title="bbox 2144 5561 3721 5632; baseline -0.008 -8"><span class='ocrx_word' id='word_1_838' title='bbox 2144 5570 2254 5624; x_wconf 86' lang='lat' dir='ltr'><strong>&#39;sed</strong></span> <span class='ocrx_word' id='word_1_839' title='bbox 2290 5561 2581 5623; x_wconf 63' lang='lat' dir='ltr'><strong>Grciserus</strong></span> <span class='ocrx_word' id='word_1_840' title='bbox 2610 5575 2869 5621; x_wconf 87' lang='lat' dir='ltr'><strong>verterat.</strong></span> <span class='ocrx_word' id='word_1_841' title='bbox 2905 5564 3099 5627; x_wconf 87' lang='lat' dir='ltr'><strong>Verba,</strong></span> <span class='ocrx_word' id='word_1_842' title='bbox 3149 5564 3222 5616; x_wconf 80' lang='grc' dir='ltr'><strong>Τὸ</strong></span> <span class='ocrx_word' id='word_1_843' title='bbox 3258 5561 3721 5632; x_wconf 21' lang='grc' dir='ltr'>ίάργύριον..ε,τό-</span> 
     </span>
    </p>
   </div>
   <div class='ocr_carea' id='block_1_119' title="bbox 2163 5630 3724 5760">
    <p class='ocr_par' dir='ltr' id='par_1_119' title="bbox 2163 5630 3724 5760">
     <span class='ocr_line' id='line_1_119' title="bbox 2163 5630 3724 5760; baseline -0.004 -68"><span class='ocrx_word' id='word_1_844' title='bbox 2163 5656 2276 5699; x_wconf 86' lang='grc' dir='ltr'>κον,</span> <span class='ocrx_word' id='word_1_845' title='bbox 2310 5647 2449 5760; x_wconf 69' lang='lat' dir='ltr'><strong>sunt2</strong></span> <span class='ocrx_word' id='word_1_846' title='bbox 2467 5635 2667 5693; x_wconf 79' lang='lat' dir='ltr'><strong>Psalm.</strong></span> <span class='ocrx_word' id='word_1_847' title='bbox 2700 5653 2811 5704; x_wconf 72' lang='lat' dir='ltr'><strong>XIV,</strong></span> <span class='ocrx_word' id='word_1_848' title='bbox 2845 5637 2913 5704; x_wconf 80' lang='lat'><strong>5;</strong></span> <span class='ocrx_word' id='word_1_849' title='bbox 2955 5635 3148 5690; x_wconf 69' lang='grc' dir='ltr'><strong>Ἐὰν...</strong></span> <span class='ocrx_word' id='word_1_850' title='bbox 3186 5630 3548 5701; x_wconf 72' lang='grc' dir='ltr'>κατεπείγων,</span> <span class='ocrx_word' id='word_1_851' title='bbox 3579 5630 3724 5686; x_wconf 83' lang='lat' dir='ltr'><strong>Exo-</strong></span> 
     </span>
     <span class='ocr_line' id='line_1_120' title="bbox 2163 5707 2504 5760; baseline 0 0"><span class='ocrx_word' id='word_1_852' title='bbox 2163 5710 2216 5760; x_wconf 86' lang='lat' dir='ltr'><strong>di</strong></span> <span class='ocrx_word' id='word_1_853' title='bbox 2255 5722 2386 5760; x_wconf 80' lang='lat' dir='ltr'><strong>xxtl.</strong></span> <span class='ocrx_word' id='word_1_854' title='bbox 2453 5707 2504 5760; x_wconf 81' lang='grc'><strong>5.</strong></span> 
     </span>
    </p>
   </div>
   <div class='ocr_carea' id='block_1_120' title="bbox 2163 5707 2504 5773">
    <p class='ocr_par' dir='ltr' id='par_1_120' title="bbox 2163 5707 2504 5773">
     <span class='ocr_line' id='line_1_121' title="bbox 2163 5707 2504 5773; baseline -0.012 -9"><span class='ocrx_word' id='word_1_855' title='bbox 2163 5710 2216 5764; x_wconf 89' lang='lat' dir='ltr'><strong>di</strong></span> <span class='ocrx_word' id='word_1_856' title='bbox 2255 5722 2386 5773; x_wconf 68' lang='grc' dir='ltr'>χχιι,</span> <span class='ocrx_word' id='word_1_857' title='bbox 2414 5707 2504 5760; x_wconf 70' lang='grc'><strong>25.</strong></span> 
     </span>
    </p>
   </div>
  </div>
