  <div class='ocr_page' id='page_1' title='image "/cluster/home/n/w/nwhite01/storage/ocr_20150623/46/hvd.32044014713994/230.png"; bbox 0 0 3844 6440; ppageno 0'>
   <div class='ocr_carea' id='block_1_1' title="bbox 119 298 2084 360">
    <p class='ocr_par' dir='ltr' id='par_1_1' title="bbox 119 298 2084 360">
     <span class='ocr_line' id='line_1_1' title="bbox 119 298 2084 360; baseline -0.003 0"><span class='ocrx_word' id='word_1_1' title='bbox 119 304 203 360; x_wconf 64' lang='grc'><strong><em>449</em></strong></span> <span class='ocrx_word' id='word_1_2' title='bbox 1363 300 1641 360; x_wconf 74' lang='lat' dir='ltr'><strong><em>CONTRA</em></strong></span> <span class='ocrx_word' id='word_1_3' title='bbox 1672 298 2084 358; x_wconf 79' lang='lat' dir='ltr'><strong><em>USURARIOS.</em></strong></span> 
     </span>
    </p>
   </div>
   <div class='ocr_carea' id='block_1_2' title="bbox 3235 301 3340 357">
    <p class='ocr_par' dir='ltr' id='par_1_2' title="bbox 3235 301 3340 357">
     <span class='ocr_line' id='line_1_2' title="bbox 3235 301 3340 357; baseline -0.029 0"><span class='ocrx_word' id='word_1_4' title='bbox 3235 301 3340 357; x_wconf 76' lang='grc'><strong><em>450</em></strong></span> 
     </span>
    </p>
   </div>
   <div class='ocr_carea' id='block_1_3' title="bbox 119 409 1683 485">
    <p class='ocr_par' dir='ltr' id='par_1_3' title="bbox 119 412 1678 485">
     <span class='ocr_line' id='line_1_3' title="bbox 119 412 1678 485; baseline -0.003 -11"><span class='ocrx_word' id='word_1_5' title='bbox 119 420 312 485; x_wconf 57' lang='lat' dir='ltr'><strong><em>refernt;</em></strong></span> <span class='ocrx_word' id='word_1_6' title='bbox 355 413 436 481; x_wconf 81' lang='grc' dir='ltr'>τῷ</span> <span class='ocrx_word' id='word_1_7' title='bbox 462 412 703 482; x_wconf 72' lang='grc' dir='ltr'>ἀδελφῷ</span> <span class='ocrx_word' id='word_1_8' title='bbox 727 429 870 481; x_wconf 85' lang='grc' dir='ltr'>σου,</span> <span class='ocrx_word' id='word_1_9' title='bbox 904 415 1014 469; x_wconf 82' lang='grc' dir='ltr'>οὐκ</span> <span class='ocrx_word' id='word_1_10' title='bbox 1044 413 1160 484; x_wconf 77' lang='grc' dir='ltr'><strong><em>ἔσῃ</em></strong></span> <span class='ocrx_word' id='word_1_11' title='bbox 1197 414 1385 468; x_wconf 74' lang='grc' dir='ltr'>αὐτὸν</span> <span class='ocrx_word' id='word_1_12' title='bbox 1410 416 1678 469; x_wconf 60' lang='lat' dir='ltr'><strong><em>natans!-</em></strong></span> 
     </span>
    </p>
   </div>
   <div class='ocr_carea' id='block_1_4' title="bbox 1791 409 3424 485">
    <p class='ocr_par' dir='ltr' id='par_1_4' title="bbox 1791 409 3424 470">
     <span class='ocr_line' id='line_1_4' title="bbox 1791 409 3424 470; baseline -0.001 -4"><span class='ocrx_word' id='word_1_13' title='bbox 1791 415 1915 470; x_wconf 63' lang='lat' dir='ltr'><strong><em>Aliis</em></strong></span> <span class='ocrx_word' id='word_1_14' title='bbox 1935 428 2067 468; x_wconf 83' lang='lat' dir='ltr'><strong><em>vero</em></strong></span> <span class='ocrx_word' id='word_1_15' title='bbox 2093 429 2105 466; x_wconf 92' lang='lat'><strong>:</strong></span> <span class='ocrx_word' id='word_1_16' title='bbox 2143 411 2425 466; x_wconf 78' lang='lat' dir='ltr'><strong><em>Pecuniam</em></strong></span> <span class='ocrx_word' id='word_1_17' title='bbox 2449 427 2599 465; x_wconf 82' lang='lat' dir='ltr'><strong><em>suam</em></strong></span> <span class='ocrx_word' id='word_1_18' title='bbox 2631 428 2731 464; x_wconf 89' lang='lat' dir='ltr'><strong><em>non</em></strong></span> <span class='ocrx_word' id='word_1_19' title='bbox 2761 409 2904 466; x_wconf 85' lang='lat' dir='ltr'><strong><em>dedit</em></strong></span> <span class='ocrx_word' id='word_1_20' title='bbox 2931 412 3000 465; x_wconf 84' lang='lat' dir='ltr'><strong><em>ad</em></strong></span> <span class='ocrx_word' id='word_1_21' title='bbox 3032 429 3251 469; x_wconf 80' lang='lat' dir='ltr'><strong><em>usuram</em></strong></span> <span class='ocrx_word' id='word_1_22' title='bbox 3271 419 3334 465; x_wconf 70' lang='grc' dir='ltr'><strong><em>ιι.</em></strong></span> <span class='ocrx_word' id='word_1_23' title='bbox 3420 413 3424 416; x_wconf 82' lang='grc'><em>’</em></span> 
     </span>
    </p>
   </div>
   <div class='ocr_carea' id='block_1_5' title="bbox 119 505 1676 580">
    <p class='ocr_par' dir='ltr' id='par_1_5' title="bbox 119 505 1676 580">
     <span class='ocr_line' id='line_1_5' title="bbox 119 505 1676 580; baseline -0.001 -20"><span class='ocrx_word' id='word_1_24' title='bbox 119 525 237 580; x_wconf 77' lang='grc' dir='ltr'>των.</span> <span class='ocrx_word' id='word_1_25' title='bbox 277 507 558 572; x_wconf 84' lang='grc' dir='ltr'>Ματθαῖος</span> <span class='ocrx_word' id='word_1_26' title='bbox 599 510 657 562; x_wconf 83' lang='grc' dir='ltr'>δὲ</span> <span class='ocrx_word' id='word_1_27' title='bbox 709 512 766 564; x_wconf 92' lang='grc' dir='ltr'><strong><em>ἐν</em></strong></span> <span class='ocrx_word' id='word_1_28' title='bbox 810 505 1146 579; x_wconf 76' lang='grc' dir='ltr'>παραϐολαῖς</span> <span class='ocrx_word' id='word_1_29' title='bbox 1185 505 1414 575; x_wconf 73' lang='grc' dir='ltr'>ἔκραξεν</span> <span class='ocrx_word' id='word_1_30' title='bbox 1471 506 1676 574; x_wconf 80' lang='grc' dir='ltr'>λέγων,</span> 
     </span>
    </p>
   </div>
   <div class='ocr_carea' id='block_1_6' title="bbox 118 595 1683 668">
    <p class='ocr_par' dir='ltr' id='par_1_6' title="bbox 118 595 1683 668">
     <span class='ocr_line' id='line_1_6' title="bbox 118 595 1683 668; baseline -0.003 -14"><span class='ocrx_word' id='word_1_31' title='bbox 118 600 428 654; x_wconf 77' lang='grc' dir='ltr'>Δεσποτικὺν</span> <span class='ocrx_word' id='word_1_32' title='bbox 443 598 597 668; x_wconf 80' lang='grc' dir='ltr'>λόγον</span> <span class='ocrx_word' id='word_1_33' title='bbox 616 598 992 667; x_wconf 79' lang='grc' dir='ltr'><strong><em>ἀπαγγέλλων·</em></strong></span> <span class='ocrx_word' id='word_1_34' title='bbox 1009 597 1195 651; x_wconf 81' lang='grc' dir='ltr'><strong><em>Δοῦλε</em></strong></span> <span class='ocrx_word' id='word_1_35' title='bbox 1216 595 1456 666; x_wconf 81' lang='grc' dir='ltr'>πονηρὲ,</span> <span class='ocrx_word' id='word_1_36' title='bbox 1479 597 1683 652; x_wconf 79' lang='grc' dir='ltr'>πᾶσαν</span> 
     </span>
    </p>
   </div>
   <div class='ocr_carea' id='block_1_7' title="bbox 120 684 1681 755">
    <p class='ocr_par' dir='ltr' id='par_1_7' title="bbox 120 684 1681 755">
     <span class='ocr_line' id='line_1_7' title="bbox 120 684 1681 755; baseline -0.001 -15"><span class='ocrx_word' id='word_1_37' title='bbox 120 689 212 753; x_wconf 72' lang='grc' dir='ltr'><strong><em>τὴν</em></strong></span> <span class='ocrx_word' id='word_1_38' title='bbox 250 686 509 755; x_wconf 62' lang='grc' dir='ltr'>ὀφειλὴν</span> <span class='ocrx_word' id='word_1_39' title='bbox 536 687 777 755; x_wconf 75' lang='grc' dir='ltr'>ἐκείνην·</span> <span class='ocrx_word' id='word_1_40' title='bbox 802 684 1010 755; x_wconf 66' lang='grc' dir='ltr'>ἀφῆκά</span> <span class='ocrx_word' id='word_1_41' title='bbox 1040 700 1159 747; x_wconf 86' lang='grc' dir='ltr'>σοι,</span> <span class='ocrx_word' id='word_1_42' title='bbox 1198 685 1325 738; x_wconf 76' lang='grc' dir='ltr'>ἐπεὶ</span> <span class='ocrx_word' id='word_1_43' title='bbox 1355 685 1681 752; x_wconf 79' lang='grc' dir='ltr'>παρεκάλε-</span> 
     </span>
    </p>
   </div>
   <div class='ocr_carea' id='block_1_8' title="bbox 119 775 1683 847">
    <p class='ocr_par' dir='ltr' id='par_1_8' title="bbox 119 775 1683 847">
     <span class='ocr_line' id='line_1_8' title="bbox 119 775 1683 847; baseline 0.001 -17"><span class='ocrx_word' id='word_1_44' title='bbox 119 776 216 842; x_wconf 79' lang='grc' dir='ltr'><strong><em>σάς</em></strong></span> <span class='ocrx_word' id='word_1_45' title='bbox 236 795 338 847; x_wconf 83' lang='grc' dir='ltr'><strong><em>με.</em></strong></span> <span class='ocrx_word' id='word_1_46' title='bbox 367 780 492 831; x_wconf 82' lang='grc' dir='ltr'><strong><em>Οὐκ</em></strong></span> <span class='ocrx_word' id='word_1_47' title='bbox 531 777 652 832; x_wconf 79' lang='grc' dir='ltr'>ἔδει</span> <span class='ocrx_word' id='word_1_48' title='bbox 690 777 789 830; x_wconf 82' lang='grc' dir='ltr'><strong><em>καί</em></strong></span> <span class='ocrx_word' id='word_1_49' title='bbox 818 776 894 830; x_wconf 83' lang='grc' dir='ltr'>σὲ</span> <span class='ocrx_word' id='word_1_50' title='bbox 928 775 1181 845; x_wconf 81' lang='grc' dir='ltr'>ἐλεῆσαι</span> <span class='ocrx_word' id='word_1_51' title='bbox 1209 775 1316 830; x_wconf 77' lang='grc' dir='ltr'>τόν</span> <span class='ocrx_word' id='word_1_52' title='bbox 1341 776 1683 831; x_wconf 78' lang='grc' dir='ltr'><strong><em>σύνδουλόν</em></strong></span> 
     </span>
    </p>
   </div>
   <div class='ocr_carea' id='block_1_9' title="bbox 118 865 1683 936">
    <p class='ocr_par' dir='ltr' id='par_1_9' title="bbox 118 865 1683 936">
     <span class='ocr_line' id='line_1_9' title="bbox 118 865 1683 936; baseline -0.001 -17"><span class='ocrx_word' id='word_1_53' title='bbox 118 885 245 929; x_wconf 77' lang='grc' dir='ltr'>σου,</span> <span class='ocrx_word' id='word_1_54' title='bbox 289 868 374 934; x_wconf 86' lang='grc' dir='ltr'><strong><em>ὡς</em></strong></span> <span class='ocrx_word' id='word_1_55' title='bbox 409 867 507 921; x_wconf 81' lang='grc' dir='ltr'><strong><em>καὶ</em></strong></span> <span class='ocrx_word' id='word_1_56' title='bbox 553 867 665 936; x_wconf 60' lang='grc' dir='ltr'>ἐγώ</span> <span class='ocrx_word' id='word_1_57' title='bbox 699 881 772 921; x_wconf 87' lang='grc' dir='ltr'><strong><em>σε</em></strong></span> <span class='ocrx_word' id='word_1_58' title='bbox 823 865 1090 934; x_wconf 70' lang='grc' dir='ltr'>ἠλέησας</span> <span class='ocrx_word' id='word_1_59' title='bbox 1131 865 1240 919; x_wconf 79' lang='grc' dir='ltr'><strong><em>Καὶ</em></strong></span> <span class='ocrx_word' id='word_1_60' title='bbox 1297 865 1588 935; x_wconf 74' lang='grc' dir='ltr'>ὀργισθεὶς</span> <span class='ocrx_word' id='word_1_61' title='bbox 1651 869 1683 918; x_wconf 91' lang='grc' dir='ltr'><strong><em>ό</em></strong></span> 
     </span>
    </p>
   </div>
   <div class='ocr_carea' id='block_1_10' title="bbox 116 955 1683 1026">
    <p class='ocr_par' dir='ltr' id='par_1_10' title="bbox 116 955 1683 1026">
     <span class='ocr_line' id='line_1_10' title="bbox 116 955 1683 1026; baseline -0.003 -14"><span class='ocrx_word' id='word_1_62' title='bbox 116 961 307 1026; x_wconf 73' lang='grc' dir='ltr'>Κὺριος</span> <span class='ocrx_word' id='word_1_63' title='bbox 339 957 687 1025; x_wconf 75' lang='grc' dir='ltr'>παρέδωκεν</span> <span class='ocrx_word' id='word_1_64' title='bbox 725 960 914 1012; x_wconf 75' lang='grc' dir='ltr'>αὐτὸν</span> <span class='ocrx_word' id='word_1_65' title='bbox 950 958 1074 1024; x_wconf 81' lang='grc' dir='ltr'>τοῖς</span> <span class='ocrx_word' id='word_1_66' title='bbox 1099 957 1536 1022; x_wconf 79' lang='grc' dir='ltr'>βασανισταῖς,</span> <span class='ocrx_word' id='word_1_67' title='bbox 1572 955 1683 1022; x_wconf 83' lang='grc' dir='ltr'>ἕως</span> 
     </span>
    </p>
   </div>
   <div class='ocr_carea' id='block_1_11' title="bbox 116 1045 1684 1119">
    <p class='ocr_par' dir='ltr' id='par_1_11' title="bbox 116 1045 1684 1119">
     <span class='ocr_line' id='line_1_11' title="bbox 116 1045 1684 1119; baseline -0.001 -17"><span class='ocrx_word' id='word_1_68' title='bbox 116 1045 174 1104; x_wconf 77' lang='grc' dir='ltr'>οὗ</span> <span class='ocrx_word' id='word_1_69' title='bbox 205 1048 416 1114; x_wconf 79' lang='grc' dir='ltr'>ἀποδῷ</span> <span class='ocrx_word' id='word_1_70' title='bbox 453 1047 577 1104; x_wconf 82' lang='grc' dir='ltr'><strong><em>πᾶν</em></strong></span> <span class='ocrx_word' id='word_1_71' title='bbox 613 1049 680 1103; x_wconf 79' lang='grc' dir='ltr'>τὸ</span> <span class='ocrx_word' id='word_1_72' title='bbox 706 1050 1101 1119; x_wconf 66' lang='grc' dir='ltr'>ὀφειλόμενον</span> <span class='ocrx_word' id='word_1_73' title='bbox 1120 1048 1299 1113; x_wconf 82' lang='grc' dir='ltr'>αὐτῷ.</span> <span class='ocrx_word' id='word_1_74' title='bbox 1332 1049 1465 1101; x_wconf 86' lang='grc' dir='ltr'><strong>Τότε</strong></span> <span class='ocrx_word' id='word_1_75' title='bbox 1497 1066 1555 1101; x_wconf 89' lang='grc' dir='ltr'><strong><em>σε</em></strong></span> <span class='ocrx_word' id='word_1_76' title='bbox 1586 1066 1684 1100; x_wconf 86' lang='grc' dir='ltr'>κα-</span> 
     </span>
    </p>
   </div>
   <div class='ocr_carea' id='block_1_12' title="bbox 121 1126 1681 1213">
    <p class='ocr_par' dir='ltr' id='par_1_12' title="bbox 121 1126 1681 1213">
     <span class='ocr_line' id='line_1_12' title="bbox 121 1126 1681 1213; baseline -0.001 -19"><span class='ocrx_word' id='word_1_77' title='bbox 121 1141 396 1213; x_wconf 71' lang='grc' dir='ltr'>ταλήψεται</span> <span class='ocrx_word' id='word_1_78' title='bbox 423 1143 458 1213; x_wconf 76' lang='grc' dir='ltr'><strong>ἠ</strong></span> <span class='ocrx_word' id='word_1_79' title='bbox 482 1141 739 1213; x_wconf 79' lang='grc' dir='ltr'>ἀνόνητος</span> <span class='ocrx_word' id='word_1_80' title='bbox 767 1141 876 1211; x_wconf 65' lang='grc'>(54)</span> <span class='ocrx_word' id='word_1_81' title='bbox 905 1140 1234 1212; x_wconf 84' lang='grc' dir='ltr'>μεταμέλεια</span> <span class='ocrx_word' id='word_1_82' title='bbox 1259 1157 1272 1172; x_wconf 91' lang='grc'><strong>·</strong></span> <span class='ocrx_word' id='word_1_83' title='bbox 1306 1126 1597 1211; x_wconf 65' lang='grc' dir='ltr'>στεναγμοὶ</span> <span class='ocrx_word' id='word_1_84' title='bbox 1624 1141 1681 1194; x_wconf 81' lang='grc' dir='ltr'>δὲ</span> 
     </span>
    </p>
   </div>
   <div class='ocr_carea' id='block_1_13' title="bbox 119 1232 1684 1304">
    <p class='ocr_par' dir='ltr' id='par_1_13' title="bbox 119 1232 1684 1304">
     <span class='ocr_line' id='line_1_13' title="bbox 119 1232 1684 1304; baseline -0.002 -17"><span class='ocrx_word' id='word_1_85' title='bbox 119 1233 513 1303; x_wconf 71' lang='grc' dir='ltr'>καταλήψονται</span> <span class='ocrx_word' id='word_1_86' title='bbox 547 1233 756 1304; x_wconf 85' lang='grc' dir='ltr'>βαρεῖς,</span> <span class='ocrx_word' id='word_1_87' title='bbox 786 1233 880 1286; x_wconf 81' lang='grc' dir='ltr'>καὶ</span> <span class='ocrx_word' id='word_1_88' title='bbox 908 1232 1129 1296; x_wconf 89' lang='grc' dir='ltr'>κόλασις</span> <span class='ocrx_word' id='word_1_89' title='bbox 1158 1232 1548 1303; x_wconf 84' lang='grc' dir='ltr'>ἀπαραίτητος.</span> <span class='ocrx_word' id='word_1_90' title='bbox 1581 1233 1684 1285; x_wconf 80' lang='grc' dir='ltr'><strong><em>Οὑ-</em></strong></span> 
     </span>
    </p>
   </div>
   <div class='ocr_carea' id='block_1_14' title="bbox 116 1322 1679 1396">
    <p class='ocr_par' dir='ltr' id='par_1_14' title="bbox 116 1322 1679 1396">
     <span class='ocr_line' id='line_1_14' title="bbox 116 1322 1679 1396; baseline 0 -18"><span class='ocrx_word' id='word_1_91' title='bbox 116 1325 266 1395; x_wconf 71' lang='grc' dir='ltr'>διμοῦ</span> <span class='ocrx_word' id='word_1_92' title='bbox 321 1325 381 1378; x_wconf 84' lang='grc' dir='ltr'>δὲ</span> <span class='ocrx_word' id='word_1_93' title='bbox 413 1324 615 1396; x_wconf 86' lang='grc' dir='ltr'>χρυσὸς</span> <span class='ocrx_word' id='word_1_94' title='bbox 660 1324 890 1394; x_wconf 76' lang='grc' dir='ltr'>βοηθῶν,</span> <span class='ocrx_word' id='word_1_95' title='bbox 932 1324 1032 1376; x_wconf 79' lang='grc' dir='ltr'>οὐκ</span> <span class='ocrx_word' id='word_1_96' title='bbox 1081 1322 1320 1394; x_wconf 82' lang='grc' dir='ltr'>ἄργυρος</span> <span class='ocrx_word' id='word_1_97' title='bbox 1366 1322 1679 1394; x_wconf 82' lang='grc' dir='ltr'>ἐπαμύνων.</span> 
     </span>
    </p>
   </div>
   <div class='ocr_carea' id='block_1_15' title="bbox 117 1413 1679 1485">
    <p class='ocr_par' dir='ltr' id='par_1_15' title="bbox 117 1413 1679 1485">
     <span class='ocr_line' id='line_1_15' title="bbox 117 1413 1679 1485; baseline -0.001 -18"><span class='ocrx_word' id='word_1_98' title='bbox 117 1414 414 1485; x_wconf 81' lang='grc' dir='ltr'>Πικροτὲρα</span> <span class='ocrx_word' id='word_1_99' title='bbox 436 1414 492 1467; x_wconf 86' lang='grc' dir='ltr'><strong><em>δέ</em></strong></span> <span class='ocrx_word' id='word_1_100' title='bbox 522 1414 682 1485; x_wconf 85' lang='grc' dir='ltr'>χολῆς</span> <span class='ocrx_word' id='word_1_101' title='bbox 710 1415 742 1484; x_wconf 83' lang='grc' dir='ltr'>ὴ</span> <span class='ocrx_word' id='word_1_102' title='bbox 776 1413 884 1465; x_wconf 85' lang='grc' dir='ltr'>τῶν</span> <span class='ocrx_word' id='word_1_103' title='bbox 905 1413 1081 1467; x_wconf 89' lang='grc' dir='ltr'>τόκων</span> <span class='ocrx_word' id='word_1_104' title='bbox 1107 1413 1375 1475; x_wconf 86' lang='grc' dir='ltr'>ἀνάδοσις.</span> <span class='ocrx_word' id='word_1_105' title='bbox 1409 1413 1592 1466; x_wconf 84' lang='grc' dir='ltr'>Ταῦτα</span> <span class='ocrx_word' id='word_1_106' title='bbox 1619 1415 1679 1466; x_wconf 74' lang='grc' dir='ltr'>οὐ</span> 
     </span>
    </p>
   </div>
   <div class='ocr_carea' id='block_1_16' title="bbox 116 1503 1682 1576">
    <p class='ocr_par' dir='ltr' id='par_1_16' title="bbox 116 1503 1682 1576">
     <span class='ocr_line' id='line_1_16' title="bbox 116 1503 1682 1576; baseline -0.001 -18"><span class='ocrx_word' id='word_1_107' title='bbox 116 1507 325 1576; x_wconf 76' lang='grc' dir='ltr'>ῥήματα</span> <span class='ocrx_word' id='word_1_108' title='bbox 352 1503 624 1573; x_wconf 76' lang='grc' dir='ltr'>φοϐοῦντα</span> <span class='ocrx_word' id='word_1_109' title='bbox 647 1543 662 1567; x_wconf 91' lang='grc'><strong><em>,</em></strong></span> <span class='ocrx_word' id='word_1_110' title='bbox 693 1504 828 1557; x_wconf 81' lang='grc' dir='ltr'>ἀλλὰ</span> <span class='ocrx_word' id='word_1_111' title='bbox 862 1504 1163 1574; x_wconf 83' lang='grc' dir='ltr'>πράγματα</span> <span class='ocrx_word' id='word_1_112' title='bbox 1191 1503 1364 1574; x_wconf 82' lang='grc' dir='ltr'><strong><em>ἀληθῆ</em></strong></span> <span class='ocrx_word' id='word_1_113' title='bbox 1389 1544 1405 1568; x_wconf 97' lang='grc'><strong><em>,</em></strong></span> <span class='ocrx_word' id='word_1_114' title='bbox 1449 1505 1554 1576; x_wconf 85' lang='grc' dir='ltr'>πρὸ</span> <span class='ocrx_word' id='word_1_115' title='bbox 1582 1505 1682 1574; x_wconf 79' lang='grc' dir='ltr'>τῆς</span> 
     </span>
    </p>
   </div>
   <div class='ocr_carea' id='block_1_17' title="bbox 114 1594 1681 1668">
    <p class='ocr_par' dir='ltr' id='par_1_17' title="bbox 114 1594 1681 1668">
     <span class='ocr_line' id='line_1_17' title="bbox 114 1594 1681 1668; baseline -0.001 -19"><span class='ocrx_word' id='word_1_116' title='bbox 114 1597 296 1668; x_wconf 79' lang='grc' dir='ltr'>πείρας</span> <span class='ocrx_word' id='word_1_117' title='bbox 327 1596 390 1648; x_wconf 73' lang='grc' dir='ltr'>τὸ</span> <span class='ocrx_word' id='word_1_118' title='bbox 430 1598 713 1667; x_wconf 82' lang='grc' dir='ltr'><strong><em>κριτήριον</em></strong></span> <span class='ocrx_word' id='word_1_119' title='bbox 739 1594 1234 1666; x_wconf 84' lang='grc' dir='ltr'>διαμαρτυρόμενα,</span> <span class='ocrx_word' id='word_1_120' title='bbox 1275 1594 1312 1648; x_wconf 78' lang='grc' dir='ltr'>ἃ.</span> <span class='ocrx_word' id='word_1_121' title='bbox 1343 1595 1681 1664; x_wconf 81' lang='grc' dir='ltr'>φυλάξασθαι</span> 
     </span>
    </p>
   </div>
   <div class='ocr_carea' id='block_1_18' title="bbox 115 1679 1679 1761">
    <p class='ocr_par' dir='ltr' id='par_1_18' title="bbox 115 1679 1679 1761">
     <span class='ocr_line' id='line_1_18' title="bbox 115 1679 1679 1761; baseline -0.001 -15"><span class='ocrx_word' id='word_1_122' title='bbox 115 1689 178 1761; x_wconf 86' lang='grc' dir='ltr'>τῷ</span> <span class='ocrx_word' id='word_1_123' title='bbox 205 1688 580 1760; x_wconf 74' lang='grc' dir='ltr'><strong><em>σωφρονοῦντι</em></strong></span> <span class='ocrx_word' id='word_1_124' title='bbox 603 1687 786 1755; x_wconf 79' lang='grc' dir='ltr'>καλὸν,</span> <span class='ocrx_word' id='word_1_125' title='bbox 811 1688 902 1741; x_wconf 73' lang='grc' dir='ltr'>καὶ</span> <span class='ocrx_word' id='word_1_126' title='bbox 925 1679 969 1756; x_wconf 81' lang='grc' dir='ltr'>ᾧ</span> <span class='ocrx_word' id='word_1_127' title='bbox 995 1685 1089 1741; x_wconf 86' lang='grc' dir='ltr'><strong><em>τοῦ</em></strong></span> <span class='ocrx_word' id='word_1_128' title='bbox 1122 1686 1406 1760; x_wconf 81' lang='grc' dir='ltr'>μέλλοντος</span> <span class='ocrx_word' id='word_1_129' title='bbox 1431 1689 1679 1760; x_wconf 86' lang='grc' dir='ltr'>πρόνοια.</span> 
     </span>
    </p>
   </div>
   <div class='ocr_carea' id='block_1_19' title="bbox 172 1971 1678 2047">
    <p class='ocr_par' dir='ltr' id='par_1_19' title="bbox 172 1971 1678 2047">
     <span class='ocr_line' id='line_1_19' title="bbox 172 1971 1678 2047; baseline -0.002 -16"><span class='ocrx_word' id='word_1_130' title='bbox 172 1977 291 2032; x_wconf 83' lang='grc' dir='ltr'>ἰνα</span> <span class='ocrx_word' id='word_1_131' title='bbox 319 1976 378 2030; x_wconf 86' lang='grc' dir='ltr'><strong><em>δέ</em></strong></span> <span class='ocrx_word' id='word_1_132' title='bbox 410 1973 612 2046; x_wconf 79' lang='grc' dir='ltr'>μεταξῦ</span> <span class='ocrx_word' id='word_1_133' title='bbox 637 1973 745 2028; x_wconf 85' lang='grc' dir='ltr'><strong><em>τῶν</em></strong></span> <span class='ocrx_word' id='word_1_134' title='bbox 771 1973 865 2028; x_wconf 90' lang='grc' dir='ltr'><strong><em>τοῦ</em></strong></span> <span class='ocrx_word' id='word_1_135' title='bbox 901 1971 1037 2028; x_wconf 88' lang='grc' dir='ltr'>Θεοῦ</span> <span class='ocrx_word' id='word_1_136' title='bbox 1069 1972 1351 2044; x_wconf 88' lang='grc' dir='ltr'>κριμάτων</span> <span class='ocrx_word' id='word_1_137' title='bbox 1374 1973 1465 2027; x_wconf 89' lang='grc' dir='ltr'><strong><em>καί</em></strong></span> <span class='ocrx_word' id='word_1_138' title='bbox 1483 1991 1534 2026; x_wconf 85' lang='grc' dir='ltr'><strong><em>τι</em></strong></span> <span class='ocrx_word' id='word_1_139' title='bbox 1563 1972 1678 2047; x_wconf 80' lang='lat'><strong>(55)</strong></span> 
     </span>
    </p>
   </div>
   <div class='ocr_carea' id='block_1_20' title="bbox 111 2065 1671 2137">
    <p class='ocr_par' dir='ltr' id='par_1_20' title="bbox 111 2065 1671 2137">
     <span class='ocr_line' id='line_1_20' title="bbox 111 2065 1671 2137; baseline -0.003 -13"><span class='ocrx_word' id='word_1_140' title='bbox 111 2069 205 2124; x_wconf 82' lang='grc' dir='ltr'>τῶν</span> <span class='ocrx_word' id='word_1_141' title='bbox 219 2070 280 2122; x_wconf 89' lang='grc' dir='ltr'><strong><em>ἐν</em></strong></span> <span class='ocrx_word' id='word_1_142' title='bbox 309 2070 425 2132; x_wconf 80' lang='grc' dir='ltr'>τοῖς</span> <span class='ocrx_word' id='word_1_143' title='bbox 451 2066 572 2121; x_wconf 88' lang='grc' dir='ltr'>καθ’</span> <span class='ocrx_word' id='word_1_144' title='bbox 589 2067 735 2137; x_wconf 78' lang='grc' dir='ltr'>ἡμᾶς</span> <span class='ocrx_word' id='word_1_145' title='bbox 756 2065 970 2137; x_wconf 83' lang='grc' dir='ltr'>χρόνοις</span> <span class='ocrx_word' id='word_1_146' title='bbox 994 2065 1314 2136; x_wconf 79' lang='grc' dir='ltr'>συμϐάντων</span> <span class='ocrx_word' id='word_1_147' title='bbox 1345 2066 1403 2118; x_wconf 94' lang='grc' dir='ltr'><strong><em>ἐν</em></strong></span> <span class='ocrx_word' id='word_1_148' title='bbox 1424 2065 1572 2137; x_wconf 73' lang='grc' dir='ltr'>οἰκίᾳ</span> <span class='ocrx_word' id='word_1_149' title='bbox 1591 2083 1671 2119; x_wconf 89' lang='grc' dir='ltr'>το-</span> 
     </span>
    </p>
   </div>
   <div class='ocr_carea' id='block_1_21' title="bbox 109 2155 1676 2229">
    <p class='ocr_par' dir='ltr' id='par_1_21' title="bbox 109 2155 1676 2229">
     <span class='ocr_line' id='line_1_21' title="bbox 109 2155 1676 2229; baseline -0.003 -15"><span class='ocrx_word' id='word_1_150' title='bbox 109 2159 376 2229; x_wconf 72' lang='grc' dir='ltr'>κογλύφον</span> <span class='ocrx_word' id='word_1_151' title='bbox 401 2158 800 2228; x_wconf 75' lang='grc' dir='ltr'><strong><em>διηγησάμενος</em></strong></span> <span class='ocrx_word' id='word_1_152' title='bbox 821 2155 1090 2226; x_wconf 81' lang='grc' dir='ltr'><strong><em>ὠφελήσω</em></strong></span> <span class='ocrx_word' id='word_1_153' title='bbox 1110 2174 1163 2210; x_wconf 91' lang='grc' dir='ltr'><strong><em>τι</em></strong></span> <span class='ocrx_word' id='word_1_154' title='bbox 1193 2159 1320 2220; x_wconf 83' lang='grc' dir='ltr'>τοὺς</span> <span class='ocrx_word' id='word_1_155' title='bbox 1346 2156 1644 2221; x_wconf 82' lang='grc' dir='ltr'>ἀκούοντας</span> <span class='ocrx_word' id='word_1_156' title='bbox 1661 2199 1676 2222; x_wconf 92' lang='grc'><strong><em>,</em></strong></span> 
     </span>
    </p>
   </div>
   <div class='ocr_carea' id='block_1_22' title="bbox 108 2247 1680 2320">
    <p class='ocr_par' dir='ltr' id='par_1_22' title="bbox 108 2247 1680 2320">
     <span class='ocr_line' id='line_1_22' title="bbox 108 2247 1680 2320; baseline -0.001 -14"><span class='ocrx_word' id='word_1_157' title='bbox 108 2251 374 2306; x_wconf 76' lang='grc' dir='ltr'>ἀκούσατε</span> <span class='ocrx_word' id='word_1_158' title='bbox 406 2247 501 2302; x_wconf 86' lang='grc' dir='ltr'><strong><em>τοῦ</em></strong></span> <span class='ocrx_word' id='word_1_159' title='bbox 525 2247 707 2317; x_wconf 84' lang='grc' dir='ltr'>λόγου,</span> <span class='ocrx_word' id='word_1_160' title='bbox 740 2247 835 2300; x_wconf 72' lang='grc' dir='ltr'><strong><em>καὶ</em></strong></span> <span class='ocrx_word' id='word_1_161' title='bbox 859 2247 998 2319; x_wconf 84' lang='grc' dir='ltr'>τάχα</span> <span class='ocrx_word' id='word_1_162' title='bbox 1017 2249 1068 2302; x_wconf 82' lang='lat' dir='ltr'><strong><em>oi</em></strong></span> <span class='ocrx_word' id='word_1_163' title='bbox 1101 2247 1283 2301; x_wconf 76' lang='grc' dir='ltr'>πολλοὶ</span> <span class='ocrx_word' id='word_1_164' title='bbox 1301 2247 1398 2320; x_wconf 75' lang='grc' dir='ltr'>τὴν</span> <span class='ocrx_word' id='word_1_165' title='bbox 1426 2249 1680 2304; x_wconf 85' lang='grc' dir='ltr'>ὑπόθεσιν</span> 
     </span>
    </p>
   </div>
   <div class='ocr_carea' id='block_1_23' title="bbox 108 2338 910 2413">
    <p class='ocr_par' dir='ltr' id='par_1_23' title="bbox 108 2338 910 2413">
     <span class='ocr_line' id='line_1_23' title="bbox 108 2338 910 2413; baseline 0.001 -19"><span class='ocrx_word' id='word_1_166' title='bbox 108 2345 176 2408; x_wconf 79' lang='grc' dir='ltr'>ὡς</span> <span class='ocrx_word' id='word_1_167' title='bbox 206 2340 492 2413; x_wconf 77' lang='grc' dir='ltr'>γνώριμον</span> <span class='ocrx_word' id='word_1_168' title='bbox 521 2338 910 2410; x_wconf 78' lang='grc' dir='ltr'><strong><em>ἐπιγνώσεσθε.</em></strong></span> 
     </span>
    </p>
   </div>
   <div class='ocr_carea' id='block_1_24' title="bbox 180 2555 1682 2634">
    <p class='ocr_par' dir='ltr' id='par_1_24' title="bbox 180 2555 1682 2634">
     <span class='ocr_line' id='line_1_24' title="bbox 180 2555 1682 2634; baseline -0.001 -16"><span class='ocrx_word' id='word_1_169' title='bbox 180 2564 353 2634; x_wconf 83' lang='grc' dir='ltr'>’Δνήρ</span> <span class='ocrx_word' id='word_1_170' title='bbox 383 2579 468 2626; x_wconf 89' lang='grc' dir='ltr'><strong><em>τις</em></strong></span> <span class='ocrx_word' id='word_1_171' title='bbox 512 2555 582 2633; x_wconf 83' lang='grc' dir='ltr'>ἦν</span> <span class='ocrx_word' id='word_1_172' title='bbox 624 2559 716 2613; x_wconf 81' lang='grc' dir='ltr'>ἐπὶ</span> <span class='ocrx_word' id='word_1_173' title='bbox 745 2559 902 2631; x_wconf 83' lang='grc' dir='ltr'>τῆσδε</span> <span class='ocrx_word' id='word_1_174' title='bbox 930 2559 1032 2630; x_wconf 85' lang='grc' dir='ltr'>τῆς</span> <span class='ocrx_word' id='word_1_175' title='bbox 1062 2559 1268 2624; x_wconf 84' lang='grc' dir='ltr'>πόλεως</span> <span class='ocrx_word' id='word_1_176' title='bbox 1314 2560 1452 2628; x_wconf 85' lang='grc' dir='ltr'>(οὐκ</span> <span class='ocrx_word' id='word_1_177' title='bbox 1486 2561 1597 2634; x_wconf 84' lang='grc' dir='ltr'>ἐρῶ</span> <span class='ocrx_word' id='word_1_178' title='bbox 1624 2563 1682 2616; x_wconf 79' lang='grc' dir='ltr'>δὲ</span> 
     </span>
    </p>
   </div>
   <div class='ocr_carea' id='block_1_25' title="bbox 107 2652 1681 2726">
    <p class='ocr_par' dir='ltr' id='par_1_25' title="bbox 107 2652 1681 2726">
     <span class='ocr_line' id='line_1_25' title="bbox 107 2652 1681 2726; baseline -0.003 -14"><span class='ocrx_word' id='word_1_179' title='bbox 107 2657 346 2726; x_wconf 75' lang='grc' dir='ltr'>τοῦνομα</span> <span class='ocrx_word' id='word_1_180' title='bbox 367 2694 385 2721; x_wconf 87' lang='grc'><strong><em>,</em></strong></span> <span class='ocrx_word' id='word_1_181' title='bbox 415 2653 698 2725; x_wconf 84' lang='grc' dir='ltr'><strong><em>κωμῳδεῖν</em></strong></span> <span class='ocrx_word' id='word_1_182' title='bbox 738 2653 999 2723; x_wconf 77' lang='grc' dir='ltr'>ὀνομαστὶ</span> <span class='ocrx_word' id='word_1_183' title='bbox 1027 2652 1117 2705; x_wconf 85' lang='grc' dir='ltr'>τὸν</span> <span class='ocrx_word' id='word_1_184' title='bbox 1141 2652 1540 2724; x_wconf 83' lang='grc' dir='ltr'>τελευτήσαντα</span> <span class='ocrx_word' id='word_1_185' title='bbox 1581 2672 1681 2723; x_wconf 88' lang='grc' dir='ltr'>φυ-</span> 
     </span>
    </p>
   </div>
   <div class='ocr_carea' id='block_1_26' title="bbox 103 2743 1681 2820">
    <p class='ocr_par' dir='ltr' id='par_1_26' title="bbox 103 2743 1681 2820">
     <span class='ocr_line' id='line_1_26' title="bbox 103 2743 1681 2820; baseline -0.001 -18"><span class='ocrx_word' id='word_1_186' title='bbox 103 2747 488 2820; x_wconf 79' lang='grc' dir='ltr'>λαττόμενος),</span> <span class='ocrx_word' id='word_1_187' title='bbox 522 2745 714 2816; x_wconf 83' lang='grc' dir='ltr'>τέχνην</span> <span class='ocrx_word' id='word_1_188' title='bbox 737 2743 875 2814; x_wconf 73' lang='grc' dir='ltr'>ἔχων</span> <span class='ocrx_word' id='word_1_189' title='bbox 900 2745 969 2797; x_wconf 79' lang='grc' dir='ltr'>τὰ</span> <span class='ocrx_word' id='word_1_190' title='bbox 996 2744 1343 2814; x_wconf 80' lang='grc' dir='ltr'><strong><em>δανείσματα,</em></strong></span> <span class='ocrx_word' id='word_1_191' title='bbox 1372 2746 1465 2798; x_wconf 75' lang='grc' dir='ltr'>καὶ</span> <span class='ocrx_word' id='word_1_192' title='bbox 1494 2745 1590 2817; x_wconf 84' lang='grc' dir='ltr'>τὴν</span> <span class='ocrx_word' id='word_1_193' title='bbox 1616 2749 1681 2800; x_wconf 91' lang='grc' dir='ltr'><strong><em>ἐκ</em></strong></span> 
     </span>
    </p>
   </div>
   <div class='ocr_carea' id='block_1_27' title="bbox 107 2836 1680 2911">
    <p class='ocr_par' dir='ltr' id='par_1_27' title="bbox 107 2836 1680 2911">
     <span class='ocr_line' id='line_1_27' title="bbox 107 2836 1680 2911; baseline -0.003 -15"><span class='ocrx_word' id='word_1_194' title='bbox 107 2842 207 2896; x_wconf 81' lang='grc' dir='ltr'>τῶν</span> <span class='ocrx_word' id='word_1_195' title='bbox 242 2839 469 2911; x_wconf 83' lang='grc' dir='ltr'>μιαρῶν</span> <span class='ocrx_word' id='word_1_196' title='bbox 514 2838 692 2891; x_wconf 86' lang='grc' dir='ltr'>τόκων</span> <span class='ocrx_word' id='word_1_197' title='bbox 729 2837 1088 2908; x_wconf 85' lang='grc' dir='ltr'>ἐπικαρπίαν.</span> <span class='ocrx_word' id='word_1_198' title='bbox 1130 2836 1220 2906; x_wconf 86' lang='grc' dir='ltr'>Τῷ</span> <span class='ocrx_word' id='word_1_199' title='bbox 1253 2836 1414 2890; x_wconf 85' lang='grc' dir='ltr'>πάθει</span> <span class='ocrx_word' id='word_1_200' title='bbox 1455 2837 1512 2890; x_wconf 86' lang='grc' dir='ltr'>δὲ</span> <span class='ocrx_word' id='word_1_201' title='bbox 1553 2855 1680 2891; x_wconf 86' lang='grc' dir='ltr'>συν-</span> 
     </span>
    </p>
   </div>
   <div class='ocr_carea' id='block_1_28' title="bbox 104 2925 1680 3006">
    <p class='ocr_par' dir='ltr' id='par_1_28' title="bbox 104 2925 1680 3006">
     <span class='ocr_line' id='line_1_28' title="bbox 104 2925 1680 3006; baseline -0.004 -18"><span class='ocrx_word' id='word_1_202' title='bbox 104 2935 367 3006; x_wconf 81' lang='grc' dir='ltr'>εχόμενος</span> <span class='ocrx_word' id='word_1_203' title='bbox 393 2932 493 3003; x_wconf 83' lang='grc' dir='ltr'>τῆς</span> <span class='ocrx_word' id='word_1_204' title='bbox 523 2929 904 3000; x_wconf 83' lang='grc' dir='ltr'>φιλαργυρίας,</span> <span class='ocrx_word' id='word_1_205' title='bbox 931 2928 1185 2997; x_wconf 83' lang='grc' dir='ltr'>φειδωλὸς</span> <span class='ocrx_word' id='word_1_206' title='bbox 1203 2925 1269 3000; x_wconf 82' lang='grc' dir='ltr'>ἦν</span> <span class='ocrx_word' id='word_1_207' title='bbox 1307 2929 1402 2982; x_wconf 75' lang='grc' dir='ltr'><strong><em>καὶ</em></strong></span> <span class='ocrx_word' id='word_1_208' title='bbox 1435 2931 1562 3002; x_wconf 75' lang='grc' dir='ltr'>περὶ</span> <span class='ocrx_word' id='word_1_209' title='bbox 1585 2930 1680 3000; x_wconf 82' lang='grc' dir='ltr'>τὴν</span> 
     </span>
    </p>
   </div>
   <div class='ocr_carea' id='block_1_29' title="bbox 109 3021 1677 3096">
    <p class='ocr_par' dir='ltr' id='par_1_29' title="bbox 109 3021 1677 3096">
     <span class='ocr_line' id='line_1_29' title="bbox 109 3021 1677 3096; baseline -0.004 -16"><span class='ocrx_word' id='word_1_210' title='bbox 109 3029 237 3082; x_wconf 85' lang='grc' dir='ltr'>ίδίαν</span> <span class='ocrx_word' id='word_1_211' title='bbox 257 3025 516 3096; x_wconf 80' lang='grc' dir='ltr'><strong><em>δαπάνην</em></strong></span> <span class='ocrx_word' id='word_1_212' title='bbox 550 3022 816 3094; x_wconf 87' lang='grc' dir='ltr'>(τοιοῦτοι</span> <span class='ocrx_word' id='word_1_213' title='bbox 851 3022 962 3093; x_wconf 83' lang='grc'>(56)</span> <span class='ocrx_word' id='word_1_214' title='bbox 985 3022 1096 3093; x_wconf 83' lang='grc' dir='ltr'><strong><em>γὰρ</em></strong></span> <span class='ocrx_word' id='word_1_215' title='bbox 1124 3023 1173 3075; x_wconf 82' lang='grc' dir='ltr'>οἱ</span> <span class='ocrx_word' id='word_1_216' title='bbox 1201 3021 1588 3094; x_wconf 86' lang='grc' dir='ltr'>φιλάργυροι),</span> <span class='ocrx_word' id='word_1_217' title='bbox 1617 3022 1677 3074; x_wconf 86' lang='grc' dir='ltr'>οὺ</span> 
     </span>
    </p>
   </div>
   <div class='ocr_carea' id='block_1_30' title="bbox 1781 502 3340 576">
    <p class='ocr_par' dir='ltr' id='par_1_30' title="bbox 1781 502 3340 576">
     <span class='ocr_line' id='line_1_30' title="bbox 1781 502 3340 576; baseline 0.001 -17"><span class='ocrx_word' id='word_1_218' title='bbox 1781 505 1918 560; x_wconf 86' lang='lat' dir='ltr'><strong>Aliis</strong></span> <span class='ocrx_word' id='word_1_219' title='bbox 1952 523 1966 559; x_wconf 87' lang='lat'><strong>:</strong></span> <span class='ocrx_word' id='word_1_220' title='bbox 2001 505 2062 559; x_wconf 87' lang='lat' dir='ltr'><strong><em>Si</em></strong></span> <span class='ocrx_word' id='word_1_221' title='bbox 2100 513 2339 556; x_wconf 85' lang='lat' dir='ltr'><strong><em>mutuum</em></strong></span> <span class='ocrx_word' id='word_1_222' title='bbox 2371 502 2573 555; x_wconf 82' lang='lat' dir='ltr'><strong><em>dederis</em></strong></span> <span class='ocrx_word' id='word_1_223' title='bbox 2623 503 2782 572; x_wconf 74' lang='lat' dir='ltr'><strong><em>fratri</em></strong></span> <span class='ocrx_word' id='word_1_224' title='bbox 2828 515 2917 558; x_wconf 82' lang='lat' dir='ltr'><strong><em>tuo</em></strong></span> <span class='ocrx_word' id='word_1_225' title='bbox 2941 545 2956 569; x_wconf 91' lang='lat'><strong><em>,</em></strong></span> <span class='ocrx_word' id='word_1_226' title='bbox 2993 522 3095 558; x_wconf 79' lang='lat' dir='ltr'><strong><em>non</em></strong></span> <span class='ocrx_word' id='word_1_227' title='bbox 3135 508 3340 576; x_wconf 79' lang='lat' dir='ltr'><strong><em>urgebis</em></strong></span> 
     </span>
    </p>
   </div>
   <div class='ocr_carea' id='block_1_31' title="bbox 1782 593 3341 662">
    <p class='ocr_par' dir='ltr' id='par_1_31' title="bbox 1782 593 3341 662">
     <span class='ocr_line' id='line_1_31' title="bbox 1782 593 3341 662; baseline 0.004 -16"><span class='ocrx_word' id='word_1_228' title='bbox 1782 593 1934 646; x_wconf 81' lang='lat' dir='ltr'><strong><em>illum</em></strong></span> <span class='ocrx_word' id='word_1_229' title='bbox 1957 595 2020 645; x_wconf 72' lang='grc' dir='ltr'>η.</span> <span class='ocrx_word' id='word_1_230' title='bbox 2053 593 2122 647; x_wconf 87' lang='lat' dir='ltr'><strong><em>At</em></strong></span> <span class='ocrx_word' id='word_1_231' title='bbox 2153 593 2442 647; x_wconf 66' lang='lat' dir='ltr'><strong><em>Matthaaus</em></strong></span> <span class='ocrx_word' id='word_1_232' title='bbox 2471 593 2524 646; x_wconf 90' lang='lat' dir='ltr'><strong><em>in</em></strong></span> <span class='ocrx_word' id='word_1_233' title='bbox 2577 595 2853 662; x_wconf 81' lang='lat' dir='ltr'><strong><em>parabolis</em></strong></span> <span class='ocrx_word' id='word_1_234' title='bbox 2896 597 3170 660; x_wconf 87' lang='lat' dir='ltr'><strong><em>clamans,</em></strong></span> <span class='ocrx_word' id='word_1_235' title='bbox 3231 597 3341 653; x_wconf 83' lang='lat' dir='ltr'><strong><em>Do-</em></strong></span> 
     </span>
    </p>
   </div>
   <div class='ocr_carea' id='block_1_32' title="bbox 1781 685 3338 762">
    <p class='ocr_par' dir='ltr' id='par_1_32' title="bbox 1781 685 3338 762">
     <span class='ocr_line' id='line_1_32' title="bbox 1781 685 3338 762; baseline 0.005 -24"><span class='ocrx_word' id='word_1_236' title='bbox 1781 685 2026 753; x_wconf 88' lang='lat' dir='ltr'><strong><em>minique</em></strong></span> <span class='ocrx_word' id='word_1_237' title='bbox 2055 685 2366 738; x_wconf 90' lang='lat' dir='ltr'><strong><em>mandatum</em></strong></span> <span class='ocrx_word' id='word_1_238' title='bbox 2393 687 2740 751; x_wconf 78' lang='lat' dir='ltr'><strong><em>annuntians,</em></strong></span> <span class='ocrx_word' id='word_1_239' title='bbox 2773 689 2881 743; x_wconf 88' lang='lat' dir='ltr'><strong><em>ait:</em></strong></span> <span class='ocrx_word' id='word_1_240' title='bbox 2911 689 3066 746; x_wconf 81' lang='lat' dir='ltr'><strong><em>Serve</em></strong></span> <span class='ocrx_word' id='word_1_241' title='bbox 3096 709 3338 762; x_wconf 86' lang='lat' dir='ltr'><strong><em>nequam,</em></strong></span> 
     </span>
    </p>
   </div>
   <div class='ocr_carea' id='block_1_33' title="bbox 1786 774 3343 848">
    <p class='ocr_par' dir='ltr' id='par_1_33' title="bbox 1786 774 3343 848">
     <span class='ocr_line' id='line_1_33' title="bbox 1786 774 3343 848; baseline 0.006 -20"><span class='ocrx_word' id='word_1_242' title='bbox 1786 791 1937 828; x_wconf 89' lang='lat' dir='ltr'><strong><em>omne</em></strong></span> <span class='ocrx_word' id='word_1_243' title='bbox 1974 775 2205 829; x_wconf 86' lang='lat' dir='ltr'><strong><em>debitum</em></strong></span> <span class='ocrx_word' id='word_1_244' title='bbox 2237 774 2330 827; x_wconf 86' lang='lat' dir='ltr'><strong><em>tibi</em></strong></span> <span class='ocrx_word' id='word_1_245' title='bbox 2363 777 2576 839; x_wconf 80' lang='lat' dir='ltr'><strong><em>remisi,</em></strong></span> <span class='ocrx_word' id='word_1_246' title='bbox 2624 778 2744 845; x_wconf 85' lang='lat' dir='ltr'><strong><em>quia</em></strong></span> <span class='ocrx_word' id='word_1_247' title='bbox 2776 783 2973 848; x_wconf 76' lang='lat' dir='ltr'><strong><em>rogasti</em></strong></span> <span class='ocrx_word' id='word_1_248' title='bbox 3019 798 3100 835; x_wconf 86' lang='lat' dir='ltr'><strong><em>me</em></strong></span> <span class='ocrx_word' id='word_1_249' title='bbox 3127 797 3143 833; x_wconf 93' lang='lat'><strong><em>:</em></strong></span> <span class='ocrx_word' id='word_1_250' title='bbox 3175 800 3343 837; x_wconf 85' lang='lat' dir='ltr'><strong><em>nonne</em></strong></span> 
     </span>
    </p>
   </div>
   <div class='ocr_carea' id='block_1_34' title="bbox 1784 867 3342 943">
    <p class='ocr_par' dir='ltr' id='par_1_34' title="bbox 1784 867 3342 943">
     <span class='ocr_line' id='line_1_34' title="bbox 1784 867 3342 943; baseline 0.005 -24"><span class='ocrx_word' id='word_1_251' title='bbox 1784 867 2052 933; x_wconf 74' lang='lat' dir='ltr'><strong><em>oportebat</em></strong></span> <span class='ocrx_word' id='word_1_252' title='bbox 2099 876 2146 919; x_wconf 89' lang='lat' dir='ltr'><strong><em>et</em></strong></span> <span class='ocrx_word' id='word_1_253' title='bbox 2182 876 2228 919; x_wconf 80' lang='lat' dir='ltr'><strong><em>te</em></strong></span> <span class='ocrx_word' id='word_1_254' title='bbox 2277 867 2509 919; x_wconf 81' lang='lat' dir='ltr'><strong><em>misereri</em></strong></span> <span class='ocrx_word' id='word_1_255' title='bbox 2543 869 2774 921; x_wconf 80' lang='lat' dir='ltr'><strong><em>conservi</em></strong></span> <span class='ocrx_word' id='word_1_256' title='bbox 2820 873 2925 931; x_wconf 86' lang='lat' dir='ltr'><strong><em>tui,</em></strong></span> <span class='ocrx_word' id='word_1_257' title='bbox 2980 881 3039 924; x_wconf 87' lang='lat' dir='ltr'><strong><em>ut</em></strong></span> <span class='ocrx_word' id='word_1_258' title='bbox 3059 883 3107 925; x_wconf 86' lang='lat' dir='ltr'><strong><em>et</em></strong></span> <span class='ocrx_word' id='word_1_259' title='bbox 3135 889 3226 943; x_wconf 83' lang='lat' dir='ltr'><strong><em>ego</em></strong></span> <span class='ocrx_word' id='word_1_260' title='bbox 3265 876 3342 926; x_wconf 87' lang='lat' dir='ltr'><strong><em>tui</em></strong></span> 
     </span>
    </p>
   </div>
   <div class='ocr_carea' id='block_1_35' title="bbox 1785 956 3342 1017">
    <p class='ocr_par' dir='ltr' id='par_1_35' title="bbox 1785 956 3342 1017">
     <span class='ocr_line' id='line_1_35' title="bbox 1785 956 3342 1017; baseline 0.003 -7"><span class='ocrx_word' id='word_1_261' title='bbox 1785 958 2032 1010; x_wconf 80' lang='lat' dir='ltr'><strong><em>misertus</em></strong></span> <span class='ocrx_word' id='word_1_262' title='bbox 2067 960 2219 1012; x_wconf 82' lang='lat' dir='ltr'><strong><em>sum?</em></strong></span> <span class='ocrx_word' id='word_1_263' title='bbox 2251 956 2318 1009; x_wconf 84' lang='lat' dir='ltr'><strong><em>Et</em></strong></span> <span class='ocrx_word' id='word_1_264' title='bbox 2369 960 2538 1011; x_wconf 86' lang='lat' dir='ltr'><strong><em>iratus</em></strong></span> <span class='ocrx_word' id='word_1_265' title='bbox 2599 957 2851 1013; x_wconf 83' lang='lat' dir='ltr'><strong><em>Dominus</em></strong></span> <span class='ocrx_word' id='word_1_266' title='bbox 2912 963 3135 1015; x_wconf 82' lang='lat' dir='ltr'><strong><em>tradidit</em></strong></span> <span class='ocrx_word' id='word_1_267' title='bbox 3188 964 3342 1017; x_wconf 80' lang='lat' dir='ltr'><strong><em>illum</em></strong></span> 
     </span>
    </p>
   </div>
   <div class='ocr_carea' id='block_1_36' title="bbox 1785 1048 3339 1118">
    <p class='ocr_par' dir='ltr' id='par_1_36' title="bbox 1785 1048 3339 1118">
     <span class='ocr_line' id='line_1_36' title="bbox 1785 1048 3339 1118; baseline 0.005 -18"><span class='ocrx_word' id='word_1_268' title='bbox 1785 1048 2112 1111; x_wconf 86' lang='lat' dir='ltr'><strong><em>tortoribus,</em></strong></span> <span class='ocrx_word' id='word_1_269' title='bbox 2151 1064 2418 1118; x_wconf 79' lang='lat' dir='ltr'><strong><em>quousque</em></strong></span> <span class='ocrx_word' id='word_1_270' title='bbox 2472 1052 2774 1116; x_wconf 71' lang='lat' dir='ltr'><strong><em>persoluerit</em></strong></span> <span class='ocrx_word' id='word_1_271' title='bbox 2821 1069 2972 1105; x_wconf 86' lang='lat' dir='ltr'><strong><em>omne</em></strong></span> <span class='ocrx_word' id='word_1_272' title='bbox 3020 1055 3253 1108; x_wconf 86' lang='lat' dir='ltr'><strong><em>debitum</em></strong></span> <span class='ocrx_word' id='word_1_273' title='bbox 3276 1057 3339 1108; x_wconf 73' lang='grc'><strong><em>⁸³.</em></strong></span> 
     </span>
    </p>
   </div>
   <div class='ocr_carea' id='block_1_37' title="bbox 1785 1137 3342 1210">
    <p class='ocr_par' dir='ltr' id='par_1_37' title="bbox 1785 1137 3342 1210">
     <span class='ocr_line' id='line_1_37' title="bbox 1785 1137 3342 1210; baseline 0.003 -19"><span class='ocrx_word' id='word_1_274' title='bbox 1785 1137 1940 1193; x_wconf 88' lang='lat' dir='ltr'><strong><em>Tunc</em></strong></span> <span class='ocrx_word' id='word_1_275' title='bbox 1972 1153 2094 1193; x_wconf 81' lang='lat' dir='ltr'><strong><em>sera</em></strong></span> <span class='ocrx_word' id='word_1_276' title='bbox 2126 1148 2180 1193; x_wconf 89' lang='lat' dir='ltr'><strong><em>et</em></strong></span> <span class='ocrx_word' id='word_1_277' title='bbox 2208 1139 2548 1194; x_wconf 77' lang='lat' dir='ltr'><strong><em>infructuosa</em></strong></span> <span class='ocrx_word' id='word_1_278' title='bbox 2600 1141 2920 1210; x_wconf 70' lang='lat' dir='ltr'><strong><em>ptenitentia</em></strong></span> <span class='ocrx_word' id='word_1_279' title='bbox 2961 1142 3181 1198; x_wconf 85' lang='lat' dir='ltr'><strong><em>duceris</em></strong></span> <span class='ocrx_word' id='word_1_280' title='bbox 3201 1182 3218 1208; x_wconf 89' lang='lat'><strong><em>,</em></strong></span> <span class='ocrx_word' id='word_1_281' title='bbox 3256 1145 3342 1197; x_wconf 92' lang='lat' dir='ltr'><strong><em>lu-</em></strong></span> 
     </span>
    </p>
   </div>
   <div class='ocr_carea' id='block_1_38' title="bbox 1783 1231 3342 1303">
    <p class='ocr_par' dir='ltr' id='par_1_38' title="bbox 1783 1231 3342 1303">
     <span class='ocr_line' id='line_1_38' title="bbox 1783 1231 3342 1303; baseline 0.005 -22"><span class='ocrx_word' id='word_1_282' title='bbox 1783 1237 2018 1298; x_wconf 91' lang='lat' dir='ltr'><strong><em>ctusque</em></strong></span> <span class='ocrx_word' id='word_1_283' title='bbox 2048 1231 2405 1298; x_wconf 80' lang='lat' dir='ltr'><strong><em>gravissimus</em></strong></span> <span class='ocrx_word' id='word_1_284' title='bbox 2437 1239 2490 1286; x_wconf 89' lang='lat' dir='ltr'><strong><em>te</em></strong></span> <span class='ocrx_word' id='word_1_285' title='bbox 2530 1231 2787 1294; x_wconf 89' lang='lat' dir='ltr'><strong><em>incesset,</em></strong></span> <span class='ocrx_word' id='word_1_286' title='bbox 2819 1242 2872 1288; x_wconf 88' lang='lat' dir='ltr'><strong><em>et</em></strong></span> <span class='ocrx_word' id='word_1_287' title='bbox 2901 1248 3064 1303; x_wconf 66' lang='lat' dir='ltr'><strong><em>paena</em></strong></span> <span class='ocrx_word' id='word_1_288' title='bbox 3114 1235 3342 1290; x_wconf 83' lang='lat' dir='ltr'><strong><em>inevita-</em></strong></span> 
     </span>
    </p>
   </div>
   <div class='ocr_carea' id='block_1_39' title="bbox 1782 1317 3347 1392">
    <p class='ocr_par' dir='ltr' id='par_1_39' title="bbox 1782 1317 3347 1392">
     <span class='ocr_line' id='line_1_39' title="bbox 1782 1317 3347 1392; baseline 0.006 -21"><span class='ocrx_word' id='word_1_289' title='bbox 1782 1317 1878 1371; x_wconf 88' lang='lat' dir='ltr'><strong><em>bili</em></strong></span> <span class='ocrx_word' id='word_1_290' title='bbox 1905 1318 2170 1387; x_wconf 87' lang='lat' dir='ltr'><strong><em>punieris.</em></strong></span> <span class='ocrx_word' id='word_1_291' title='bbox 2203 1318 2314 1373; x_wconf 84' lang='lat' dir='ltr'><strong><em>Nec</em></strong></span> <span class='ocrx_word' id='word_1_292' title='bbox 2339 1320 2434 1374; x_wconf 82' lang='lat' dir='ltr'><strong><em>tibi</em></strong></span> <span class='ocrx_word' id='word_1_293' title='bbox 2459 1319 2775 1389; x_wconf 88' lang='lat' dir='ltr'><strong><em>adjumento</em></strong></span> <span class='ocrx_word' id='word_1_294' title='bbox 2829 1325 2935 1378; x_wconf 87' lang='lat' dir='ltr'><strong><em>erit</em></strong></span> <span class='ocrx_word' id='word_1_295' title='bbox 2971 1338 3164 1379; x_wconf 90' lang='lat' dir='ltr'><strong><em>aurum</em></strong></span> <span class='ocrx_word' id='word_1_296' title='bbox 3193 1366 3209 1392; x_wconf 93' lang='lat'><strong><em>,</em></strong></span> <span class='ocrx_word' id='word_1_297' title='bbox 3247 1342 3347 1380; x_wconf 87' lang='lat' dir='ltr'><strong><em>nec</em></strong></span> 
     </span>
    </p>
   </div>
   <div class='ocr_carea' id='block_1_40' title="bbox 1781 1407 3346 1480">
    <p class='ocr_par' dir='ltr' id='par_1_40' title="bbox 1781 1407 3346 1480">
     <span class='ocr_line' id='line_1_40' title="bbox 1781 1407 3346 1480; baseline 0.006 -17"><span class='ocrx_word' id='word_1_298' title='bbox 1781 1425 1940 1479; x_wconf 84' lang='lat' dir='ltr'><strong><em>opem</em></strong></span> <span class='ocrx_word' id='word_1_299' title='bbox 1973 1407 2115 1464; x_wconf 86' lang='lat' dir='ltr'><strong><em>feret</em></strong></span> <span class='ocrx_word' id='word_1_300' title='bbox 2139 1417 2445 1480; x_wconf 80' lang='lat' dir='ltr'><strong><em>argentum.</em></strong></span> <span class='ocrx_word' id='word_1_301' title='bbox 2501 1413 2754 1468; x_wconf 88' lang='lat' dir='ltr'><strong><em>Amarior</em></strong></span> <span class='ocrx_word' id='word_1_302' title='bbox 2803 1415 2929 1470; x_wconf 81' lang='lat' dir='ltr'><strong><em>felle</em></strong></span> <span class='ocrx_word' id='word_1_303' title='bbox 2982 1416 3088 1470; x_wconf 88' lang='lat' dir='ltr'><strong><em>erit</em></strong></span> <span class='ocrx_word' id='word_1_304' title='bbox 3142 1416 3346 1472; x_wconf 84' lang='lat' dir='ltr'><strong><em>fenoris</em></strong></span> 
     </span>
    </p>
   </div>
   <div class='ocr_carea' id='block_1_41' title="bbox 1782 1499 3349 1570">
    <p class='ocr_par' dir='ltr' id='par_1_41' title="bbox 1782 1499 3349 1570">
     <span class='ocr_line' id='line_1_41' title="bbox 1782 1499 3349 1570; baseline 0.007 -17"><span class='ocrx_word' id='word_1_305' title='bbox 1782 1501 2048 1570; x_wconf 81' lang='lat' dir='ltr'><strong><em>acceptio.</em></strong></span> <span class='ocrx_word' id='word_1_306' title='bbox 2081 1499 2209 1555; x_wconf 58' lang='lat' dir='ltr'><strong><em>Haec</em></strong></span> <span class='ocrx_word' id='word_1_307' title='bbox 2241 1516 2351 1555; x_wconf 92' lang='lat' dir='ltr'><strong><em>non</em></strong></span> <span class='ocrx_word' id='word_1_308' title='bbox 2383 1511 2510 1556; x_wconf 91' lang='lat' dir='ltr'><strong><em>sunt</em></strong></span> <span class='ocrx_word' id='word_1_309' title='bbox 2565 1504 2711 1560; x_wconf 84' lang='lat' dir='ltr'><strong><em>nuda</em></strong></span> <span class='ocrx_word' id='word_1_310' title='bbox 2746 1507 3036 1562; x_wconf 83' lang='lat' dir='ltr'><strong><em>verborum</em></strong></span> <span class='ocrx_word' id='word_1_311' title='bbox 3063 1510 3349 1564; x_wconf 84' lang='lat' dir='ltr'><strong><em>terricula-</em></strong></span> 
     </span>
    </p>
   </div>
   <div class='ocr_carea' id='block_1_42' title="bbox 1783 1593 3347 1670">
    <p class='ocr_par' dir='ltr' id='par_1_42' title="bbox 1783 1593 3347 1670">
     <span class='ocr_line' id='line_1_42' title="bbox 1783 1593 3347 1670; baseline 0.008 -26"><span class='ocrx_word' id='word_1_312' title='bbox 1783 1599 1964 1646; x_wconf 77' lang='lat' dir='ltr'><strong><em>menta</em></strong></span> <span class='ocrx_word' id='word_1_313' title='bbox 1990 1630 2007 1655; x_wconf 91' lang='lat'><strong><em>,</em></strong></span> <span class='ocrx_word' id='word_1_314' title='bbox 2044 1595 2142 1648; x_wconf 81' lang='lat' dir='ltr'><strong><em>sed</em></strong></span> <span class='ocrx_word' id='word_1_315' title='bbox 2173 1593 2293 1662; x_wconf 89' lang='lat' dir='ltr'><strong><em>ipsa</em></strong></span> <span class='ocrx_word' id='word_1_316' title='bbox 2325 1595 2404 1648; x_wconf 89' lang='lat' dir='ltr'><strong><em>rei</em></strong></span> <span class='ocrx_word' id='word_1_317' title='bbox 2431 1597 2635 1654; x_wconf 90' lang='lat' dir='ltr'><strong><em>veritas</em></strong></span> <span class='ocrx_word' id='word_1_318' title='bbox 2661 1638 2677 1662; x_wconf 91' lang='lat'><strong><em>,</em></strong></span> <span class='ocrx_word' id='word_1_319' title='bbox 2716 1613 2839 1670; x_wconf 63' lang='lat' dir='ltr'><strong><em>qua</em></strong></span> <span class='ocrx_word' id='word_1_320' title='bbox 2885 1599 3156 1669; x_wconf 88' lang='lat' dir='ltr'><strong><em>judicium</em></strong></span> <span class='ocrx_word' id='word_1_321' title='bbox 3199 1601 3347 1656; x_wconf 88' lang='lat' dir='ltr'><strong><em>futu-</em></strong></span> 
     </span>
    </p>
   </div>
   <div class='ocr_carea' id='block_1_43' title="bbox 1785 1685 3348 1765">
    <p class='ocr_par' dir='ltr' id='par_1_43' title="bbox 1785 1685 3348 1765">
     <span class='ocr_line' id='line_1_43' title="bbox 1785 1685 3348 1765; baseline 0.006 -28"><span class='ocrx_word' id='word_1_322' title='bbox 1785 1698 1903 1738; x_wconf 91' lang='lat' dir='ltr'><strong><em>rum</em></strong></span> <span class='ocrx_word' id='word_1_323' title='bbox 1932 1685 2086 1755; x_wconf 88' lang='lat' dir='ltr'><strong><em>prius</em></strong></span> <span class='ocrx_word' id='word_1_324' title='bbox 2139 1694 2410 1751; x_wconf 83' lang='lat' dir='ltr'><strong><em>testatur,</em></strong></span> <span class='ocrx_word' id='word_1_325' title='bbox 2446 1703 2607 1758; x_wconf 91' lang='lat' dir='ltr'><strong><em>quam</em></strong></span> <span class='ocrx_word' id='word_1_326' title='bbox 2655 1693 2989 1760; x_wconf 83' lang='lat' dir='ltr'><strong><em>experientia</em></strong></span> <span class='ocrx_word' id='word_1_327' title='bbox 3048 1708 3348 1765; x_wconf 78' lang='lat' dir='ltr'><strong><em>cognosca-</em></strong></span> 
     </span>
    </p>
   </div>
   <div class='ocr_carea' id='block_1_44' title="bbox 1711 1764 3344 1852">
    <p class='ocr_par' dir='ltr' id='par_1_44' title="bbox 1711 1764 3344 1852">
     <span class='ocr_line' id='line_1_44' title="bbox 1711 1764 3344 1852; baseline 0.01 -28"><span class='ocrx_word' id='word_1_328' title='bbox 1711 1764 1756 1824; x_wconf 85' lang='lat' dir='ltr'><strong>B</strong></span> <span class='ocrx_word' id='word_1_329' title='bbox 1784 1784 1874 1830; x_wconf 90' lang='lat' dir='ltr'><strong><em>tur</em></strong></span> <span class='ocrx_word' id='word_1_330' title='bbox 1896 1819 1912 1841; x_wconf 90' lang='lat'><strong><em>,</em></strong></span> <span class='ocrx_word' id='word_1_331' title='bbox 1942 1777 2086 1848; x_wconf 91' lang='lat' dir='ltr'><strong><em>quod</em></strong></span> <span class='ocrx_word' id='word_1_332' title='bbox 2118 1777 2348 1846; x_wconf 89' lang='lat' dir='ltr'><strong><em>proinde</em></strong></span> <span class='ocrx_word' id='word_1_333' title='bbox 2365 1780 2448 1833; x_wconf 88' lang='lat' dir='ltr'><strong><em>vir</em></strong></span> <span class='ocrx_word' id='word_1_334' title='bbox 2469 1782 2738 1850; x_wconf 87' lang='lat' dir='ltr'><strong><em>prudens,</em></strong></span> <span class='ocrx_word' id='word_1_335' title='bbox 2771 1792 2826 1840; x_wconf 89' lang='lat' dir='ltr'><strong><em>et</em></strong></span> <span class='ocrx_word' id='word_1_336' title='bbox 2859 1786 2951 1840; x_wconf 82' lang='lat' dir='ltr'><strong><em>Cui</em></strong></span> <span class='ocrx_word' id='word_1_337' title='bbox 2980 1764 3344 1852; x_wconf 86' lang='lat' dir='ltr'><strong><em>curafuturi,</em></strong></span> 
     </span>
    </p>
   </div>
   <div class='ocr_carea' id='block_1_45' title="bbox 1784 1869 2486 1927">
    <p class='ocr_par' dir='ltr' id='par_1_45' title="bbox 1784 1869 2486 1927">
     <span class='ocr_line' id='line_1_45' title="bbox 1784 1869 2486 1927; baseline 0 -2"><span class='ocrx_word' id='word_1_338' title='bbox 1784 1869 1974 1926; x_wconf 90' lang='lat' dir='ltr'><strong><em>sedulo</em></strong></span> <span class='ocrx_word' id='word_1_339' title='bbox 2007 1884 2202 1925; x_wconf 85' lang='lat' dir='ltr'><strong><em>cavere</em></strong></span> <span class='ocrx_word' id='word_1_340' title='bbox 2229 1871 2486 1927; x_wconf 87' lang='lat' dir='ltr'><strong><em>studebit.</em></strong></span> 
     </span>
    </p>
   </div>
   <div class='ocr_carea' id='block_1_46' title="bbox 1855 1982 3346 2057">
    <p class='ocr_par' dir='ltr' id='par_1_46' title="bbox 1855 1982 3346 2057">
     <span class='ocr_line' id='line_1_46' title="bbox 1855 1982 3346 2057; baseline 0.006 -19"><span class='ocrx_word' id='word_1_341' title='bbox 1855 1982 1926 2039; x_wconf 85' lang='lat' dir='ltr'><strong><em>Ut</em></strong></span> <span class='ocrx_word' id='word_1_342' title='bbox 1953 1999 2084 2040; x_wconf 88' lang='lat' dir='ltr'><strong><em>vero</em></strong></span> <span class='ocrx_word' id='word_1_343' title='bbox 2129 1985 2382 2042; x_wconf 86' lang='lat' dir='ltr'><strong><em>utilitatis</em></strong></span> <span class='ocrx_word' id='word_1_344' title='bbox 2445 1986 2648 2057; x_wconf 90' lang='lat' dir='ltr'><strong><em>aliquid</em></strong></span> <span class='ocrx_word' id='word_1_345' title='bbox 2705 1988 3052 2047; x_wconf 85' lang='lat' dir='ltr'><strong><em>audientibus</em></strong></span> <span class='ocrx_word' id='word_1_346' title='bbox 3083 1991 3303 2047; x_wconf 81' lang='lat' dir='ltr'><strong><em>afferam</em></strong></span> <span class='ocrx_word' id='word_1_347' title='bbox 3329 2030 3346 2055; x_wconf 88' lang='lat'><strong><em>,</em></strong></span> 
     </span>
    </p>
   </div>
   <div class='ocr_carea' id='block_1_47' title="bbox 1783 2075 3347 2148">
    <p class='ocr_par' dir='ltr' id='par_1_47' title="bbox 1783 2075 3347 2148">
     <span class='ocr_line' id='line_1_47' title="bbox 1783 2075 3347 2148; baseline 0.006 -20"><span class='ocrx_word' id='word_1_348' title='bbox 1783 2075 2059 2130; x_wconf 85' lang='lat' dir='ltr'><strong><em>narrando</em></strong></span> <span class='ocrx_word' id='word_1_349' title='bbox 2086 2077 2342 2146; x_wconf 86' lang='lat' dir='ltr'><strong><em>quiddam</em></strong></span> <span class='ocrx_word' id='word_1_350' title='bbox 2375 2079 2520 2148; x_wconf 91' lang='lat' dir='ltr'><strong><em>quod</em></strong></span> <span class='ocrx_word' id='word_1_351' title='bbox 2548 2095 2664 2134; x_wconf 63' lang='grc' dir='ltr'>ἱενο</span> <span class='ocrx_word' id='word_1_352' title='bbox 2694 2089 2885 2138; x_wconf 89' lang='lat' dir='ltr'><strong><em>nostro</em></strong></span> <span class='ocrx_word' id='word_1_353' title='bbox 2918 2082 2972 2137; x_wconf 91' lang='lat' dir='ltr'><strong><em>in</em></strong></span> <span class='ocrx_word' id='word_1_354' title='bbox 3007 2083 3219 2140; x_wconf 73' lang='lat' dir='ltr'><strong><em>aedibus</em></strong></span> <span class='ocrx_word' id='word_1_355' title='bbox 3246 2099 3347 2139; x_wconf 83' lang='lat' dir='ltr'><strong><em>cu-</em></strong></span> 
     </span>
    </p>
   </div>
   <div class='ocr_carea' id='block_1_48' title="bbox 1780 2165 3350 2244">
    <p class='ocr_par' dir='ltr' id='par_1_48' title="bbox 1780 2165 3350 2244">
     <span class='ocr_line' id='line_1_48' title="bbox 1780 2165 3350 2244; baseline 0.008 -27"><span class='ocrx_word' id='word_1_356' title='bbox 1780 2165 1997 2234; x_wconf 87' lang='lat' dir='ltr'><strong><em>jusdam</em></strong></span> <span class='ocrx_word' id='word_1_357' title='bbox 2045 2166 2369 2224; x_wconf 83' lang='lat' dir='ltr'><strong><em>feneratoris</em></strong></span> <span class='ocrx_word' id='word_1_358' title='bbox 2424 2179 2550 2227; x_wconf 89' lang='lat' dir='ltr'><strong><em>ante</em></strong></span> <span class='ocrx_word' id='word_1_359' title='bbox 2583 2171 2716 2226; x_wconf 89' lang='lat' dir='ltr'><strong><em>illud</em></strong></span> <span class='ocrx_word' id='word_1_360' title='bbox 2771 2173 2862 2228; x_wconf 87' lang='lat' dir='ltr'><strong><em>Dei</em></strong></span> <span class='ocrx_word' id='word_1_361' title='bbox 2914 2173 3176 2244; x_wconf 79' lang='lat' dir='ltr'><strong><em>iudicium</em></strong></span> <span class='ocrx_word' id='word_1_362' title='bbox 3215 2188 3350 2228; x_wconf 91' lang='lat' dir='ltr'><strong><em>con-</em></strong></span> 
     </span>
    </p>
   </div>
   <div class='ocr_carea' id='block_1_49' title="bbox 1784 2258 3348 2332">
    <p class='ocr_par' dir='ltr' id='par_1_49' title="bbox 1784 2258 3348 2332">
     <span class='ocr_line' id='line_1_49' title="bbox 1784 2258 3348 2332; baseline 0.004 -21"><span class='ocrx_word' id='word_1_363' title='bbox 1784 2259 1926 2330; x_wconf 85' lang='lat' dir='ltr'><strong><em>tigit,</em></strong></span> <span class='ocrx_word' id='word_1_364' title='bbox 1962 2258 2264 2315; x_wconf 88' lang='lat' dir='ltr'><strong><em>attendite:</em></strong></span> <span class='ocrx_word' id='word_1_365' title='bbox 2297 2261 2398 2316; x_wconf 88' lang='lat' dir='ltr'><strong><em>etsi</em></strong></span> <span class='ocrx_word' id='word_1_366' title='bbox 2448 2261 2892 2319; x_wconf 88' lang='lat' dir='ltr'><strong><em>fortassismulti</em></strong></span> <span class='ocrx_word' id='word_1_367' title='bbox 2945 2272 3185 2320; x_wconf 88' lang='lat' dir='ltr'><strong><em>vestrum</em></strong></span> <span class='ocrx_word' id='word_1_368' title='bbox 3253 2263 3304 2318; x_wconf 92' lang='lat' dir='ltr'><strong><em>id</em></strong></span> <span class='ocrx_word' id='word_1_369' title='bbox 3329 2304 3348 2332; x_wconf 95' lang='lat'><strong><em>,</em></strong></span> 
     </span>
    </p>
   </div>
   <div class='ocr_carea' id='block_1_50' title="bbox 1785 2347 3348 2425">
    <p class='ocr_par' dir='ltr' id='par_1_50' title="bbox 1785 2347 3348 2425">
     <span class='ocr_line' id='line_1_50' title="bbox 1785 2347 3348 2425; baseline 0.004 -23"><span class='ocrx_word' id='word_1_370' title='bbox 1785 2347 1932 2419; x_wconf 81' lang='lat' dir='ltr'><strong><em>quod</em></strong></span> <span class='ocrx_word' id='word_1_371' title='bbox 1986 2360 2515 2408; x_wconf 72' lang='lat' dir='ltr'><strong><em>commemoraturus</em></strong></span> <span class='ocrx_word' id='word_1_372' title='bbox 2560 2368 2702 2418; x_wconf 89' lang='lat' dir='ltr'><strong><em>sum,</em></strong></span> <span class='ocrx_word' id='word_1_373' title='bbox 2728 2352 2840 2424; x_wconf 87' lang='lat' dir='ltr'><strong><em>jam</em></strong></span> <span class='ocrx_word' id='word_1_374' title='bbox 2881 2353 3221 2425; x_wconf 78' lang='lat' dir='ltr'><strong><em>exploratum</em></strong></span> <span class='ocrx_word' id='word_1_375' title='bbox 3250 2353 3348 2408; x_wconf 84' lang='lat' dir='ltr'><strong><em>ha-</em></strong></span> 
     </span>
    </p>
   </div>
   <div class='ocr_carea' id='block_1_51' title="bbox 1786 2439 2000 2496">
    <p class='ocr_par' dir='ltr' id='par_1_51' title="bbox 1786 2439 2000 2496">
     <span class='ocr_line' id='line_1_51' title="bbox 1786 2439 2000 2496; baseline -0.014 0"><span class='ocrx_word' id='word_1_376' title='bbox 1786 2439 1959 2496; x_wconf 86' lang='lat' dir='ltr'><strong><em>beatis</em></strong></span> <span class='ocrx_word' id='word_1_377' title='bbox 1983 2455 2000 2493; x_wconf 87' lang='lat'><strong>:</strong></span> 
     </span>
    </p>
   </div>
   <div class='ocr_carea' id='block_1_52' title="bbox 1854 2573 3350 2646">
    <p class='ocr_par' dir='ltr' id='par_1_52' title="bbox 1854 2573 3350 2646">
     <span class='ocr_line' id='line_1_52' title="bbox 1854 2573 3350 2646; baseline 0.004 -18"><span class='ocrx_word' id='word_1_378' title='bbox 1854 2573 1984 2628; x_wconf 86' lang='lat' dir='ltr'><strong><em>Erat</em></strong></span> <span class='ocrx_word' id='word_1_379' title='bbox 2010 2573 2094 2628; x_wconf 91' lang='lat' dir='ltr'><strong><em>vir</em></strong></span> <span class='ocrx_word' id='word_1_380' title='bbox 2115 2573 2333 2646; x_wconf 87' lang='lat' dir='ltr'><strong><em>quidam</em></strong></span> <span class='ocrx_word' id='word_1_381' title='bbox 2384 2574 2437 2628; x_wconf 92' lang='lat' dir='ltr'><strong><em>in</em></strong></span> <span class='ocrx_word' id='word_1_382' title='bbox 2467 2575 2686 2631; x_wconf 87' lang='lat' dir='ltr'><strong><em>civitate</em></strong></span> <span class='ocrx_word' id='word_1_383' title='bbox 2718 2574 2783 2630; x_wconf 86' lang='lat' dir='ltr'><strong><em>N.</em></strong></span> <span class='ocrx_word' id='word_1_384' title='bbox 2822 2577 2842 2646; x_wconf 92' lang='lat'><strong><em>(</em></strong></span> <span class='ocrx_word' id='word_1_385' title='bbox 2874 2592 3073 2633; x_wconf 91' lang='lat' dir='ltr'><strong><em>nomen</em></strong></span> <span class='ocrx_word' id='word_1_386' title='bbox 3106 2577 3350 2634; x_wconf 87' lang='lat' dir='ltr'><strong><em>reticebo</em></strong></span> 
     </span>
    </p>
   </div>
   <div class='ocr_carea' id='block_1_53' title="bbox 1785 2664 3348 2736">
    <p class='ocr_par' dir='ltr' id='par_1_53' title="bbox 1785 2664 3348 2736">
     <span class='ocr_line' id='line_1_53' title="bbox 1785 2664 3348 2736; baseline 0.004 -18"><span class='ocrx_word' id='word_1_387' title='bbox 1785 2679 1854 2720; x_wconf 90' lang='lat' dir='ltr'><strong><em>ne</em></strong></span> <span class='ocrx_word' id='word_1_388' title='bbox 1917 2664 2105 2721; x_wconf 83' lang='lat' dir='ltr'><strong><em>videar</em></strong></span> <span class='ocrx_word' id='word_1_389' title='bbox 2151 2674 2426 2720; x_wconf 86' lang='lat' dir='ltr'><strong><em>mortuum</em></strong></span> <span class='ocrx_word' id='word_1_390' title='bbox 2457 2667 2775 2722; x_wconf 88' lang='lat' dir='ltr'><strong><em>nominatim</em></strong></span> <span class='ocrx_word' id='word_1_391' title='bbox 2808 2669 3095 2732; x_wconf 77' lang='lat' dir='ltr'><strong><em>traducere</em></strong></span> <span class='ocrx_word' id='word_1_392' title='bbox 3125 2670 3262 2725; x_wconf 86' lang='lat' dir='ltr'><strong><em>velle</em></strong></span> <span class='ocrx_word' id='word_1_393' title='bbox 3289 2671 3348 2736; x_wconf 87' lang='lat'><strong>);</strong></span> 
     </span>
    </p>
   </div>
   <div class='ocr_carea' id='block_1_54' title="bbox 1786 2752 3350 2826">
    <p class='ocr_par' dir='ltr' id='par_1_54' title="bbox 1786 2752 3350 2826">
     <span class='ocr_line' id='line_1_54' title="bbox 1786 2752 3350 2826; baseline 0.004 -19"><span class='ocrx_word' id='word_1_394' title='bbox 1786 2752 1915 2808; x_wconf 83' lang='lat' dir='ltr'><strong><em>huic</em></strong></span> <span class='ocrx_word' id='word_1_395' title='bbox 1969 2753 2259 2820; x_wconf 83' lang='lat' dir='ltr'><strong><em>fenerare,</em></strong></span> <span class='ocrx_word' id='word_1_396' title='bbox 2309 2755 2554 2826; x_wconf 89' lang='lat' dir='ltr'><strong><em>lucrique</em></strong></span> <span class='ocrx_word' id='word_1_397' title='bbox 2625 2756 2831 2826; x_wconf 88' lang='lat' dir='ltr'><strong><em>aliquid</em></strong></span> <span class='ocrx_word' id='word_1_398' title='bbox 2876 2772 2945 2812; x_wconf 78' lang='lat' dir='ltr'><strong><em>ex</em></strong></span> <span class='ocrx_word' id='word_1_399' title='bbox 3011 2757 3350 2813; x_wconf 86' lang='lat' dir='ltr'><strong><em>detestandis</em></strong></span> 
     </span>
    </p>
   </div>
   <div class='ocr_carea' id='block_1_55' title="bbox 1785 2849 3350 2921">
    <p class='ocr_par' dir='ltr' id='par_1_55' title="bbox 1785 2849 3350 2921">
     <span class='ocr_line' id='line_1_55' title="bbox 1785 2849 3350 2921; baseline 0 -17"><span class='ocrx_word' id='word_1_400' title='bbox 1785 2850 1971 2905; x_wconf 87' lang='lat' dir='ltr'><strong><em>usuris</em></strong></span> <span class='ocrx_word' id='word_1_401' title='bbox 2024 2864 2220 2918; x_wconf 88' lang='lat' dir='ltr'><strong><em>capere</em></strong></span> <span class='ocrx_word' id='word_1_402' title='bbox 2248 2888 2263 2912; x_wconf 87' lang='lat'><strong><em>,</em></strong></span> <span class='ocrx_word' id='word_1_403' title='bbox 2306 2851 2464 2904; x_wconf 89' lang='lat' dir='ltr'><strong><em>unica</em></strong></span> <span class='ocrx_word' id='word_1_404' title='bbox 2499 2865 2590 2906; x_wconf 89' lang='lat' dir='ltr'><strong><em>ars</em></strong></span> <span class='ocrx_word' id='word_1_405' title='bbox 2627 2857 2765 2906; x_wconf 88' lang='lat' dir='ltr'><strong><em>erat.</em></strong></span> <span class='ocrx_word' id='word_1_406' title='bbox 2812 2849 3112 2921; x_wconf 86' lang='lat' dir='ltr'><strong><em>Correptus</em></strong></span> <span class='ocrx_word' id='word_1_407' title='bbox 3167 2857 3350 2906; x_wconf 83' lang='lat' dir='ltr'><strong><em>autem</em></strong></span> 
     </span>
    </p>
   </div>
   <div class='ocr_carea' id='block_1_56' title="bbox 1784 2941 3348 3011">
    <p class='ocr_par' dir='ltr' id='par_1_56' title="bbox 1784 2941 3348 3011">
     <span class='ocr_line' id='line_1_56' title="bbox 1784 2941 3348 3011; baseline 0.001 -17"><span class='ocrx_word' id='word_1_408' title='bbox 1784 2941 1890 2996; x_wconf 83' lang='lat' dir='ltr'><strong><em>hoc</em></strong></span> <span class='ocrx_word' id='word_1_409' title='bbox 1925 2942 2168 2996; x_wconf 67' lang='lat' dir='ltr'><strong><em>avaritia;</em></strong></span> <span class='ocrx_word' id='word_1_410' title='bbox 2196 2941 2411 3005; x_wconf 91' lang='lat' dir='ltr'><strong><em>morbo,</em></strong></span> <span class='ocrx_word' id='word_1_411' title='bbox 2444 2949 2605 2996; x_wconf 81' lang='lat' dir='ltr'><strong><em>tenax</em></strong></span> <span class='ocrx_word' id='word_1_412' title='bbox 2641 2948 2695 2996; x_wconf 90' lang='lat' dir='ltr'><strong><em>et</em></strong></span> <span class='ocrx_word' id='word_1_413' title='bbox 2724 2941 2981 2997; x_wconf 86' lang='lat' dir='ltr'><strong><em>sordidus</em></strong></span> <span class='ocrx_word' id='word_1_414' title='bbox 3021 2943 3076 2995; x_wconf 91' lang='lat' dir='ltr'><strong><em>in</em></strong></span> <span class='ocrx_word' id='word_1_415' title='bbox 3110 2942 3348 3011; x_wconf 90' lang='lat' dir='ltr'><strong><em>seipsmn</em></strong></span> 
     </span>
    </p>
   </div>
   <div class='ocr_carea' id='block_1_57' title="bbox 1787 3032 3348 3105">
    <p class='ocr_par' dir='ltr' id='par_1_57' title="bbox 1787 3032 3348 3105">
     <span class='ocr_line' id='line_1_57' title="bbox 1787 3032 3348 3105; baseline 0.001 -18"><span class='ocrx_word' id='word_1_416' title='bbox 1787 3048 2026 3104; x_wconf 89' lang='lat' dir='ltr'><strong><em>suosque</em></strong></span> <span class='ocrx_word' id='word_1_417' title='bbox 2057 3032 2232 3089; x_wconf 88' lang='lat' dir='ltr'><strong><em>evasit</em></strong></span> <span class='ocrx_word' id='word_1_418' title='bbox 2270 3034 2376 3105; x_wconf 89' lang='lat' dir='ltr'><strong><em>(ut</em></strong></span> <span class='ocrx_word' id='word_1_419' title='bbox 2405 3034 2579 3089; x_wconf 84' lang='lat' dir='ltr'><strong><em>solent</em></strong></span> <span class='ocrx_word' id='word_1_420' title='bbox 2618 3033 2840 3102; x_wconf 86' lang='lat' dir='ltr'><strong><em>avari),</em></strong></span> <span class='ocrx_word' id='word_1_421' title='bbox 2893 3034 3094 3103; x_wconf 88' lang='lat' dir='ltr'><strong><em>quippe</em></strong></span> <span class='ocrx_word' id='word_1_422' title='bbox 3140 3034 3236 3104; x_wconf 91' lang='lat' dir='ltr'><strong><em>qui</em></strong></span> <span class='ocrx_word' id='word_1_423' title='bbox 3292 3034 3348 3088; x_wconf 91' lang='lat' dir='ltr'><strong><em>in</em></strong></span> 
     </span>
    </p>
   </div>
   <div class='ocr_carea' id='block_1_58' title="bbox 104 3111 1683 3195">
    <p class='ocr_par' dir='ltr' id='par_1_58' title="bbox 104 3113 1682 3193">
     <span class='ocr_line' id='line_1_58' title="bbox 104 3113 1682 3193; baseline -0.007 -18"><span class='ocrx_word' id='word_1_424' title='bbox 104 3119 388 3193; x_wconf 80' lang='grc' dir='ltr'>τράπεζαν</span> <span class='ocrx_word' id='word_1_425' title='bbox 420 3117 669 3188; x_wconf 80' lang='grc' dir='ltr'>αὐτάρκη</span> <span class='ocrx_word' id='word_1_426' title='bbox 696 3114 1150 3186; x_wconf 77' lang='grc' dir='ltr'>παρατιθέμενος,</span> <span class='ocrx_word' id='word_1_427' title='bbox 1181 3113 1278 3184; x_wconf 81' lang='grc' dir='ltr'>οὐχ</span> <span class='ocrx_word' id='word_1_428' title='bbox 1309 3113 1536 3184; x_wconf 73' lang='grc' dir='ltr'>ἱματίων</span> <span class='ocrx_word' id='word_1_429' title='bbox 1570 3131 1682 3166; x_wconf 76' lang='grc' dir='ltr'>συν-</span> 
     </span>
    </p>
   </div>
   <div class='ocr_carea' id='block_1_59' title="bbox 1791 3111 3350 3195">
    <p class='ocr_par' dir='ltr' id='par_1_59' title="bbox 1791 3125 3350 3195">
     <span class='ocr_line' id='line_1_59' title="bbox 1791 3125 3350 3195; baseline 0 -16"><span class='ocrx_word' id='word_1_430' title='bbox 1791 3141 1971 3181; x_wconf 88' lang='lat' dir='ltr'><strong><em>mensa</em></strong></span> <span class='ocrx_word' id='word_1_431' title='bbox 2005 3140 2180 3195; x_wconf 90' lang='lat' dir='ltr'><strong><em>neque</em></strong></span> <span class='ocrx_word' id='word_1_432' title='bbox 2211 3125 2346 3180; x_wconf 89' lang='lat' dir='ltr'><strong><em>satis</em></strong></span> <span class='ocrx_word' id='word_1_433' title='bbox 2399 3125 2504 3179; x_wconf 90' lang='lat' dir='ltr'><strong><em>cibi</em></strong></span> <span class='ocrx_word' id='word_1_434' title='bbox 2556 3131 2875 3194; x_wconf 88' lang='lat' dir='ltr'><strong><em>apponeret,</em></strong></span> <span class='ocrx_word' id='word_1_435' title='bbox 2942 3139 3118 3194; x_wconf 83' lang='lat' dir='ltr'><strong><em>neque</em></strong></span> <span class='ocrx_word' id='word_1_436' title='bbox 3169 3133 3350 3179; x_wconf 84' lang='lat' dir='ltr'><strong><em>vestes</em></strong></span> 
     </span>
    </p>
   </div>
   <div class='ocr_carea' id='block_1_60' title="bbox 105 3206 1687 3284">
    <p class='ocr_par' dir='ltr' id='par_1_60' title="bbox 105 3206 1687 3284">
     <span class='ocr_line' id='line_1_60' title="bbox 105 3206 1687 3284; baseline -0.005 -18"><span class='ocrx_word' id='word_1_437' title='bbox 105 3215 288 3284; x_wconf 76' lang='grc' dir='ltr'>ἐχειαν</span> <span class='ocrx_word' id='word_1_438' title='bbox 325 3211 480 3283; x_wconf 86' lang='grc'>(57),</span> <span class='ocrx_word' id='word_1_439' title='bbox 530 3211 563 3282; x_wconf 84' lang='grc' dir='ltr'>ἢ</span> <span class='ocrx_word' id='word_1_440' title='bbox 611 3209 753 3263; x_wconf 82' lang='grc' dir='ltr'>κατὰ</span> <span class='ocrx_word' id='word_1_441' title='bbox 798 3207 1008 3280; x_wconf 85' lang='grc' dir='ltr'>χρείαν,</span> <span class='ocrx_word' id='word_1_442' title='bbox 1047 3207 1310 3278; x_wconf 77' lang='grc' dir='ltr'>ἀμείϐων,</span> <span class='ocrx_word' id='word_1_443' title='bbox 1359 3207 1420 3260; x_wconf 80' lang='grc' dir='ltr'>οὐ</span> <span class='ocrx_word' id='word_1_444' title='bbox 1476 3206 1687 3270; x_wconf 81' lang='grc' dir='ltr'>τέκνοις</span> 
     </span>
    </p>
   </div>
   <div class='ocr_carea' id='block_1_61' title="bbox 103 3298 1688 3377">
    <p class='ocr_par' dir='ltr' id='par_1_61' title="bbox 103 3298 1688 3377">
     <span class='ocr_line' id='line_1_61' title="bbox 103 3298 1688 3377; baseline -0.005 -19"><span class='ocrx_word' id='word_1_445' title='bbox 103 3307 367 3377; x_wconf 81' lang='grc' dir='ltr'>παρέχων</span> <span class='ocrx_word' id='word_1_446' title='bbox 405 3304 506 3372; x_wconf 83' lang='grc' dir='ltr'>τὴν</span> <span class='ocrx_word' id='word_1_447' title='bbox 543 3299 846 3368; x_wconf 79' lang='grc' dir='ltr'>ἀναγκαίαν</span> <span class='ocrx_word' id='word_1_448' title='bbox 872 3299 964 3353; x_wconf 89' lang='grc' dir='ltr'><strong><em>τοῦ</em></strong></span> <span class='ocrx_word' id='word_1_449' title='bbox 994 3298 1109 3368; x_wconf 86' lang='grc' dir='ltr'>βίου</span> <span class='ocrx_word' id='word_1_450' title='bbox 1144 3298 1440 3370; x_wconf 83' lang='grc' dir='ltr'>διαγωγὴν,</span> <span class='ocrx_word' id='word_1_451' title='bbox 1465 3299 1526 3350; x_wconf 77' lang='grc' dir='ltr'>οὐ</span> <span class='ocrx_word' id='word_1_452' title='bbox 1564 3299 1688 3352; x_wconf 81' lang='grc' dir='ltr'>λου-</span> 
     </span>
    </p>
   </div>
   <div class='ocr_carea' id='block_1_62' title="bbox 102 3395 1687 3475">
    <p class='ocr_par' dir='ltr' id='par_1_62' title="bbox 102 3395 1687 3475">
     <span class='ocr_line' id='line_1_62' title="bbox 102 3395 1687 3475; baseline -0.004 -19"><span class='ocrx_word' id='word_1_453' title='bbox 102 3404 243 3475; x_wconf 82' lang='grc' dir='ltr'>τρῶν</span> <span class='ocrx_word' id='word_1_454' title='bbox 271 3401 494 3472; x_wconf 79' lang='grc' dir='ltr'>ταχέως</span> <span class='ocrx_word' id='word_1_455' title='bbox 533 3396 985 3470; x_wconf 77' lang='grc' dir='ltr'>μεταλαμϐάνων,</span> <span class='ocrx_word' id='word_1_456' title='bbox 1021 3395 1172 3465; x_wconf 77' lang='grc' dir='ltr'>φόϐῳ</span> <span class='ocrx_word' id='word_1_457' title='bbox 1208 3395 1305 3449; x_wconf 88' lang='grc' dir='ltr'><strong><em>τοῦ</em></strong></span> <span class='ocrx_word' id='word_1_458' title='bbox 1355 3395 1546 3466; x_wconf 84' lang='grc' dir='ltr'>μισθοῦ</span> <span class='ocrx_word' id='word_1_459' title='bbox 1593 3396 1687 3449; x_wconf 76' lang='grc' dir='ltr'>καὶ</span> 
     </span>
    </p>
   </div>
   <div class='ocr_carea' id='block_1_63' title="bbox 102 3487 1686 3567">
    <p class='ocr_par' dir='ltr' id='par_1_63' title="bbox 102 3487 1686 3567">
     <span class='ocr_line' id='line_1_63' title="bbox 102 3487 1686 3567; baseline -0.004 -19"><span class='ocrx_word' id='word_1_460' title='bbox 102 3496 204 3548; x_wconf 82' lang='grc' dir='ltr'>τῶν</span> <span class='ocrx_word' id='word_1_461' title='bbox 234 3495 418 3567; x_wconf 82' lang='grc' dir='ltr'>τριῶν</span> <span class='ocrx_word' id='word_1_462' title='bbox 439 3490 660 3544; x_wconf 75' lang='grc' dir='ltr'>ὀϐολῶνο</span> <span class='ocrx_word' id='word_1_463' title='bbox 689 3491 868 3544; x_wconf 88' lang='grc' dir='ltr'>πάντα</span> <span class='ocrx_word' id='word_1_464' title='bbox 895 3487 952 3541; x_wconf 81' lang='grc' dir='ltr'>δὲ</span> <span class='ocrx_word' id='word_1_465' title='bbox 979 3487 1176 3559; x_wconf 88' lang='grc' dir='ltr'>τρόπον</span> <span class='ocrx_word' id='word_1_466' title='bbox 1201 3488 1450 3555; x_wconf 75' lang='grc' dir='ltr'>ἐπινοῶν,</span> <span class='ocrx_word' id='word_1_467' title='bbox 1475 3488 1596 3543; x_wconf 85' lang='grc' dir='ltr'>ὅθεν</span> <span class='ocrx_word' id='word_1_468' title='bbox 1621 3488 1686 3542; x_wconf 82' lang='grc' dir='ltr'>ἂν</span> 
     </span>
    </p>
   </div>
   <div class='ocr_carea' id='block_1_64' title="bbox 106 3579 1685 3656">
    <p class='ocr_par' dir='ltr' id='par_1_64' title="bbox 106 3579 1685 3656">
     <span class='ocr_line' id='line_1_64' title="bbox 106 3579 1685 3656; baseline -0.003 -16"><span class='ocrx_word' id='word_1_469' title='bbox 106 3587 266 3640; x_wconf 79' lang='grc' dir='ltr'>πλέον</span> <span class='ocrx_word' id='word_1_470' title='bbox 303 3585 404 3638; x_wconf 77' lang='grc' dir='ltr'><strong><em>τὸν</em></strong></span> <span class='ocrx_word' id='word_1_471' title='bbox 435 3582 668 3656; x_wconf 78' lang='grc' dir='ltr'>ἀριθμὸν</span> <span class='ocrx_word' id='word_1_472' title='bbox 713 3580 1018 3652; x_wconf 87' lang='grc' dir='ltr'>προαγάγοι</span> <span class='ocrx_word' id='word_1_473' title='bbox 1044 3579 1156 3633; x_wconf 84' lang='grc' dir='ltr'><strong><em>τῶν</em></strong></span> <span class='ocrx_word' id='word_1_474' title='bbox 1197 3580 1514 3652; x_wconf 88' lang='grc' dir='ltr'>χρημάτων.</span> <span class='ocrx_word' id='word_1_475' title='bbox 1550 3581 1685 3635; x_wconf 80' lang='grc' dir='ltr'>Οὔτε</span> 
     </span>
    </p>
   </div>
   <div class='ocr_carea' id='block_1_65' title="bbox 107 3672 1684 3749">
    <p class='ocr_par' dir='ltr' id='par_1_65' title="bbox 107 3672 1684 3749">
     <span class='ocr_line' id='line_1_65' title="bbox 107 3672 1684 3749; baseline -0.002 -20"><span class='ocrx_word' id='word_1_476' title='bbox 107 3678 209 3749; x_wconf 82' lang='grc' dir='ltr'>μὴν</span> <span class='ocrx_word' id='word_1_477' title='bbox 242 3674 566 3743; x_wconf 78' lang='grc' dir='ltr'>ἀξιόπιστόν</span> <span class='ocrx_word' id='word_1_478' title='bbox 596 3692 715 3727; x_wconf 88' lang='grc' dir='ltr'>τινα</span> <span class='ocrx_word' id='word_1_479' title='bbox 733 3672 954 3742; x_wconf 83' lang='grc' dir='ltr'>φύλακα</span> <span class='ocrx_word' id='word_1_480' title='bbox 984 3673 1077 3726; x_wconf 88' lang='grc' dir='ltr'><strong><em>τοῦ</em></strong></span> <span class='ocrx_word' id='word_1_481' title='bbox 1107 3672 1390 3744; x_wconf 87' lang='grc' dir='ltr'>βαλαντίου</span> <span class='ocrx_word' id='word_1_482' title='bbox 1417 3673 1684 3744; x_wconf 80' lang='grc' dir='ltr'>ἐνόμιζεν,</span> 
     </span>
    </p>
   </div>
   <div class='ocr_carea' id='block_1_66' title="bbox 102 3761 1685 3835">
    <p class='ocr_par' dir='ltr' id='par_1_66' title="bbox 102 3761 1685 3835">
     <span class='ocr_line' id='line_1_66' title="bbox 102 3761 1685 3835; baseline -0.003 -12"><span class='ocrx_word' id='word_1_483' title='bbox 102 3771 162 3823; x_wconf 80' lang='grc' dir='ltr'>οὐ</span> <span class='ocrx_word' id='word_1_484' title='bbox 180 3769 407 3834; x_wconf 80' lang='grc' dir='ltr'>τέκνον,</span> <span class='ocrx_word' id='word_1_485' title='bbox 450 3767 512 3820; x_wconf 79' lang='grc' dir='ltr'>οὐ</span> <span class='ocrx_word' id='word_1_486' title='bbox 560 3764 767 3826; x_wconf 87' lang='grc' dir='ltr'>δοῦλον,</span> <span class='ocrx_word' id='word_1_487' title='bbox 811 3765 872 3818; x_wconf 86' lang='grc' dir='ltr'>οὐ</span> <span class='ocrx_word' id='word_1_488' title='bbox 913 3761 1264 3835; x_wconf 81' lang='grc' dir='ltr'>τραπεζίτην,</span> <span class='ocrx_word' id='word_1_489' title='bbox 1308 3765 1370 3818; x_wconf 78' lang='grc' dir='ltr'>οὐ</span> <span class='ocrx_word' id='word_1_490' title='bbox 1409 3766 1577 3829; x_wconf 85' lang='grc' dir='ltr'>κλεῖν,</span> <span class='ocrx_word' id='word_1_491' title='bbox 1624 3766 1685 3818; x_wconf 83' lang='grc' dir='ltr'>οὺ</span> 
     </span>
    </p>
   </div>
   <div class='ocr_carea' id='block_1_67' title="bbox 103 3857 1688 3932">
    <p class='ocr_par' dir='ltr' id='par_1_67' title="bbox 103 3857 1688 3932">
     <span class='ocr_line' id='line_1_67' title="bbox 103 3857 1688 3932; baseline -0.002 -17"><span class='ocrx_word' id='word_1_492' title='bbox 103 3861 405 3932; x_wconf 80' lang='grc' dir='ltr'>σφραγῖδα,</span> <span class='ocrx_word' id='word_1_493' title='bbox 436 3860 558 3922; x_wconf 81' lang='grc' dir='ltr'>ταῖς</span> <span class='ocrx_word' id='word_1_494' title='bbox 586 3858 644 3911; x_wconf 86' lang='grc' dir='ltr'><strong><em>δέ</em></strong></span> <span class='ocrx_word' id='word_1_495' title='bbox 673 3858 782 3911; x_wconf 83' lang='grc' dir='ltr'><strong><em>τῶν</em></strong></span> <span class='ocrx_word' id='word_1_496' title='bbox 813 3857 1009 3928; x_wconf 83' lang='grc' dir='ltr'>τοίχων</span> <span class='ocrx_word' id='word_1_497' title='bbox 1038 3858 1200 3922; x_wconf 84' lang='grc' dir='ltr'>ὀπαῖς</span> <span class='ocrx_word' id='word_1_498' title='bbox 1237 3857 1299 3910; x_wconf 79' lang='grc' dir='ltr'>τὸ</span> <span class='ocrx_word' id='word_1_499' title='bbox 1331 3860 1550 3929; x_wconf 85' lang='grc' dir='ltr'>χρυσίον</span> <span class='ocrx_word' id='word_1_500' title='bbox 1588 3861 1688 3929; x_wconf 83' lang='grc' dir='ltr'>ἐμ-</span> 
     </span>
    </p>
   </div>
   <div class='ocr_carea' id='block_1_68' title="bbox 103 3947 1689 4020">
    <p class='ocr_par' dir='ltr' id='par_1_68' title="bbox 103 3947 1689 4020">
     <span class='ocr_line' id='line_1_68' title="bbox 103 3947 1689 4020; baseline 0 -16"><span class='ocrx_word' id='word_1_501' title='bbox 103 3953 340 4017; x_wconf 68' lang='grc' dir='ltr'>ϐάλλων,</span> <span class='ocrx_word' id='word_1_502' title='bbox 371 3950 467 4004; x_wconf 79' lang='grc' dir='ltr'>καὶ</span> <span class='ocrx_word' id='word_1_503' title='bbox 496 3949 588 4003; x_wconf 82' lang='grc' dir='ltr'>τὸν</span> <span class='ocrx_word' id='word_1_504' title='bbox 622 3949 791 4020; x_wconf 63' lang='grc' dir='ltr'><strong><em>’κυλλὸν</em></strong></span> <span class='ocrx_word' id='word_1_505' title='bbox 829 3947 1027 4013; x_wconf 79' lang='grc' dir='ltr'>ἔξωθεν</span> <span class='ocrx_word' id='word_1_506' title='bbox 1059 3949 1383 4016; x_wconf 80' lang='grc' dir='ltr'>ἐπαλείφων,</span> <span class='ocrx_word' id='word_1_507' title='bbox 1414 3950 1689 4018; x_wconf 83' lang='grc' dir='ltr'>ἄγνωστον</span> 
     </span>
    </p>
   </div>
   <div class='ocr_carea' id='block_1_69' title="bbox 101 4038 1684 4112">
    <p class='ocr_par' dir='ltr' id='par_1_69' title="bbox 101 4038 1684 4112">
     <span class='ocr_line' id='line_1_69' title="bbox 101 4038 1684 4112; baseline 0 -16"><span class='ocrx_word' id='word_1_508' title='bbox 101 4046 270 4097; x_wconf 81' lang='grc' dir='ltr'>πᾶσιν</span> <span class='ocrx_word' id='word_1_509' title='bbox 294 4038 447 4112; x_wconf 76' lang='grc' dir='ltr'>εῖχεν</span> <span class='ocrx_word' id='word_1_510' title='bbox 471 4040 564 4094; x_wconf 78' lang='grc' dir='ltr'>τὸν</span> <span class='ocrx_word' id='word_1_511' title='bbox 589 4039 882 4112; x_wconf 84' lang='grc' dir='ltr'>θησαυρὸν,</span> <span class='ocrx_word' id='word_1_512' title='bbox 909 4039 1104 4102; x_wconf 85' lang='grc' dir='ltr'>τόπους</span> <span class='ocrx_word' id='word_1_513' title='bbox 1130 4042 1196 4093; x_wconf 86' lang='grc' dir='ltr'><strong><em>ἐκ</em></strong></span> <span class='ocrx_word' id='word_1_514' title='bbox 1213 4039 1392 4094; x_wconf 86' lang='grc' dir='ltr'>τόπων</span> <span class='ocrx_word' id='word_1_515' title='bbox 1420 4041 1684 4111; x_wconf 80' lang='grc' dir='ltr'>ἀμείδων,</span> 
     </span>
    </p>
   </div>
   <div class='ocr_carea' id='block_1_70' title="bbox 101 4130 1689 4204">
    <p class='ocr_par' dir='ltr' id='par_1_70' title="bbox 101 4130 1689 4204">
     <span class='ocr_line' id='line_1_70' title="bbox 101 4130 1689 4204; baseline -0.002 -16"><span class='ocrx_word' id='word_1_516' title='bbox 101 4136 197 4188; x_wconf 78' lang='grc' dir='ltr'>καὶ</span> <span class='ocrx_word' id='word_1_517' title='bbox 221 4133 448 4204; x_wconf 83' lang='grc' dir='ltr'>τοίχους</span> <span class='ocrx_word' id='word_1_518' title='bbox 480 4131 546 4185; x_wconf 88' lang='grc' dir='ltr'><strong><em>ἐκ</em></strong></span> <span class='ocrx_word' id='word_1_519' title='bbox 583 4130 800 4202; x_wconf 88' lang='grc' dir='ltr'>τοίχων,</span> <span class='ocrx_word' id='word_1_520' title='bbox 831 4131 925 4184; x_wconf 76' lang='grc' dir='ltr'>καὶ</span> <span class='ocrx_word' id='word_1_521' title='bbox 951 4130 1012 4183; x_wconf 86' lang='grc' dir='ltr'>τὸ</span> <span class='ocrx_word' id='word_1_522' title='bbox 1040 4131 1321 4184; x_wconf 82' lang='grc' dir='ltr'>λανθάνειν</span> <span class='ocrx_word' id='word_1_523' title='bbox 1359 4132 1566 4196; x_wconf 87' lang='grc' dir='ltr'>πάντας</span> <span class='ocrx_word' id='word_1_524' title='bbox 1601 4150 1689 4186; x_wconf 86' lang='grc' dir='ltr'>σο-</span> 
     </span>
    </p>
   </div>
   <div class='ocr_carea' id='block_1_71' title="bbox 102 4221 1687 4298">
    <p class='ocr_par' dir='ltr' id='par_1_71' title="bbox 102 4221 1687 4298">
     <span class='ocr_line' id='line_1_71' title="bbox 102 4221 1687 4298; baseline -0.003 -19"><span class='ocrx_word' id='word_1_525' title='bbox 102 4226 404 4298; x_wconf 80' lang='grc' dir='ltr'>φιζόμενος</span> <span class='ocrx_word' id='word_1_526' title='bbox 433 4222 777 4294; x_wconf 81' lang='grc' dir='ltr'>εὐμηχάνως.</span> <span class='ocrx_word' id='word_1_527' title='bbox 824 4221 1042 4294; x_wconf 83' lang='grc' dir='ltr'>Ἀθρόον</span> <span class='ocrx_word' id='word_1_528' title='bbox 1079 4221 1287 4292; x_wconf 84' lang='grc' dir='ltr'>ἀπῆλθε</span> <span class='ocrx_word' id='word_1_529' title='bbox 1310 4221 1402 4274; x_wconf 88' lang='grc' dir='ltr'><strong><em>τοῦ</em></strong></span> <span class='ocrx_word' id='word_1_530' title='bbox 1429 4222 1565 4292; x_wconf 82' lang='grc' dir='ltr'>βίου,</span> <span class='ocrx_word' id='word_1_531' title='bbox 1595 4223 1687 4276; x_wconf 84' lang='grc' dir='ltr'><strong><em>οὐ-</em></strong></span> 
     </span>
    </p>
   </div>
   <div class='ocr_carea' id='block_1_72' title="bbox 99 4309 1690 4383">
    <p class='ocr_par' dir='ltr' id='par_1_72' title="bbox 99 4309 1690 4383">
     <span class='ocr_line' id='line_1_72' title="bbox 99 4309 1690 4383; baseline -0.004 -13"><span class='ocrx_word' id='word_1_532' title='bbox 99 4317 212 4370; x_wconf 77' lang='grc' dir='ltr'>δενὶ</span> <span class='ocrx_word' id='word_1_533' title='bbox 243 4315 362 4370; x_wconf 84' lang='grc' dir='ltr'><strong><em>τῶν</em></strong></span> <span class='ocrx_word' id='word_1_534' title='bbox 403 4313 624 4367; x_wconf 72' lang='grc' dir='ltr'>οἰκείων</span> <span class='ocrx_word' id='word_1_535' title='bbox 651 4311 1015 4382; x_wconf 78' lang='grc' dir='ltr'>ἐξαγορεύσας</span> <span class='ocrx_word' id='word_1_536' title='bbox 1038 4350 1053 4373; x_wconf 92' lang='grc'><strong><em>,</em></strong></span> <span class='ocrx_word' id='word_1_537' title='bbox 1088 4309 1214 4364; x_wconf 76' lang='grc' dir='ltr'>ἔνθα</span> <span class='ocrx_word' id='word_1_538' title='bbox 1257 4312 1287 4364; x_wconf 83' lang='grc' dir='ltr'>ὁ</span> <span class='ocrx_word' id='word_1_539' title='bbox 1323 4312 1522 4383; x_wconf 84' lang='grc' dir='ltr'>χρυσὸς</span> <span class='ocrx_word' id='word_1_540' title='bbox 1557 4331 1690 4366; x_wconf 86' lang='grc' dir='ltr'>κατ-</span> 
     </span>
    </p>
   </div>
   <div class='ocr_carea' id='block_1_73' title="bbox 100 4398 1686 4478">
    <p class='ocr_par' dir='ltr' id='par_1_73' title="bbox 100 4398 1686 4478">
     <span class='ocr_line' id='line_1_73' title="bbox 100 4398 1686 4478; baseline -0.003 -18"><span class='ocrx_word' id='word_1_541' title='bbox 100 4409 327 4478; x_wconf 83' lang='grc' dir='ltr'>ὡρυκτο</span> <span class='ocrx_word' id='word_1_542' title='bbox 345 4405 484 4475; x_wconf 80' lang='grc'>(58).</span> <span class='ocrx_word' id='word_1_543' title='bbox 509 4402 849 4475; x_wconf 83' lang='grc' dir='ltr'>Κατωρύχθη</span> <span class='ocrx_word' id='word_1_544' title='bbox 885 4403 982 4471; x_wconf 85' lang='grc' dir='ltr'>μὲν</span> <span class='ocrx_word' id='word_1_545' title='bbox 1005 4398 1097 4455; x_wconf 82' lang='grc' dir='ltr'>οὖν</span> <span class='ocrx_word' id='word_1_546' title='bbox 1119 4403 1368 4465; x_wconf 86' lang='grc' dir='ltr'>κάκεῖνος</span> <span class='ocrx_word' id='word_1_547' title='bbox 1395 4402 1457 4455; x_wconf 85' lang='grc' dir='ltr'><strong><em>τὺ</em></strong></span> <span class='ocrx_word' id='word_1_548' title='bbox 1483 4401 1686 4474; x_wconf 82' lang='grc' dir='ltr'>κρύψαι</span> 
     </span>
    </p>
   </div>
   <div class='ocr_carea' id='block_1_74' title="bbox 104 4492 1685 4571">
    <p class='ocr_par' dir='ltr' id='par_1_74' title="bbox 104 4492 1685 4571">
     <span class='ocr_line' id='line_1_74' title="bbox 104 4492 1685 4571; baseline -0.003 -19"><span class='ocrx_word' id='word_1_549' title='bbox 104 4499 401 4571; x_wconf 77' lang='grc' dir='ltr'>κερδάνας.</span> <span class='ocrx_word' id='word_1_550' title='bbox 440 4496 506 4549; x_wconf 86' lang='grc' dir='ltr'>Οί</span> <span class='ocrx_word' id='word_1_551' title='bbox 542 4494 598 4548; x_wconf 85' lang='grc' dir='ltr'><strong><em>δέ</em></strong></span> <span class='ocrx_word' id='word_1_552' title='bbox 629 4494 814 4558; x_wconf 86' lang='grc' dir='ltr'>παῖδες</span> <span class='ocrx_word' id='word_1_553' title='bbox 843 4493 1032 4554; x_wconf 83' lang='grc' dir='ltr'>αὑτοῦ,</span> <span class='ocrx_word' id='word_1_554' title='bbox 1068 4494 1282 4546; x_wconf 88' lang='grc' dir='ltr'>πάντων</span> <span class='ocrx_word' id='word_1_555' title='bbox 1309 4492 1526 4547; x_wconf 78' lang='grc' dir='ltr'>ἔσεσθαι</span> <span class='ocrx_word' id='word_1_556' title='bbox 1574 4495 1685 4547; x_wconf 83' lang='grc' dir='ltr'>τῶν</span> 
     </span>
    </p>
   </div>
   <div class='ocr_carea' id='block_1_75' title="bbox 105 4584 1683 4663">
    <p class='ocr_par' dir='ltr' id='par_1_75' title="bbox 105 4584 1683 4663">
     <span class='ocr_line' id='line_1_75' title="bbox 105 4584 1683 4663; baseline -0.004 -17"><span class='ocrx_word' id='word_1_557' title='bbox 105 4597 160 4647; x_wconf 83' lang='grc' dir='ltr'><strong><em>ἐν</em></strong></span> <span class='ocrx_word' id='word_1_558' title='bbox 201 4595 272 4663; x_wconf 81' lang='grc' dir='ltr'>τῇ</span> <span class='ocrx_word' id='word_1_559' title='bbox 331 4590 491 4642; x_wconf 83' lang='grc' dir='ltr'>πόλει</span> <span class='ocrx_word' id='word_1_560' title='bbox 530 4587 896 4660; x_wconf 85' lang='grc' dir='ltr'>λαμπρότεροι</span> <span class='ocrx_word' id='word_1_561' title='bbox 940 4586 1032 4640; x_wconf 76' lang='grc' dir='ltr'>διὰ</span> <span class='ocrx_word' id='word_1_562' title='bbox 1077 4584 1304 4639; x_wconf 87' lang='grc' dir='ltr'>πλοῦτον</span> <span class='ocrx_word' id='word_1_563' title='bbox 1347 4586 1683 4651; x_wconf 88' lang='grc' dir='ltr'>ἐλπίσαντες,</span> 
     </span>
    </p>
   </div>
   <div class='ocr_carea' id='block_1_76' title="bbox 100 4676 1688 4754">
    <p class='ocr_par' dir='ltr' id='par_1_76' title="bbox 100 4676 1688 4754">
     <span class='ocr_line' id='line_1_76' title="bbox 100 4676 1688 4754; baseline -0.003 -17"><span class='ocrx_word' id='word_1_564' title='bbox 100 4683 357 4754; x_wconf 75' lang='grc' dir='ltr'>ἠρεύνων</span> <span class='ocrx_word' id='word_1_565' title='bbox 381 4679 682 4750; x_wconf 88' lang='grc' dir='ltr'>πανταχοῦ,</span> <span class='ocrx_word' id='word_1_566' title='bbox 703 4681 831 4748; x_wconf 77' lang='grc' dir='ltr'>παρ’</span> <span class='ocrx_word' id='word_1_567' title='bbox 853 4678 1096 4750; x_wconf 85' lang='grc' dir='ltr'>ἀλλήλων</span> <span class='ocrx_word' id='word_1_568' title='bbox 1115 4676 1543 4745; x_wconf 84' lang='grc' dir='ltr'>διεπυνθάνοντο,</span> <span class='ocrx_word' id='word_1_569' title='bbox 1563 4680 1688 4742; x_wconf 81' lang='grc' dir='ltr'>τοὺς</span> 
     </span>
    </p>
   </div>
   <div class='ocr_carea' id='block_1_77' title="bbox 101 4768 1683 4842">
    <p class='ocr_par' dir='ltr' id='par_1_77' title="bbox 101 4768 1683 4842">
     <span class='ocr_line' id='line_1_77' title="bbox 101 4768 1683 4842; baseline -0.006 -13"><span class='ocrx_word' id='word_1_570' title='bbox 101 4775 325 4838; x_wconf 80' lang='grc' dir='ltr'>οἰκέτας</span> <span class='ocrx_word' id='word_1_571' title='bbox 363 4773 667 4842; x_wconf 80' lang='grc' dir='ltr'>ἀνέκρινον,</span> <span class='ocrx_word' id='word_1_572' title='bbox 703 4770 775 4823; x_wconf 82' lang='grc' dir='ltr'><strong><em>τά</em></strong></span> <span class='ocrx_word' id='word_1_573' title='bbox 813 4770 986 4840; x_wconf 84' lang='grc' dir='ltr'>ἐδάφη</span> <span class='ocrx_word' id='word_1_574' title='bbox 1014 4769 1122 4822; x_wconf 83' lang='grc' dir='ltr'><strong><em>τῶν</em></strong></span> <span class='ocrx_word' id='word_1_575' title='bbox 1158 4768 1323 4822; x_wconf 81' lang='grc' dir='ltr'>οίκων</span> <span class='ocrx_word' id='word_1_576' title='bbox 1358 4770 1683 4840; x_wconf 80' lang='grc' dir='ltr'>άνώρυττον,</span> 
     </span>
    </p>
   </div>
   <div class='ocr_carea' id='block_1_78' title="bbox 99 4861 1688 4936">
    <p class='ocr_par' dir='ltr' id='par_1_78' title="bbox 99 4861 1688 4936">
     <span class='ocr_line' id='line_1_78' title="bbox 99 4861 1688 4936; baseline -0.005 -14"><span class='ocrx_word' id='word_1_577' title='bbox 99 4870 225 4931; x_wconf 80' lang='grc' dir='ltr'>τοὺς</span> <span class='ocrx_word' id='word_1_578' title='bbox 260 4865 486 4936; x_wconf 84' lang='grc' dir='ltr'>τοίχους</span> <span class='ocrx_word' id='word_1_579' title='bbox 522 4863 838 4928; x_wconf 60' lang='grc' dir='ltr'>ὑπκὲνουν,</span> <span class='ocrx_word' id='word_1_580' title='bbox 876 4862 976 4926; x_wconf 77' lang='grc' dir='ltr'>τὰς</span> <span class='ocrx_word' id='word_1_581' title='bbox 1007 4861 1114 4915; x_wconf 85' lang='grc' dir='ltr'><strong><em>τῶν</em></strong></span> <span class='ocrx_word' id='word_1_582' title='bbox 1140 4861 1394 4930; x_wconf 82' lang='grc' dir='ltr'>γειτόνων</span> <span class='ocrx_word' id='word_1_583' title='bbox 1429 4862 1520 4914; x_wconf 71' lang='grc' dir='ltr'>καὶ</span> <span class='ocrx_word' id='word_1_584' title='bbox 1547 4879 1688 4930; x_wconf 88' lang='grc' dir='ltr'>γνω-</span> 
     </span>
    </p>
   </div>
   <div class='ocr_carea' id='block_1_79' title="bbox 100 4950 1684 5029">
    <p class='ocr_par' dir='ltr' id='par_1_79' title="bbox 100 4950 1684 5029">
     <span class='ocr_line' id='line_1_79' title="bbox 100 4950 1684 5029; baseline -0.003 -19"><span class='ocrx_word' id='word_1_585' title='bbox 100 4961 284 5029; x_wconf 83' lang='grc' dir='ltr'>ρίμων</span> <span class='ocrx_word' id='word_1_586' title='bbox 314 4955 496 5017; x_wconf 74' lang='grc' dir='ltr'>οἰκίας</span> <span class='ocrx_word' id='word_1_587' title='bbox 527 4952 1066 5024; x_wconf 83' lang='grc' dir='ltr'>ἐπολυπραγμόνουν,</span> <span class='ocrx_word' id='word_1_588' title='bbox 1093 4951 1271 5004; x_wconf 87' lang='grc' dir='ltr'>πάντα</span> <span class='ocrx_word' id='word_1_589' title='bbox 1292 4951 1349 5004; x_wconf 84' lang='grc' dir='ltr'>δὲ</span> <span class='ocrx_word' id='word_1_590' title='bbox 1375 4950 1520 5003; x_wconf 85' lang='grc' dir='ltr'>λίθον</span> <span class='ocrx_word' id='word_1_591' title='bbox 1548 4952 1684 5020; x_wconf 83' lang='grc'>(59),</span> 
     </span>
    </p>
   </div>
   <div class='ocr_carea' id='block_1_80' title="bbox 95 5037 1684 5116">
    <p class='ocr_par' dir='ltr' id='par_1_80' title="bbox 95 5037 1684 5116">
     <span class='ocr_line' id='line_1_80' title="bbox 95 5037 1684 5116; baseline -0.006 -13"><span class='ocrx_word' id='word_1_592' title='bbox 95 5054 154 5104; x_wconf 68' lang='grc' dir='ltr'>τὸ</span> <span class='ocrx_word' id='word_1_593' title='bbox 185 5048 292 5101; x_wconf 82' lang='grc' dir='ltr'><strong><em>τοῦ</em></strong></span> <span class='ocrx_word' id='word_1_594' title='bbox 317 5047 501 5115; x_wconf 79' lang='grc' dir='ltr'>λόγου,</span> <span class='ocrx_word' id='word_1_595' title='bbox 529 5046 864 5116; x_wconf 78' lang='grc' dir='ltr'>κινήσαντες,</span> <span class='ocrx_word' id='word_1_596' title='bbox 889 5037 1045 5114; x_wconf 75' lang='grc' dir='ltr'>εὗρον</span> <span class='ocrx_word' id='word_1_597' title='bbox 1065 5042 1170 5095; x_wconf 79' lang='grc' dir='ltr'>οὐδ’</span> <span class='ocrx_word' id='word_1_598' title='bbox 1195 5042 1400 5096; x_wconf 74' lang='grc' dir='ltr'>ὀϐολόν.</span> <span class='ocrx_word' id='word_1_599' title='bbox 1433 5043 1684 5110; x_wconf 78' lang='grc' dir='ltr'>Διὰγουσι</span> 
     </span>
    </p>
   </div>
   <div class='ocr_carea' id='block_1_81' title="bbox 165 5221 1284 5288">
    <p class='ocr_par' dir='ltr' id='par_1_81' title="bbox 165 5221 1284 5288">
     <span class='ocr_line' id='line_1_81' title="bbox 165 5221 1284 5288; baseline -0.01 -4"><span class='ocrx_word' id='word_1_600' title='bbox 165 5231 208 5263; x_wconf 83' lang='grc'>⁸¹</span> <span class='ocrx_word' id='word_1_601' title='bbox 246 5225 408 5282; x_wconf 83' lang='lat' dir='ltr'><strong><em>Psal.</em></strong></span> <span class='ocrx_word' id='word_1_602' title='bbox 437 5239 555 5288; x_wconf 80' lang='grc' dir='ltr'>ιιν,</span> <span class='ocrx_word' id='word_1_603' title='bbox 586 5223 643 5277; x_wconf 82' lang='grc'>5.</span> <span class='ocrx_word' id='word_1_604' title='bbox 717 5224 758 5254; x_wconf 78' lang='grc'><strong><em>⁸³</em></strong></span> <span class='ocrx_word' id='word_1_605' title='bbox 799 5221 968 5277; x_wconf 80' lang='lat' dir='ltr'><strong><em>Exod.</em></strong></span> <span class='ocrx_word' id='word_1_606' title='bbox 1000 5237 1135 5288; x_wconf 77' lang='lat' dir='ltr'><strong><em>nn,</em></strong></span> <span class='ocrx_word' id='word_1_607' title='bbox 1193 5221 1284 5276; x_wconf 75' lang='lat'><strong><em>25.</em></strong></span> 
     </span>
    </p>
   </div>
   <div class='ocr_carea' id='block_1_82' title="bbox 102 5483 206 5516">
    <p class='ocr_par' dir='ltr' id='par_1_82' title="bbox 102 5483 206 5516">
     <span class='ocr_line' id='line_1_82' title="bbox 102 5483 206 5516; baseline 0.01 -1"><span class='ocrx_word' id='word_1_608' title='bbox 102 5483 206 5516; x_wconf 71' lang='grc' dir='ltr'>τος.</span> 
     </span>
    </p>
   </div>
   <div class='ocr_carea' id='block_1_83' title="bbox 155 5506 1686 5604">
    <p class='ocr_par' dir='ltr' id='par_1_83' title="bbox 155 5506 1686 5604">
     <span class='ocr_line' id='line_1_83' title="bbox 155 5506 1686 5604; baseline -0.006 -17"><span class='ocrx_word' id='word_1_609' title='bbox 155 5506 288 5604; x_wconf 62' lang='grc' dir='ltr'>ξὲδ)</span> <span class='ocrx_word' id='word_1_610' title='bbox 317 5529 436 5604; x_wconf 74' lang='grc' dir='ltr'>Καί</span> <span class='ocrx_word' id='word_1_611' title='bbox 466 5527 676 5604; x_wconf 49' lang='grc' dir='ltr'>ιτα-βά.</span> <span class='ocrx_word' id='word_1_612' title='bbox 730 5529 824 5604; x_wconf 72' lang='grc' dir='ltr'>καὶ</span> <span class='ocrx_word' id='word_1_613' title='bbox 851 5528 906 5604; x_wconf 65' lang='grc' dir='ltr'><strong><em>τι</em></strong></span> <span class='ocrx_word' id='word_1_614' title='bbox 939 5543 1064 5582; x_wconf 90' lang='lat' dir='ltr'><strong><em>cum</em></strong></span> <span class='ocrx_word' id='word_1_615' title='bbox 1118 5527 1384 5584; x_wconf 87' lang='lat' dir='ltr'><strong><em>asterisco</em></strong></span> <span class='ocrx_word' id='word_1_616' title='bbox 1432 5533 1556 5599; x_wconf 89' lang='lat' dir='ltr'><strong><em>post</em></strong></span> <span class='ocrx_word' id='word_1_617' title='bbox 1614 5520 1686 5578; x_wconf 70' lang='grc' dir='ltr'>τὶ.</span> 
     </span>
    </p>
   </div>
   <div class='ocr_carea' id='block_1_84' title="bbox 94 5597 913 5668">
    <p class='ocr_par' dir='ltr' id='par_1_84' title="bbox 94 5597 913 5668">
     <span class='ocr_line' id='line_1_84' title="bbox 94 5597 913 5668; baseline -0.007 -12"><span class='ocrx_word' id='word_1_618' title='bbox 94 5597 326 5658; x_wconf 68' lang='lat' dir='ltr'><strong><em>lacuna:</em></strong></span> <span class='ocrx_word' id='word_1_619' title='bbox 354 5601 514 5668; x_wconf 72' lang='lat' dir='ltr'><strong><em>signo</em></strong></span> <span class='ocrx_word' id='word_1_620' title='bbox 547 5597 687 5651; x_wconf 83' lang='lat' dir='ltr'><strong><em>Mon.</em></strong></span> <span class='ocrx_word' id='word_1_621' title='bbox 713 5599 807 5650; x_wconf 83' lang='grc' dir='ltr'>καὶ</span> <span class='ocrx_word' id='word_1_622' title='bbox 826 5599 913 5668; x_wconf 84' lang='grc' dir='ltr'>τῆ.</span> 
     </span>
    </p>
   </div>
   <div class='ocr_carea' id='block_1_85' title="bbox 161 5667 1056 5742">
    <p class='ocr_par' dir='ltr' id='par_1_85' title="bbox 161 5667 1056 5742">
     <span class='ocr_line' id='line_1_85' title="bbox 161 5667 1056 5742; baseline -0.006 -16"><span class='ocrx_word' id='word_1_623' title='bbox 161 5675 291 5742; x_wconf 72' lang='grc'>(56)</span> <span class='ocrx_word' id='word_1_624' title='bbox 321 5667 606 5742; x_wconf 64' lang='grc' dir='ltr'>Τοίοῆτοι.</span> <span class='ocrx_word' id='word_1_625' title='bbox 652 5668 792 5742; x_wconf 70' lang='lat' dir='ltr'><strong><em>Men.</em></strong></span> <span class='ocrx_word' id='word_1_626' title='bbox 829 5667 1056 5722; x_wconf 86' lang='grc' dir='ltr'>τοιοῦτο.</span> 
     </span>
    </p>
   </div>
   <div class='ocr_carea' id='block_1_86' title="bbox 165 5737 1150 5816">
    <p class='ocr_par' dir='ltr' id='par_1_86' title="bbox 165 5737 1150 5816">
     <span class='ocr_line' id='line_1_86' title="bbox 165 5737 1150 5816; baseline -0.025 -15"><span class='ocrx_word' id='word_1_627' title='bbox 165 5737 295 5816; x_wconf 78' lang='grc'>(57)</span> <span class='ocrx_word' id='word_1_628' title='bbox 345 5738 691 5808; x_wconf 80' lang='grc' dir='ltr'>Συνέχειαν.</span> <span class='ocrx_word' id='word_1_629' title='bbox 721 5739 842 5792; x_wconf 74' lang='lat' dir='ltr'><strong><em>Man</em></strong></span> <span class='ocrx_word' id='word_1_630' title='bbox 895 5737 1150 5807; x_wconf 64' lang='grc' dir='ltr'>συνεχῶς,</span> 
     </span>
    </p>
   </div>
   <div class='ocr_carea' id='block_1_87' title="bbox 162 5384 1693 5463">
    <p class='ocr_par' dir='ltr' id='par_1_87' title="bbox 162 5384 1693 5463">
     <span class='ocr_line' id='line_1_87' title="bbox 162 5384 1693 5463; baseline -0.007 -14"><span class='ocrx_word' id='word_1_631' title='bbox 162 5393 291 5463; x_wconf 69' lang='grc'>(54)</span> <span class='ocrx_word' id='word_1_632' title='bbox 333 5389 679 5454; x_wconf 60' lang='grc' dir='ltr'>’Δνόνητοᾳ</span> <span class='ocrx_word' id='word_1_633' title='bbox 716 5385 806 5442; x_wconf 89' lang='lat' dir='ltr'><strong><em>Sic</em></strong></span> <span class='ocrx_word' id='word_1_634' title='bbox 856 5390 1071 5444; x_wconf 83' lang='lat' dir='ltr'><strong><em>correxi</em></strong></span> <span class='ocrx_word' id='word_1_635' title='bbox 1119 5387 1313 5442; x_wconf 84' lang='lat' dir='ltr'><strong><em>vitium</em></strong></span> <span class='ocrx_word' id='word_1_636' title='bbox 1360 5387 1459 5441; x_wconf 83' lang='lat' dir='ltr'><strong><em>Ed.</em></strong></span> <span class='ocrx_word' id='word_1_637' title='bbox 1485 5384 1693 5455; x_wconf 81' lang='grc' dir='ltr'>ἀνώνη·</span> 
     </span>
    </p>
   </div>
   <div class='ocr_carea' id='block_1_88' title="bbox 1785 3218 3348 3288">
    <p class='ocr_par' dir='ltr' id='par_1_88' title="bbox 1785 3218 3348 3288">
     <span class='ocr_line' id='line_1_88' title="bbox 1785 3218 3348 3288; baseline -0.003 -15"><span class='ocrx_word' id='word_1_638' title='bbox 1785 3232 2026 3288; x_wconf 89' lang='lat' dir='ltr'><strong><em>unquam</em></strong></span> <span class='ocrx_word' id='word_1_639' title='bbox 2054 3218 2162 3272; x_wconf 93' lang='lat' dir='ltr'><strong><em>nisi</em></strong></span> <span class='ocrx_word' id='word_1_640' title='bbox 2193 3232 2406 3272; x_wconf 89' lang='lat' dir='ltr'><strong><em>summa</em></strong></span> <span class='ocrx_word' id='word_1_641' title='bbox 2441 3219 2770 3272; x_wconf 82' lang='lat' dir='ltr'><strong><em>necessitate</em></strong></span> <span class='ocrx_word' id='word_1_642' title='bbox 2816 3224 3044 3271; x_wconf 88' lang='lat' dir='ltr'><strong><em>coactus</em></strong></span> <span class='ocrx_word' id='word_1_643' title='bbox 3090 3225 3348 3281; x_wconf 84' lang='lat' dir='ltr'><strong><em>mutaret,</em></strong></span> 
     </span>
    </p>
   </div>
   <div class='ocr_carea' id='block_1_89' title="bbox 1783 3307 3354 3378">
    <p class='ocr_par' dir='ltr' id='par_1_89' title="bbox 1783 3307 3354 3378">
     <span class='ocr_line' id='line_1_89' title="bbox 1783 3307 3354 3378; baseline -0.003 -14"><span class='ocrx_word' id='word_1_644' title='bbox 1783 3324 1963 3378; x_wconf 86' lang='lat' dir='ltr'><strong><em>neque</em></strong></span> <span class='ocrx_word' id='word_1_645' title='bbox 2001 3309 2188 3364; x_wconf 84' lang='lat' dir='ltr'><strong><em>liberis</em></strong></span> <span class='ocrx_word' id='word_1_646' title='bbox 2237 3308 2352 3364; x_wconf 88' lang='lat' dir='ltr'><strong><em>suis</em></strong></span> <span class='ocrx_word' id='word_1_647' title='bbox 2404 3309 2714 3364; x_wconf 85' lang='lat' dir='ltr'><strong><em>necessaria</em></strong></span> <span class='ocrx_word' id='word_1_648' title='bbox 2767 3309 2835 3363; x_wconf 87' lang='lat' dir='ltr'><strong><em>ad</em></strong></span> <span class='ocrx_word' id='word_1_649' title='bbox 2870 3308 3069 3362; x_wconf 81' lang='lat' dir='ltr'><strong><em>victum</em></strong></span> <span class='ocrx_word' id='word_1_650' title='bbox 3101 3307 3354 3376; x_wconf 85' lang='lat' dir='ltr'><strong><em>suppedi-</em></strong></span> 
     </span>
    </p>
   </div>
   <div class='ocr_carea' id='block_1_90' title="bbox 1785 3396 3351 3462">
    <p class='ocr_par' dir='ltr' id='par_1_90' title="bbox 1785 3396 3351 3462">
     <span class='ocr_line' id='line_1_90' title="bbox 1785 3396 3351 3462; baseline -0.002 -9"><span class='ocrx_word' id='word_1_651' title='bbox 1785 3409 1944 3462; x_wconf 86' lang='lat' dir='ltr'><strong><em>taret,</em></strong></span> <span class='ocrx_word' id='word_1_652' title='bbox 1996 3413 2094 3452; x_wconf 89' lang='lat' dir='ltr'><strong><em>nec</em></strong></span> <span class='ocrx_word' id='word_1_653' title='bbox 2126 3398 2337 3453; x_wconf 86' lang='lat' dir='ltr'><strong><em>balneis</em></strong></span> <span class='ocrx_word' id='word_1_654' title='bbox 2387 3405 2633 3453; x_wconf 82' lang='lat' dir='ltr'><strong><em>uteretur</em></strong></span> <span class='ocrx_word' id='word_1_655' title='bbox 2655 3405 2802 3452; x_wconf 90' lang='lat' dir='ltr'><strong><em>metu</em></strong></span> <span class='ocrx_word' id='word_1_656' title='bbox 2842 3396 3104 3452; x_wconf 85' lang='lat' dir='ltr'><strong><em>mercedis</em></strong></span> <span class='ocrx_word' id='word_1_657' title='bbox 3143 3397 3351 3450; x_wconf 89' lang='lat' dir='ltr'><strong><em>triobo-</em></strong></span> 
     </span>
    </p>
   </div>
   <div class='ocr_carea' id='block_1_91' title="bbox 1784 3487 3352 3559">
    <p class='ocr_par' dir='ltr' id='par_1_91' title="bbox 1784 3487 3352 3559">
     <span class='ocr_line' id='line_1_91' title="bbox 1784 3487 3352 3559; baseline -0.003 -16"><span class='ocrx_word' id='word_1_658' title='bbox 1784 3489 1958 3555; x_wconf 88' lang='lat' dir='ltr'><strong><em>laris;</em></strong></span> <span class='ocrx_word' id='word_1_659' title='bbox 2002 3497 2264 3559; x_wconf 89' lang='lat' dir='ltr'><strong><em>perpetuo</em></strong></span> <span class='ocrx_word' id='word_1_660' title='bbox 2317 3489 2374 3542; x_wconf 92' lang='lat' dir='ltr'><strong><em>in</em></strong></span> <span class='ocrx_word' id='word_1_661' title='bbox 2417 3489 2470 3543; x_wconf 89' lang='lat' dir='ltr'><strong><em>id</em></strong></span> <span class='ocrx_word' id='word_1_662' title='bbox 2532 3505 2699 3543; x_wconf 84' lang='lat' dir='ltr'><strong><em>unum</em></strong></span> <span class='ocrx_word' id='word_1_663' title='bbox 2755 3487 3028 3553; x_wconf 89' lang='lat' dir='ltr'><strong><em>intentus,</em></strong></span> <span class='ocrx_word' id='word_1_664' title='bbox 3082 3489 3352 3559; x_wconf 78' lang='lat' dir='ltr'><strong><em>quomodo</em></strong></span> 
     </span>
    </p>
   </div>
   <div class='ocr_carea' id='block_1_92' title="bbox 1783 3581 3354 3653">
    <p class='ocr_par' dir='ltr' id='par_1_92' title="bbox 1783 3581 3354 3653">
     <span class='ocr_line' id='line_1_92' title="bbox 1783 3581 3354 3653; baseline -0.002 -14"><span class='ocrx_word' id='word_1_665' title='bbox 1783 3598 1998 3653; x_wconf 88' lang='lat' dir='ltr'><strong><em>semper</em></strong></span> <span class='ocrx_word' id='word_1_666' title='bbox 2040 3581 2212 3652; x_wconf 81' lang='lat' dir='ltr'><strong><em>magis</em></strong></span> <span class='ocrx_word' id='word_1_667' title='bbox 2246 3589 2409 3651; x_wconf 89' lang='lat' dir='ltr'><strong><em>atque</em></strong></span> <span class='ocrx_word' id='word_1_668' title='bbox 2445 3581 2615 3652; x_wconf 81' lang='lat' dir='ltr'><strong><em>magis</em></strong></span> <span class='ocrx_word' id='word_1_669' title='bbox 2658 3583 2902 3651; x_wconf 68' lang='lat' dir='ltr'><strong><em>pecunia:</em></strong></span> <span class='ocrx_word' id='word_1_670' title='bbox 2939 3597 3226 3636; x_wconf 86' lang='lat' dir='ltr'><strong><em>numerum</em></strong></span> <span class='ocrx_word' id='word_1_671' title='bbox 3255 3597 3354 3636; x_wconf 81' lang='lat' dir='ltr'><strong><em>au-</em></strong></span> 
     </span>
    </p>
   </div>
   <div class='ocr_carea' id='block_1_93' title="bbox 1783 3671 3354 3744">
    <p class='ocr_par' dir='ltr' id='par_1_93' title="bbox 1783 3671 3354 3744">
     <span class='ocr_line' id='line_1_93' title="bbox 1783 3671 3354 3744; baseline -0.003 -15"><span class='ocrx_word' id='word_1_672' title='bbox 1783 3683 1955 3744; x_wconf 74' lang='lat' dir='ltr'><strong><em>geret.</em></strong></span> <span class='ocrx_word' id='word_1_673' title='bbox 1995 3671 2180 3743; x_wconf 85' lang='lat' dir='ltr'><strong><em>Neque</em></strong></span> <span class='ocrx_word' id='word_1_674' title='bbox 2211 3673 2498 3743; x_wconf 89' lang='lat' dir='ltr'><strong><em>quemdam</em></strong></span> <span class='ocrx_word' id='word_1_675' title='bbox 2535 3673 2670 3728; x_wconf 89' lang='lat' dir='ltr'><strong><em>satis</em></strong></span> <span class='ocrx_word' id='word_1_676' title='bbox 2719 3672 2885 3726; x_wconf 87' lang='lat' dir='ltr'><strong><em>fidum</em></strong></span> <span class='ocrx_word' id='word_1_677' title='bbox 2931 3688 3202 3728; x_wconf 68' lang='lat' dir='ltr'><strong><em>crumena:</em></strong></span> <span class='ocrx_word' id='word_1_678' title='bbox 3241 3688 3354 3727; x_wconf 66' lang='lat' dir='ltr'><strong><em>suae</em></strong></span> 
     </span>
    </p>
   </div>
   <div class='ocr_carea' id='block_1_94' title="bbox 1784 3763 3350 3828">
    <p class='ocr_par' dir='ltr' id='par_1_94' title="bbox 1784 3763 3350 3828">
     <span class='ocr_line' id='line_1_94' title="bbox 1784 3763 3350 3828; baseline -0.004 -6"><span class='ocrx_word' id='word_1_679' title='bbox 1784 3766 2062 3822; x_wconf 87' lang='lat' dir='ltr'><strong><em>custodem</em></strong></span> <span class='ocrx_word' id='word_1_680' title='bbox 2118 3765 2504 3828; x_wconf 84' lang='lat' dir='ltr'><strong><em>arbitrabatur,</em></strong></span> <span class='ocrx_word' id='word_1_681' title='bbox 2548 3781 2659 3818; x_wconf 88' lang='lat' dir='ltr'><strong><em>non</em></strong></span> <span class='ocrx_word' id='word_1_682' title='bbox 2691 3763 2884 3828; x_wconf 89' lang='lat' dir='ltr'><strong><em>filium,</em></strong></span> <span class='ocrx_word' id='word_1_683' title='bbox 2927 3779 3032 3817; x_wconf 90' lang='lat' dir='ltr'><strong><em>non</em></strong></span> <span class='ocrx_word' id='word_1_684' title='bbox 3087 3779 3304 3818; x_wconf 88' lang='lat' dir='ltr'><strong><em>servum</em></strong></span> <span class='ocrx_word' id='word_1_685' title='bbox 3332 3801 3350 3825; x_wconf 89' lang='lat'><strong><em>,</em></strong></span> 
     </span>
    </p>
   </div>
   <div class='ocr_carea' id='block_1_95' title="bbox 1785 3856 3350 3927">
    <p class='ocr_par' dir='ltr' id='par_1_95' title="bbox 1785 3856 3350 3927">
     <span class='ocr_line' id='line_1_95' title="bbox 1785 3856 3350 3927; baseline -0.001 -15"><span class='ocrx_word' id='word_1_686' title='bbox 1785 3875 1893 3912; x_wconf 90' lang='lat' dir='ltr'><strong><em>non</em></strong></span> <span class='ocrx_word' id='word_1_687' title='bbox 1950 3857 2287 3927; x_wconf 86' lang='lat' dir='ltr'><strong><em>trapezitam,</em></strong></span> <span class='ocrx_word' id='word_1_688' title='bbox 2346 3872 2453 3911; x_wconf 91' lang='lat' dir='ltr'><strong><em>non</em></strong></span> <span class='ocrx_word' id='word_1_689' title='bbox 2496 3857 2740 3919; x_wconf 85' lang='lat' dir='ltr'><strong><em>clavem,</em></strong></span> <span class='ocrx_word' id='word_1_690' title='bbox 2783 3871 2893 3910; x_wconf 90' lang='lat' dir='ltr'><strong><em>non</em></strong></span> <span class='ocrx_word' id='word_1_691' title='bbox 2951 3856 3187 3927; x_wconf 78' lang='lat' dir='ltr'><strong><em>sigillum</em></strong></span> <span class='ocrx_word' id='word_1_692' title='bbox 3220 3896 3236 3918; x_wconf 90' lang='lat'><strong><em>,</em></strong></span> <span class='ocrx_word' id='word_1_693' title='bbox 3295 3859 3350 3910; x_wconf 90' lang='lat' dir='ltr'><strong><em>in</em></strong></span> 
     </span>
    </p>
   </div>
   <div class='ocr_carea' id='block_1_96' title="bbox 1785 3947 3348 4022">
    <p class='ocr_par' dir='ltr' id='par_1_96' title="bbox 1785 3947 3348 4022">
     <span class='ocr_line' id='line_1_96' title="bbox 1785 3947 3348 4022; baseline -0.001 -19"><span class='ocrx_word' id='word_1_694' title='bbox 1785 3951 2051 4022; x_wconf 88' lang='lat' dir='ltr'><strong><em>parietum</em></strong></span> <span class='ocrx_word' id='word_1_695' title='bbox 2098 3949 2314 4018; x_wconf 80' lang='lat' dir='ltr'><strong><em>angulis</em></strong></span> <span class='ocrx_word' id='word_1_696' title='bbox 2343 3955 2397 4002; x_wconf 91' lang='lat' dir='ltr'><strong><em>et</em></strong></span> <span class='ocrx_word' id='word_1_697' title='bbox 2437 3947 2768 4011; x_wconf 87' lang='lat' dir='ltr'><strong><em>recessibus,</em></strong></span> <span class='ocrx_word' id='word_1_698' title='bbox 2815 3948 2930 4001; x_wconf 93' lang='lat' dir='ltr'><strong><em>luto</em></strong></span> <span class='ocrx_word' id='word_1_699' title='bbox 2991 3948 3299 4016; x_wconf 86' lang='lat' dir='ltr'><strong><em>superillito</em></strong></span> <span class='ocrx_word' id='word_1_700' title='bbox 3333 3987 3348 4009; x_wconf 89' lang='lat'><strong>.</strong></span> 
     </span>
    </p>
   </div>
   <div class='ocr_carea' id='block_1_97' title="bbox 1785 4039 3349 4109">
    <p class='ocr_par' dir='ltr' id='par_1_97' title="bbox 1785 4039 3349 4109">
     <span class='ocr_line' id='line_1_97' title="bbox 1785 4039 3349 4109; baseline -0.003 -14"><span class='ocrx_word' id='word_1_701' title='bbox 1785 4041 1991 4096; x_wconf 90' lang='lat' dir='ltr'><strong><em>invisas</em></strong></span> <span class='ocrx_word' id='word_1_702' title='bbox 2019 4039 2262 4103; x_wconf 81' lang='lat' dir='ltr'><strong><em>divitias,</em></strong></span> <span class='ocrx_word' id='word_1_703' title='bbox 2309 4047 2364 4094; x_wconf 88' lang='lat' dir='ltr'><strong><em>et</em></strong></span> <span class='ocrx_word' id='word_1_704' title='bbox 2397 4040 2636 4109; x_wconf 86' lang='lat' dir='ltr'><strong><em>ignotum</em></strong></span> <span class='ocrx_word' id='word_1_705' title='bbox 2661 4039 2978 4093; x_wconf 86' lang='lat' dir='ltr'><strong><em>asservabat</em></strong></span> <span class='ocrx_word' id='word_1_706' title='bbox 3006 4039 3349 4102; x_wconf 88' lang='lat' dir='ltr'><strong><em>thesaurum,</em></strong></span> 
     </span>
    </p>
   </div>
   <div class='ocr_carea' id='block_1_98' title="bbox 1786 4129 3348 4203">
    <p class='ocr_par' dir='ltr' id='par_1_98' title="bbox 1786 4129 3348 4203">
     <span class='ocr_line' id='line_1_98' title="bbox 1786 4129 3348 4203; baseline -0.003 -15"><span class='ocrx_word' id='word_1_707' title='bbox 1786 4134 1960 4203; x_wconf 90' lang='lat' dir='ltr'><strong><em>deque</em></strong></span> <span class='ocrx_word' id='word_1_708' title='bbox 1990 4131 2110 4187; x_wconf 91' lang='lat' dir='ltr'><strong><em>loco</em></strong></span> <span class='ocrx_word' id='word_1_709' title='bbox 2136 4130 2204 4184; x_wconf 88' lang='lat' dir='ltr'><strong><em>ad</em></strong></span> <span class='ocrx_word' id='word_1_710' title='bbox 2251 4131 2432 4184; x_wconf 91' lang='lat' dir='ltr'><strong><em>locum</em></strong></span> <span class='ocrx_word' id='word_1_711' title='bbox 2476 4139 2531 4184; x_wconf 91' lang='lat' dir='ltr'><strong><em>et</em></strong></span> <span class='ocrx_word' id='word_1_712' title='bbox 2582 4129 2650 4183; x_wconf 89' lang='lat' dir='ltr'><strong><em>de</em></strong></span> <span class='ocrx_word' id='word_1_713' title='bbox 2701 4130 2906 4199; x_wconf 89' lang='lat' dir='ltr'><strong><em>pariete</em></strong></span> <span class='ocrx_word' id='word_1_714' title='bbox 2951 4131 3017 4183; x_wconf 90' lang='lat' dir='ltr'><strong><em>ad</em></strong></span> <span class='ocrx_word' id='word_1_715' title='bbox 3053 4131 3348 4199; x_wconf 78' lang='lat' dir='ltr'><strong><em>parietem,</em></strong></span> 
     </span>
    </p>
   </div>
   <div class='ocr_carea' id='block_1_99' title="bbox 1787 4221 3353 4284">
    <p class='ocr_par' dir='ltr' id='par_1_99' title="bbox 1787 4221 3353 4284">
     <span class='ocr_line' id='line_1_99' title="bbox 1787 4221 3353 4284; baseline 0.002 -7"><span class='ocrx_word' id='word_1_716' title='bbox 1787 4227 1905 4282; x_wconf 85' lang='lat' dir='ltr'><strong><em>sine</em></strong></span> <span class='ocrx_word' id='word_1_717' title='bbox 1961 4222 2370 4278; x_wconf 88' lang='lat' dir='ltr'><strong><em>intermissione</em></strong></span> <span class='ocrx_word' id='word_1_718' title='bbox 2424 4221 2808 4284; x_wconf 85' lang='lat' dir='ltr'><strong><em>transferebat,</em></strong></span> <span class='ocrx_word' id='word_1_719' title='bbox 2854 4229 2914 4276; x_wconf 92' lang='lat' dir='ltr'><strong><em>ut</em></strong></span> <span class='ocrx_word' id='word_1_720' title='bbox 2982 4222 3086 4277; x_wconf 91' lang='lat' dir='ltr'><strong><em>hac</em></strong></span> <span class='ocrx_word' id='word_1_721' title='bbox 3143 4225 3353 4280; x_wconf 87' lang='lat' dir='ltr'><strong><em>ratione</em></strong></span> 
     </span>
    </p>
   </div>
   <div class='ocr_carea' id='block_1_100' title="bbox 1787 4312 3346 4382">
    <p class='ocr_par' dir='ltr' id='par_1_100' title="bbox 1787 4312 3346 4382">
     <span class='ocr_line' id='line_1_100' title="bbox 1787 4312 3346 4382; baseline -0.002 -9"><span class='ocrx_word' id='word_1_722' title='bbox 1787 4333 1976 4372; x_wconf 88' lang='lat' dir='ltr'><strong><em>omnes</em></strong></span> <span class='ocrx_word' id='word_1_723' title='bbox 2027 4317 2234 4370; x_wconf 86' lang='lat' dir='ltr'><strong><em>lateret.</em></strong></span> <span class='ocrx_word' id='word_1_724' title='bbox 2302 4312 2474 4368; x_wconf 89' lang='lat' dir='ltr'><strong><em>Porro</em></strong></span> <span class='ocrx_word' id='word_1_725' title='bbox 2521 4313 2811 4382; x_wconf 87' lang='lat' dir='ltr'><strong><em>derepente</em></strong></span> <span class='ocrx_word' id='word_1_726' title='bbox 2858 4328 2923 4368; x_wconf 81' lang='lat' dir='ltr'><strong><em>ex</em></strong></span> <span class='ocrx_word' id='word_1_727' title='bbox 2958 4313 3059 4368; x_wconf 91' lang='lat' dir='ltr'><strong><em>hac</em></strong></span> <span class='ocrx_word' id='word_1_728' title='bbox 3107 4316 3216 4369; x_wconf 84' lang='lat' dir='ltr'><strong><em>vita</em></strong></span> <span class='ocrx_word' id='word_1_729' title='bbox 3252 4316 3346 4370; x_wconf 88' lang='lat' dir='ltr'><strong><em>de-</em></strong></span> 
     </span>
    </p>
   </div>
   <div class='ocr_carea' id='block_1_101' title="bbox 1789 4405 3351 4472">
    <p class='ocr_par' dir='ltr' id='par_1_101' title="bbox 1789 4405 3351 4472">
     <span class='ocr_line' id='line_1_101' title="bbox 1789 4405 3351 4472; baseline -0.003 -8"><span class='ocrx_word' id='word_1_730' title='bbox 1789 4409 1988 4465; x_wconf 89' lang='lat' dir='ltr'><strong><em>cedens</em></strong></span> <span class='ocrx_word' id='word_1_731' title='bbox 2053 4406 2407 4461; x_wconf 79' lang='lat' dir='ltr'><strong><em>familiarium</em></strong></span> <span class='ocrx_word' id='word_1_732' title='bbox 2483 4405 2687 4460; x_wconf 88' lang='lat' dir='ltr'><strong><em>ncmini</em></strong></span> <span class='ocrx_word' id='word_1_733' title='bbox 2760 4405 3062 4472; x_wconf 87' lang='lat' dir='ltr'><strong><em>indicavit,</em></strong></span> <span class='ocrx_word' id='word_1_734' title='bbox 3133 4407 3351 4461; x_wconf 89' lang='lat' dir='ltr'><strong><em>ubinam</em></strong></span> 
     </span>
    </p>
   </div>
   <div class='ocr_carea' id='block_1_102' title="bbox 1791 4497 3349 4570">
    <p class='ocr_par' dir='ltr' id='par_1_102' title="bbox 1791 4497 3349 4570">
     <span class='ocr_line' id='line_1_102' title="bbox 1791 4497 3349 4570; baseline -0.001 -14"><span class='ocrx_word' id='word_1_735' title='bbox 1791 4517 1984 4556; x_wconf 89' lang='lat' dir='ltr'><strong><em>aurum</em></strong></span> <span class='ocrx_word' id='word_1_736' title='bbox 2017 4499 2294 4555; x_wconf 90' lang='lat' dir='ltr'><strong><em>defossum</em></strong></span> <span class='ocrx_word' id='word_1_737' title='bbox 2329 4506 2495 4554; x_wconf 91' lang='lat' dir='ltr'><strong><em>esset.</em></strong></span> <span class='ocrx_word' id='word_1_738' title='bbox 2529 4497 2792 4554; x_wconf 85' lang='lat' dir='ltr'><strong><em>Defessus</em></strong></span> <span class='ocrx_word' id='word_1_739' title='bbox 2823 4499 2990 4570; x_wconf 80' lang='lat' dir='ltr'><strong><em>igitur</em></strong></span> <span class='ocrx_word' id='word_1_740' title='bbox 3017 4510 3100 4555; x_wconf 91' lang='lat' dir='ltr'><strong><em>est</em></strong></span> <span class='ocrx_word' id='word_1_741' title='bbox 3130 4507 3184 4554; x_wconf 91' lang='lat' dir='ltr'><strong><em>et</em></strong></span> <span class='ocrx_word' id='word_1_742' title='bbox 3213 4501 3349 4570; x_wconf 86' lang='lat' dir='ltr'><strong><em>ipse,</em></strong></span> 
     </span>
    </p>
   </div>
   <div class='ocr_carea' id='block_1_103' title="bbox 1794 4591 3352 4662">
    <p class='ocr_par' dir='ltr' id='par_1_103' title="bbox 1794 4591 3352 4662">
     <span class='ocr_line' id='line_1_103' title="bbox 1794 4591 3352 4662; baseline -0.001 -12"><span class='ocrx_word' id='word_1_743' title='bbox 1794 4595 1898 4650; x_wconf 87' lang='lat' dir='ltr'><strong><em>hoc</em></strong></span> <span class='ocrx_word' id='word_1_744' title='bbox 1945 4608 2112 4647; x_wconf 91' lang='lat' dir='ltr'><strong><em>unum</em></strong></span> <span class='ocrx_word' id='word_1_745' title='bbox 2173 4592 2384 4648; x_wconf 91' lang='lat' dir='ltr'><strong><em>scilicet</em></strong></span> <span class='ocrx_word' id='word_1_746' title='bbox 2420 4591 2703 4656; x_wconf 90' lang='lat' dir='ltr'><strong><em>lucratus,</em></strong></span> <span class='ocrx_word' id='word_1_747' title='bbox 2743 4599 2882 4647; x_wconf 91' lang='lat' dir='ltr'><strong><em>utet</em></strong></span> <span class='ocrx_word' id='word_1_748' title='bbox 2929 4592 3045 4662; x_wconf 91' lang='lat' dir='ltr'><strong><em>ipse</em></strong></span> <span class='ocrx_word' id='word_1_749' title='bbox 3097 4593 3352 4648; x_wconf 88' lang='lat' dir='ltr'><strong><em>defossus</em></strong></span> 
     </span>
    </p>
   </div>
   <div class='ocr_carea' id='block_1_104' title="bbox 1792 4681 3354 4752">
    <p class='ocr_par' dir='ltr' id='par_1_104' title="bbox 1792 4681 3354 4752">
     <span class='ocr_line' id='line_1_104' title="bbox 1792 4681 3354 4752; baseline -0.001 -13"><span class='ocrx_word' id='word_1_750' title='bbox 1792 4684 2178 4739; x_wconf 83' lang='lat' dir='ltr'><strong><em>occultaretur.</em></strong></span> <span class='ocrx_word' id='word_1_751' title='bbox 2219 4683 2290 4736; x_wconf 85' lang='lat' dir='ltr'><strong><em>At</em></strong></span> <span class='ocrx_word' id='word_1_752' title='bbox 2336 4682 2487 4736; x_wconf 88' lang='lat' dir='ltr'><strong><em>liberi</em></strong></span> <span class='ocrx_word' id='word_1_753' title='bbox 2529 4681 2704 4752; x_wconf 85' lang='lat' dir='ltr'><strong><em>ipsius</em></strong></span> <span class='ocrx_word' id='word_1_754' title='bbox 2751 4697 2876 4736; x_wconf 90' lang='lat' dir='ltr'><strong><em>cum</em></strong></span> <span class='ocrx_word' id='word_1_755' title='bbox 2932 4694 3250 4752; x_wconf 89' lang='lat' dir='ltr'><strong><em>sperarent,</em></strong></span> <span class='ocrx_word' id='word_1_756' title='bbox 3292 4698 3354 4738; x_wconf 90' lang='lat' dir='ltr'><strong><em>se</em></strong></span> 
     </span>
    </p>
   </div>
   <div class='ocr_carea' id='block_1_105' title="bbox 1791 4768 3350 4840">
    <p class='ocr_par' dir='ltr' id='par_1_105' title="bbox 1791 4768 3350 4840">
     <span class='ocr_line' id='line_1_105' title="bbox 1791 4768 3350 4840; baseline -0.001 -13"><span class='ocrx_word' id='word_1_757' title='bbox 1791 4771 2036 4829; x_wconf 89' lang='lat' dir='ltr'><strong><em>omnium</em></strong></span> <span class='ocrx_word' id='word_1_758' title='bbox 2087 4771 2288 4824; x_wconf 90' lang='lat' dir='ltr'><strong><em>civium</em></strong></span> <span class='ocrx_word' id='word_1_759' title='bbox 2338 4768 2452 4825; x_wconf 89' lang='lat' dir='ltr'><strong><em>fore</em></strong></span> <span class='ocrx_word' id='word_1_760' title='bbox 2502 4769 2840 4833; x_wconf 84' lang='lat' dir='ltr'><strong><em>ditissimos,‘</em></strong></span> <span class='ocrx_word' id='word_1_761' title='bbox 2875 4771 3056 4824; x_wconf 88' lang='lat' dir='ltr'><strong><em>omnia</em></strong></span> <span class='ocrx_word' id='word_1_762' title='bbox 3098 4786 3350 4840; x_wconf 88' lang='lat' dir='ltr'><strong><em>perscru-</em></strong></span> 
     </span>
    </p>
   </div>
   <div class='ocr_carea' id='block_1_106' title="bbox 1793 4859 3354 4927">
    <p class='ocr_par' dir='ltr' id='par_1_106' title="bbox 1793 4859 3354 4927">
     <span class='ocr_line' id='line_1_106' title="bbox 1793 4859 3354 4927; baseline -0.001 -11"><span class='ocrx_word' id='word_1_763' title='bbox 1793 4863 2088 4925; x_wconf 87' lang='lat' dir='ltr'><strong><em>tabantur,</em></strong></span> <span class='ocrx_word' id='word_1_764' title='bbox 2142 4877 2209 4916; x_wconf 74' lang='lat' dir='ltr'><strong><em>ex</em></strong></span> <span class='ocrx_word' id='word_1_765' title='bbox 2260 4861 2382 4915; x_wconf 88' lang='lat' dir='ltr'><strong><em>aliis</em></strong></span> <span class='ocrx_word' id='word_1_766' title='bbox 2445 4861 2901 4927; x_wconf 79' lang='lat' dir='ltr'><strong><em>sciscitabantur,</em></strong></span> <span class='ocrx_word' id='word_1_767' title='bbox 2942 4859 3174 4918; x_wconf 88' lang='lat' dir='ltr'><strong><em>famulos</em></strong></span> <span class='ocrx_word' id='word_1_768' title='bbox 3223 4879 3354 4917; x_wconf 67' lang='lat' dir='ltr'><strong><em>eta-</em></strong></span> 
     </span>
    </p>
   </div>
   <div class='ocr_carea' id='block_1_107' title="bbox 1793 4953 3342 5024">
    <p class='ocr_par' dir='ltr' id='par_1_107' title="bbox 1793 4953 3342 5024">
     <span class='ocr_line' id='line_1_107' title="bbox 1793 4953 3342 5024; baseline -0.001 -16"><span class='ocrx_word' id='word_1_769' title='bbox 1793 4954 2091 5018; x_wconf 84' lang='lat' dir='ltr'><strong><em>rninabaut,</em></strong></span> <span class='ocrx_word' id='word_1_770' title='bbox 2130 4953 2437 5022; x_wconf 84' lang='lat' dir='ltr'><strong><em>pavimenta</em></strong></span> <span class='ocrx_word' id='word_1_771' title='bbox 2473 4953 2669 5007; x_wconf 64' lang='lat' dir='ltr'><strong><em>aedium</em></strong></span> <span class='ocrx_word' id='word_1_772' title='bbox 2717 4953 2974 5009; x_wconf 88' lang='lat' dir='ltr'><strong><em>fodiendo</em></strong></span> <span class='ocrx_word' id='word_1_773' title='bbox 3006 4954 3342 5024; x_wconf 85' lang='lat' dir='ltr'><strong><em>aperiebant.</em></strong></span> 
     </span>
    </p>
   </div>
   <div class='ocr_carea' id='block_1_108' title="bbox 1795 5041 3349 5112">
    <p class='ocr_par' dir='ltr' id='par_1_108' title="bbox 1795 5041 3349 5112">
     <span class='ocr_line' id='line_1_108' title="bbox 1795 5041 3349 5112; baseline 0.001 -17"><span class='ocrx_word' id='word_1_774' title='bbox 1795 5046 2031 5112; x_wconf 89' lang='lat' dir='ltr'><strong><em>parietes</em></strong></span> <span class='ocrx_word' id='word_1_775' title='bbox 2076 5042 2454 5108; x_wconf 85' lang='lat' dir='ltr'><strong><em>evacuabant,</em></strong></span> <span class='ocrx_word' id='word_1_776' title='bbox 2511 5041 2812 5096; x_wconf 85' lang='lat' dir='ltr'><strong><em>vicinorum</em></strong></span> <span class='ocrx_word' id='word_1_777' title='bbox 2883 5050 2938 5096; x_wconf 89' lang='lat' dir='ltr'><strong><em>et</em></strong></span> <span class='ocrx_word' id='word_1_778' title='bbox 3004 5041 3349 5096; x_wconf 87' lang='lat' dir='ltr'><strong><em>familiarium</em></strong></span> 
     </span>
    </p>
   </div>
   <div class='ocr_carea' id='block_1_109' title="bbox 1364 5219 2072 5291">
    <p class='ocr_par' dir='ltr' id='par_1_109' title="bbox 1364 5219 2072 5291">
     <span class='ocr_line' id='line_1_109' title="bbox 1364 5219 2072 5291; baseline 0.003 -18"><span class='ocrx_word' id='word_1_779' title='bbox 1364 5220 1406 5250; x_wconf 84' lang='grc'><strong><em>¹³</em></strong></span> <span class='ocrx_word' id='word_1_780' title='bbox 1441 5219 1628 5276; x_wconf 80' lang='lat' dir='ltr'><strong><em>Matth.</em></strong></span> <span class='ocrx_word' id='word_1_781' title='bbox 1663 5235 1817 5284; x_wconf 80' lang='lat' dir='ltr'><strong><em>xvm,</em></strong></span> <span class='ocrx_word' id='word_1_782' title='bbox 1845 5220 1915 5276; x_wconf 77' lang='grc'><strong>52</strong></span> <span class='ocrx_word' id='word_1_783' title='bbox 1951 5238 2072 5291; x_wconf 85' lang='lat' dir='ltr'><strong><em>sqq.</em></strong></span> 
     </span>
    </p>
   </div>
   <div class='ocr_carea' id='block_1_110' title="bbox 1866 5376 3352 5461">
    <p class='ocr_par' dir='ltr' id='par_1_110' title="bbox 1866 5376 3352 5461">
     <span class='ocr_line' id='line_1_110' title="bbox 1866 5376 3352 5461; baseline -0.002 -27"><span class='ocrx_word' id='word_1_784' title='bbox 1866 5379 1976 5451; x_wconf 79' lang='grc'>(58)</span> <span class='ocrx_word' id='word_1_785' title='bbox 2012 5380 2379 5461; x_wconf 73' lang='grc' dir='ltr'>Κατώρυκτο.</span> <span class='ocrx_word' id='word_1_786' title='bbox 2416 5378 2560 5432; x_wconf 85' lang='grc' dir='ltr'>Μοη.</span> <span class='ocrx_word' id='word_1_787' title='bbox 2591 5377 2936 5461; x_wconf 42' lang='grc' dir='ltr'>,κατώρυκτα</span> <span class='ocrx_word' id='word_1_788' title='bbox 2991 5376 3132 5461; x_wconf 61' lang='lat' dir='ltr'><strong><em>inter</em></strong></span> <span class='ocrx_word' id='word_1_789' title='bbox 3160 5387 3284 5461; x_wconf 67' lang='lat' dir='ltr'><strong><em>wet</em></strong></span> <span class='ocrx_word' id='word_1_790' title='bbox 3323 5398 3352 5452; x_wconf 91' lang='grc' dir='ltr'><strong><em>ρ</em></strong></span> 
     </span>
    </p>
   </div>
   <div class='ocr_carea' id='block_1_111' title="bbox 1792 5447 3354 5575">
    <p class='ocr_par' dir='ltr' id='par_1_111' title="bbox 1792 5447 3354 5575">
     <span class='ocr_line' id='line_1_111' title="bbox 1792 5447 3354 5522; baseline -0.001 -20"><span class='ocrx_word' id='word_1_791' title='bbox 1792 5447 2186 5520; x_wconf 61' lang='lat' dir='ltr'><strong><em>suprascripta</em></strong></span> <span class='ocrx_word' id='word_1_792' title='bbox 2213 5468 2274 5522; x_wconf 88' lang='grc' dir='ltr'><strong><em>ρο</em></strong></span> <span class='ocrx_word' id='word_1_793' title='bbox 2315 5467 2344 5504; x_wconf 89' lang='lat' dir='ltr'><strong><em>a</em></strong></span> <span class='ocrx_word' id='word_1_794' title='bbox 2401 5451 2701 5504; x_wconf 87' lang='lat' dir='ltr'><strong><em>recentiore</em></strong></span> <span class='ocrx_word' id='word_1_795' title='bbox 2756 5447 2916 5500; x_wconf 82' lang='lat' dir='ltr'><strong><em>manu</em></strong></span> <span class='ocrx_word' id='word_1_796' title='bbox 2947 5488 2961 5509; x_wconf 87' lang='lat'><strong><em>,</em></strong></span> <span class='ocrx_word' id='word_1_797' title='bbox 2998 5447 3258 5509; x_wconf 86' lang='lat' dir='ltr'><strong><em>Gretseri.</em></strong></span> <span class='ocrx_word' id='word_1_798' title='bbox 3296 5447 3354 5502; x_wconf 79' lang='grc' dir='ltr'>ιιί</span> 
     </span>
     <span class='ocr_line' id='line_1_112' title="bbox 1792 5518 3353 5575; baseline 0.003 -4"><span class='ocrx_word' id='word_1_799' title='bbox 1792 5521 2027 5575; x_wconf 81' lang='lat' dir='ltr'><strong><em>videtur.</em></strong></span> <span class='ocrx_word' id='word_1_800' title='bbox 2076 5522 2167 5575; x_wconf 80' lang='lat' dir='ltr'><strong><em>nui</em></strong></span> <span class='ocrx_word' id='word_1_801' title='bbox 2210 5519 2534 5575; x_wconf 82' lang='lat' dir='ltr'><strong><em>emendabat</em></strong></span> <span class='ocrx_word' id='word_1_802' title='bbox 2572 5518 2972 5575; x_wconf 72' lang='grc' dir='ltr'>κατωρόρυκτο.</span> <span class='ocrx_word' id='word_1_803' title='bbox 3011 5519 3079 5574; x_wconf 85' lang='lat' dir='ltr'><strong><em>At</em></strong></span> <span class='ocrx_word' id='word_1_804' title='bbox 3113 5537 3164 5575; x_wconf 76' lang='grc' dir='ltr'>γ.</span> <span class='ocrx_word' id='word_1_805' title='bbox 3197 5519 3353 5573; x_wconf 83' lang='grc' dir='ltr'>Βιιιι-</span> 
     </span>
    </p>
   </div>
   <div class='ocr_carea' id='block_1_112' title="bbox 1788 5519 3164 5660">
    <p class='ocr_par' dir='ltr' id='par_1_112' title="bbox 1788 5519 3164 5660">
     <span class='ocr_line' id='line_1_113' title="bbox 1791 5519 3164 5590; baseline 0.001 -18"><span class='ocrx_word' id='word_1_806' title='bbox 1791 5519 2027 5578; x_wconf 85' lang='lat' dir='ltr'><strong><em>videtur.</em></strong></span> <span class='ocrx_word' id='word_1_807' title='bbox 2076 5522 2167 5590; x_wconf 79' lang='lat' dir='ltr'><strong><em>qui</em></strong></span> <span class='ocrx_word' id='word_1_808' title='bbox 2210 5519 2534 5575; x_wconf 79' lang='lat' dir='ltr'><strong><em>emendabat</em></strong></span> <span class='ocrx_word' id='word_1_809' title='bbox 2572 5519 2972 5590; x_wconf 79' lang='grc' dir='ltr'>κατωρόρυκτο.</span> <span class='ocrx_word' id='word_1_810' title='bbox 3011 5519 3079 5574; x_wconf 85' lang='lat' dir='ltr'><strong><em>At</em></strong></span> <span class='ocrx_word' id='word_1_811' title='bbox 3113 5537 3164 5575; x_wconf 76' lang='grc' dir='ltr'>γ.</span> 
     </span>
     <span class='ocr_line' id='line_1_114' title="bbox 1788 5587 3025 5660; baseline -0.006 -16"><span class='ocrx_word' id='word_1_812' title='bbox 1788 5606 1974 5644; x_wconf 77' lang='lat' dir='ltr'><strong><em>manu.</em></strong></span> <span class='ocrx_word' id='word_1_813' title='bbox 1998 5590 2089 5644; x_wconf 84' lang='lat' dir='ltr'><strong><em>Gr.</em></strong></span> <span class='ocrx_word' id='word_1_814' title='bbox 2119 5600 2157 5644; x_wconf 89' lang='lat' dir='ltr'><strong><em>t.</em></strong></span> <span class='ocrx_word' id='word_1_815' title='bbox 2193 5589 2233 5653; x_wconf 90' lang='lat' dir='ltr'><strong><em>I,</em></strong></span> <span class='ocrx_word' id='word_1_816' title='bbox 2260 5607 2312 5660; x_wconf 79' lang='grc' dir='ltr'><strong><em>ρ.</em></strong></span> <span class='ocrx_word' id='word_1_817' title='bbox 2347 5589 2469 5647; x_wconf 73' lang='lat'><strong><em>5&#39;27,</em></strong></span> <span class='ocrx_word' id='word_1_818' title='bbox 2500 5597 2606 5641; x_wconf 85' lang='lat' dir='ltr'><strong><em>ett.</em></strong></span> <span class='ocrx_word' id='word_1_819' title='bbox 2650 5589 2714 5660; x_wconf 75' lang='lat' dir='ltr'><strong><em>ll.</em></strong></span> <span class='ocrx_word' id='word_1_820' title='bbox 2743 5605 2793 5657; x_wconf 85' lang='lat' dir='ltr'><strong><em>p.</em></strong></span> <span class='ocrx_word' id='word_1_821' title='bbox 2817 5587 2942 5640; x_wconf 74' lang='lat'><strong><em>9.60.</em></strong></span> <span class='ocrx_word' id='word_1_822' title='bbox 2998 5657 3025 5660; x_wconf 30' lang='grc' dir='ltr'><strong>Α</strong></span> 
     </span>
    </p>
   </div>
   <div class='ocr_carea' id='block_1_113' title="bbox 1862 5657 3351 5730">
    <p class='ocr_par' dir='ltr' id='par_1_113' title="bbox 1862 5657 3351 5730">
     <span class='ocr_line' id='line_1_115' title="bbox 1862 5657 3351 5730; baseline -0.003 -16"><span class='ocrx_word' id='word_1_823' title='bbox 1862 5661 1972 5730; x_wconf 83' lang='grc'>(59)</span> <span class='ocrx_word' id='word_1_824' title='bbox 2016 5657 2490 5730; x_wconf 20' lang='grc' dir='ltr'>Πάνταγξίίθον...</span> <span class='ocrx_word' id='word_1_825' title='bbox 2563 5657 2945 5730; x_wconf 65' lang='grc' dir='ltr'><strong><em>⁸κινήσω-τες.</em></strong></span> <span class='ocrx_word' id='word_1_826' title='bbox 2997 5657 3351 5730; x_wconf 80' lang='lat' dir='ltr'><strong><em>Proverbiutn</em></strong></span> 
     </span>
    </p>
   </div>
   <div class='ocr_carea' id='block_1_114' title="bbox 1792 5726 3346 5802">
    <p class='ocr_par' dir='ltr' id='par_1_114' title="bbox 1792 5726 3346 5802">
     <span class='ocr_line' id='line_1_116' title="bbox 1792 5726 3346 5802; baseline -0.004 -16"><span class='ocrx_word' id='word_1_827' title='bbox 1792 5726 2023 5802; x_wconf 51' lang='lat' dir='ltr'><strong><em>explictui</em></strong></span> <span class='ocrx_word' id='word_1_828' title='bbox 2055 5731 2121 5785; x_wconf 84' lang='lat' dir='ltr'><strong><em>ad</em></strong></span> <span class='ocrx_word' id='word_1_829' title='bbox 2154 5729 2212 5785; x_wconf 88' lang='lat' dir='ltr'><strong><em>S.</em></strong></span> <span class='ocrx_word' id='word_1_830' title='bbox 2239 5729 2403 5784; x_wconf 80' lang='lat' dir='ltr'><strong><em>Busil.</em></strong></span> <span class='ocrx_word' id='word_1_831' title='bbox 2443 5728 2516 5781; x_wconf 84' lang='lat' dir='ltr'><strong><em>De</em></strong></span> <span class='ocrx_word' id='word_1_832' title='bbox 2553 5726 2650 5798; x_wconf 84' lang='lat' dir='ltr'><strong><em>leg.</em></strong></span> <span class='ocrx_word' id='word_1_833' title='bbox 2687 5730 2809 5784; x_wconf 80' lang='lat' dir='ltr'><strong><em>libr.</em></strong></span> <span class='ocrx_word' id='word_1_834' title='bbox 2849 5727 3043 5785; x_wconf 74' lang='lat' dir='ltr'><strong><em>Gentii.</em></strong></span> <span class='ocrx_word' id='word_1_835' title='bbox 3074 5744 3128 5800; x_wconf 87' lang='lat' dir='ltr'><strong><em>p.</em></strong></span> <span class='ocrx_word' id='word_1_836' title='bbox 3151 5729 3218 5785; x_wconf 79' lang='grc'>56</span> <span class='ocrx_word' id='word_1_837' title='bbox 3255 5729 3346 5782; x_wconf 85' lang='lat' dir='ltr'><strong><em>lin.</em></strong></span> 
     </span>
    </p>
   </div>
  </div>
