  <div class='ocr_page' id='page_1' title='image "/cluster/home/n/w/nwhite01/storage/ocr_20150623/46/hvd.32044014713994/231.png"; bbox 0 0 3844 6446; ppageno 0'>
   <div class='ocr_carea' id='block_1_1' title="bbox 507 301 606 360">
    <p class='ocr_par' dir='ltr' id='par_1_1' title="bbox 507 301 606 360">
     <span class='ocr_line' id='line_1_1' title="bbox 507 301 606 360; baseline 0.02 -2"><span class='ocrx_word' id='word_1_1' title='bbox 507 301 606 360; x_wconf 69' lang='grc'><strong>451</strong></span> 
     </span>
    </p>
   </div>
   <div class='ocr_carea' id='block_1_2' title="bbox 1699 309 3722 386">
    <p class='ocr_par' dir='ltr' id='par_1_2' title="bbox 1699 309 3722 386">
     <span class='ocr_line' id='line_1_2' title="bbox 1699 309 3722 386; baseline 0.002 -20"><span class='ocrx_word' id='word_1_2' title='bbox 1699 313 1759 366; x_wconf 89' lang='lat' dir='ltr'><strong>S.</strong></span> <span class='ocrx_word' id='word_1_3' title='bbox 1811 309 2136 368; x_wconf 77' lang='lat' dir='ltr'><strong>GBEGORII</strong></span> <span class='ocrx_word' id='word_1_4' title='bbox 2191 311 2482 368; x_wconf 72' lang='lat' dir='ltr'><strong>NYSSENI</strong></span> <span class='ocrx_word' id='word_1_5' title='bbox 3634 331 3722 386; x_wconf 58' lang='grc' dir='ltr'><strong>ηρ</strong></span> 
     </span>
    </p>
   </div>
   <div class='ocr_carea' id='block_1_3' title="bbox 486 422 2050 514">
    <p class='ocr_par' dir='ltr' id='par_1_3' title="bbox 486 422 2050 502">
     <span class='ocr_line' id='line_1_3' title="bbox 486 422 2050 502; baseline 0.008 -28"><span class='ocrx_word' id='word_1_6' title='bbox 486 422 678 479; x_wconf 84' lang='lat' dir='ltr'><strong>domos</strong></span> <span class='ocrx_word' id='word_1_7' title='bbox 729 423 1043 494; x_wconf 81' lang='lat' dir='ltr'><strong>frequentes</strong></span> <span class='ocrx_word' id='word_1_8' title='bbox 1085 425 1347 492; x_wconf 83' lang='lat' dir='ltr'><strong>obibant,</strong></span> <span class='ocrx_word' id='word_1_9' title='bbox 1407 444 1736 502; x_wconf 86' lang='lat' dir='ltr'><strong>omnemque</strong></span> <span class='ocrx_word' id='word_1_10' title='bbox 1785 432 2050 502; x_wconf 55' lang='lat' dir='ltr'><strong>lapidem.</strong></span> 
     </span>
    </p>
   </div>
   <div class='ocr_carea' id='block_1_4' title="bbox 2161 422 3718 514">
    <p class='ocr_par' dir='ltr' id='par_1_4' title="bbox 2167 434 3718 514">
     <span class='ocr_line' id='line_1_4' title="bbox 2167 434 3718 514; baseline 0.008 -28"><span class='ocrx_word' id='word_1_11' title='bbox 2167 435 2223 487; x_wconf 85' lang='grc' dir='ltr'><strong>δὲ</strong></span> <span class='ocrx_word' id='word_1_12' title='bbox 2247 434 2337 487; x_wconf 75' lang='grc' dir='ltr'><strong>τὸν</strong></span> <span class='ocrx_word' id='word_1_13' title='bbox 2380 434 2493 504; x_wconf 86' lang='grc' dir='ltr'><strong>βίον</strong></span> <span class='ocrx_word' id='word_1_14' title='bbox 2539 434 2742 498; x_wconf 82' lang='grc' dir='ltr'><strong>ἄοικον,</strong></span> <span class='ocrx_word' id='word_1_15' title='bbox 2775 450 3031 498; x_wconf 84' lang='grc' dir='ltr'><strong>ανεστιοι.</strong></span> <span class='ocrx_word' id='word_1_16' title='bbox 3087 437 3336 508; x_wconf 77' lang='grc' dir='ltr'><strong>πένητες,</strong></span> <span class='ocrx_word' id='word_1_17' title='bbox 3386 441 3718 514; x_wconf 83' lang='grc' dir='ltr'><strong>ὲπαρωμενοι,</strong></span> 
     </span>
    </p>
   </div>
   <div class='ocr_carea' id='block_1_5' title="bbox 486 519 2058 594">
    <p class='ocr_par' dir='ltr' id='par_1_5' title="bbox 486 519 2058 594">
     <span class='ocr_line' id='line_1_5' title="bbox 486 519 2058 594; baseline 0.006 -22"><span class='ocrx_word' id='word_1_18' title='bbox 486 527 547 572; x_wconf 85' lang='grc' dir='ltr'><strong>ιιι</strong></span> <span class='ocrx_word' id='word_1_19' title='bbox 585 519 809 584; x_wconf 84' lang='lat' dir='ltr'><strong>dicitur,</strong></span> <span class='ocrx_word' id='word_1_20' title='bbox 853 521 1164 588; x_wconf 81' lang='lat' dir='ltr'><strong>movebant,</strong></span> <span class='ocrx_word' id='word_1_21' title='bbox 1225 539 1402 594; x_wconf 90' lang='lat' dir='ltr'><strong>neque</strong></span> <span class='ocrx_word' id='word_1_22' title='bbox 1469 533 1648 581; x_wconf 88' lang='lat' dir='ltr'><strong>tamen</strong></span> <span class='ocrx_word' id='word_1_23' title='bbox 1705 528 1791 581; x_wconf 94' lang='lat' dir='ltr'><strong>vel</strong></span> <span class='ocrx_word' id='word_1_24' title='bbox 1838 529 2058 584; x_wconf 87' lang='lat' dir='ltr'><strong>obolqu</strong></span> 
     </span>
    </p>
   </div>
   <div class='ocr_carea' id='block_1_6' title="bbox 2175 525 3570 602">
    <p class='ocr_par' dir='ltr' id='par_1_6' title="bbox 2175 525 3570 602">
     <span class='ocr_line' id='line_1_6' title="bbox 2175 525 3570 602; baseline 0.006 -26"><span class='ocrx_word' id='word_1_25' title='bbox 2175 525 2346 578; x_wconf 76' lang='grc' dir='ltr'><strong>πολλὰ</strong></span> <span class='ocrx_word' id='word_1_26' title='bbox 2383 526 2504 580; x_wconf 83' lang='grc' dir='ltr'><strong>καθ’</strong></span> <span class='ocrx_word' id='word_1_27' title='bbox 2531 527 2768 597; x_wconf 76' lang='grc' dir='ltr'><strong>ἑκάστην</strong></span> <span class='ocrx_word' id='word_1_28' title='bbox 2792 529 2858 598; x_wconf 83' lang='grc' dir='ltr'><strong>τῇ</strong></span> <span class='ocrx_word' id='word_1_29' title='bbox 2889 529 2983 581; x_wconf 85' lang='grc' dir='ltr'><strong>τοῦ</strong></span> <span class='ocrx_word' id='word_1_30' title='bbox 3016 529 3220 600; x_wconf 75' lang='grc' dir='ltr'><strong>πατρὸς</strong></span> <span class='ocrx_word' id='word_1_31' title='bbox 3252 531 3570 602; x_wconf 78' lang='grc' dir='ltr'><strong>ματαιότητι</strong></span> 
     </span>
    </p>
   </div>
   <div class='ocr_carea' id='block_1_7' title="bbox 485 607 3721 690">
    <p class='ocr_par' dir='ltr' id='par_1_7' title="bbox 485 607 3721 690">
     <span class='ocr_line' id='line_1_7' title="bbox 485 607 3721 690; baseline 0.006 -30"><span class='ocrx_word' id='word_1_32' title='bbox 485 607 856 665; x_wconf 74' lang='lat' dir='ltr'><strong>inveniebant.</strong></span> <span class='ocrx_word' id='word_1_33' title='bbox 917 608 1120 665; x_wconf 79' lang='lat' dir='ltr'><strong>Vivunt</strong></span> <span class='ocrx_word' id='word_1_34' title='bbox 1201 623 1380 667; x_wconf 90' lang='lat' dir='ltr'><strong>autem</strong></span> <span class='ocrx_word' id='word_1_35' title='bbox 1456 615 1512 670; x_wconf 94' lang='lat' dir='ltr'><strong>in</strong></span> <span class='ocrx_word' id='word_1_36' title='bbox 1582 617 1838 686; x_wconf 67' lang='lat' dir='ltr'><strong>praesenti</strong></span> <span class='ocrx_word' id='word_1_37' title='bbox 1917 619 2083 672; x_wconf 88' lang='lat' dir='ltr'><strong>vitam</strong></span> <span class='ocrx_word' id='word_1_38' title='bbox 2125 628 2434 683; x_wconf 76' lang='lat' dir='ltr'><strong>extorrem,</strong></span> <span class='ocrx_word' id='word_1_39' title='bbox 2495 617 2804 688; x_wconf 89' lang='lat' dir='ltr'><strong>domusque</strong></span> <span class='ocrx_word' id='word_1_40' title='bbox 2880 625 2936 673; x_wconf 90' lang='lat' dir='ltr'><strong>et</strong></span> <span class='ocrx_word' id='word_1_41' title='bbox 3003 618 3110 673; x_wconf 83' lang='lat' dir='ltr'><strong>foci</strong></span> <span class='ocrx_word' id='word_1_42' title='bbox 3159 629 3462 690; x_wconf 79' lang='lat' dir='ltr'><strong>expertem,</strong></span> <span class='ocrx_word' id='word_1_43' title='bbox 3509 624 3721 690; x_wconf 76' lang='lat' dir='ltr'><strong>quotidie</strong></span> 
     </span>
    </p>
   </div>
   <div class='ocr_carea' id='block_1_8' title="bbox 485 698 1414 769">
    <p class='ocr_par' dir='ltr' id='par_1_8' title="bbox 485 698 1414 769">
     <span class='ocr_line' id='line_1_8' title="bbox 485 698 1414 769; baseline 0.004 -17"><span class='ocrx_word' id='word_1_44' title='bbox 485 699 658 769; x_wconf 81' lang='lat' dir='ltr'><strong>patris</strong></span> <span class='ocrx_word' id='word_1_45' title='bbox 715 698 1004 754; x_wconf 86' lang='lat' dir='ltr'><strong>stultitiam</strong></span> <span class='ocrx_word' id='word_1_46' title='bbox 1057 701 1414 759; x_wconf 79' lang='lat' dir='ltr'><strong>detestantes.</strong></span> 
     </span>
    </p>
   </div>
   <div class='ocr_carea' id='block_1_9' title="bbox 555 793 2060 867">
    <p class='ocr_par' dir='ltr' id='par_1_9' title="bbox 555 793 2060 867">
     <span class='ocr_line' id='line_1_9' title="bbox 555 793 2060 867; baseline 0.004 -15"><span class='ocrx_word' id='word_1_47' title='bbox 555 793 706 852; x_wconf 84' lang='lat' dir='ltr'><strong>Talis</strong></span> <span class='ocrx_word' id='word_1_48' title='bbox 745 796 932 867; x_wconf 82' lang='lat' dir='ltr'><strong>igitur,</strong></span> <span class='ocrx_word' id='word_1_49' title='bbox 982 799 1242 867; x_wconf 88' lang='lat' dir='ltr'><strong>usurarii,</strong></span> <span class='ocrx_word' id='word_1_50' title='bbox 1297 807 1479 856; x_wconf 84' lang='lat' dir='ltr'><strong>vester</strong></span> <span class='ocrx_word' id='word_1_51' title='bbox 1532 803 1743 859; x_wconf 80' lang='lat' dir='ltr'><strong>amicus</strong></span> <span class='ocrx_word' id='word_1_52' title='bbox 1781 811 1836 857; x_wconf 88' lang='lat' dir='ltr'><strong>et</strong></span> <span class='ocrx_word' id='word_1_53' title='bbox 1875 803 2060 858; x_wconf 89' lang='lat' dir='ltr'><strong>socius</strong></span> 
     </span>
    </p>
   </div>
   <div class='ocr_carea' id='block_1_10' title="bbox 487 886 2061 960">
    <p class='ocr_par' dir='ltr' id='par_1_10' title="bbox 487 886 2061 960">
     <span class='ocr_line' id='line_1_10' title="bbox 487 886 2061 960; baseline 0.006 -21"><span class='ocrx_word' id='word_1_54' title='bbox 487 886 607 951; x_wconf 79' lang='lat' dir='ltr'><strong>fuit,</strong></span> <span class='ocrx_word' id='word_1_55' title='bbox 641 887 734 957; x_wconf 86' lang='lat' dir='ltr'><strong>qui</strong></span> <span class='ocrx_word' id='word_1_56' title='bbox 786 888 950 960; x_wconf 89' lang='lat' dir='ltr'><strong>digno</strong></span> <span class='ocrx_word' id='word_1_57' title='bbox 979 891 1225 946; x_wconf 88' lang='lat' dir='ltr'><strong>moribus</strong></span> <span class='ocrx_word' id='word_1_58' title='bbox 1263 889 1369 947; x_wconf 81' lang='lat' dir='ltr'><strong>ﬁne</strong></span> <span class='ocrx_word' id='word_1_59' title='bbox 1433 891 1598 947; x_wconf 89' lang='lat' dir='ltr'><strong>vitam</strong></span> <span class='ocrx_word' id='word_1_60' title='bbox 1633 894 1906 948; x_wconf 88' lang='lat' dir='ltr'><strong>conclusit</strong></span> <span class='ocrx_word' id='word_1_61' title='bbox 1935 934 1950 958; x_wconf 84' lang='lat'><strong>,</strong></span> <span class='ocrx_word' id='word_1_62' title='bbox 1980 893 2061 949; x_wconf 79' lang='lat' dir='ltr'><strong>fe-</strong></span> 
     </span>
    </p>
   </div>
   <div class='ocr_carea' id='block_1_11' title="bbox 482 983 2058 1054">
    <p class='ocr_par' dir='ltr' id='par_1_11' title="bbox 482 983 2058 1054">
     <span class='ocr_line' id='line_1_11' title="bbox 482 983 2058 1054; baseline 0.005 -21"><span class='ocrx_word' id='word_1_63' title='bbox 482 991 709 1034; x_wconf 85' lang='lat' dir='ltr'><strong>nerator</strong></span> <span class='ocrx_word' id='word_1_64' title='bbox 747 990 1008 1036; x_wconf 88' lang='lat' dir='ltr'><strong>ventosus</strong></span> <span class='ocrx_word' id='word_1_65' title='bbox 1040 989 1096 1037; x_wconf 85' lang='lat' dir='ltr'><strong>et</strong></span> <span class='ocrx_word' id='word_1_66' title='bbox 1133 983 1289 1049; x_wconf 83' lang='lat' dir='ltr'><strong>levis,</strong></span> <span class='ocrx_word' id='word_1_67' title='bbox 1325 985 1418 1054; x_wconf 93' lang='lat' dir='ltr'><strong>qui</strong></span> <span class='ocrx_word' id='word_1_68' title='bbox 1449 998 1572 1039; x_wconf 88' lang='lat' dir='ltr'><strong>cum</strong></span> <span class='ocrx_word' id='word_1_69' title='bbox 1603 987 1906 1042; x_wconf 83' lang='lat' dir='ltr'><strong>innumeris</strong></span> <span class='ocrx_word' id='word_1_70' title='bbox 1937 1001 2058 1041; x_wconf 85' lang='lat' dir='ltr'><strong>mo-</strong></span> 
     </span>
    </p>
   </div>
   <div class='ocr_carea' id='block_1_12' title="bbox 481 1071 2060 1147">
    <p class='ocr_par' dir='ltr' id='par_1_12' title="bbox 481 1071 2060 1147">
     <span class='ocr_line' id='line_1_12' title="bbox 481 1071 2060 1147; baseline 0.004 -23"><span class='ocrx_word' id='word_1_71' title='bbox 481 1071 657 1126; x_wconf 89' lang='lat' dir='ltr'><strong>lestiis</strong></span> <span class='ocrx_word' id='word_1_72' title='bbox 691 1072 918 1142; x_wconf 88' lang='lat' dir='ltr'><strong>ipsaque</strong></span> <span class='ocrx_word' id='word_1_73' title='bbox 945 1072 1087 1128; x_wconf 82' lang='lat' dir='ltr'><strong>fame</strong></span> <span class='ocrx_word' id='word_1_74' title='bbox 1127 1074 1496 1140; x_wconf 81' lang='lat' dir='ltr'><strong>conﬂictatus,</strong></span> <span class='ocrx_word' id='word_1_75' title='bbox 1527 1077 1632 1131; x_wconf 87' lang='lat' dir='ltr'><strong>sibi</strong></span> <span class='ocrx_word' id='word_1_76' title='bbox 1661 1077 1880 1147; x_wconf 89' lang='lat' dir='ltr'><strong>quidem</strong></span> <span class='ocrx_word' id='word_1_77' title='bbox 1905 1087 2060 1134; x_wconf 59' lang='lat' dir='ltr'><strong>ater-</strong></span> 
     </span>
    </p>
   </div>
   <div class='ocr_carea' id='block_1_13' title="bbox 481 1167 2060 1241">
    <p class='ocr_par' dir='ltr' id='par_1_13' title="bbox 481 1167 2060 1241">
     <span class='ocr_line' id='line_1_13' title="bbox 481 1167 2060 1241; baseline 0.007 -25"><span class='ocrx_word' id='word_1_78' title='bbox 481 1181 585 1217; x_wconf 89' lang='lat' dir='ltr'><strong>nas</strong></span> <span class='ocrx_word' id='word_1_79' title='bbox 640 1179 868 1232; x_wconf 59' lang='lat' dir='ltr'><strong>pugnas,</strong></span> <span class='ocrx_word' id='word_1_80' title='bbox 903 1167 1060 1236; x_wconf 85' lang='lat' dir='ltr'><strong>quasi</strong></span> <span class='ocrx_word' id='word_1_81' title='bbox 1121 1167 1472 1222; x_wconf 58' lang='lat' dir='ltr'><strong>hereditario</strong></span> <span class='ocrx_word' id='word_1_82' title='bbox 1506 1169 1630 1238; x_wconf 85' lang='lat' dir='ltr'><strong>jure</strong></span> <span class='ocrx_word' id='word_1_83' title='bbox 1676 1172 2060 1241; x_wconf 87' lang='lat' dir='ltr'><strong>comparavit,</strong></span> 
     </span>
    </p>
   </div>
   <div class='ocr_carea' id='block_1_14' title="bbox 480 1247 2066 1334">
    <p class='ocr_par' dir='ltr' id='par_1_14' title="bbox 480 1247 2066 1334">
     <span class='ocr_line' id='line_1_14' title="bbox 480 1247 2066 1334; baseline 0.004 -24"><span class='ocrx_word' id='word_1_84' title='bbox 480 1255 669 1311; x_wconf 87' lang='lat' dir='ltr'><strong>liberis</strong></span> <span class='ocrx_word' id='word_1_85' title='bbox 719 1267 898 1310; x_wconf 88' lang='lat' dir='ltr'><strong>autem</strong></span> <span class='ocrx_word' id='word_1_86' title='bbox 939 1258 1055 1313; x_wconf 88' lang='lat' dir='ltr'><strong>suis</strong></span> <span class='ocrx_word' id='word_1_87' title='bbox 1102 1257 1339 1330; x_wconf 85' lang='lat' dir='ltr'><strong>inopiam</strong></span> <span class='ocrx_word' id='word_1_88' title='bbox 1371 1247 1923 1334; x_wconf 56' lang='lat' dir='ltr'><strong>reliquit.;:Nescitis,</strong></span> <span class='ocrx_word' id='word_1_89' title='bbox 1963 1264 2066 1318; x_wconf 88' lang='lat' dir='ltr'><strong>mi-</strong></span> 
     </span>
    </p>
   </div>
   <div class='ocr_carea' id='block_1_15' title="bbox 481 1348 2063 1426">
    <p class='ocr_par' dir='ltr' id='par_1_15' title="bbox 481 1348 2063 1426">
     <span class='ocr_line' id='line_1_15' title="bbox 481 1348 2063 1426; baseline 0.006 -24"><span class='ocrx_word' id='word_1_90' title='bbox 481 1348 628 1412; x_wconf 89' lang='lat' dir='ltr'><strong>seri,</strong></span> <span class='ocrx_word' id='word_1_91' title='bbox 659 1349 747 1402; x_wconf 89' lang='lat' dir='ltr'><strong>cui</strong></span> <span class='ocrx_word' id='word_1_92' title='bbox 788 1365 919 1419; x_wconf 86' lang='lat' dir='ltr'><strong>epes</strong></span> <span class='ocrx_word' id='word_1_93' title='bbox 954 1352 1264 1408; x_wconf 89' lang='lat' dir='ltr'><strong>corradatis</strong></span> <span class='ocrx_word' id='word_1_94' title='bbox 1300 1360 1354 1408; x_wconf 85' lang='lat' dir='ltr'><strong>et</strong></span> <span class='ocrx_word' id='word_1_95' title='bbox 1412 1355 1779 1426; x_wconf 82' lang='lat' dir='ltr'><strong>eongregetis.</strong></span> <span class='ocrx_word' id='word_1_96' title='bbox 1822 1355 2063 1411; x_wconf 88' lang='lat' dir='ltr'><strong>Eventus</strong></span> 
     </span>
    </p>
   </div>
   <div class='ocr_carea' id='block_1_16' title="bbox 479 1442 2064 1515">
    <p class='ocr_par' dir='ltr' id='par_1_16' title="bbox 479 1442 2064 1515">
     <span class='ocr_line' id='line_1_16' title="bbox 479 1442 2064 1515; baseline 0.007 -22"><span class='ocrx_word' id='word_1_97' title='bbox 479 1454 664 1494; x_wconf 88' lang='lat' dir='ltr'><strong>rerum</strong></span> <span class='ocrx_word' id='word_1_98' title='bbox 709 1442 842 1495; x_wconf 89' lang='lat' dir='ltr'><strong>varii</strong></span> <span class='ocrx_word' id='word_1_99' title='bbox 883 1453 1031 1507; x_wconf 89' lang='lat' dir='ltr'><strong>sunt,</strong></span> <span class='ocrx_word' id='word_1_100' title='bbox 1065 1443 1392 1515; x_wconf 90' lang='lat' dir='ltr'><strong>impostores</strong></span> <span class='ocrx_word' id='word_1_101' title='bbox 1426 1445 1620 1500; x_wconf 75' lang='lat' dir='ltr'><strong>infiniti</strong></span> <span class='ocrx_word' id='word_1_102' title='bbox 1651 1489 1666 1511; x_wconf 86' lang='lat'><strong>,</strong></span> <span class='ocrx_word' id='word_1_103' title='bbox 1708 1447 2064 1504; x_wconf 88' lang='lat' dir='ltr'><strong>insidiatores</strong></span> 
     </span>
    </p>
   </div>
   <div class='ocr_carea' id='block_1_17' title="bbox 481 1533 2066 1602">
    <p class='ocr_par' dir='ltr' id='par_1_17' title="bbox 481 1533 2066 1602">
     <span class='ocr_line' id='line_1_17' title="bbox 481 1533 2066 1602; baseline 0.008 -18"><span class='ocrx_word' id='word_1_104' title='bbox 481 1538 536 1585; x_wconf 89' lang='lat' dir='ltr'><strong>et.</strong></span> <span class='ocrx_word' id='word_1_105' title='bbox 583 1533 866 1601; x_wconf 68' lang='lat' dir='ltr'><strong>praedones</strong></span> <span class='ocrx_word' id='word_1_106' title='bbox 905 1545 1106 1588; x_wconf 89' lang='lat' dir='ltr'><strong>terram</strong></span> <span class='ocrx_word' id='word_1_107' title='bbox 1165 1536 1390 1590; x_wconf 89' lang='lat' dir='ltr'><strong>turbant</strong></span> <span class='ocrx_word' id='word_1_108' title='bbox 1441 1547 1494 1592; x_wconf 91' lang='lat' dir='ltr'><strong>et</strong></span> <span class='ocrx_word' id='word_1_109' title='bbox 1534 1553 1681 1594; x_wconf 88' lang='lat' dir='ltr'><strong>mare</strong></span> <span class='ocrx_word' id='word_1_110' title='bbox 1715 1581 1728 1602; x_wconf 94' lang='lat'><strong>,</strong></span> <span class='ocrx_word' id='word_1_111' title='bbox 1775 1541 1954 1595; x_wconf 87' lang='lat' dir='ltr'><strong>videte</strong></span> <span class='ocrx_word' id='word_1_112' title='bbox 1997 1557 2066 1596; x_wconf 89' lang='lat' dir='ltr'><strong>ne</strong></span> 
     </span>
    </p>
   </div>
   <div class='ocr_carea' id='block_1_18' title="bbox 483 1623 2067 1698">
    <p class='ocr_par' dir='ltr' id='par_1_18' title="bbox 483 1623 2067 1698">
     <span class='ocr_line' id='line_1_18' title="bbox 483 1623 2067 1698; baseline 0.008 -24"><span class='ocrx_word' id='word_1_113' title='bbox 483 1623 688 1678; x_wconf 88' lang='lat' dir='ltr'><strong>amisso</strong></span> <span class='ocrx_word' id='word_1_114' title='bbox 719 1639 854 1679; x_wconf 89' lang='lat' dir='ltr'><strong>auro</strong></span> <span class='ocrx_word' id='word_1_115' title='bbox 894 1627 1240 1696; x_wconf 90' lang='lat' dir='ltr'><strong>potissimum</strong></span> <span class='ocrx_word' id='word_1_116' title='bbox 1274 1638 1514 1684; x_wconf 88' lang='lat' dir='ltr'><strong>vestrum</strong></span> <span class='ocrx_word' id='word_1_117' title='bbox 1550 1631 1763 1686; x_wconf 91' lang='lat' dir='ltr'><strong>lucrum</strong></span> <span class='ocrx_word' id='word_1_118' title='bbox 1813 1632 1888 1686; x_wconf 91' lang='lat' dir='ltr'><strong>sit</strong></span> <span class='ocrx_word' id='word_1_119' title='bbox 1941 1647 2067 1698; x_wconf 83' lang='lat' dir='ltr'><strong>pec-</strong></span> 
     </span>
    </p>
   </div>
   <div class='ocr_carea' id='block_1_19' title="bbox 2247 783 3721 876">
    <p class='ocr_par' dir='ltr' id='par_1_19' title="bbox 2247 783 3721 876">
     <span class='ocr_line' id='line_1_19' title="bbox 2247 783 3721 876; baseline 0.007 -24"><span class='ocrx_word' id='word_1_120' title='bbox 2247 800 2306 852; x_wconf 87' lang='lat'><strong>&#39;0</strong></span> <span class='ocrx_word' id='word_1_121' title='bbox 2351 799 2450 870; x_wconf 80' lang='grc' dir='ltr'><strong>μὲν</strong></span> <span class='ocrx_word' id='word_1_122' title='bbox 2491 798 2558 869; x_wconf 84' lang='grc' dir='ltr'><strong>δὴ</strong></span> <span class='ocrx_word' id='word_1_123' title='bbox 2603 797 2754 866; x_wconf 83' lang='grc' dir='ltr'><strong>φίλος</strong></span> <span class='ocrx_word' id='word_1_124' title='bbox 2794 797 2946 869; x_wconf 88' lang='grc' dir='ltr'><strong>ὐμῶν</strong></span> <span class='ocrx_word' id='word_1_125' title='bbox 2993 799 3088 852; x_wconf 63' lang='grc' dir='ltr'><strong>καλ¹</strong></span> <span class='ocrx_word' id='word_1_126' title='bbox 3129 783 3364 870; x_wconf 75' lang='grc' dir='ltr'><strong>ἑταῖρος,</strong></span> <span class='ocrx_word' id='word_1_127' title='bbox 3411 793 3456 853; x_wconf 81' lang='grc' dir='ltr'><strong>ὦ</strong></span> <span class='ocrx_word' id='word_1_128' title='bbox 3486 811 3721 876; x_wconf 71' lang='grc' dir='ltr'><strong>τοκισταὶ,</strong></span> 
     </span>
    </p>
   </div>
   <div class='ocr_carea' id='block_1_20' title="bbox 2161 889 3720 967">
    <p class='ocr_par' dir='ltr' id='par_1_20' title="bbox 2161 889 3720 967">
     <span class='ocr_line' id='line_1_20' title="bbox 2161 889 3720 967; baseline 0.006 -23"><span class='ocrx_word' id='word_1_129' title='bbox 2161 889 2437 956; x_wconf 87' lang='grc' dir='ltr'><strong>τοιοῦτος·</strong></span> <span class='ocrx_word' id='word_1_130' title='bbox 2485 889 2654 956; x_wconf 79' lang='grc' dir='ltr'><strong>ἀξίως</strong></span> <span class='ocrx_word' id='word_1_131' title='bbox 2685 889 2781 944; x_wconf 87' lang='grc' dir='ltr'><strong>τοῦ</strong></span> <span class='ocrx_word' id='word_1_132' title='bbox 2821 893 3024 964; x_wconf 89' lang='grc' dir='ltr'><strong>τρόπου</strong></span> <span class='ocrx_word' id='word_1_133' title='bbox 3068 893 3447 964; x_wconf 70' lang='grc' dir='ltr'><strong>καταστρέψας</strong></span> <span class='ocrx_word' id='word_1_134' title='bbox 3477 895 3566 948; x_wconf 84' lang='grc' dir='ltr'><strong>τὸν</strong></span> <span class='ocrx_word' id='word_1_135' title='bbox 3605 899 3720 967; x_wconf 86' lang='grc' dir='ltr'><strong>βίον,</strong></span> 
     </span>
    </p>
   </div>
   <div class='ocr_carea' id='block_1_21' title="bbox 2162 984 3722 1062">
    <p class='ocr_par' dir='ltr' id='par_1_21' title="bbox 2162 984 3722 1062">
     <span class='ocr_line' id='line_1_21' title="bbox 2162 984 3722 1062; baseline 0.001 -25"><span class='ocrx_word' id='word_1_136' title='bbox 2162 985 2444 1055; x_wconf 87' lang='grc' dir='ltr'><strong>ἀνεμιαίος</strong></span> <span class='ocrx_word' id='word_1_137' title='bbox 2491 984 2868 1056; x_wconf 81' lang='grc' dir='ltr'><strong>χρηματιστὴς</strong></span> <span class='ocrx_word' id='word_1_138' title='bbox 2889 1023 2904 1049; x_wconf 95' lang='grc'><strong>,</strong></span> <span class='ocrx_word' id='word_1_139' title='bbox 2942 984 3106 1058; x_wconf 80' lang='grc' dir='ltr'><strong>ὀδύνῃ</strong></span> <span class='ocrx_word' id='word_1_140' title='bbox 3144 985 3238 1038; x_wconf 59' lang='grc' dir='ltr'><strong>καὶ¹</strong></span> <span class='ocrx_word' id='word_1_141' title='bbox 3267 984 3412 1058; x_wconf 79' lang='grc' dir='ltr'><strong>λιμῷ</strong></span> <span class='ocrx_word' id='word_1_142' title='bbox 3437 989 3722 1062; x_wconf 70' lang='grc' dir='ltr'><strong>μοχθήσας,</strong></span> 
     </span>
    </p>
   </div>
   <div class='ocr_carea' id='block_1_22' title="bbox 2165 1075 3719 1151">
    <p class='ocr_par' dir='ltr' id='par_1_22' title="bbox 2165 1075 3719 1151">
     <span class='ocr_line' id='line_1_22' title="bbox 2165 1075 3719 1151; baseline 0.006 -22"><span class='ocrx_word' id='word_1_143' title='bbox 2165 1075 2488 1146; x_wconf 87' lang='grc' dir='ltr'><strong>συναγαγὼν</strong></span> <span class='ocrx_word' id='word_1_144' title='bbox 2516 1076 2572 1130; x_wconf 81' lang='grc' dir='ltr'><strong>δὲ</strong></span> <span class='ocrx_word' id='word_1_145' title='bbox 2618 1077 2984 1148; x_wconf 80' lang='grc' dir='ltr'><strong>κληρονομίαν</strong></span> <span class='ocrx_word' id='word_1_146' title='bbox 3027 1077 3207 1148; x_wconf 80' lang='grc' dir='ltr'><strong>ἑαυτῷ</strong></span> <span class='ocrx_word' id='word_1_147' title='bbox 3247 1079 3347 1149; x_wconf 85' lang='grc' dir='ltr'><strong>μὲν</strong></span> <span class='ocrx_word' id='word_1_148' title='bbox 3385 1081 3482 1151; x_wconf 83' lang='grc' dir='ltr'><strong>τὴν</strong></span> <span class='ocrx_word' id='word_1_149' title='bbox 3526 1083 3719 1139; x_wconf 81' lang='grc' dir='ltr'><strong>αἰώνιον</strong></span> 
     </span>
    </p>
   </div>
   <div class='ocr_carea' id='block_1_23' title="bbox 2164 1164 3724 1236">
    <p class='ocr_par' dir='ltr' id='par_1_23' title="bbox 2164 1164 3724 1236">
     <span class='ocr_line' id='line_1_23' title="bbox 2164 1164 3724 1236; baseline 0.007 -17"><span class='ocrx_word' id='word_1_150' title='bbox 2164 1165 2405 1226; x_wconf 84' lang='grc' dir='ltr'><strong>κόλασιν,</strong></span> <span class='ocrx_word' id='word_1_151' title='bbox 2443 1169 2556 1230; x_wconf 90' lang='grc' dir='ltr'><strong>τοῖς</strong></span> <span class='ocrx_word' id='word_1_152' title='bbox 2599 1165 2656 1219; x_wconf 82' lang='grc' dir='ltr'><strong>δὲ</strong></span> <span class='ocrx_word' id='word_1_153' title='bbox 2697 1165 2757 1230; x_wconf 82' lang='grc' dir='ltr'>ἐξ</span> <span class='ocrx_word' id='word_1_154' title='bbox 2786 1164 2952 1219; x_wconf 82' lang='grc' dir='ltr'><strong>αὐτοῦ</strong></span> <span class='ocrx_word' id='word_1_155' title='bbox 2979 1165 3075 1236; x_wconf 81' lang='grc' dir='ltr'><strong>τὴν</strong></span> <span class='ocrx_word' id='word_1_156' title='bbox 3116 1167 3330 1223; x_wconf 87' lang='grc' dir='ltr'><strong>πενίαν.</strong></span> <span class='ocrx_word' id='word_1_157' title='bbox 3371 1171 3484 1223; x_wconf 89' lang='grc' dir='ltr'><strong>Οὐκ</strong></span> <span class='ocrx_word' id='word_1_158' title='bbox 3541 1174 3643 1227; x_wconf 72' lang='grc' dir='ltr'><strong>ἴστε</strong></span> <span class='ocrx_word' id='word_1_159' title='bbox 3677 1177 3724 1230; x_wconf 86' lang='grc' dir='ltr'><strong>δὲ</strong></span> 
     </span>
    </p>
   </div>
   <div class='ocr_carea' id='block_1_24' title="bbox 2163 1254 3724 1328">
    <p class='ocr_par' dir='ltr' id='par_1_24' title="bbox 2163 1254 3724 1328">
     <span class='ocr_line' id='line_1_24' title="bbox 2163 1254 3724 1328; baseline 0.004 -20"><span class='ocrx_word' id='word_1_160' title='bbox 2163 1255 2319 1326; x_wconf 84' lang='grc' dir='ltr'><strong>ὑμεῖς</strong></span> <span class='ocrx_word' id='word_1_161' title='bbox 2339 1256 2446 1310; x_wconf 88' lang='grc' dir='ltr'><strong>τίνι</strong></span> <span class='ocrx_word' id='word_1_162' title='bbox 2473 1254 2754 1327; x_wconf 79' lang='grc' dir='ltr'><strong>ἀθροίζετε</strong></span> <span class='ocrx_word' id='word_1_163' title='bbox 2792 1257 2825 1328; x_wconf 76' lang='grc' dir='ltr'><strong>ἦ</strong></span> <span class='ocrx_word' id='word_1_164' title='bbox 2857 1255 3126 1326; x_wconf 81' lang='grc' dir='ltr'><strong>μοχθεῖτε.</strong></span> <span class='ocrx_word' id='word_1_165' title='bbox 3153 1259 3218 1310; x_wconf 83' lang='lat' dir='ltr'><strong>Al</strong></span> <span class='ocrx_word' id='word_1_166' title='bbox 3245 1261 3591 1328; x_wconf 76' lang='grc' dir='ltr'><strong>περιστάσεις</strong></span> <span class='ocrx_word' id='word_1_167' title='bbox 3617 1263 3724 1314; x_wconf 79' lang='grc' dir='ltr'><strong>πολ-</strong></span> 
     </span>
    </p>
   </div>
   <div class='ocr_carea' id='block_1_25' title="bbox 2161 1339 3719 1424">
    <p class='ocr_par' dir='ltr' id='par_1_25' title="bbox 2161 1339 3719 1424">
     <span class='ocr_line' id='line_1_25' title="bbox 2161 1339 3719 1424; baseline 0.004 -25"><span class='ocrx_word' id='word_1_168' title='bbox 2161 1346 2288 1410; x_wconf 80' lang='grc' dir='ltr'><strong>λαὶ,</strong></span> <span class='ocrx_word' id='word_1_169' title='bbox 2335 1347 2385 1399; x_wconf 83' lang='grc' dir='ltr'><strong>οἱ</strong></span> <span class='ocrx_word' id='word_1_170' title='bbox 2423 1345 2757 1414; x_wconf 78' lang='grc' dir='ltr'><strong>συκοφάνται</strong></span> <span class='ocrx_word' id='word_1_171' title='bbox 2796 1346 3018 1417; x_wconf 90' lang='grc' dir='ltr'><strong>μυρίοι,</strong></span> <span class='ocrx_word' id='word_1_172' title='bbox 3069 1339 3380 1418; x_wconf 80' lang='grc' dir='ltr'><strong>ὲνὲδρευταὶ</strong></span> <span class='ocrx_word' id='word_1_173' title='bbox 3411 1351 3506 1403; x_wconf 80' lang='grc' dir='ltr'><strong>καὶ</strong></span> <span class='ocrx_word' id='word_1_174' title='bbox 3545 1351 3719 1424; x_wconf 79' lang='grc' dir='ltr'><strong>λῃσταὶ</strong></span> 
     </span>
    </p>
   </div>
   <div class='ocr_carea' id='block_1_26' title="bbox 2163 1435 3723 1512">
    <p class='ocr_par' dir='ltr' id='par_1_26' title="bbox 2163 1435 3723 1512">
     <span class='ocr_line' id='line_1_26' title="bbox 2163 1435 3723 1512; baseline 0.004 -24"><span class='ocrx_word' id='word_1_175' title='bbox 2163 1440 2266 1508; x_wconf 83' lang='grc' dir='ltr'><strong>γῆν</strong></span> <span class='ocrx_word' id='word_1_176' title='bbox 2312 1435 2640 1506; x_wconf 84' lang='grc' dir='ltr'><strong>διενοχλοῦσι</strong></span> <span class='ocrx_word' id='word_1_177' title='bbox 2696 1438 2792 1490; x_wconf 76' lang='grc' dir='ltr'><strong>καὶ</strong></span> <span class='ocrx_word' id='word_1_178' title='bbox 2837 1437 3145 1493; x_wconf 81' lang='grc' dir='ltr'><strong>Θάλασσαν·</strong></span> <span class='ocrx_word' id='word_1_179' title='bbox 3195 1440 3358 1510; x_wconf 75' lang='grc' dir='ltr'><strong>ὁρᾶτε</strong></span> <span class='ocrx_word' id='word_1_180' title='bbox 3395 1441 3471 1512; x_wconf 84' lang='grc' dir='ltr'><strong>μὴ</strong></span> <span class='ocrx_word' id='word_1_181' title='bbox 3507 1443 3597 1494; x_wconf 74' lang='grc' dir='ltr'><strong>καὶ</strong></span> <span class='ocrx_word' id='word_1_182' title='bbox 3639 1443 3723 1508; x_wconf 79' lang='grc' dir='ltr'><strong>τὰς</strong></span> 
     </span>
    </p>
   </div>
   <div class='ocr_carea' id='block_1_27' title="bbox 2169 1529 3723 1604">
    <p class='ocr_par' dir='ltr' id='par_1_27' title="bbox 2169 1529 3723 1604">
     <span class='ocr_line' id='line_1_27' title="bbox 2169 1529 3723 1604; baseline 0.003 -22"><span class='ocrx_word' id='word_1_183' title='bbox 2169 1529 2446 1599; x_wconf 88' lang='grc' dir='ltr'><strong>ἁμαρτίας</strong></span> <span class='ocrx_word' id='word_1_184' title='bbox 2511 1529 2842 1600; x_wconf 81' lang='grc' dir='ltr'><strong>κερδανεῖτε,</strong></span> <span class='ocrx_word' id='word_1_185' title='bbox 2896 1530 2991 1582; x_wconf 76' lang='grc' dir='ltr'><strong>καὶ</strong></span> <span class='ocrx_word' id='word_1_186' title='bbox 3044 1531 3136 1584; x_wconf 84' lang='grc' dir='ltr'><strong>τὸν</strong></span> <span class='ocrx_word' id='word_1_187' title='bbox 3194 1531 3392 1602; x_wconf 81' lang='grc' dir='ltr'><strong>χρυσὸν</strong></span> <span class='ocrx_word' id='word_1_188' title='bbox 3449 1533 3523 1604; x_wconf 83' lang='grc' dir='ltr'><strong>μὴ</strong></span> <span class='ocrx_word' id='word_1_189' title='bbox 3571 1537 3723 1588; x_wconf 81' lang='grc' dir='ltr'><strong>κατά·</strong></span> 
     </span>
    </p>
   </div>
   <div class='ocr_carea' id='block_1_28' title="bbox 2167 1612 3725 1692">
    <p class='ocr_par' dir='ltr' id='par_1_28' title="bbox 2167 1612 3725 1692">
     <span class='ocr_line' id='line_1_28' title="bbox 2167 1612 3725 1692; baseline 0.005 -24"><span class='ocrx_word' id='word_1_190' title='bbox 2167 1633 2333 1686; x_wconf 86' lang='grc' dir='ltr'><strong>σχητε</strong></span> <span class='ocrx_word' id='word_1_191' title='bbox 2379 1617 2513 1687; x_wconf 84' lang='grc'>(60).</span> <span class='ocrx_word' id='word_1_192' title='bbox 2584 1617 2722 1670; x_wconf 84' lang='grc' dir='ltr'><strong>Ἀλλ’</strong></span> <span class='ocrx_word' id='word_1_193' title='bbox 2753 1617 2994 1690; x_wconf 81' lang='grc' dir='ltr'><strong>ἐπαχθὴς</strong></span> <span class='ocrx_word' id='word_1_194' title='bbox 3032 1619 3164 1689; x_wconf 74' lang='grc' dir='ltr'><strong>ἡμῖν</strong></span> <span class='ocrx_word' id='word_1_195' title='bbox 3205 1612 3360 1684; x_wconf 79' lang='grc' dir='ltr'><strong>οὗτός</strong></span> <span class='ocrx_word' id='word_1_196' title='bbox 3393 1622 3510 1676; x_wconf 75' lang='grc' dir='ltr'><strong>ἐστι</strong></span> <span class='ocrx_word' id='word_1_197' title='bbox 3531 1662 3545 1688; x_wconf 97' lang='grc'><strong>,</strong></span> <span class='ocrx_word' id='word_1_198' title='bbox 3580 1629 3725 1692; x_wconf 69' lang='grc' dir='ltr'><strong>φασὶν</strong></span> 
     </span>
    </p>
   </div>
   <div class='ocr_carea' id='block_1_29' title="bbox 479 1703 2050 1788">
    <p class='ocr_par' dir='ltr' id='par_1_29' title="bbox 479 1714 2046 1788">
     <span class='ocr_line' id='line_1_29' title="bbox 479 1714 2046 1788; baseline 0.006 -18"><span class='ocrx_word' id='word_1_199' title='bbox 479 1725 682 1770; x_wconf 88' lang='lat' dir='ltr'><strong>catum.</strong></span> <span class='ocrx_word' id='word_1_200' title='bbox 735 1714 841 1771; x_wconf 86' lang='lat' dir='ltr'><strong>Sed</strong></span> <span class='ocrx_word' id='word_1_201' title='bbox 880 1720 1054 1772; x_wconf 85' lang='lat' dir='ltr'><strong>oratio</strong></span> <span class='ocrx_word' id='word_1_202' title='bbox 1089 1720 1221 1786; x_wconf 71' lang='lat' dir='ltr'><strong>haec,</strong></span> <span class='ocrx_word' id='word_1_203' title='bbox 1253 1721 1451 1788; x_wconf 87' lang='lat' dir='ltr'><strong>aiunt,</strong></span> <span class='ocrx_word' id='word_1_204' title='bbox 1501 1723 1662 1779; x_wconf 92' lang='lat' dir='ltr'><strong>nobis</strong></span> <span class='ocrx_word' id='word_1_205' title='bbox 1688 1722 1878 1778; x_wconf 85' lang='lat' dir='ltr'><strong>odiosa</strong></span> <span class='ocrx_word' id='word_1_206' title='bbox 1902 1733 1988 1778; x_wconf 90' lang='lat' dir='ltr'><strong>est</strong></span> <span class='ocrx_word' id='word_1_207' title='bbox 2016 1741 2046 1780; x_wconf 89' lang='lat' dir='ltr'><strong>c</strong></span> 
     </span>
    </p>
   </div>
   <div class='ocr_carea' id='block_1_30' title="bbox 2161 1703 3725 1788">
    <p class='ocr_par' dir='ltr' id='par_1_30' title="bbox 2161 1703 3725 1784">
     <span class='ocr_line' id='line_1_30' title="bbox 2161 1703 3725 1784; baseline 0.004 -22"><span class='ocrx_word' id='word_1_208' title='bbox 2161 1703 2301 1778; x_wconf 81' lang='grc' dir='ltr'><strong>(οἶδα.</strong></span> <span class='ocrx_word' id='word_1_209' title='bbox 2342 1709 2452 1779; x_wconf 82' lang='grc' dir='ltr'><strong>γὰρ</strong></span> <span class='ocrx_word' id='word_1_210' title='bbox 2491 1709 2644 1780; x_wconf 90' lang='grc' dir='ltr'><strong>ὐμῶν</strong></span> <span class='ocrx_word' id='word_1_211' title='bbox 2687 1712 2812 1776; x_wconf 84' lang='grc' dir='ltr'><strong>τοὺς</strong></span> <span class='ocrx_word' id='word_1_212' title='bbox 2857 1711 2950 1764; x_wconf 77' lang='grc' dir='ltr'><strong>ὐπ’</strong></span> <span class='ocrx_word' id='word_1_213' title='bbox 2980 1711 3206 1764; x_wconf 78' lang='grc' dir='ltr'><strong>ὀδόντων</strong></span> <span class='ocrx_word' id='word_1_214' title='bbox 3241 1715 3618 1784; x_wconf 84' lang='grc' dir='ltr'><strong>γογγυσμούς,</strong></span> <span class='ocrx_word' id='word_1_215' title='bbox 3643 1717 3725 1769; x_wconf 76' lang='grc' dir='ltr'><strong>καὶ</strong></span> 
     </span>
    </p>
   </div>
   <div class='ocr_carea' id='block_1_31' title="bbox 477 1801 2050 1886">
    <p class='ocr_par' dir='ltr' id='par_1_31' title="bbox 477 1807 2050 1886">
     <span class='ocr_line' id='line_1_31' title="bbox 477 1807 2050 1886; baseline 0.008 -28"><span class='ocrx_word' id='word_1_216' title='bbox 477 1808 678 1876; x_wconf 80' lang='lat' dir='ltr'><strong>gravis.</strong></span> <span class='ocrx_word' id='word_1_217' title='bbox 728 1807 864 1862; x_wconf 85' lang='lat' dir='ltr'><strong>Novi</strong></span> <span class='ocrx_word' id='word_1_218' title='bbox 896 1817 950 1864; x_wconf 90' lang='lat' dir='ltr'><strong>et</strong></span> <span class='ocrx_word' id='word_1_219' title='bbox 983 1826 1082 1882; x_wconf 84' lang='lat' dir='ltr'><strong>ego</strong></span> <span class='ocrx_word' id='word_1_220' title='bbox 1114 1823 1356 1868; x_wconf 80' lang='lat' dir='ltr'><strong>veStrum</strong></span> <span class='ocrx_word' id='word_1_221' title='bbox 1401 1829 1649 1868; x_wconf 88' lang='lat' dir='ltr'><strong>murmur</strong></span> <span class='ocrx_word' id='word_1_222' title='bbox 1695 1813 2050 1886; x_wconf 87' lang='lat' dir='ltr'><strong>dentiumque</strong></span> 
     </span>
    </p>
   </div>
   <div class='ocr_carea' id='block_1_32' title="bbox 2161 1801 3725 1886">
    <p class='ocr_par' dir='ltr' id='par_1_32' title="bbox 2167 1801 3725 1880">
     <span class='ocr_line' id='line_1_32' title="bbox 2167 1801 3725 1880; baseline 0.004 -25"><span class='ocrx_word' id='word_1_223' title='bbox 2167 1801 2404 1873; x_wconf 84' lang='grc' dir='ltr'><strong>συνεχῶς</strong></span> <span class='ocrx_word' id='word_1_224' title='bbox 2443 1803 2588 1874; x_wconf 81' lang='grc' dir='ltr'><strong>ὑμᾶς</strong></span> <span class='ocrx_word' id='word_1_225' title='bbox 2612 1803 2724 1876; x_wconf 78' lang='lat' dir='ltr'><strong>(Gl)</strong></span> <span class='ocrx_word' id='word_1_226' title='bbox 2757 1803 3026 1875; x_wconf 78' lang='grc' dir='ltr'><strong>στηρίζων</strong></span> <span class='ocrx_word' id='word_1_227' title='bbox 3049 1805 3141 1858; x_wconf 71' lang='grc' dir='ltr'><strong>ἐπὶ</strong></span> <span class='ocrx_word' id='word_1_228' title='bbox 3159 1803 3253 1858; x_wconf 83' lang='grc' dir='ltr'><strong>τοῦ</strong></span> <span class='ocrx_word' id='word_1_229' title='bbox 3277 1806 3573 1880; x_wconf 79' lang='grc' dir='ltr'><strong>βήματος)·</strong></span> <span class='ocrx_word' id='word_1_230' title='bbox 3623 1811 3725 1862; x_wconf 80' lang='grc' dir='ltr'><strong>ἑπι-</strong></span> 
     </span>
    </p>
   </div>
   <div class='ocr_carea' id='block_1_33' title="bbox 479 1898 2056 1978">
    <p class='ocr_par' dir='ltr' id='par_1_33' title="bbox 479 1898 2056 1978">
     <span class='ocr_line' id='line_1_33' title="bbox 479 1898 2056 1978; baseline 0.007 -26"><span class='ocrx_word' id='word_1_231' title='bbox 479 1898 778 1966; x_wconf 81' lang='lat' dir='ltr'><strong>l‘remitum,</strong></span> <span class='ocrx_word' id='word_1_232' title='bbox 807 1899 909 1956; x_wconf 88' lang='lat' dir='ltr'><strong>etsi</strong></span> <span class='ocrx_word' id='word_1_233' title='bbox 941 1917 1040 1958; x_wconf 88' lang='lat' dir='ltr'><strong>vos</strong></span> <span class='ocrx_word' id='word_1_234' title='bbox 1075 1919 1159 1971; x_wconf 74' lang='grc' dir='ltr'><strong>,εχ</strong></span> <span class='ocrx_word' id='word_1_235' title='bbox 1202 1903 1308 1960; x_wconf 88' lang='lat' dir='ltr'><strong>hoc</strong></span> <span class='ocrx_word' id='word_1_236' title='bbox 1341 1905 1459 1960; x_wconf 92' lang='lat' dir='ltr'><strong>loco</strong></span> <span class='ocrx_word' id='word_1_237' title='bbox 1518 1907 1802 1976; x_wconf 86' lang='lat' dir='ltr'><strong>superiore</strong></span> <span class='ocrx_word' id='word_1_238' title='bbox 1853 1909 2056 1978; x_wconf 65' lang='lat' dir='ltr'><strong>saepius</strong></span> 
     </span>
    </p>
   </div>
   <div class='ocr_carea' id='block_1_34' title="bbox 479 1992 2061 2061">
    <p class='ocr_par' dir='ltr' id='par_1_34' title="bbox 479 1992 2061 2061">
     <span class='ocr_line' id='line_1_34' title="bbox 479 1992 2061 2061; baseline 0.005 -16"><span class='ocrx_word' id='word_1_239' title='bbox 479 1992 534 2046; x_wconf 90' lang='lat' dir='ltr'><strong>in</strong></span> <span class='ocrx_word' id='word_1_240' title='bbox 597 2001 748 2046; x_wconf 89' lang='lat' dir='ltr'><strong>recta</strong></span> <span class='ocrx_word' id='word_1_241' title='bbox 811 1995 1084 2049; x_wconf 87' lang='lat' dir='ltr'><strong>sententia</strong></span> <span class='ocrx_word' id='word_1_242' title='bbox 1140 1995 1359 2051; x_wconf 80' lang='lat' dir='ltr'><strong>firmare</strong></span> <span class='ocrx_word' id='word_1_243' title='bbox 1425 2012 1613 2052; x_wconf 90' lang='lat' dir='ltr'><strong>coner.</strong></span> <span class='ocrx_word' id='word_1_244' title='bbox 1673 1996 1914 2061; x_wconf 85' lang='lat' dir='ltr'><strong>invidet.</strong></span> <span class='ocrx_word' id='word_1_245' title='bbox 1975 2000 2061 2053; x_wconf 91' lang='lat' dir='ltr'><strong>in-</strong></span> 
     </span>
    </p>
   </div>
   <div class='ocr_carea' id='block_1_35' title="bbox 476 2083 2057 2158">
    <p class='ocr_par' dir='ltr' id='par_1_35' title="bbox 476 2083 2057 2158">
     <span class='ocr_line' id='line_1_35' title="bbox 476 2083 2057 2158; baseline 0.006 -21"><span class='ocrx_word' id='word_1_246' title='bbox 476 2083 693 2154; x_wconf 86' lang='lat' dir='ltr'><strong>quiunt,</strong></span> <span class='ocrx_word' id='word_1_247' title='bbox 722 2085 808 2148; x_wconf 87' lang='lat' dir='ltr'><strong>iis,</strong></span> <span class='ocrx_word' id='word_1_248' title='bbox 847 2087 940 2156; x_wconf 88' lang='lat' dir='ltr'><strong>qui</strong></span> <span class='ocrx_word' id='word_1_249' title='bbox 977 2085 1262 2142; x_wconf 82' lang='lat' dir='ltr'><strong>beneﬁciis</strong></span> <span class='ocrx_word' id='word_1_250' title='bbox 1313 2085 1623 2142; x_wconf 84' lang='lat' dir='ltr'><strong>allicinntur</strong></span> <span class='ocrx_word' id='word_1_251' title='bbox 1658 2097 1712 2143; x_wconf 88' lang='lat' dir='ltr'><strong>et</strong></span> <span class='ocrx_word' id='word_1_252' title='bbox 1748 2090 2057 2158; x_wconf 80' lang='lat' dir='ltr'><strong>egentibus.</strong></span> 
     </span>
    </p>
   </div>
   <div class='ocr_carea' id='block_1_36' title="bbox 475 2172 2056 2250">
    <p class='ocr_par' dir='ltr' id='par_1_36' title="bbox 475 2172 2056 2250">
     <span class='ocr_line' id='line_1_36' title="bbox 475 2172 2056 2250; baseline 0.003 -23"><span class='ocrx_word' id='word_1_253' title='bbox 475 2172 620 2244; x_wconf 82' lang='lat' dir='ltr'><strong>Ergo</strong></span> <span class='ocrx_word' id='word_1_254' title='bbox 665 2191 693 2228; x_wconf 86' lang='lat' dir='ltr'><strong>a</strong></span> <span class='ocrx_word' id='word_1_255' title='bbox 759 2185 950 2230; x_wconf 90' lang='lat' dir='ltr'><strong>mutuo</strong></span> <span class='ocrx_word' id='word_1_256' title='bbox 1003 2175 1180 2230; x_wconf 90' lang='lat' dir='ltr'><strong>dando</strong></span> <span class='ocrx_word' id='word_1_257' title='bbox 1241 2177 1742 2246; x_wconf 88' lang='lat' dir='ltr'><strong>superscdcbimus.</strong></span> <span class='ocrx_word' id='word_1_258' title='bbox 1778 2177 1844 2232; x_wconf 87' lang='lat' dir='ltr'><strong>Et</strong></span> <span class='ocrx_word' id='word_1_259' title='bbox 1893 2195 2056 2250; x_wconf 87' lang='lat' dir='ltr'><strong>quam</strong></span> 
     </span>
    </p>
   </div>
   <div class='ocr_carea' id='block_1_37' title="bbox 474 2265 2061 2339">
    <p class='ocr_par' dir='ltr' id='par_1_37' title="bbox 474 2265 2061 2339">
     <span class='ocr_line' id='line_1_37' title="bbox 474 2265 2061 2339; baseline 0.004 -21"><span class='ocrx_word' id='word_1_260' title='bbox 474 2267 642 2320; x_wconf 88' lang='lat' dir='ltr'><strong>vitam</strong></span> <span class='ocrx_word' id='word_1_261' title='bbox 673 2275 834 2337; x_wconf 83' lang='lat' dir='ltr'><strong>agent</strong></span> <span class='ocrx_word' id='word_1_262' title='bbox 886 2267 1077 2338; x_wconf 87' lang='lat' dir='ltr'><strong>inopes</strong></span> <span class='ocrx_word' id='word_1_263' title='bbox 1105 2275 1158 2322; x_wconf 90' lang='lat' dir='ltr'><strong>ct</strong></span> <span class='ocrx_word' id='word_1_264' title='bbox 1186 2265 1416 2322; x_wconf 83' lang='lat' dir='ltr'><strong>amicti?</strong></span> <span class='ocrx_word' id='word_1_265' title='bbox 1447 2267 1614 2338; x_wconf 81' lang='lat' dir='ltr'><strong>Digna</strong></span> <span class='ocrx_word' id='word_1_266' title='bbox 1668 2267 1913 2339; x_wconf 85' lang='lat' dir='ltr'><strong>profecto</strong></span> <span class='ocrx_word' id='word_1_267' title='bbox 1943 2285 2061 2324; x_wconf 86' lang='lat' dir='ltr'><strong>mo-</strong></span> 
     </span>
    </p>
   </div>
   <div class='ocr_carea' id='block_1_38' title="bbox 474 2359 2058 2431">
    <p class='ocr_par' dir='ltr' id='par_1_38' title="bbox 474 2359 2058 2431">
     <span class='ocr_line' id='line_1_38' title="bbox 474 2359 2058 2431; baseline 0.002 -18"><span class='ocrx_word' id='word_1_268' title='bbox 474 2359 632 2414; x_wconf 90' lang='lat' dir='ltr'><strong>ribus</strong></span> <span class='ocrx_word' id='word_1_269' title='bbox 686 2359 918 2414; x_wconf 88' lang='lat' dir='ltr'><strong>istorum</strong></span> <span class='ocrx_word' id='word_1_270' title='bbox 958 2359 1137 2414; x_wconf 87' lang='lat' dir='ltr'><strong>oratio</strong></span> <span class='ocrx_word' id='word_1_271' title='bbox 1168 2400 1182 2422; x_wconf 89' lang='lat'><strong>,</strong></span> <span class='ocrx_word' id='word_1_272' title='bbox 1237 2360 1674 2430; x_wconf 80' lang='lat' dir='ltr'><strong>conveniensque</strong></span> <span class='ocrx_word' id='word_1_273' title='bbox 1715 2360 1950 2431; x_wconf 89' lang='lat' dir='ltr'><strong>objectio</strong></span> <span class='ocrx_word' id='word_1_274' title='bbox 1989 2361 2058 2416; x_wconf 90' lang='lat' dir='ltr'><strong>iis</strong></span> 
     </span>
    </p>
   </div>
   <div class='ocr_carea' id='block_1_39' title="bbox 474 2449 2057 2524">
    <p class='ocr_par' dir='ltr' id='par_1_39' title="bbox 474 2449 2057 2524">
     <span class='ocr_line' id='line_1_39' title="bbox 474 2449 2057 2524; baseline 0.004 -22"><span class='ocrx_word' id='word_1_275' title='bbox 474 2451 568 2519; x_wconf 87' lang='lat' dir='ltr'><strong>qui</strong></span> <span class='ocrx_word' id='word_1_276' title='bbox 619 2449 934 2504; x_wconf 86' lang='lat' dir='ltr'><strong>divitiarum</strong></span> <span class='ocrx_word' id='word_1_277' title='bbox 981 2450 1224 2506; x_wconf 86' lang='lat' dir='ltr'><strong>tenebris</strong></span> <span class='ocrx_word' id='word_1_278' title='bbox 1280 2451 1586 2506; x_wconf 89' lang='lat' dir='ltr'><strong>obnubilati</strong></span> <span class='ocrx_word' id='word_1_279' title='bbox 1649 2463 1800 2506; x_wconf 92' lang='lat' dir='ltr'><strong>sunt.</strong></span> <span class='ocrx_word' id='word_1_280' title='bbox 1867 2451 2057 2524; x_wconf 89' lang='lat' dir='ltr'><strong>Neque</strong></span> 
     </span>
    </p>
   </div>
   <div class='ocr_carea' id='block_1_40' title="bbox 474 2541 2054 2611">
    <p class='ocr_par' dir='ltr' id='par_1_40' title="bbox 474 2541 2054 2611">
     <span class='ocr_line' id='line_1_40' title="bbox 474 2541 2054 2611; baseline 0.001 -15"><span class='ocrx_word' id='word_1_281' title='bbox 474 2543 622 2596; x_wconf 89' lang='lat' dir='ltr'><strong>enim</strong></span> <span class='ocrx_word' id='word_1_282' title='bbox 664 2543 862 2597; x_wconf 90' lang='lat' dir='ltr'><strong>mentis</strong></span> <span class='ocrx_word' id='word_1_283' title='bbox 896 2541 1169 2611; x_wconf 80' lang='lat' dir='ltr'><strong>judicium</strong></span> <span class='ocrx_word' id='word_1_284' title='bbox 1229 2543 1364 2597; x_wconf 89' lang='lat' dir='ltr'><strong>satis</strong></span> <span class='ocrx_word' id='word_1_285' title='bbox 1419 2543 1692 2598; x_wconf 82' lang='lat' dir='ltr'><strong>ﬁrmatum</strong></span> <span class='ocrx_word' id='word_1_286' title='bbox 1737 2545 1960 2608; x_wconf 87' lang='lat' dir='ltr'><strong>habent,</strong></span> <span class='ocrx_word' id='word_1_287' title='bbox 1993 2551 2054 2598; x_wconf 90' lang='lat' dir='ltr'><strong>ut</strong></span> 
     </span>
    </p>
   </div>
   <div class='ocr_carea' id='block_1_41' title="bbox 427 2633 2054 2706">
    <p class='ocr_par' dir='ltr' id='par_1_41' title="bbox 427 2633 2054 2706">
     <span class='ocr_line' id='line_1_41' title="bbox 427 2633 2054 2706; baseline 0.005 -22"><span class='ocrx_word' id='word_1_288' title='bbox 427 2681 430 2684; x_wconf 85' lang='lat'><strong>.</strong></span> <span class='ocrx_word' id='word_1_289' title='bbox 474 2651 596 2706; x_wconf 78' lang='lat' dir='ltr'><strong>quae</strong></span> <span class='ocrx_word' id='word_1_290' title='bbox 627 2635 887 2690; x_wconf 87' lang='lat' dir='ltr'><strong>dicuntur</strong></span> <span class='ocrx_word' id='word_1_291' title='bbox 919 2633 1222 2704; x_wconf 80' lang='lat' dir='ltr'><strong>intelligere</strong></span> <span class='ocrx_word' id='word_1_292' title='bbox 1247 2635 1476 2704; x_wconf 89' lang='lat' dir='ltr'><strong>possint.</strong></span> <span class='ocrx_word' id='word_1_293' title='bbox 1509 2634 1880 2692; x_wconf 80' lang='lat' dir='ltr'><strong>ilincmonita</strong></span> <span class='ocrx_word' id='word_1_294' title='bbox 1903 2645 2054 2692; x_wconf 89' lang='lat' dir='ltr'><strong>recte</strong></span> 
     </span>
    </p>
   </div>
   <div class='ocr_carea' id='block_1_42' title="bbox 477 2727 2056 2798">
    <p class='ocr_par' dir='ltr' id='par_1_42' title="bbox 477 2727 2056 2798">
     <span class='ocr_line' id='line_1_42' title="bbox 477 2727 2056 2798; baseline 0.001 -17"><span class='ocrx_word' id='word_1_295' title='bbox 477 2727 824 2782; x_wconf 75' lang='lat' dir='ltr'><strong>suadentium</strong></span> <span class='ocrx_word' id='word_1_296' title='bbox 883 2727 940 2782; x_wconf 92' lang='lat' dir='ltr'><strong>in</strong></span> <span class='ocrx_word' id='word_1_297' title='bbox 992 2727 1322 2780; x_wconf 86' lang='lat' dir='ltr'><strong>contrariam</strong></span> <span class='ocrx_word' id='word_1_298' title='bbox 1378 2735 1588 2798; x_wconf 88' lang='lat' dir='ltr'><strong>partem</strong></span> <span class='ocrx_word' id='word_1_299' title='bbox 1637 2728 1960 2798; x_wconf 88' lang='lat' dir='ltr'><strong>accipiunt:</strong></span> <span class='ocrx_word' id='word_1_300' title='bbox 1996 2737 2056 2782; x_wconf 92' lang='lat' dir='ltr'><strong>ut</strong></span> 
     </span>
    </p>
   </div>
   <div class='ocr_carea' id='block_1_43' title="bbox 473 2819 2042 2891">
    <p class='ocr_par' dir='ltr' id='par_1_43' title="bbox 473 2819 2042 2891">
     <span class='ocr_line' id='line_1_43' title="bbox 473 2819 2042 2891; baseline 0 -17"><span class='ocrx_word' id='word_1_301' title='bbox 473 2820 616 2874; x_wconf 87' lang='lat' dir='ltr'><strong>enim</strong></span> <span class='ocrx_word' id='word_1_302' title='bbox 657 2835 744 2876; x_wconf 86' lang='lat' dir='ltr'><strong>me</strong></span> <span class='ocrx_word' id='word_1_303' title='bbox 781 2827 1070 2891; x_wconf 86' lang='lat' dir='ltr'><strong>perorante</strong></span> <span class='ocrx_word' id='word_1_304' title='bbox 1105 2820 1387 2874; x_wconf 89' lang='lat' dir='ltr'><strong>minantur</strong></span> <span class='ocrx_word' id='word_1_305' title='bbox 1411 2859 1428 2882; x_wconf 85' lang='grc'><strong>,</strong></span> <span class='ocrx_word' id='word_1_306' title='bbox 1471 2834 1530 2875; x_wconf 90' lang='lat' dir='ltr'><strong>se</strong></span> <span class='ocrx_word' id='word_1_307' title='bbox 1561 2819 1896 2890; x_wconf 86' lang='lat' dir='ltr'><strong>pauperibus</strong></span> <span class='ocrx_word' id='word_1_308' title='bbox 1933 2834 2042 2874; x_wconf 78' lang='lat' dir='ltr'><strong>non</strong></span> 
     </span>
    </p>
   </div>
   <div class='ocr_carea' id='block_1_44' title="bbox 473 2914 2052 2979">
    <p class='ocr_par' dir='ltr' id='par_1_44' title="bbox 473 2914 2052 2979">
     <span class='ocr_line' id='line_1_44' title="bbox 473 2914 2052 2979; baseline -0.001 -13"><span class='ocrx_word' id='word_1_309' title='bbox 473 2915 699 2970; x_wconf 81' lang='lat' dir='ltr'><strong>daturos</strong></span> <span class='ocrx_word' id='word_1_310' title='bbox 735 2922 1006 2977; x_wconf 86' lang='lat' dir='ltr'><strong>mutuum,</strong></span> <span class='ocrx_word' id='word_1_311' title='bbox 1036 2915 1116 2970; x_wconf 90' lang='lat' dir='ltr'><strong>sic</strong></span> <span class='ocrx_word' id='word_1_312' title='bbox 1143 2929 1252 2968; x_wconf 91' lang='lat' dir='ltr'><strong>non</strong></span> <span class='ocrx_word' id='word_1_313' title='bbox 1280 2915 1400 2969; x_wconf 91' lang='lat' dir='ltr'><strong>sine</strong></span> <span class='ocrx_word' id='word_1_314' title='bbox 1431 2929 1710 2968; x_wconf 87' lang='lat' dir='ltr'><strong>murmure</strong></span> <span class='ocrx_word' id='word_1_315' title='bbox 1741 2914 2052 2979; x_wconf 88' lang='lat' dir='ltr'><strong>minantur,</strong></span> 
     </span>
    </p>
   </div>
   <div class='ocr_carea' id='block_1_45' title="bbox 471 3004 2050 3077">
    <p class='ocr_par' dir='ltr' id='par_1_45' title="bbox 471 3004 2050 3077">
     <span class='ocr_line' id='line_1_45' title="bbox 471 3004 2050 3077; baseline -0.003 -15"><span class='ocrx_word' id='word_1_316' title='bbox 471 3009 658 3077; x_wconf 81' lang='lat' dir='ltr'><strong>egenis</strong></span> <span class='ocrx_word' id='word_1_317' title='bbox 721 3007 1070 3062; x_wconf 85' lang='lat' dir='ltr'><strong>venientibus</strong></span> <span class='ocrx_word' id='word_1_318' title='bbox 1119 3021 1240 3062; x_wconf 89' lang='lat' dir='ltr'><strong>sese</strong></span> <span class='ocrx_word' id='word_1_319' title='bbox 1271 3005 1596 3060; x_wconf 88' lang='lat' dir='ltr'><strong>occlusuros</strong></span> <span class='ocrx_word' id='word_1_320' title='bbox 1635 3004 1880 3073; x_wconf 74' lang='lat' dir='ltr'><strong>ianuam.</strong></span> <span class='ocrx_word' id='word_1_321' title='bbox 1935 3004 2050 3074; x_wconf 87' lang='lat' dir='ltr'><strong>Ego</strong></span> 
     </span>
    </p>
   </div>
   <div class='ocr_carea' id='block_1_46' title="bbox 472 3095 2046 3174">
    <p class='ocr_par' dir='ltr' id='par_1_46' title="bbox 472 3095 2046 3174">
     <span class='ocr_line' id='line_1_46' title="bbox 472 3095 2046 3174; baseline 0 -24"><span class='ocrx_word' id='word_1_322' title='bbox 472 3098 690 3168; x_wconf 88' lang='lat' dir='ltr'><strong>qtndem</strong></span> <span class='ocrx_word' id='word_1_323' title='bbox 720 3100 954 3168; x_wconf 90' lang='lat' dir='ltr'><strong>primum</strong></span> <span class='ocrx_word' id='word_1_324' title='bbox 997 3097 1270 3174; x_wconf 26' lang='lat' dir='ltr'><strong>.dandum‘</strong></span> <span class='ocrx_word' id='word_1_325' title='bbox 1293 3104 1349 3151; x_wconf 79' lang='lat' dir='ltr'><strong>et</strong></span> <span class='ocrx_word' id='word_1_326' title='bbox 1387 3095 1699 3150; x_wconf 88' lang='lat' dir='ltr'><strong>donandum</strong></span> <span class='ocrx_word' id='word_1_327' title='bbox 1743 3110 1866 3150; x_wconf 87' lang='lat' dir='ltr'><strong>esse</strong></span> <span class='ocrx_word' id='word_1_328' title='bbox 1905 3111 2046 3166; x_wconf 69' lang='lat' dir='ltr'><strong>pra:-</strong></span> 
     </span>
    </p>
   </div>
   <div class='ocr_carea' id='block_1_47' title="bbox 471 3173 2051 3266">
    <p class='ocr_par' dir='ltr' id='par_1_47' title="bbox 471 3173 2051 3266">
     <span class='ocr_line' id='line_1_47' title="bbox 471 3173 2051 3266; baseline -0.003 -22"><span class='ocrx_word' id='word_1_329' title='bbox 471 3191 596 3244; x_wconf 60' lang='lat' dir='ltr'><strong>dito</strong></span> <span class='ocrx_word' id='word_1_330' title='bbox 628 3198 680 3242; x_wconf 86' lang='lat' dir='ltr'><strong>et</strong></span> <span class='ocrx_word' id='word_1_331' title='bbox 707 3173 1240 3266; x_wconf 42' lang='lat' dir='ltr'><strong>aununtio£Deinde</strong></span> <span class='ocrx_word' id='word_1_332' title='bbox 1288 3187 1356 3242; x_wconf 88' lang='lat' dir='ltr'><strong>ad</strong></span> <span class='ocrx_word' id='word_1_333' title='bbox 1393 3196 1640 3241; x_wconf 89' lang='lat' dir='ltr'><strong>mutuum</strong></span> <span class='ocrx_word' id='word_1_334' title='bbox 1686 3201 1906 3257; x_wconf 87' lang='lat' dir='ltr'><strong>quoque</strong></span> <span class='ocrx_word' id='word_1_335' title='bbox 1953 3201 2051 3242; x_wconf 84' lang='lat' dir='ltr'><strong>ex-</strong></span> 
     </span>
    </p>
   </div>
   <div class='ocr_carea' id='block_1_48' title="bbox 471 3280 2048 3349">
    <p class='ocr_par' dir='ltr' id='par_1_48' title="bbox 471 3280 2048 3349">
     <span class='ocr_line' id='line_1_48' title="bbox 471 3280 2048 3349; baseline -0.001 -13"><span class='ocrx_word' id='word_1_336' title='bbox 471 3284 682 3338; x_wconf 82' lang='lat' dir='ltr'><strong>hortor.</strong></span> <span class='ocrx_word' id='word_1_337' title='bbox 726 3283 908 3337; x_wconf 85' lang='lat' dir='ltr'><strong>Altera</strong></span> <span class='ocrx_word' id='word_1_338' title='bbox 965 3282 1112 3336; x_wconf 90' lang='lat' dir='ltr'><strong>enim</strong></span> <span class='ocrx_word' id='word_1_339' title='bbox 1161 3281 1474 3334; x_wconf 84' lang='lat' dir='ltr'><strong>donationis</strong></span> <span class='ocrx_word' id='word_1_340' title='bbox 1537 3280 1748 3349; x_wconf 87' lang='lat' dir='ltr'><strong>species</strong></span> <span class='ocrx_word' id='word_1_341' title='bbox 1775 3287 1860 3335; x_wconf 87' lang='lat' dir='ltr'><strong>est</strong></span> <span class='ocrx_word' id='word_1_342' title='bbox 1926 3295 2048 3334; x_wconf 86' lang='lat' dir='ltr'><strong>mu-</strong></span> 
     </span>
    </p>
   </div>
   <div class='ocr_carea' id='block_1_49' title="bbox 472 3371 2048 3440">
    <p class='ocr_par' dir='ltr' id='par_1_49' title="bbox 472 3371 2048 3440">
     <span class='ocr_line' id='line_1_49' title="bbox 472 3371 2048 3440; baseline 0.001 -15"><span class='ocrx_word' id='word_1_343' title='bbox 472 3386 622 3434; x_wconf 85' lang='lat' dir='ltr'><strong>tuum</strong></span> <span class='ocrx_word' id='word_1_344' title='bbox 655 3391 670 3440; x_wconf 85' lang='lat'>;</span> <span class='ocrx_word' id='word_1_345' title='bbox 729 3373 824 3428; x_wconf 88' lang='lat' dir='ltr'><strong>sed</strong></span> <span class='ocrx_word' id='word_1_346' title='bbox 857 3372 997 3428; x_wconf 90' lang='lat' dir='ltr'><strong>addo</strong></span> <span class='ocrx_word' id='word_1_347' title='bbox 1032 3373 1138 3427; x_wconf 89' lang='lat' dir='ltr'><strong>hoc</strong></span> <span class='ocrx_word' id='word_1_348' title='bbox 1170 3371 1410 3426; x_wconf 83' lang='lat' dir='ltr'><strong>dandum</strong></span> <span class='ocrx_word' id='word_1_349' title='bbox 1444 3386 1566 3426; x_wconf 88' lang='lat' dir='ltr'><strong>esse</strong></span> <span class='ocrx_word' id='word_1_350' title='bbox 1607 3371 1728 3426; x_wconf 89' lang='lat' dir='ltr'><strong>sine</strong></span> <span class='ocrx_word' id='word_1_351' title='bbox 1759 3371 1968 3440; x_wconf 27' lang='lat' dir='ltr'><strong>fenore,</strong></span> <span class='ocrx_word' id='word_1_352' title='bbox 1992 3379 2048 3428; x_wconf 87' lang='lat' dir='ltr'><strong>et</strong></span> 
     </span>
    </p>
   </div>
   <div class='ocr_carea' id='block_1_50' title="bbox 470 3463 2047 3534">
    <p class='ocr_par' dir='ltr' id='par_1_50' title="bbox 470 3463 2047 3534">
     <span class='ocr_line' id='line_1_50' title="bbox 470 3463 2047 3534; baseline -0.001 -15"><span class='ocrx_word' id='word_1_353' title='bbox 470 3465 756 3519; x_wconf 74' lang='lat' dir='ltr'><strong>exactione</strong></span> <span class='ocrx_word' id='word_1_354' title='bbox 788 3464 1064 3526; x_wconf 82' lang='lat' dir='ltr'><strong>usuraria,</strong></span> <span class='ocrx_word' id='word_1_355' title='bbox 1096 3479 1274 3534; x_wconf 89' lang='lat' dir='ltr'><strong>eoque</strong></span> <span class='ocrx_word' id='word_1_356' title='bbox 1301 3463 1462 3517; x_wconf 89' lang='lat' dir='ltr'><strong>modo</strong></span> <span class='ocrx_word' id='word_1_357' title='bbox 1491 3477 1600 3532; x_wconf 90' lang='lat' dir='ltr'><strong>quo</strong></span> <span class='ocrx_word' id='word_1_358' title='bbox 1627 3463 1682 3517; x_wconf 88' lang='lat' dir='ltr'><strong>id</strong></span> <span class='ocrx_word' id='word_1_359' title='bbox 1717 3464 1898 3518; x_wconf 85' lang='lat' dir='ltr'><strong>divina</strong></span> <span class='ocrx_word' id='word_1_360' title='bbox 1921 3479 2047 3519; x_wconf 90' lang='lat' dir='ltr'><strong>ora-</strong></span> 
     </span>
    </p>
   </div>
   <div class='ocr_carea' id='block_1_51' title="bbox 471 3555 2042 3627">
    <p class='ocr_par' dir='ltr' id='par_1_51' title="bbox 471 3555 2042 3627">
     <span class='ocr_line' id='line_1_51' title="bbox 471 3555 2042 3627; baseline -0.001 -15"><span class='ocrx_word' id='word_1_361' title='bbox 471 3557 594 3612; x_wconf 89' lang='lat' dir='ltr'><strong>cula</strong></span> <span class='ocrx_word' id='word_1_362' title='bbox 628 3556 973 3627; x_wconf 63' lang='lat' dir='ltr'><strong>praecipiunt.</strong></span> <span class='ocrx_word' id='word_1_363' title='bbox 1023 3555 1200 3626; x_wconf 64' lang='lat' dir='ltr'><strong>Eque</strong></span> <span class='ocrx_word' id='word_1_364' title='bbox 1234 3556 1378 3609; x_wconf 88' lang='lat' dir='ltr'><strong>enim</strong></span> <span class='ocrx_word' id='word_1_365' title='bbox 1409 3555 1682 3610; x_wconf 82' lang='lat' dir='ltr'><strong>obnoxius</strong></span> <span class='ocrx_word' id='word_1_366' title='bbox 1711 3563 1794 3611; x_wconf 89' lang='lat' dir='ltr'><strong>est</strong></span> <span class='ocrx_word' id='word_1_367' title='bbox 1825 3571 2002 3626; x_wconf 72' lang='lat' dir='ltr'><strong>pinnae</strong></span> <span class='ocrx_word' id='word_1_368' title='bbox 2026 3597 2042 3622; x_wconf 87' lang='lat'><strong>,</strong></span> 
     </span>
    </p>
   </div>
   <div class='ocr_carea' id='block_1_52' title="bbox 471 3646 2050 3717">
    <p class='ocr_par' dir='ltr' id='par_1_52' title="bbox 471 3646 2050 3717">
     <span class='ocr_line' id='line_1_52' title="bbox 471 3646 2050 3717; baseline -0.001 -15"><span class='ocrx_word' id='word_1_369' title='bbox 471 3649 567 3717; x_wconf 86' lang='lat' dir='ltr'><strong>qui</strong></span> <span class='ocrx_word' id='word_1_370' title='bbox 611 3663 722 3702; x_wconf 90' lang='lat' dir='ltr'><strong>non</strong></span> <span class='ocrx_word' id='word_1_371' title='bbox 767 3647 862 3702; x_wconf 86' lang='lat' dir='ltr'><strong>dat</strong></span> <span class='ocrx_word' id='word_1_372' title='bbox 909 3655 1184 3712; x_wconf 87' lang='lat' dir='ltr'><strong>mutuum,</strong></span> <span class='ocrx_word' id='word_1_373' title='bbox 1214 3655 1268 3700; x_wconf 90' lang='lat' dir='ltr'><strong>et</strong></span> <span class='ocrx_word' id='word_1_374' title='bbox 1313 3647 1406 3715; x_wconf 90' lang='lat' dir='ltr'><strong>qui</strong></span> <span class='ocrx_word' id='word_1_375' title='bbox 1454 3647 1547 3700; x_wconf 87' lang='lat' dir='ltr'><strong>dat</strong></span> <span class='ocrx_word' id='word_1_376' title='bbox 1595 3646 1698 3700; x_wconf 92' lang='lat' dir='ltr'><strong>sub</strong></span> <span class='ocrx_word' id='word_1_377' title='bbox 1735 3646 2050 3701; x_wconf 85' lang='lat' dir='ltr'><strong>conditione</strong></span> 
     </span>
    </p>
   </div>
   <div class='ocr_carea' id='block_1_53' title="bbox 473 3735 2050 3807">
    <p class='ocr_par' dir='ltr' id='par_1_53' title="bbox 473 3735 2050 3807">
     <span class='ocr_line' id='line_1_53' title="bbox 473 3735 2050 3807; baseline -0.001 -14"><span class='ocrx_word' id='word_1_378' title='bbox 473 3755 678 3796; x_wconf 61' lang='lat' dir='ltr'><strong>usurus.</strong></span> <span class='ocrx_word' id='word_1_379' title='bbox 727 3736 880 3792; x_wconf 86' lang='lat' dir='ltr'><strong>Illius</strong></span> <span class='ocrx_word' id='word_1_380' title='bbox 953 3753 1192 3807; x_wconf 89' lang='lat' dir='ltr'><strong>namque</strong></span> <span class='ocrx_word' id='word_1_381' title='bbox 1237 3736 1646 3800; x_wconf 87' lang='lat' dir='ltr'><strong>inhumanitas,</strong></span> <span class='ocrx_word' id='word_1_382' title='bbox 1709 3735 1872 3805; x_wconf 89' lang='lat' dir='ltr'><strong>hujus</strong></span> <span class='ocrx_word' id='word_1_383' title='bbox 1922 3751 2050 3791; x_wconf 84' lang='lat' dir='ltr'><strong>vero</strong></span> 
     </span>
    </p>
   </div>
   <div class='ocr_carea' id='block_1_54' title="bbox 471 3827 2046 3902">
    <p class='ocr_par' dir='ltr' id='par_1_54' title="bbox 471 3827 2046 3902">
     <span class='ocr_line' id='line_1_54' title="bbox 471 3827 2046 3902; baseline -0.004 -16"><span class='ocrx_word' id='word_1_384' title='bbox 471 3831 836 3902; x_wconf 84' lang='lat' dir='ltr'><strong>cauponarius</strong></span> <span class='ocrx_word' id='word_1_385' title='bbox 867 3836 1110 3900; x_wconf 67' lang='lat' dir='ltr'><strong>quaestus</strong></span> <span class='ocrx_word' id='word_1_386' title='bbox 1145 3829 1342 3884; x_wconf 89' lang='lat' dir='ltr'><strong>merito</strong></span> <span class='ocrx_word' id='word_1_387' title='bbox 1395 3827 1791 3882; x_wconf 89' lang='lat' dir='ltr'><strong>condemnatus</strong></span> <span class='ocrx_word' id='word_1_388' title='bbox 1834 3835 1940 3892; x_wconf 83' lang='lat' dir='ltr'><strong>est.</strong></span> <span class='ocrx_word' id='word_1_389' title='bbox 1977 3829 2046 3880; x_wconf 88' lang='lat' dir='ltr'><strong>At</strong></span> 
     </span>
    </p>
   </div>
   <div class='ocr_carea' id='block_1_55' title="bbox 472 3918 2044 3983">
    <p class='ocr_par' dir='ltr' id='par_1_55' title="bbox 472 3918 2044 3983">
     <span class='ocr_line' id='line_1_55' title="bbox 472 3918 2044 3983; baseline -0.004 -5"><span class='ocrx_word' id='word_1_390' title='bbox 472 3925 562 3980; x_wconf 89' lang='lat' dir='ltr'><strong>isti</strong></span> <span class='ocrx_word' id='word_1_391' title='bbox 599 3923 745 3978; x_wconf 91' lang='lat' dir='ltr'><strong>ultro</strong></span> <span class='ocrx_word' id='word_1_392' title='bbox 784 3923 850 3976; x_wconf 87' lang='lat' dir='ltr'><strong>ad</strong></span> <span class='ocrx_word' id='word_1_393' title='bbox 883 3922 1116 3975; x_wconf 80' lang='lat' dir='ltr'><strong>alterum</strong></span> <span class='ocrx_word' id='word_1_394' title='bbox 1150 3929 1451 3975; x_wconf 76' lang='lat' dir='ltr'><strong>extremum</strong></span> <span class='ocrx_word' id='word_1_395' title='bbox 1509 3934 1631 3974; x_wconf 91' lang='lat' dir='ltr'><strong>sese</strong></span> <span class='ocrx_word' id='word_1_396' title='bbox 1701 3918 1996 3974; x_wconf 80' lang='lat' dir='ltr'><strong>conferunt</strong></span> <span class='ocrx_word' id='word_1_397' title='bbox 2027 3959 2044 3983; x_wconf 90' lang='lat'><strong>,</strong></span> 
     </span>
    </p>
   </div>
   <div class='ocr_carea' id='block_1_56' title="bbox 2166 1892 3724 1972">
    <p class='ocr_par' dir='ltr' id='par_1_56' title="bbox 2166 1892 3724 1972">
     <span class='ocr_line' id='line_1_56' title="bbox 2166 1892 3724 1972; baseline 0.008 -27"><span class='ocrx_word' id='word_1_398' title='bbox 2166 1892 2410 1946; x_wconf 76' lang='grc' dir='ltr'><strong>δουλεύει</strong></span> <span class='ocrx_word' id='word_1_399' title='bbox 2453 1897 2566 1958; x_wconf 89' lang='grc' dir='ltr'><strong>τοῖς</strong></span> <span class='ocrx_word' id='word_1_400' title='bbox 2603 1895 3080 1967; x_wconf 85' lang='grc' dir='ltr'><strong>εὐεργετουμένοις</strong></span> <span class='ocrx_word' id='word_1_401' title='bbox 3127 1899 3220 1950; x_wconf 85' lang='grc' dir='ltr'><strong>καὶ</strong></span> <span class='ocrx_word' id='word_1_402' title='bbox 3261 1901 3570 1972; x_wconf 82' lang='grc' dir='ltr'><strong>χρῄζουσιν.</strong></span> <span class='ocrx_word' id='word_1_403' title='bbox 3611 1902 3724 1956; x_wconf 81' lang='grc' dir='ltr'><strong>’1δού</strong></span> 
     </span>
    </p>
   </div>
   <div class='ocr_carea' id='block_1_57' title="bbox 2165 1984 3724 2059">
    <p class='ocr_par' dir='ltr' id='par_1_57' title="bbox 2165 1984 3724 2059">
     <span class='ocr_line' id='line_1_57' title="bbox 2165 1984 3724 2059; baseline 0.006 -21"><span class='ocrx_word' id='word_1_404' title='bbox 2165 1984 2274 2056; x_wconf 82' lang='grc' dir='ltr'><strong>γὰρ</strong></span> <span class='ocrx_word' id='word_1_405' title='bbox 2300 1986 2481 2040; x_wconf 87' lang='grc' dir='ltr'><strong>οὐκέτι</strong></span> <span class='ocrx_word' id='word_1_406' title='bbox 2511 1986 2865 2059; x_wconf 84' lang='grc' dir='ltr'><strong>προησόμεθα</strong></span> <span class='ocrx_word' id='word_1_407' title='bbox 2901 1987 3183 2059; x_wconf 88' lang='grc' dir='ltr'><strong>δάνεισμα.</strong></span> <span class='ocrx_word' id='word_1_408' title='bbox 3231 1992 3342 2044; x_wconf 76' lang='grc' dir='ltr'><strong>Καὶ</strong></span> <span class='ocrx_word' id='word_1_409' title='bbox 3383 1993 3498 2057; x_wconf 86' lang='grc' dir='ltr'><strong>πῶς</strong></span> <span class='ocrx_word' id='word_1_410' title='bbox 3529 1993 3724 2059; x_wconf 80' lang='grc' dir='ltr'><strong>διάξου-</strong></span> 
     </span>
    </p>
   </div>
   <div class='ocr_carea' id='block_1_58' title="bbox 2163 2077 3724 2154">
    <p class='ocr_par' dir='ltr' id='par_1_58' title="bbox 2163 2077 3724 2154">
     <span class='ocr_line' id='line_1_58' title="bbox 2163 2077 3724 2154; baseline 0.008 -26"><span class='ocrx_word' id='word_1_411' title='bbox 2163 2093 2247 2128; x_wconf 90' lang='grc' dir='ltr'><strong>σιν</strong></span> <span class='ocrx_word' id='word_1_412' title='bbox 2281 2079 2331 2129; x_wconf 85' lang='grc' dir='ltr'><strong>οἱ</strong></span> <span class='ocrx_word' id='word_1_413' title='bbox 2363 2077 2739 2150; x_wconf 86' lang='grc' dir='ltr'><strong>στενούμενοι;</strong></span> <span class='ocrx_word' id='word_1_414' title='bbox 2774 2077 2949 2146; x_wconf 80' lang='grc' dir='ltr'><strong>’Λξιοι</strong></span> <span class='ocrx_word' id='word_1_415' title='bbox 2988 2079 3098 2134; x_wconf 88' lang='grc' dir='ltr'><strong>τῶν</strong></span> <span class='ocrx_word' id='word_1_416' title='bbox 3124 2083 3464 2154; x_wconf 81' lang='grc' dir='ltr'><strong>πραγμάτων</strong></span> <span class='ocrx_word' id='word_1_417' title='bbox 3487 2087 3538 2137; x_wconf 88' lang='grc' dir='ltr'><strong>οἱ</strong></span> <span class='ocrx_word' id='word_1_418' title='bbox 3574 2086 3724 2152; x_wconf 83' lang='grc' dir='ltr'><strong>λόγοι,</strong></span> 
     </span>
    </p>
   </div>
   <div class='ocr_carea' id='block_1_59' title="bbox 2162 2167 3726 2248">
    <p class='ocr_par' dir='ltr' id='par_1_59' title="bbox 2162 2167 3726 2248">
     <span class='ocr_line' id='line_1_59' title="bbox 2162 2167 3726 2248; baseline 0.008 -29"><span class='ocrx_word' id='word_1_419' title='bbox 2162 2167 2446 2238; x_wconf 82' lang='grc' dir='ltr'><strong>πρέπουσα</strong></span> <span class='ocrx_word' id='word_1_420' title='bbox 2480 2170 2512 2240; x_wconf 79' lang='grc' dir='ltr'>ὴ</span> <span class='ocrx_word' id='word_1_421' title='bbox 2541 2170 2858 2242; x_wconf 71' lang='grc' dir='ltr'><strong>ἀντίρρησις</strong></span> <span class='ocrx_word' id='word_1_422' title='bbox 2883 2173 2996 2234; x_wconf 85' lang='grc' dir='ltr'><strong>τοῖς</strong></span> <span class='ocrx_word' id='word_1_423' title='bbox 3021 2172 3100 2243; x_wconf 82' lang='grc' dir='ltr'><strong>τῷ</strong></span> <span class='ocrx_word' id='word_1_424' title='bbox 3136 2173 3284 2245; x_wconf 77' lang='grc' dir='ltr'><strong>ζόφῳ</strong></span> <span class='ocrx_word' id='word_1_425' title='bbox 3305 2175 3413 2230; x_wconf 85' lang='grc' dir='ltr'><strong>τῶν</strong></span> <span class='ocrx_word' id='word_1_426' title='bbox 3446 2177 3726 2248; x_wconf 82' lang='grc' dir='ltr'><strong>χρημάτων</strong></span> 
     </span>
    </p>
   </div>
   <div class='ocr_carea' id='block_1_60' title="bbox 2161 2260 3724 2340">
    <p class='ocr_par' dir='ltr' id='par_1_60' title="bbox 2161 2260 3724 2340">
     <span class='ocr_line' id='line_1_60' title="bbox 2161 2260 3724 2340; baseline 0.007 -28"><span class='ocrx_word' id='word_1_427' title='bbox 2161 2260 2575 2331; x_wconf 80' lang='grc' dir='ltr'><strong>ὲσκοτωμένοις.</strong></span> <span class='ocrx_word' id='word_1_428' title='bbox 2617 2261 2754 2314; x_wconf 87' lang='grc' dir='ltr'><strong>Οὐτε</strong></span> <span class='ocrx_word' id='word_1_429' title='bbox 2797 2263 2906 2334; x_wconf 75' lang='grc' dir='ltr'><strong>γὰρ</strong></span> <span class='ocrx_word' id='word_1_430' title='bbox 2946 2265 3006 2317; x_wconf 82' lang='grc' dir='ltr'><strong>τὸ</strong></span> <span class='ocrx_word' id='word_1_431' title='bbox 3049 2265 3146 2336; x_wconf 84' lang='grc' dir='ltr'><strong>τῆς</strong></span> <span class='ocrx_word' id='word_1_432' title='bbox 3187 2265 3421 2330; x_wconf 75' lang='grc' dir='ltr'><strong>διανοίας</strong></span> <span class='ocrx_word' id='word_1_433' title='bbox 3453 2270 3724 2340; x_wconf 84' lang='grc' dir='ltr'><strong>κριτήριον</strong></span> 
     </span>
    </p>
   </div>
   <div class='ocr_carea' id='block_1_61' title="bbox 2159 2353 3721 2432">
    <p class='ocr_par' dir='ltr' id='par_1_61' title="bbox 2159 2353 3721 2432">
     <span class='ocr_line' id='line_1_61' title="bbox 2159 2353 3721 2432; baseline 0.006 -27"><span class='ocrx_word' id='word_1_434' title='bbox 2159 2353 2370 2422; x_wconf 81' lang='grc' dir='ltr'><strong>ἔχουσιν</strong></span> <span class='ocrx_word' id='word_1_435' title='bbox 2401 2355 2730 2425; x_wconf 77' lang='grc' dir='ltr'><strong>ἐρρωμένον,</strong></span> <span class='ocrx_word' id='word_1_436' title='bbox 2758 2355 2834 2420; x_wconf 83' lang='grc' dir='ltr'><strong>ὡς</strong></span> <span class='ocrx_word' id='word_1_437' title='bbox 2861 2357 3096 2411; x_wconf 80' lang='grc' dir='ltr'><strong>συνιέναι</strong></span> <span class='ocrx_word' id='word_1_438' title='bbox 3120 2358 3227 2411; x_wconf 87' lang='grc' dir='ltr'><strong>τῶν</strong></span> <span class='ocrx_word' id='word_1_439' title='bbox 3261 2359 3570 2431; x_wconf 83' lang='grc' dir='ltr'><strong>λεγομένων</strong></span> <span class='ocrx_word' id='word_1_440' title='bbox 3595 2363 3721 2432; x_wconf 79' lang='grc'><strong>(62).</strong></span> 
     </span>
    </p>
   </div>
   <div class='ocr_carea' id='block_1_62' title="bbox 2159 2433 3724 2520">
    <p class='ocr_par' dir='ltr' id='par_1_62' title="bbox 2159 2433 3724 2520">
     <span class='ocr_line' id='line_1_62' title="bbox 2159 2433 3724 2520; baseline 0.007 -23"><span class='ocrx_word' id='word_1_441' title='bbox 2159 2445 2302 2516; x_wconf 81' lang='grc' dir='ltr'><strong>Πρὸς</strong></span> <span class='ocrx_word' id='word_1_442' title='bbox 2327 2446 2636 2500; x_wconf 89' lang='grc' dir='ltr'><strong>τούναντίον</strong></span> <span class='ocrx_word' id='word_1_443' title='bbox 2660 2447 2716 2500; x_wconf 81' lang='grc' dir='ltr'><strong>δὲ</strong></span> <span class='ocrx_word' id='word_1_444' title='bbox 2741 2433 2841 2518; x_wconf 74' lang='grc' dir='ltr'><strong>τῆς</strong></span> <span class='ocrx_word' id='word_1_445' title='bbox 2871 2449 3181 2520; x_wconf 71' lang='grc' dir='ltr'><strong>συμϐουλῆς</strong></span> <span class='ocrx_word' id='word_1_446' title='bbox 3213 2451 3322 2506; x_wconf 86' lang='grc' dir='ltr'><strong>τῶν</strong></span> <span class='ocrx_word' id='word_1_447' title='bbox 3347 2453 3724 2508; x_wconf 81' lang='grc' dir='ltr'><strong>νουθετούντων</strong></span> 
     </span>
    </p>
   </div>
   <div class='ocr_carea' id='block_1_63' title="bbox 2157 2537 3726 2612">
    <p class='ocr_par' dir='ltr' id='par_1_63' title="bbox 2157 2537 3726 2612">
     <span class='ocr_line' id='line_1_63' title="bbox 2157 2537 3726 2612; baseline 0.008 -23"><span class='ocrx_word' id='word_1_448' title='bbox 2157 2537 2464 2592; x_wconf 89' lang='grc' dir='ltr'><strong>ἀκούουσιν·</strong></span> <span class='ocrx_word' id='word_1_449' title='bbox 2516 2539 2593 2605; x_wconf 83' lang='grc' dir='ltr'><strong>ὡς</strong></span> <span class='ocrx_word' id='word_1_450' title='bbox 2629 2540 2762 2612; x_wconf 83' lang='grc' dir='ltr'><strong>γὰρ,</strong></span> <span class='ocrx_word' id='word_1_451' title='bbox 2792 2542 2926 2612; x_wconf 83' lang='grc' dir='ltr'><strong>ὲμοῦ</strong></span> <span class='ocrx_word' id='word_1_452' title='bbox 2965 2543 3233 2612; x_wconf 85' lang='grc' dir='ltr'><strong>λέγοντος,</strong></span> <span class='ocrx_word' id='word_1_453' title='bbox 3295 2547 3578 2601; x_wconf 81' lang='grc' dir='ltr'><strong>ἀπειλοῦσι</strong></span> <span class='ocrx_word' id='word_1_454' title='bbox 3629 2554 3726 2612; x_wconf 85' lang='grc' dir='ltr'><strong>τοῖς</strong></span> 
     </span>
    </p>
   </div>
   <div class='ocr_carea' id='block_1_64' title="bbox 2155 2629 3724 2709">
    <p class='ocr_par' dir='ltr' id='par_1_64' title="bbox 2155 2629 3724 2709">
     <span class='ocr_line' id='line_1_64' title="bbox 2155 2629 3724 2709; baseline 0.007 -27"><span class='ocrx_word' id='word_1_455' title='bbox 2155 2629 2423 2700; x_wconf 81' lang='grc' dir='ltr'><strong>δεομένοις</strong></span> <span class='ocrx_word' id='word_1_456' title='bbox 2452 2632 2528 2703; x_wconf 82' lang='grc' dir='ltr'><strong>μὴ</strong></span> <span class='ocrx_word' id='word_1_457' title='bbox 2549 2634 2746 2704; x_wconf 81' lang='grc' dir='ltr'><strong>χρῆναι</strong></span> <span class='ocrx_word' id='word_1_458' title='bbox 2765 2634 3050 2701; x_wconf 80' lang='grc' dir='ltr'><strong>δανείζειν,</strong></span> <span class='ocrx_word' id='word_1_459' title='bbox 3075 2637 3248 2702; x_wconf 82' lang='grc' dir='ltr'><strong>οὕτως</strong></span> <span class='ocrx_word' id='word_1_460' title='bbox 3273 2641 3724 2709; x_wconf 76' lang='grc' dir='ltr'><strong>ὐπογογγύζοντες</strong></span> 
     </span>
    </p>
   </div>
   <div class='ocr_carea' id='block_1_65' title="bbox 2156 2721 3722 2804">
    <p class='ocr_par' dir='ltr' id='par_1_65' title="bbox 2156 2721 3722 2804">
     <span class='ocr_line' id='line_1_65' title="bbox 2156 2721 3722 2804; baseline 0.008 -31"><span class='ocrx_word' id='word_1_461' title='bbox 2156 2721 2440 2776; x_wconf 81' lang='grc' dir='ltr'><strong>ἀπειλοῦσι</strong></span> <span class='ocrx_word' id='word_1_462' title='bbox 2463 2725 2576 2788; x_wconf 83' lang='grc' dir='ltr'><strong>τοῖς</strong></span> <span class='ocrx_word' id='word_1_463' title='bbox 2599 2724 2874 2796; x_wconf 80' lang='grc' dir='ltr'><strong>δεομένοις</strong></span> <span class='ocrx_word' id='word_1_464' title='bbox 2905 2727 3250 2781; x_wconf 86' lang='grc' dir='ltr'><strong>ἀποκλείσειν</strong></span> <span class='ocrx_word' id='word_1_465' title='bbox 3281 2730 3392 2801; x_wconf 80' lang='grc'>(65)</span> <span class='ocrx_word' id='word_1_466' title='bbox 3419 2733 3520 2795; x_wconf 80' lang='grc' dir='ltr'><strong>τὰς</strong></span> <span class='ocrx_word' id='word_1_467' title='bbox 3547 2731 3722 2804; x_wconf 81' lang='grc' dir='ltr'><strong>θύρας.</strong></span> 
     </span>
    </p>
   </div>
   <div class='ocr_carea' id='block_1_66' title="bbox 2167 2814 3723 2896">
    <p class='ocr_par' dir='ltr' id='par_1_66' title="bbox 2167 2814 3723 2896">
     <span class='ocr_line' id='line_1_66' title="bbox 2167 2814 3723 2896; baseline 0.006 -27"><span class='ocrx_word' id='word_1_468' title='bbox 2167 2814 2310 2882; x_wconf 84' lang='grc' dir='ltr'><strong>Ἐγὼ</strong></span> <span class='ocrx_word' id='word_1_469' title='bbox 2337 2815 2551 2887; x_wconf 89' lang='grc' dir='ltr'><strong>πρῶτον</strong></span> <span class='ocrx_word' id='word_1_470' title='bbox 2583 2818 2682 2888; x_wconf 87' lang='grc' dir='ltr'><strong>μὲν</strong></span> <span class='ocrx_word' id='word_1_471' title='bbox 2707 2819 2770 2870; x_wconf 84' lang='grc' dir='ltr'><strong>τὸ</strong></span> <span class='ocrx_word' id='word_1_472' title='bbox 2791 2819 3081 2890; x_wconf 84' lang='grc' dir='ltr'><strong>δωρεῖσθαι</strong></span> <span class='ocrx_word' id='word_1_473' title='bbox 3113 2822 3373 2892; x_wconf 86' lang='grc' dir='ltr'><strong>κηρύσσω</strong></span> <span class='ocrx_word' id='word_1_474' title='bbox 3399 2825 3494 2876; x_wconf 80' lang='grc' dir='ltr'><strong>καὶ</strong></span> <span class='ocrx_word' id='word_1_475' title='bbox 3521 2841 3723 2896; x_wconf 82' lang='grc' dir='ltr'><strong>παραγ-</strong></span> 
     </span>
    </p>
   </div>
   <div class='ocr_carea' id='block_1_67' title="bbox 2153 2905 3722 2988">
    <p class='ocr_par' dir='ltr' id='par_1_67' title="bbox 2153 2905 3722 2988">
     <span class='ocr_line' id='line_1_67' title="bbox 2153 2905 3722 2988; baseline 0.007 -31"><span class='ocrx_word' id='word_1_476' title='bbox 2153 2905 2343 2975; x_wconf 85' lang='grc' dir='ltr'><strong>γέλλω.</strong></span> <span class='ocrx_word' id='word_1_477' title='bbox 2373 2907 2602 2962; x_wconf 84' lang='grc' dir='ltr'><strong>Ἔπειτα</strong></span> <span class='ocrx_word' id='word_1_478' title='bbox 2623 2911 2718 2963; x_wconf 74' lang='grc' dir='ltr'><strong>καὶ</strong></span> <span class='ocrx_word' id='word_1_479' title='bbox 2739 2911 2800 2963; x_wconf 83' lang='grc' dir='ltr'><strong>τὸ</strong></span> <span class='ocrx_word' id='word_1_480' title='bbox 2815 2911 3078 2976; x_wconf 81' lang='grc' dir='ltr'><strong>δανείζειν</strong></span> <span class='ocrx_word' id='word_1_481' title='bbox 3105 2913 3425 2984; x_wconf 79' lang='grc' dir='ltr'><strong>παρακαλῶ.</strong></span> <span class='ocrx_word' id='word_1_482' title='bbox 3471 2917 3722 2988; x_wconf 83' lang='grc' dir='ltr'><strong>Δεύτερον</strong></span> 
     </span>
    </p>
   </div>
   <div class='ocr_carea' id='block_1_68' title="bbox 2152 2993 3722 3079">
    <p class='ocr_par' dir='ltr' id='par_1_68' title="bbox 2152 2993 3722 3079">
     <span class='ocr_line' id='line_1_68' title="bbox 2152 2993 3722 3079; baseline 0.008 -30"><span class='ocrx_word' id='word_1_483' title='bbox 2152 2999 2261 3068; x_wconf 80' lang='grc' dir='ltr'><strong>γὰρ</strong></span> <span class='ocrx_word' id='word_1_484' title='bbox 2298 2993 2436 3062; x_wconf 77' lang='grc' dir='ltr'><strong>εἶδος</strong></span> <span class='ocrx_word' id='word_1_485' title='bbox 2467 2999 2673 3072; x_wconf 83' lang='grc' dir='ltr'><strong>δωρεᾶς</strong></span> <span class='ocrx_word' id='word_1_486' title='bbox 2701 2999 2984 3074; x_wconf 52' lang='grc' dir='ltr'><strong>δάνεισμα.</strong></span> <span class='ocrx_word' id='word_1_487' title='bbox 3013 3005 3190 3058; x_wconf 86' lang='grc' dir='ltr'><strong>[Ιοιεῖν</strong></span> <span class='ocrx_word' id='word_1_488' title='bbox 3211 3006 3267 3058; x_wconf 81' lang='grc' dir='ltr'><strong>δὲ</strong></span> <span class='ocrx_word' id='word_1_489' title='bbox 3291 3007 3450 3060; x_wconf 85' lang='grc' dir='ltr'><strong>τοῦτο</strong></span> <span class='ocrx_word' id='word_1_490' title='bbox 3491 3009 3567 3079; x_wconf 81' lang='grc' dir='ltr'><strong>μὴ</strong></span> <span class='ocrx_word' id='word_1_491' title='bbox 3600 3009 3722 3078; x_wconf 83' lang='grc' dir='ltr'><strong>μετά</strong></span> 
     </span>
    </p>
   </div>
   <div class='ocr_carea' id='block_1_69' title="bbox 2153 3093 3725 3170">
    <p class='ocr_par' dir='ltr' id='par_1_69' title="bbox 2153 3093 3725 3170">
     <span class='ocr_line' id='line_1_69' title="bbox 2153 3093 3725 3170; baseline 0.006 -25"><span class='ocrx_word' id='word_1_492' title='bbox 2153 3093 2329 3146; x_wconf 87' lang='grc' dir='ltr'><strong>τόκων</strong></span> <span class='ocrx_word' id='word_1_493' title='bbox 2369 3095 2504 3166; x_wconf 83' lang='grc' dir='ltr'><strong>μηδὲ</strong></span> <span class='ocrx_word' id='word_1_494' title='bbox 2549 3096 2924 3168; x_wconf 86' lang='grc' dir='ltr'><strong>πλεονασμῶν,</strong></span> <span class='ocrx_word' id='word_1_495' title='bbox 2969 3099 3106 3152; x_wconf 89' lang='grc' dir='ltr'><strong>ἀλλά</strong></span> <span class='ocrx_word' id='word_1_496' title='bbox 3137 3099 3321 3162; x_wconf 86' lang='grc' dir='ltr'><strong>καθὼς</strong></span> <span class='ocrx_word' id='word_1_497' title='bbox 3351 3103 3481 3170; x_wconf 77' lang='grc' dir='ltr'><strong>ἡμῖν</strong></span> <span class='ocrx_word' id='word_1_498' title='bbox 3523 3105 3554 3154; x_wconf 98' lang='lat'><strong>6</strong></span> <span class='ocrx_word' id='word_1_499' title='bbox 3595 3101 3725 3163; x_wconf 83' lang='grc' dir='ltr'><strong>θεῖος</strong></span> 
     </span>
    </p>
   </div>
   <div class='ocr_carea' id='block_1_70' title="bbox 2153 3185 3722 3266">
    <p class='ocr_par' dir='ltr' id='par_1_70' title="bbox 2153 3185 3722 3266">
     <span class='ocr_line' id='line_1_70' title="bbox 2153 3185 3722 3266; baseline 0.004 -26"><span class='ocrx_word' id='word_1_500' title='bbox 2153 3185 2434 3251; x_wconf 78' lang='grc' dir='ltr'><strong>διετάξατο</strong></span> <span class='ocrx_word' id='word_1_501' title='bbox 2475 3187 2652 3256; x_wconf 87' lang='grc' dir='ltr'><strong>λόγος.</strong></span> <span class='ocrx_word' id='word_1_502' title='bbox 2706 3189 2938 3260; x_wconf 82' lang='grc' dir='ltr'><strong>Ὁμοίως</strong></span> <span class='ocrx_word' id='word_1_503' title='bbox 2963 3191 3072 3262; x_wconf 85' lang='grc' dir='ltr'><strong>γὰρ</strong></span> <span class='ocrx_word' id='word_1_504' title='bbox 3118 3192 3301 3262; x_wconf 76' lang='grc' dir='ltr'><strong>ἔνοχος</strong></span> <span class='ocrx_word' id='word_1_505' title='bbox 3320 3194 3567 3266; x_wconf 66' lang='grc' dir='ltr'><strong>τιμωρίᾳ</strong></span> <span class='ocrx_word' id='word_1_506' title='bbox 3587 3233 3603 3254; x_wconf 88' lang='grc'><strong>,</strong></span> <span class='ocrx_word' id='word_1_507' title='bbox 3637 3195 3722 3246; x_wconf 77' lang='grc' dir='ltr'><strong>καὶ</strong></span> 
     </span>
    </p>
   </div>
   <div class='ocr_carea' id='block_1_71' title="bbox 2153 3276 3722 3352">
    <p class='ocr_par' dir='ltr' id='par_1_71' title="bbox 2153 3276 3722 3352">
     <span class='ocr_line' id='line_1_71' title="bbox 2153 3276 3722 3352; baseline 0.004 -24"><span class='ocrx_word' id='word_1_508' title='bbox 2153 3277 2182 3328; x_wconf 87' lang='grc' dir='ltr'>ὁ</span> <span class='ocrx_word' id='word_1_509' title='bbox 2229 3277 2302 3348; x_wconf 83' lang='grc' dir='ltr'><strong>μὴ</strong></span> <span class='ocrx_word' id='word_1_510' title='bbox 2346 3276 2522 3342; x_wconf 75' lang='grc' dir='ltr'><strong>διδοὺς</strong></span> <span class='ocrx_word' id='word_1_511' title='bbox 2563 3279 2865 3350; x_wconf 79' lang='grc' dir='ltr'><strong>δάνεισμα,</strong></span> <span class='ocrx_word' id='word_1_512' title='bbox 2921 3282 3015 3334; x_wconf 76' lang='grc' dir='ltr'><strong>καὶ</strong></span> <span class='ocrx_word' id='word_1_513' title='bbox 3059 3283 3088 3334; x_wconf 90' lang='lat'><strong>6</strong></span> <span class='ocrx_word' id='word_1_514' title='bbox 3135 3282 3274 3352; x_wconf 86' lang='grc' dir='ltr'><strong>μετά</strong></span> <span class='ocrx_word' id='word_1_515' title='bbox 3315 3283 3489 3335; x_wconf 87' lang='grc' dir='ltr'><strong>τόκων</strong></span> <span class='ocrx_word' id='word_1_516' title='bbox 3539 3281 3722 3344; x_wconf 82' lang='grc' dir='ltr'><strong>διδούς.</strong></span> 
     </span>
    </p>
   </div>
   <div class='ocr_carea' id='block_1_72' title="bbox 2165 3368 3726 3446">
    <p class='ocr_par' dir='ltr' id='par_1_72' title="bbox 2165 3368 3726 3446">
     <span class='ocr_line' id='line_1_72' title="bbox 2165 3368 3726 3446; baseline 0.004 -25"><span class='ocrx_word' id='word_1_517' title='bbox 2165 3368 2384 3440; x_wconf 73' lang='grc' dir='ltr'><strong>Ἐπειδὴ</strong></span> <span class='ocrx_word' id='word_1_518' title='bbox 2425 3371 2516 3423; x_wconf 84' lang='grc' dir='ltr'><strong>τοῦ</strong></span> <span class='ocrx_word' id='word_1_519' title='bbox 2567 3372 2666 3441; x_wconf 82' lang='grc' dir='ltr'><strong>μὲν</strong></span> <span class='ocrx_word' id='word_1_520' title='bbox 2720 3373 2782 3424; x_wconf 83' lang='grc' dir='ltr'><strong>τὸ</strong></span> <span class='ocrx_word' id='word_1_521' title='bbox 2825 3373 3230 3446; x_wconf 81' lang='grc' dir='ltr'><strong>μισάνθρωπον,</strong></span> <span class='ocrx_word' id='word_1_522' title='bbox 3273 3374 3366 3428; x_wconf 83' lang='grc' dir='ltr'><strong>τοῦ</strong></span> <span class='ocrx_word' id='word_1_523' title='bbox 3425 3375 3482 3428; x_wconf 83' lang='grc' dir='ltr'><strong>δὲ</strong></span> <span class='ocrx_word' id='word_1_524' title='bbox 3527 3376 3589 3429; x_wconf 75' lang='grc' dir='ltr'><strong>τὸ</strong></span> <span class='ocrx_word' id='word_1_525' title='bbox 3639 3393 3726 3428; x_wconf 86' lang='grc' dir='ltr'><strong>κα-</strong></span> 
     </span>
    </p>
   </div>
   <div class='ocr_carea' id='block_1_73' title="bbox 2153 3461 3727 3537">
    <p class='ocr_par' dir='ltr' id='par_1_73' title="bbox 2153 3461 3727 3537">
     <span class='ocr_line' id='line_1_73' title="bbox 2153 3461 3727 3537; baseline 0.003 -24"><span class='ocrx_word' id='word_1_526' title='bbox 2153 3461 2386 3532; x_wconf 82' lang='grc' dir='ltr'><strong>πηλικὸν</strong></span> <span class='ocrx_word' id='word_1_527' title='bbox 2440 3463 2856 3533; x_wconf 84' lang='grc' dir='ltr'><strong>κατακέκριται.</strong></span> <span class='ocrx_word' id='word_1_528' title='bbox 2915 3467 2976 3518; x_wconf 88' lang='grc' dir='ltr'><strong>Οί</strong></span> <span class='ocrx_word' id='word_1_529' title='bbox 3039 3466 3096 3518; x_wconf 82' lang='grc' dir='ltr'><strong>δὲ</strong></span> <span class='ocrx_word' id='word_1_530' title='bbox 3145 3466 3284 3536; x_wconf 74' lang='grc' dir='ltr'><strong>πρὸς</strong></span> <span class='ocrx_word' id='word_1_531' title='bbox 3336 3465 3436 3537; x_wconf 85' lang='grc' dir='ltr'><strong>τὴν</strong></span> <span class='ocrx_word' id='word_1_532' title='bbox 3489 3466 3727 3519; x_wconf 74' lang='grc' dir='ltr'><strong>ἐναντίαν</strong></span> 
     </span>
    </p>
   </div>
   <div class='ocr_carea' id='block_1_74' title="bbox 2152 3551 3728 3629">
    <p class='ocr_par' dir='ltr' id='par_1_74' title="bbox 2152 3551 3728 3629">
     <span class='ocr_line' id='line_1_74' title="bbox 2152 3551 3728 3629; baseline 0.004 -25"><span class='ocrx_word' id='word_1_533' title='bbox 2152 3551 2542 3624; x_wconf 83' lang='grc' dir='ltr'><strong>αὐτομολοῦσιν</strong></span> <span class='ocrx_word' id='word_1_534' title='bbox 2573 3555 2874 3626; x_wconf 86' lang='grc' dir='ltr'><strong>ἀκρότητα,</strong></span> <span class='ocrx_word' id='word_1_535' title='bbox 2908 3559 2986 3622; x_wconf 85' lang='grc' dir='ltr'><strong>είς</strong></span> <span class='ocrx_word' id='word_1_536' title='bbox 3007 3558 3068 3610; x_wconf 81' lang='grc' dir='ltr'><strong>τὸ</strong></span> <span class='ocrx_word' id='word_1_537' title='bbox 3103 3560 3359 3623; x_wconf 84' lang='grc' dir='ltr'><strong>παντελὲς</strong></span> <span class='ocrx_word' id='word_1_538' title='bbox 3394 3560 3610 3628; x_wconf 73' lang='grc' dir='ltr'><strong>ἐφέξειν</strong></span> <span class='ocrx_word' id='word_1_539' title='bbox 3637 3559 3728 3629; x_wconf 84' lang='grc' dir='ltr'><strong>τὴν</strong></span> 
     </span>
    </p>
   </div>
   <div class='ocr_carea' id='block_1_75' title="bbox 2155 3642 3729 3721">
    <p class='ocr_par' dir='ltr' id='par_1_75' title="bbox 2155 3642 3729 3721">
     <span class='ocr_line' id='line_1_75' title="bbox 2155 3642 3729 3721; baseline 0.006 -26"><span class='ocrx_word' id='word_1_540' title='bbox 2155 3642 2300 3696; x_wconf 91' lang='grc' dir='ltr'><strong>δόσιν</strong></span> <span class='ocrx_word' id='word_1_541' title='bbox 2327 3645 2808 3716; x_wconf 81' lang='grc' dir='ltr'><strong>ἐπαγγελλόμενοι.</strong></span> <span class='ocrx_word' id='word_1_542' title='bbox 2837 3650 2992 3702; x_wconf 88' lang='grc' dir='ltr'><strong>Ἔστι</strong></span> <span class='ocrx_word' id='word_1_543' title='bbox 3019 3651 3076 3703; x_wconf 81' lang='grc' dir='ltr'><strong>δὲ</strong></span> <span class='ocrx_word' id='word_1_544' title='bbox 3102 3651 3262 3704; x_wconf 81' lang='grc' dir='ltr'><strong>τοῦτο</strong></span> <span class='ocrx_word' id='word_1_545' title='bbox 3291 3652 3516 3721; x_wconf 77' lang='grc' dir='ltr'><strong>ἀναιδὴς</strong></span> <span class='ocrx_word' id='word_1_546' title='bbox 3543 3647 3729 3706; x_wconf 77' lang='grc' dir='ltr'><strong>ἔνστα-</strong></span> 
     </span>
    </p>
   </div>
   <div class='ocr_carea' id='block_1_76' title="bbox 2157 3735 3728 3815">
    <p class='ocr_par' dir='ltr' id='par_1_76' title="bbox 2157 3735 3728 3815">
     <span class='ocr_line' id='line_1_76' title="bbox 2157 3735 3728 3815; baseline 0.01 -27"><span class='ocrx_word' id='word_1_547' title='bbox 2157 3741 2242 3798; x_wconf 77' lang='grc' dir='ltr'><strong>σις</strong></span> <span class='ocrx_word' id='word_1_548' title='bbox 2274 3735 2409 3808; x_wconf 73' lang='grc'><strong>(64),</strong></span> <span class='ocrx_word' id='word_1_549' title='bbox 2451 3737 2588 3810; x_wconf 82' lang='grc' dir='ltr'><strong>πρὸς</strong></span> <span class='ocrx_word' id='word_1_550' title='bbox 2616 3739 2678 3792; x_wconf 86' lang='grc' dir='ltr'><strong>τὸ</strong></span> <span class='ocrx_word' id='word_1_551' title='bbox 2699 3739 2904 3796; x_wconf 88' lang='grc' dir='ltr'><strong>δίκαιον</strong></span> <span class='ocrx_word' id='word_1_552' title='bbox 2930 3742 3228 3810; x_wconf 83' lang='grc' dir='ltr'><strong>φιλονεικία</strong></span> <span class='ocrx_word' id='word_1_553' title='bbox 3263 3743 3568 3814; x_wconf 82' lang='grc' dir='ltr'><strong>μανιώδης,</strong></span> <span class='ocrx_word' id='word_1_554' title='bbox 3599 3743 3728 3815; x_wconf 73' lang='grc' dir='ltr'><strong>πρὸς</strong></span> 
     </span>
    </p>
   </div>
   <div class='ocr_carea' id='block_1_77' title="bbox 2155 3827 3728 3908">
    <p class='ocr_par' dir='ltr' id='par_1_77' title="bbox 2155 3827 3728 3908">
     <span class='ocr_line' id='line_1_77' title="bbox 2155 3827 3728 3908; baseline 0.007 -30"><span class='ocrx_word' id='word_1_555' title='bbox 2155 3827 2286 3880; x_wconf 78' lang='grc' dir='ltr'><strong>Θεὸν</strong></span> <span class='ocrx_word' id='word_1_556' title='bbox 2323 3827 2438 3898; x_wconf 79' lang='grc' dir='ltr'><strong>ἔρις</strong></span> <span class='ocrx_word' id='word_1_557' title='bbox 2477 3833 2568 3884; x_wconf 78' lang='grc' dir='ltr'><strong>καὶ</strong></span> <span class='ocrx_word' id='word_1_558' title='bbox 2607 3831 2860 3904; x_wconf 86' lang='grc' dir='ltr'><strong>πόλεμος.</strong></span> <span class='ocrx_word' id='word_1_559' title='bbox 2921 3835 2984 3886; x_wconf 85' lang='grc' dir='ltr'>Ἢ</span> <span class='ocrx_word' id='word_1_560' title='bbox 3021 3836 3130 3906; x_wconf 85' lang='grc' dir='ltr'><strong>γὰρ</strong></span> <span class='ocrx_word' id='word_1_561' title='bbox 3161 3837 3223 3890; x_wconf 91' lang='grc' dir='ltr'><strong>οὐ</strong></span> <span class='ocrx_word' id='word_1_562' title='bbox 3260 3836 3449 3902; x_wconf 83' lang='grc' dir='ltr'><strong>δώσω,</strong></span> <span class='ocrx_word' id='word_1_563' title='bbox 3478 3839 3664 3908; x_wconf 66' lang='grc' dir='ltr'><strong>φησιν,</strong></span> <span class='ocrx_word' id='word_1_564' title='bbox 3697 3835 3728 3905; x_wconf 83' lang='grc' dir='ltr'><strong>ἣ</strong></span> 
     </span>
    </p>
   </div>
   <div class='ocr_carea' id='block_1_78' title="bbox 2153 3919 3438 4000">
    <p class='ocr_par' dir='ltr' id='par_1_78' title="bbox 2153 3919 3438 4000">
     <span class='ocr_line' id='line_1_78' title="bbox 2153 3919 3438 4000; baseline 0.009 -28"><span class='ocrx_word' id='word_1_565' title='bbox 2153 3919 2412 3986; x_wconf 83' lang='grc' dir='ltr'><strong>δανείζων</strong></span> <span class='ocrx_word' id='word_1_566' title='bbox 2451 3923 2666 3977; x_wconf 76' lang='grc' dir='ltr'><strong>ἕντοκον</strong></span> <span class='ocrx_word' id='word_1_567' title='bbox 2697 3925 2932 3996; x_wconf 82' lang='grc' dir='ltr'><strong>θήσομαι</strong></span> <span class='ocrx_word' id='word_1_568' title='bbox 2968 3927 3029 3980; x_wconf 84' lang='grc' dir='ltr'><strong>τὸ</strong></span> <span class='ocrx_word' id='word_1_569' title='bbox 3067 3927 3438 4000; x_wconf 84' lang='grc' dir='ltr'><strong>συνάλλαγμα.</strong></span> 
     </span>
    </p>
   </div>
   <div class='ocr_carea' id='block_1_79' title="bbox 471 4011 3730 4096">
    <p class='ocr_par' dir='ltr' id='par_1_79' title="bbox 471 4011 3730 4096">
     <span class='ocr_line' id='line_1_79' title="bbox 471 4011 3730 4096; baseline 0.002 -24"><span class='ocrx_word' id='word_1_570' title='bbox 471 4018 727 4088; x_wconf 90' lang='lat' dir='ltr'><strong>omnique</strong></span> <span class='ocrx_word' id='word_1_571' title='bbox 778 4016 942 4070; x_wconf 86' lang='lat' dir='ltr'><strong>modo</strong></span> <span class='ocrx_word' id='word_1_572' title='bbox 977 4030 1006 4068; x_wconf 87' lang='lat' dir='ltr'><strong>a</strong></span> <span class='ocrx_word' id='word_1_573' title='bbox 1050 4015 1232 4070; x_wconf 84' lang='lat' dir='ltr'><strong>dando</strong></span> <span class='ocrx_word' id='word_1_574' title='bbox 1298 4011 1576 4070; x_wconf 75' lang='lat' dir='ltr'><strong>abstinere</strong></span> <span class='ocrx_word' id='word_1_575' title='bbox 1631 4015 1844 4068; x_wconf 85' lang='lat' dir='ltr'><strong>volunt.</strong></span> <span class='ocrx_word' id='word_1_576' title='bbox 1889 4013 2046 4080; x_wconf 82' lang='lat' dir='ltr'><strong>Quod</strong></span> <span class='ocrx_word' id='word_1_577' title='bbox 2086 4029 2218 4070; x_wconf 85' lang='lat' dir='ltr'><strong>sane</strong></span> <span class='ocrx_word' id='word_1_578' title='bbox 2251 4015 2538 4086; x_wconf 80' lang='lat' dir='ltr'><strong>impudens</strong></span> <span class='ocrx_word' id='word_1_579' title='bbox 2577 4029 2664 4076; x_wconf 88' lang='lat' dir='ltr'><strong>est</strong></span> <span class='ocrx_word' id='word_1_580' title='bbox 2709 4023 3071 4090; x_wconf 84' lang='lat' dir='ltr'><strong>propositum,</strong></span> <span class='ocrx_word' id='word_1_581' title='bbox 3107 4034 3160 4079; x_wconf 88' lang='lat' dir='ltr'><strong>et</strong></span> <span class='ocrx_word' id='word_1_582' title='bbox 3207 4035 3400 4080; x_wconf 81' lang='lat' dir='ltr'><strong>contra</strong></span> <span class='ocrx_word' id='word_1_583' title='bbox 3457 4025 3554 4096; x_wconf 90' lang='lat' dir='ltr'><strong>jus</strong></span> <span class='ocrx_word' id='word_1_584' title='bbox 3623 4023 3730 4080; x_wconf 56' lang='lat' dir='ltr'><strong>fasc</strong></span> 
     </span>
    </p>
   </div>
   <div class='ocr_carea' id='block_1_80' title="bbox 471 4109 3729 4192">
    <p class='ocr_par' dir='ltr' id='par_1_80' title="bbox 471 4109 3729 4192">
     <span class='ocr_line' id='line_1_80' title="bbox 471 4109 3729 4192; baseline 0.003 -28"><span class='ocrx_word' id='word_1_585' title='bbox 471 4129 579 4182; x_wconf 86' lang='lat' dir='ltr'><strong>que</strong></span> <span class='ocrx_word' id='word_1_586' title='bbox 615 4112 820 4166; x_wconf 77' lang='lat' dir='ltr'><strong>furiosa</strong></span> <span class='ocrx_word' id='word_1_587' title='bbox 874 4111 1196 4174; x_wconf 88' lang='lat' dir='ltr'><strong>contentio,</strong></span> <span class='ocrx_word' id='word_1_588' title='bbox 1269 4111 1450 4179; x_wconf 87' lang='lat' dir='ltr'><strong>lisque</strong></span> <span class='ocrx_word' id='word_1_589' title='bbox 1507 4121 1560 4163; x_wconf 89' lang='lat' dir='ltr'><strong>et</strong></span> <span class='ocrx_word' id='word_1_590' title='bbox 1633 4109 1834 4164; x_wconf 90' lang='lat' dir='ltr'><strong>bellum</strong></span> <span class='ocrx_word' id='word_1_591' title='bbox 1905 4117 2098 4164; x_wconf 90' lang='lat' dir='ltr'><strong>contra</strong></span> <span class='ocrx_word' id='word_1_592' title='bbox 2163 4110 2354 4165; x_wconf 83' lang='lat' dir='ltr'><strong>Deum.</strong></span> <span class='ocrx_word' id='word_1_593' title='bbox 2387 4113 2484 4168; x_wconf 79' lang='lat' dir='ltr'><strong>Vel</strong></span> <span class='ocrx_word' id='word_1_594' title='bbox 2527 4117 2672 4170; x_wconf 86' lang='lat' dir='ltr'><strong>enim</strong></span> <span class='ocrx_word' id='word_1_595' title='bbox 2732 4133 2840 4171; x_wconf 91' lang='lat' dir='ltr'><strong>non</strong></span> <span class='ocrx_word' id='word_1_596' title='bbox 2879 4121 3286 4192; x_wconf 85' lang='lat' dir='ltr'><strong>daho,inquit,</strong></span> <span class='ocrx_word' id='word_1_597' title='bbox 3338 4123 3426 4179; x_wconf 83' lang='lat' dir='ltr'><strong>vel</strong></span> <span class='ocrx_word' id='word_1_598' title='bbox 3477 4130 3729 4178; x_wconf 88' lang='lat' dir='ltr'><strong>mutuum</strong></span> 
     </span>
    </p>
   </div>
   <div class='ocr_carea' id='block_1_81' title="bbox 472 4195 1718 4284">
    <p class='ocr_par' dir='ltr' id='par_1_81' title="bbox 472 4195 1718 4284">
     <span class='ocr_line' id='line_1_81' title="bbox 472 4195 1718 4284; baseline -0.003 -26"><span class='ocrx_word' id='word_1_599' title='bbox 472 4207 611 4259; x_wconf 87' lang='lat' dir='ltr'><strong>dans</strong></span> <span class='ocrx_word' id='word_1_600' title='bbox 644 4211 992 4256; x_wconf 87' lang='lat' dir='ltr'><strong>contractum</strong></span> <span class='ocrx_word' id='word_1_601' title='bbox 1027 4201 1221 4256; x_wconf 83' lang='lat' dir='ltr'><strong>faciam</strong></span> <span class='ocrx_word' id='word_1_602' title='bbox 1271 4195 1718 4284; x_wconf 38' lang='lat' dir='ltr'><strong>ieneratitium‘i‘j.</strong></span> 
     </span>
    </p>
   </div>
   <div class='ocr_carea' id='block_1_82' title="bbox 541 4293 2050 4364">
    <p class='ocr_par' dir='ltr' id='par_1_82' title="bbox 541 4293 2050 4364">
     <span class='ocr_line' id='line_1_82' title="bbox 541 4293 2050 4364; baseline -0.002 -14"><span class='ocrx_word' id='word_1_603' title='bbox 541 4297 742 4351; x_wconf 81' lang='lat' dir='ltr'><strong>Contra</strong></span> <span class='ocrx_word' id='word_1_604' title='bbox 774 4295 1061 4350; x_wconf 81' lang='lat' dir='ltr'><strong>usurarios</strong></span> <span class='ocrx_word' id='word_1_605' title='bbox 1119 4295 1286 4364; x_wconf 79' lang='lat' dir='ltr'><strong>igitur</strong></span> <span class='ocrx_word' id='word_1_606' title='bbox 1329 4295 1466 4350; x_wconf 87' lang='lat' dir='ltr'><strong>satis</strong></span> <span class='ocrx_word' id='word_1_607' title='bbox 1525 4295 1792 4348; x_wconf 82' lang='lat' dir='ltr'><strong>hactenus</strong></span> <span class='ocrx_word' id='word_1_608' title='bbox 1841 4293 2050 4348; x_wconf 86' lang='lat' dir='ltr'><strong>dictum</strong></span> 
     </span>
    </p>
   </div>
   <div class='ocr_carea' id='block_1_83' title="bbox 471 4385 2090 4456">
    <p class='ocr_par' dir='ltr' id='par_1_83' title="bbox 471 4385 2090 4456">
     <span class='ocr_line' id='line_1_83' title="bbox 471 4385 2090 4456; baseline -0.002 -15"><span class='ocrx_word' id='word_1_609' title='bbox 471 4398 612 4451; x_wconf 86' lang='lat' dir='ltr'><strong>esto,</strong></span> <span class='ocrx_word' id='word_1_610' title='bbox 658 4395 712 4442; x_wconf 89' lang='lat' dir='ltr'><strong>et</strong></span> <span class='ocrx_word' id='word_1_611' title='bbox 763 4385 1132 4440; x_wconf 87' lang='lat' dir='ltr'><strong>accusationis</strong></span> <span class='ocrx_word' id='word_1_612' title='bbox 1167 4386 1348 4456; x_wconf 86' lang='lat' dir='ltr'><strong>capita</strong></span> <span class='ocrx_word' id='word_1_613' title='bbox 1383 4386 1670 4456; x_wconf 79' lang='lat' dir='ltr'><strong>perSpicue</strong></span> <span class='ocrx_word' id='word_1_614' title='bbox 1703 4394 1962 4455; x_wconf 88' lang='lat' dir='ltr'><strong>tanquam</strong></span> <span class='ocrx_word' id='word_1_615' title='bbox 1993 4385 2048 4438; x_wconf 76' lang='lat' dir='ltr'><strong>iu</strong></span> <span class='ocrx_word' id='word_1_616' title='bbox 2084 4402 2090 4408; x_wconf 94' lang='grc'>·</span> 
     </span>
    </p>
   </div>
   <div class='ocr_carea' id='block_1_84' title="bbox 2228 4291 3730 4372">
    <p class='ocr_par' dir='ltr' id='par_1_84' title="bbox 2228 4291 3730 4372">
     <span class='ocr_line' id='line_1_84' title="bbox 2228 4291 3730 4372; baseline 0.009 -27"><span class='ocrx_word' id='word_1_617' title='bbox 2228 4293 2370 4364; x_wconf 75' lang='grc' dir='ltr'><strong>Πρὸς</strong></span> <span class='ocrx_word' id='word_1_618' title='bbox 2416 4293 2514 4363; x_wconf 79' lang='grc' dir='ltr'><strong>μὲν</strong></span> <span class='ocrx_word' id='word_1_619' title='bbox 2554 4291 2648 4347; x_wconf 80' lang='grc' dir='ltr'><strong>οὖν</strong></span> <span class='ocrx_word' id='word_1_620' title='bbox 2687 4295 2813 4359; x_wconf 79' lang='grc' dir='ltr'><strong>τοὺς</strong></span> <span class='ocrx_word' id='word_1_621' title='bbox 2852 4297 3220 4368; x_wconf 80' lang='grc' dir='ltr'><strong>τοκογλύφους</strong></span> <span class='ocrx_word' id='word_1_622' title='bbox 3257 4301 3457 4364; x_wconf 76' lang='grc' dir='ltr'><strong>ἱκανῶς</strong></span> <span class='ocrx_word' id='word_1_623' title='bbox 3504 4306 3533 4356; x_wconf 92' lang='lat'><strong>6</strong></span> <span class='ocrx_word' id='word_1_624' title='bbox 3577 4303 3730 4372; x_wconf 80' lang='grc' dir='ltr'><strong>λόγος</strong></span> 
     </span>
    </p>
   </div>
   <div class='ocr_carea' id='block_1_85' title="bbox 2151 4391 3730 4475">
    <p class='ocr_par' dir='ltr' id='par_1_85' title="bbox 2151 4391 3730 4475">
     <span class='ocr_line' id='line_1_85' title="bbox 2151 4391 3730 4475; baseline 0.009 -31"><span class='ocrx_word' id='word_1_625' title='bbox 2151 4391 2541 4461; x_wconf 86' lang='grc' dir='ltr'><strong>διηγωνίσατο,</strong></span> <span class='ocrx_word' id='word_1_626' title='bbox 2569 4393 2663 4447; x_wconf 78' lang='grc' dir='ltr'><strong>καὶ</strong></span> <span class='ocrx_word' id='word_1_627' title='bbox 2692 4395 2982 4468; x_wconf 84' lang='grc' dir='ltr'><strong>αὐτάρκως</strong></span> <span class='ocrx_word' id='word_1_628' title='bbox 3024 4415 3112 4467; x_wconf 87' lang='grc' dir='ltr'><strong>μοι</strong></span> <span class='ocrx_word' id='word_1_629' title='bbox 3137 4399 3204 4451; x_wconf 78' lang='grc' dir='ltr'><strong>τὰ</strong></span> <span class='ocrx_word' id='word_1_630' title='bbox 3223 4400 3324 4470; x_wconf 81' lang='grc' dir='ltr'><strong>τῆς</strong></span> <span class='ocrx_word' id='word_1_631' title='bbox 3357 4405 3696 4475; x_wconf 72' lang='grc' dir='ltr'><strong>κατηγορίας</strong></span> <span class='ocrx_word' id='word_1_632' title='bbox 3715 4445 3730 4468; x_wconf 90' lang='grc'><strong>,</strong></span> 
     </span>
    </p>
   </div>
   <div class='ocr_carea' id='block_1_86' title="bbox 471 4477 2050 4574">
    <p class='ocr_par' dir='ltr' id='par_1_86' title="bbox 471 4477 2048 4548">
     <span class='ocr_line' id='line_1_86' title="bbox 471 4477 2048 4548; baseline -0.003 -14"><span class='ocrx_word' id='word_1_633' title='bbox 471 4481 594 4534; x_wconf 78' lang='lat' dir='ltr'><strong>foro</strong></span> <span class='ocrx_word' id='word_1_634' title='bbox 621 4487 676 4534; x_wconf 88' lang='lat' dir='ltr'><strong>et</strong></span> <span class='ocrx_word' id='word_1_635' title='bbox 703 4493 889 4534; x_wconf 83' lang='lat' dir='ltr'><strong>coram</strong></span> <span class='ocrx_word' id='word_1_636' title='bbox 924 4477 1110 4548; x_wconf 83' lang='lat' dir='ltr'><strong>judice</strong></span> <span class='ocrx_word' id='word_1_637' title='bbox 1151 4477 1526 4534; x_wconf 86' lang='lat' dir='ltr'><strong>demonstrata</strong></span> <span class='ocrx_word' id='word_1_638' title='bbox 1561 4487 1711 4533; x_wconf 90' lang='lat' dir='ltr'><strong>sunt.</strong></span> <span class='ocrx_word' id='word_1_639' title='bbox 1749 4477 1892 4533; x_wconf 90' lang='lat' dir='ltr'><strong>Deus</strong></span> <span class='ocrx_word' id='word_1_640' title='bbox 1939 4477 2048 4532; x_wconf 91' lang='lat' dir='ltr'><strong>lar-</strong></span> 
     </span>
    </p>
   </div>
   <div class='ocr_carea' id='block_1_87' title="bbox 2161 4477 3732 4574">
    <p class='ocr_par' dir='ltr' id='par_1_87' title="bbox 2161 4482 3732 4563">
     <span class='ocr_line' id='line_1_87' title="bbox 2161 4482 3732 4563; baseline 0.009 -30"><span class='ocrx_word' id='word_1_641' title='bbox 2161 4482 2227 4544; x_wconf 76' lang='grc' dir='ltr'><strong>ιῦς</strong></span> <span class='ocrx_word' id='word_1_642' title='bbox 2255 4485 2313 4535; x_wconf 80' lang='grc' dir='ltr'><strong>ἐν</strong></span> <span class='ocrx_word' id='word_1_643' title='bbox 2337 4482 2692 4557; x_wconf 86' lang='grc' dir='ltr'><strong>δικαστηρίῳ,</strong></span> <span class='ocrx_word' id='word_1_644' title='bbox 2723 4486 3015 4543; x_wconf 87' lang='grc' dir='ltr'><strong>δείκνυται.</strong></span> <span class='ocrx_word' id='word_1_645' title='bbox 3056 4492 3164 4544; x_wconf 74' lang='grc' dir='ltr'><strong>Καὶ</strong></span> <span class='ocrx_word' id='word_1_646' title='bbox 3184 4491 3296 4563; x_wconf 87' lang='grc' dir='ltr'><strong>δοίη</strong></span> <span class='ocrx_word' id='word_1_647' title='bbox 3329 4493 3357 4546; x_wconf 85' lang='lat'><strong>6</strong></span> <span class='ocrx_word' id='word_1_648' title='bbox 3387 4495 3520 4558; x_wconf 83' lang='grc' dir='ltr'><strong>Θεὸς</strong></span> <span class='ocrx_word' id='word_1_649' title='bbox 3545 4497 3732 4557; x_wconf 82' lang='grc' dir='ltr'><strong>αὐτοῖς</strong></span> 
     </span>
    </p>
   </div>
   <div class='ocr_carea' id='block_1_88' title="bbox 469 4568 2051 4642">
    <p class='ocr_par' dir='ltr' id='par_1_88' title="bbox 469 4568 2051 4642">
     <span class='ocr_line' id='line_1_88' title="bbox 469 4568 2051 4642; baseline 0.001 -18"><span class='ocrx_word' id='word_1_650' title='bbox 469 4572 650 4642; x_wconf 86' lang='lat' dir='ltr'><strong>giatur</strong></span> <span class='ocrx_word' id='word_1_651' title='bbox 725 4570 804 4624; x_wconf 91' lang='lat' dir='ltr'><strong>eis</strong></span> <span class='ocrx_word' id='word_1_652' title='bbox 871 4569 1247 4640; x_wconf 66' lang='lat' dir='ltr'><strong>paenitentiam</strong></span> <span class='ocrx_word' id='word_1_653' title='bbox 1313 4568 1746 4625; x_wconf 80' lang='lat' dir='ltr'><strong>malefactorum.</strong></span> <span class='ocrx_word' id='word_1_654' title='bbox 1803 4570 1884 4624; x_wconf 84' lang='lat' dir='ltr'><strong>Ad</strong></span> <span class='ocrx_word' id='word_1_655' title='bbox 1927 4570 2051 4626; x_wconf 92' lang='lat' dir='ltr'><strong>illos</strong></span> 
     </span>
    </p>
   </div>
   <div class='ocr_carea' id='block_1_89' title="bbox 471 4661 2050 4733">
    <p class='ocr_par' dir='ltr' id='par_1_89' title="bbox 471 4661 2050 4733">
     <span class='ocr_line' id='line_1_89' title="bbox 471 4661 2050 4733; baseline -0.001 -16"><span class='ocrx_word' id='word_1_656' title='bbox 471 4670 677 4727; x_wconf 89' lang='lat' dir='ltr'><strong>autem,</strong></span> <span class='ocrx_word' id='word_1_657' title='bbox 709 4663 802 4733; x_wconf 89' lang='lat' dir='ltr'><strong>qui</strong></span> <span class='ocrx_word' id='word_1_658' title='bbox 839 4670 1092 4732; x_wconf 83' lang='lat' dir='ltr'><strong>prompte</strong></span> <span class='ocrx_word' id='word_1_659' title='bbox 1143 4661 1276 4714; x_wconf 90' lang='lat' dir='ltr'><strong>dant</strong></span> <span class='ocrx_word' id='word_1_660' title='bbox 1308 4671 1560 4715; x_wconf 89' lang='lat' dir='ltr'><strong>mutuum</strong></span> <span class='ocrx_word' id='word_1_661' title='bbox 1591 4699 1608 4724; x_wconf 90' lang='lat'><strong>,</strong></span> <span class='ocrx_word' id='word_1_662' title='bbox 1645 4675 2050 4730; x_wconf 88' lang='lat' dir='ltr'><strong>usurarumque</strong></span> 
     </span>
    </p>
   </div>
   <div class='ocr_carea' id='block_1_90' title="bbox 473 4755 2046 4818">
    <p class='ocr_par' dir='ltr' id='par_1_90' title="bbox 473 4755 2046 4818">
     <span class='ocr_line' id='line_1_90' title="bbox 473 4755 2046 4818; baseline -0.003 -4"><span class='ocrx_word' id='word_1_663' title='bbox 473 4759 651 4814; x_wconf 89' lang='lat' dir='ltr'><strong>hamis</strong></span> <span class='ocrx_word' id='word_1_664' title='bbox 693 4773 814 4813; x_wconf 89' lang='lat' dir='ltr'><strong>sese</strong></span> <span class='ocrx_word' id='word_1_665' title='bbox 878 4757 1187 4818; x_wconf 60' lang='lat' dir='ltr'><strong>alliserunt,</strong></span> <span class='ocrx_word' id='word_1_666' title='bbox 1235 4755 1443 4811; x_wconf 89' lang='lat' dir='ltr'><strong>nullum</strong></span> <span class='ocrx_word' id='word_1_667' title='bbox 1495 4756 1722 4810; x_wconf 85' lang='lat' dir='ltr'><strong>verbum</strong></span> <span class='ocrx_word' id='word_1_668' title='bbox 1800 4755 1998 4811; x_wconf 83' lang='lat' dir='ltr'><strong>faciam</strong></span> <span class='ocrx_word' id='word_1_669' title='bbox 2029 4795 2046 4818; x_wconf 85' lang='lat'><strong>,</strong></span> 
     </span>
    </p>
   </div>
   <div class='ocr_carea' id='block_1_91' title="bbox 472 4847 2048 4918">
    <p class='ocr_par' dir='ltr' id='par_1_91' title="bbox 472 4847 2048 4918">
     <span class='ocr_line' id='line_1_91' title="bbox 472 4847 2048 4918; baseline -0.004 -12"><span class='ocrx_word' id='word_1_670' title='bbox 472 4851 722 4907; x_wconf 85' lang='lat' dir='ltr'><strong>suilicere</strong></span> <span class='ocrx_word' id='word_1_671' title='bbox 783 4857 935 4904; x_wconf 87' lang='lat' dir='ltr'><strong>ratus</strong></span> <span class='ocrx_word' id='word_1_672' title='bbox 976 4850 1266 4904; x_wconf 88' lang='lat' dir='ltr'><strong>consilium</strong></span> <span class='ocrx_word' id='word_1_673' title='bbox 1295 4890 1312 4916; x_wconf 85' lang='lat'><strong>,</strong></span> <span class='ocrx_word' id='word_1_674' title='bbox 1351 4847 1498 4918; x_wconf 90' lang='lat' dir='ltr'><strong>quod</strong></span> <span class='ocrx_word' id='word_1_675' title='bbox 1525 4849 1745 4904; x_wconf 88' lang='lat' dir='ltr'><strong>divinus</strong></span> <span class='ocrx_word' id='word_1_676' title='bbox 1777 4849 1925 4903; x_wconf 88' lang='lat' dir='ltr'><strong>dedit</strong></span> <span class='ocrx_word' id='word_1_677' title='bbox 1949 4849 2048 4901; x_wconf 84' lang='lat' dir='ltr'><strong>Ba-</strong></span> 
     </span>
    </p>
   </div>
   <div class='ocr_carea' id='block_1_92' title="bbox 472 4939 2042 5010">
    <p class='ocr_par' dir='ltr' id='par_1_92' title="bbox 472 4939 2042 5010">
     <span class='ocr_line' id='line_1_92' title="bbox 472 4939 2042 5010; baseline -0.003 -12"><span class='ocrx_word' id='word_1_678' title='bbox 472 4944 628 4998; x_wconf 89' lang='lat' dir='ltr'><strong>silius</strong></span> <span class='ocrx_word' id='word_1_679' title='bbox 677 4942 732 4995; x_wconf 88' lang='lat' dir='ltr'><strong>in</strong></span> <span class='ocrx_word' id='word_1_680' title='bbox 786 4941 1004 5010; x_wconf 80' lang='lat' dir='ltr'><strong>prepria</strong></span> <span class='ocrx_word' id='word_1_681' title='bbox 1069 4941 1136 4994; x_wconf 89' lang='lat' dir='ltr'><strong>de</strong></span> <span class='ocrx_word' id='word_1_682' title='bbox 1207 4939 1309 4994; x_wconf 89' lang='lat' dir='ltr'><strong>hoc</strong></span> <span class='ocrx_word' id='word_1_683' title='bbox 1362 4949 1688 5010; x_wconf 85' lang='lat' dir='ltr'><strong>argumento</strong></span> <span class='ocrx_word' id='word_1_684' title='bbox 1738 4941 2042 5006; x_wconf 87' lang='lat' dir='ltr'><strong>concione,</strong></span> 
     </span>
    </p>
   </div>
   <div class='ocr_carea' id='block_1_93' title="bbox 474 5031 2046 5106">
    <p class='ocr_par' dir='ltr' id='par_1_93' title="bbox 474 5031 2046 5106">
     <span class='ocr_line' id='line_1_93' title="bbox 474 5031 2046 5106; baseline -0.002 -18"><span class='ocrx_word' id='word_1_685' title='bbox 474 5037 722 5106; x_wconf 82' lang='lat' dir='ltr'><strong>pluribus</strong></span> <span class='ocrx_word' id='word_1_686' title='bbox 777 5047 904 5088; x_wconf 90' lang='lat' dir='ltr'><strong>cum</strong></span> <span class='ocrx_word' id='word_1_687' title='bbox 973 5031 1084 5085; x_wconf 93' lang='lat' dir='ltr'><strong>illis</strong></span> <span class='ocrx_word' id='word_1_688' title='bbox 1130 5045 1297 5101; x_wconf 80' lang='lat' dir='ltr'><strong>agens</strong></span> <span class='ocrx_word' id='word_1_689' title='bbox 1330 5071 1346 5094; x_wconf 90' lang='lat'><strong>,</strong></span> <span class='ocrx_word' id='word_1_690' title='bbox 1399 5032 1492 5102; x_wconf 91' lang='lat' dir='ltr'><strong>qui</strong></span> <span class='ocrx_word' id='word_1_691' title='bbox 1543 5032 1852 5088; x_wconf 86' lang='lat' dir='ltr'><strong>inconsulte</strong></span> <span class='ocrx_word' id='word_1_692' title='bbox 1913 5032 2046 5086; x_wconf 88' lang='lat' dir='ltr'><strong>dant</strong></span> 
     </span>
    </p>
   </div>
   <div class='ocr_carea' id='block_1_94' title="bbox 475 5122 1972 5195">
    <p class='ocr_par' dir='ltr' id='par_1_94' title="bbox 475 5122 1972 5195">
     <span class='ocr_line' id='line_1_94' title="bbox 475 5122 1972 5195; baseline -0.003 -15"><span class='ocrx_word' id='word_1_693' title='bbox 475 5135 743 5190; x_wconf 80' lang='lat' dir='ltr'><strong>nmtuum,</strong></span> <span class='ocrx_word' id='word_1_694' title='bbox 775 5139 939 5195; x_wconf 89' lang='lat' dir='ltr'><strong>quam</strong></span> <span class='ocrx_word' id='word_1_695' title='bbox 983 5123 1080 5194; x_wconf 91' lang='lat' dir='ltr'><strong>qui</strong></span> <span class='ocrx_word' id='word_1_696' title='bbox 1131 5122 1375 5177; x_wconf 74' lang='lat' dir='ltr'><strong>avaritiae</strong></span> <span class='ocrx_word' id='word_1_697' title='bbox 1427 5138 1591 5179; x_wconf 87' lang='lat' dir='ltr'><strong>causa</strong></span> <span class='ocrx_word' id='word_1_698' title='bbox 1643 5123 1698 5178; x_wconf 90' lang='lat' dir='ltr'><strong>id</strong></span> <span class='ocrx_word' id='word_1_699' title='bbox 1741 5123 1972 5178; x_wconf 75' lang='lat' dir='ltr'><strong>faciunt.</strong></span> 
     </span>
    </p>
   </div>
   <div class='ocr_carea' id='block_1_95' title="bbox 543 5319 2044 5392">
    <p class='ocr_par' dir='ltr' id='par_1_95' title="bbox 543 5319 2044 5392">
     <span class='ocr_line' id='line_1_95' title="bbox 543 5319 2044 5392; baseline 0.005 -18"><span class='ocrx_word' id='word_1_700' title='bbox 543 5320 652 5392; x_wconf 81' lang='grc'>(60)</span> <span class='ocrx_word' id='word_1_701' title='bbox 699 5319 1070 5392; x_wconf 69' lang='grc' dir='ltr'><strong>Κατάσχητε.</strong></span> <span class='ocrx_word' id='word_1_702' title='bbox 1128 5319 1598 5392; x_wconf 55' lang='grc' dir='ltr'><strong>Βώκατασχῆτε.</strong></span> <span class='ocrx_word' id='word_1_703' title='bbox 1649 5325 1736 5378; x_wconf 85' lang='lat' dir='ltr'><strong>At.</strong></span> <span class='ocrx_word' id='word_1_704' title='bbox 1785 5341 1836 5378; x_wconf 86' lang='grc' dir='ltr'><strong>ν.</strong></span> <span class='ocrx_word' id='word_1_705' title='bbox 1892 5325 2044 5381; x_wconf 80' lang='lat' dir='ltr'><strong>Butt-</strong></span> 
     </span>
    </p>
   </div>
   <div class='ocr_carea' id='block_1_96' title="bbox 473 5391 1456 5470">
    <p class='ocr_par' dir='ltr' id='par_1_96' title="bbox 473 5391 1456 5470">
     <span class='ocr_line' id='line_1_96' title="bbox 473 5391 1456 5470; baseline 0.002 -26"><span class='ocrx_word' id='word_1_706' title='bbox 473 5391 660 5470; x_wconf 66' lang='lat' dir='ltr'><strong>mann.</strong></span> <span class='ocrx_word' id='word_1_707' title='bbox 823 5391 988 5470; x_wconf 68' lang='grc' dir='ltr'><strong>ρι’.</strong></span> <span class='ocrx_word' id='word_1_708' title='bbox 1013 5391 1077 5457; x_wconf 86' lang='lat' dir='ltr'><strong>ll,</strong></span> <span class='ocrx_word' id='word_1_709' title='bbox 1107 5407 1171 5470; x_wconf 62' lang='grc' dir='ltr'><strong>ρ.</strong></span> <span class='ocrx_word' id='word_1_710' title='bbox 1335 5407 1456 5470; x_wconf 64' lang='lat' dir='ltr'><strong>sqq.</strong></span> 
     </span>
    </p>
   </div>
   <div class='ocr_carea' id='block_1_97' title="bbox 542 5461 2043 5534">
    <p class='ocr_par' dir='ltr' id='par_1_97' title="bbox 542 5461 2043 5534">
     <span class='ocr_line' id='line_1_97' title="bbox 542 5461 2043 5534; baseline 0.004 -20"><span class='ocrx_word' id='word_1_711' title='bbox 542 5463 653 5532; x_wconf 84' lang='lat' dir='ltr'><strong>(6i)</strong></span> <span class='ocrx_word' id='word_1_712' title='bbox 692 5461 1085 5534; x_wconf 19' lang='lat' dir='ltr'><strong>A&#39;Y‘péqulon.</strong></span> <span class='ocrx_word' id='word_1_713' title='bbox 1109 5461 1178 5534; x_wconf 38' lang='grc' dir='ltr'><strong>ζει</strong></span> <span class='ocrx_word' id='word_1_714' title='bbox 1200 5461 1297 5534; x_wconf 76' lang='lat' dir='ltr'><strong>Ed.</strong></span> <span class='ocrx_word' id='word_1_715' title='bbox 1333 5462 1459 5514; x_wconf 86' lang='lat' dir='ltr'><strong>anni</strong></span> <span class='ocrx_word' id='word_1_716' title='bbox 1486 5461 1644 5534; x_wconf 60' lang='grc' dir='ltr'><strong>ιββε,</strong></span> <span class='ocrx_word' id='word_1_717' title='bbox 1677 5465 1823 5534; x_wconf 77' lang='grc' dir='ltr'><strong>ἡμᾶς</strong></span> <span class='ocrx_word' id='word_1_718' title='bbox 1861 5467 2043 5522; x_wconf 91' lang='lat' dir='ltr'><strong>minus</strong></span> 
     </span>
    </p>
   </div>
   <div class='ocr_carea' id='block_1_98' title="bbox 472 5531 2038 5600">
    <p class='ocr_par' dir='ltr' id='par_1_98' title="bbox 472 5531 2038 5600">
     <span class='ocr_line' id='line_1_98' title="bbox 472 5531 2038 5600; baseline 0.002 -14"><span class='ocrx_word' id='word_1_719' title='bbox 472 5531 703 5598; x_wconf 28' lang='lat' dir='ltr'><strong>bene,’si</strong></span> <span class='ocrx_word' id='word_1_720' title='bbox 735 5533 862 5600; x_wconf 85' lang='lat' dir='ltr'><strong>quid</strong></span> <span class='ocrx_word' id='word_1_721' title='bbox 883 5533 1058 5588; x_wconf 88' lang='lat' dir='ltr'><strong>video.</strong></span> <span class='ocrx_word' id='word_1_722' title='bbox 1109 5531 1277 5588; x_wconf 80' lang='lat' dir='ltr'><strong>Paulo</strong></span> <span class='ocrx_word' id='word_1_723' title='bbox 1326 5541 1471 5596; x_wconf 78' lang='lat' dir='ltr'><strong>ante,</strong></span> <span class='ocrx_word' id='word_1_724' title='bbox 1521 5531 1667 5586; x_wconf 83' lang='lat' dir='ltr'><strong>Mon.</strong></span> <span class='ocrx_word' id='word_1_725' title='bbox 1699 5531 1802 5586; x_wconf 77' lang='grc' dir='ltr'><strong>ὐπ’</strong></span> <span class='ocrx_word' id='word_1_726' title='bbox 1833 5536 2038 5590; x_wconf 70' lang='grc' dir='ltr'><strong>ὀδόντα.</strong></span> 
     </span>
    </p>
   </div>
   <div class='ocr_carea' id='block_1_99' title="bbox 543 5599 2040 5672">
    <p class='ocr_par' dir='ltr' id='par_1_99' title="bbox 543 5599 2040 5672">
     <span class='ocr_line' id='line_1_99' title="bbox 543 5599 2040 5672; baseline 0.003 -16"><span class='ocrx_word' id='word_1_727' title='bbox 543 5603 675 5672; x_wconf 14' lang='grc' dir='ltr'><strong>(ϐξ),</strong></span> <span class='ocrx_word' id='word_1_728' title='bbox 699 5601 860 5667; x_wconf 82' lang='grc' dir='ltr'><strong>Ὣς...</strong></span> <span class='ocrx_word' id='word_1_729' title='bbox 893 5602 1248 5672; x_wconf 66' lang='grc' dir='ltr'><strong>λεγομένων.</strong></span> <span class='ocrx_word' id='word_1_730' title='bbox 1278 5599 1404 5657; x_wconf 66' lang='lat' dir='ltr'><strong>llaec</strong></span> <span class='ocrx_word' id='word_1_731' title='bbox 1447 5603 1609 5658; x_wconf 88' lang='lat' dir='ltr'><strong>verba</strong></span> <span class='ocrx_word' id='word_1_732' title='bbox 1639 5619 1670 5656; x_wconf 79' lang='grc' dir='ltr'><strong>ιι</strong></span> <span class='ocrx_word' id='word_1_733' title='bbox 1710 5609 2040 5662; x_wconf 84' lang='lat' dir='ltr'><strong>correctoris</strong></span> 
     </span>
    </p>
   </div>
   <div class='ocr_carea' id='block_1_100' title="bbox 473 5671 1342 5740">
    <p class='ocr_par' dir='ltr' id='par_1_100' title="bbox 473 5671 1342 5740">
     <span class='ocr_line' id='line_1_100' title="bbox 473 5671 1342 5740; baseline 0.001 -13"><span class='ocrx_word' id='word_1_734' title='bbox 473 5687 636 5727; x_wconf 90' lang='lat' dir='ltr'><strong>manu</strong></span> <span class='ocrx_word' id='word_1_735' title='bbox 667 5671 720 5725; x_wconf 91' lang='lat' dir='ltr'><strong>in</strong></span> <span class='ocrx_word' id='word_1_736' title='bbox 743 5671 987 5740; x_wconf 83' lang='lat' dir='ltr'><strong>margine</strong></span> <span class='ocrx_word' id='word_1_737' title='bbox 1005 5671 1164 5726; x_wconf 84' lang='lat' dir='ltr'><strong>habet</strong></span> <span class='ocrx_word' id='word_1_738' title='bbox 1192 5671 1342 5728; x_wconf 77' lang='lat' dir='ltr'><strong>Men.</strong></span> 
     </span>
    </p>
   </div>
   <div class='ocr_carea' id='block_1_101' title="bbox 542 5741 2040 5816">
    <p class='ocr_par' dir='ltr' id='par_1_101' title="bbox 542 5741 2040 5816">
     <span class='ocr_line' id='line_1_101' title="bbox 542 5741 2040 5816; baseline 0.004 -19"><span class='ocrx_word' id='word_1_739' title='bbox 542 5741 654 5810; x_wconf 76' lang='grc'><strong>(65)</strong></span> <span class='ocrx_word' id='word_1_740' title='bbox 684 5741 1118 5796; x_wconf 49' lang='grc' dir='ltr'><strong>’.ἀποκλείσειῆ</strong></span> <span class='ocrx_word' id='word_1_741' title='bbox 1156 5741 1299 5797; x_wconf 80' lang='lat' dir='ltr'><strong>Men.</strong></span> <span class='ocrx_word' id='word_1_742' title='bbox 1333 5743 1640 5800; x_wconf 77' lang='grc' dir='ltr'><strong>ἀπολέσειν.</strong></span> <span class='ocrx_word' id='word_1_743' title='bbox 1674 5745 1794 5801; x_wconf 74' lang='lat' dir='ltr'><strong>Mox</strong></span> <span class='ocrx_word' id='word_1_744' title='bbox 1825 5747 1899 5802; x_wconf 85' lang='lat' dir='ltr'><strong>id.</strong></span> <span class='ocrx_word' id='word_1_745' title='bbox 1928 5745 2040 5816; x_wconf 72' lang='grc' dir='ltr'><strong>ἐγὼ</strong></span> 
     </span>
    </p>
   </div>
   <div class='ocr_carea' id='block_1_102' title="bbox 2153 4573 3730 4658">
    <p class='ocr_par' dir='ltr' id='par_1_102' title="bbox 2153 4573 3730 4658">
     <span class='ocr_line' id='line_1_102' title="bbox 2153 4573 3730 4658; baseline 0.008 -32"><span class='ocrx_word' id='word_1_746' title='bbox 2153 4573 2246 4627; x_wconf 83' lang='grc' dir='ltr'><strong>τοῦ</strong></span> <span class='ocrx_word' id='word_1_747' title='bbox 2288 4577 2462 4629; x_wconf 84' lang='grc' dir='ltr'><strong>κακοῦ</strong></span> <span class='ocrx_word' id='word_1_748' title='bbox 2511 4579 2897 4650; x_wconf 83' lang='grc' dir='ltr'><strong>μεταμέλειαν.</strong></span> <span class='ocrx_word' id='word_1_749' title='bbox 2941 4582 3086 4654; x_wconf 83' lang='grc' dir='ltr'><strong>Πρὸς</strong></span> <span class='ocrx_word' id='word_1_750' title='bbox 3137 4583 3192 4636; x_wconf 77' lang='grc' dir='ltr'><strong>δὲ</strong></span> <span class='ocrx_word' id='word_1_751' title='bbox 3243 4587 3368 4649; x_wconf 83' lang='grc' dir='ltr'><strong>τούς</strong></span> <span class='ocrx_word' id='word_1_752' title='bbox 3422 4589 3730 4658; x_wconf 83' lang='grc' dir='ltr'><strong>προχείρως</strong></span> 
     </span>
    </p>
   </div>
   <div class='ocr_carea' id='block_1_103' title="bbox 2152 4667 3734 4746">
    <p class='ocr_par' dir='ltr' id='par_1_103' title="bbox 2152 4667 3734 4746">
     <span class='ocr_line' id='line_1_103' title="bbox 2152 4667 3734 4746; baseline 0.006 -26"><span class='ocrx_word' id='word_1_753' title='bbox 2152 4667 2560 4737; x_wconf 77' lang='grc' dir='ltr'><strong>δανειζομένους</strong></span> <span class='ocrx_word' id='word_1_754' title='bbox 2587 4671 2681 4724; x_wconf 76' lang='grc' dir='ltr'><strong>καὶ</strong></span> <span class='ocrx_word' id='word_1_755' title='bbox 2709 4674 2820 4735; x_wconf 86' lang='grc' dir='ltr'><strong>τοῖς</strong></span> <span class='ocrx_word' id='word_1_756' title='bbox 2858 4673 3178 4746; x_wconf 83' lang='grc' dir='ltr'><strong>ἀγκίστροις</strong></span> <span class='ocrx_word' id='word_1_757' title='bbox 3217 4674 3325 4728; x_wconf 89' lang='grc' dir='ltr'><strong>τῶν</strong></span> <span class='ocrx_word' id='word_1_758' title='bbox 3363 4677 3538 4728; x_wconf 84' lang='grc' dir='ltr'><strong>τόκων</strong></span> <span class='ocrx_word' id='word_1_759' title='bbox 3579 4677 3734 4746; x_wconf 48' lang='lat' dir='ltr'><strong>prd».-</strong></span> 
     </span>
    </p>
   </div>
   <div class='ocr_carea' id='block_1_104' title="bbox 2153 4759 3733 4841">
    <p class='ocr_par' dir='ltr' id='par_1_104' title="bbox 2153 4759 3733 4841">
     <span class='ocr_line' id='line_1_104' title="bbox 2153 4759 3733 4841; baseline 0.008 -30"><span class='ocrx_word' id='word_1_760' title='bbox 2153 4759 2408 4824; x_wconf 88' lang='grc' dir='ltr'><strong>κινδύνως</strong></span> <span class='ocrx_word' id='word_1_761' title='bbox 2455 4763 2682 4827; x_wconf 81' lang='grc' dir='ltr'><strong>ἑαυτοὺς</strong></span> <span class='ocrx_word' id='word_1_762' title='bbox 2727 4767 3168 4836; x_wconf 85' lang='grc' dir='ltr'><strong>περιπείροντας,</strong></span> <span class='ocrx_word' id='word_1_763' title='bbox 3194 4767 3383 4822; x_wconf 83' lang='grc' dir='ltr'><strong>οὐδένα</strong></span> <span class='ocrx_word' id='word_1_764' title='bbox 3431 4771 3733 4841; x_wconf 81' lang='grc' dir='ltr'><strong>ποιήσομαι</strong></span> 
     </span>
    </p>
   </div>
   <div class='ocr_carea' id='block_1_105' title="bbox 2152 4853 3736 4933">
    <p class='ocr_par' dir='ltr' id='par_1_105' title="bbox 2152 4853 3736 4933">
     <span class='ocr_line' id='line_1_105' title="bbox 2152 4853 3736 4933; baseline 0.008 -29"><span class='ocrx_word' id='word_1_765' title='bbox 2152 4853 2328 4920; x_wconf 83' lang='grc' dir='ltr'><strong>λόγον,</strong></span> <span class='ocrx_word' id='word_1_766' title='bbox 2357 4855 2548 4923; x_wconf 87' lang='grc' dir='ltr'><strong>ἀρκεῖν</strong></span> <span class='ocrx_word' id='word_1_767' title='bbox 2575 4855 2760 4920; x_wconf 85' lang='grc' dir='ltr'><strong>αὐτοῖς</strong></span> <span class='ocrx_word' id='word_1_768' title='bbox 2785 4857 2976 4927; x_wconf 87' lang='grc' dir='ltr'><strong>κρίνας</strong></span> <span class='ocrx_word' id='word_1_769' title='bbox 3007 4858 3106 4929; x_wconf 83' lang='grc' dir='ltr'><strong>τὴν</strong></span> <span class='ocrx_word' id='word_1_770' title='bbox 3137 4861 3464 4931; x_wconf 74' lang='grc' dir='ltr'><strong>συμϐουλὴν,</strong></span> <span class='ocrx_word' id='word_1_771' title='bbox 3491 4865 3560 4933; x_wconf 83' lang='grc' dir='ltr'><strong>ἣν</strong></span> <span class='ocrx_word' id='word_1_772' title='bbox 3583 4863 3616 4913; x_wconf 86' lang='lat'><strong>6</strong></span> <span class='ocrx_word' id='word_1_773' title='bbox 3647 4863 3736 4916; x_wconf 83' lang='grc' dir='ltr'><strong>θε-</strong></span> 
     </span>
    </p>
   </div>
   <div class='ocr_carea' id='block_1_106' title="bbox 2153 4945 3736 5026">
    <p class='ocr_par' dir='ltr' id='par_1_106' title="bbox 2153 4945 3736 5026">
     <span class='ocr_line' id='line_1_106' title="bbox 2153 4945 3736 5026; baseline 0.008 -29"><span class='ocrx_word' id='word_1_774' title='bbox 2153 4945 2372 5009; x_wconf 81' lang='grc' dir='ltr'><strong>σπέσιος</strong></span> <span class='ocrx_word' id='word_1_775' title='bbox 2398 4947 2586 5018; x_wconf 78' lang='grc' dir='ltr'><strong>Πατὴρ</strong></span> <span class='ocrx_word' id='word_1_776' title='bbox 2614 4949 2769 5017; x_wconf 80' lang='grc' dir='ltr'><strong>ἡμῶν</strong></span> <span class='ocrx_word' id='word_1_777' title='bbox 2799 4949 3075 5014; x_wconf 82' lang='grc' dir='ltr'><strong>Βασίλειος</strong></span> <span class='ocrx_word' id='word_1_778' title='bbox 3105 4954 3163 5004; x_wconf 81' lang='grc' dir='ltr'><strong>ὲν</strong></span> <span class='ocrx_word' id='word_1_779' title='bbox 3193 4953 3269 5023; x_wconf 81' lang='grc' dir='ltr'><strong>τῷ</strong></span> <span class='ocrx_word' id='word_1_780' title='bbox 3303 4953 3417 5024; x_wconf 79' lang='grc' dir='ltr'><strong>ἰδίῳ</strong></span> <span class='ocrx_word' id='word_1_781' title='bbox 3449 4957 3736 5026; x_wconf 83' lang='grc' dir='ltr'><strong>συγγράμ-</strong></span> 
     </span>
    </p>
   </div>
   <div class='ocr_carea' id='block_1_107' title="bbox 2155 5031 3734 5116">
    <p class='ocr_par' dir='ltr' id='par_1_107' title="bbox 2155 5031 3734 5116">
     <span class='ocr_line' id='line_1_107' title="bbox 2155 5031 3734 5116; baseline 0.008 -25"><span class='ocrx_word' id='word_1_782' title='bbox 2155 5055 2286 5108; x_wconf 88' lang='grc' dir='ltr'><strong>ματι</strong></span> <span class='ocrx_word' id='word_1_783' title='bbox 2313 5031 2491 5108; x_wconf 79' lang='grc' dir='ltr'><strong>σοφῶς</strong></span> <span class='ocrx_word' id='word_1_784' title='bbox 2527 5039 2849 5109; x_wconf 78' lang='grc' dir='ltr'><strong>ἐξεπόνησε,</strong></span> <span class='ocrx_word' id='word_1_785' title='bbox 2883 5044 3104 5096; x_wconf 85' lang='grc' dir='ltr'><strong>πλείονα</strong></span> <span class='ocrx_word' id='word_1_786' title='bbox 3145 5047 3280 5116; x_wconf 79' lang='grc' dir='ltr'><strong>πρὸς</strong></span> <span class='ocrx_word' id='word_1_787' title='bbox 3313 5050 3440 5111; x_wconf 76' lang='grc' dir='ltr'><strong>τοὺς</strong></span> <span class='ocrx_word' id='word_1_788' title='bbox 3482 5049 3734 5114; x_wconf 80' lang='grc' dir='ltr'><strong>ἀϐούλως</strong></span> 
     </span>
    </p>
   </div>
   <div class='ocr_carea' id='block_1_108' title="bbox 2155 5131 3732 5205">
    <p class='ocr_par' dir='ltr' id='par_1_108' title="bbox 2155 5131 3732 5205">
     <span class='ocr_line' id='line_1_108' title="bbox 2155 5131 3732 5205; baseline 0.008 -22"><span class='ocrx_word' id='word_1_789' title='bbox 2155 5131 2598 5202; x_wconf 78' lang='grc' dir='ltr'><strong>δανειζομένους,</strong></span> <span class='ocrx_word' id='word_1_790' title='bbox 2657 5133 2690 5203; x_wconf 82' lang='grc' dir='ltr'>ἢ</span> <span class='ocrx_word' id='word_1_791' title='bbox 2754 5134 2882 5198; x_wconf 83' lang='grc' dir='ltr'><strong>τοὺς</strong></span> <span class='ocrx_word' id='word_1_792' title='bbox 2945 5137 3341 5204; x_wconf 84' lang='grc' dir='ltr'><strong>πλεονεκτικῶς</strong></span> <span class='ocrx_word' id='word_1_793' title='bbox 3384 5141 3732 5205; x_wconf 77' lang='grc' dir='ltr'><strong>δανείζοντας</strong></span> 
     </span>
    </p>
   </div>
   <div class='ocr_carea' id='block_1_109' title="bbox 2153 5225 2719 5294">
    <p class='ocr_par' dir='ltr' id='par_1_109' title="bbox 2153 5225 2719 5294">
     <span class='ocr_line' id='line_1_109' title="bbox 2153 5225 2719 5294; baseline 0.009 -19"><span class='ocrx_word' id='word_1_794' title='bbox 2153 5225 2520 5294; x_wconf 82' lang='grc' dir='ltr'><strong>ποιησάμενος</strong></span> <span class='ocrx_word' id='word_1_795' title='bbox 2545 5226 2719 5294; x_wconf 87' lang='grc' dir='ltr'><strong>λόγον.</strong></span> 
     </span>
    </p>
   </div>
   <div class='ocr_carea' id='block_1_110' title="bbox 2156 5335 3731 5418">
    <p class='ocr_par' dir='ltr' id='par_1_110' title="bbox 2156 5335 3731 5418">
     <span class='ocr_line' id='line_1_110' title="bbox 2156 5335 3731 5418; baseline 0.012 -32"><span class='ocrx_word' id='word_1_796' title='bbox 2156 5335 2256 5418; x_wconf 54' lang='grc' dir='ltr'><strong>μέν</strong></span> <span class='ocrx_word' id='word_1_797' title='bbox 2289 5337 2502 5418; x_wconf 73' lang='grc' dir='ltr'><strong>πρῶτον</strong></span> <span class='ocrx_word' id='word_1_798' title='bbox 2534 5340 2633 5418; x_wconf 66' lang='grc' dir='ltr'><strong>μὲν</strong></span> <span class='ocrx_word' id='word_1_799' title='bbox 2660 5341 2721 5394; x_wconf 83' lang='grc' dir='ltr'><strong>τὸ</strong></span> <span class='ocrx_word' id='word_1_800' title='bbox 2761 5340 2810 5418; x_wconf 61' lang='grc' dir='ltr'><strong>δ.</strong></span> <span class='ocrx_word' id='word_1_801' title='bbox 2845 5341 2919 5397; x_wconf 90' lang='lat' dir='ltr'><strong>De</strong></span> <span class='ocrx_word' id='word_1_802' title='bbox 2953 5346 3219 5418; x_wconf 63' lang='lat' dir='ltr'><strong>particula</strong></span> <span class='ocrx_word' id='word_1_803' title='bbox 3261 5348 3356 5416; x_wconf 82' lang='grc' dir='ltr'><strong>μὲν</strong></span> <span class='ocrx_word' id='word_1_804' title='bbox 3395 5348 3530 5402; x_wconf 84' lang='lat' dir='ltr'><strong>falso</strong></span> <span class='ocrx_word' id='word_1_805' title='bbox 3565 5365 3731 5418; x_wconf 76' lang='lat' dir='ltr'><strong>repe-</strong></span> 
     </span>
    </p>
   </div>
   <div class='ocr_carea' id='block_1_111' title="bbox 2153 5407 3730 5487">
    <p class='ocr_par' dir='ltr' id='par_1_111' title="bbox 2153 5407 3730 5487">
     <span class='ocr_line' id='line_1_111' title="bbox 2153 5407 3730 5487; baseline 0.011 -32"><span class='ocrx_word' id='word_1_806' title='bbox 2153 5407 2246 5487; x_wconf 63' lang='lat' dir='ltr'><strong>tita</strong></span> <span class='ocrx_word' id='word_1_807' title='bbox 2277 5409 2498 5487; x_wconf 47' lang='lat' dir='ltr'><strong>v_..llast.</strong></span> <span class='ocrx_word' id='word_1_808' title='bbox 2525 5412 2698 5487; x_wconf 75' lang='lat' dir='ltr'><strong>Epist.</strong></span> <span class='ocrx_word' id='word_1_809' title='bbox 2727 5413 2847 5468; x_wconf 82' lang='lat' dir='ltr'><strong>crit.</strong></span> <span class='ocrx_word' id='word_1_810' title='bbox 2903 5407 3109 5487; x_wconf 31' lang='lat' dir='ltr'><strong>p.195</strong></span> <span class='ocrx_word' id='word_1_811' title='bbox 3157 5407 3378 5484; x_wconf 36' lang='lat' dir='ltr'><strong>sqfed.</strong></span> <span class='ocrx_word' id='word_1_812' title='bbox 3427 5419 3572 5487; x_wconf 83' lang='lat' dir='ltr'><strong>Lips.</strong></span> <span class='ocrx_word' id='word_1_813' title='bbox 3633 5407 3730 5472; x_wconf 65' lang='grc' dir='ltr'><strong>ΚΓ.</strong></span> 
     </span>
    </p>
   </div>
   <div class='ocr_carea' id='block_1_112' title="bbox 2151 5475 3732 5558">
    <p class='ocr_par' dir='ltr' id='par_1_112' title="bbox 2151 5475 3732 5558">
     <span class='ocr_line' id='line_1_112' title="bbox 2151 5475 3732 5558; baseline 0.009 -30"><span class='ocrx_word' id='word_1_814' title='bbox 2151 5475 2269 5530; x_wconf 82' lang='lat' dir='ltr'><strong>Mox</strong></span> <span class='ocrx_word' id='word_1_815' title='bbox 2309 5477 2450 5558; x_wconf 68' lang='lat' dir='ltr'><strong>Men.</strong></span> <span class='ocrx_word' id='word_1_816' title='bbox 2487 5495 2514 5531; x_wconf 85' lang='lat' dir='ltr'><strong>a</strong></span> <span class='ocrx_word' id='word_1_817' title='bbox 2551 5475 2722 5548; x_wconf 85' lang='lat' dir='ltr'><strong>prima</strong></span> <span class='ocrx_word' id='word_1_818' title='bbox 2749 5475 2914 5536; x_wconf 74' lang='lat' dir='ltr'><strong>manu</strong></span> <span class='ocrx_word' id='word_1_819' title='bbox 2942 5475 3328 5558; x_wconf 56' lang='grc' dir='ltr'><strong>διακηρύὼω.</strong></span> <span class='ocrx_word' id='word_1_820' title='bbox 3379 5475 3504 5552; x_wconf 72' lang='grc' dir='ltr'><strong>ρυό</strong></span> <span class='ocrx_word' id='word_1_821' title='bbox 3541 5491 3732 5544; x_wconf 85' lang='lat' dir='ltr'><strong>deleto</strong></span> 
     </span>
    </p>
   </div>
   <div class='ocr_carea' id='block_1_113' title="bbox 2150 5555 3552 5628">
    <p class='ocr_par' dir='ltr' id='par_1_113' title="bbox 2150 5555 3552 5628">
     <span class='ocr_line' id='line_1_113' title="bbox 2150 5555 3552 5628; baseline 0.005 -29"><span class='ocrx_word' id='word_1_822' title='bbox 2150 5555 2478 5628; x_wconf 41' lang='lat' dir='ltr'><strong>correctoris</strong></span> <span class='ocrx_word' id='word_1_823' title='bbox 2507 5565 2701 5603; x_wconf 84' lang='lat' dir='ltr'><strong>manus</strong></span> <span class='ocrx_word' id='word_1_824' title='bbox 2727 5555 2957 5628; x_wconf 79' lang='lat' dir='ltr'><strong>margini</strong></span> <span class='ocrx_word' id='word_1_825' title='bbox 2997 5555 3252 5627; x_wconf 83' lang='lat' dir='ltr'><strong>apposuit</strong></span> <span class='ocrx_word' id='word_1_826' title='bbox 3277 5559 3552 5628; x_wconf 74' lang='grc' dir='ltr'><strong>κηρύσσω,</strong></span> 
     </span>
    </p>
   </div>
   <div class='ocr_carea' id='block_1_114' title="bbox 2148 5614 3731 5741">
    <p class='ocr_par' dir='ltr' id='par_1_114' title="bbox 2148 5614 3731 5741">
     <span class='ocr_line' id='line_1_114' title="bbox 2148 5614 3731 5741; baseline 0.01 -72"><span class='ocrx_word' id='word_1_827' title='bbox 2148 5614 2534 5741; x_wconf 48' lang='grc' dir='ltr'><strong>άίέῖῗῇξγῃξξοης</strong></span> <span class='ocrx_word' id='word_1_828' title='bbox 2597 5637 2702 5674; x_wconf 83' lang='grc' dir='ltr'><strong>ιιοη</strong></span> <span class='ocrx_word' id='word_1_829' title='bbox 2739 5614 2874 5690; x_wconf 71' lang='lat' dir='ltr'><strong>pbe</strong></span> <span class='ocrx_word' id='word_1_830' title='bbox 2910 5614 3179 5692; x_wconf 63' lang='grc' dir='ltr'><strong>ἔνστασις,</strong></span> <span class='ocrx_word' id='word_1_831' title='bbox 3214 5629 3305 5683; x_wconf 89' lang='lat' dir='ltr'><strong>scd</strong></span> <span class='ocrx_word' id='word_1_832' title='bbox 3335 5614 3482 5698; x_wconf 60' lang='lat' dir='ltr'><strong>&quot;post</strong></span> <span class='ocrx_word' id='word_1_833' title='bbox 3513 5629 3731 5684; x_wconf 74' lang='grc' dir='ltr'><strong>δίκαιον</strong></span> 
     </span>
    </p>
   </div>
   <div class='ocr_carea' id='block_1_115' title="bbox 2322 5727 2456 5758">
    <p class='ocr_par' dir='ltr' id='par_1_115' title="bbox 2322 5727 2456 5758">
     <span class='ocr_line' id='line_1_115' title="bbox 2322 5727 2456 5758; baseline 0.015 -20"><span class='ocrx_word' id='word_1_834' title='bbox 2322 5727 2456 5758; x_wconf 63' lang='grc' dir='ltr'><strong>οη...</strong></span> 
     </span>
    </p>
   </div>
  </div>
