3844 6426
107 315 204 369 453

1245 307 1334 361 DE
1387 304 1830 363 PAUPEBIBUS
1868 301 2193 359 AMANDIS.

3241 297 3346 350 434

129 447 3307 494 W

951 622 1178 713 ΤΟΥ
1248 622 1392 708 EN
1449 587 1831 707 ΑΓΙΟΙΣ.
1883 613 2500 705 ΓΡΗΓΟΡΙΟΥ

372 786 732 983 ΠΕΡΙ
835 858 1901 982 ΦΙΑΟΠΤΩΧιΑΣ
1982 860 2259 1054 ΚΑΙ
2343 853 3160 974 ΕΥΠΟΠΑΣ,

1564 1091 1784 1148 ΛΟΓΟΣ
1807 1095 1886 1146 A’.

1136 1417 1232 1506 S.
1319 1419 1426 1505 P.

1531 1417 1650 1506 N.
1733 1413 2309 1508 GBEGORII

802 1657 984 1769 DE
1060 1653 1938 1769 PAUPERIBUS
1998 1650 2645 1768 AMANDIS

1044 1883 1141 1941 ET
1185 1880 1716 1940 BENIGNITATE
1761 1878 2397 1950 COMPLECTENDIS

1494 2033 1753 2092 ORATIO
1783 2032 1803 2087 1
1849 2034 1947 2106 (a).

1281 2195 1426 2245 “atro
1453 2189 1716 2243 Francisco
1757 2188 1882 2242 lino
1918 2187 2189 2256 interprete.

162 2505 222 2558 σο
263 2503 365 2572 τῆς
405 2499 732 2570 Ἑκκλησίας
782 2496 985 2566 ταύτης
1032 2497 1311 2569 πρόεδροςν
1363 2499 1456 2550 καὶ
1483 2501 1531 2552 οῖ
1568 2500 1725 2569 τῆςέ

1843 2501 1946 2566 Qui
1981 2502 2108 2556 huic
2133 2500 2389 2555 Ecclesiae
2421 2501 2694 2570 praesidet,
2735 2511 2896 2571 atque
2954 2503 3090 2559 adeo
3132 2520 3343 2570 omnes,

82 2594 357 2658 ἀπλανοῦς
414 2589 693 2652 εὐσεϐείας
740 2592 831 2642 καὶ
864 2590 962 2659 τῆς
991 2588 1110 2642 κατ’
1153 2589 1352 2660 ἀρετὴν
1391 2590 1664 2652 πολιτείας

80 2686 417 2745 διδάσκαλοι,
448 2681 648 2752 πολλὴν
694 2680 875 2750 έχουσι
911 2679 1046 2752 πρὸς
1088 2679 1213 2742 τοὺς
1244 2683 1664 2751 γραμματιστὰς

81 2779 173 2831 καὶ
195 2778 324 2840 τοὺς
351 2774 646 2836 παιδευτὰς
677 2771 784 2824 τῶν
808 2771 1036 2841 πρώτων
1062 2772 1338 2840 στοιχείων
1363 2773 1461 2842 τὴν
1481 2773 1666 2843 ὁμοιό-

79 2886 238 2938 τητα.
279 2867 495 2935 ’Ὠσπερ
525 2863 634 2934 γὰρ
663 2865 862 2916 ἐκεῖνοι
908 2862 1035 2924 τοὺς
1082 2862 1309 2932 νηπίους
1353 2865 1447 2917 καὶ
1479 2864 1665 2935 ψελλι-

81 2963 350 3032 ζομένους
381 2959 461 3012 ἔτι
512 2958 706 3019 παῖδας
756 2955 1044 3052 παραίτῶν
1078 2956 1328 3026 πατέρων
1358 2955 1664 3028 δεξάμενοι,

78 3054 178 3104 οὐκ
207 3050 376 3112 εὐθὺς
405 3048 496 3102 ἐπὶ
511 3045 578 3100 τὰ
605 3044 912 3116 τελειότερα
931 3045 1038 3098 τῶν
1062 3044 1396 3116 μαθημάτων
1423 3049 1664 3116 ἄγουσιν,

79 3143 214 3196 ἀλλὰ
244 3140 512 3210 πρότερον
538 3139 595 3191 ὲν
617 3137 695 3208 τῷ
724 3135 878 3207 κηρῷ
920 3137 984 3189 τὸ
1015 3137 1157 3204 ἄλφα
1190 3138 1544 3209 χαράξαντες.
1574 3143 1668 3195 καὶ

79 3235 144 3285 τὰ
186 3231 320 3300 ἑξῆς
351 3229 462 3282 τῶν
496 3229 794 3298 στοιχείων,
826 3227 895 3280 τά
913 3243 972 3279 τε
1001 3227 1237 3297 ὀνόματα
1265 3229 1441 3282 αὐτῶν
1473 3229 1669 3284 εἰδέναι

21 3334 32 3346 ’
77 3323 417 3385 διδάσκουσι,
451 3318 544 3372 καὶ
566 3320 677 3381 τοῖς
703 3317 896 3381 τύποις
919 3319 1032 3380 τοῖς
1063 3319 1349 3388 γραφεῖσιν
1384 3319 1668 3374 ἐνασκοῢσι

78 3417 177 3486 τὴν
228 3415 394 3484 χεῖρα
416 3429 428 3442 ·
487 3410 622 3481 μετὰ
653 3409 708 3462 δὲ
741 3409 898 3462 τοῦτο
926 3412 1044 3472 ταῖς
1086 3410 1376 3474 συλλαϐαῖς
1403 3411 1670 3481 προϐιϐά-

78 3506 258 3569 ζουσι,
293 3505 389 3556 καὶ
419 3502 528 3555 τῶν
561 3501 838 3571 ὀνομάτων
875 3501 1002 3570 ἑξῆς
1032 3500 1341 3554 παιδεύουσι
1367 3501 1464 3573 τὴν
1496 3502 1674 3571 ὲκφώ-

78 3614 236 3666 νησιν
263 3612 278 3625 ·
326 3593 500 3656 οὕτως
545 3591 639 3645 καὶ
679 3591 778 3660 τῆς
811 3591 1106 3660 ἐκκλησίας
1146 3591 1518 3663 καθηγεμόνες
1560 3596 1673 3657 τοῖς

78 3685 496 3758 στοιχ[ει]ώδεσι
539 3683 753 3754 πρῶτον
783 3681 890 3736 τῶν
936 3682 1273 3752 μαθημάτων
1307 3686 1673 3754 προσάγοντες

74 3783 166 3832 τὸν
195 3776 502 3847 ἀκροατὴν,
539 3774 842 3844 παρέχουσι
881 3773 989 3826 τῶν
1022 3773 1382 3846 τελειωτέρων
1406 3777 1504 3848 τὴν
1531 3778 1674 3846 γνῶ-

76 3887 181 3922 σιν.

158 4043 390 4113 Ἐπειδὴ
415 4042 595 4095 τοίνυν
623 4045 679 4094 ὲν
713 4039 804 4094 δύο
837 4043 954 4104 ταῖς
981 4039 1378 4111 προλαϐοῦσαις
1409 4041 1665 4114 ἡμέραις,

71 4136 172 4206 τῆς
200 4137 492 4204 φάρυγγος
525 4131 619 4184 καὶ
648 4132 748 4200 τῆς
779 4130 1014 4200 γαστρὸς
1053 4129 1150 4200 τὴν
1183 4130 1491 4201 φιληδονίαν
1528 4133 1664 4185 ἐσω-

70 4226 443 4297 φρονίσαμεν,
479 4225 553 4293 μή
587 4241 652 4294 με
685 4222 905 4293 οίηθῆτε
954 4222 1048 4276 καὶ
1077 4222 1314 4292 σήμερον
1359 4223 1427 4276 τὰ
1463 4223 1665 4294 συνήθη

70 4318 276 4383 λέξειν,
301 4317 381 4378 ὡς
414 4316 581 4369 καλὸν
627 4316 1033 4387 καταφρονῆσαι
1081 4313 1277 4386 κρεῶν,
1309 4314 1401 4366 καὶ
1430 4314 1664 4384 ἀποσχέ-

69 4408 194 4460 σθαι
231 4405 335 4459 τοῦ
370 4405 729 4473 φιλογέλωτος
777 4404 918 4456 οῐνου
947 4403 1039 4456 καὶ
1070 4401 1389 4473 βακχευτοῦ·
1421 4403 1663 4474 ἐπισχεῖν

68 4498 122 4551 δὲ
143 4498 284 4561 τοὺς
311 4495 636 4566 μαγείρους,
671 4493 765 4546 καὶ
787 4494 966 4547 πᾶσαν
988 4493 1082 4546 τοῦ
1113 4493 1350 4564 οἰνοχόου
1374 4494 1473 4566 τὴν
1504 4498 1663 4566 χεῖρα

67 4590 422 4658 κάμνουσαν.
474 4586 658 4641 Ταῦτα
683 4587 790 4658 γὰρ
833 4584 955 4658 ἐμοί
988 4602 1048 4638 τε
1080 4585 1279 4648 ἱκανῶς
1304 4587 1536 4656 εἴρηται,
1567 4588 1663 4641 καὶ

65 4683 228 4753 ὑμεῖς
292 4681 387 4735 διὰ
439 4681 550 4734 τῶν
597 4681 937 4752 πραγμάτων
976 4679 1196 4750 ἐνεργὸν
1226 4679 1326 4750 τὴν
1359 4679 1665 4750 συμϐουλὴν

65 4772 452 4840 ἐπεδείξασθε.
526 4772 600 4825 Τὸ
676 4773 734 4826 δὲ
787 4772 1002 4843 πρῶτον
1074 4771 1300 4842 μάθημα
1349 4772 1665 4843 ἀσκηθεῖσιν

62 4864 444 4936 [ἀσκούντων]
470 4866 619 4934 ὑμῖν,
654 4865 816 4918 καλὸν
848 4867 911 4917 ὲκ
948 4864 1314 4933 προσαγωγῆς
1345 4865 1665 4933 μεταδοῦναι

59 4955 168 5008 τῶν
203 4955 484 5025 μειζόνων
512 4955 605 5007 καὶ
631 4953 1043 5024 ἀνδρικωτέρων
1084 4951 1268 5005 λοιπὸν
1295 4953 1659 5025 διδαγμάτων.

1771 2591 1864 2658 qui
1901 2606 1960 2645 se
1983 2606 2122 2645 vera:
2157 2589 2376 2659 pietatis
2410 2596 2464 2643 et
2503 2589 2622 2658 ejus
2652 2589 2866 2643 vivendi
2916 2592 3166 2655 rationis,
3223 2609 3346 2656 qua:

1768 2698 1842 2746 ex,
1901 2685 2099 2736 virtute
2143 2691 2247 2746 cst,
2296 2681 2588 2750 magistros
2640 2681 2984 2752 proﬁtentur,
3033 2683 3346 2738 hominibus

1771 2773 1880 2827 illis
1915 2781 2044 2828 sunt
2071 2773 2362 2827 admodum
2391 2773 2620 2837 similes,
2661 2774 2753 2842 qui
2801 2775 3206 2842 grammaticam
3243 2775 3343 2828 do-

1768 2873 1916 2928 cent,
1951 2873 2005 2919 et
2033 2865 2207 2934 prima
2233 2863 2458 2917 tradunt
2485 2862 2754 2917 elementa
2775 2862 3099 2916 litterarum.
3132 2861 3343 2918 Etenim

1767 2957 2228 3027 quemadmodum
2267 2955 2320 3009 hi
2354 2953 2600 3024 puerosé
2627 2963 2914 3021 parentum
2947 2954 3196 3008 manibus
3221 2970 3345 3008 sus-

1768 3061 1956 3121 ceptos
2005 3049 2185 3103 adhuc
2233 3046 2470 3101 infantes
2517 3054 2570 3100 et
2599 3045 2963 3100 balbutientcs
3013 3061 3122 3099 non
3175 3047 3344 3115 proti-

1718 3126 1720 3128 l
1768 3157 1874 3196 nus
1905 3139 2105 3194 abditis
2129 3138 2542 3207 disciplinarqu
2584 3137 3040 3206 prwceptionibus
3093 3146 3341 3197 onerant,

1771 3232 1864 3285 sed
1899 3232 2076 3300 primo
2103 3231 2411 3284 litterarum
2444 3229 2650 3282 formas
2695 3228 3006 3297 insculpunt
3069 3228 3124 3281 in
3177 3228 3341 3290 ceris,

1770 3336 2069 3393 earumque
2124 3320 2344 3374 nomina
2399 3319 2701 3381 declarant,
2748 3328 2802 3373 et
2854 3319 3092 3388 ipsorum
3148 3335 3342 3372 matms

1771 3428 1869 3481 per
1917 3412 2213 3481 impressos
2275 3410 2396 3464 illos
2438 3409 2740 3464 litterarum
2797 3409 2992 3464 ductus
3054 3419 3220 3479 agunt
3289 3419 3344 3462 rt

1771 3509 2047 3564 exercent;
2081 3515 2203 3553 mox
2233 3513 2328 3553 eos
2359 3499 2428 3551 ob
2463 3498 2794 3568 syllabarum
2823 3498 3188 3568 cognitionem
3215 3513 3342 3567 pro--

1772 3591 2002 3656 vehunt,
2034 3598 2200 3659 atque
2239 3590 2314 3643 ita
2367 3588 2624 3658 deinceps
2671 3589 2738 3643 ad
2787 3590 3078 3643 verborqu
3119 3605 3342 3658 expres-

1773 3683 1982 3738 sionem
2010 3682 2354 3753 pcrducunt;
2393 3681 2470 3735 sic
2505 3679 2762 3734 Ecclesia:
2784 3677 2951 3732 duces
2984 3680 3137 3734 initio
3171 3680 3340 3734 docu-

1776 3783 1980 3838 menta,
2021 3790 2142 3844 quae
2172 3773 2282 3826 sint
2332 3773 2507 3826 instar
2536 3772 2949 3834 elementorum,
3001 3772 3340 3826 auditoribus

1703 3856 1746 3911 Β
1773 3873 2104 3936 proponunt,
2129 3863 2323 3918 deinde
2337 3864 2600 3933 gradatim
2630 3878 2713 3924 ea,
2743 3876 2861 3929 qum
2883 3861 3202 3930 perfectiora
3226 3879 3340 3916 ma—

1772 3958 1962 4030 gisque
1989 3957 2270 4011 recondita
2298 3965 2446 4020 sunt,
2487 3954 2840 4023 patefaciunt.

1843 4049 2111 4115 Quoniam
2144 4048 2312 4117 igitur
2345 4046 2560 4101 duobus
2596 4046 2974 4115 superioribus
3002 4047 3194 4103 diebus
3244 4061 3337 4102 τυ-

1769 4141 2050 4211 piditatetn
2081 4140 2250 4202 illam,
2300 4154 2421 4207 quae
2462 4138 2600 4206 gulae
2647 4137 2963 4201 ventrisque
3009 4139 3335 4208 voluptatem

1771 4239 2035 4294 sectatur,
2074 4229 2481 4300 castigmimus,
2531 4229 2790 4282 hodierna
2833 4230 2959 4282 item
3019 4229 3106 4284 die
3144 4231 3336 4286 iisdem

1770 4324 1838 4378 de
1870 4324 2035 4379 rebus
2062 4337 2146 4378 me
2171 4322 2335 4377 verba
2363 4321 2634 4392 facturum
2684 4337 2752 4374 ne
2787 4322 3133 4387 existimetis,
3193 4323 3338 4392 quod

1768 4412 2024 4468 videlicet
2052 4414 2340 4468 conveniat
2373 4421 2426 4466 et
2455 4427 2620 4466 carne
2658 4428 2765 4466 non
2815 4412 2985 4473 vesci,
3020 4423 3074 4466 et
3108 4429 3137 4465 a
3185 4414 3334 4479 vino,

1768 4502 1925 4572 cujus
1953 4502 2063 4558 fere
2092 4504 2342 4568 risus,-et
2364 4503 2575 4557 insania
2607 4503 2832 4556 comites
2863 4509 3011 4565 sunt,
3037 4503 3333 4566 abstinere,

1768 4605 1822 4651 et
1875 4595 2132 4650 cohibere
2172 4611 2473 4666 coquorum
2529 4595 2807 4661 studium;
2843 4605 2896 4648 et
2951 4596 3334 4662 pincernarnm

1766 4701 1963 4742 manus
2001 4688 2298 4744 miscendis
2330 4687 2785 4758 porrigendisque
2815 4688 3026 4756 poculis
3079 4688 3334 4757 latisatas

1767 4781 2149 4852 comprimere.
2182 4781 2254 4835 De
2284 4782 2367 4835 bis
2397 4782 2540 4835 enim
2573 4789 2626 4834 ct
2675 4796 2774 4834 nos
2810 4780 2944 4834 satis
2976 4780 3140 4833 multa
3194 4781 3334 4833 dixi-

1769 4887 1912 4934 mus,
1949 4881 2003 4925 et
2033 4888 2129 4926 vos
2175 4872 2463 4927 consilium
2501 4871 3035 4935 admonitioncmque
3088 4880 3331 4924 nostram

1767 4962 1946 5030 rcipsa
1982 4972 2035 5018 et
2058 4965 2215 5017 factis
2237 4963 2713 5032 comprobavistis.
2742 4961 2920 5027 Quare
2941 4963 3065 5016 dum
3099 4963 3330 5030 primum

61 5052 164 5105 hoc
212 5051 622 5106 documentum
657 5049 928 5114 excolitis,
982 5064 1164 5118 operae
1207 5051 1439 5120 pretium
1485 5061 1590 5117 est,
1639 5061 1700 5108 ut
1771 5057 1841 5111 ad
1897 5074 1961 5114 ea
2011 5060 2164 5115 vobis
2225 5061 2486 5114 tradenda
2555 5077 2676 5130 qua:
2720 5061 2925 5130 majora
2978 5059 3332 5130 gravioraque

56 5154 210 5205 sunt,
252 5141 701 5213 progrediamur.

126 5238 297 5289 Ἐστι
325 5234 512 5289 τοίνυν
543 5236 636 5287 καὶ
664 5233 953 5306 ἀσώματος
993 5238 1235 5306 νηστεία,
1263 5237 1358 5290 καὶ
1391 5236 1549 5300 ᾶῡλος
1569 5239 1660 5306 ἐγ·
1687 5250 1725 5307 C

1834 5237 1929 5293 Est
1960 5239 2128 5310 igitur
2153 5240 2344 5310 jejuuii
2377 5249 2430 5296 et
2488 5243 2826 5297 abstinentia!
2877 5259 3065 5314 genus,
3125 5245 3270 5314 quod
3301 5263 3330 5300 a

51 5331 293 5400 κράτεια
325 5331 364 5398 ἡ
397 5328 528 5398 περὶ
552 5328 725 5399 ψυχὴν
744 5329 1079 5400 στρεφομένη
1112 5331 1288 5399 ἀποχὴ
1319 5330 1425 5382 τῶν
1440 5329 1622 5382 κακῶν
1647 5347 1659 5358 ·

53 5424 142 5474 καὶ
195 5423 271 5475 δι’
306 5422 535 5490 ἐκείνην
582 5423 714 5490 ἡμῖν
746 5422 838 5473 καὶ
864 5421 1001 5490 αὕτη
1032 5419 1392 5488 ἐνομοθετήθη
1420 5421 1452 5488 ἡ
1487 5418 1663 5490 ἀποχὴ

50 5513 156 5562 τῶν
197 5513 544 5582 βρωμάτων.
583 5510 928 5581 Νηστεὺσατε
967 5511 1143 5563 τοίνυν
1174 5508 1281 5562 ἀπὸ
1314 5507 1532 5570 κακίας
1576 5511 1664 5576 ἐγ-

1771 5344 1998 5399 corpore
2042 5339 2095 5384 et
2157 5335 2383 5387 materia
2428 5334 2730 5402 seiunctum
2773 5344 2888 5400 est;
2925 5351 3156 5405 cumque
3213 5340 3332 5391 ani-

1771 5434 1911 5472 mam
1941 5421 2205 5474 duntaxat
2233 5424 2508 5492 respiciat,
2537 5441 2599 5477 ea
2660 5441 2717 5478 re
2747 5425 3044 5492 perﬁcitur,
3091 5436 3149 5478 ut
3181 5441 3212 5478 a
3255 5430 3333 5480 vi-

1769 5511 1861 5566 tiis
1898 5522 2291 5581 temperemus:
2319 5525 2481 5597 atque
2512 5516 2674 5586 hujus
2703 5514 2922 5582 quidem
2962 5515 3159 5584 jejunii
3209 5535 3330 5589 gra-

123 5685 624 5766 (a)“Gt_-a:ce_edita
653 5701 732 5766 e35-
765 5701 898 5739 mss.
949 5683 1211 5742 Ctesareze
1243 5686 1533 5743 Viennens.
1579 5686 1945 5760 bibliothecae,
2010 5707 2062 5750 et
2129 5712 2193 5750 ex
2229 5696 2536 5766 apographo
2602 5710 2666 5749 ex
2718 5691 2977 5746 Vaticana
3033 5695 3324 5762 cxscrépto,

49 5771 184 5813 cura
208 5759 273 5813 Γ.
298 5763 426 5813 Jac.
458 5757 736 5812 Sirtuondi
769 5767 1037 5810 correcta.
