3844 6398
489 307 599 364 ιδε

1720 297 1778 354 S.
1809 295 2138 353 GREGORI]
2172 293 2464 352 NYSSENI

3624 293 3735 350 456

493 425 588 486 tia.
633 423 760 478 illud
807 421 1070 476 indictum
1116 427 1222 486 est,
1289 429 1349 474 ut
1391 435 1422 474 a
1463 419 1603 476 cibis
1657 419 2054 476 abstineamus.

2176 417 2539 490 κρατεύσασθε
2569 417 2677 472 ἀπὸ
2698 417 2796 487 τῆς
2819 415 2928 471 τῶν
2951 415 3242 487 ἀλλοτρίων
3271 415 3582 485 ἐπιθυμίαςν
3607 415 3737 468 ἀπόο

492 517 647 584 Quod
669 532 790 572 cum
821 517 893 569 ita
931 517 1022 582 sit,
1063 531 1092 569 a
1133 515 1337 569 malitia
1367 514 1634 585 jejunate,
1682 515 1934 570 cohibete
1978 529 2064 569 re-

491 627 613 666 rum
661 611 962 664 alienarum
1013 608 1398 678 cupiditatem,
1463 621 1494 661 a
1550 605 1694 676 turpi
1743 613 1798 661 et
1857 605 2064 674 injusto

492 709 700 771 quaestu
720 701 875 754 vobis
904 709 1220 767 temperate.
1253 695 1549 751 Avaritiam
1577 696 1898 751 Mammonae
1921 693 2064 747 fame

491 790 806 846 interﬁcite.
855 789 1000 843 Nihil
1045 788 1191 842 domi
1246 786 1588 842 reconditum
1645 784 1861 848 habete,
1918 783 2061 852 quod

493 883 566 938 sit
592 897 690 952 per
716 882 824 935 vim
858 892 911 936 et
934 880 1154 949 rapinas
1175 887 1572 948 comparatum.
1604 875 1744 943 Quid
1767 876 1912 930 enim
1937 889 2066 943 pro-

493 973 636 1030 derit
659 989 754 1028 ore
787 989 1008 1027 carnem
1062 988 1169 1024 non
1229 971 1518 1040 attingere,
1581 968 1627 1024 si
1682 966 2064 1021 maledicentia

495 1067 721 1122 fratrem
759 1064 1006 1120 laceras?
1039 1063 1297 1128 Quaenam
1331 1062 1434 1116 erit
1465 1061 1693 1124 utilitas,
1725 1059 1793 1124 si,
1824 1059 1958 1115 dum,
1974 1065 2065 1112 tua

496 1172 606 1211 non
650 1154 912 1217 comedis,
975 1167 1096 1222 qua:
1150 1151 1406 1221 pauperis
1467 1161 1616 1212 sunt,
1653 1165 1750 1219 per
1808 1148 2064 1218 injuriam

497 1244 870 1317 subripueris?
893 1243 1024 1311 Quze
1046 1257 1211 1313 porro
1233 1242 1404 1312 pietas
1434 1240 1560 1304 ista,
1585 1239 1632 1295 si
1655 1253 1850 1309 aquam
1877 1237 2067 1290 bibens

497 1349 682 1396 struas
715 1338 984 1403 fraudem,
1010 1351 1250 1391 consuas
1277 1334 1456 1397 dolos,
1502 1340 1557 1388 et
1603 1347 1668 1388 ex
1723 1330 2070 1401 improbitate

497 1433 818 1503 sanguinem
846 1429 1038 1486 sitias?
1064 1426 1246 1494 Quid?
1287 1425 1478 1480 Nonne
1509 1423 1678 1479 Judas
1729 1423 1893 1478 ctiam
1944 1437 2068 1478 cum

496 1523 752 1580 undecim
778 1519 1104 1591 ieiunabat?
1134 1529 1370 1572 attamen
1416 1517 1546 1586 quia
1593 1529 1775 1568 mores
1828 1512 2071 1566 avaritia:

496 1616 710 1672 deditos
744 1629 850 1668 non
891 1609 1207 1671 refrenavit,
1250 1607 1386 1662 nihil
1421 1607 1488 1661 ad
1519 1605 1753 1661 salutem
1801 1604 1878 1658 illi
1922 1603 2068 1672 jeju-

2165 511 2357 583 σχεσθε
2401 511 2624 582 κέρδους
2674 511 2880 565 ἀδίκουο
2905 510 3325 580 λιμοκτονήσατε
3367 506 3458 561 τοῦ
3485 507 3738 576 Μαμωνᾶ

2163 602 2260 670 τὴν
2290 600 2673 672 φιλαργυρίαν·
2715 599 2878 670 μηδὲν
2916 600 3009 653 ἐπὶ
3036 599 3131 668 τῆς
3160 598 3333 660 οἰκίας
3365 597 3504 650 ἔστω
3537 598 3735 663 κειμή-

2163 695 2296 759 λιον,
2317 696 2382 747 ἐκ
2411 694 2529 771 βίας
2553 694 2648 746 καὶ
2675 692 2950 764 ἁρπαγῆς.
2990 691 3054 742 Τί
3089 690 3198 760 γὰρ
3226 689 3434 758 δφελος,
3472 689 3534 741 ἂν
3565 689 3736 758 κρέας

2169 785 2244 856 μὴ
2264 785 2636 858 προσενέγκῃς
2655 785 2733 856 τῷ
2759 784 3004 855 στόματι,
3023 782 3116 836 καὶ
3144 782 3342 853 δάκνῃς
3370 783 3434 851 τῇ
3457 781 3622 850 κακίᾳ
3646 779 3740 830 τὸν

2164 853 2430 946 amem;
2465 853 2646 941 Ἦ·
2684 853 2870 946 δνησις
2895 875 2958 928 ἂν
2988 872 3058 926 τὰ
3082 873 3148 927 σὰ
3189 873 3264 944 μὴ
3297 873 3494 946 φάγῃς.
3527 872 3623 924 καὶ
3642 870 3742 922 λα-
3768 853 3777 859 ”

2166 967 2266 1038 ϐῃς
2293 969 2361 1022 τὰ
2383 967 2475 1021 τοῦ
2505 969 2733 1040 πένητος
2757 966 2986 1031 ἀδίκως;
3011 965 3106 1028 Τίς
3139 965 3194 1017 δέ
3225 964 3358 1034 αὕτη
3384 964 3651 1022 εὐσέϐεια,
3675 962 3744 1014 ἂν

2167 1060 2310 1132 ὕδωρ
2379 1061 2568 1122 πίνων,
2606 1059 2783 1130 eam;
2829 1058 2998 1121 δόλον,
3033 1058 3128 1110 καὶ
3164 1056 3649 1129 αῖματοςδιψήσῃς
3676 1058 3745 1108 ἐκ

2167 1139 2470 1229 πονηρίας;
2507 1153 2824 1223 Ἐνήστευσε
2870 1150 3087 1212 πάντως
3131 1149 3267 1220 μετὰ
3299 1149 3408 1202 τῶν
3431 1149 3623 1202 ἕνδεκα
3646 1149 3746 1202 καὶ

2182 1243 2596 1309 Ἰούδας,·-ἀλλὰ
2645 1244 2739 1298 τὸν
2787 1243 3116 1314 φιλάργυρον
3145 1243 3218 1313 μὴ
3245 1241 3490 1312 δαμάσας
3516 1243 3744 1311 τρόπον,

2167 1335 2319 1390 οὐδὲν
2360 1336 2441 1400 εἲς
2488 1335 2762 1405 σωτηρίαν
2791 1329 3045 1406 ὠφελήθη
3075 1334 3223 1402 παρὰ
3247 1333 3346 1404 τῆς
3368 1333 3601 1396 ἀσιτίας.
3630 1333 3749 1384 Καὶ

2167 1429 2208 1482 ό.
2226 1427 2471 1492 διάϐολος
2525 1429 2626 1481 οὐκ
2656 1427 2844 1480 ἐσθίει·
2873 1427 3090 1498 πνεῦμα
3111 1427 3218 1497 γάρ
3250 1427 3394 1479 ἐστιν
3423 1425 3746 1495 ἀσώματον·

2168 1521 2305 1574 ἀλλὰ
2349 1520 2440 1574 διὰ
2480 1520 2680 1574 κακίαν
2727 1520 2823 1572 τοῦ
2869 1519 3035 1588 ὕψους
3059 1518 3345 1574 ἀπέπεσεν.
3388 1517 3618 1588 ὐμοίως
3646 1517 3751 1570 καὶ

2168 1613 2277 1666 τῶν
2299 1611 2570 1683 δαιμόνων
2624 1612 2876 1674 ἕκαστος,
2908 1610 3033 1664 οὔτε
3057 1610 3162 1679 ὄψα
3195 1610 3584 1682 προσφέρεται,
3617 1608 3751 1661 οὔτε

498 1710 651 1764 nium
695 1705 918 1778 prol‘uit.
951 1702 1130 1770 Quid?
1179 1699 1326 1771 quod
1356 1699 1609 1755 diabolus
1656 1713 1782 1752 cum
1844 1697 2070 1766 spiritus

2176 1701 2521 1768 πολυποσίας,
2553 1701 2587 1773 ἢ
2620 1703 2787 1773 μέθης
2807 1702 3020 1774 δέχεται
3043 1701 3419 1772 κατηγόρημα.
3449 1700 3614 1764 Φύσις
3635 1701 3752 1771 γὰρ

496 1802 570 1860 sit
600 1800 845 1872 corporis
872 1811 1088 1868 expers,
1118 1794 1253 1850 nihil
1282 1807 1521 1874 unquam
1556 1790 1670 1846 edit
1717 1790 1962 1854 omnino,
2013 1796 2067 1844 et

2176 1795 2368 1858 αὐτοὺς
2433 1794 2534 1864 τῆς
2586 1793 2696 1846 τῶν
2752 1793 3055 1864 βρωμάτων
3121 1792 3403 1863 μετουσίας
3459 1791 3748 1862 ἐχώρισεν.

495 1901 677 1946 tamen
708 1896 928 1958 propter
953 1885 1355 1954 improbitatem
1401 1899 1431 1938 e
1465 1881 1685 1938 sublimi
1741 1881 1836 1935 illo
1872 1878 2068 1934 cecidit

2185 1886 2324 1940 Ἀλλ’
2357 1887 2506 1958 ὅμως
2533 1888 2628 1940 καὶ
2671 1885 2888 1958 νύκτωρ
2925 1886 3017 1940 καὶ
3051 1884 3168 1956 μεθ’
3201 1884 3429 1956 ἡμέραν,
3455 1883 3751 1954 ἐμπλανὼ-

496 1981 779 2054 dignitatis
809 1977 999 2050 gradu.
1028 1977 1338 2047 Eademque
1375 1975 1588 2030 ratione
1630 1973 1816 2028 nullus
1863 1973 2063 2026 daemo-

2176 1996 2327 2049 μενοι
2371 1978 2449 2049 τῷ
2507 1978 2651 2049 ἀέρι,
2686 1977 2881 2040 κακίας
2914 1977 3020 2030 είσὶ
3053 1978 3270 2045 ποιηταὶ
3321 1977 3413 2030 καὶ
3453 1976 3752 2047 ὑπηρέται,

495 2090 628 2131 num
667 2081 772 2133 est.
799 2072 916 2142 qui,
949 2069 1092 2140 quod
1123 2076 1216 2122 aut
1241 2083 1301 2122 se
1331 2066 1577 2121 obsoniis
1613 2063 1926 2134 ingurgitet,
1974 2069 2068 2117 aut

2176 2071 2265 2124 καὶ
2291 2071 2391 2133 τὰς
2424 2069 2544 2140 μεθ’
2576 2070 2733 2140 ἡμῶν
2773 2067 3065 2132 ἐπιϐουλὰς
3113 2067 3387 2138 ἐνεργοῦσι
3419 2068 3752 2132 σπουδαίως.

497 2167 787 2225 immodice
839 2165 1009 2229 bibat,
1044 2161 1364 2218 ebriosusve
1417 2159 1510 2222 sit,
1561 2157 1811 2212 accusari
1866 2157 2062 2225 possit.

2176 2161 2356 2232 Φθόνῳ
2380 2161 2438 2214 δέ
2463 2160 2554 2215 καὶ
2574 2161 2841 2231 βασκανίᾳ
2866 2162 3139 2230 τήκονται.
3156 2159 3298 2214 ἃκαὶ
3324 2158 3542 2228 φεύγειν
3561 2159 3752 2223 καλὸν,

495 2257 702 2312 Natura
751 2255 894 2310 enim
939 2268 970 2307 a
1026 2251 1244 2308 bibendi
1280 2251 1584 2322 edendique
1647 2253 1973 2306 necessitate
2004 2249 2068 2302 li-

2176 2253 2223 2306 εί
2262 2253 2547 2324 μέλλοιμεν
2599 2253 2874 2324 ἄνθρωποι
2932 2253 3068 2324 πρός
3108 2251 3240 2304 Θεὸν
3280 2252 3553 2319 συγγενῶς
3583 2253 3753 2322 ἔχειν,

498 2349 616 2406 beri
647 2354 796 2404 sunt.
822 2344 1010 2413 Neque
1042 2353 1222 2399 tamen
1274 2344 1479 2399 idcirco
1505 2343 1590 2398 vel
1639 2343 1748 2408 die,
1777 2343 1865 2398 vel
1908 2351 2070 2398 nocte

2176 2343 2401 2398 ἐκείνων
2459 2345 2802 2400 ἐκπεσόντων
2850 2345 2951 2415 τῆς
3008 2343 3144 2415 πρὸς
3194 2343 3255 2397 τὸ
3303 2343 3503 2413 ἀγαθὸν
3549 2346 3754 2398 οἰκειό-

497 2455 597 2512 per
607 2454 731 2495 aera
748 2438 1006 2494 oherrare
1021 2451 1260 2506 unquam
1280 2441 1517 2500 cessant,
1539 2433 1864 2506 ﬂagitiorum
1881 2445 2072 2490 aucto-
2176 2452 2360 2506 τητος.

498 2547 590 2589 res
617 2538 672 2586 et
699 2529 955 2585 ministri.
992 2527 1160 2583 Nobis
1186 2537 1367 2583 autem
1399 2528 1547 2583 omni
1576 2528 1760 2584 studio
1815 2529 2114 2584 moliuntur
2139 2529 2394 2586 insidias.
2434 2529 2671 2601 ‘Quippe
2739 2530 2907 2586 livore
2973 2530 3281 2601 liqueﬁunt,
3345 2541 3399 2587 et
3461 2531 3756 2587 tabescunt

497 2625 724 2687 invidia,
759 2623 900 2694 quod
935 2622 1001 2676 ad
1045 2637 1165 2678 eam
1199 2637 1299 2676 nos
1330 2622 1576 2678 homines
1609 2624 2033 2681 necessitudinis
2066 2625 2511 2694 coniunctionem
2561 2641 2688 2682 cum
2723 2625 2844 2696 ipso
2902 2625 3036 2693 Deo,
3091 2633 3147 2682 et
3203 2625 3478 2683 felicitatis
3528 2641 3758 2699 posses-

499 2721 729 2782 sionem,
755 2735 787 2774 e
811 2732 920 2788 qua
947 2717 1050 2786 ipsi
1084 2715 1282 2785 dejecti
1325 2723 1473 2780 sunt,
1507 2715 1680 2773 simus
1732 2718 2065 2788 perventuri.

570 2810 826 2868 Ilonestis
885 2810 1048 2880 igitur
1112 2823 1176 2861 ac
1236 2809 1397 2864 bonis
1471 2809 1719 2864 moribus
1771 2811 2073 2865 instruatur

2255 2810 2680 2879 Παιδαγωγείτω
2732 2809 2914 2862 τοίνυν
2965 2809 3058 2862 τδν
3098 2809 3211 2880 βίον
3250 2812 3359 2864 τῶν
3408 2813 3760 2884 Χριστιανῶν

497 2906 937 2963 Christianorum
960 2901 1094 2954 vita.
1119 2900 1322 2954 Eorum
1365 2899 1534 2954 animi
1566 2899 1846 2956 declinent
1890 2912 1946 2957 et
2001 2901 2073 2955 fu-

2177 2903 2380 2974 τρόπος
2406 2903 2711 2972 φιλόσοφος.
2743 2887 2856 2958 καὶ
2893 2904 2927 2974 ἡ
2957 2902 3103 2974 ψυχὴ
3143 2905 3388 2973 φευγέτω
3423 2906 3522 2976 τῆς
3553 2909 3761 2973 κακίας

499 2999 650 3071 giant
680 2996 899 3052 malitia:
936 2993 1344 3049 detrimentum.
1396 2991 1532 3046 Nam
1565 2993 1612 3047 si
1661 2993 1789 3048 vino
1821 3001 1876 3048 et
1910 3009 2073 3049 carne

2177 2996 2277 3064 τὴν
2337 2993 2558 3066 βλάϐην.
2591 2995 2688 3048 “Av
2729 2994 2838 3066 γὰρ
2878 2995 3020 3048 οίνου
3064 2995 3158 3048 καὶ
3199 2995 3376 3066 κρεῶν
3405 2998 3759 3068 ἀπεχόμενοι,

501 3095 887 3160 temperantes,
916 3085 1213 3142 obstrictos
1243 3083 1395 3140 vitiis
1439 3083 1652 3139 animos
1698 3084 2073 3151 habuerimus,

2176 3087 2290 3146 τοῖς
2317 3082 2460 3138 κατὰ
2497 3083 2755 3155 πρόθεσιν
2805 3085 3195 3156 ἁμαρτήμασιν
3235 3077 3383 3156 ὦμεν
3439 3089 3757 3156 ὑπεύθυνοι,

499 3183 637 3241 nihil
684 3180 980 3252 quidquam
1024 3177 1216 3242 nobis,
1269 3191 1394 3232 cum
1448 3176 1607 3231 aliter
1665 3177 1848 3232 animo
1903 3192 2066 3247 quam

2179 3174 2448 3272 προλέγω,
2480 3177 2574 3229 καὶ
2601 3175 3085 3248 προμαρτύρομαι,
3126 3177 3201 3240 ὼς
3224 3177 3373 3232 οὐδὲν
3399 3180 3542 3249 ἡμᾶς
3570 3181 3761 3252 ὀνήσει

499 3275 842 3332 extrinsecus
867 3269 1045 3326 aﬁ‘ecti
1097 3269 1292 3331 simus,
1327 3276 1422 3322 aut
1478 3283 1700 3336 aquam,
1755 3279 1850 3323 aut
1898 3269 2071 3330 olera,

2179 3264 2322 3335 ὕδωρ
2352 3266 2446 3318 καὶ
2478 3265 2687 3336 λάχανα
2722 3268 2818 3320 καὶ
2844 3267 3175 3338 ἀναίμακτος
3205 3269 3469 3340 τράπεζα,
3505 3271 3761 3343 ἀνόμοιον

501 3375 598 3423 aut
627 3379 846 3420 mensas
877 3362 997 3418 sine
1021 3360 1288 3431 sanguine
1337 3369 1578 3415 structas
1613 3360 1898 3430 profutura
1946 3376 2073 3430 pra:-

2177 3354 2276 3424 τῆς
2305 3354 2503 3418 ἔξωθεν
2529 3356 2849 3424 ἐπιφανείας
2873 3357 2969 3428 τὴν
3000 3357 3210 3412 ἔνδοθεν
3247 3359 3480 3414 διάθεσιν
3501 3362 3757 3432 ἔχοντας.

500 3457 628 3513 dico
672 3463 836 3524 atque
883 3449 1166 3507 testiﬁcor.
1228 3449 1458 3519 Propter
1509 3449 1833 3503 munditiam
1883 3450 2078 3504 animae

502 3560 632 3606 sunt
671 3549 874 3603 indicta
914 3545 1143 3615 jejunia.
1192 3541 1324 3610 Qua:
1350 3545 1394 3599 si
1430 3551 1546 3598 tum
1599 3544 1901 3608 voluntate,
1958 3548 2073 3595 tum

502 3641 667 3697 factis
693 3639 1138 3709 coinquinantur,
1200 3636 1328 3704 quid
1365 3636 1593 3700 frustra,
1624 3649 1788 3704 quam
1810 3633 2074 3697 bibimus,

504 3748 700 3804 aquam
732 3729 1100 3786 insumimus?
1136 3728 1244 3783 Cur
1277 3728 1470 3798 ingens
1504 3727 1604 3782 hoc
1637 3742 1881 3787 caenum.
1930 3726 2075 3796 quod

503 3827 614 3882 elui
631 3843 692 3882 ex
703 3824 1032 3896 purgarique
1048 3836 1154 3875 non
1175 3827 1371 3890 potest,
1389 3819 1697 3874 excolitur?
1713 3817 1850 3884 Quid
1865 3818 2078 3872 confert

499 3917 768 3986 jejunium
809 3912 1075 3982 corporis,
1104 3911 1209 3966 nisi
1245 3925 1400 3966 mens
1430 3925 1565 3980 pura
1605 3907 1918 3978 mundaque
1966 3907 2078 3963 sit?

504 4008 652 4064 Nihil
691 4009 835 4063 enim
899 4006 1092 4076 prosit,
1149 4019 1370 4059 currum
1432 4001 1672 4056 validum
1724 4015 1790 4054 ac
1837 4001 2076 4056 strenuis

507 4101 787 4172 quadrigis
818 4100 1144 4154 instructum
1183 4110 1324 4160 esse,
1351 4093 1396 4149 si
1415 4095 1601 4164 auriga
1627 4093 1863 4148 insaniat
1889 4112 1902 4148 :
1925 4094 2074 4148 nulla

503 4195 612 4251 erit
643 4193 779 4248 bene
807 4190 1082 4244 fabricata:
1114 4187 1268 4242 navis
1298 4185 1528 4248 utilitas,
1559 4184 1604 4239 si
1643 4183 1829 4240 ebrius
1855 4183 1928 4240 sit
1958 4185 2077 4254 ipse

506 4287 860 4355 gubernator.
899 4279 1181 4349 Jejunium
1233 4276 1455 4333 virtutis
1495 4276 1909 4332 fundamentum
1965 4285 2072 4332 est.

507 4373 971 4442 Quemadmodum
1008 4381 1186 4426 autem
1213 4370 1428 4423 navium
1489 4368 1711 4432 carinae,
1766 4378 1821 4424 et
1877 4368 2075 4423 funda-

507 4476 691 4523 menta
712 4465 906 4519 domus
934 4463 1062 4518 licet
1096 4462 1331 4531 ingentia
1367 4461 1654 4529 subjicias,
1688 4461 1900 4514 inutilia
1921 4475 2076 4514 vana-

2177 3445 2276 3498 Διὰ
2330 3446 2680 3518 καθαρότητα
2727 3446 2904 3519 ψυχῆς
2941 3449 3302 3522 ἐνομοθετήθη
3335 3453 3574 3522 νηστεία.
3610 3456 3676 3508 Ei
3701 3457 3765 3510 δέ

2181 3538 2366 3608 ἐκείνη
2395 3542 2461 3610 τῇ
2491 3539 2810 3610 προαιρέσει
2836 3542 2929 3597 καὶ
2965 3545 3086 3606 ταῖς
3112 3542 3298 3606 ἄλλαις
3326 3543 3626 3616 ἐνεργείαις
3659 3565 3766 3616 μο-

2178 3630 2418 3694 λύνεται,
2438 3633 2492 3685 τί
2518 3633 2696 3704 μάτην
2722 3633 3190 3705 προσδαπανῶμεν
3204 3635 3264 3687 τὸ
3287 3637 3565 3706 πινόμενον
3587 3637 3762 3710 ὓδωρς

2179 3724 2244 3776 Τί
2276 3724 2607 3778 ἀνέκπλυτον
2644 3725 2739 3778 καὶ
2793 3726 2958 3780 πολὺν
2988 3727 3290 3798 γεωργοῦσι
3335 3727 3425 3782 τὸν
3453 3728 3718 3803 βόρϐορον
3746 3750 3763 3799 ;

2179 3815 2276 3877 Τίς
2301 3816 2486 3887 δνησις
2515 3816 2615 3887 τῆς
2637 3817 2955 3887 σωματικῆς
2977 3819 3248 3888 νηστείας,
3279 3819 3346 3873 ἂν
3375 3820 3449 3892 μὴ
3474 3822 3764 3895 καθαρεύῃ

2177 3908 2207 3959 ὁ
2257 3905 2408 3970 νοῦςς
2459 3906 2625 3961 Οὐδὲν
2664 3907 2774 3980 γὰρ
2801 3907 3010 3977 ὄφελος,
3032 3909 3127 3961 ἐὰν
3151 3909 3211 3963 τὸ
3243 3911 3504 3982 ἀργύριον
3533 3915 3764 3986 ίσχυρὸν

2180 3999 2400 4072 ὑπάρχῃ
2427 4000 2520 4052 καί⁵
2548 3999 2610 4052 τὸ
2647 4001 2947 4071 τέθριππον
2984 3999 3263 4066 εὔτακτον,
3302 4005 3628 4076 μαινομένου
3659 4009 3765 4061 τσῦ

2179 4091 2418 4160 ἡνιόχου.
2447 4091 2512 4143 Τί
2558 4091 2616 4144 δὲ
2663 4091 2853 4160 ὄφελος
2878 4093 2977 4162 τῆς
3003 4088 3062 4146 εὖ
3093 4095 3441 4166 ἡρμοσμένης
3479 4097 3634 4161 νεὼς,
3659 4099 3766 4153 ἐὰν

2183 4181 2354 4252 μεθύῃ
2376 4184 2402 4234 ὁ
2419 4183 2781 4252 κυϐερνήτης;
2801 4184 3043 4254 Νηστεία
3056 4184 3766 4266 θεμέλιος’ἀρετῆς.Ὥσπερ

2179 4270 2235 4322 δὲ
2269 4269 2515 4340 θεμέλιος
2564 4271 2741 4334 οίκίας
2795 4273 2888 4326 καὶ
2926 4272 3118 4344 τρόπις
3163 4274 3347 4330 πλοίου
3383 4279 3628 4348 ἄχρηστα
3661 4286 3768 4336 καὶ

2181 4360 2440 4432 ἀνόνητα,
2475 4362 2579 4416 κᾶν
2607 4363 2809 4433 σφόδρα
2842 4365 3126 4436 καρτερῶς
3152 4367 3644 4438 ὑποϐληθῶσιν,,ἂν
3683 4375 3765 4445 μὴ

2179 4452 2249 4505 τὰ
2277 4452 2406 4523 ἐξῆς
2435 4453 2616 4517 αὐτοῖς
2645 4454 2752 4508 τῶν
2799 4457 3176 4528 ἐπιστημόνως
3204 4459 3594 4532 ἐποικοδομηθῇ
3621 4480 3634 4493 ·
3665 4466 3767 4518 οὖ-

506 4574 616 4629 que
647 4558 779 4620 sint,
809 4555 918 4611 nisi
946 4554 1185 4624 reliquas
1219 4555 1344 4608 item
1381 4561 1564 4624 partes
1589 4555 1760 4624 perite
1795 4563 1850 4608 et
1893 4553 2073 4608 scien-

2181 4561 2288 4607 τως
2316 4545 2410 4598 καὶ
2437 4544 2536 4613 τῆς
2581 4547 2907 4618 ἐγκρατείας
2932 4548 3132 4619 ταύτης
3160 4551 3312 4604 οὐδὲν
3341 4552 3548 4622 ὄφελος,
3579 4557 3645 4608 ἂν
3683 4560 3765 4629 μὴ

507 4659 593 4706 ter
621 4645 1086 4704 exaediﬁcaveris:
1148 4644 1230 4699 sic
1284 4643 1445 4699 istius
1478 4643 1820 4698 abstinentiae
1869 4644 2078 4697 nullum

509 4744 614 4799 erit
646 4740 1096 4799 emolumentum,
1123 4735 1228 4790 nisi
1263 4735 1382 4789 alia:
1406 4734 1632 4804 justitire
1667 4743 1848 4804 partes
1892 4749 2081 4790 acces-

509 4835 700 4892 serint.
730 4829 918 4886 Timor
943 4828 1036 4885 Dei
1068 4827 1286 4883 erudiat
1311 4827 1552 4898 linguam
1583 4842 1647 4882 ea
1676 4843 1800 4897 quae
1823 4826 1980 4882 decet
1999 4827 2082 4882 lo-

508 4925 623 4996 qui,
649 4931 831 4979 tacere
847 4919 1144 4986 contraria,
1175 4919 1440 4988 temporis
1461 4918 1805 4974 occasionem
1833 4917 2082 4972 animad-

507 5025 742 5078 vertere,
769 5011 990 5066 modum
1029 5012 1360 5066 observare:
1409 5007 1508 5062 l‘ari
1561 5009 1908 5064 necessaria:
1957 5015 2081 5078 apte

507 5106 883 5176 respondere:
928 5103 1173 5158 modeste
1206 5102 1415 5162 dicere.
1467 5116 1538 5155 ne
1577 5101 1866 5156 verborum
1912 5100 2079 5155 veluti

508 5197 772 5270 grandine
799 5195 1176 5264 colloquentes
1205 5192 1421 5247 obruat.
1482 5191 1694 5245 Idcirco
1723 5190 1868 5245 enim
1914 5198 1968 5245 et
1999 5197 2082 5245 te-

511 5289 634 5344 nuis
666 5288 754 5340 illa
792 5285 1186 5348 membranula,
1227 5297 1350 5352 qua:
1381 5297 1504 5336 cum
1541 5280 1657 5351 ipsa
1705 5280 1886 5351 lingua
1923 5295 2079 5335 men-

507 5390 624 5435 tum
676 5378 907 5433 inl'erius
953 5375 1210 5437 devincit,
1253 5374 1463 5427 l’renum
1510 5369 1734 5434 dicitur,
1781 5386 1850 5424 ne
1897 5371 2078 5440 inepte

511 5469 784 5535 loquatur,
820 5472 874 5520 et
902 5463 1250 5518 inconcinne.
1283 5460 1564 5516 Laudibus
1589 5460 1774 5528 igitur,
1808 5476 1914 5514 non
1945 5476 2077 5514 con-

512 5559 668 5612 viciis
694 5566 910 5622 utatur;
957 5555 1231 5617 cantibus,
1267 5569 1372 5606 non
1429 5551 1753 5614 maledictis,
1805 5567 2082 5605 commen-

513 5645 846 5707 dationibus,
891 5660 996 5699 non
1027 5642 1536 5699 obtrectationibus.
1599 5638 1786 5693 Manus
1833 5641 2082 5710 petulans

514 5735 606 5790 Dei
642 5733 904 5790 memoria
958 5742 1218 5806 tanquam
1247 5743 1439 5788 catena
1499 5731 1680 5786 simia
1735 5732 2075 5788 eohibcatur.

2177 4635 2275 4706 τὴν
2293 4635 2458 4706 ἄλλην
2479 4635 2823 4708 δικαιοσύνην
2860 4641 3114 4710 προσφυῆ
3148 4642 3241 4694 καὶ
3274 4644 3560 4698 ἀκόλουθον
3597 4647 3764 4716 δέξη-

2177 4744 2286 4780 ται.
2316 4728 2483 4792 Φόϐος
2507 4728 2642 4781 Θεοῦ
2676 4729 2972 4784 διδασκέτω
3018 4733 3116 4803 τὴν
3150 4733 3392 4801 γλῶτταν
3423 4735 3765 4806 φθέγγεσθαι

2177 4817 2213 4872 ἃ
2247 4820 2534 4890 προσήκει,
2587 4821 2660 4890 μὴ
2711 4819 2889 4875 λαλεῖν
2924 4823 2992 4876 τά
3026 4823 3249 4892 μάταια,
3301 4826 3497 4880 εἰδέναι
3527 4835 3767 4900 καιροὺς

2178 4910 2274 4962 καὶ¹
2306 4910 2477 4980 μέτρα
2500 4913 2594 4964 καὶ
2621 4911 2777 4979 λόγον
2801 4913 3115 4981 ἀναγκαῖον,
3139 4915 3230 4967 καὶ
3255 4917 3542 4988 ἀπόκρισιν
3566 4919 3767 4974 εὖτ-τοο

2178 5018 2271 5070 χον
2294 5017 2307 5032 ο
2338 5001 2412 5072 μὴ
2431 5001 2612 5056 λαλεῖν
2645 5003 2940 5076 ἀρρύθμως
2961 5021 2975 5035 ο
3011 5005 3084 5077 μὴ
3111 4990 3379 5076 χαλαξοῦν
3409 5011 3533 5072 τοὺς
3559 5012 3766 5081 ἐντυγ-

2177 5091 2435 5162 χάνοντας
2485 5095 2550 5164 τῇ
2581 5095 2925 5167 σφοδρότητι.
2950 5098 3048 5150 Διὰ
3079 5099 3234 5152 τοῦτο
3251 5100 3358 5170 γάρ
3382 5102 3474 5153 καὶ
3507 5101 3535 5152 ὁ
3562 5100 3768 5156 λεπτόο

2178 5203 2337 5250 τατος
2392 5188 2600 5250 ἐκεῖνος
2633 5187 2796 5259 ὑμὴν,
2831 5190 2860 5242 ὁ
2903 5189 3217 5262 ύποδεσμῶν
3244 5193 3380 5263 αὐτῇ
3409 5192 3629 5266 γλώττῃ
3659 5197 3764 5266 τὴν

2177 5277 2327 5330 κάτω
2351 5277 2529 5344 γένυν,
2555 5277 2771 5347 χαλινὸς
2794 5279 3030 5348 λέγεται,
3059 5283 3144 5334 ἴνα
3168 5282 3242 5352 μὴ
3263 5283 3468 5337 ἄτακτα
3499 5285 3591 5336 καὶ
3609 5287 3761 5339 ἀνοι-

2182 5367 2455 5438 κονόμητα
2481 5368 2804 5438 φθέγγηται.
2839 5370 3139 5439 Εὑλογείτω
3178 5373 3270 5425 καὶ
3315 5373 3389 5442 μὴ
3423 5372 3756 5442 λοιδορείτω·

2183 5462 2433 5532 ψαλλέτω
2489 5464 2583 5517 καὶ
2635 5463 2711 5533 μὴ
2767 5464 3170 5536 βλασφημείτω·
3201 5465 3512 5534 εὑφημείτω
3541 5469 3636 5519 καὶ
3679 5471 3761 5539 μὴ

2189 5556 2579 5610 καταλαλείτω·
2615 5558 2648 5627 ἡ
2679 5559 2853 5630 χε).ρὴ
2896 5559 3168 5628 προπετὴς
3187 5561 3250 5628 τῇ
3278 5559 3464 5630 μνήμῃ
3495 5559 3761 5624 τοῦΘεοῦ,

2191 5648 2266 5710 ὡς
2297 5647 2482 5701 ἁλύσει
2502 5649 2824 5718 δεσμείσθω.
2873 5649 2969 5702 Διὰ
2998 5649 3148 5702 τοῦτο
3176 5651 3523 5720 νηστεύομεν,
3545 5654 3628 5705 ὅτι
3665 5655 3764 5707 τὸν

2189 5738 2358 5808 ἀμνὸν
2400 5739 2491 5793 τὶν
2543 5740 2825 5811 ἡμέτερον,
2866 5741 3119 5808 λοιδορίαι
3149 5743 3238 5793 καὶ
3281 5744 3617 5810 ῥαπίσματα,
3655 5747 3764 5814 πρὸ
