3844 6444
112 416 207 469 657

1272 409 1357 462 DE
1388 407 1773 463 PAUPERIBU
1787 406 1826 462 S
1863 404 2184 460 AMANDIS.

3233 407 3334 463 458

117 531 210 582 τῶν
244 528 416 598 ἥλων,
439 527 794 598 καθύϐρισαν.
815 526 904 598 Μὴ
933 528 1110 580 τοίνυν
1132 527 1221 579 τὸν
1253 526 1541 580 Ἰουδαϊκὸν
1559 525 1676 595 τρό-

1787 521 1892 577 Has
1921 521 2064 577 enim
2114 521 2188 574 ob
2242 531 2440 573 causas
2486 519 2828 587 jejunamns,
2865 517 3119 589 quoniam
3153 518 3334 590 Agnus

111 639 203 674 πον
222 619 578 690 ζηλὼσωμεν,
602 621 652 672 oi
685 618 779 672 τοῦ
802 617 1038 689 Χριστοῦ
1062 617 1322 688 μαθηταί.

184 880 312 935 Ἐὰν
371 879 482 951 γὰρ
536 880 708 943 οὕτως
752 873 902 950 ὦμεν
945 878 1307 948 διακείμενοι.
1347 877 1488 945 λέξει
1543 879 1676 948 ἡμῖν

116 973 341 1036 Ἡσαΐας
372 988 386 1001 ·
420 975 544 1026 ἰνα
565 973 620 1025 τί
637 975 724 1038 εὶς
751 973 978 1040 κρίσεις
998 973 1096 1026 καί
1110 970 1308 1039 μάχας
1331 972 1674 1038 νηστεύετε,

1783 618 1973 664 noster
2003 609 2323 679 priusquam
2366 607 2536 663 clavis
2585 609 2888 677 aiﬁgeretur
2933 609 3108 670 cruci,
3147 619 3336 663 contu-

1779 701 1957 755 meliis
1984 699 2229 765 aﬂ'eetus,
2263 706 2316 754 et
2341 698 2514 768 alapis
2546 713 2721 755 ctesus
2750 708 2853 754 est.
2919 700 3096 758 Mores
3146 699 3336 756 Judai-

1779 807 1872 847 eos
1895 807 2004 845 non
2038 791 2337 852 imitemur,
2370 805 2470 844 nos
2493 790 2694 846 Christi
2727 791 3003 859 discipuli.

1847 883 2066 950 Alioqui
2095 882 2140 936 si
2171 896 2236 936 eo
2268 890 2425 950 pacto
2462 881 2726 935 fuerimus
2759 880 2960 943 affecti,
2998 881 3179 936 verbis
3228 881 3338 939 illis

1781 988 1883 1028 nos
1926 973 2096 1028 lsaias
2130 973 2468 1042 increpabit:
2521 972 2629 1027 Cur
2657 972 2725 1025 ad
2766 974 2882 1027 lites
2911 982 2961 1026 et
2989 976 3339 1032 contentiones

109 1063 199 1116 καὶ
247 1065 504 1114 τύπτετε
561 1061 819 1130 πυγμαῖς
851 1063 1168 1123 ταπεινόν;
1194 1061 1351 1131 Παρὰ
1389 1060 1483 1113 τοῦ
1511 1060 1675 1114 αὑτοῦ

1787 1063 2050 1132 iejunatis.
2093 1072 2142 1116 et
2165 1064 2353 1134 pugnis
2403 1078 2678 1130 pauperem
2710 1064 3026 1132 percutitis?
3076 1063 3234 1119 Disce
3271 1067 3340 1120 ab

111 1157 383 1224 προφήτου
430 1153 708 1223 διδάχθητι
752 1154 822 1206 τὰ
847 1154 946 1223 τῆς
971 1153 1156 1206 ἀδόλου
1180 1154 1272 1206 καὶ
1311 1151 1554 1223 καθαρᾶς
1586 1171 1680 1224 νη-

111 1247 283 1308 στείας
328 1247 709 1317 ἐνεργήματα·
757 1247 876 1300 Aris
935 1245 1130 1300 πάντα
1169 1246 1518 1315 σύνδεσμον
1554 1246 1680 1300 ἀδι-

111 1342 255 1405 κίας·
282 1340 502 1393 Anicius
543 1339 946 1408 στραγγαλιὰς
985 1339 1203 1403 βιαίων
1251 1335 1680 1407 συναλλαγμάὲ

110 1449 237 1486 των.
286 1431 616 1499 Διὰθρυπτε
670 1430 942 1483 πεινῶντι
998 1431 1106 1482 τὸν
1159 1430 1341 1497 ἄρτον
1395 1445 1535 1490 σου,
1581 1428 1679 1483 καὶ

109 1525 380 1590 ,πτωχοὺς
426 1525 720 1591 ὰστέγους
763 1521 1043 1591 εἰσάγαγε
1069 1523 1159 1587 εις
1196 1522 1303 1575 τὸν
1337 1518 1502 1575 οἶκόν
1539 1537 1676 1574 σου.

108 1615 312 1683 Πολλὴν
335 1615 392 1667 δὲ
425 1617 556 1685 ἡμῖν
596 1612 856 1682 ἀφθονίαν
885 1613 991 1666 τῶν
1022 1612 1244 1682 γυμνῶν
1273 1613 1496 1665 καὶτῶν
1521 1609 1682 1664 ἀστέ-

108 1722 230 1772 γων,
264 1707 296 1757 ὁ
340 1703 438 1756 νῦν
459 1705 661 1774 ἢνεγκε
696 1704 908 1773 χρόνος.
945 1702 1151 1773 Πλῆθος
1186 1703 1295 1772 γὰρ
1320 1701 1680 1773 αἰχμαλώτων

111 1797 238 1868 πρὸς
267 1800 394 1860 ταῖς
431 1795 622 1867 θύραις
663 1795 919 1852 ἑκάστου.
1018 1856 1034 1867 ,

170 1933 284 1987 Καὶ
331 1933 360 1985 ὁ
412 1930 558 1996 ξένος
604 1931 697 1984 καὶ
734 1931 1074 2001 μετανάστης
1101 1930 1160 1983 οὐ
1201 1930 1375 1983 λείπει
1400 1948 1413 1961 ο
1459 1929 1553 1983 καὶ
1582 1930 1682 2000 τὴν

110 2024 376 2094 ζητοῦσαν
427 2025 605 2093 χεῖρα,
654 2021 927 2092 πανταχοῦ
975 2007 1274 2092 τεταμένην
1318 2020 1465 2073 ἐστιν
1529 2021 1676 2074 ἰδεῖν.

107 2114 327 2176 Τούτοις
366 2109 516 2176 οἶκος
571 2112 670 2183 μὲν
723 2111 986 2183 ὕπαιθρος
1021 2113 1050 2165 ό
1079 2113 1207 2184 ἀήρ.
1261 2111 1588 2180 Καταγώγια
1622 2110 1679 2163 δὲ

108 2204 278 2267 στοαὶ,
314 2204 412 2256 καὶ⁹
434 2202 673 2272 ἄμφοδα,
717 2204 810 2256 καὶ
865 2203 934 2254 τὰ
971 2203 1070 2272 τῆς
1103 2203 1306 2272 ἀγορᾶς
1346 2201 1675 2272 ἐρημότερα.

106 2296 259 2348 Κατὰ
303 2293 360 2346 δὲ
420 2295 546 2356 τοὺς
591 2295 989 2363 νυκτικόρακας
1035 2293 1255 2354 καὶτὰς
1286 2292 1529 2360 γλαῦκας
1561 2295 1679 2355 ταῖς

103 2388 260 2450 ὀπαῖς
283 2386 714 2457 ὲμφωλεύουσιν.
750 2385 941 2456 Ἐσθὴς
973 2385 1155 2449 αὐτοῖς
1183 2386 1252 2438 τὰ
1291 2402 1680 2456 περικεκεντη-

107 2479 238 2547 μένα
268 2478 457 2548 ῥάκιαο
479 2475 741 2547 γεωργία,
763 2476 873 2528 τῶν
889 2475 1178 2529 ἐλεούντων
1200 2477 1234 2547 ἠ
1251 2475 1462 2546 γνὼμη’
1481 2477 1676 2548 τροφὴν

104 2572 153 2622 εἴ
176 2589 226 2623 τι
257 2571 324 2624 ἂν
351 2571 417 2622 ἐκ
444 2569 538 2622 τοῦ
570 2569 964 2640 προστυχόντος
991 2567 1235 2640 ἐμπέσῃ·
1267 2567 1448 2632 ποτὸν,
1469 2569 1544 2630 ὼς
1567 2571 1679 2630 τοῖς

105 2662 320 2729 ἀλόγοις
340 2663 398 2715 αἱ
428 2663 654 2732 κρῆναι·
685 2665 962 2730 ποτήριον,
987 2659 1094 2712 τῶν
1119 2661 1367 2730 χειρῶνή
1396 2660 1642 2730 κοιλότης
1661 2675 1676 2691 ο

104 2741 370 2825 ταμιεῖον,
402 2758 430 2808 ὁ
459 2755 674 2819 κόλπος,
711 2753 804 2806 καλ⁵
842 2745 993 2815 οὗτος
1034 2751 1100 2805 ἂν
1133 2753 1206 2822 μὴ
1248 2752 1582 2823 διερῤυηκὼς
1617 2747 1674 2823 ᾖ,

104 2850 234 2902 ἀλλὰ
269 2848 482 2913 στέγων
511 2847 580 2900 τὰ
616 2846 1009 2916 ἐμϐαλλόμενα·
1065 2844 1332 2914 τράπεζα,
1361 2848 1393 2916 ἡ
1446 2845 1553 2899 τῶν
1589 2863 1679 2915 γο-

100 2942 275 2994 νάτων
305 2939 606 3010 συνέρεισις
630 2955 644 2967 ·
682 2937 856 3006 κλίνη.
915 2936 975 2988 τὸ
1012 2936 1203 3004 ἔδαφος
1225 2953 1239 2966 '
1287 2935 1528 3007 λουτρὸν,
1587 2954 1680 2990 πο-

103 3034 269 3103 ταμὸς
297 3033 332 3103 ῆ
362 3020 548 3100 λίμνη,
575 3031 602 3082 ὃ
619 3031 647 3082 ὀ
671 3029 801 3092 Θεὸς
826 3029 1000 3082 κοινὸν
1031 3030 1161 3082 πᾶσι
1188 3030 1282 3082 καὶ
1304 3028 1677 3082 ἀκατάσκευον

103 3126 321 3178 ἔδωκεν.
383 3123 662 3192 Ἀλητικὸς
722 3123 901 3183 αὐτοῖς
957 3121 986 3172 ὁ
1039 3121 1150 3190 βίος
1191 3123 1285 3174 καὶ
1333 3123 1552 3193 ἄγριος,
1615 3124 1676 3175 οῦ

1778 1153 1966 1208 eodem
1986 1154 2245 1223 prepheta
2271 1155 2470 1210 sinceri
2494 1157 2723 1224 purique
2743 1155 2938 1224 jejunii
2959 1170 3122 1224 Opera
3147 1175 3160 1211 :
3187 1155 3340 1212 Solve

1781 1261 1984 1298 omnem
2015 1260 2206 1298 nexum
2243 1246 2560 1314 iniquitatis.
2586 1245 2826 1300 Dissoive
2856 1245 3197 1316 obligatione:
3231 1249 3343 1302 pio-

1782 1336 2037 1390 lentarum
2056 1345 2436 1390 contraetuum.
2449 1335 2657 1406 Frange
2683 1336 2934 1390 esurienti
2953 1353 3140 1405 panem
3159 1346 3302 1390 tuum
3323 1355 3343 1402 ;

1779 1438 1827 1481 et
1853 1444 2035 1498 egenos
2063 1429 2174 1481 sine
2203 1437 2334 1482 tecto
2366 1428 2524 1482 induc
2553 1429 2607 1480 in
2626 1428 2840 1482 domum
2882 1437 3049 1482 tuam.
3077 1429 3155 1497 (α)
3187 1429 3342 1500 [Cum

1780 1519 1969 1572 videris
2007 1519 2226 1583 nudum,
2261 1519 2405 1587 operi
2447 1534 2586 1582 eum,
2629 1528 2678 1572 et
2710 1533 2922 1571 carnem
2963 1527 3108 1570 tuam
3147 1534 3212 1572 ne
3248 1517 3344 1572 de-
3431 1569 3439 1594 ξ

1781 1609 2032 1679 spcxeris|
2070 1608 2110 1661 ’.
2146 1606 2365 1662 Multam
2413 1608 2572 1662 nobis
2604 1609 2706 1661 boe
2738 1617 2953 1678 tempus
2985 1608 3141 1663 affert
3171 1609 3344 1663 nudo-
3505 1675 3520 1680 η

1784 1713 1902 1752 rum
1952 1713 2323 1770 vagorumque
2373 1700 2606 1768 copiam.
2660 1698 2851 1769 Magna
2897 1700 3040 1754 enim
3075 1698 3345 1770 cujusque
3433 1695 3441 1762 ,’

1784 1789 1928 1845 fores
1965 1788 2272 1861 frequentat
2301 1791 2636 1859 captivorum
2682 1791 2990 1845 multitudo.

1851 1922 2105 1995 Hospites
2136 1925 2459 1994 exsulesque
2518 1941 2625 1982 non
2683 1927 2900 1982 desunt.
2959 1925 3169 1996 Ubique
3220 1927 3346 1982 licet

1783 2027 2070 2082 protensas
2093 2032 2250 2086 opem
2286 2017 2688 2086 implorantium
2724 2034 2917 2072 manus
2948 2019 3211 2088 aspicere.
3249 2017 3346 2074 llis

1782 2124 1874 2164 aer
1905 2108 2008 2164 sub
2053 2109 2144 2164 dio
2199 2117 2402 2163 tectum
2434 2110 2653 2179 praebet.
2691 2109 2942 2166 Porticus
2970 2121 3023 2164 et
3057 2111 3222 2175 bivia,
3290 2119 3346 2167 et

1781 2209 1965 2270 partes
1995 2199 2095 2253 fori
2119 2199 2293 2268 magis
2317 2200 2546 2254 desertae
2583 2209 2711 2256 sunt
2739 2201 2999 2271 hospitia.
3030 2200 3346 2272 Nyctieora-

1781 2307 1905 2346 cum
1938 2301 1992 2347 et
2021 2299 2344 2347 noctuarum
2373 2307 2522 2347 more
2552 2292 2606 2346 in
2635 2293 2884 2349 cavernis
2917 2295 3156 2349 latitant.
3201 2294 3346 2349 Pan-

1782 2383 1957 2451 nosis,
2007 2383 2211 2438 attritis
2256 2391 2310 2437 et
2371 2384 2626 2438 laceratis
2677 2393 2935 2455 teguntur
2990 2385 3345 2440 indumentis.

1787 2475 2149 2546 Agricultura:
2200 2473 2410 2531 fructus
2462 2485 2546 2530 est
2607 2475 2713 2530 illis
2771 2476 3144 2531 miserantium
3179 2476 3346 2532 animi

1783 2567 2106 2637 benignitas.
2136 2567 2326 2632 Cibus,
2360 2567 2408 2622 si
2458 2567 2588 2635 quid
2619 2567 2688 2620 ab
2739 2567 3026 2622 accedente
3089 2568 3344 2638 quapiam

1783 2659 2193 2728 impetraverint
2216 2675 2230 2724 ;
2257 2659 2406 2726 potio
2435 2657 2644 2719 eadem,
2676 2673 2798 2726 qua:
2837 2660 3066 2713 rationis
3111 2660 3347 2728 experti-

1781 2750 1883 2804 bus
1910 2749 2299 2809 animantibus,
2333 2747 2584 2800 nimirum
2619 2747 2816 2802 fontes.
2855 2747 3054 2801 Pocula
3089 2765 3346 2804 manuum

1781 2841 1933 2893 volze.
1997 2838 2165 2902 Penu,
2215 2841 2371 2894 sinus
2431 2839 2568 2907 ipse,
2630 2839 2738 2892 nisi
2782 2841 2941 2908 plane
2978 2840 3206 2905 ditlluat,
3248 2839 3344 2896 sed

1779 2934 1954 3003 possit
1987 2947 2048 2985 ea
2078 2947 2198 3000 qua
2223 2929 2543 2999 injiciuntur
2570 2929 2802 2998 Operire.
2827 2929 3032 2994 Mensa,
3061 2941 3346 3000 contracta

1779 3039 1994 3093 genua;
2051 3022 2301 3085 lectulus,
2349 3021 2560 3084 solum;
2596 3021 2868 3082 balneum,
2915 3022 2967 3075 id
3019 3023 3165 3092 quod
3200 3023 3345 3081 Deus

1779 3109 2033 3164 omnibus
2068 3124 2358 3163 commune
2406 3121 2458 3163 et
2506 3111 2624 3164 sine
2664 3110 2931 3166 industria
2973 3122 3345 3170 constructum

101 3215 338 3278 τοιοῦτος
365 3213 443 3265 ὢν
470 3211 530 3277 ἐξ
558 3212 753 3284 ἀρχῆς,
773 3212 886 3268 ἀλλ’
912 3213 974 3264 ὲκ
999 3213 1096 3282 τῆς
1127 3214 1409 3285 συμφορᾶς
1455 3213 1549 3266 καὶ
1578 3212 1676 3282 τῆς

1787 3200 1947 3263 dedit,
1976 3199 2173 3255 ﬂumen
2205 3209 2297 3282 aut
2329 3201 2508 3270 palus.
2533 3200 2733 3271 Vagam
2767 3210 2820 3256 et
2857 3212 3125 3272 agrestem
3155 3205 3344 3259 tradu-

103 3308 348 3376 ἀνάγκης
381 3305 694 3376 γενόμενος.

171 3477 418 3538 Τούτοις.
458 3479 486 3531 ὁ
516 3477 833 3548 νηστευτὴς,
878 3477 1204 3550 ὑπάρκεσον.
1227 3479 1359 3550 Περὶ
1382 3480 1507 3543 τοὺς
1549 3481 1678 3534 ἀτυ-

103 3569 328 3637 χοῦντας
354 3565 466 3618 τῶν
504 3565 769 3634 ἀδελφῶν,
801 3567 959 3635 γενοῦ
1007 3567 1304 3638 φιλότιμος.
1344 3570 1408 3622 Ὅ
1428 3572 1527 3638 τῆς
1576 3571 1676 3639 σῆς

103 3659 318 3726 ingens;
341 3657 592 3727 γαστρὸς,
608 3657 685 3726 τῷ
717 3657 967 3711 πεινῶντι
997 3658 1249 3729 πρόσθες.
1269 3659 1509 3714 Γενέσθω
1527 3663 1556 3714 ὁ
1583 3662 1674 3716 τοῦ

103 3750 231 3801 Θεοῦ
264 3749 430 3817 φόϐος
459 3748 666 3813 δίκαιος
694 3749 988 3813 ὲξισωθείς.
1010 3749 1354 3820 Θεράπευσον
1387 3751 1677 3824 ἐγκρατείᾳ

107 3843 340 3910 σώφρονι
358 3838 452 3890 δύο
471 3838 616 3909 παθη
638 3839 856 3893 ἐναντία
874 3839 1121 3910 ἀλλήλοις
1137 3856 1150 3870 ·
1167 3840 1258 3894 τὸν
1281 3841 1370 3894 σὺν
1385 3842 1564 3913 κόρον,
1582 3844 1676 3896 καὶ

103 3931 191 3983 τοῦ
213 3929 447 3998 ἀδελφοῦ
475 3930 564 3982 τὸν
591 3929 766 3999 λιμόν.
789 3930 944 3984 Οὕτω
970 3931 1078 4001 γὰρ
1108 3931 1316 3984 ποιοῦσι
1348 3933 1440 3986 καὶ
1481 3935 1670 4004 ἰατροίο

103 4026 222 4086 τώς
273 4024 375 4093 μὲν
404 4023 657 4076 κενοῦσι·
689 4024 816 4086 τοὺς
875 4023 931 4075 δὲ
958 4023 1244 4094 πληροῦσι,
1291 4025 1376 4078 ἵνα
1410 4028 1476 4098 τῇ
1507 4044 1676 4097 προσ-

104 4117 240 4186 θήκῃ
264 4117 361 4169 καὶ
391 4114 673 4185 ὑφαιρέσει
692 4117 725 4186 ἡ
743 4117 870 4186 περὶ
892 4114 1122 4168 ἕκαστον
1148 4116 1472 4187 οἰκονομηθῇ
1497 4117 1669 4185 ὑγεία.

103 4207 369 4277 Πείσθητε
419 4207 560 4278 καλῇ
614 4207 951 4278 παραινέσει.
1015 4206 1301 4270 Ἀνοιξὰτω
1327 4208 1354 4260 ό
1386 4207 1539 4275 λόγος
1566 4208 1673 4262 τῶν

102 4299 484 4369 εὐπορούντων
533 4298 630 4361 τὰς
661 4297 850 4369 θύρας.
901 4298 1180 4364 Εἰσαγέτω
1212 4301 1246 4368 ἡ
1277 4299 1550 4369 συμϐουλὴ
1582 4300 1673 4352 τὸν

102 4387 308 4458 πένητα
349 4386 488 4456 πρὸς
547 4389 637 4444 τὸν
678 4389 886 4456 ἔχοντα.
937 4389 1052 4442 Μία
1082 4388 1138 4441 δὲ
1176 4389 1318 4453 λέξις
1363 4389 1436 4459 μὴ
1467 4391 1674 4444 πλουτι-

103 4481 245 4532 τατω
298 4481 427 4542 τοὺς
496 4480 794 4542 στένοντας.
839 4481 984 4533 Δότω
1026 4483 1204 4544 αὐτοῖς
1236 4483 1327 4535 καὶ
1358 4482 1554 4547 οὶκίαν,
1580 4484 1673 4537 καὶ

1785 3299 1914 3346 cunt
1929 3291 2115 3353 vitam,
2135 3304 2244 3346 non
2263 3292 2406 3361 quod
2429 3292 2583 3346 initio
2602 3293 2683 3348 sic
2709 3294 3065 3358 instituerint,
3089 3295 3182 3351 sed
3199 3298 3346 3368 quod

1784 3383 1852 3438 ad
1882 3399 2002 3438 eam
2031 3383 2432 3440 calamitatibus
2465 3392 2519 3439 et
2557 3387 2882 3441 necessitate
2910 3388 3173 3458 compulsi
3215 3390 3345 3444 sint.

1853 3475 1951 3530 His
1984 3475 2290 3530 necessaria
2331 3474 2498 3530 victui
2528 3476 2813 3547 suppedita
2851 3484 2929 3543 tu,
2973 3480 3066 3548 qui
3107 3479 3346 3549 jejunas.

1783 3564 1923 3635 Erga
1944 3563 2141 3620 fratres
2158 3565 2506 3622 calamitosos
2533 3567 2799 3639 benignus
2825 3579 2963 3624 esto.
2993 3569 3146 3636 Quod
3171 3572 3346 3628 ventri

1782 3657 2081 3719 subtrahis,
2114 3657 2291 3712 tribue
2329 3656 2612 3712 esurienti.
2656 3659 2908 3729 quuet
2942 3662 3124 3716 omnia
3161 3661 3346 3731 justus

1786 3746 1878 3802 Dei
1897 3748 2078 3801 timor.
2100 3745 2244 3801 Duas
2269 3746 2410 3802 inter
2437 3763 2496 3804 se
2511 3751 2818 3806 contrarias
2839 3749 3174 3816 atl‘eetiones,
3197 3761 3344 3808 tuam

1781 3838 2032 3894 videlicet
2062 3839 2386 3902 satietatem,
2412 3848 2466 3894 et
2491 3839 2675 3896 fratris
2708 3841 2927 3906 famem,
2955 3844 3198 3900 modesta
3220 3861 3349 3902 con-

1782 3931 2009 3984 tinentia
2037 3941 2278 3998 tempera
2303 3939 2465 4000 atque
2493 3932 2797 3989 moderare.
2834 3933 2925 3990 Sic
2951 3937 3095 3991 enim
3139 3939 3346 3996 faciunt

1781 4030 1834 4077 et
1859 4022 2088 4077 medici:
2115 4021 2253 4078 alios
2274 4022 2619 4086 exinaninnt,
2652 4026 2790 4079 alios
2821 4027 3050 4096 replent,
3075 4036 3135 4082 ut
3159 4044 3346 4086 acces-

1783 4113 1935 4168 sione
1965 4112 2392 4182 decessioneque
2421 4114 2851 4186 uniuscujusque
2883 4118 3093 4174 sanitas
3122 4134 3345 4180 conser-

1781 4213 1960 4258 vetur.
1991 4202 2643 4260 Honestm‘admonitioni
2692 4206 3077 4278 obtemperate.
3126 4210 3346 4281 Aperiat

1785 4296 1922 4349 ratio
1953 4296 2286 4365 pauperibus
2321 4295 2548 4352 divitum
2583 4295 2748 4353 fores.
2776 4299 3074 4358 Cosilium
3100 4301 3246 4373 inopi
3275 4304 3343 4358 ad

1783 4387 2102 4456 locupletem
2129 4388 2333 4442 aditum
2362 4386 2546 4443 faciat.
2577 4387 2808 4460 Egentes
2835 4407 2902 4447 ne
2930 4393 3221 4462 locupletet
3245 4395 3348 4452 hu-

1782 4493 1942 4531 mana
1977 4477 2346 4544 ratiocinatio,
2387 4479 2482 4534 sed
2541 4480 2647 4537 illis
2676 4490 2730 4538 et
2755 4483 2976 4538 domum
3009 4493 3063 4540 et
3120 4486 3342 4550 lectum,

103 4571 308 4640 κλίνην,
330 4571 428 4623 καὶ
453 4569 729 4640 τράπεζαν
757 4573 784 4624 ό
806 4571 899 4624 τοῦ
926 4572 1059 4624 Θεοῦ
1092 4573 1246 4641 λόγος
1275 4574 1304 4624 ὁ
1332 4573 1674 4644 προαιώνιος.

1787 4580 1835 4624 et
1869 4586 2111 4630 mensam
2134 4571 2340 4632 tribuat
2377 4571 2470 4628 Dei
2500 4574 2721 4630 verbum
2758 4576 3177 4646 sempiternum.
3213 4578 3344 4634 Dul-

102 4665 194 4714 Διὰ
245 4663 410 4729 λόγου
463 4661 734 4718 οἰκετικοῦ
763 4661 1078 4734 γεώργησον
1101 4664 1169 4717 τὰ
1201 4664 1334 4735 πρὸς
1359 4665 1458 4736 τὴν
1491 4667 1678 4736 χρείαν

102 4757 204 4816 τοῖς
241 4757 357 4815 σοῖς
387 4755 652 4821 κτήμασι.
688 4754 830 4825 Πρὸς
861 4754 1080 4817 τούτους
1109 4755 1254 4810 ἄλλοι
1291 4760 1493 4825 πτωχοὶ
1521 4756 1680 4810 ἀσθε-

101 4845 314 4906 ·.οῦντες
372 4845 466 4898 καὶ
518 4845 918 4915 κατακείμενοι.
947 4847 1212 4910 Ἕκαστος
1240 4848 1680 4919 περιεργαζέσθω

100 4939 217 4998 to};
256 4936 531 5002 γείτονας,
571 4936 660 5006 Μὴ
719 4937 862 5006 ἀφῇς
909 4937 1040 5007 παρ’
1065 4937 1222 4991 ἄλλου
1279 4937 1678 5010 θεραπευθῆναι

97 5028 182 5077 τον
211 5027 383 5094 ἐγγύς
424 5043 540 5078 σου.
575 5026 666 5096 Μὴ
696 5027 836 5098 λάϐῃ
863 5027 1019 5092 ἄλλος
1051 5028 1141 5084 τὸν
1170 5028 1441 5100 θησαυρὸν
1471 5031 1561 5083 τὸν
1588 5031 1669 5083 σοὶ

99 5120 527 5188 παρακείμενον.

161 5291 505 5362 Περίπτυξαι
550 5293 639 5344 τὸν
668 5293 1002 5364 κακούμενον
1044 5294 1119 5356 ὡς
1152 5295 1368 5366 χρυσόν.
1413 5296 1672 5364 Ἐναγκὰ·

94 5385 230 5436 λεῖαι
285 5385 384 5435 τὸν
432 5384 813 5454 κεκακωμένον
840 5383 913 5446 ὡς
938 5383 1035 5454 σὴν
1064 5384 1271 5452 ὑγείαν,
1302 5386 1376 5448 ὡς
1401 5387 1672 5456 σωτηρίαν

93 5475 372 5543 γυναικὸς,
424 5475 649 5537 τέκνων,
703 5473 956 5541 οἰκετῶν,
991 5475 1086 5527 καὶ
1127 5476 1305 5546 πάσης
1337 5477 1435 5546 τῆς
1476 5477 1669 5541 οἰκίας.

153 5657 167 5686 ¹
204 5655 313 5711 lsa.
343 5670 498 5716 LVIII,
528 5655 582 5716 4.
615 5653 735 5708 6-7.

149 5799 223 5866 (a)
254 5795 433 5851 Uncis
475 5791 682 5844 inclusa
705 5791 900 5845 desunt
926 5790 978 5844 in
1001 5789 1189 5843 Gneco
1221 5799 1386 5840 textu.

417 5886 690 5942 Pn'ImL.
730 5884 844 5942 Gn.
883 5884 1105 5944 XLVI.

1780 4661 1830 4714 ci
1865 4668 1920 4715 et
1955 4663 2189 4716 lunuana
2211 4664 2460 4720 oratione
2492 4665 2610 4724 usui
2637 4668 2943 4722 necessaria
2982 4683 3048 4723 ex
3105 4670 3214 4726 tuis
3265 4669 3344 4724 fa-

1777 4753 2072 4808 cultatibus
2101 4755 2475 4811 subministra.
2522 4757 2678 4826 Apud
2710 4767 2761 4812 te
2809 4760 3100 4815 multitudo
3138 4777 3344 4831 paupe-

1776 4860 1897 4900 rum
1935 4855 2099 4916 atque
2149 4847 2520 4918 languentium
2563 4849 2667 4906 sibi
2714 4850 3021 4921 profugiam
3080 4854 3338 4907 inveniat.

1777 4935 2020 5006 Quisque
2041 4937 2328 5007 diligenter
2351 4939 2653 4998 vicinorum
2678 4956 2864 4995 curam
2892 4949 3063 5011 gerat.
3089 4939 3341 4998 Studium

1778 5028 2123 5096 promerendi
2157 5029 2225 5083 de
2273 5031 2591 5099 propinquis
2626 5031 2720 5084 tibi
2759 5034 2828 5085 ab
2871 5033 2978 5085 alio
3021 5032 3235 5102 praeripi
3275 5047 3343 5084 ne

1777 5120 2078 5185 permittas.
2109 5116 2272 5182 Cave,
2311 5134 2381 5174 ne
2409 5120 2588 5192 capiat
2616 5121 2756 5176 alius
2785 5122 3097 5176 thesaurum
3137 5121 3345 5190 reposi-

1777 5215 1890 5261 tum
1924 5208 2042 5260 tibi.

1847 5299 2167 5354 Calamitate
2194 5298 2444 5356 affectum
2482 5311 2540 5356 ut
2565 5317 2758 5356 aurum
2813 5302 3196 5371 complectere.
3253 5300 3341 5355 ln-

1782 5390 1987 5443 firmam
2019 5392 2278 5462 pauperis
2306 5393 2671 5448 valetudinem
2705 5395 2777 5446 ita
2825 5393 2964 5457 fove,
3000 5405 3058 5447 ut
3084 5393 3135 5446 in
3172 5407 3233 5446 ea
3288 5399 3343 5446 et

1781 5479 2067 5534 sanitatem
2119 5489 2288 5546 tuam,
2344 5491 2397 5536 et
2458 5483 2685 5537 salutem
2717 5483 2925 5548 uxoris,
2969 5490 3022 5536 ct
3083 5481 3340 5550 filiorum,

2939 5881 3009 5938 15
