3844 6468
118 436 181 488 iiii
1205 428 1288 482 DE
1318 427 1758 485 PAUPERIBUS
1786 424 2109 482 AMANDIS.
3177 423 3283 478 δίέῖ

117 551 282 620 μέρεσιν
307 538 742 607 ἀποκεκριμένον,
768 541 862 592 καὶ¹
884 541 1161 610 προεστὼς
1185 542 1276 594 τοῦ
1304 542 1605 614 κριτηρίου.

1763 562 1767 594 ι
1802 528 1943 594 hanc
1978 537 2141 594 'vitam
2177 539 2432 609 ingressa:
2455 539 2588 602 sint,
2621 555 2742 610 qum
2767 539 2910 592 hunc
2937 538 3133 608 spiritu
3160 554 3281 592 aera

125 633 374 691 ‘Exa).ot'wto
402 629 456 681 δὲ
487 631 536 681 οἱ
573 630 672 698 μὲν
701 632 928 701 ἀρνειοὶ,
958 633 1070 685 ὅσοι
1115 635 1178 686 ἐκ
1219 633 1406 697 δεξιῶν
1430 653 1444 664 ·
1494 637 1610 703 ἐρί-

1765 633 1990 696 txerint,
2025 646 2146 699 qua!
2181 631 2321 684 hanc
2368 631 2499 687 solis
2541 631 2716 685 lucem
2771 632 3107 699 aspexerint,
3144 631 3283 684 duas

117 745 207 797 φους
225 725 271 777 δὲ
296 723 410 783 τοὺς
434 721 527 772 ἐπὶ
571 720 794 790 θάτερον
827 723 1054 792 ἤκουσα,
1087 725 1149 775 ἐκ
1173 727 1270 794 τῆς
1296 724 1610 794 ὁμοιότητος

1757 740 1766 776 ι
1800 732 1983 792 partes
2017 732 2328 792 segregatas
2366 721 2434 775 ad
2482 721 2722 776 tribunal
2768 720 2969 790 judicis
3015 720 3275 775 astitisse.

113 818 187 870 τῶν
208 814 412 883 τρόπων,
453 810 538 877 ἐφ’
575 811 800 874 ἑαυτοὺς
831 812 931 875 τὰς
961 815 1326 884 προσηγορίας
1353 815 1612 868 ἑλκύσαν-

1766 813 1890 866 udio
1917 829 2032 875 eos,
2057 813 2148 882 qui
2175 828 2203 864 a
2235 814 2430 867 dextra
2460 820 2609 875 sunt,
2643 828 2812 882 agnos
2836 814 3020 867 vocari
3047 831 3060 865 :
3090 812 3284 868 hmes

114 926 196 969 τας.
217 907 309 960 Καὶ
335 901 587 965 διαλέξεις
615 904 733 956 ἐκεῖ
754 902 847 955 τοῦ
879 903 1132 958 δικαστοῦ
1159 905 1294 975 πρὸς
1333 908 1459 969 τοὺς
1493 922 1611 976 κρι-

1765 905 1804 957 .ti
1833 919 1863 956 a
1897 905 2141 959 sinistra.
2168 901 2302 956 Nam
2327 919 2392 958 ex
2423 917 2639 957 morum
2673 902 3037 958 similitudine
3061 911 3283 956 sumunt

111 999 319 1067 ιιομένους,
363 995 452 1046 καὶ
478 993 801 1063 ἀποκρίσεις
822 995 929 1047 τῶν
961 997 1328 1065 εὐθυνομένων
1360 998 1494 1069 πρὸς
1521 998 1610 1052 τὸν

1766 996 2148 1063 »ρθιιιιιίοηθιη.
2181 996 2356 1050 Audio
2392 996 2502 1050 illic
2528 1010 2623 1050 eos
2661 996 3089 1066 interrogantem
3137 993 3284 1063 judi-

111 1085 296 1140 Βασιλέα.
352 1084 746 1154 Ἀπεκληροῦτο
793 1085 850 1137 δὲ
907 1087 1156 1150 ἑκάστοις
1197 1089 1262 1140 τά
1307 1090 1608 1161 πρόσφορα.

1766 1103 1850 1147 ειη,
1882 1093 1936 1140 et
1972 1087 2206 1141 rationes
2230 1087 2630 1142 conﬁcientem.
2687 1085 2868 1139 Audio
2901 1085 3031 1154 quid
3064 1085 3163 1152 ipsi
3197 1099 3284 1136 re-

109 1181 196 1240 Τοῐς
221 1177 302 1246 μὲν
323 1175 405 1227 τὸν
435 1175 656 1244 ἄριστον
687 1175 970 1244 βεϐιωκόσι
1000 1177 1136 1247 βίον,
1184 1178 1454 1248 βασιλείας
1481 1179 1616 1233 ἀπό-

1766 1177 2027 1246 pondeant
2055 1179 2205 1247 Regi.
2239 1177 2479 1247 Denique
2517 1193 2615 1246 pro
2643 1177 2756 1231 suis
2780 1191 3047 1246 quemque
3079 1175 3284 1228 meritis

110 1270 277 1329 λαυσις·
320 1268 424 1328 τοῖς
450 1265 507 1318 δὲ
538 1265 943 1336 μισανθρώποις
971 1269 1062 1322 καὶ
1096 1273 1350 1340 πονηροῖς
1377 1271 1616 1341 τιμωρία

1764 1277 1966 1322 rnatum
2004 1283 2193 1322 cerno.
2229 1267 2342 1323 lllis
2367 1269 2460 1338 qui
2493 1270 2619 1323 boni
2684 1266 3007 1337 benigniqne
3060 1267 3282 1325 fuerint.

111 1360 247 1427 mplq,
271 1357 356 1409 καὶ
382 1355 518 1424 αὕτη
549 1357 948 1420 διαιωνίζουσα.
981 1359 1183 1430 Γράφει
1211 1360 1268 1414 δὲ
1290 1360 1466 1414 πάντα
1498 1363 1616 1413 επι-

1772 1375 1878 1429 que
1926 1360 2131 1429 optime
2179 1359 2346 1413 vitam
2394 1360 2623 1430 egerint,
2675 1372 2887 1412 summa
2939 1366 2992 1411 et
3029 1365 3284 1425 perpetua

113 1448 257 1517 μελῶς,
297 1449 381 1501 καὶ
413 1448 638 1518 ἀκριὸὲς
682 1450 815 1520 ἡμῖν
845 1450 906 1503 τὸ
932 1450 1275 1522 δικαστήριον
1303 1453 1615 1523 ἀνεζωγραο

1764 1453 1870 1505 lies
1907 1452 2170 1504 tribuitur
2201 1452 2255 1504 in
2292 1466 2458 1520 regno
2486 1451 2695 1504 caelesti
2725 1467 2738 1502 :
2771 1448 3084 1502 inhumanis
3102 1457 3282 1499 autem

109 1539 209 1609 φήθη
237 1537 370 1608 παρά
406 1537 501 1590 τοῦ
532 1538 688 1605 λόγου
709 1580 724 1602 ,
778 1540 876 1592 οὐκ
909 1540 1065 1594 ἄλλου
1099 1559 1192 1594 του
1241 1541 1417 1612 χάριν,
1451 1540 1484 1612 ἢ
1519 1541 1612 1595 τοῦ

1763 1589 1765 1596 ι
1801 1542 2069 1609 improbis
2098 1542 2241 1610 ignis
2273 1540 2623 1610 supplicium,
2669 1540 2832 1608 idque
2872 1539 3281 1606 sempiternum.

108 1632 252 1699 μαθεῖν
273 1631 407 1700 ἡμᾶς
433 1631 680 1694 εὐποιίας
708 1632 1069 1701 χρηστότητα.
1115 1631 1263 1702 Αῦτη
1295 1633 1404 1702 γάρ
1446 1633 1612 1698 ἐστιν,

1767 1650 1844 1688 aee
1877 1634 2063 1688 omnia
2090 1633 2164 1688 ibi
2193 1633 2501 1702 diligenter,
2537 1639 2596 1684 ut
2623 1631 2796 1693 scitis,
2841 1638 2968 1683 sunt
3000 1630 3283 1699 explicata.

105 1725 126 1791 ἡ
151 1723 219 1774 τὸν
247 1722 346 1792 βίον
378 1722 698 1792 συνέχουσα,
749 1724 932 1793 μήτηρ
959 1723 1068 1778 τῶν
1095 1725 1426 1793 πενομένων,
1467 1723 1614 1778 διδά-

1769 1738 1833 1778 on
1867 1725 1970 1776 alia
2002 1731 2182 1776 autem
2223 1722 2290 1776 de
2317 1736 2480 1776 causa
2510 1719 2776 1789 judicium
2810 1718 2943 1772 illud
2991 1729 3097 1772 tant
3129 1733 3287 1771 accu-

106 1813 249 1875 σκαλος
270 1813 368 1864 τῶν
393 1813 682 1874 πλουσίων,
727 1813 903 1884 ἀγαθὴ
949 1815 1331 1885 κουροτρόφος,
1380 1814 1617 1885 πρεσϐυ-

1767 1825 1834 1867 ita
1870 1813 2118 1868 oratione
2176 1821 2435 1882 tanquam
2497 1811 2749 1880 penicillo
2805 1809 3073 1885 depictum
3128 1807 3285 1860 nobis

104 1904 229 1972 :épwv
254 1905 567 1974 γηροκόμος,
599 1907 821 1974 ταμεῖον
849 1905 956 1958 τῶν
981 1905 1268 1975 δεομένων,
1306 1906 1481 1968 κοινὸς
1504 1907 1612 1960 τῶν

1777 1912 1847 1959 tte
1879 1906 2072 1958 oculos
2117 1903 2353 1972 positum
2386 1918 2508 1956 esse
2549 1899 2895 1955 crediderim.
2932 1883 3033 1952 nisi
3073 1905 3129 1949 ut
3165 1911 3287 1965 per-

105 1994 378 2063 meou'vtmv
405 1993 590 2066 λιμὴν,
647 1997 848 2058 πάσαις
892 1996 1128 2066 ἡλικίαις
1159 1998 1255 2050 καὶ
1309 1999 1612 2068 συμφοραῖς

1775 2011 1997 2051 scamus
2037 1994 2486 2055 beneﬁcentiam,
2526 2001 2580 2046 et
2612 1991 2996 2060 benignitatem
3052 1987 3288 2056 comple-

104 2087 172 2155 τὴν
192 2089 267 2154 ἀφ’
290 2089 479 2158 ἑαυτῆς
511 2089 804 2158 μερίζουσα
839 2090 1115 2156 πρόνοιαν.

1773 2103 1950 2142 amur.
2000 2084 2125 2141 Haec
2157 2086 2303 2139 enim
2351 2092 2433 2137 est
2480 2099 2600 2152 quae
2638 2082 2879 2134 continet
2929 2080 3113 2130 vitam.
3160 2077 3287 2128 llzec

101 2192 159 2235 est
173 2198 436 2251 pauperum
477 2198 666 2246 mater,
699 2183 958 2252 magistra
989 2183 1242 2248 divitum,
1263 2184 1404 2238 bona
1428 2184 1757 2256 pupillorum
1787 2183 1994 2248 nutrix,
2026 2179 2402 2235 conservatrix
2427 2192 2638 2236 senum,
2665 2176 2936 2244 egentium
2960 2187 3288 2242 penu,com-

100 2274 236 2327 munis
263 2275 578 2328 miserorum
613 2283 828 2343 portus.
875 2275 1118 2327 omnium
1146 2285 1364 2329 aetatum
1389 2290 1574 2329 curam
1609 2289 1824 2345 gerens.
1861 2273 2118 2326 omnibus
2150 2271 2411 2325 aerumnis
2439 2277 2491 2322 et
2521 2266 2927 2329 calamitatibus
2972 2263 3285 2316 consulens.

168 2367 224 2428 Ως
251 2365 350 2436 γὰρ
374 2365 422 2417 οἱ
452 2363 783 2432 ἀγωνοθέται
819 2366 918 2432 τῆς
946 2365 1318 2436 ματαιότητος,
1350 2367 1455 2420 ὑπὸ
1486 2366 1616 2421 σάλ·

1793 2363 2259 2429 Quemadmodum
2284 2362 2426 2416 enim
2454 2359 2553 2423 illi,
2584 2360 2676 2427 qui
2714 2359 2765 2410 in
2823 2356 3077 2409 vanitatis
3118 2366 3289 2408 certa-

99 2473 245 2522 πιγγος
268 2458 357 2525 τὴν
383 2457 590 2510 ἑαυτῶν
622 2455 924 2525 φιλοτιμίαν
953 2456 1323 2526 σημαίνοντες,
1347 2460 1478 2511 πᾶσι
1505 2460 1616 2522 τοῖς

1769 2457 1963 2510 ιῑηίὺυε
2023 2454 2242 2524 przetttia
2300 2459 2651 2522 proponunt,
2724 2448 2849 2501 tuba
2914 2447 3287 2500 liberalitatem

97 2549 164 2614 τῆς
183 2547 499 2618 παλαίστρας
550 2547 648 2616 τὴν
677 2545 774 2598 τοῦ
804 2545 1032 2598 πλούτου
1065 2546 1323 2617 διανομὴν
1352 2548 1615 2617 ἐπαγγέλ-

1771 2564 1878 2602 tam
1907 2547 2298 2618 signiﬁcantes.
2332 2543 2586 2598 omnibus
2618 2543 2670 2620 in
2708 2542 2957 2610 palaestra
3002 2538 3289 2592 decertan-

97 2634 228 2687 λινται
253 2651 264 2663 ·
293 2635 462 2699 οὕτως
492 2638 524 2705 ή
553 2636 787 2701 εὐποιία,
816 2635 1056 2699 ἅπαντας
1079 2636 1215 2708 πρὸς
1243 2637 1439 2710 ἑαυτὴν
1461 2639 1615 2692 καλεῖ

1772 2641 1868 2694 bus
1903 2639 2149 2709 pecuniae
2177 2635 2515 2706 largitionem
2541 2632 2865 2702 pollicentur
2894 2639 3055 2698 atque
3082 2629 3290 2682 denun-

93 2727 182 2786 τοὺς
207 2728 255 2776 ἐν
277 2726 578 2788 δυσκολίαις
610 2726 704 2778 καὶ
733 2726 1116 2796 περιστάσεσιν
1137 2768 1152 2792 ,
1196 2728 1256 2779 οὐ
1285 2727 1505 2798 πληγῶν
1536 2746 1611 2781 τι-

1771 2740 1898 2784 ant:
1949 2731 2027 2784 sic
2068 2730 2183 2797 ipsa
2233 2724 2588 2779 beneficentia
2633 2737 2820 2774 omnes
2869 2721 2922 2773 in
2978 2720 3210 2774 miseriis
3236 2729 3289 2772 ct

97 2815 168 2881 μὰς
195 2819 288 2878 τοῖς
321 2817 656 2884 προσιοῦσιν,
686 2817 820 2869 ἀλλὰ
848 2818 1139 2888 συμφορῶν
1182 2820 1474 2889 θεραπείας
1523 2837 1615 2890 με-

1768 2821 2126 2875 alatnitatibus
2159 2819 2363 2888 positos
2404 2816 2469 2867 ad
2505 2830 2564 2868 se
2613 2821 2791 2871 vocat.
2841 2827 2946 2864 non
3003 2813 3286 2864 vulnerum

95 2904 284 2970 ρίζουσα.
315 2904 468 2956 Ἐστι
494 2905 551 2958 δὲ
576 2900 735 2977 αὕτη,
758 2907 936 2975 πάσης
957 2908 1346 2976 ἐπαινουμένης
1371 2908 1613 2978 πράξεως

1771 2955 1773 2962 ,
1811 2916 2086 2983 plagarum
2117 2911 2356 2980 pra-mia,
2391 2908 2485 2962 sed
2506 2919 2872 2960 aerumnarum
2904 2911 2957 2957 et
2992 2905 3289 2955 inrommoé

95 2994 362 3065 ὑψηλοτέρα,
412 2996 550 3050 Θεοῦ
605 2996 900 3067 πάρεδρος,
951 2997 1044 3049 τοῦ
1090 2997 1290 3065 ἀγαθοῦ
1322 2998 1482 3066 φίλη,
1525 2999 1613 3052 καὶ

1771 3021 1912 3057 )rnm
1945 3002 2184 3057 remedia
2215 3009 2269 3055 et
2299 3000 2634 3055 curationem
2669 2996 3053 3050 accedentibus
3091 2997 3289 3058 imper-

93 3086 244 3156 miliqv
271 3088 402 3158 πρὸς
429 3089 593 3140 αὑτὸν
634 3089 732 3158 τὴν
763 3089 1033 3141 οἰκείωσιν
1065 3088 1279 3158 ἔχουσα.
1332 3090 1484 3142 Οὕτω
1535 3107 1611 3142 τοι

1770 3111 1882 3148 ens.
1919 3093 2042 3147 Haec
2075 3101 2156 3145 est
2187 3091 2429 3144 omnium
2462 3090 2800 3141 laudatarum
2837 3087 3110 3140 actionum
3155 3101 3288 3154 pta:—

93 3176 172 3245 πρὶν
195 3179 395 3231 πάντων
422 3180 523 3241 τὰς
547 3179 756 3247 ἀγαθὰς
796 3180 890 3231 καὶ
924 3180 1334 3252 φιλανθρώπους
1368 3180 1611 3250 πράξεις,

1771 3185 2073 3239 antissima.
2111 3184 2234 3237 llazc
2268 3183 2473 3237 assidet
2506 3180 2636 3244 Deo,
2692 3187 2744 3233 et
2787 3194 2978 3246 magna
3034 3184 3118 3231 cst
3164 3190 3288 3228 cum

91 3269 213 3332 αὐτὸς
235 3272 260 3322 ὁ
285 3270 413 3334 Θεὸς
453 3274 585 3341 ἡμῖν
611 3271 926 3342 αὑτουργῶν
955 3272 1308 3339 ἀναφαίνεται
1337 3289 1350 3304 ’
1387 3271 1484 3341 τὴν
1507 3274 1609 3342 γὰρ

1771 3294 1836 3331 so
1897 3277 2298 3331 necessitudine
2364 3276 2675 3340 conjuncta.
2734 3272 2826 3324 Sic
2885 3278 3065 3324 autem
3120 3269 3289 3322 Deum

91 3359 222 3412 κτίσιν
263 3363 358 3431 τῆς
407 3364 531 3433 γῆς,
580 3363 674 3415 καὶ
699 3364 799 3435 τὴν
828 3362 921 3415 τοῦ
971 3363 1199 3433 οὐρανοῦ
1237 3363 1609 3434 διακόσμησιν,

1776 3384 1894 3420 sum
1929 3370 2086 3423 nobis
2115 3368 2380 3430 omnium,
2417 3382 2538 3435 quae
2583 3373 2730 3419 recte
2785 3364 3118 3432 benigneque
3152 3361 3289 3416 faci-

92 3453 155 3502 tui
193 3453 280 3524 τὴν
329 3453 594 3509 εὔτακτον
641 3455 938 3526 ἐναλλαγὴν
971 3455 1076 3508 τῶν
1113 3456 1288 3526 ὡρῶν,
1329 3456 1420 3508 καὶ
1465 3456 1610 3526 ἡλίου

1778 3476 1860 3520 us,
1882 3460 2148 3528 imprimis
2175 3469 2452 3512 auctorem
2476 3458 2895 3524 etiectoremqne
2915 3469 3034 3508 esse
3055 3459 3287 3507 constat.

90 3539 347 3614 θερμότητα
372 3586 386 3607 ,
446 3549 542 3599 καὶ
575 3546 906 3617 κρυστάλλου
940 3545 1151 3612 γένεσιν
1185 3546 1477 3615 ψύχουσαν,
1522 3546 1608 3599 καὶ

1779 3549 1995 3617 quidem
2024 3559 2077 3603 et
2110 3558 2308 3604 terram
2342 3549 2649 3618 procreavit
2680 3556 2733 3601 et
2771 3554 3022 3599 ornatum
3052 3547 3174 3598 cceli
3207 3544 3292 3598 fa-

91 3634 223 3687 πάντα
263 3637 325 3690 τὰ
379 3638 504 3690 καθ’
537 3638 784 3701 ἕκαστον,
834 3639 934 3691 οὐκ
981 3639 1142 3696 αὐτὸς
1187 3637 1362 3706 ἐαυτῷ
1415 3641 1442 3690 ό
1487 3636 1609 3701 Θεὸς

1774 3643 1964 3696 'icatus
1987 3651 2091 3705 est,
2125 3653 2178 3696 et
2203 3650 2506 3711 temporum
2535 3641 2944 3696 vicissitudines
2983 3638 3196 3702 statuit,
3239 3645 3292 3692 et

89 3723 100 3782 i
106 3722 365 3796 ἀπροσδεὴς
384 3726 497 3796 γὰρ
519 3725 625 3780 τῶν
640 3726 893 3782 τοιούτων
911 3730 1158 3792 ἐκεῖνος),
1178 3727 1288 3779 ἀλλ’
1313 3728 1450 3798 ὑπὲρ
1463 3728 1607 3799 ἡμῶκ

1766 3733 1850 3786 llis
1899 3734 2136 3787 calorem
2187 3741 2241 3787 et
2289 3733 2482 3802 glaciei
2536 3733 2950 3801 refrigerantem
3007 3739 3284 3790 naturam,

90 3810 302 3882 διηνεκῶς
334 3819 552 3887 ἐνεργεῖ
571 3833 584 3846 ·
621 3819 866 3889 γεωργὸς
895 3820 1120 3890 ἀόρατος
1147 3820 1247 3889 τῆς
1277 3821 1384 3872 τῶν
1409 3820 1608 3891 ἀνθρώ-

1775 3824 1899 3876 nnia
1930 3824 2164 3894 denique
2204 3823 2346 3877 Dens
2403 3824 2540 3892 ipse,
2587 3837 2694 3875 non
2732 3821 2858 3882 sibi.
2915 3835 3038 3873 eum
3088 3818 3293 3872 nullius

89 3920 173 3956 των
191 3909 408 3978 τροφῆς,
445 3911 680 3980 σπορεὺς
704 3909 954 3982 εὔκαιρος
992 3913 1085 3963 καὶ
1114 3911 1370 3982 ὀχετηγὸς
1397 3914 1607 3982 ἐπιστή-

1775 3931 1916 3968 )rum
1950 3915 2208 3985 indigeat,
2243 3915 2338 3970 sed
2397 3914 2553 3967 nobis
2606 3912 2949 3966 continenter
2988 3917 3207 3979 praestat
3242 3919 3293 3962 et

90 3993 365 4064 μων.οῦτος
393 4002 526 4071 γὰρ,
547 4001 686 4054 κατὰ
714 4002 802 4055 τὸν
832 4003 1079 4066 Ἡσαΐαν,
1108 4003 1287 4056 δίδωσι
1306 4005 1522 4074 σπέρμα
1544 4004 1608 4075 τᾷ

1771 4013 2041 4060 tnservat:
2069 4020 2191 4058 nam
2217 4005 2448 4058 mirabili
2471 4004 2705 4073 quadam
2733 4004 2944 4056 ratione
2975 4000 3289 4054 mortalium

88 4091 352 4158 σπείροντι,
411 4095 508 4146 καὶ
553 4094 612 4145 τὸ
643 4093 785 4164 ὕδωρ
817 4097 879 4147 ὲκ
923 4095 1179 4164 νεφελῶν,
1226 4095 1320 4149 νῦν
1355 4097 1452 4166 μὲν
1488 4099 1606 4169 ἠρε-

1775 4098 1892 4151 :iem
1920 4095 2213 4166 eﬁ‘ugiente
2246 4095 2450 4165 praebet
2495 4095 2811 4170 hominibus
2864 4092 3144 4154 alimenta,
3206 4105 3293 4143 se-

89 4180 208 4242 μαῖον
252 4181 562 4253 έπιρῤαίνει
598 4185 663 4252 τῇ
701 4185 770 4252 γῇ
793 4222 807 4247 ,
862 4183 1024 4236 πάλιν
1054 4184 1111 4236 δὲ
1160 4184 1357 4254 λάϐρον
1400 4189 1607 4255 καταχεῖ

1781 4189 1938 4243 inans
1968 4199 2295 4258 opportune,
2327 4196 2382 4242 et
2415 4189 2652 4242 scienter
2680 4187 2938 4255 irrigans.
2969 4181 3087 4252 lpse
3117 4182 3290 4244 enim,

83 4268 161 4319 τῶν
187 4271 454 4326 αὒλάκων.
487 4273 654 4325 ’Ὀταν
681 4273 736 4326 δὲ
768 4271 972 4344 αὐξηθῇ
1004 4274 1074 4326 τὰ
1101 4275 1226 4343 λήῖα
1257 4276 1350 4327 παλ¹
1379 4275 1601 4346 παρέλθ]

1778 4291 1786 4331 ‘.
1821 4279 2013 4333 scribit
2055 4267 2288 4342 Isaias“,
2321 4280 2414 4333 dat
2443 4294 2628 4335 semen
2677 4280 2901 4339 serenti,
2934 4283 2986 4330 et
3025 4290 3088 4328 ex
3138 4273 3296 4326 nubi-

84 4359 126 4407 τδ
150 4361 512 4432 χλοαινόμενον
532 4404 546 4427 ,
598 4363 696 4427 τὰς
746 4366 970 4433 νεφέλας
1004 4365 1386 4428 ἀποσκεδάζων
1412 4366 1506 4417 τοῦ
1533 4368 1602 4419 οὑκ

1766 4386 1825 4424 us
1859 4387 2005 4424 nunc
2035 4371 2234 4424 sensim
2274 4371 2499 4425 imbrem
2533 4371 2734 4426 emittit
2775 4370 2831 4422 in
2870 4376 3096 4428 terram,
3137 4377 3284 4418 nunc

84 4452 213 4514 ρσνοῦ
258 4455 492 4518 παντὸς,
546 4456 666 4509 τότε
711 4456 1167 4526 προκαλύμματος
1207 4456 1410 4525 γυμνὸν
1443 4457 1602 4510 αὐτοῖς

1774 4471 1904 4513 item
1938 4462 2214 4516 sulcorqu
2253 4462 2420 4515 latera
2473 4469 2526 4517 et
2551 4470 2702 4516 toros
2745 4459 2962 4513 abunde
2997 4455 3292 4528 perfundit.

86 4542 413 4613 ἐφίστησιτδν
448 4546 618 4615 ἣλιον,
649 4546 856 4617 θερμὴν
885 4549 979 4600 καὶ
1020 4547 1262 4617 ἔμπυρον
1295 4547 1604 4601 διατείνοντσ

1777 4553 1913 4608 tubi
1959 4562 2169 4623 segetes
2216 4554 2512 4617 creverint,
2567 4561 2620 4607 et
2675 4552 2923 4606 viriditas
2975 4550 3295 4604 accesserit.

83 4627 157 4698 τήν
181 4632 389 4696 ἀκτῖνα,
427 4635 519 4686 ἵνα
550 4633 740 4704 ὡραῖοι
768 4635 1030 4701 γένωνται
1053 4633 1186 4706 πρὸς
1212 4634 1382 4702 τομὴν
1417 4633 1464 4684 οἱ
1497 4634 1601 4686 στάς

1780 4662 1843 4700 nc
1872 4648 2120 4716 disjectis
2172 4647 2569 4718 dissipatisque
2623 4647 2885 4709 nubibus,
2928 4643 2997 4699 ab
3037 4642 3298 4697 omnibus

84 4737 200 4786 χυες.
1717 4736 2108 4807 integumentis
2143 4739 2349 4792 nudum
2399 4749 2452 4792 et
2485 4750 2728 4806 apertum
2780 4736 2915 4806 ipsis
2960 4739 3198 4789 ostentat
3247 4738 3298 4782 et

83 4814 290 4874 immittit
327 4822 530 4883 solem,
564 4827 621 4873 ut
651 4820 850 4874 calidis
899 4827 1062 4889 atque
1132 4820 1452 4877 ardentibus
1515 4822 1687 4892 ipsius
1726 4831 1897 4888 radiis
1960 4833 2242 4904 tepefacta:
2284 4833 2600 4903 perveniant
2656 4833 2721 4885 ad
2800 4831 3194 4884 maturitatem.
3249 4833 3301 4877 et

83 4923 381 4978 opportunas
413 4916 482 4969 ad
517 4915 826 4970 metendum
856 4915 1037 4982 spicas
1063 4914 1381 4969 exhibeant.

136 5005 314 5074 Τρέφει
347 5008 449 5060 καὶ
467 5007 728 5078 ἄμπελον,
758 5009 876 5070 ταῖς
901 5005 1069 5077 ῶραις
1096 5005 1172 5076 τῷ
1196 5007 1416 5076 διψῶντι
1443 5006 1504 5060 τὸ
1526 5026 1621 5060 πο-

1798 5005 1982 5072 Quid?
2006 5009 2151 5078 quod
2172 5010 2336 5062 vitem
2369 5009 2530 5062 etiam
2559 5009 2782 5073 enutrit,
2812 5017 2975 5077 atque
3005 5009 3076 5060 ita
3102 5007 3295 5061 idoneo

80 5094 149 5145 ὠν
172 5098 535 5165 εὖτρεπίζων·
577 5098 671 5150 καὶ
716 5096 915 5165 ἀγέλας
955 5099 1088 5166 ἡμῖν
1126 5097 1316 5166 τρέφει
1354 5098 1598 5168 διαφόρω

1775 5113 1972 5166 rmpore
1999 5099 2311 5154 sitientibus
2347 5110 2528 5168 potum
2565 5100 2771 5153 tribuit.
2810 5098 2996 5164 Quid?
3031 5099 3174 5166 quod
3206 5114 3293 5149 va-

81 5188 240 5252 γενῶν,
262 5191 349 5243 ἵνα
385 5192 610 5263 ὑπάρχῃ
625 5192 736 5253 τοῖς
763 5187 1067 5260 ἀνθρώποις
1096 5188 1323 5258 ἄφθονον
1355 5191 1502 5260 ὄψον,
1526 5208 1597 5243 κα

1781 5203 1811 5240 a
1848 5179 1973 5242 item
2013 5190 2111 5242 alit
2156 5191 2474 5243 animalium
2513 5205 2734 5257 genera,
2776 5198 2834 5242 ut
2883 5189 3193 5243 hominibus
3241 5195 3294 5241 et

79 5278 163 5329 τῶν
181 5283 270 5350 μὲν
297 5286 354 5337 αἱ
385 5284 563 5353 δοραὶ,
581 5282 723 5354 ἔριον
751 5281 1110 5352 γεωργοῦσαι,
1137 5280 1234 5351 τὴν
1257 5281 1463 5351 σκέπην
1487 5292 1597 5352 παρ

1775 5293 1924 5333 πιιθδ
1957 5272 2024 5332 ad
2065 5281 2413 5343 vescendum,
2444 5289 2497 5334 et
2538 5281 2724 5350 pelles.
2760 5295 2880 5348 quae
2933 5279 3110 5331 lanam
3163 5293 3293 5346 sup-

80 5368 230 5438 ἐχωσι,
282 5377 395 5427 τῶν
445 5375 523 5438 δὲ,
566 5373 635 5427 τὰ
663 5373 986 5442 ὑποδήματα
1023 5373 1152 5442 ἡμῖν
1187 5372 1598 5442 ἀπεργάζωνται

1773 5369 1974 5422 editant
2000 5371 2065 5424 ad
2092 5370 2505 5440 protegendum,
2524 5378 2578 5424 et
2608 5373 2672 5424 ad
2704 5380 2883 5423 vestes
2907 5368 3291 5430 conﬁciendas,

87 5461 220 5533 Ὁρᾷς
247 5468 329 5519 ὅτι
375 5467 592 5540 πρῶτος
636 5464 869 5536 ἐραστὴς
918 5463 1165 5525 εὐποιίας
1207 5463 1234 5514 ὁ
1276 5463 1408 5526 Θεὸς
1434 5507 1447 5527 ,
1485 5464 1605 5516 οὕτω

1776 5471 1784 5513 t
1829 5462 1897 5514 ad
1933 5463 2279 5517 consuendos
2313 5463 2527 5517 calceos
2576 5463 2867 5532 praebeant.
2921 5461 3114 5515 Cernis
3159 5476 3294 5530 quo-

81 5557 262 5626 τρέφων
304 5560 403 5611 τὸν
444 5559 733 5625 πεινῶντα,
770 5559 862 5611 καὶ
889 5558 1121 5622 ποτίζων
1149 5559 1238 5611 τὸν
1255 5557 1506 5626 διψῶντα,
1535 5575 1599 5609 κα

1775 5551 1886 5606 ιοάο
1912 5552 2124 5620 primus
2159 5552 2526 5607 beneﬁcentiae
2555 5560 2744 5606 auctor
2775 5561 2830 5606 et
2853 5553 3005 5622 origo
3036 5552 3107 5606 sit
3130 5549 3293 5611 Deus,

75 5644 349 5715 ἀμφιεννὶις
381 5651 476 5704 τὸν
507 5651 731 5722 γυμνὸν,
762 5652 838 5714 ὼς
868 5650 1206 5724 προείρηται.

1776 5643 2058 5698 ιιιτίεηιθιιι
2107 5644 2396 5706 nutriens,
2451 5644 2657 5700 sitienti
2715 5643 2951 5714 largiens
2992 5651 3200 5713 potum.
3241 5649 3294 5694 et

1740 5736 1945 5791 nudum
1976 5739 2250 5809 operiens,
2286 5749 2341 5791 ut
2372 5747 2495 5793 ante
2522 5738 2776 5792 diximus.

128 5841 143 5872 ⁸
173 5846 272 5901 lsa.
313 5865 407 5909 Lv.
449 5849 528 5903 10.
