3844 6432
127 332 207 387 465
1244 332 1331 386 ne
1366 300 1806 390 paupertinus
1838 329 2165 391 ΑΜΑΝιιιε.
3224 327 3328 382 466

125 452 301 520 ὑπάρχῃ
344 445 503 500 εἰκὼν
540 447 640 517 τῆς
671 448 894 520 πρώτης
923 452 1016 503 καὶ
1048 451 1324 523 ἀκηράτου
1352 453 1444 505 καὶ
1474 453 1643 523 πάντα

1860 454 2090 533 νὶηιιιθε
2130 466 2260 512 sunt
2289 459 2399 512 Deo
2429 458 2778 529 gratissimae:
2802 471 2923 527 quae
2950 456 2996 510 si
3020 452 3180 521 cujus
3212 451 3350 525 ani-I

123 543 217 594 νοῦν
244 535 663 610 ὑπερϐαινούσης
681 540 885 604 οὐσίας.
913 543 1023 613 Τῆς
1047 543 1101 595 δὲ
1134 544 1366 613 σπουδῆς
1394 543 1452 596 τὸ
1479 544 1641 615 πέρας

1818 563 1905 601 um
1932 548 2279 615 incoluerint,
2310 567 2432 605 eum
2472 552 2716 605 divinum
2750 548 3008 613 eﬂiciunt',
3033 555 3088 601 et
3115 557 3332 599 summo

123 634 268 686 ὁποῖον
298 622 596 698 ἐγγυῶνται
621 649 635 695 ;

1813 636 1847 690 li
1882 637 2024 692 bono
2062 656 2224 710 quam
2273 640 2610 695 simillimum
2647 637 2903 701 reddunt,
2940 636 3076 690 adeo
3118 644 3178 686 ut
3218 631 3331 701 pri-

123 741 199 778 ma:
227 724 361 778 illius
390 734 551 793 atque
577 726 903 779 hnmortalis
937 734 990 781 et
1026 736 1258 783 mentem
1294 745 1510 784 onmem
1552 732 1865 799 superantis
1924 742 2131 787 naturae
2164 736 2457 803 decoretur
2490 733 2748 803 imagine.
2806 730 2875 783 At
2902 729 3163 800 'qualem.
3217 732 3334 776 stu-

122 818 179 867 dii
209 816 503 885 laborisque
540 815 699 872 ﬁnem
734 819 1097 886 pollicentur?
3283 864 3287 866 ~

186 906 422 961 Ἐνταῦθα
458 909 559 979 μὲν
602 906 772 979 καλὴν
809 911 1017 974 ἐλπίδα,
1071 930 1163 965 και
1194 912 1519 985 προσδοκίαν
1559 912 1651 966 εύ-

1830 908 1983 963 Nunc
2003 910 2222 980 quidem
2255 909 2573 979 praeclaram
2607 923 2781 976 spem,
2805 914 2858 961 et
2890 906 3091 960 lmtitiae
3118 905 3328 974 plenam

124 999 406 1069 φραίνουσαν
431 1014 451 1028 "
498 1001 554 1052 ὲν
600 1000 657 1053 δέ
697 1003 809 1063 τοῖς
860 1002 1075 1067 ἔπειτα,
1127 1005 1252 1056 ὅταν
1296 1005 1392 1073 τὴν
1429 1004 1642 1074 ῥέουσαι

1814 1002 2254 1069 Lspectationem;
2291 1011 2411 1070 post
2445 1007 2625 1052 autem
2664 998 2883 1069 quando
2922 996 3080 1050 istius
3112 994 3332 1048 assidue

123 1090 284 1161 ταύτην
307 1090 808 1159 ἀποσκευασάμενοι
832 1091 1029 1164 σάρκα,
1057 1094 1153 1164 τὴν
1183 1096 1488 1166 ἀφθαρσίαν
1526 1112 1641 1165 μετ-

1815 1092 1977 1146 tentis
2005 1093 2190 1147 carnis
2230 1091 2419 1161 spoliis
2448 1090 2595 1144 exuti
2634 1087 3100 1142 immortalitatem
3143 1085 3333 1139 indue-

124 1177 441 1248 ενδδσὼμεθα,
490 1182 763 1250 μακαρίαν
825 1183 1001 1252 ζωὴν,
1046 1184 1276 1255 ἄληκτον
1325 1186 1415 1239 καὶ
1458 1185 1642 1239 ἀνώλε·

1811 1198 1952 1247 mus,
2007 1182 2172 1237 vitam
2220 1182 2456 1246 beatam,
2516 1180 2724 1234 nullum
2784 1177 2945 1232 finem
3001 1174 3329 1234 habituram,

124 1272 240 1341 θρον,
273 1273 325 1323 ἐν
368 1271 707 1341 θαυμασταῖς
738 1290 846 1325 τισι
880 1276 972 1326 καὶ
1014 1274 1109 1328 νῦν
1141 1277 1199 1329 οὐ
1228 1276 1642 1347 γινωσκομέναις

1812 1274 1925 1328 illis
1964 1274 2122 1328 malis
2150 1273 2468 1337 obnoxiam,
2498 1273 2553 1326 in
2599 1269 2828 1325 summis
2870 1276 2925 1322 et
2974 1263 3330 1325 admirandis,

124 1364 221 1431 ἡμῖν
247 1360 552 1425 εὐπαθείαις
586 1362 1047 1434 ηὑτρεπισμένην.

1814 1381 1988 1435 neque
2021 1366 2109 1420 hic
2163 1383 2192 1420 a
2238 1366 2397 1420 nobis
2437 1364 2749 1435 cognitione
2785 1356 3172 1428 comprehendi
3223 1371 3332 1408 non

1754 1465 2006 1527 possunt,
2044 1456 2351 1511 versantem
2387 1456 2599 1525 gaudiis
2626 1462 2680 1509 et
2724 1451 3117 1522 voluptatibus.

174 1531 357 1584 Οὐκοῦν
381 1533 429 1583 ot
464 1532 671 1600 λογικοὶ
700 1533 1027 1597 κτισθέντες,
1056 1536 1150 1587 καὶ
1177 1535 1267 1587 τὸν
1289 1534 1411 1587 νοῦν
1445 1535 1655 1604 ἔχοντες

1828 1546 1939 1604 Vos
1974 1550 2161 1620 igitur,
2191 1550 2281 1620 qui
2319 1550 2529 1603 ratione
2551 1545 2787 1617 praediti,
2825 1552 2879 1597 et
2912 1551 3094 1597 mente
3148 1555 3328 1594 rerum

121 1622 202 1673 τῶν
226 1621 369 1673 θείων
397 1623 642 1693 ἑρμηνέα
684 1624 775 1676 καὶ
800 1624 1113 1695 παιδευτὴν,
1149 1625 1222 1696 μὴ
1248 1628 1359 1689 τοῖς
1391 1626 1639 1697 προσκαί-

1816 1639 2063 1693 vinarum
2095 1642 2392 1708 interprete
2420 1655 2481 1691 ac
2506 1637 2769 1707 magistra
2804 1628 3047 1688 deCorati
3078 1632 3233 1693 estis,
3268 1646 3334 1682 ne

121 1732 210 1783 ροις
231 1712 561 1783 δελεασθῆτε.
611 1714 892 1784 Κτήσασθε
918 1715 974 1768 δὲ
998 1716 1067 1768 τά
1095 1715 1361 1785 μηδέποτε
1387 1717 1639 1787 καταλιμ-

1818 1731 2004 1799 ιιιιιιεο)
2033 1746 2127 1784 vos
2170 1746 2349 1783 rerum
2391 1730 2659 1781 lluxarum
2707 1736 2759 1780 et
2799 1725 3135 1779 caducarum
3184 1720 3336 1772 blan-

121 1806 317 1856 πάνοντα
350 1804 439 1891 τὸν
488 1805 828 1875 κτησάμενον
851 1821 864 1835 ·
912 1805 1128 1875 όρίσατε
1166 1805 1338 1878 μέτρα
1363 1810 1427 1878 τῇ
1460 1810 1639 1879 χρήσει

1815 1822 1901 1877 tiis
1926 1821 2167 1886 deliniri,
2195 1830 2249 1874 et
2280 1830 2540 1891 tanquam
2575 1826 2701 1873 esca
2733 1816 2865 1869 illici
2897 1825 2951 1868 et
2997 1814 3119 1883 capi
3160 1812 3333 1881 patia-

118 1894 188 1946 τοῦ
214 1876 461 1979 3609.th
507 1896 687 1948 πάντα
721 1896 962 1968 ὑμέτερα
990 1913 1004 1927 ο
1033 1896 1167 1949 ἀλλὰ
1199 1876 1360 1967 μέρος
1554 1876 1636 1953 ’καὶ

1816 1908 1906 1963 ini.
1959 1907 2400 1979 Complectimini
2448 1924 2597 1971 eum,
2663 1908 2757 1976 qui
2838 1903 3209 1973 pessidentem
3278 1917 3334 1953 se

118 1990 199 2039 τῶν
240 1989 479 2059 πενήτων
532 1988 640 2040 τῶν
669 1989 969 2058 ἀγαπητῶν
1002 1988 1095 2041 τοῦ
1132 1990 1285 2043 Θεοῦ.
1338 1990 1520 2045 Πάντα
1546 1991 1636 2063 γὰρ

1815 2014 2028 2069 inquam
2060 2010 2142 2055 est
2185 1999 2583 2065 derelictui-us;
2634 1997 2759 2051 usui
2799 1997 2924 2048 vltze
2964 1993 3181 2047 modum
3233 1993 3333 2044 im-

118 2080 188 2133 τοῦ
212 2080 334 2133 Θεοῦ
375 2080 469 2132 τοῦ
504 2079 680 2134 κοινοῦ
711 2081 941 2152 Πατρός.
994 2080 1183 2151 Ἡμεῖς
1217 2081 1272 2134 δὲ
1320 2080 1537 2151 ἀδελφοὶ
1578 2082 1636 2144 ὡς

1813 2078 2071 2159 ιιιίιε.ζΝθ
2095 2092 2277 2144 omnia
2322 2099 2505 2144 vestra
2531 2088 2864 2143 existimate.
2905 2085 2987 2139 Sit
3020 2100 3147 2152 pars
3171 2084 3331 2135 etiam

115 2170 351 2239 ὁμόφυλοι·
370 2170 633 2239 ἀδελφοὺς
653 2170 727 2236 δὲ,
746 2172 804 2224 τὸ
828 2174 925 2241 μὲν
947 2172 1163 2243 ἄριστον
1180 2172 1273 2225 καὶ
1297 2171 1629 2244 δικαιότερον

1818 2198 2076 2252 λιιρρινυηι,
2111 2191 2166 2236 et
2199 2184 2502 2236 amicorum
2544 2180 2658 2234 Dei.
2696 2176 2848 2232 Illius
2879 2179 3023 2231 enim
3052 2190 3178 2229 vere
3209 2182 3336 2227 sunt

116 2263 211 2314 κατ’
242 2261 537 2331 ἰσομοιρίαν
570 2261 856 2331 λαγχάνειν
902 2262 995 2314 τοῦ
1030 2261 1249 2334 κλήρου.
1312 2262 1400 2315 Ἐν
1425 2262 1479 2315 δὲ
1506 2260 1630 2327 στάξε

1819 2276 1959 2339 nnia,
1995 2290 2156 2344 quem
2186 2274 2453 2328 habemus
2488 2272 2724 2327 Patrem.
2760 2264 2870 2324 Nos
2906 2277 3090 2322 autent
3140 2267 3337 2319 fratres

114 2352 323 2421 δευτέρα,
369 2351 474 2405 κᾶν
500 2352 561 2404 τὸ
589 2353 749 2405 πλέον
782 2346 861 2415 εἷς
886 2352 918 2424 ἢ
949 2351 1199 2424 δεύτερος
1246 2354 1627 2423 σφετερίσηται

1826 2382 1964 2420 mus.
1996 2362 2341 2435 Quapropter
2377 2374 2433 2419 ut
2466 2380 2663 2434 genere
2686 2356 3014 2431 eonjunctos
3046 2374 3110 2413 ac
3142 2358 3338 2412 fratres

114 2442 159 2492 τὸ
181 2440 295 2509 γοῦν
323 2442 490 2512 μέρος
517 2443 922 2513 κερδανέτωσαν
945 2445 993 2496 οἱ
1026 2443 1356 2514 λειπόμενοι.
1389 2444 1452 2497 Et
1481 2445 1537 2498 δέ
1568 2463 1632 2502 τις

1821 2458 1953 2511 elius
2017 2458 2236 2527 quidem
2297 2471 2360 2511 ac
2415 2457 2620 2531 justius
2682 2464 2800 2509 erat
2859 2454 3031 2523 a'quis
3088 2449 3339 2521 partibus

114 2533 308 2587 καθόλου
350 2534 542 2605 κύριος
571 2530 710 2589 εἶναι
743 2536 851 2589 τῶν
885 2534 1102 2589 πάντων
1131 2536 1323 2601 ἐθέλοι,
1368 2539 1459 2590 καὶ
1483 2536 1632 2607 αὐτῆ.

1822 2562 1978 2603 ruere
2033 2547 2444 2603 hazreditatem:
2508 2530 2696 2601 verum
2763 2545 2985 2614 quando
3029 2543 3078 2595 id
3137 2542 3338 2595 factum

114 2625 189 2693 τῆς
225 2626 405 2696 τρίτης
437 2625 471 2697 ἦ
510 2627 767 2697 πέμπτης
812 2628 1006 2697 μοίρας
1037 2628 1295 2698 ἐξείργων
1339 2629 1461 2690 τοὺς
1503 2627 1628 2680 ἀδελ

1822 2654 1869 2692 »ιι
1902 2646 2007 2699 est.
2037 2637 2131 2693 sed
2166 2653 2309 2691 unus
2342 2643 2436 2691 aut
2467 2637 2604 2691 alter
2628 2636 2750 2706 plus
2778 2633 3109 2695 inter-vertit,
3143 2630 3340 2699 reliqui

114 2719 237 2785 τοὺς,
259 2711 407 2781 οὗτος
440 2720 634 2789 πικρὸς
663 2720 944 2789 τύραννος,
985 2719 1255 2791 βάρϐαρος
1285 2720 1632 2783 ἀδιάλλακτος

1829 2739 1962 2782 rtem
2004 2744 2167 2781 unam
2208 2728 2399 2783 saltem
2432 2727 2741 2797 accipiant:
2781 2722 2925 2794 quod
2971 2724 3014 2777 si
3053 2723 3177 2793 quis
3222 2737 3340 2773 om-

114 2809 266 2880 θηρίον
292 2810 597 2881 ἄπληστον,
636 2812 794 2881 μόνον
826 2812 996 2882 ἡδέως
1043 2815 1355 2882 περιχαῖνον
1384 2814 1449 2881 τῇ
1484 2811 1632 2883 θοίνῃ

1835 2835 1925 2891 unt
1954 2835 2178 2890 prorsus
2206 2836 2329 2874 esse
2363 2819 2621 2873 dominus
2652 2825 2705 2873 et
2740 2817 3050 2869 universam
3081 2814 3195 2867 vult
3234 2817 3342 2865 bte-

115 2902 361 2969 μᾶλλονδὲ
408 2905 504 2956 καὶ
550 2903 730 2957 αὐτῶν
761 2903 1092 2975 ἀγριώτερος
1115 2905 1223 2957 τῶν
1254 2904 1456 2975 θηρίων
1481 2921 1495 2936 ·
1543 2903 1633 2973 εἴγλ

1824 2911 2045 2967 ditatem
2084 2918 2353 2977 avertere,
2385 2919 2439 2965 et
2481 2910 2645 2964 tertia
2682 2915 2776 2961 aut
2814 2906 3004 2977 quinta
3039 2912 3192 2974 parte
3234 2902 3342 2954 fra-

112 2993 243 3056 λύκος
266 2995 359 3063 μὲν
382 2996 477 3048 τὸν
502 2995 663 3049 λύκον
683 2997 763 3059 είς
786 2995 951 3067 βορὰν
977 2996 1361 3067 παραδέχεται,
1386 2997 1479 3048 καὶ
1499 2996 1624 3049 κύνε

1818 3018 1870 3058 es
1919 3001 2234 3065 excludere,
2286 3001 2377 3057 ille
2437 2999 2606 3054 frater
2636 3005 2880 3063 nonest,
2946 2995 3038 3051 sed
3101 2993 3336 3047 acerbus

112 3086 154 3134 ὲν
176 3085 341 3156 ταύτῷ
379 3087 567 3139 πολλοὶ
599 3086 655 3140 ἒν
688 3088 1057 3157 σπαράττουσι
1106 3086 1264 3157 σῶμα
1293 3104 1307 3118 ·
1343 3089 1371 3140 ὀ
1398 3087 1454 3140 δὲ
1484 3086 1629 3158 άπλη

1819 3108 2052 3158 rannus,
2082 3093 2311 3147 immitis
2339 3093 2629 3155 barbarus,
2666 3092 2776 3145 imo
2814 3104 2943 3143 vero
2992 3085 3334 3156 inexplebilis

115 3194 211 3239 στος
236 3178 420 3232 ούδένα
456 3180 563 3231 τῶν
587 3179 869 3249 ὁμοφύλων
927 3180 1008 3241 εἰς
1034 3180 1132 3249 τὴν
1166 3180 1455 3249 μετουσίαν
1483 3197 1633 3251 παρα

1820 3202 1898 3251 ra,
1932 3200 2052 3255 quae
2079 3185 2249 3239 hianti
2279 3200 2375 3238 ore
2409 3185 2525 3237 sola
2556 3197 2755 3239 suaves
2781 3180 3008 3234 devoret
3032 3178 3223 3249 dapes.
3246 3174 3336 3231 vel

111 3270 343 3340 λαμϐάνει
379 3273 475 3326 τοῦ
506 3272 749 3325 πλούτου.
800 3274 985 3340 Ἀρκεῖ
1014 3288 1095 3323 σοι
1126 3271 1158 3340 ἡ
1192 3270 1500 3341 σύμμετρος
1528 3271 1629 3342 τρά

1826 3280 1947 3334 ιιῑυε
1973 3277 2106 3348 ipsis
2134 3279 2298 3333 etiam
2336 3276 2471 3331 feris
2502 3275 2697 3331 szevior
2726 3274 2779 3329 et
2824 3272 3136 3342 agrestior;
3167 3267 3344 3339 siqui-

115 3367 243 3429 πεςα.
275 3361 365 3437 Μὴ
404 3367 542 3437 πρὸς
570 3366 628 3417 τὸ
674 3364 908 3430 πέλαγος
951 3363 1052 3431 τῆς
1102 3361 1401 3414 ἀκολάστου
1433 3362 1633 3415 πανδαιι

1827 3386 1887 3424 :m
1918 3380 1972 3426 et
2012 3370 2176 3439 lupus
2212 3369 2276 3423 ad
2325 3366 2695 3423 devorandam
2740 3364 2976 3436 praedam
3015 3362 3203 3431 lupum
3237 3354 3345 3413 sibi

116 3461 209 3522 σίας
237 3461 491 3531 ἐκπέσῃς.
526 3458 769 3511 Χαλεπὸν
798 3458 905 3526 γὰρ
925 3455 982 3508 τὸ
1010 3455 1351 3525 ἐπικείμενον
1373 3458 1630 3524 ναυάγιον

1825 3462 1978 3516 icium
2005 3462 2270 3531 adjungit,
2305 3470 2354 3515 et
2376 3474 2542 3513 canes
2564 3457 2720 3513 multi
2753 3467 3147 3523 nonnunquam
3182 3448 3343 3505 simul

114 3551 158 3601 οὐ
183 3552 394 3621 πέτραις
427 3549 821 3621 περιρρηγνύον
852 3547 1093 3616 ὑφάλοις,
1131 3546 1244 3599 ἀλλ’
1275 3548 1355 3609 εἰς
1386 3547 1445 3599 τὸ
1477 3549 1632 3601 σκότο

1828 3570 1911 3608 em
1949 3553 2215 3607 dilaniant
2247 3567 2468 3621 corpus.
2510 3550 2577 3603 At
2627 3550 2730 3603 iste
2764 3547 3080 3602 divitiarum
3123 3557 3344 3597 suarum

114 3641 311 3704 ἑξωθοῦν
356 3642 419 3695 τὸ
468 3640 784 3711 βαθύτατον,
820 3639 940 3693 ὅθεν
973 3638 1165 3691 οῦποτε
1214 3638 1242 3689 ὁ
1287 3638 1540 3708 ἐμπεσὼν
1574 3643 1632 3694 ὲκ

1825 3643 1978 3697 illum
2010 3642 2256 3712 ejusdem
2280 3642 2497 3712 generis
2524 3641 2801 3713 hominem
2838 3636 3159 3708 participem
3198 3633 3343 3687 facit.

114 3732 328 3802 θήσεται.
1771 3734 2046 3789 Moderata
2088 3750 2275 3789 mensa
2308 3733 2516 3788 sufﬁcit
2556 3732 2677 3788 tibi.
2710 3724 2790 3785 Ne
2830 3741 2882 3784 te
2913 3730 2968 3782 in
3018 3725 3150 3781 illud
3192 3725 3347 3778 luxu-

114 3828 186 3881 ria:
214 3831 434 3900 pelagus
488 3828 779 3892 demittas,
817 3833 877 3880 ut
932 3825 1179 3881 convivia
1234 3826 1382 3881 omni
1448 3842 1646 3897 genere
1682 3829 1932 3886 ciborum
1964 3833 2233 3886 instructa
2294 3830 2451 3884 velis.
2517 3825 2633 3881 lllic
2701 3825 2847 3879 enim
2904 3836 3068 3892 grave
3128 3816 3348 3872 naufra-

113 3920 231 3986 gium
263 3920 336 3980 lit,
370 3934 484 3990 quo
526 3933 630 3971 non
658 3917 897 3984 scopulis
920 3916 1021 3971 sub
1059 3917 1175 3970 salo
1207 3914 1499 3972 latentibus
1528 3917 1828 3987 collideris,
1901 3921 1996 3977 sed
2061 3921 2117 3975 in
2171 3921 2495 3975 altissimam
2545 3925 2599 3972 et
2667 3913 3117 3971 obscurissimam
3189 3922 3347 3962 vora-

110 4010 260 4079 ginem
290 4009 624 4067 detruderis.
656 4009 709 4061 in
746 4023 908 4076 quam
935 4009 1025 4076 qui
1062 4007 1229 4061 semel
1265 4008 1477 4075 incidit,
1509 4024 1788 4080 nunquam
1819 4022 2082 4085 emerget.

166 4103 387 4173 Χρῆσαι,
428 4100 502 4172 μὴ
536 4102 865 4173 παραχρήσῃ
889 4118 903 4131 ο
951 4098 1107 4152 τοῦτο
1140 4098 1245 4171 γάρ
1277 4116 1334 4151 σε
1380 4100 1471 4153 καὶ
1505 4100 1659 4153 Παῦ-

1841 4105 2005 4161 Utere
2038 4106 2223 4177 igitur,
2251 4113 2425 4167 utere,
2458 4118 2526 4157 ne
2554 4100 2799 4155 abutaris
2831 4118 2843 4151 ι
2872 4098 2952 4152 sic
2979 4097 3121 4152 enim
3148 4092 3347 4147 Paulus

112 4193 183 4255 λος
210 4193 463 4258 ἐδίδαξεν.
501 4190 657 4252 "Ave;
702 4190 893 4243 σαυτὸν
923 4189 1216 4242 ἀπολαύσει
1253 4191 1630 4263 μεμετρημένῃ

1828 4197 1931 4251 iam
1981 4198 2201 4252 edocuit
2226 4196 2265 4251 ⁸.
2318 4188 2560 4250 Modesta
2612 4192 2977 4246 oblectatione
3028 4199 3080 4243 te
3135 4201 3346 4241 recrea.

112 4285 185 4352 Mi;
214 4283 515 4355 βακχεύσῃς
546 4283 661 4344 ταῖς
690 4281 917 4351 ἡδοναῖς.
950 4281 1040 4351 Μὴ
1066 4282 1278 4335 πάντων
1306 4281 1490 4345 ἁπλῶς
1512 4280 1630 4346 ζώω

1829 4300 2159 4361 :mperanter
2210 4290 2450 4344 animum
2494 4289 2695 4341 relaxa.
2758 4281 2838 4338 Ne
2896 4291 2948 4338 te
3001 4281 3213 4336 delicia:
3268 4278 3347 4333 sic

113 4374 301 4445 ὄλεθρος
348 4374 464 4435 έσο,
513 4372 879 4443 τετραπόδων,
930 4371 1198 4441 μεγάλων,
1252 4370 1481 4442 μικρῶν,
1518 4373 1631 4443 όρνί

1824 4392 2024 4447 )ruant,
2073 4389 2132 4436 ut
2170 4380 2335 4434 nimia
2369 4377 2547 4433 lzetitia
2584 4375 2808 4446 gestias,
2859 4381 2913 4427 et
2956 4370 3167 4426 insanis
3195 4369 3342 4424 volu-

113 4463 216 4527 θων,
246 4466 463 4533 ἰχθύων,
490 4463 595 4516 τῶν
624 4462 982 4532 εὐπορίστων,
1012 4461 1118 4515 τῶν
1151 4461 1410 4524 σπανίων,
1440 4462 1549 4516 τῶν
1577 4464 1631 4515 εύ

1836 4476 2017 4529 atibus
2076 4473 2451 4527 debaccheris.
2521 4468 2598 4523 Ne
2652 4469 2729 4523 sis
2801 4465 3121 4520 animalium
3190 4462 3349 4532 plane

114 4552 261 4619 ὡνων,
291 4556 403 4609 τῶν
436 4555 764 4624 πολυτίμων.
802 4544 893 4622 Μὴ
928 4552 1138 4607 πολλῶν
1169 4553 1445 4624 θηρευτῶν
1491 4555 1632 4625 ίδρῶπ

1834 4568 2016 4621 nnium
2046 4567 2335 4636 pernicies,
2375 4564 2700 4634 ingentium,
2731 4558 3118 4621 mediocrium,
3168 4556 3350 4608 minu-

117 4648 223 4714 μίαν
252 4647 459 4717 πλήρου
502 4646 740 4716 γαστέρα
766 4687 779 4708 ,
828 4644 1017 4715 ὥσπερ
1068 4661 1123 4697 τι
1164 4645 1337 4716 φρέαρ
1374 4636 1635 4715 βαθύτατα

1837 4675 1975 4723 rum,
2030 4655 2417 4727 gradientium,
2476 4652 2799 4712 volantium,
2851 4647 3184 4707 natantium,
3238 4644 3350 4697 sive

114 4736 402 4811 πολυχειρίᾳ
430 4738 537 4790 τῶν
561 4737 870 4807 χωννύντων
905 4738 979 4808 μὴ
1008 4754 1065 4805 γε
1077 4737 1385 4807 μιζόμενον.
1416 4732 1513 4791 Διά
1542 4741 1632 4791 τοὺ

1837 4758 1997 4803 ventu
2038 4744 2240 4813 facilia,
2277 4745 2391 4799 sive
2430 4742 2666 4798 difficilia
2705 4742 2835 4803 siut,
2870 4754 2966 4793 seu
3021 4750 3218 4807 magno
3253 4748 3348 4788 seu

112 4833 409 4900 τρυφῶντας
443 4832 564 4883 οὐδὲ
597 4833 626 4883 ό
670 4829 825 4899 βυθὸς
859 4833 955 4901 τῆς
985 4829 1258 4901 θαλάσσης
1318 4831 1630 4900 ἀνενόχλητε

1836 4840 1867 4892 li
1919 4838 2093 4908 pretio
2140 4844 2392 4891 veneant.
2444 4833 2736 4888 Multorum
2793 4830 3107 4885 venantium
3151 4826 3349 4883 sudore

117 4923 261 4991 μένει.
279 4926 415 4979 Οὐδὲ
441 4925 517 4993 τῷ
545 4924 695 4977 ὕδατι
715 4923 998 4992 νηχόμενοι
1021 4921 1218 4991 ἰχθύες,
1243 4923 1389 4991 μόνοι
1413 4922 1635 4993 ἁγρεύοκ

1823 4938 2014 4982 rntrem
2051 4944 2216 4983 unum
2248 4944 2316 4981 ne
2354 4928 2585 4995 repleas.
2627 4918 2703 4979 Ne
2744 4924 2854 4978 sint
2887 4921 3075 4975 fauces
3103 4926 3209 4971 tuze
3250 4932 3341 4970 ve-

113 5032 202 5076 ται,
247 5018 382 5071 ἀλλά
432 4992 524 5070 καὶ
565 5018 664 5069 ὃσα
700 5016 863 5073 ,ἄθλια
911 5014 1024 5078 ζῶα
1073 5017 1133 5085 τῇ
1194 4992 1517 5088 ὑποστάθμῃ
1561 5017 1631 5068 τῶ

1830 5022 1869 5074 ti
1915 5034 2155 5089 vorago,
2197 5028 2289 5071 aut
2328 5034 2548 5088 gurges,
2601 5016 2694 5069 aut
2736 5013 3085 5069 vastissimus
3132 5024 3193 5060 ac
3222 5022 3347 5076 pro-

114 5107 293 5162 ύδάτων
323 5111 647 5180 ἐμφέρεται,
696 5109 790 5162 καὶ
834 5106 1003 5160 ταῦτα
1037 5108 1173 5177 πρὸς
1194 5108 1290 5177 τὴν
1323 5108 1546 5179 ἤπειρον
1577 5127 1632 5161 κο

1830 5111 2131 5166 ndissimus
2182 5119 2401 5180 puteus.
2450 5108 2516 5161 ad
2566 5122 2725 5177 quem
2762 5101 3100 5158 obruendum
3151 5097 3348 5159 multo-

113 5199 186 5247 τὸν
229 5200 364 5270 ἀέρα
415 5199 600 5251 τοῦτον
659 5186 953 5262 ὲξέλκεται.
1016 5198 1199 5259 Οὕτως
1262 5197 1328 5249 τὰ
1382 5198 1511 5268 γένη
1559 5198 1631 5251 τῶ

1824 5221 1884 5255 un
1924 5204 2168 5255 laborent
2204 5216 2418 5254 manus.
2474 5196 2701 5269 Propter
2745 5196 3023 5251 hominum
3069 5188 3342 5243 luxuriam

113 5289 323 5358 ὀστρέων
374 5292 473 5343 οὐκ
522 5289 697 5353 ἔλαθε,
733 5290 825 5341 καὶ
857 5288 884 5339 ὁ
922 5290 1095 5357 ἐχῖνος
1156 5289 1469 5356 ἀγρεύεται,
1507 5289 1600 5340 καὶ

1825 5312 1927 5365 que
1964 5293 2211 5353 delicias,
2249 5310 2357 5347 non
2402 5291 2563 5345 modo
2599 5306 2747 5345 mare
2789 5283 3121 5358 profundum
3155 5278 3343 5333 turba-

116 5378 261 5444 σηπία
305 5378 548 5447 ἕρπουσα
594 5377 969 5448 σαγηνεύεται,
1023 5378 1114 5431 καὶ
1148 5380 1175 5428 ὁ
1222 5376 1492 5439 πολύπους
1542 5382 1632 5430 ταῖ

1820 5402 1891 5449 ll‘;
1927 5401 2034 5438 non
2061 5384 2220 5454 aquis
2250 5385 2425 5439 solum
2463 5384 2771 5455 innatantes
2800 5378 3094 5447 capiuntur
3121 5374 3297 5445 pisces
3326 5389 3338 5436 ;

114 5469 315 5538 πέτραις
340 5470 739 5540 προσπεφυκὼς
761 5473 1088 5535 ἀποσπᾶται,
1127 5473 1218 5523 καὶ
1246 5473 1295 5522 οἱ
1325 5471 1530 5539 κοχλίαι
1553 5471 1628 5523 τῶ

1826 5481 1865 5530 ιιι
1921 5477 2047 5537 alia,
2106 5491 2447 5546 quzncuuquc
2498 5473 2750 5527 animalia
2800 5472 2854 5524 in
2907 5468 3064 5537 aquis
3119 5467 3344 5535 degunt,

113 5566 420 5617 κατωτάτων
472 5562 649 5632 βυθῶν
694 5562 1090 5634 ἀποσύρονται’
1145 5564 1237 5615 καὶ
1304 5564 1477 5616 πάντα
1531 5564 1631 5631 γένη

1836 5568 1900 5621 de
1944 5567 1996 5619 in
2066 5576 2266 5620 terram
2330 5572 2383 5621 et
2421 5567 2619 5621 ccelum
2658 5563 2762 5618 hoc
2817 5559 3201 5617 extrahuntur.
3254 5552 3344 5610 Sic

180 5746 242 5799 'l
276 5748 405 5801 Cor.
448 5762 545 5810 vn,
582 5746 635 5799 5.
