3844 6390
511 209 615 263 4δῖ

1751 223 1808 278 S.
1850 221 2180 280 GREGORII
2233 223 2524 282 Νγδδειςι

3677 234 3788 290 468

512 338 824 388 ostreorum
859 347 1055 404 genera
1098 349 1208 390 non
1243 339 1550 409 latuerunt;
1591 344 1673 397 sic
1711 355 1902 414 captus
1935 347 2084 400 echi-

2221 345 2360 406 (ἔχων,
2387 347 2488 399 ὅσα
2527 349 2637 410 τοῖς
2671 349 2768 417 τῆς
2813 349 3127 417 ἐπιφανείας
3154 348 3391 418 κύμασιν
3441 349 3790 420 ἐπινήχεται,

513 437 650 488 nus;
685 423 766 478 sic
795 433 1076 494 serpentes
1109 425 1334 482 irretita:
1363 437 1492 482 sunt
1519 433 1715 501 sepiae;
1751 435 1829 486 sic
1856 435 2087 505 polypus

513 513 662 568 satis
683 513 882 581 quibus
915 515 1213 570 inhaerebat
1243 519 1489 584 avulsus;
1515 521 1596 576 sic
1629 539 1692 576 ex
1717 523 1851 577 locis
1883 525 2088 580 altissi-

513 603 619 657 mis
654 613 898 658 extracta
927 608 1240 678 conchylia.
1267 608 1484 664 Nullum
1508 613 1743 682 denique
1773 623 1854 668 est
1881 616 2090 668 anima-

513 691 646 746 lium
692 710 888 764 genus,
916 698 1064 766 quod
1113 699 1198 752 vel
1235 715 1500 766 summas,
1531 705 1612 758 vel
1659 704 1876 758 iniimas
1908 715 2091 774 partes

2193 437 2287 490 καὶ
2311 439 2410 491 ὅσα
2436 439 2526 490 τὸν
2565 439 2814 509 πυθμένα
2855 441 2956 510 τῆς
2987 441 3264 512 θαλάσσης
3293 442 3450 512 ἐλαχε
3481 447 3790 508 κατοικεῖν,

2195 531 2331 604 πρὸς
2356 531 2446 584 τὸν
2479 532 2616 602 ἀέρα
2643 531 2830 584 τοῦτον
2863 533 3175 601 ἐκφέρεται,
3209 536 3310 603 τῆς
3337 532 3446 586 τῶν
3481 535 3794 604 φιληδόνων

2199 621 2450 691 μηχανῆς
2501 621 2719 674 ποικίλα
2767 624 2886 674 κατ’
2917 621 3140 675 ἐκείνων
3171 623 3532 694 σοφιζομένης
3579 625 3650 676 τὰ
3689 623 3792 693 θήε-

2201 728 2394 784 ρατρα.

511 787 682 880 maris
711 788 937 854 incolat,
1003 793 1148 861 quod
1199 811 1304 848 non
1375 796 1614 850 humana
1659 800 1810 854 fraus
1846 800 2158 870 deceptum,
2199 807 2266 859 ad
2315 808 2456 862 hanc
2487 809 2610 862 εοεΙί
2663 809 2839 862 lucem
2887 809 3259 880 aspiciendam
3301 809 3583 864 eduxerit.
3631 809 3798 862 Adeo

512 877 797 970 hominum
843 884 1151 955 voluptates
1203 888 1444 958 undique
1492 892 1830 960 captantium
1881 895 2096 962 ingenia
2132 895 2198 950 ad
2226 901 2406 955 varias
2432 901 2660 956 insidias
2687 911 2740 955 et
2771 901 2926 956 dolos
2987 901 3343 970 reperiendos
3401 901 3792 956 elaborarunt.

586 968 692 1024 Sed
719 973 1033 1040 qualianam
1077 977 1301 1034 delicias
1333 981 1602 1046 ejusmodi
1638 985 2090 1052 consequuntur?

513 1057 750 1116 Necesse
797 1073 881 1118 est
928 1075 986 1119 ut
1033 1067 1270 1134 luxuria,
1310 1071 1398 1124 ubi
1428 1073 1594 1125 semel
1641 1073 1855 1128 radices
1893 1075 2087 1142 egerit,

513 1161 570 1206 et
616 1155 902 1220 coaluerit,
953 1159 1224 1229 reliquam
1279 1177 1464 1216 secum
1511 1165 1767 1234 nequitia:
1803 1169 2088 1220 materiam

517 1245 716 1299 trahat.
744 1247 1133 1313 Quamobrem,
1169 1253 1260 1320 qui
1293 1253 1534 1306 molliter
1559 1263 1612 1307 et
1651 1255 1885 1310 delicate
1907 1257 2092 1310 vivere

516 1335 894 1396 instituerunt.
940 1345 1252 1396 necessario
1293 1344 1356 1397 ad
1399 1347 1792 1414 excogitandos
1839 1347 2088 1418 magniﬁ-

516 1441 612 1480 cos
643 1427 998 1483 azdiliciorum
1028 1441 1324 1502 apparatus
1360 1435 1698 1488 alliciuntur.
1733 1435 1788 1489 In
1829 1435 1916 1490 his
1953 1451 2088 1490 con-

2259 985 2359 1044 Οἴα
2389 991 2444 1044 δὲ
2485 993 2574 1045 καὶ⁵
2601 993 2670 1046 τά
2717 991 2843 1061 ἐξῆς
2875 991 2983 1044 τῶν
3017 989 3348 1062 τρυφώντων
3377 1009 3390 1058 ;
3439 992 3800 1060 Ἐπάναγκες

2186 1083 2294 1152 γὰρ
2321 1082 2418 1152 τὴν
2451 1082 2667 1144 κακίαν,
2697 1083 2832 1134 ὅπου
2863 1085 2982 1134 ποτ’
3019 1082 3084 1136 ἂν
3119 1084 3152 1154 ἡ
3195 1083 3347 1144 νόσος
3376 1083 3646 1154 ἐνσκήψῃ,
3687 1085 3800 1144 τὰς

2185 1174 2512 1238 ἀκολούθους
2559 1175 2692 1237 ὕλας
2739 1175 3088 1244 ἐφέλκεσθαι.
3145 1175 3238 1227 Διὸ
3265 1177 3360 1228 καὶ
3389 1177 3438 1228 oi
3471 1175 3570 1246 τὴν
3607 1175 3798 1246 ἀϐρο-

2185 1265 2382 1317 δίαιτον
2436 1267 2529 1317 καὶ
2581 1263 2946 1334 Συϐαριτικὴν
2992 1265 3416 1334 παρατιθέμενοι
3467 1266 3796 1335 τράπεζαν,

2195 1357 2442 1408 ἕλκονται
2473 1357 2609 1427 πρὸς
2651 1355 2899 1421 ἀνάγκην
2929 1356 3008 1416 είς
3047 1355 3389 1418 κατασκευὰς
3424 1355 3802 1424 μεγαλοφυίὼρ

2193 1444 2660 1515 οἰκοδομημάτων,
2689 1445 2784 1496 καὶ
2817 1443 2915 1512 τὴν
2957 1443 3155 1513 πολλὴν
3181 1444 3438 1516 εὐπορίαν
3469 1445 3802 1500 δαπανῶσιν

517 1519 798 1574 struendis
847 1529 899 1573 et
947 1523 1277 1578 exornandis
1320 1525 1556 1578 maxima
1607 1527 1691 1579 vis
1731 1527 2086 1595 pecuniarum

2227 1537 2273 1598 ῖς
2305 1535 2532 1604 μέγεοος
2564 1537 2730 1588 οἴκων
2757 1535 2850 1588 καὶ
2887 1534 3090 1604 κόσμον
3133 1537 3446 1606 περίεργον,
3501 1537 3624 1590 Ἐπὶ
3659 1537 3802 1588 τοι).

517 1608 892 1676 profunditur.
923 1611 1002 1664 Ad
1032 1613 1144 1666 luec
1177 1623 1351 1668 μαριυς
1383 1615 1666 1670 hominum
1699 1617 1934 1672 libenter
1960 1634 2093 1672 con-

515 1707 734 1764 vocant,
771 1710 825 1754 et
873 1703 1124 1766 invitant,
1175 1707 1512 1771 splendidam
1549 1715 1748 1762 vestem
1789 1720 1842 1764 et
1885 1711 2092 1764 variam

515 1791 905 1858 supellectilem
951 1795 1196 1851 studiose
1237 1809 1580 1868 comparant.
1617 1798 1836 1854 Mensas
1881 1802 2090 1869 pretio-

515 1881 766 1936 sissimas
796 1899 862 1937 ex
893 1896 1121 1956 argento
1155 1887 1474 1943 conﬂandas
1508 1899 1725 1954 curant,
1769 1891 1902 1944 alias
1949 1891 2096 1945 laevi-

517 1981 626 2026 tate
679 1975 1003 2042 politissime
1068 1989 1400 2046 exaequatas,
1465 1981 1601 2034 alias
1665 1997 1795 2035 vero
1861 1982 2095 2035 artificio

516 2063 768 2132 sculptas
795 2073 848 2118 et
885 2065 1237 2132 fabrel'actas,
1283 2079 1340 2122 ut
1369 2071 1526 2124 lit-eat
1557 2072 1805 2126 convivis
1837 2073 2000 2124 simul
2043 2079 2096 2124 et

516 2155 698 2220 gulam
729 2157 904 2224 epulis
936 2159 1187 2226 delinire,
1219 2171 1272 2215 ct
1301 2163 1492 2216 oculos
1521 2163 1796 2216 intuendis
1835 2173 1889 2217 et
1917 2165 2096 2232 legen-

515 2246 603 2300 dis
651 2248 896 2304 historiis
957 2251 1252 2306 oblectare.
1315 2251 1415 2308 llic
1475 2255 1608 2307 mihi
1669 2256 1930 2325 deinceps
1980 2263 2097 2310 tute

517 2339 728 2407 reliqua
772 2341 1081 2406 considera,
1117 2353 1382 2409 crateras,
1419 2344 1688 2413 tripodas,
1732 2347 1922 2407 cados,
1967 2355 2092 2415 gut-

517 2433 724 2494 turnia,
785 2433 991 2500 lances,
1033 2437 1450 2490 innumerabilia
1503 2437 1826 2506 poculorum
1875 2453 2096 2507 genera,

519 2537 762 2586 scurras,
785 2525 1354 2592 mimos,citharistas,
1375 2536 1586 2598 poetas,
1609 2537 1880 2592 oratores,
1909 2538 2099 2581 cauto-

517 2631 628 2680 res,
652 2618 999 2683 cantatrices,
1033 2619 1343 2680 saltatores,
1375 2619 1708 2676 saltatrices.
1739 2628 1910 2672 totum
1943 2619 2100 2672 deni-

517 2725 624 2778 que
669 2709 982 2778 petulantia)
1017 2711 1236 2777 ludum;
1273 2727 1472 2779 pueros
1513 2713 1688 2766 comis
1729 2711 2096 2772 effeminatos.

517 2803 730 2872 puellas
747 2803 1166 2866 inverecundus,
1181 2819 1320 2874 quas
1335 2813 1554 2873 propter
1569 2804 1972 2858 immodestiam
1993 2821 2101 2858 tne-

2195 1643 2328 1690 τοις,
2359 1626 2454 1688 τὰς
2485 1625 2698 1688 κλισίας
2727 1625 3126 1694 φιλοκαλοῦσιν,
3173 1626 3402 1696 ἐσθῆτος
3431 1627 3652 1696 ἀνθινῆς
3693 1628 3802 1680 καὶ

2195 1716 2376 1786 πάσης
2419 1713 2843 1784 πεποικιλμένης
2885 1713 3236 1784 πληροῦντες.
3275 1715 3561 1785 Τραπέζας
3609 1717 3798 1768 πολυ-

2195 1807 2491 1869 ταλάντους
2533 1805 2774 1876 ἀργύρου
2821 1805 3196 1876 χαλκεύονται,
3245 1806 3346 1868 τὰς
3391 1807 3487 1877 μὲν
3515 1809 3596 1871 εἰς
3635 1807 3802 1859 λειό-

2196 1914 2364 1967 τητας
2415 1896 2790 1966 ἐληλαμένας·
2843 1897 2940 1958 τὰς
2970 1896 3027 1949 δὲ
3077 1895 3498 1966 πεποικιλμένας
3545 1900 3612 1967 τῇ
3643 1897 3798 1964 γλυο

2198 1986 2388 2053 πτικῇ,
2435 1984 2510 2046 ὠς
2554 1981 2752 2046 ἐξεῖναι
2807 1983 2942 2053 ὁμοῦ
2985 1987 3050 2054 τῇ
3087 1985 3324 2054 φάρυγγι
3395 1987 3488 2038 καὶ
3519 1986 3616 2057 τὴν
3659 1987 3802 2056 ἦψεν

2198 2075 2516 2144 εὐωχεῖσθαι
2545 2077 2666 2137 ταῖς
2697 2075 2978 2144 ἱστορίαις.
3020 2077 3356 2144 Ἐπιλόγισαί
3403 2095 3492 2146 μοι
3531 2079 3602 2132 τὰ
3629 2079 3802 2149 ἑξῆς,

2199 2167 2504 2240 κρατῆρας,
2555 2168 2838 2238 τρίποδας,
2869 2169 3084 2234 κάδους,
3131 2170 3204 2221 τὰ
3235 2171 3441 2240 πρόχοα
3471 2172 3666 2242 σκεύη,
3721 2173 3802 2224 τὰ

2199 2259 2476 2328 ὀψοφόρα,
2533 2261 2876 2330 ἐκπωμάτων
2925 2260 3054 2330 γένη
3114 2262 3316 2332 μυρία,
3363 2262 3798 2330 γελωτοποιοὺς,

2203 2351 2421 2420 μίμους,
2452 2351 2790 2422 κιθαριστὰς,
2819 2351 3012 2422 ᾠδοὺς,
3047 2351 3431 2420 κομψολόγους,
3461 2355 3794 2423 μουσικοὺς,

2205 2437 2488 2504 μουσικὰς,
2523 2437 2902 2508 ὀρχηστρίδας.
2932 2440 3109 2492 πάντα
3135 2441 3234 2506 τῆς
3265 2441 3548 2508 ἀσελγείας
3571 2443 3667 2494 τὸν
3695 2446 3796 2514 ὁρ-

2205 2527 2402 2596 μαθὸν,
2455 2529 2647 2592 παῖδας
2701 2531 3094 2600 θηλυνομένους
3155 2534 3272 2592 ταῖς
3329 2531 3554 2602 κόμαις,
3613 2535 3800 2604 κόρας

2202 2617 2467 2680 ἀναιδεῖς,
2527 2619 2759 2688 ἀδελφὰς
2817 2621 2916 2690 τῆς
2979 2620 3300 2690 Ἡρωδιάδος
3353 2623 3431 2684 εἰς
3485 2623 3796 2692 ἀκοσμίαν,

2203 2709 2532 2779 ἀναιρούσας
2571 2711 2844 2780 Ἰωάννην,
2884 2711 2976 2764 τὸν
3011 2713 3068 2763 ἐν
3097 2713 3310 2784 ἑκάστῳ
3335 2713 3538 2782 θεοειδῆ
3569 2716 3668 2768 καὶ
3701 2733 3798 2786 φι-

2202 2801 2428 2868 λόσοφον
2460 2801 2602 2854 νοῦν.

519 2899 626 2950 rito
664 2912 883 2950 sorores
927 2897 1251 2951 llcrodiadis
1291 2899 1557 2968 appelles,
1593 2895 1884 2960 Joannem,
1957 2897 2010 2950 id
2079 2905 2163 2950 est
2203 2897 2450 2948 divinum
2505 2897 2558 2948 iu
2605 2911 2969 2966 unoquoque,
3031 2897 3420 2966 sapientiaeque
3469 2897 3798 2952 studiosum

521 2997 762 3047 animum
805 3009 834 3046 e
867 2991 1044 3043 medio
1084 2990 1354 3042 tollentes.

593 3086 768 3152 Atque
805 3083 932 3136 dum
975 3081 1088 3134 lucc
1119 3081 1264 3134 intus
1291 3091 1576 3150 geruntur,
1621 3079 1864 3134 assident
1900 3080 1966 3132 ad
2003 3095 2094 3132 ve-

2271 3073 2487 3126 Τούτων
2509 3074 2728 3128 πάντων
2771 3077 2863 3128 ἐπι
2897 3081 2998 3146 της
3025 3077 3201 3141 οἰκίας
3225 3079 3580 3150 τελουμένων,
3623 3097 3788 3154 προσ-

521 3175 710 3230 stibuli
745 3173 890 3227 fores
931 3171 1362 3226 innumerabiles
1409 3171 1625 3232 Lazari,
1661 3171 1857 3240 partim
1899 3171 2098 3223 ulceri—

521 3264 625 3317 bus
672 3261 839 3330 pleni,
889 3261 1084 3330 partim
1139 3259 1317 3313 oculis
1368 3261 1569 3324 orbati,
1619 3261 1812 3326 partim
1871 3259 2098 3328 pedibus

526 3353 724 3406 mutili.
774 3351 1008 3418 Quidam
1065 3351 1331 3420 ipsorum,
1379 3352 1630 3420 quamvis
1691 3351 2098 3406 sintomnibus

522 3443 638 3501 fere
693 3444 954 3498 membris
1009 3443 1252 3512 spoliati,
1293 3459 1511 3512 serpere
1554 3452 1736 3496 tamen
1773 3443 1998 3506 audent,
2047 3451 2100 3496 et

525 3547 802 3606 utrunque
847 3537 1290 3606 progrediuntur.
1339 3535 1698 3588 Conclamant
1737 3541 1939 3598 autem,
2005 3549 2102 3588 nec

524 3639 705 3682 tamen
745 3625 1130 3680 exaudiuutur.
1167 3625 1395 3695 Impedit
1427 3627 1572 3678 enim
1602 3623 1864 3676 tibiarum
1902 3625 2101 3694 strepi-

527 3731 613 3774 tus
643 3727 695 3773 et
735 3719 1004 3784 carmina,
1037 3733 1156 3788 quae
1190 3717 1258 3771 ab
1290 3718 1423 3787 ipsis
1447 3717 1768 3770 cantoribus
1801 3719 2102 3770 concinun-

523 3821 635 3876 tur,
670 3819 724 3866 et
759 3811 935 3866 solute
969 3809 1260 3864 ridentiunt
1293 3797 1662 3862 cachinnatio.
1709 3809 1862 3875 Quod
1891 3811 1934 3863 si
1969 3825 2102 3879 pau-

524 3921 684 3976 peres
721 3903 882 3974 paulo
923 3901 1302 3956 vehementius
1343 3901 1490 3956 fores
1528 3901 1886 3971 pulsaverint.
1922 3903 2100 3956 immi-

525 3997 598 4050 tis
646 4012 710 4049 ac
765 4011 941 4050 szevus
989 3993 1246 4048 alicunde
1293 3993 1582 4062 prosiliens
1627 3993 1836 4048 domini
1873 3996 2100 4063 janitor,

523 4105 622 4143 eos
651 4089 848 4141 baculo
879 4087 1153 4157 propellit,
1188 4093 1241 4140 et
1265 4101 1432 4140 canes
1461 4087 1761 4155 appellans.
1781 4086 2103 4144 verberibus

527 4181 714 4248 plagas
761 4177 954 4246 inﬂigit
1006 4185 1060 4230 et
1121 4179 1368 4230 vulnera.
1425 4177 1640 4232 Abeunt
1691 4177 1855 4247 igitur
1900 4177 2103 4234 Christi

527 4273 711 4332 amici,
747 4273 798 4323 in
832 4271 1028 4340 quibus
1056 4272 1159 4324 sita
1192 4279 1278 4324 est
1304 4271 1683 4324 mandatorum
1709 4287 1945 4334 smuma,
1979 4287 2102 4324 cum

527 4377 628 4416 nec
661 4363 816 4430 panis
851 4361 1107 4426 frustum,
1157 4378 1257 4414 nec
1293 4363 1511 4416 obsonii
1541 4363 1840 4431 quidquam
1885 4377 2106 4430 accepe-

2201 3166 2476 3236 εδρεύουσι
2507 3167 2585 3236 τῷ
2617 3167 2821 3220 πυλῶνι
2857 3169 3038 3238 μυρίοι
3073 3170 3309 3241 Λάζαροι
3339 3187 3352 3200 ·
3376 3172 3424 3224 οἱ
3461 3172 3560 3242 μὲν
3597 3173 3800 3244 ἡλκω-

2205 3261 2354 3330 μένοι
2405 3259 2670 3330 χαλεπῶς,
2707 3260 2854 3314 ἄλλοι
2899 3261 2990 3314 τὸν
3040 3261 3314 3332 ὀφθαλμὸν
3363 3267 3800 3337 ἐκκεκομμέναι,

2202 3353 2376 3422 ἕτεροι
2422 3349 2600 3420 λώϐην
2637 3352 2908 3416 στένοντες
2952 3354 3059 3406 τῶν
3111 3355 3304 3407 ποδῶψ
3351 3357 3492 3422 τινὲς
3519 3359 3577 3411 δὲ
3607 3361 3804 3416 αὐτῶν

2202 3442 2460 3510 ἓρποντες
2489 3443 2784 3505 παντελῶς,
2811 3445 2903 3495 καὶ
2933 3443 3146 3496 πάντων
3178 3445 3285 3499 τῶν
3319 3447 3494 3517 μελῶν
3529 3451 3803 3520 στέρησιν

2205 3532 2612 3599 ὑπομείναντες.
2640 3531 2876 3594 Βοῶντες
2900 3533 2956 3585 δὲ
2981 3533 3078 3586 οὐκ
3101 3535 3406 3592 ἀκούονται.
3435 3538 3648 3590 Κωλύει
3685 3543 3802 3611 γὰρ

2203 3621 2381 3674 αὐλῶν
2407 3624 2438 3692 ἡ
2470 3623 2705 3692 ὴχὴ,καὶ
2729 3625 2796 3675 τὰ
2833 3624 2966 3693 μέλη
2993 3625 3102 3678 τῶν
3131 3628 3454 3698 αὐτομάτων
3483 3629 3659 3700 ᾠδῶν.
3695 3637 3800 3686 καὶ

2203 3714 2231 3764 ὁ
2258 3713 2354 3764 τοῦ
2388 3712 2619 3774 πλατέος
2653 3713 2886 3780 γέλωτος
2935 3717 3270 3784 καγχασμός.
3307 3719 3402 3769 Ἂν
3451 3718 3508 3770 δέ
3555 3737 3660 3772 που
3701 3721 3804 3774 καὶ

2205 3805 2460 3858 ἐπιπλέον
2487 3805 2805 3876 διοχλήσωσι
2851 3809 2948 3870 τὰς
2995 3807 3184 3878 θύρας.
3236 3810 3588 3880 ἀναπηδήσας
3623 3813 3804 3865 ποθὲν

2205 3897 2464 3967 ἀνηλεῶς
2514 3897 2774 3949 δεσπότου
2825 3897 3026 3968 θρασὺς
3077 3899 3324 3970 πυλωρὸς
3364 3903 3658 3955 ἀπελαύνει
3695 3907 3804 3975 pti-

2206 3989 2371 4052 ϐδοις,
2425 3989 2657 4052 ἀναιδεῖς
2691 3989 2858 4052 κύνας
2891 3991 3206 4056 ἀποκαλῶν,
3243 3995 3336 4046 καὶ
3373 3995 3620 4064 μάστιξιν
3667 3999 3804 4051 ἐπι-

2207 4079 2400 4146 ξαίνων
2427 4081 2496 4134 τὰ
2521 4081 2828 4152 τραύματα.
2877 4081 3230 4152 Ἀπέρχονται
3265 4084 3320 4136 δέ
3347 4087 3394 4136 οἱ
3427 4085 3520 4137 τοῦ
3547 4087 3804 4157 Χριστοῦ

2207 4175 2380 4242 φίλοι,
2425 4173 2532 4225 τῶν
2562 4173 2788 4226 ἐντολῶν
2821 4174 2880 4226 τὸ
2909 4173 3201 4242 κεφάλαιον
3225 4213 3240 4238 ,
3293 4177 3392 4230 οὐκ
3439 4179 3606 4248 ἄρτου
3659 4179 3796 4250 βρα·

2208 4267 2348 4336 χέυς,
2383 4267 2482 4318 οὐκ
2525 4265 2653 4334 ὕψου
2687 4266 3064 4334 μετασχόντες,
3102 4265 3286 4336 ὕϐρεις
3333 4267 3386 4320 δὲ
3431 4271 3524 4322 καὶ
3571 4271 3806 4342 πληγὰς

2209 4358 2724 4428 προσκερδὰναντες.
2765 4357 2949 4410 Ἔνδον
2992 4359 3048 4410 δέ
3094 4359 3150 4410 ἐν
3177 4359 3252 4429 τῷ
3299 4361 3647 4432 ἐργαστηρίῳ
3703 4367 3804 4418 τοῦ

527 4454 671 4516 rint;
729 4450 824 4505 sed
869 4453 1052 4520 potius
1107 4452 1474 4506 contumelias
1529 4459 1584 4507 et
1636 4453 1863 4506 verbera
1911 4453 2098 4506 lucrati

2218 4451 2504 4521 Μαμμωνᾶ
2531 4491 2546 4514 ,
2596 4451 2646 4504 οἱ
2685 4449 2782 4520 μὲν
2807 4449 2883 4512 ὼς
2915 4451 3223 4520 ὑπέραντλα
3256 4450 3415 4505 πλοῖα
3449 4453 3546 4524 τὴν
3579 4457 3804 4525 τροφὴν

528 4541 660 4594 sint.
693 4539 840 4595 Intus
871 4552 1053 4594 autem
1100 4542 1154 4595 in
1191 4542 1406 4596 oilicina
1439 4543 1782 4608 lllammonre,
1822 4545 1936 4606 alii,
1988 4554 2106 4597 tan-

528 4649 692 4705 quam
721 4635 884 4689 nimis
915 4643 1116 4688 onusta
1167 4637 1403 4706 navigia,
1438 4643 1726 4690 revomunt
1755 4637 1958 4696 cibum,
1992 4636 2106 4697 alii,

527 4725 894 4797 praesentibus
943 4727 1176 4795 poculis,
1235 4729 1576 4782 indormiunt
1623 4743 1843 4781 mensae.
1899 4727 2106 4797 Duplex

529 4830 710 4873 autem
757 4819 810 4872 in
843 4821 985 4888 turpi
1032 4819 1196 4874 domo
1242 4828 1526 4875 exercetur
1571 4829 1850 4890 peccatum
1885 4839 1897 4874 :
1939 4835 2106 4873 unum

529 4919 751 4980 propter
789 4912 1068 4966 ebriorum
1105 4913 1440 4976 satietatem,
1488 4913 1716 4966 alterum
1749 4921 1970 4982 propter
2011 4899 2107 4966 ex-

527 5004 814 5074 pulsorum
849 5019 1148 5073 pauperum
1181 5003 1400 5058 famem.

605 5091 660 5146 Si
711 5093 854 5148 Deus
899 5095 1014 5148 haec
1071 5095 1290 5164 aspicit,
1346 5095 1424 5148 uti
1463 5095 1624 5163 plane
1674 5094 1893 5165 aspicit,
1941 5109 2104 5164 quam

533 5185 656 5238 vita:
703 5185 1210 5249 eonunutationem,
1246 5201 1408 5256 quem
1463 5186 1670 5239 exitum
1705 5185 1822 5240 fore
1855 5187 2107 5254 cogitatis

531 5293 631 5330 vos
691 5293 992 5347 pauperum
1051 5277 1305 5332 inimici?
1349 5275 1541 5341 Dicite,
1595 5293 1802 5346 quaeso,
1853 5293 1971 5340 vos,
2038 5293 2106 5330 an

537 5373 782 5432 nescitis,
815 5371 1010 5425 horum
1052 5385 1220 5424 causa
1265 5371 1320 5424 in
1367 5385 1525 5424 sacro
1559 5369 1851 5440 Evangelio
1881 5371 2008 5440 poni
2055 5381 2110 5426 et

535 5464 950 5515 commemorari
1015 5463 1262 5530 exempla
1297 5462 1480 5516 omnia
1531 5463 1806 5516 horrenda
1852 5463 2103 5517 ettcrri-

537 5551 706 5606 bilia?
759 5551 951 5609 Nonne
997 5571 1192 5624 graves
1243 5555 1386 5610 illius
1432 5557 1714 5612 cruciatus
1757 5565 1812 5611 et
1867 5558 2102 5626 gemitus

539 5655 918 5714 recensentur,
959 5647 1053 5717 qui
1089 5649 1140 5702 in
1195 5649 1361 5720 bysso
1409 5649 1584 5704 fuerat
1619 5651 1911 5718 enutritus,
1945 5657 1999 5705 et
2049 5650 2102 5704 iu

2209 4541 2621 4606 ἀποϐλύζουσιν·
2661 4541 2808 4596 ἄλλοι
2832 4543 2898 4612 τῇ
2925 4542 3171 4613 τραπέζῃ
3201 4541 3616 4598 ἐπικαθεύδουσι
3640 4563 3804 4619 παρ-

2209 4636 2457 4690 εστώτων
2509 4635 2616 4689 τῶν
2661 4635 3022 4706 ἐκπωμάτων.
3068 4635 3240 4705 Διπλῆ
3269 4635 3326 4688 δὲ
3371 4637 3619 4708 ἁμαρτία
3647 4643 3808 4694 κα.τά

2209 4729 2308 4798 τὴν
2345 4729 2628 4798 ἀσχήμονα
2666 4729 2842 4781 οἰκίαν
2871 4727 3284 4798 ὲμπολιτεύεται
3309 4744 3322 4758 ·
3371 4729 3402 4798 ἡ
3437 4729 3554 4794 μὲν,
3587 4731 3692 4783 ἐπὶ
3727 4733 3808 4803 τῷ

2213 4821 2359 4892 κόρῳ
2388 4822 2495 4873 τῶν
2529 4819 2854 4890 μεθυόντων,
2891 4821 2924 4890 ἡ
2951 4819 3007 4873 δὲ
3038 4821 3130 4872 ἐπὶ
3155 4819 3234 4892 τῷ
3261 4819 3402 4890 λιμῷ
3431 4819 3536 4874 τῶν
3565 4822 3808 4878 ἐλαθέν-

2213 4931 2319 4967 των
2351 4913 2598 4984 πτωχῶν.

2285 5093 2470 5148 Ταῦτα
2513 5095 2560 5146 εί
2597 5092 2886 5145 ἐποπτεύει
2917 5092 3070 5156 Θεὸς,
3113 5091 3302 5163 ὥσπερ
3325 5087 3416 5146 οὖν
3445 5093 3636 5162 ἐφορᾷ.
3669 5094 3806 5147 τίνα

2212 5186 2306 5240 τοῦ
2355 5185 2469 5256 βίου
2497 5184 2878 5255 καταστροφὴν
2907 5187 3161 5248 ἐννοεῖτε,
3193 5185 3241 5236 οἱ
3277 5183 3647 5254 μισότπωχοι;
3709 5186 3804 5238 Ei-

2214 5295 2374 5340 πατε,
2400 5273 2559 5348 ἦ“οὐκ
2587 5277 2720 5337 ἴστε,
2763 5277 2842 5328 ὅτι
2877 5275 3054 5328 πάντα
3080 5275 3149 5328 τά
3179 5273 3422 5344 φρικώδη
3452 5273 3544 5326 καὶ
3579 5275 3802 5345 φοϐερὰ

2215 5369 2583 5438 ὑποδείγματα
2623 5369 2729 5421 τῶν
2769 5368 3022 5420 τοιούτων
3067 5367 3227 5437 χάριν
3272 5366 3333 5418 τὸ
3369 5365 3506 5436 ἱερὸν
3539 5365 3802 5434 Εὐαγγέ-

2212 5463 2323 5514 λιον
2353 5461 2520 5534 ἐκϐοᾷ
2543 5460 2637 5514 καὶ
2669 5460 3040 5531 μαρτύρεται;
3069 5459 3178 5512 Καὶ
3203 5459 3612 5530 ἀναγέγραπται
3665 5457 3796 5526 μὲν,

2213 5555 2384 5626 βαρέα
2409 5553 2734 5625 βρυχόμενος
2765 5554 2856 5604 καὶ
2877 5551 3074 5606 στένων
3099 5553 3127 5604 ὁ
3151 5551 3209 5603 ἐν
3236 5553 3301 5620 τῇ
3331 5549 3510 5618 βύσσῳ
3531 5547 3794 5618 τραφεὶς,

2211 5648 2304 5703 καὶ
2339 5648 2395 5700 ἐν
2439 5648 2503 5718 τῇ
2546 5644 2767 5719 ἀσύσσῳ
2799 5645 2905 5698 τῶν
2957 5643 3140 5698 κακῶν
3191 5641 3574 5712 συνεχόμενος·
3625 5639 3796 5702 ἄλλος
