3844 6400
109 249 182 303 ίξθ

1232 239 1319 293 DE
1347 237 1784 296 PAUPERIBUS
1815 236 2142 294 AMANDIS.

3249 245 3318 301 70

107 370 146 421 δὲ
190 362 335 416 πάλιν
378 361 680 431 ὁμότροπος
735 359 954 425 τούτου,
1005 358 1368 430 κατεδικάσθη
1418 360 1641 414 θάνατον

1748 358 2016 413 malorum
2085 359 2286 430 abysso
2356 359 2687 417 describitur
2753 362 3085 418 coerceri’?
3143 363 3322 430 Quid?

108 455 509 527 ἀπροσδόκητον,
555 457 611 506 ἐν
657 459 721 525 τῇ
772 456 981 526 ἑσπέρᾳ
1027 455 1124 525 τὴν
1175 454 1401 525 ἑωθινὴν
1443 453 1650 525 τροφὴν

110 549 476 620 βουλευόμενος,
525 549 614 600 καὶ
656 548 750 599 τοῦ
802 547 997 616 ὄρθρου
1054 547 1128 616 μὴ
1184 545 1503 600 καταλαϐὼν
1547 545 1647 616 τὴν

110 642 282 694 ἀκτῖνα.
332 637 423 706 Μὴ
471 637 654 707 θνητολ⁸
707 637 803 707 τὴν
844 638 1059 696 πίστιν,
1110 637 1203 688 καὶ
1251 637 1504 691 ἀθάνατοι
1548 637 1650 706 τὴν

109 732 381 784 ἀπόλαυσιν.
419 728 606 792 Οὕτως
638 730 746 800 γάρ
779 730 972 800 ἔχομεν
1003 728 1244 799 γνώμης,
1279 729 1327 782 oi
1371 730 1440 783 τὰ
1469 730 1646 784 πάντα

111 824 312 885 θέλοντες
354 824 416 892 τῇ
466 823 568 892 τῆς
619 822 816 891 σαρκὸς
865 823 1119 892 κολακείᾳ.
1172 822 1524 892 χαρίζεσθαι,
1571 822 1647 885 ὼς

108 915 333 984 ἁδιάδοχοι
377 913 772 974 οἱκοὸεσπόται,
818 914 892 976 ὡς
937 915 1202 984 διηνεκεῖς
1249 913 1356 966 τῶν
1404 914 1496 966 ἐπὶ
1541 913 1646 982 γῆς

108 1011 269 1079 κύριοι,
303 1008 358 1056 ὲν
385 1005 466 1074 τῷ
491 1004 639 1076 θέρει
663 1005 761 1073 τὴν
798 1004 1002 1075 σπορὰν
1035 1003 1422 1075 μεριμνῶντες,
1467 1004 1559 1056 καὶ
1589 1005 1646 1056 ἐν

108 1105 157 1169 τῇ
199 1098 363 1168 σπορᾷ
405 1097 506 1168 τὴν
556 1096 649 1150 τοῦ
701 1096 962 1167 θερισμοῦ
994 1095 1257 1166 θυμηδίαν
1291 1095 1601 1158 ἐλπίζοντες
1627 1112 1640 1125 ·

109 1189 388 1258 φυτεύοντες
433 1188 535 1255 τὴν
572 1186 872 1249 πλάτανον,
919 1185 1012 1238 καὶ
1053 1184 1146 1237 τοῦ
1191 1183 1394 1253 ὑψηλοῦ
1427 1183 1644 1254 δένδρου

109 1283 184 1351 τὴν
225 1279 370 1331 σκιὰν
433 1277 758 1342 ἐλπίζοντες·
809 1275 1257 1344 καταπηγνύντες
1295 1275 1386 1328 τὸν
1429 1273 1645 1344 πυρῆνα

107 1373 175 1424 τοῦ
203 1370 454 1438 φοίνικος,
509 1369 603 1421 καὶ
639 1368 738 1438 τὴν
767 1366 1080 1435 γλυκύτητα
1105 1366 1213 1419 τῶν
1255 1364 1482 1434 καρπῶν
1517 1365 1645 1416 άνα-

109 1461 339 1529 μένοντες.
391 1458 504 1511 Καὶ
547 1457 718 1510 ταῦτα
751 1456 1008 1518 πολλάκις
1053 1458 1109 1508 ἐν
1141 1454 1320 1524 πολιᾷ,
1350 1454 1437 1505 ὅτε
1479 1454 1645 1521 ἐγγὺς

105 1550 176 1603 τοῦ
206 1550 422 1602 Θανάτου
459 1547 684 1620 χειμών⁶
722 1549 966 1600 λείπουσι
1006 1547 1062 1600 δὲ
1089 1549 1152 1617 τῇ
1183 1548 1316 1617 ζωῇ,
1353 1546 1413 1598 οὐ
1448 1545 1644 1608 κύκλος

106 1638 347 1703 ἐνιαυτῶν,
377 1639 516 1692 ἀλλὰ
543 1641 689 1709 τρεῖς
715 1638 748 1708 ἦ
783 1639 1038 1708 τέτταρες
1060 1637 1287 1707 ἡμέραι.

1752 447 1892 503 Huic
1923 451 2061 506 alter
2088 451 2180 507 ille
2221 452 2441 515 similis,
2476 469 2657 508 nonne
2684 468 2810 508 cum
2838 457 3053 524 vesperi
3103 457 3170 511 de
3205 472 3320 511 rua-

1752 539 1942 593 tutinis
1973 539 2185 594 deliciis
2229 542 2519 611 cogitaret,
2556 552 2666 596 tam
2697 543 3094 612 inexspectata,
3132 554 3186 600 et
3230 561 3319 601 re-

1754 633 1978 700 pentina
2021 632 2311 687 damnatus
2343 644 2428 689 est
2477 643 2673 697 morte,
2731 644 2790 687 ut
2827 650 2894 689 ne
2941 637 3170 692 orientis
3197 640 3313 706 qui-

1749 723 1872 777 dem
1913 724 2048 778 solis
2080 725 2293 778 radium
2336 728 2572 795 potuerit
2610 726 2884 780 intueri“?
2911 726 3148 783 Proinde
3193 745 3318 783 cum

1749 813 2012 872 mortales
2057 818 2253 882 simus,
2288 817 2443 872 (idem
2481 834 2549 872 ne
2598 819 2944 888 abjiciamus,
2995 838 3128 876 neve
3165 824 3318 876 frua-

1750 921 1872 960 mur
1919 908 2290 976 voluptatibus
2338 917 2398 963 ut
2451 909 2807 965 immortales.
2868 911 2958 967 Sic
3011 912 3156 966 enim
3208 913 3319 968 lere

1753 995 1931 1051 aﬂ‘ecti
1974 1014 2186 1062 sumus,
2224 1001 2533 1069 quicunque
2562 1001 2723 1069 genio
2752 1002 3056 1071 indulgere,
3085 1013 3139 1056 et
3165 1005 3318 1057 carni

1747 1085 1802 1142 in
1834 1089 2091 1144 omnibus
2134 1091 2363 1161 obsequi
2410 1093 2680 1147 volumus.
2733 1091 3012 1163 Tanquam
3050 1096 3318 1163 patresla-

1747 1179 1928 1234 milias
1970 1195 2346 1237 successorem
2380 1199 2659 1254 nunquam
2699 1185 2957 1248 habituri,
2992 1195 3046 1240 et
3074 1188 3317 1256 perpetui

1745 1287 1927 1326 rerum
1989 1274 2351 1328 humanarum
2404 1275 2634 1338 domini,
2685 1278 2882 1332 messis
2927 1286 3170 1347 tempore
3226 1294 3316 1333 se-

1747 1374 1985 1418 mentem
2045 1365 2297 1431 l'acimus,
2360 1374 2413 1420 et
2487 1368 2707 1435 quando
2769 1370 3151 1423 seminandum
3210 1377 3316 1432 est,

1748 1469 2035 1522 speramus
2083 1455 2324 1510 laetitiam
2363 1460 2580 1513 messis.
2618 1457 2903 1513 Platanum
2961 1463 3220 1524 serimus,
3263 1471 3318 1515 et

1747 1559 1991 1615 procerae
2029 1547 2241 1602 arboris
2278 1549 2524 1601 umbram
2553 1565 2859 1618 speramus.
2902 1549 3102 1606 Palma:
3132 1569 3319 1609 semen

1746 1646 1906 1692 terra:
1936 1640 2350 1705 committimus,
2381 1649 2433 1694 et
2457 1640 2733 1696 fructuum
2758 1644 3102 1699 dulcedinem
3127 1662 3320 1716 exspe-

105 1746 300 1786 ctamus.
333 1731 459 1786 llaec
497 1741 678 1784 autem
718 1730 830 1784 fere
870 1731 925 1782 in
966 1729 1084 1798 ipsa
1135 1735 1442 1791 senectute,
1491 1726 1714 1797 quando
1747 1729 1860 1797 jam
1901 1731 2055 1784 adest
2101 1733 2278 1786 atatis
2328 1740 2643 1799 autumnus,
2685 1746 2738 1789 et
2781 1738 2974 1791 mortis
3016 1738 3190 1794 hiems
3223 1739 3320 1794 ad-

104 1832 272 1883 ventat,
305 1831 356 1876 et
406 1823 532 1877 vitae
579 1821 859 1875 residuum
917 1831 1132 1889 tempus
1181 1825 1263 1874 est
1313 1834 1424 1873 non
1470 1821 1641 1874 series
1679 1834 1971 1882 annorum,
2015 1821 2111 1875 sed
2151 1829 2263 1877 tres
2297 1833 2390 1876 aut
2422 1835 2658 1892 quatuor
2691 1825 2830 1880 dies.

155 1917 490 1986 Λογισώμεθα
539 1917 716 1969 τοίνυν
759 1916 834 1978 ὡς
865 1915 1106 1984 λογικοὶ,
1147 1917 1229 1968 ὅτι
1280 1915 1572 1987 παροδικὺς
1617 1919 1641 1968 ό

1817 1915 2132 1986 Cogitemus
2155 1917 2319 1988 igitur
2354 1935 2475 1983 nos,
2508 1922 2600 1990 qui
2628 1922 2837 1977 ratione
2864 1923 3073 1993 praediti
3103 1940 3316 1992 sumus,

106 2011 192 2079 βίος
216 2009 381 2079 ἡμῶν,
420 2010 516 2062 καὶ
553 2009 690 2079 ῥέων
713 2012 740 2061 ὁ
771 2009 980 2078 χρόνος,
1013 2008 1237 2070 ἅστατός
1268 2025 1326 2060 τε
1353 2007 1446 2061 καὶ
1480 2008 1639 2078 ἄσχε-

105 2120 187 2164 τος,
221 2101 404 2171 ὥσπερ
429 2117 484 2153 τι
516 2101 694 2170 ῥεῦμα
729 2100 995 2169 ποταμοῦ,
1028 2101 1137 2152 πᾶν
1175 2099 1234 2151 τὸ
1262 2099 1486 2168 ἐναύτῴ
1513 2116 1640 2166 τυγ-

102 2194 227 2264 χάνον
255 2193 486 2246 ἐλαύνων
529 2193 664 2263 πρὸς
689 2193 748 2244 τὸ
794 2193 892 2262 τῆς
922 2192 1124 2262 φθορᾶς
1151 2191 1301 2253 τέλος
1326 2207 1338 2219 ·
1388 2192 1479 2242 καὶ
1507 2191 1639 2255 εἴθε,

104 2288 268 2356 βραχὺς
296 2286 368 2338 ῶν
395 2287 491 2339 καὶ
521 2286 803 2356 ὲπίκηρος,
836 2287 1077 2354 ὑπῆρχεν
1106 2283 1424 2346 ἀνεύθυνοςῖ
1473 2283 1642 2335 Τοῦτο

101 2381 264 2432 δέἐστι
300 2379 358 2432 τὸ
401 2378 760 2440 ἐπικίνδυνον,
809 2378 868 2430 τὸ
912 2377 1149 2446 ἑκάστης
1195 2377 1364 2446 ὥρας,
1418 2377 1478 2428 ού
1536 2375 1640 2446 μὴν

101 2471 205 2524 ἀλλὰ
229 2472 314 2524 καὶ
346 2471 453 2523 τῶν
508 2470 703 2536 λόγων,
747 2464 821 2522 ὧν
853 2468 1225 2537 φθεγγόμεθα,
1259 2466 1336 2536 τῷ
1361 2467 1640 2536 άδεκάστῳ

101 2564 390 2632 δικαστηρίῳ
419 2562 520 2632 τὴν
550 2561 843 2628 ἀπολογίαν
867 2560 1119 2628 ὀφείλειν.
1154 2559 1244 2612 Διὸ
1281 2560 1376 2612 καὶ
1403 2561 1431 2611 ὀ
1466 2557 1640 2628 μακά-

104 2671 190 2725 ριος
219 2653 541 2723 Ψαλμῳδὸς,
571 2655 705 2723 πρὸς
733 2652 925 2720 ὁμοίαν
951 2651 1060 2722 τῶν
1091 2649 1184 2703 νῦν
1213 2649 1517 2719 λεγομένων
1553 2648 1639 2700 ἔνο

103 2765 216 2798 νοιαν
245 2748 427 2799 ἑαυτὸν
475 2747 786 2816 ἀναφέρων,
829 2744 1091 2815 ἐπιθυμεῖ
1138 2743 1338 2812 γνῶναι
1363 2741 1456 2794 τοῦ
1511 2740 1638 2794 ίδίου

100 2838 250 2900 τέλους
273 2837 366 2906 τὴν
401 2837 760 2908 προθεσμίαν.
810 2835 1122 2902 Ἐκλιπαρεῐ
1163 2834 1218 2886 δὲ
1252 2833 1340 2887 τὸν
1370 2832 1501 2886 Θεὸν
1534 2831 1640 2884 τῶν

102 2929 353 2980 ἐπιλοίπων
380 2928 604 2998 ἡμερῶν
627 2928 940 2996 διδαχθῆναι
964 2927 1055 2978 τὸν
1087 2925 1341 2996 ἀριθμὸν,
1383 2925 1471 2977 ἵνα
1503 2923 1640 2994 πρὸς

100 3021 149 3071 τὰ
173 3021 292 3091 ἔργα
320 3021 416 3090 τῆς
451 3019 632 3085 ἐξόδου
657 3017 1163 3089 παρασκευάσηται.
1195 3015 1286 3086 Μὴ
1315 3015 1559 3086 ταραχθῇ
1583 3014 1640 3065 δὲ

101 3113 270 3181 ἀθρόως
297 3113 370 3175 ὡς
392 3114 676 3182 ἁνὲτοιμος
719 3111 996 3182 ὁδοιπόρος
1032 3108 1234 3180 μεταξὺ
1265 3107 1516 3178 βαδίζων,
1547 3106 1640 3158 καὶ

100 3206 149 3256 τὰ
193 3206 451 3272 ἀναγκαῖα
501 3203 608 3255 τῶν
654 3204 880 3270 ἐφοδίων
931 3201 1262 3272 περιζητῶν.
1300 3201 1466 3270 Φησὶν
1508 3193 1638 3251 οὖν’

101 3297 368 3364 Γτνώρισόν
387 3315 513 3367 μοι,
540 3299 732 3364 Κύριε,
765 3296 832 3348 τὸ
861 3295 1045 3362 πέρας
1071 3312 1210 3363 μου,
1248 3293 1347 3346 καὶ
1378 3291 1486 3345 τὸν
1517 3292 1641 3360 ἀρι-

101 3389 219 3456 θμὸν
258 3388 369 3441 τῶν
412 3385 650 3456 ἡμερῶν
672 3404 808 3456 μου,
849 3387 941 3450 τίς
979 3387 1188 3438 ἐστιν’
1237 3386 1335 3437 ἵνα
1384 3383 1539 3452 γνῶ,
1583 3384 1642 3436 τι

101 3479 288 3546 ὑστερὼ
320 3479 454 3549 ἐγώ.
505 3479 659 3531 Ἰδοὺ
698 3479 1038 3542 παλαιστὰς
1074 3477 1216 3531 ἔθου
1267 3477 1374 3541 τὰς
1412 3474 1640 3544 ἡμέρας

101 3551 204 3636 μου,
247 3572 337 3623 καὶ
371 3574 408 3638 ἡ
446 3571 786 3636 ὐπόστασίς
823 3587 940 3637 μου
982 3569 1125 3621 ὡσεὶ
1162 3567 1341 3620 οὐδὲν
1382 3566 1640 3620 ἐνώπιόν

100 3677 205 3716 σου.
251 3662 415 3716 Βλέπε
453 3663 633 3732 ψυχῆς
668 3662 889 3731 συνετῆς
940 3661 1208 3731 μέριμναν
1254 3657 1494 3728 ἀγαθὴν,
1547 3659 1640 3711 καὶ

101 3754 238 3808 ταῦτα
265 3757 318 3807 ἐν
345 3754 611 3826 βασιλικῷ
641 3754 929 3823 ἀξιώματι.
971 3749 1377 3822 Ἐνοπτρίςεται
1417 3749 1526 3819 γὰρ
1550 3750 1641 3804 τὸν

101 3846 292 3898 Βασιλέα
323 3847 428 3898 τῶν
461 3846 724 3916 βασιλέων
759 3847 849 3897 καὶ
891 3843 982 3896 τὸν
1026 3841 1230 3914 Κριτὴν
1278 3840 1385 3893 τῶν
1416 3840 1638 3912 κριτῶνν

101 3941 172 3991 καὶ
208 3940 366 4010 ζητεῖ,
411 3941 504 3993 τὸν
535 3939 737 3992 τέλειον
766 3939 968 4007 κόσμον
1009 3935 1115 3989 τῶν
1154 3933 1382 3987 ἐντολῶν
1410 3933 1627 4002 κομισά-

103 4049 246 4099 μενος,
275 4033 528 4087 ἀπελθεῖν
551 4033 732 4103 ἄρτιος
767 4033 864 4100 τῆς
894 4030 1038 4098 ζωῆς
1057 4029 1156 4097 τῆς
1182 4029 1359 4080 ἐκεῖσε
1394 4026 1636 4095 πολίτης·

100 4119 149 4192 ἧς
171 4125 360 4191 γένοιτο
389 4124 600 4186 πάντας
625 4124 770 4192 ἡμᾶς
801 4122 1077 4190 ἐπιτυχεῖν
1120 4117 1301 4188 χάριτι
1331 4117 1422 4168 καὶ
1451 4115 1639 4183 φιλαν-

102 4215 278 4286 θρωπίᾳ
301 4217 389 4271 τοῦ
418 4217 627 4287 Κυρίου
658 4213 814 4286 ἡμῶν
853 4212 1026 4283 Ἰησοῦ
1054 4209 1313 4282 Χριστοῦ,
1354 4203 1399 4276 ᾧ
1435 4210 1467 4277 ἡ
1507 4206 1634 4270 δόξα

101 4313 160 4372 εἰς
177 4313 285 4374 τοὺς
316 4310 520 4374 αἰῶνας
548 4309 657 4363 τῶν
683 4306 913 4361 αἰώνων.
959 4306 1151 4376 Ἀμήν·

1668 3267 1710 3324 C

1742 2021 1904 2076 quam
1943 2007 2150 2078 fragilis
2192 2009 2448 2079 ﬂuxaque
2489 2012 2562 2067 sit
2592 2014 2698 2066 vita
2737 2021 2948 2077 nostra,
2976 2031 3137 2084 quam
3173 2019 3321 2072 velo-

1743 2097 1880 2150 citer
1904 2097 2120 2151 labatur
2146 2107 2378 2169 tempus,
2416 2108 2476 2152 ut
2504 2101 2624 2155 sisti
2665 2101 3024 2172 cohiberique
3052 2118 3162 2157 non
3193 2118 3321 2174 pos-

1744 2191 1837 2251 sit,
1899 2198 1958 2244 ut
2014 2191 2255 2245 ﬂuminis
2311 2207 2509 2247 cursus
2563 2192 2746 2246 omnia
2787 2207 2908 2261 quae
2951 2194 3197 2275 metitln',
3252 2194 3320 2248 ad

1745 2285 2022 2337 interitum
2086 2283 2253 2337 ducat
2307 2292 2361 2338 et
2417 2284 2620 2338 trahat.
2666 2285 2845 2354 Atque
2890 2285 3098 2340 utinam
3157 2285 3320 2340 breve

1743 2383 1958 2429 tantum
2011 2383 2159 2430 esset
2209 2376 2444 2445 spatium
2488 2378 2632 2440 vitaz,
2679 2376 2842 2429 modo
2889 2375 3177 2430 reddenda:
3227 2391 3321 2430 ra-

1745 2467 1877 2520 tioni
1935 2482 2042 2520 non
2113 2482 2360 2522 essemus
2415 2467 2657 2521 obnoxii.
2724 2467 2883 2522 Nunc
2948 2477 3129 2523 autem
3186 2469 3318 2523 illud

1745 2558 1940 2611 merito
1971 2566 2228 2627 torquere
2270 2575 2369 2612 nos
2399 2559 2578 2620 debet,
2621 2560 2765 2628 quod
2813 2569 2866 2614 et
2906 2561 3134 2629 singulis
3171 2561 3320 2616 horis

1745 2648 1914 2702 instat
1962 2649 2320 2718 periculum,‘
2351 2657 2406 2703 et
2469 2651 2824 2718 incorruptus
2878 2659 3042 2718 atque
3110 2653 3320 2721 integer

1743 2738 2029 2794 adeundus
2093 2750 2178 2794 est
2248 2739 2456 2808 judex.
2532 2741 2676 2810 apud
2739 2757 2902 2810 quem
2968 2757 3081 2795 non
3141 2744 3318 2796 solum

1751 2845 1962 2894 eorum,
1995 2847 2114 2900 qua:
2147 2831 2398 2894 fecimus,
2437 2833 2530 2886 sed
2570 2833 2836 2895 omnium,
2891 2849 3011 2902 quae
3056 2835 3318 2896 diximus,

1742 2920 2018 2976 reddenda
2050 2923 2210 2978 nobis
2247 2924 2407 2978 ratio.
2442 2923 2808 2991 Quamobrem
2835 2924 2950 2979 haec
2979 2939 3165 2980 secum
3200 2928 3318 2995 ipse

1745 3019 1930 3072 animo
1976 3020 2198 3074 volvens
2245 3020 2440 3074 beatus
2500 3018 2592 3073 ille
2638 3027 2792 3074 vates
2848 3028 2968 3074 avet
3017 3019 3322 3090 intelligere

1745 3109 2073 3178 praefinitum
2103 3111 2399 3164 terminum
2430 3111 2575 3164 vitae.
2621 3108 2806 3179 Itaque
2838 3109 3006 3164 Deum
3043 3118 3318 3179 precatur,

1745 3211 1804 3255 ut
1854 3203 1957 3256 sibi
2009 3217 2299 3256 numerum
2351 3203 2589 3267 dierum,
2642 3203 2733 3271 qui
2783 3204 2978 3273 reliqui
3019 3212 3166 3268 sunt,
3222 3219 3322 3258 an-

1744 3294 1986 3356 nuntiet,
2017 3309 2129 3362 quo
2170 3295 2418 3364 accingat
2452 3309 2574 3349 sese
2620 3294 2686 3347 ad
2727 3309 2813 3359 ea,
2845 3309 2967 3362 qua
3016 3293 3082 3348 ad
3115 3297 3318 3348 exitum

1744 3387 2046 3457 pertinent,
2103 3401 2175 3440 ne
2231 3395 2489 3455 tanquam
2546 3385 2723 3439 viator
2779 3387 3140 3456 improvidus,
3191 3387 3318 3441 dum

1751 3481 1856 3534 iter
1903 3481 2054 3538 facit.
2104 3488 2157 3533 et
2213 3479 2471 3533 viaticum
2523 3480 2898 3535 necessarium
2956 3481 3170 3549 quierit,
3229 3495 3316 3533 re-

1743 3581 1905 3644 pente
1945 3573 2213 3627 turbetur.
2251 3572 2343 3626 Sic
2373 3571 2540 3642 igitur
2574 3573 2790 3642 inquit:
2820 3571 3022 3626 Notum
3049 3572 3136 3642 fac
3167 3573 3315 3636 mihi,

1742 3665 1985 3727 Domine,
2017 3665 2175 3731 ﬁnem
2207 3679 2398 3727 meum,
2427 3674 2477 3717 et
2505 3681 2778 3717 nunierum
2821 3664 3027 3718 dierum
3060 3680 3315 3730 meorum,

1746 3756 1864 3825 quis
1889 3765 1987 3817 est,
2029 3763 2087 3808 ut
2126 3756 2293 3808 sciam
2319 3754 2446 3824 quid
2471 3757 2605 3809 desit
2636 3756 2782 3808 mihi.
2823 3755 2957 3808 Ecce
2992 3755 3321 3809 mensurabi-

1745 3847 1818 3898 [εδ
1855 3845 2081 3912 posuisti
2123 3845 2234 3897 dies
2271 3861 2433 3908 meos,
2481 3855 2532 3900 et
2562 3845 2864 3899 substantia
2913 3861 3028 3898 mea
3067 3854 3318 3914 tauquam

1745 3926 1988 3988 nihilum‘
2019 3944 2140 3989 ante
2172 3944 2220 3988 te
2242 3935 2285 3990 '.
2322 3935 2520 3990 Cernis
2568 3935 2766 3990 anian
2798 3939 2952 3990 bonae
2992 3935 3315 4006 prudentem

1744 4027 2195 4088 sollicitudinem,
2230 4027 2394 4096 idque
2435 4031 2488 4080 in
2519 4027 2742 4083 homine
2789 4029 2841 4082 in
2872 4031 3017 4099 regia
3052 4029 3318 4101 dignitate

1745 4121 2067 4172 constituto.
2112 4117 2222 4172 Nec
2257 4119 2454 4171 mirum
2485 4138 2497 4174 :
2526 4119 2770 4173 intuetur
2814 4121 2957 4174 enim
2997 4119 3195 4191 [legem
3231 4135 3322 4174 re-

1742 4223 1894 4276 gum.
1937 4219 1992 4262 et
2031 4209 2278 4277 iudicum
2320 4207 2586 4263 .ludicem.
2639 4211 2776 4266 Illud
2811 4219 2993 4266 autem
3041 4213 3314 4276 obsecrat,

1743 4310 1802 4354 ut
1861 4301 2111 4355 absoluta
2175 4301 2556 4357 mandatorum
2612 4303 2963 4358 observantia
3025 4302 3317 4361 decoratus

103 4403 306 4457 discedat
345 4405 557 4471 integer
591 4411 646 4455 et
677 4401 951 4470 perfectus
987 4396 1227 4451 caelestis
1292 4395 1440 4449 illius
1507 4395 1698 4465 patrize
1737 4393 1896 4456 civis,
1947 4407 2110 4462 quam
2170 4406 2272 4446 nos
2325 4391 2454 4446 item
2515 4409 2708 4450 omnes
2749 4402 2807 4448 ut
2855 4409 3216 4465 assequamur
3258 4405 3312 4452 et

103 4508 200 4564 opto
224 4505 272 4550 et
293 4512 474 4568 spero,
512 4509 608 4565 per
633 4493 862 4564 gratiam
895 4502 949 4546 et
978 4490 1370 4560 benignitatem
1406 4487 1621 4541 Domini
1658 4488 1833 4541 nostri
1862 4484 1991 4540 Jesu
2019 4485 2249 4551 Christi,
2287 4485 2375 4539 cui
2420 4487 2594 4556 gloria
2663 4490 2720 4543 in
2758 4496 3045 4544 aeternum.
3114 4487 3310 4544 Amen.

153 4683 167 4710 ⁷
201 4681 320 4738 Luc.
349 4699 475 4748 va,
511 4682 575 4736 19
623 4695 742 4750 sqq.

819 4678 840 4708 ⁸
869 4676 1004 4731 Luc.
1041 4689 1140 4739 xu,
1169 4672 1259 4728 20.
1338 4675 1358 4705 ⁹
1381 4672 1524 4727 Psal.
1566 4687 1794 4737 xxxvnt,
1830 4669 1882 4732 5,
1917 4666 1971 4721 6.
