3844 6394
513 218 605 271 ιη

1093 351 3150 380 ——_——__—_——‘————t—-———~——-————-_"—

1705 191 1762 246 5.
1809 187 2134 247 GREGORH
2190 185 2483 243 NYSSENI

3619 177 3722 229 47‘!

1457 531 1682 622 ΤΟΥ
1719 529 2090 617 ΑΥΤΟΥ
2156 521 2771 613 ΓΡΗΓΟΡΙΟΥ

1238 746 1650 860 ΠΕΡΙ
1755 729 2989 858 ΦΙΑΟΠΤΩΧΙΑΣ

1935 974 2150 1031 ΛΟΓΟΣ
2187 973 2261 1026 B'.

1414 1324 1952 1415 EJUSDEM
2049 1325 2144 1414 S.
2231 1319 2809 1413 GREGORII

972 1561 1172 1676 DE
1310 1556 2356 1675 PAUPEBIBUS
2491 1549 3233 1669 AMANDIS

1943 1789 2198 1850 oumo
2231 1789 2292 1864 η.

1743 1979 2008 2032 Francisco
2033 1977 2156 2030 lino
2196 1976 2468 2040 interprete.

491 2323 556 2383 In
579 2343 642 2382 ea
665 2323 940 2396 Evangelii
963 2324 1115 2379 verba
1136 2339 1155 2377 :
1175 2323 1457 2389 Quatenus
1488 2326 1580 2380 uni
1601 2340 1665 2380 ex
1691 2326 1774 2381 his
1788 2326 2065 2382 fecistis“.

2171 2323 2361 2391 Λόγος
2407 2322 2494 2396 ξιι-
2528 2319 2594 2396 ῖὸ
2622 2317 2813 2396 me)?
2862 2317 2970 2396 τοῦ
3017 2317 3420 2396 Εὐαγῃτᾼίρρχ
3469 2319 3584 2388 Ἐφ’
3612 2322 3733 2375 ὅσον

1013 2405 1060 2448 ct
1101 2411 1216 2464 qua:
1247 2406 1557 2464 sequuntur.

557 2509 747 2563 Adhuc
774 2507 828 2560 in
861 2506 1196 2562 formidolosi
1227 2507 1406 2576 magni
1440 2507 1589 2563 illius
1622 2509 1764 2578 regis
1796 2509 2062 2566 adventus

493 2601 653 2656 nobis
697 2600 765 2655 ab
798 2599 1088 2670 Evangelio
1119 2598 1380 2667 descripti
1433 2600 1891 2668 contemplatione
1921 2600 2062 2654 deti-

492 2707 644 2747 ueor.
685 2691 877 2747 Adhuc
904 2698 1112 2744 attente
1138 2689 1510 2744 consideranti
1542 2699 1946 2760 metum,quem
1979 2692 2063 2744 in-

491 2784 608 2854 jicit
646 2797 711 2837 ea
762 2779 1229 2845 commemoratio,
1259 2781 1454 2850 refugit
1503 2780 1794 2850 borretque
1823 2781 2060 2836 animus.

491 2875 624 2930 Nam
662 2876 940 2930 caelestem
969 2873 1144 2943 ipsum
1176 2887 1359 2937 regem
1412 2876 1466 2927 in
1504 2874 1706 2927 throno
1736 2874 2059 2943 maiestatis,

491 2973 549 3019 ut
568 2965 640 3018 ibi
671 2962 1026 3026 describitur,
1053 2961 1284 3016 terribili
1311 2962 1546 3031 quodam
1576 2963 1737 3016 modo
1770 2964 2064 3033 pratsiden-

491 3065 600 3108 tem
623 3053 753 3107 mihi
786 3052 974 3108 videor
997 3051 1580 3123 intueri.Magniﬁcum
1602 3053 1753 3108 illum
1781 3055 2062 3117 thronum,

491 3147 802 3216 quicunque
827 3143 1057 3198 thronus
1089 3143 1179 3198 ille
1199 3145 1292 3207 sit,
1324 3158 1448 3198 eum
1477 3143 1568 3212 qui
1603 3144 1756 3198 nullo
1781 3153 2064 3200 coercetur

493 3241 635 3305 loco,
665 3237 1035 3293 continentem
1070 3250 1256 3290 cerno.
1290 3235 1715 3292 Innumerabilia
1745 3238 2062 3307 angelorum

493 3345 673 3399 regem
705 3327 1130 3397 constipantium
1182 3328 1351 3381 millia
1401 3328 1575 3383 video.
1630 3329 1884 3399 “agnum
1930 3332 2063 3401 quin

493 3421 656 3476 etiam
713 3419 890 3490 ipsum
939 3432 1002 3472 ac
1049 3416 1450 3473 formidandum
1496 3434 1677 3490 regem
1723 3422 1949 3491 aspicio,
1998 3439 2062 3476 ex

496 3512 762 3566 immensa
786 3509 959 3580 gloria
978 3510 1036 3563 in
1054 3517 1307 3563 naturam
1332 3509 1624 3565 humanam
1653 3513 2062 3583 despicientem,

497 3608 552 3655 et
578 3598 830 3653 universa
851 3613 1048 3668 genera
1084 3598 1385 3663 hominum,
1403 3601 1718 3673 quicunque
1750 3618 1814 3658 ex
1837 3618 1904 3658 eo
1927 3613 2064 3658 tem-

496 3699 648 3758 pore,
679 3702 788 3758 quo
846 3687 1081 3757 primum
1136 3690 1382 3758 generari
1449 3691 1697 3749 homines
1756 3702 2062 3764 coeperunt,

498 3793 672 3850 usque
715 3780 784 3835 ad
811 3782 1087 3837 metuendi
1115 3782 1262 3841 illius
1299 3783 1562 3840 adventus
1607 3785 1750 3840 diem
1793 3787 2070 3854 reperian-

498 3880 609 3934 tur,
633 3871 702 3927 ad
748 3887 808 3927 se
844 3885 1288 3943 congregantem,
1330 3876 1668 3947 singulisque
1701 3893 1770 3932 ex
1801 3878 2070 3933 institutae

498 3973 551 4018 et
573 3973 834 4020 anteactae
862 3966 984 4020 vitae
1008 3966 1218 4022 ratione
1245 3977 1300 4021 et
1332 3968 1560 4033 meritis,
1577 3970 1662 4024 vel
1686 3970 1904 4039 praemia
1935 3970 2071 4024 dan-

501 4062 632 4117 tem,
666 4056 749 4110 vel
776 4057 1108 4126 irrogantem
1154 4057 1444 4126 supplicia,
1483 4057 1590 4114 illis
1621 4060 1715 4128 qui
1755 4073 1902 4114 reete
1937 4075 2068 4114 san-

502 4154 698 4216 cteque
747 4147 1000 4212 vixerint,
1043 4146 1112 4202 ad
1155 4147 1434 4203 dexteram
1481 4157 1714 4219 partem,
1752 4157 1811 4204 ut
1860 4151 2068 4206 dictum

501 4247 604 4301 est,
630 4237 951 4292 collocatis:
981 4238 1076 4308 qui
1127 4253 1257 4293 vero
1294 4238 1561 4309 ﬂagitiose
1607 4249 1661 4295 et
1696 4241 1968 4313 improbe,
1999 4240 2070 4295 ad

502 4329 784 4386 sinistram
816 4329 1030 4398 positis,
1060 4337 1114 4384 et
1145 4330 1538 4386 condemnatis.
1578 4329 1850 4400 Utrosque
1887 4343 2067 4386 autem

2406 2390 2696 2461 ἐποιήσατε
2724 2390 2803 2442 ὲνὶ
2835 2388 3058 2470 τούτων,
3087 2388 3183 2442 καὶ
3213 2388 3283 2442 τὰ
3310 2386 3476 2456 ἑξῆς.

2235 2508 2356 2561 Ἔτι
2396 2505 2534 2577 πρὸς
2566 2503 2646 2574 τῷ
2679 2503 2911 2574 θεάματι
2951 2502 3050 2572 τῆς
3079 2500 3312 2571 φοϐερᾶς
3337 2500 3432 2554 τοῦ
3471 2498 3730 2569 βασιλέως

2161 2599 2480 2666 ἐπιφανείας
2507 2597 2644 2667 εἰμὶ,
2677 2596 2742 2667 ἣν
2788 2595 3090 2666 ὑπογράφει
3118 2592 3180 2646 τὸ
3222 2592 3574 2661 Εὑαγγέλιον.
3612 2591 3730 2645 Ἐτι

2166 2691 2508 2761 κατέπτηχεν
2553 2691 2586 2760 ἡ
2631 2689 2798 2759 ψυχὴ,
2839 2687 2974 2756 πρὸς
2997 2686 3086 2739 τὸν
3111 2685 3270 2753 φόϐον
3297 2684 3406 2738 τῶν
3429 2685 3731 2755 εἰρημένων

2163 2779 2572 2844 ἐνατενίζουσα·
2611 2780 2685 2843 ὡς
2729 2777 3020 2849 καθορῶσα
3055 2778 3256 2848 τρόπον
3303 2777 3426 2831 τινὰ
3472 2780 3634 2832 αὐτόν
3675 2795 3730 2831 τε

2161 2873 2253 2927 τὸν
2288 2871 2532 2943 οὐρανῶν
2575 2870 2821 2941 βασιλέα,
2850 2868 3032 2932 καθώς
3060 2885 3221 2939 φησιν
3251 2870 3280 2922 ὀ
3321 2869 3497 2937 λόγος,
3523 2869 3614 2922 ἐπὶ
3640 2871 3730 2922 τοῦ

2165 2965 2354 3037 θρόνου
2393 2963 2496 3034 τῆς
2539 2963 2695 3034 δόξης
2733 2961 2975 3033 φοϐερῶς
3017 2959 3462 3033 προκαθήμενον·
3512 2963 3606 3016 καὶ
3645 2967 3732 3014 τὸν

2168 3053 2561 3126 μεγαλοπρεπῆ
2590 3053 2778 3123 θρόνον
2809 3052 3013 3104 ἐκεῖνον
3035 3066 3049 3080 ·
3090 3050 3236 3113 ὅστις
3263 3050 3392 3103 ποτέ
3429 3051 3524 3104 καὶ
3551 3053 3580 3104 ὁ
3611 3051 3733 3122 θρό-

2163 3163 2252 3210 νος
2279 3147 2426 3200 ἐστὶν
2453 3147 2482 3199 ὁ
2527 3143 2719 3214 χωρῶν
2763 3144 2820 3196 ἐν
2861 3139 3039 3212 ἐαυτῷ
3080 3139 3171 3193 τὸν
3196 3141 3506 3212 ἀχώρητον’
3548 3143 3648 3206 τάς
3676 3161 3730 3196 τε

2164 3235 2423 3306 ἀπείρους
2449 3236 2560 3288 τῶν
2588 3233 2834 3302 ἀγγέλων
2865 3231 3131 3302 μυριάδας
3167 3233 3398 3298 ὲκείνας,
3444 3235 3503 3286 ἐν
3551 3234 3732 3303 κύκλῳ

2163 3328 2254 3382 τὸν
2299 3327 2520 3398 βασιλέα
2565 3324 2959 3396 περιεστώσαςο
3002 3325 3162 3379 αὐτόν
3198 3342 3256 3378 τε
3295 3325 3386 3378 τὸν
3433 3324 3609 3396 μέγαν
3645 3328 3734 3378 καὶ

2167 3419 2394 3490 φοϐερὸν
2442 3417 2684 3488 βασιλέα,
2739 3417 2804 3469 ἐκ
2853 3417 2952 3488 τῆς
3003 3417 3284 3488 ἁφράστου
3322 3416 3478 3482 δόξης
3514 3417 3609 3470 ἐπὶ
3641 3418 3734 3487 τὴν

2165 3510 2511 3582 ἀνθρωπίνην
2570 3508 2987 3563 κατακύπτοντα
3037 3508 3231 3578 φύσιν,
3275 3509 3369 3562 καὶ
3427 3510 3536 3562 πᾶν
3583 3507 3734 3578 γένος

2097 3652 2139 3706 Β
2167 3603 2466 3673 ἀνθρώπων
2508 3601 2616 3653 τῶν
2654 3601 2747 3669 ἀφ’
2777 3594 2838 3653 οὗ
2870 3599 3154 3668 γεγόνασιν
3191 3599 3482 3670 ἄνθρωποι,
3516 3600 3611 3655 καὶ
3643 3601 3732 3670 μέ-

2168 3711 2260 3767 χρι
2289 3695 2388 3764 τῆς
2432 3692 2666 3764 φοϐερᾶς
2715 3692 3016 3761 ἐμφανείας
3057 3691 3270 3762 ἐκείνης
3313 3692 3730 3762 εὑρισκομένων,

2169 3784 2489 3858 ἀθροίζοντά
2515 3801 2573 3837 τε
2607 3783 2741 3854 πρὸς
2777 3783 2988 3846 ἐαυτὸν,
3018 3782 3112 3836 καὶ
3149 3781 3291 3835 κατὰ
3323 3783 3419 3853 τὴν
3449 3783 3607 3846 ἀξίαν
3629 3780 3732 3834 τῶν

2171 3875 2514 3945 βεὸιωμένων
2562 3872 2775 3942 ἑκάστῳ
2800 3871 2898 3940 τὴν
2931 3871 3110 3942 κρίσιν
3159 3871 3450 3938 ἐπάγοντα,
3487 3874 3600 3935 τοῖς
3639 3871 3731 3941 μέν

2167 3964 2316 4038 δεξιᾷ
2345 3969 2412 4036 τῇ
2447 3963 2760 4036 προαιρέσει
2799 3963 3062 4032 συζήσασι
3093 3964 3162 4016 τά
3205 3963 3374 4029 δεξιά,
3420 3964 3604 4028 καθὼς
3663 3966 3730 4017 εἴ·

2174 4073 2353 4130 ρηται,
2392 4055 2767 4126 χαριζόμενον,
2799 4057 2912 4117 τοίς
2939 4053 2994 4106 δὲ
3029 4056 3234 4118 σκαιοῖς
3276 4071 3335 4108 τε
3374 4056 3469 4106 καὶ
3498 4054 3734 4126 άπαδλή-

2169 4165 2301 4211 τοις,
2334 4146 2430 4217 τὴν
2456 4143 2788 4214 κατάλληλον
2811 4145 2922 4207 τοῖς
2951 4143 3299 4213 βεϐιωμένοις
3324 4145 3732 4217 άποκληροῦντα

2169 4237 2349 4308 ψῆφον
2369 4252 2382 4265 ’
2415 4235 2733 4305 ἐπιλέγοντα
2766 4235 3068 4306 ἑκατέροις,
3096 4237 3208 4297 τοῖς
3236 4233 3335 4305 μὲν
3364 4235 3460 4306 τὴν
3481 4236 3733 4304 γλυκεῖαν

2170 4331 2266 4410 κῃ.
2309 4328 2520 4400 ἀγαθὴν
2546 4329 2759 4398 ἐκείνην
2793 4329 3012 4398 φωνὴν,
3049 4327 3131 4380 ὃτι
3161 4327 3358 4390 Δεῦτε,
3393 4331 3446 4381 οὶ
3487 4331 3709 4398 siluam

504 4415 721 4471 diversa
777 4422 962 4470 tamen
1016 4417 1227 4472 ratione
1269 4417 1627 4487 appellantem
1683 4419 1867 4474 audio.
1917 4419 2065 4475 Alios

2171 4415 2337 4486 μένοι
2380 4417 2487 4471 τοῦ
2538 4418 2766 4485 Πατρός
2789 4431 2939 4486 μου·
2985 4418 3095 4479 τοῖς
3139 4416 3194 4468 δὲ
3233 4416 3328 4488 τὴν
3366 4417 3608 4489 φρικώδη
3649 4422 3735 4472 καὶ

501 4509 647 4562 enim
687 4507 1024 4562 dulcissimis
1055 4507 1163 4562 illis
1203 4523 1267 4562 ac
1313 4507 1664 4564 faustissimis
1713 4509 1896 4565 verbis
1933 4509 2070 4563 allo-

2173 4508 2411 4578 φοὸερὰν
2460 4508 2707 4578 ἀπειλὴν,
2741 4508 2822 4560 ὅτι
2855 4507 3205 4575 Πορεύεσθε,
3237 4511 3290 4561 οι
3322 4509 3731 4579 κατηραμένοι.

503 4600 718 4670 quitur:
744 4597 944 4660 Venite,
978 4597 1231 4652 benedicti
1275 4597 1455 4653 Patris
1486 4600 1586 4652 mei
1614 4615 1633 4663 ;
1659 4600 1797 4654 alios
1823 4600 2065 4655 horribili

2172 4598 2329 4653 Οὕτω
2360 4599 2417 4652 δέ
2449 4617 2539 4670 μοι
2562 4599 2658 4670 τῆς
2684 4598 2862 4669 ψυχῆς
2891 4598 3027 4670 πρὸς
3059 4599 3149 4652 τὸν
3178 4597 3286 4652 τῶν
3315 4600 3735 4668 ἀνεγνωσμένων

503 4705 570 4744 ac
611 4689 898 4744 metuenda
931 4689 1022 4742 illa
1047 4689 1467 4743 comminatione
1505 4709 1518 4743 :
1558 4687 1661 4754 Ite,
1695 4689 1983 4756 maledicti,
2015 4691 2065 4742 in

2173 4690 2334 4759 φόϐον
2363 4689 2718 4759 διατεθείσης,
2757 4689 2833 4753 ὡς
2855 4694 2873 4710 ο
2897 4691 2914 4711 ι
2943 4695 2963 4713 .

503 4780 674 4850 ignem
705 4790 976 4836 (eternum.
1004 4779 1095 4832 Sic
1117 4787 1298 4834 autem
1327 4781 1457 4833 mihi
1490 4781 1604 4835 haec
1631 4780 1822 4851 legenti
1863 4789 1910 4835 el
1941 4795 2072 4834 con-

3013 4689 3152 4761 πρὸς
3187 4691 3369 4754 αὐτοῖς
3395 4691 3570 4744 δοκεῖν
3601 4689 3733 4746 εἶναι

2171 4785 2284 4842 τοῖς
2319 4781 2627 4853 πράγμασι.
2676 4781 2787 4834 Καὶ
2841 4780 2948 4834 τῶν
2986 4781 3270 4852 παρόντων
3317 4783 3734 4837 ἐπαισθάνεσθαι

503 4872 772 4926 sideranti
818 4869 1046 4926 allectus
1068 4879 1120 4926 et
1151 4871 1569 4941 perterrefactus
1618 4883 1701 4926 est
1735 4875 1970 4936 animus,
2013 4879 2065 4924 ut

2179 4873 2422 4942 μηδενὸς,
2458 4871 2712 4942 οὐδεμίαν
2759 4874 2788 4926 ὀ
2831 4872 2953 4935 νοῦς
3013 4872 3137 4940 ἄγει
3180 4871 3391 4942 σχολὴν,
3443 4874 3576 4944 πρὸς
3613 4873 3735 4928 ἄλλο

505 4962 622 5033 [ea
668 4977 777 5016 non
808 4962 931 5034 legi,
965 4962 1060 5017 sed
1097 4962 1235 5027 ﬁeri,
1287 4979 1396 5018 non
1449 4964 1810 5032 pronuntiari,
1845 4964 1941 5018 sed
1985 4964 2065 5033 agi

2174 4982 2228 5016 τι
2281 4964 2496 5034 βλέπειν
2540 4963 2648 5017 τῶν
2695 4963 3068 5034 προκειμένων
3111 4964 3192 5026 εἰς
3247 4963 3488 5028 ἐξέτασίν
3534 4983 3592 5017 τε
3644 4965 3733 5018 καὶ

506 5054 904 5124 quodammodo
947 5055 1283 5122 existimem,
1310 5056 1530 5126 jamque
1559 5071 1667 5110 non
1697 5055 1902 5120 audire,
1939 5054 2065 5126 sed]

2176 5056 2410 5125 θεωρίαν
2435 5055 2514 5126 τῷ
2566 5055 2740 5125 λόγῳ·
2769 5054 2945 5107 καίτοι
2977 5070 3040 5122 γε
3074 5055 3134 5106 οὐ
3167 5055 3336 5126 μικρά
3367 5055 3539 5108 ταῦτά
3568 5057 3732 5116 ἐστιν,

505 5147 664 5214 plane
687 5145 852 5200 rebus
878 5145 1012 5214 ipsis
1033 5146 1297 5201 interesse
1326 5146 1459 5200 mihi
1489 5146 1697 5202 videor.
1722 5151 1908 5216 Itaque
1933 5163 2072 5217 prie-

509 5233 740 5288 sentium
768 5233 1155 5303 nihilamplius
1173 5238 1370 5300 sentio,
1402 5251 1502 5289 nec
1531 5237 1697 5291 menti
1723 5246 1881 5292 vacat
1902 5237 2074 5307 respi-

508 5338 632 5378 cere
689 5322 757 5377 ad
808 5324 957 5379 aliud
1013 5323 1310 5395 quidquam
1374 5342 1599 5394 eorum,
1641 5343 1760 5397 ηυδε
1820 5329 1953 5384 mihi
2003 5329 2068 5383 ad

507 5413 897 5484 explorandum
939 5423 993 5471 et
1043 5417 1519 5486 contemplandum
1572 5419 1848 5490 proposita
1902 5428 2070 5486 sunt,

584 5588 626 5620 “
667 5589 854 5644 Matth.
918 5606 1041 5658 xxv,
1070 5591 1138 5645 40
1177 5609 1298 5664 sqq.

2175 5147 2296 5201 οὐδὲ
2333 5147 2517 5217 ὀλίγης
2548 5147 2825 5216 ζητήσεως
2853 5145 2998 5212 ἄξια,
3045 5146 3106 5198 τὸ
3141 5146 3342 5213 γνῶναι
3374 5146 3486 5210 πῶς
3523 5147 3732 5216 ἔρχεται

2174 5241 2203 5292 ὁ
2248 5240 2334 5293 ἀεὶ
2385 5239 2595 5310 παρών.
2678 5238 2822 5293 Ἰδοὺ
2868 5238 2997 5309 γάρ,
3037 5239 3190 5309 φησὶ,
3234 5239 3363 5306 μεθ’
3406 5238 3570 5308 ὑμῶν
3621 5239 3730 5306 εἰμι

2175 5329 2376 5394 πάσας
2420 5330 2528 5394 τὰς
2572 5329 2826 5400 ἡμέρας·
2877 5330 2968 5384 καὶ
3003 5332 3051 5382 εἰ
3099 5329 3216 5398 μεθ’
3263 5329 3418 5400 ἡμῶν
3453 5325 3587 5382 εἶναι
3641 5347 3732 5382 πε-

2181 5423 2482 5490 πίστευται,
2519 5422 2634 5487 πῶς
2656 5422 2804 5493 ἥξειν
2825 5423 2898 5487 ὡς
2918 5423 2979 5476 οὐ
3014 5420 3203 5491 παρὼν
3232 5420 3654 5491 ἐπαγγέλλεται;
3685 5419 3729 5472 εί
