3844 6402
106 261 180 316 ίῖὅ
1197 251 1285 307 DE
1325 249 1621 307 PAUPEBI

1792 249 2113 305 AMANDIS.
3205 258 3306 311 474

100 372 184 439 γὰρ
212 367 277 419 ἐν
305 363 467 429 αὐτῷ
498 362 683 433 ζῶμέν
709 380 773 417 τε
812 362 910 416 καὶ
946 364 1263 431 κινούμεθα
1296 363 1396 417 καὶ
1421 362 1618 432 ἐσμὲν.

1786 362 1982 416 iamvis
2008 377 2070 416 ea
2102 361 2348 430 profecto
2384 376 2483 415 nec
2524 376 2687 430 parva
2726 362 2858 427 siut,
2904 378 3006 416 nec
3056 378 3304 433 eXIguztm

100 456 247 519 καθώς
292 470 453 524 φησιν
501 456 532 507 ὁ
593 453 945 517 Ἀπόστολος,
997 453 1221 522 οὐδεμία
1280 454 1494 525 μηχανὴ
1539 453 1618 506 rei

1793 452 2135 522 dagationem
2170 453 2495 533 requirant;
2527 454 2803 522 quomodo
2833 454 3086 509 videlicet
3124 458 3305 511 venire

100 545 556 618 περιδεδραγμὲνου
591 545 697 596 τῶν
746 545 961 598 πάντων
991 545 1116 607 τοὺς
1149 546 1206 597 ὲν
1234 545 1381 615 αὐτῴ
1407 558 1618 614 κατεχο-

1794 543 2092 612 telligatur,
2118 543 2211 611 qui
2240 559 2457 611 semper
2488 543 2663 620 adest,
2690 546 2992 617 praesertim
3023 562 3146 601 cum
3191 548 3305 615 ipse

103 642 258 703 μένους
282 636 523 698 τοπικῶς
548 636 847 707 ἀποστήσει
865 652 887 687 ·.
911 635 1051 688 ὥστε
1082 637 1115 706 ἢ
1144 635 1239 688 νῦν
1271 636 1345 705 μὴ
1382 640 1621 705 παρεῖναι

1792 642 1878 687 cat
1911 653 1924 688 :
1955 637 2089 687 Ecce
2117 634 2379 687 vobiscum
2407 651 2522 686 sum
2548 636 2786 688 omnibus
2810 636 2989 689 diebus
3022 634 3209 707 [usque
3238 641 3304 689 ad

107 734 185 793 ,οἷς
209 726 685 798 ὲμπεριεχομένοις
707 767 721 790 ,
754 726 787 795 ἢ
817 726 1027 797 χρόνοις
1055 725 1279 797 ὓστερον
1302 725 1625 796 παρέσεσθαι

1785 726 2233 779 msummationem
2266 725 2447 778 swculi
2483 724 2554 797 ⁶³⁵]
2589 743 2604 790 ;
2639 735 2692 779 et
2741 727 2785 780 si
2842 728 3123 782 nobiseum
3184 744 3303 783 esse

102 839 203 875 ποτε
227 820 610 892 προσδοκῆσαι.
645 818 741 880 Τίς
767 817 822 870 δὲ
863 819 957 871 καὶ
985 820 1018 888 ἡ
1050 817 1143 871 τοῦ
1173 818 1464 887 ἀσωμάτου
1499 806 1620 870 καθ-

1783 817 1976 869 ‘editur
2000 855 2015 877 ,
2046 814 2320 884 quomodo
2355 826 2617 869 venturus
2640 856 2655 882 ,
2691 825 2949 886 tanquam
2999 834 3106 872 non
3142 820 3301 881 adsit,

101 916 231 983 £691;
272 911 363 964 καὶ
423 912 459 980 ὴ
511 909 603 961 τοῦ
666 909 898 977 ἀοράτου
960 909 1263 978 ὲμφάνεια;
1317 908 1409 961 καὶ
1460 910 1493 978 ἡ
1539 906 1619 959 soi

1784 906 2125 960 tistimetur?
2167 905 2222 959 Si
2262 906 2407 959 enim
2452 908 2505 958 in
2541 908 2654 973 ipso
2680 911 2762 966 (ut
2790 910 2965 977 inquit
2992 911 3302 979 Apostolus)

100 1004 464 1073 ἀσχηματίστου
519 1004 733 1072 peperi;
790 1002 883 1054 καὶ
929 1003 961 1071 ἡ
1010 1000 1103 1054 τοῦ
1146 1002 1429 1071 ἁχωρήτου
1468 1002 1525 1053 ὲν
1557 1001 1618 1071 τιῖ

1785 995 1983 1057 vimus,
2015 1010 2319 1056 movemur,
2353 1004 2403 1048 et
2453 1011 2633 1051 sumus
2665 997 2730 1058 ⁸⁸,
2767 999 2916 1050 nullo
2972 1000 3131 1052 modo
3191 1000 3302 1053 iieri

102 1096 240 1165 θρόνῳ
273 1094 623 1163 περιγραφῆς
681 1091 775 1143 καὶ
809 1091 983 1143 πάντα
1023 1091 1088 1143 τὰ
1120 1090 1361 1155 τοιαῦτα,
1408 1091 1483 1151 ὼς
1516 1090 1620 1158 μεί·

1786 1094 1933 1149 )test,
1970 1095 2028 1141 ut
2067 1087 2136 1141 ab
2165 1087 2280 1147 illo,
2312 1089 2405 1157 qui
2437 1088 2819 1157 complectitur
2842 1092 3044 1152 pluuia,
3075 1092 3133 1154 ii,
3166 1107 3304 1161 quos

102 1189 200 1250 ξυνα
242 1184 273 1253 ἦ
319 1182 462 1236 κατὰ
514 1183 604 1234 τὸν
669 1182 909 1253 παρόντα
963 1180 1172 1248 καιρὸν,
1233 1179 1620 1251 ὑπερθήσομαι.

1787 1193 1851 1231 use
1883 1178 2319 1247 comprehendit,
2368 1181 2491 1233 loco
2536 1180 2940 1244 discludantur,
2988 1184 3058 1236 ita
3102 1190 3159 1236 ut
3213 1194 3305 1237 aut

102 1280 252 1338 Ὅπως
273 1274 314 1326 δ’
342 1273 407 1327 ἂν
442 1273 518 1343 μὴ
548 1274 627 1336 εἰς
652 1273 751 1342 τὴν
773 1271 882 1325 τῶν
906 1271 1223 1342 ἁποϐλήτων
1247 1271 1620 1341 ἁπωσθείημει

1783 1284 1880 1322 unc
1926 1270 2150 1323 minime
2190 1270 2335 1324 adsit
2377 1270 2461 1325 bis
2514 1272 2605 1339 qui
2642 1272 2711 1326 ab
2759 1274 2879 1341 ipso
2935 1276 3301 1339 continentur,

97 1369 235 1432 τάξιν,
266 1367 400 1436 πρὸς
444 1363 622 1427 τοῦτο,
674 1362 856 1427 καθὼς
900 1363 967 1416 ἂν
1012 1358 1124 1425 οἷός
1175 1378 1233 1416 τε
1279 1357 1343 1427 ὦ,
1390 1364 1526 1431 πρὸς
1573 1363 1615 1415 τί

1779 1370 1827 1413 ut
1875 1370 1997 1429 post
2050 1361 2269 1428 aliquod
2322 1369 2536 1431 tempus
2589 1363 2885 1418 adiutorus
2938 1373 3297 1434 exspectetur.

99 1460 241 1514 κοινὸν
260 1457 447 1529 κέρδος
470 1456 655 1528 τρέψω
682 1455 775 1509 τὸν
802 1456 976 1523 λόγον.
1002 1454 1211 1527 Σφόδρα
1236 1456 1364 1526 γὰρ,
1390 1454 1617 1523 ἀδελφοὶ

1787 1464 2159 1523 raeterea,qua2
2186 1454 2359 1523 possit
2386 1471 2507 1509 esse
2538 1456 2684 1534 illius
2711 1467 2805 1510 aut
2832 1456 3009 1520 sedes,
3038 1467 3131 1511 aut
3166 1472 3305 1529 prae.

99 1551 269 1620 σφόδρα
316 1548 455 1619 πρὸς
501 1547 603 1618 τὴν
648 1546 876 1617 ἀπειλὴν
927 1547 1305 1616 κατεπτόημαι
1327 1563 1341 1577 ο
1390 1546 1486 1599 καὶ
1535 1548 1617 1599 οὐδ

1785 1543 1931 1607 :ntia,
1966 1553 2059 1597 aut
2107 1544 2279 1597 forma
2304 1582 2320 1607 ,
2351 1553 2445 1598 aut
2488 1548 2541 1600 in
2598 1548 2800 1602 throno
2840 1549 3303 1619 circumscriptio,

98 1639 325 1711 ἀρνοῦμαι
370 1640 473 1709 τῆς
524 1637 703 1709 ψυχῆς
742 1653 842 1708 μου
876 1635 937 1690 τὸ
981 1637 1171 1699 πάθος.
1219 1636 1549 1708 Ἐϐουλόμην
1588 1638 1616 1690 δ

1791 1635 1829 1688 ii
1858 1643 1911 1689 et
1936 1650 2169 1705 corpore
2194 1644 2367 1699 caret,
2403 1647 2457 1692 et
2505 1638 2676 1693 videri
2720 1656 2827 1693 non
2870 1648 3068 1709 potest,
3103 1652 3158 1713 et
3199 1640 3309 1694 for-

96 1734 145 1784 ἂν
174 1730 253 1783 καὶ
290 1730 429 1799 ὑμᾶς
465 1728 542 1799 μὴ
569 1727 1053 1799 καταφρονητικῶς
1097 1727 1240 1796 ἔχειν
1275 1726 1384 1781 τῶν
1429 1728 1609 1795 φόϐων

1790 1742 1876 1779 am
1902 1728 2105 1780 nullam
2137 1728 2319 1793 habet,
2336 1740 2390 1783 et
2418 1730 2619 1799 ubique
2645 1731 2725 1785 sic
2754 1732 2928 1791 adest.
2954 1740 3013 1785 ut
3039 1746 3307 1801 nusquam

96 1822 339 1893 Μακάριος
369 1820 483 1891 γὰρ
510 1819 570 1885 ὃς
611 1821 982 1890 καταπτήσσει
1015 1818 1191 1872 πάντα
1222 1818 1288 1871 δι’
1327 1818 1610 1873 εὐλάϐειαν

1790 1818 1984 1874 ιηοιυιιί
2023 1820 2303 1875 secludive
2332 1822 2523 1890 possit.
2563 1820 2687 1877 liazc
2723 1822 2889 1893 igitur
2927 1835 2981 1878 et
3013 1830 3208 1879 cetera
3254 1823 3308 1877 id

104 1915 148 1966 '0
192 1913 242 1964 δὲ
296 1909 651 1981 καταφρονῶν
700 1910 1044 1981 πράγματος,
1093 1910 1622 1980 καταφρονηθήσεται

1785 1926 1902 1965 enus
1934 1918 2194 1981 tanquam
2228 1913 2459 1982 majora,
2510 1929 2671 1983 quam
2704 1924 2761 1969 ut
2794 1930 2824 1967 a
2863 1915 3022 1970 nobis
3065 1916 3121 1969 in
3168 1930 3303 1985 prte-

95 2007 163 2058 ὑπ’
194 2004 365 2067 αὐτοῦ,
411 2002 547 2073 φησί
601 2018 703 2055 που
746 2001 847 2071 τῆς
902 2002 1091 2071 σοφίας
1122 2002 1152 2054 ὁ
1194 2002 1367 2071 λόγος.
1427 2000 1613 2054 Οὐκούε

1789 2002 1910 2056 :ntia
1940 2005 2202 2073 explicari
2242 2006 2477 2069 valeant,
2510 2007 2847 2080 omittemus,
2885 2015 2941 2062 et
2997 2008 3307 2063 communis

95 2098 174 2167 πρὸ
196 2098 287 2163 τῆς
316 2094 465 2165 ὥρας
495 2094 605 2146 τῶν
636 2093 841 2156 κακῶν,
875 2093 936 2145 τὸ
972 2094 1047 2163 μὴ
1074 2093 1130 2145 ὲν
1164 2092 1329 2165 πείρᾳ
1362 2093 1469 2145 τῶν
1500 2110 1613 2145 σκυ·

1900 2096 1985 2151 itis
2012 2098 2185 2167 gratia
2230 2098 2360 2152 illuc
2390 2099 2694 2153 orationem
2745 2109 2991 2156 nostram
3023 2109 3309 2156 converte-
3410 2096 3418 2106 ’

94 2187 285 2257 θρωπῶν
310 2185 567 2254 γενέσθαι
606 2182 999 2254 φροντίσωμεν.
1035 2185 1130 2247 Τίς
1156 2184 1212 2237 δὲ
1261 2186 1295 2253 ἡ
1336 2184 1612 2252 ἁπαλλαγὶ

1788 2202 1875 2247 us.
1916 2196 1997 2251 ut,
2026 2204 2136 2257 quo
2192 2200 2349 2258 pacto
2399 2190 2513 2245 ﬁeri
2560 2192 2752 2260 possit,
2792 2210 2859 2247 ne
2906 2194 3218 2264 redigamur
3253 2194 3306 2248 in

92 2281 172 2331 τῶν
196 2278 460 2349 φοϐερῶν;
500 2278 574 2330 Τὸ
604 2278 807 2345 ταύτην
834 2276 927 2329 τοῦ
965 2277 1077 2347 βίον
1108 2276 1205 2347 τὴν
1237 2276 1353 2329 ὁδὸν
1386 2275 1610 2330 ἑλέσθαι.

1786 2278 2089 2345 rproborum
2158 2279 2445 2343 ordinem,
2505 2296 2604 2351 pro
2660 2284 2871 2340 viribus
2930 2286 3304 2340 ostendamus.

92 2374 139 2439 ἣν
166 2371 246 2423 νῦν
274 2368 549 2434 ὑπέδειξεν
578 2371 712 2440 ἡμῖν
739 2370 767 2422 ὁ
795 2368 970 2436 λόγος,
999 2367 1098 2437 τὴν
1125 2367 1432 2437 πρόσφατον
1455 2366 1610 2429 ὅντως

1787 2368 2010 2438 ιυίάεηι,
2044 2377 2101 2425 ut
2134 2371 2366 2442 ingenue
2418 2372 2595 2428 fatear
2626 2376 3091 2453 perturbationem
3140 2377 3305 2430 animi

92 2461 362 2525 καὶξῶσαν.
1726 2462 1853 2525 mei,
1896 2468 2267 2531 vehementer,
2302 2482 2335 2522 ο
2371 2467 2604 2534 fratres,
2637 2469 2987 2525 vehementer
3038 2469 3128 2523 illa
3159 2484 3308 2525 com-

92 2556 342 2609 minatione
403 2552 737 2631 οοιιιετι-ἱιιιε
786 2567 927 2606 sum.
974 2549 1088 2605 Ηοο
1144 2559 1323 2605 autem
1377 2551 1571 2604 timore
1630 2566 1727 2607 VOS
1782 2554 1907 2609 item
1958 2556 2093 2611 allici
2143 2560 2302 2614 velim
2362 2574 2539 2631 neque
2602 2576 2726 2616 eum
2785 2564 2893 2616 ulla
2942 2563 3155 2617 ratione
3211 2560 3308 2617 do.

92 2648 278 2716 spicere.
322 2647 521 2701 Beatus
572 2646 718 2700 enim
771 2645 856 2698 vir
903 2644 997 2713 qui
1046 2652 1265 2699 veretur
1316 2645 1499 2697 omnia
1537 2658 1635 2712 per
1689 2654 1932 2711 metum,
1972 2660 2033 2703 ut
2079 2652 2315 2719 quodam
2366 2654 2487 2707 loco
2542 2653 2716 2722 inquit
2765 2653 2990 2723 Sapiens
3057 2654 3134 2719 ";
3214 2655 3305 2722 qui

90 2752 231 2795 autem
255 2742 557 2795 contemnit
584 2754 723 2803 rem,
755 2748 1134 2794 contemnetur
1178 2740 1245 2793 ab
1294 2754 1379 2794 ea.
1430 2736 1757 2810 Priusquam
1785 2743 1949 2813 igitur
1973 2744 2187 2801 irruaut
2242 2748 2418 2813 mala,
2470 2748 2662 2805 demus
2719 2763 2936 2819 operam
2997 2747 3306 2819 diligenter,

94 2852 141 2890 ne
177 2838 316 2891 nobis
358 2837 474 2891 haec
530 2835 707 2889 tristia
754 2848 979 2889 necesse
1030 2835 1103 2889 sit
1131 2835 1388 2905 esperirl.
1425 2834 1621 2888 Verum
1659 2839 1895 2917 quonam
1940 2841 2101 2896 modo
2133 2856 2196 2896 ea
2249 2841 2831 2897 declinabimus?'hoc
2898 2844 3177 2906 nimirum,
3249 2859 3303 2895 ιιι

92 2941 178 2979 eam
203 2925 407 2981 vivendi
461 2924 733 2978 rationem
770 2934 824 2978 et
853 2923 1017 2988 viam,
1048 2939 1211 2995 quam
1243 2925 1295 2977 in
1325 2925 1613 2993 prtesentia
1658 2927 1947 2999 Scriptura
1993 2933 2156 2987 nobis
2182 2933 2444 2999 ostendit,
2476 2949 2598 3005 quae
2627 2950 2773 2989 nunc
2804 2936 2982 3006 viget,
3056 2938 3106 2990 et
3185 2948 3305 2990 rere

92 3020 208 3082 risit,
232 3018 621 3089 iugrediamur.

140 3112 285 3175 Τίςδὲ
310 3115 336 3183 ἢ
362 3112 479 3175 ὁδός
501 3129 515 3177 ;
534 3113 836 3176 Ἐπείνων,
859 3110 1104 3177 ἐδίψων,
1130 3108 1496 3177 ξένοςῆμην.
1518 3109 1611 3162 καί
1645 3119 1658 3173 1

1789 3110 2048 3176 Quaenam
2079 3119 2163 3167 est
2202 3113 2317 3167 haec
2342 3115 2483 3168 ratio
2510 3114 2534 3167 ?
2560 3128 2807 3184 quamam
2842 3114 2955 3169 haec
2999 3115 3085 3169 via
3112 3117 3135 3169 ?
3164 3115 3303 3170 Esu—

92 3204 271 3272 τιμνύς
298 3204 393 3257 καὶ
438 3204 726 3270 ἀσθενὴς,
768 3203 864 3255 καὶ
898 3202 969 3254 ἐν
1000 3199 1266 3269 φυλακῇ.
1319 3201 1443 3268 Ἐφ’
1473 3199 1610 3252 ὅσον

1784 3203 1846 3267 vi,
1878 3204 2040 3269 sitivi,
2071 3208 2254 3271 hospes
2276 3221 2443 3271 eram,
2471 3216 2519 3260 et
2544 3207 2739 3269 nudus,
2772 3217 2821 3260 et
2873 3208 3139 3276 inﬁrmus,
3164 3218 3212 3263 et
3251 3212 3302 3264 iu

96 3296 370 3360 ἐποιήσατε
387 3296 477 3349 ἐνί
494 3296 721 3349 τούτων
746 3293 864 3347 τῶν
891 3292 1248 3360 ἐλαχίστων,
1264 3290 1393 3360 ἐμοὶ
1415 3290 1614 3360 ἐποιή‹

1783 3306 1949 3347 tmere.
1970 3296 2239 3362 Quatenus
2262 3296 2545 3350 urticarum
2566 3287 2785 3363 fecistis,
2807 3298 2933 3351 mihi
2977 3300 3190 3367 fecistis.
3212 3300 3301 3354 id-

94 3400 222 3438 care.
254 3385 356 3438 Καὶ
390 3383 482 3437 διὰ
519 3382 697 3445 τοῦτο,
732 3382 886 3451 φησι,
917 3380 1121 3446 Δεῦτε,
1148 3384 1200 3434 οι
1230 3381 1612 3450 εὐλογημένοι

1784 3384 2301 3454 rco,Venite,inquit,
2331 3386 2582 3440 benedicti
2614 3386 2793 3441 Patris
2823 3389 2943 3442 mei.
2960 3388 3100 3454 Quid
3119 3405 3183 3444 ex
3219 3391 3302 3445 his

94 3474 169 3528 τοῦ
206 3478 421 3543 Πατρός
451 3493 593 3545 μου.
636 3476 701 3526 Τί
728 3472 816 3527 διὰ
852 3473 1067 3528 τούτων.
1091 3474 1464 3545 μανθάνομενς
1500 3476 1612 3528 Ὅτι

1786 3474 2480 3531 ΒοὶιηιιεῖΒεηειίὶριίοηειη
2506 3492 2570 3531 ac
2601 3494 2874 3534 summum
2907 3482 3110 3536 bonum
3145 3485 3198 3538 in
3221 3485 3304 3537 di-

94 3566 263 3633 εὐλογία
294 3567 388 3638 μέν
420 3570 591 3629 ἐστιν,
700 3564 808 3618 τῶν
857 3564 1083 3620 ἐντολῶν
1117 3564 1433 3637 ἐπιμέλεια·
1492 3580 1612 3619 κατ-

1774 3566 1942 3635 gentia
1961 3605 1976 3628 ,
1999 3572 2056 3620 et
2077 3565 2424 3621 observantia
2453 3566 2833 3622 mandatorum
2864 3570 3098 3636 positum
3131 3587 3254 3627 esse
3278 3590 3292 3638 ;

93 3660 172 3727 ἀρα
199 3660 265 3721 δὲ,
295 3661 327 3729 ἡ
359 3660 491 3729 περὶ
532 3659 630 3721 τὰς
660 3656 880 3722 ἐντολὰς
917 3658 1180 3729 ῥᾳθυμία.
1224 3658 1611 3729 Ἀγαπήσωμει

1783 3654 2157 3711 aledietionem
2195 3664 2249 3710 et
2304 3659 2569 3711 malorum
2618 3666 2922 3713 extremum
2977 3674 3043 3715 ex
3095 3662 3301 3717 desidia

94 3748 164 3816 τὴν
191 3748 441 3817 εὐλογίαν,
478 3750 574 3802 καὶ
604 3749 865 3818 φύγωμεν
905 3750 1002 3820 τὴν
1036 3748 1298 3819 κατάραν.
1346 3749 1460 3817 Ἐφ’
1490 3751 1612 3820 ἡμῖν

1781 3746 2212 3818 andatorumque
2257 3747 2614 3818 despicientia
2650 3748 2946 3817 proficisci.
3010 3748 3161 3804 Illam
3197 3753 3299 3822 igi-

94 3838 172 3907 γάρ
195 3844 327 3893 ἐστιν
352 3840 569 3893 ἑλέσθαι
598 3841 631 3912 ἢ
665 3840 738 3912 μὴ
785 3838 997 3894 ἑλέσθαι
1042 3843 1160 3893 κατ’
1201 3840 1443 3904 ἐξουσίαν
1488 3839 1612 3894 ἑκά-

1786 3853 1811 3890 ι·
1846 3839 2263 3907 amplectamur,
2286 3839 2426 3893 hanc
2456 3838 2743 3909 fugiamus,
2768 3840 2988 3909 quando
3022 3841 3075 3894 in
3112 3850 3298 3897 nostra

93 3944 211 3998 τερον
233 3932 387 4003 οπρὺς
435 3932 467 3985 ὃ
502 3946 556 3985 τι.
588 3933 695 4002 γὰρ
738 3932 805 3986 ἂν
847 3936 913 4005 τῇ
942 3931 1218 4003 προθυμίᾳ
1257 3932 1528 4003 ρέψωμεν,
1562 3936 1611 3986 ὲν

1777 3940 1880 3979 anu
1912 3927 2077 3981 situm
2120 3936 2223 4001 est,
2256 3935 2337 3992 ut,
2371 3938 2548 3983 utram
2599 3930 2868 3994 volumus,
2904 3931 3292 4000 adipiscamur.

94 4022 244 4093 ἐκείνῳ
264 4023 513 4095 ἐσόμεθα.
547 4024 754 4078 οὐκοῦν
780 4024 1187 4094 οὶκειωσώμεθα
1213 4025 1303 4078 τὸν
1342 4025 1442 4095 τῆς
1469 4024 1612 4078 εὐλο·

1778 4017 1974 4087 dquod
2015 4020 2162 4074 enim
2200 4021 2417 4090 egregia
2466 4020 2634 4074 animi
2672 4022 2953 4076 alacritate
2994 4024 3296 4093 propended-

92 4113 184 4175 γίις
220 4116 431 4187 Κύριον,
480 4116 573 4169 τὸν
623 4116 799 4188 ἑαυτῷ
840 4118 937 4188 τὴν
983 4117 1110 4186 περὶ
1159 4118 1285 4179 τοὺς
1331 4114 1610 4186 δεομένους

1774 4124 1912 4174 mus,
1965 4111 2020 4165 in
2076 4125 2143 4166 eo
2198 4109 2369 4165 fdturi
2401 4126 2614 4167 sumus.
2670 4111 2850 4178 Quare
2895 4113 3292 4171 benedictionis

94 4205 282 4277 σπουδὴν
324 4207 671 4278 λογιζόμενον
690 4225 707 4241 ο
763 4209 857 4262 καὶ
894 4208 1127 4278 μάλιστα
1155 4208 1270 4271 νῦν,
1300 4206 1389 4261 ὅτε
1420 4207 1612 4280 πολλὴν

1774 4202 2030 4266 ominum,
2067 4203 2159 4271 qui
2199 4202 2423 4272 perinde
2460 4204 2616 4258 nobis
2652 4216 2933 4274 acceptum
2964 4205 3178 4261 laturus
3210 4212 3292 4261 est

93 4294 176 4362 ἔχει
217 4298 343 4352 κατὰ
382 4302 479 4353 τὸν
525 4300 768 4371 παρόντα
820 4300 932 4370 βίον
980 4298 1113 4369 ὓλην
1163 4298 1196 4371 ἠ
1249 4300 1455 4375 ἐντολή.
1507 4301 1611 4354 Καὶ

1770 4294 1982 4363 uidquid
2014 4295 2176 4350 studii
2206 4306 2260 4350 et
2291 4294 2451 4349 oﬂleii
2491 4296 2543 4349 in
2568 4311 2836 4366 pauperes
2867 4298 3288 4363 contulerimus,

94 4387 235 4441 πολλοὶ
265 4390 355 4459 μὲν
397 4392 449 4445 οἱ
482 4392 589 4445 τῶν
619 4392 926 4460 ἀναγκαίων
955 4392 1152 4454 ἐνδεεῖς
1171 4408 1184 4421 ο
1217 4390 1401 4443 πολλοὶ
1430 4388 1486 4444 δὲ
1525 4388 1612 4444 καῖ

1775 4402 1785 4438 :
1825 4388 1871 4439 si
1903 4386 1956 4439 in
1986 4386 2164 4455 ipsum
2189 4387 2635 4453 contulissemus,
2669 4388 3022 4444 conciliemus
3049 4389 3209 4444 nobis
3240 4394 3293 4443 et

96 4477 217 4529 αὐτοῦ
241 4481 325 4533 τοῦ
364 4483 615 4552 σώματος
658 4483 869 4552 ἔχουσιν
914 4482 1124 4545 ἐνδεῶς,
1156 4483 1220 4534 ἐκ
1244 4481 1344 4550 τῆς
1377 4484 1614 4552 πονηρᾶς

1770 4479 2147 4550 bstringamus,
2190 4480 2495 4549 praesertim
2530 4480 2632 4534 hoc
2670 4488 2934 4551 tempore,
2975 4496 3084 4551 quo
3110 4482 3288 4546 nobis,

95 4568 348 4637 άρρωστίας
374 4574 791 4644 δαπανηθέντες.
816 4573 1023 4626 Οὐκοῦν
1052 4574 1110 4626 ὲν
1147 4576 1213 4643 τῇ
1246 4572 1371 4643 περὶ
1397 4572 1613 4636 τούτους

1773 4584 1849 4625 im
1886 4570 2142 4637 vivimus,
2171 4585 2364 4641 magna
2393 4572 2728 4641 exsequendi
2774 4572 3015 4627 mandati
3058 4572 3291 4627 facultas

98 4663 273 4732 σπουδῇ,
316 4665 413 4733 τὴν
458 4664 670 4734 ἀγαθὴν
710 4664 1037 4732 ἐπαγγελίαν
1083 4665 1292 4725 ἑαυτοῖς
1334 4662 1613 4734 κατορθώ-

1771 4654 2319 4733 -τεὺειυτ,ἰιιιιιιίιιιιο
2369 4671 2517 4726 sunt,
2571 4665 2661 4734 qui
2714 4662 2878 4719 rebus
2925 4666 3289 4727 necessariis,

98 4768 263 4819 σωμεν·
296 4758 435 4825 λέγω
477 4758 530 4809 δὲ
563 4756 746 4825 σαφῶς
773 4758 969 4810 οὑτωσὶ
994 4758 1122 4826 περὶ
1150 4756 1256 4810 τῶν
1288 4757 1352 4807 ἐκ
1383 4755 1484 4824 τῆς
1517 4750 1615 4824 χα.

1777 4755 1895 4818 υΙιί,
1947 4755 2038 4824 qui
2081 4762 2135 4809 et
2187 4756 2307 4825 ipso
2358 4770 2586 4825 corpore
2631 4756 2927 4825 indigeant,
2977 4756 3046 4809 ab
3079 4757 3193 4824 ipsa
3238 4757 3288 4809 vl

96 4842 225 4916 λεπῆς
262 4851 407 4903 νόσου
450 4848 908 4920 διαλωϐηθὲντων.
943 4849 1091 4913 Ὂσῳ
1124 4848 1230 4918 γὰρ
1262 4845 1463 4917 μείζων
1498 4848 1614 4900 ἐστὶ

1775 4848 1895 4901 orbi
1931 4846 2164 4901 confecti
2203 4856 2366 4917 atque
2402 4847 2734 4917 consumpti.
2768 4847 2859 4901 Sic
2904 4847 3069 4914 igitur
3102 4861 3200 4899 nos
3235 4846 3287 4898 in

96 4936 253 4990 τούτων
290 4941 320 5010 ἡ
346 4940 624 5011 ἀρρωστία
648 4981 662 5004 ,
693 4939 931 5011 τοσούτῳ
960 4939 1198 5009 δηλονότι
1220 4939 1314 4991 καὶ
1349 4938 1548 4991 πλείων
1582 4940 1614 5008 ἡ

1766 4952 1817 4992 ιο
1867 4954 1946 5004 re,
2004 4940 2104 4992 hoc
2150 4945 2253 5001 est,
2317 4945 2376 4991 ut
2427 4938 2644 5007 planius
2695 4938 2906 5007 loquar,
2970 4938 3025 4990 in
3082 4937 3147 4989 iis
3192 4935 3284 5004 qui

99 5024 264 5094 εὐλογία
292 5036 399 5095 τοῖς
424 5032 486 5085 τὸ
518 5032 773 5085 ἐπίπονον
812 5031 912 5100 τῆς
956 5030 1173 5101 ἐντολῆς
1216 5029 1611 5102 κατορθώσασι.

1770 5031 1907 5084 orbo
1952 5030 2279 5099 gravissimo
2320 5030 2555 5082 mutilati
2603 5036 2753 5094 sunt,
2799 5027 3047 5082 fovendis
3085 5022 3285 5080 curan-

96 5115 140 5167 Ἰ’ί
176 5117 253 5173 οὖν
296 5125 395 5195 χρὴ
443 5126 736 5196 πράττειν;
789 5122 879 5193 Μὴ
919 5123 1246 5176 ἀντιϐαίνειν
1278 5126 1344 5193 τῇ
1376 5122 1614 5185 διατάξει

1762 5124 1908 5192 isque
1937 5121 2185 5176 studiose
2214 5121 2613 5191 diligenterque
2647 5135 2920 5191 geramus,
2964 5127 3022 5171 ut
3051 5118 3280 5188 praecla-

95 5205 160 5256 τοῦ
187 5210 496 5283 Πνεύματος.
546 5213 694 5284 Αὕτη
723 5214 780 5267 δέ
819 5215 953 5276 ἐστι,
1004 5214 1065 5265 τὸ
1097 5214 1169 5284 μὴ
1203 5212 1613 5283 άλλοτριοῦσθαι

1772 5229 1833 5266 im
1871 5212 2004 5266 illud
2054 5213 2386 5283 promissum
2418 5213 2701 5283 praemium
2743 5224 3117 5279 assequamur.
3160 5206 3290 5276 Quo

95 5296 173 5349 τῶν
198 5307 575 5360 κοινωνούντων
603 5307 699 5377 τῆς
734 5306 977 5375 φύσεως·
1006 5307 1139 5375 μηδὲ
1176 5305 1455 5376 μιμεῖσθαι
1486 5306 1613 5367 τοὺς

1764 5285 1856 5357 tim
1906 5304 2123 5374 gravior
2174 5304 2228 5359 in
2280 5305 2368 5360 bis
2405 5304 2630 5365 morbus
2678 5306 2968 5372 reperitur,
3008 5317 3072 5356 eo
3105 5301 3282 5371 majus

98 5388 136 5438 ίν
172 5395 235 5464 τῷ
294 5400 606 5469 Εὐαγγελίῳ
672 5398 1147 5469 κατηγορηθέντας
1199 5397 1470 5459 ἐκείνους,
1521 5396 1613 5449 τὸν

1762 5396 1993 5449 omnium
2022 5396 2363 5452 laboriosum
2405 5397 2536 5451 illud
2564 5394 2802 5450 mandati
2840 5410 3043 5449 munus
3070 5395 3280 5449 obeun-

102 5478 214 5551 ἱερέα
270 5488 405 5558 λέγω
437 5492 529 5543 και
562 5490 654 5542 τὸν
684 5491 936 5559 Λευῒτην,
971 5487 1309 5559 ἀσυμπαθῶς
1336 5486 1616 5559 παραδραυ

1766 5502 1792 5543 s
1826 5495 2029 5544 manet.
2063 5488 2206 5557 Quid
2230 5489 2399 5561 igitur
2432 5487 2740 5543 faciendum
2773 5485 2897 5559 est?
2930 5484 3064 5557 illud
3091 5487 3282 5555 utique

146 5660 180 5691 "
211 5664 379 5723 Matth.
422 5686 612 5735 xxvut,
652 5669 740 5725 ‘20.
817 5672 863 5702 °‘
902 5670 1020 5725 Act.
1066 5685 1196 5735 xvu,
1235 5669 1325 5724 ‘28.
1438 5670 1481 5701 ⁸⁷
1518 5667 1676 5723 Prov.
1702 5682 1893 5735 xxvut,
1923 5667 2010 5722 Η.
