3844 6388
484 213 588 265 47ῖί

1707 203 1763 256 s.
1803 202 2130 257 caecum]
2187 173 2482 260 sts‘m

3627 211 3725 264 £76

490 331 547 373 ut
571 320 745 375 sancti
779 318 1016 389 Spiritus
1047 319 1313 374 voluntati
1355 335 1423 376 ne
1464 321 1813 386 resistamus;
1852 333 1915 374 ea
1953 335 2080 379 au-.

2184 317 2356 384 ιόντας
2385 322 2476 374 τὸν
2523 322 2670 375 ἐλέου
2704 321 2961 390 δεόμενον
3006 322 3231 387 ἐκεῖνον,
3271 323 3331 375 ὃν
3374 339 3501 392 φησι
3547 323 3611 376 τδ
3651 323 3728 378 δι-

491 424 597 467 tcm
644 419 749 475 est,
783 425 845 467 ut
882 429 996 477 eos,
1037 415 1128 482 qui
1179 415 1368 468 eadem
1417 424 1609 469 natura
1651 413 1859 484 przediti
1905 422 2055 476 sunt,

489 515 746 575 tanquam
801 505 1012 560 alienos
1059 521 1166 560 non
1226 507 1517 569 evitemus,
1565 522 1740 576 neque
1787 505 2060 560 imitemur

489 597 850 666 reprehensos
885 597 1006 649 illos
1048 599 1102 650 in
1136 597 1450 668 Evangelio,
1484 599 1822 652 sacerdotem
1853 605 1906 651 et
1931 599 2061 652 levi-

490 695 598 739 tam
631 686 774 751 dico,
803 687 895 756 qui
924 687 1290 741 miserabilem
1348 688 1522 750 illum,
1565 705 1723 758 quem
1766 689 2004 742 historia.
2031 703 2062 740 a

491 777 796 830 latronibus
857 778 1272 832 semimortuum
1332 780 1584 832 relictum
1652 779 1852 842 tradit,
1914 779 2061 831 nulla

491 870 751 921 commoti
799 870 1279 925 commiseratione
1330 870 1796 940 prmten'ierunt“.
1847 870 1976 923 Nam
2017 872 2060 924 si

491 968 866 1027 coarguuntur
902 960 978 1013 illi
1021 962 1168 1030 quod
1218 961 1282 1014 ad
1338 962 1526 1031 plagas
1569 963 1622 1016 in
1659 963 1806 1015 nudo
1836 977 2066 1032 corpore

492 1051 922 1120 intumescentes
952 1067 1059 1106 non
1103 1054 1447 1123 respexerint
1468 1096 1482 1118 ,
1512 1055 1787 1123 quomodo
1822 1071 1941 1122 nos,
1971 1055 2063 1124 qui

493 1157 618 1196 reos
660 1142 783 1196 illos
817 1142 1116 1206 imitamur,
1153 1161 1260 1197 non
1299 1144 1351 1197 in
1404 1146 1648 1199 eamdem
1683 1148 2066 1216 reprehensio—

494 1249 616 1287 nem
653 1234 1034 1288 ineurremus?
1079 1250 1254 1304 neque
1287 1236 1431 1288 enim
1474 1237 1724 1305 profecto
1753 1246 1861 1291 tam
1902 1238 2068 1291 mise—

495 1325 726 1380 randum
764 1327 1134 1395 spectaculum
1179 1328 1408 1396 praebuit
1439 1329 1551 1391 ille,
1584 1330 1678 1398 qui
1721 1331 1776 1382 in
1824 1330 2067 1385 latrones

497 1419 781 1482 inciderat.
837 1427 896 1471 ut
943 1419 1184 1486 praebent
1232 1419 1308 1481 bi,
1363 1420 1456 1489 qui
1496 1421 1765 1488 ejusmodi
1818 1423 2066 1492 oppressi

496 1517 626 1563 sunt
677 1509 1006 1562 calamitate.
1036 1508 1200 1565 Vides
1266 1511 1541 1566 hominem
1595 1528 1661 1566 ex
1723 1513 2070 1582 improbitate

496 1598 672 1651 morbi
736 1597 791 1650 in
843 1599 1218 1666 quadrupedis
1271 1599 1502 1653 formam
1553 1607 1965 1662 commutatum,
2015 1607 2070 1654 et

2161 410 2353 480 ήγημα
2396 411 2502 464 ὑπὸ
2540 411 2647 464 τῶν
2675 411 2886 482 λῃστῶν
2931 410 3166 482 ἡμιθανῆ
3203 411 3469 478 γενέσθαι.
3522 412 3586 464 Εἰ
3627 414 3730 485 γὰρ

2167 503 2362 555 ἐκεῖνοι
2385 503 2639 566 ὑπαίτιοι,
2674 504 2748 572 μὴ
2777 502 3201 574 ἐπιστραφέντες
3229 501 3364 571 πρὸς
3389 501 3486 564 τὰς
3517 501 3730 572 πληγὰς

2162 595 2219 646 ἐν
2252 594 2441 664 γυμνῷ
2473 595 2552 664 τῷ
2593 594 2808 664 σώματι
2857 593 3189 665 διοιδούσαςο
3224 591 3338 653 πῶς
3379 593 3536 662 ἡμεῖς
3576 592 3731 646 ἀνεύ-

2163 684 2329 746 θυνοι,
2361 685 2485 747 τοὺς
2522 685 2800 747 ὑπαιτίους
2837 683 3191 753 μιμούμενοις
3227 681 3402 734 καίτοι
3439 683 3492 734 τί
3541 681 3728 734 τοσοῦ-

2165 791 2254 826 τον
2309 771 2375 844 ἦν
2412 775 2503 826 ἐπὶ
2545 775 2639 828 τοῦ
2681 778 2793 836 τοῖς
2821 775 3042 847 λῃσταῖς
3085 776 3577 845 παραπεπτωκότος
3611 775 3733 828 θεάα

2166 865 2383 929 σασθαι,
2430 861 2541 918 οἷόν
2591 867 2738 918 ἐστιν
2769 868 2860 918 ἐπὶ
2899 867 3007 919 τῶν
3035 866 3350 919 ἑαλωκότων
3374 867 3452 936 τῷ
3479 868 3639 921 πάθει
3673 868 3734 921 τὸ

2167 958 2379 1027 θέαμα;
2446 957 2604 1026 Ὁρᾷς
2651 957 2953 1027 ἄνθρωπον,
2992 957 3080 1009 διὰ
3123 957 3220 1026 τῆς
3274 959 3514 1028 πονηρᾶς
3550 959 3732 1029 ἀρρω-

2167 1047 2318 1110 στίας
2347 1047 2426 1109 εἰς
2468 1049 2796 1116 τετραπόδου
2829 1051 3012 1117 σχῆμα
3049 1047 3575 1118 μεταπλασσόμενον,
3618 1051 3734 1102 ἀντὶ

2166 1137 2337 1208 ὁπλῆς
2355 1138 2458 1190 ’καὶ
2483 1137 2710 1207 ὀνύχων,
2741 1138 2872 1204 ξύλα
2904 1140 3022 1200 ταῖς
3052 1138 3328 1207 παλάμαις
3361 1138 3734 1208 ὑπολαμϐανό-

2171 1245 2348 1298 μενον,
2396 1231 2581 1282 καινὸν
2617 1229 2760 1299 ἴχνος
2793 1232 2912 1290 ταῖς
2955 1229 3318 1299 ἀνθρωπίναις
3344 1229 3483 1291 ὁδοῖς
3517 1229 3734 1282 ἐπιϐάλ-

2169 1320 2326 1373 λοντα
2346 1337 2359 1350 ο
2393 1321 2477 1384 τίς
2505 1319 2570 1373 ἂν
2614 1322 2676 1372 ὲκ
2707 1319 2800 1371 τοῦ
2832 1319 3008 1388 ἴχνους
3040 1320 3308 1390 ὲπιγνοίη,
3337 1321 3419 1372 ὅτι
3453 1319 3736 1391 ἄνθρωπος

2167 1411 2293 1473 τοὺς
2321 1409 2592 1472 τοιούτους
2624 1409 2824 1470 τύπους
2851 1411 3220 1479 ὲνεσημήνατο
3246 1412 3312 1479 τῇ
3348 1409 3576 1480 πορείας
3610 1409 3764 1463 ’Ᾱν·’

2172 1502 2404 1572 θρωπος,
2429 1505 2456 1554 6
2483 1501 2561 1571 τῷ
2585 1503 2819 1570 σχήματι
2848 1502 3048 1572 ὄρθιος,
3081 1503 3109 1553 6
3140 1503 3219 1563 εἰς
3246 1500 3473 1571 οὐρανὸν
3501 1500 3733 1568 βλέπων,

2170 1595 2199 1645 6
2237 1593 2336 1656 τὰς
2371 1596 2554 1663 χεῖρας
2599 1593 2733 1662 πρὸς
2763 1592 3007 1667 τὴντῶν
3035 1592 3208 1662 ἔργων
3245 1591 3545 1662 ὑπηρεσίαν
3593 1590 3737 1660 παρά

498 1689 716 1758 ungulae
736 1661 898 1758 atque
920 1661 1183 1760 unguium
1210 1691 1327 1744 loco
1347 1690 1491 1760 ligna
1519 1689 1774 1744 manibus
1803 1690 2064 1755 induisse,

2184 1685 2268 1752 τῆς
2303 1661 2516 1753 φύσεως
2561 1661 2719 1754 ἔχων,
2767 1661 2920 1746 οὗτος
2954 1684 3033 1746 εἰς
3068 1661 3170 1752 τὴν
3199 1681 3302 1750 γῆν
3347 1661 3606 1742 κλίνεται,
3649 1681 3738 1732 καὶ

499 1788 660 1849 atque
704 1782 777 1833 ita
829 1795 1029 1834 novum
1076 1781 1293 1850 vestigii
1345 1795 1516 1849 genus
1555 1780 1809 1836 humanis
1855 1781 2067 1835 semitis

499 1869 919 1938 imprimentem.
965 1868 1099 1935 Quis
1129 1885 1194 1923 ex
1231 1885 1296 1924 ea
1325 1869 1503 1924 forma
1550 1878 1715 1939 queat
1752 1885 2066 1937 agnoscere,

499 1958 740 2014 hominis
769 1974 960 2029 gressu
986 1959 1259 2027 ejusmodi
1290 1974 1414 2013 esse
1433 1957 1578 2014 facta
1608 1960 1868 2030 vestigia?
1897 1960 2069 2013 llomo

402 2055 406 2060 '
499 2064 564 2101 eo
585 2050 836 2118 corporis
862 2049 1052 2103 habitu
1086 2059 1140 2104 et
1168 2049 1339 2118 ﬁgura
1371 2036 1660 2116 formatus,
1696 2060 1756 2105 ut
1794 2060 1980 2106 rectus
2015 2051 2068 2104 in

501 2143 700 2195 caelum
729 2143 984 2212 aspiciat,
1015 2143 1101 2196 cui
1136 2157 1394 2195 manuum
1427 2144 1852 2198 instrumentum
1887 2143 1953 2197 ad
1983 2159 2072 2198 res

504 2233 740 2299 agendas
788 2242 983 2288 natura
1030 2235 1200 2297 dedit,
1262 2237 1580 2289 incurvatur
1633 2236 1689 2288 in
1743 2244 1965 2296 terram,
2019 2241 2073 2288 et

506 2322 818 2392 quadrupes
882 2325 988 2388 ﬁt,
1052 2334 1105 2377 et
1168 2339 1357 2392 parum
1425 2323 1578 2378 abest
1646 2323 1777 2392 quin
1844 2323 2073 2377 rationis

507 2429 704 2483 expers
732 2429 857 2468 esse
883 2415 1150 2468 videatur.
1184 2413 1319 2467 Cum
1349 2413 1662 2468 dillicultate
1689 2415 1938 2484 spiritum
1963 2421 2076 2466 tra-

507 2505 613 2569 hit,
654 2505 997 2568 irraucescit,
1038 2513 1092 2557 et
1123 2520 1188 2557 ex
1229 2505 1439 2558 intimis
1470 2505 1776 2560 visceribus
1828 2504 2074 2558 fremitus

508 2597 677 2660 elicit,
724 2595 860 2664 ipsis
909 2597 1070 2649 etiam
1119 2596 1352 2651 rationis
1395 2597 1710 2666 expertibus
1750 2596 2075 2650 animalibus

510 2685 734 2740 ell‘ectus
774 2684 958 2755 (liceat
1009 2685 1267 2740 audacter
1302 2687 1356 2739 id
1401 2686 1607 2756 dicere)
1654 2686 2072 2741 calamitosior:

513 2780 779 2849 siquidem
815 2780 926 2840 illa.
962 2795 1124 2847 quam
1168 2782 1236 2834 ab
1267 2780 1384 2850 ipso
1419 2787 1544 2833 ortu
1580 2779 1814 2833 formam
1853 2793 2076 2846 accepe-

514 2881 662 2935 runt,
700 2886 818 2924 eam
851 2871 916 2924 ad
955 2871 1113 2924 linem
1157 2887 1330 2940 usque
1361 2878 1723 2936 conservant;
1766 2885 1863 2924 nec
1905 2869 2075 2922 ullum

515 2978 582 3017 ex
633 2963 700 3018 iis
740 2970 962 3032 propter
1006 2964 1242 3031 aliquem
1284 2964 1537 3018 morbum
1584 2980 1649 3017 ex
1690 2979 1752 3018 ea
1806 2963 1979 3016 forma
2023 2962 2077 3014 in

517 3054 680 3106 aliam
728 3043 1085 3107 convertitur.
1145 3052 1245 3106 llic
1291 3063 1498 3118 autem,
1544 3060 1800 3120 tanquam
1845 3066 2087 3105 commu-

518 3151 630 3195 tata
677 3151 895 3204 natura,
931 3157 1038 3195 non
1083 3141 1134 3195 id
1174 3145 1428 3212 amplius,
1457 3144 1602 3214 quod
1631 3155 1772 3206 erat,
1809 3143 1903 3199 sed
1938 3143 2086 3198 aliud

521 3234 793 3302 quoddam
830 3234 1030 3286 animal
1080 3234 1294 3288 videtur
1328 3251 1472 3290 esse.
1505 3235 1708 3290 Pedum
1755 3237 1830 3289 illi
1863 3251 2090 3290 munere

522 3326 824 3394 funguntur
847 3339 1079 3390 manus;
1105 3340 1278 3392 genua
1308 3327 1548 3394 praebent
1570 3328 1878 3396 plantarum
1903 3342 2084 3382 usum.

522 3417 657 3471 Nam
684 3417 814 3486 ipsae
849 3417 1048 3486 plantae
1072 3419 1372 3480 naturales,
1401 3428 1454 3473 et
1482 3421 1598 3483 tali,
1633 3427 1728 3472 aut
1767 3421 1926 3488 plane
1956 3421 2091 3475 deli-

523 3507 692 3570 ciunt,
735 3515 830 3559 aut
863 3506 1032 3559 veluti
1073 3507 1288 3575 scaphae
1334 3508 1582 3577 quaedam
1624 3512 1970 3566 extrinsecus
2005 3519 2087 3566 te-

525 3610 674 3649 mere
722 3594 954 3650 navibus
986 3596 1238 3661 admotaa,
1295 3598 1520 3652 fortuito
1566 3601 1876 3654 trahuntur.
1909 3602 1968 3655 ln
2006 3603 2091 3658 his

523 3694 585 3741 tu
628 3687 900 3742 hominem
947 3689 1148 3753 cernis,
1183 3705 1282 3744 nec
1325 3691 1608 3760 sanguinis
1650 3693 2091 3762 conjunctionem

526 3779 834 3833 revereris?
873 3794 973 3834 nec
1005 3781 1288 3836 miseraris
1340 3784 1748 3854 propinquum?
1794 3788 1888 3842 sed
1939 3803 2096 3842 aver-

527 3870 669 3924 saris
698 3869 1084 3932 calamitatem,
1127 3879 1180 3924 et
1214 3871 1342 3924 odio
1371 3873 1672 3942 supplicem
1700 3876 2096 3944 prosequeris?

527 3959 776 4016 Hominis
802 3976 1082 4016 accessum
1113 3969 1370 4032 tanquam
1408 3964 1535 4018 fera:
1563 3945 1797 4034 alicujus
1836 3967 2095 4036 impetum

528 4051 817 4106 declinas?
843 4052 1034 4120 Atqui,
1068 4067 1136 4105 ne
1168 4051 1221 4105 id
1262 4050 1494 4117 faceres,
1518 4053 1754 4108 debebas
1801 4057 1885 4108 vel
1914 4070 1976 4110 ea
2004 4070 2098 4108 co-

530 4142 794 4212 gitatione
850 4143 1130 4211 prohiberi
1171 4162 1183 4197 :
1219 4158 1412 4213 nempe
1467 4146 1718 4215 angelum
1779 4161 1807 4198 a
1870 4160 2100 4215 corpore

532 4233 869 4301 materiaque
904 4232 1159 4292 liberum,
1199 4240 1272 4291 te.
1314 4236 1565 4302 quamvis
1597 4235 1675 4290 sis
1705 4237 1888 4299 homo,
1921 4247 2098 4290 tamen

2173 1775 2496 1846 τετράποδον
2543 1776 2769 1844 γίνεται,
2819 1775 2913 1828 καὶ
2946 1775 3138 1845 μικρὸν
3181 1773 3368 1827 ἀποδεῖ
3409 1771 3501 1825 τοῦ
3549 1771 3738 1839 ἄλογος

2175 1863 2333 1921 εἶναι.
2380 1868 2468 1919 Ἐν
2496 1867 2648 1920 δασεῖ
2677 1867 2771 1919 κα)⁵
2807 1865 3108 1938 βραγχῶντι
3157 1864 3233 1934 τῷ
3264 1863 3519 1934 ἄσθματι,
3557 1862 3736 1932 βιαιως

2175 1959 2385 2013 ἔνδοθεν
2416 1960 2523 2012 ἀπὸ
2549 1960 2659 2011 τῶν
2689 1958 3006 2028 σπλάγχνων
3038 1957 3473 2027 ύποὸρυχόμενος
3495 1973 3508 1985 ·
3545 1954 3739 2024 μᾶλλον

2176 2053 2254 2113 δὲ,
2292 2055 2338 2104 εἰ
2367 2052 2470 2122 χρὴ
2504 2051 2845 2122 τολμήσαντα
2881 2051 3073 2111 εἰπεῖν,
3097 2051 3192 2102 καὶ
3219 2048 3326 2100 τῶν
3354 2048 3564 2117 ἀλόγων
3601 2048 3738 2116 γινό-

2183 2162 2338 2214 μενος
2386 2143 2730 2214 ἀθ).ιώτερος.
2778 2142 2859 2194 Τὰ
2915 2131 3160 2212 μέν’γὰρ
3203 2141 3294 2194 τὸν
3341 2141 3448 2193 ἀπὸ
3478 2140 3739 2208 γενέσεως

2179 2237 2499 2306 χαρακτῆρα
2541 2236 2699 2305 μέχρι
2746 2235 2940 2296 παντὸς
2996 2234 3072 2296 ὼς
3112 2233 3181 2286 τά
3223 2231 3390 2285 πολλὰ
3417 2222 3743 2284 διεσώσατοέ

2181 2328 2274 2379 καὶ
2302 2327 2453 2379 οὐδὲν
2483 2325 2685 2378 τούτων
2736 2323 2799 2378 ἔκ
2846 2341 2990 2388 τινος
3031 2325 3310 2394 συμφορᾶς
3356 2323 3631 2390 τοιαύτης,
3669 2323 3742 2384 είς

2181 2417 2366 2486 ’ἕτερόν
2385 2434 2504 2468 τινα
2528 2415 2848 2485 χαρακτῆρα
2875 2414 3218 2486 μετεκινήθη.
3247 2413 3439 2467 Οὑτοσὶ
3461 2413 3538 2473 δὲ,
3566 2412 3742 2482 ὥστ-πρ

2182 2507 2536 2576 ἀλλαχθείσης
2566 2507 2663 2577 τῆς
2697 2505 2929 2576 φύσεως,
2966 2505 3092 2558 ἄλλο
3137 2523 3190 2557 τι
3241 2504 3509 2573 φαίνεται,
3555 2503 3648 2557 καὶ
3685 2503 3740 2555 οὐ

2183 2596 2242 2648 τὸ
2279 2593 2506 2663 σύνηθες
2558 2594 2728 2657 ζῶον·
2768 2595 2824 2646 αἱ
2875 2597 3050 2663 χεῖρες
3095 2591 3242 2661 αὐτῷ
3285 2593 3384 2661 τὴν
3427 2593 3537 2645 τῶν
3580 2591 3744 2644 ποδῶν

2186 2687 2381 2756 χρῆσιν
2419 2685 2926 2754 καταλαμϐάνουσιο
2959 2683 3028 2736 τὰ
3059 2685 3259 2750 γόνατα
3303 2684 3455 2752 βάσις
3493 2683 3744 2751 γίνονται,

2185 2781 2240 2832 αἱ
2275 2779 2331 2831 δὲ
2364 2777 2506 2830 κατὰ
2532 2775 2689 2844 φύσιν
2711 2776 2912 2844 βάσεις,
2944 2777 3038 2829 καὶ
3079 2776 3148 2828 τὰ
3179 2776 3382 2846 σφυρὰ,
3418 2775 3450 2845 ἢ
3479 2773 3748 2837 παντελῶς

2187 2870 2570 2942 ἀπορρέουσιν,
2617 2870 2649 2938 ἢ
2707 2867 2781 2930 ὥς
2831 2887 2882 2921 τι
2933 2869 3040 2920 τῶν
3092 2867 3288 2932 ἔξωθεν
3327 2867 3590 2935 ὲφολκίων
3633 2863 3746 2934 εἰκῆ

2188 2957 2762 3032 παρηρτημένα,κατὰ
2787 2957 2848 3010 τὸ
2876 2952 3085 3027 συμῖἀν
3102 2955 3431 3026 ἑπισύρεται.
3468 2955 3558 3007 Ἐν
3583 2951 3749 3005 τοιού-

2194 3071 2309 3116 τοις
2358 3052 2534 3105 τοίνυν
2582 3049 2792 3120 βλέπων
2842 3049 2931 3102 τὸν
2978 3048 3294 3118 ἄνθρωπον,
3345 3047 3443 3100 οὐκ
3489 3046 3613 3115 αἰδῇ
3661 3043 3750 3113 τὴν

2197 3145 2552 3213 συγγένειαν;
2596 3143 2695 3196 οὐκ
2743 3142 2911 3207 ἐλεεῖς
2955 3139 3047 3193 τὸν
3109 3138 3408 3208 ὁμόφυλον;
3460 3136 3599 3189 ἀλλά
3647 3133 3752 3205 βδε-

2192 3236 2366 3308 λύσσῃ
2393 3235 2492 3306 τὴν
2528 3234 2832 3304 συμφοράν,
2864 3233 2958 3284 καὶ
2998 3231 3171 3300 μισεῖς
3217 3230 3306 3282 τὸν
3337 3229 3543 3296 ἱκέτην,
3577 3225 3751 3294 ῶσπερ

2190 3330 2379 3400 θηρίου
2428 3329 2570 3392 τινὸς
2603 3327 2905 3399 προσϐολὴν
2947 3327 3038 3379 τὸν
3085 3323 3484 3396 προσεγγισμδν
3515 3323 3744 3391 ἀποφεύ-

2189 3438 2336 3490 γων;
2391 3420 2584 3474 Καίτοι
2637 3417 3143 3487 ἕδει.εύγνωμόνως
3196 3412 3642 3481 ἀναλογίζεσθαι,
3679 3412 3752 3463 ὅτι

2194 3510 2288 3564 σοῦ
2317 3509 2411 3562 τοῦ
2456 3508 2739 3580 ἀνθρώπου
2769 3506 2994 3575 ἄγγελος
3040 3506 3289 3566 ἅπτεται,
3339 3503 3432 3555 κα)⁸
3477 3499 3753 3571 ἀσώματός

2193 3619 2253 3654 τε
2288 3601 2380 3653 καὶ
2422 3600 2580 3662 ἄύλος
2630 3599 2724 3664 ὢν,
2755 3598 2846 3651 τὸν
2887 3598 3047 3668 σαρκὶ
3075 3598 3165 3650 καὶ
3203 3597 3394 3666 αἵματι
3427 3592 3755 3664 ἐγκεκραμέ-

2193 3709 2281 3745 νον
2309 3692 2410 3744 ούκ
2453 3690 2790 3754 ἐϐδελύξατο.
2830 3689 2895 3741 Τί
2937 3689 2991 3741 δὲ
3034 3688 3294 3756 ἀγγέλους
3318 3686 3492 3752 λέγω;
3539 3684 3697 3746 αὐτὸς
3731 3684 3756 3735 6

2192 3783 2299 3836 τῶν
2342 3782 2586 3850 ἀγγέλων
2619 3780 2840 3852 Κύριος,
2882 3781 2910 3832 6
2947 3781 3046 3851 τῆς
3077 3779 3331 3851 οὐρανίας
3373 3776 3757 3848 μακαριότητος

2197 3873 2446 3944 βασιλεὺς
2479 3874 2564 3926 διὰ
2611 3874 2669 3926 σὲ
2700 3873 2982 3943 ἄνθρωπος
3032 3871 3240 3939 γέγονε,
3289 3871 3382 3924 καὶ
3428 3870 3488 3922 τὸ
3538 3868 3757 3928 δυσῶδες

2195 3966 2352 4018 τοῦτο
2381 3964 2475 4017 καὶ
2506 3965 2749 4034 ῥυπαρὸν
2778 3963 3020 4034 σαρκίον,
3049 3963 3185 4033 μετὰ
3214 3962 3312 4032 τῆς
3341 3961 3685 4031 ὲνδεδεμένης
3706 3959 3758 4010 ὲν

2197 4054 2344 4124 αὐτῷ
2370 4054 2570 4124 ψυχῆς,
2603 4052 2780 4123 ἐαυτῷ
2810 4053 3156 4124 περιέθηκεν,
3191 4051 3278 4104 ἵνα
3305 4051 3371 4103 τὰ
3399 4048 3467 4102 σὰ
3495 4049 3640 4118 πάθη
3679 4044 3759 4099 διὰ

2198 4149 2298 4218 τῆς
2335 4148 2468 4209 ἰδίας
2501 4145 2715 4214 ἐπαφῆς
2751 4143 3064 4212 ὲξιάσηται;
3096 4141 3166 4194 Σὺ
3195 4141 3251 4194 δὲ
3279 4142 3306 4193 6
3340 4140 3499 4202 αὐτὸς
3527 4139 3603 4193 ὢν
3631 4135 3762 4192 κατὰ

2201 4243 2299 4312 τὴν
2317 4240 2474 4310 φύσιν
2491 4238 2568 4308 τῷ
2590 4236 3021 4309 ἀρρωστήσαντι,
3037 4231 3254 4300 φεύγεις
3269 4231 3359 4284 τὸν
3379 4232 3636 4302 ὁμογενῆ.
3656 4229 3757 4300 Μὴ,

533 4325 825 4393 attingere,
875 4338 976 4376 nec
1031 4339 1196 4378 carne
1239 4334 1292 4378 et
1340 4326 1602 4396 sanguine
1661 4328 1880 4381 mistum
1936 4335 2080 4396 atqui

2202 4332 2414 4400 ἀδελφὲ,
2436 4329 2509 4401 μὴ
2529 4329 2780 4400 ἀρεσάτω
2795 4343 2875 4378 σοι
2901 4327 2932 4394 ή
2965 4322 3124 4393 βουλὴ
3149 4324 3181 4392 ἡ
3199 4321 3360 4390 κακή.
3381 4319 3552 4373 Γνῶθι
3577 4322 3658 4382 τίς
3673 4319 3757 4382 ὢν,

535 4424 848 4468 concretum
900 4416 1205 4482 aspernari.
1257 4417 1396 4481 Quid
1442 4426 1622 4472 autem
1674 4418 1897 4487 angelos
1941 4418 2100 4474 dico?

535 4521 662 4560 cum
693 4506 806 4574 ipse
841 4504 1104 4561 Dominus
1133 4508 1471 4578 angelorum,
1504 4511 1620 4578 ipse
1657 4511 1896 4565 caelestis
1927 4510 2098 4565 beati-

536 4596 747 4650 tudinis
778 4613 871 4650 rex
897 4605 1117 4666 propter
1147 4606 1198 4652 te
1238 4597 1410 4654 factus
1439 4600 1509 4654 sit
1535 4601 1718 4664 homo,
1759 4612 1810 4655 et
1847 4601 2100 4656 sordidas

538 4687 675 4741 istas
711 4687 1062 4760 abjectasque
1086 4690 1269 4744 carnis
1299 4692 1581 4745 exuviolas
1607 4707 1711 4744 una
1743 4708 1866 4744 eum
1896 4693 2096 4755 anima,

539 4793 660 4846 quae
699 4775 836 4846 ipsis
864 4786 982 4830 erat
1017 4777 1226 4844 induta,
1257 4780 1360 4834 sibi
1395 4783 1838 4847 circumdederit,
1865 4791 1922 4836 ut
1956 4791 2099 4836 atta-

539 4877 631 4922 ctu
681 4883 781 4923 sno
825 4869 935 4923 tuis
978 4871 1394 4939 mgritudinibus
1444 4873 1788 4928 mederetur?
1830 4874 1908 4927 Tu
1948 4892 2102 4939 vero,

540 4960 633 5028 qui
670 4969 865 5014 natura
894 4961 1035 5016 idem
1067 4978 1126 5016 es
1173 4979 1293 5016 cum
1325 4973 1639 5032 aegrotante,
1679 4966 1820 5035 fugis
1859 4967 2104 5035 ejusdem

544 5053 762 5118 generis
792 5052 1086 5107 hominem.
1111 5053 1186 5109 Ne
1217 5055 1334 5117 tibi,
1367 5053 1552 5121 frater,
1589 5075 1677 5123 ne,
1715 5061 1966 5122 obsecro,
1994 5061 2107 5128 pla-

2203 4423 2330 4491 περὶ
2363 4420 2520 4472 τίνων
2557 4416 2810 4488 βουλεύῃ·
2851 4415 2933 4466 ὅτι
2970 4413 3098 4483 περὶ
3121 4409 3442 4480 ἀνθρώπων,
3465 4410 3759 4482 ἄνθρωπος,

2202 4511 2352 4564 οὐδὲν
2383 4507 2579 4573 ἰδιάζον
2607 4509 2666 4560 ὲν
2683 4505 2889 4574 σεαυτῷ
2921 4504 3072 4574 παρὰ
3098 4504 3197 4572 τὴν
3223 4501 3405 4571 κοινὴν
3435 4499 3758 4569 κεκτημένος

2205 4603 2383 4673 φύσιν.
2412 4600 2504 4670 Μὴ
2537 4597 2942 4671 προαποφαίνου
2987 4595 3080 4648 τοῦ
3132 4593 3435 4664 μέλλοντος.
3475 4593 3563 4644 Ἐν
3597 4585 3642 4659 ᾦ
3666 4590 3764 4658 γὰρ

2204 4692 2555 4763 καταψηφίζῃ
2601 4689 2694 4743 τοῦ
2737 4689 2962 4750 πάθους,
2998 4687 3134 4749 τέως
3163 4688 3221 4738 ὲν
3260 4683 3522 4754 ἀλλοτρίῳ
3563 4683 3765 4751 σώματι

2207 4785 2570 4856 φαινομένου,
2604 4783 2849 4855 ἀόριστον
2891 4779 3030 4834 κατὰ
3076 4780 3253 4846 πάσης
3293 4776 3389 4845 τῆς
3436 4774 3648 4843 φύσεως
3693 4775 3768 4825 ὲκ-

2211 4879 2396 4950 φέρεις
2443 4876 2752 4945 ἀπόφασιν·
2795 4872 3036 4944 μετέχεις
3083 4871 3139 4923 δὲ
3187 4869 3282 4923 καὶ
3328 4869 3391 4921 σὺ
3434 4860 3530 4936 τῆς
3567 4867 3768 4935 φύσεως

2213 4968 2606 5040 παραπλησίως
2631 4968 2743 5028 τοῖς
2774 4967 2958 5018 πᾶσιν.
2989 4960 3195 5015 Οὐκοῦν
3217 4960 3291 5024 ὡς
3313 4958 3451 5030 ὑπὲρ
3479 4957 3656 5011 κοινοῦ
3684 4954 3766 5008 τοῦ

2213 5062 2537 5132 πράγματος
2567 5062 2595 5113 6
2618 5059 2772 5126 λόγος
2799 5056 2954 5109 ἔστω.

546 5149 667 5194 ceat
697 5143 790 5194 tibi
825 5144 1112 5198 consilium
1164 5161 1410 5214 pravum.
1441 5146 1543 5211 Qui
1590 5148 1688 5209 sis.
1723 5157 1777 5202 et
1813 5148 1878 5202 de
1905 5151 2105 5219 quibus
2143 5151 2424 5210 consulas,
2480 5148 2767 5203 considera
2801 5164 2814 5200 :
2844 5145 3008 5198 homo
3077 5143 3355 5203 nimirum,
3434 5139 3501 5194 de
3547 5136 3766 5192 homini-

549 5235 671 5295 bus.
717 5236 808 5304 qui
858 5238 990 5290 nihil
1035 5239 1086 5291 in
1131 5247 1183 5294 te
1215 5241 1513 5309 proprium,
1550 5249 1601 5296 et
1652 5257 1680 5294 a
1729 5253 1920 5296 natura
1958 5247 2234 5301 communi
2263 5249 2572 5316 seiunctum
2604 5242 2842 5297 obtines.
2881 5239 3103 5293 Futuris
3156 5236 3222 5290 de
3281 5235 3445 5290 rebus
3507 5249 3574 5287 ne
3638 5241 3764 5298 pra!-

548 5325 809 5400 judicium
858 5329 1046 5383 facias.
1099 5330 1232 5386 Dum
1265 5334 1408 5386 enim
1444 5333 1785 5389 affectionem
1869 5335 1922 5390 in
1971 5337 2148 5393 alieno
2222 5354 2451 5409 corpore
2505 5335 2855 5404 conspicuam
2923 5331 3172 5391 damnas,
3227 5327 3490 5382 incertam
3552 5323 3618 5376 de
3668 5328 3767 5373 tota

553 5425 745 5468 natura
777 5418 1104 5472 sententiam
1134 5423 1477 5490 pronuntias.
1509 5422 1642 5493 Ejus
1682 5433 1865 5478 autem
1901 5432 2110 5483 naturai
2150 5435 2206 5482 tu
2239 5442 2457 5498 quoque
2482 5425 2754 5496 particeps
2789 5439 2871 5488 es,
2911 5431 2968 5476 ut
2993 5418 3189 5488 reliqui
3261 5430 3472 5472 omnes.
3535 5411 3768 5478 (ἔθενθ’

555 5520 674 5580 pter
705 5519 960 5582 tanquam
995 5517 1271 5571 communi
1307 5516 1374 5573 de
1403 5533 1463 5574 re
1487 5521 1824 5576 consulatur.

621 5622 666 5654 “
706 5621 834 5679 Luc.
859 5640 912 5691 x,
937 5623 1006 5678 30
1026 5641 1146 5696 sqq.
