3844 6422
167 269 251 325 $77

1291 269 1378 325 DE
1415 269 1852 327 PAUPERIBUS
1875 270 2202 327 AMANDIS.

3272 273 3374 325 478

213 383 302 437 Διά
337 381 388 435 τί
419 382 599 437 τοίνυν
643 383 818 447 οὐδείς
856 401 938 438 σοι
978 384 1085 439 τῶν
1133 387 1468 458 φαινομένων
1500 383 1677 450 οἶκτος

1874 389 1984 444 Cur
2010 391 2192 460 igitur,
2230 404 2350 460 qua!
2379 389 2432 442 in
2469 388 2588 442 aliis
2623 389 2773 442 vides
2804 388 3001 442 misera
3045 395 3100 441 ct
3141 385 3370 442 calami-

161 476 468 544 εἰσέρχεται;
511 474 669 546 Ὁρᾷς
719 475 1035 546 ἀνθρώπους
1081 477 1316 548 νομάδας
1351 477 1589 548 ὡσπερεὶ
1633 477 1702 532 τὰ

161 569 449 638 βοσκήματα
488 566 626 636 πρὸς
664 566 763 638 τὴν
791 567 890 637 τῆς
914 567 1117 637 τροφῆς
1157 567 1343 638 χρείαν
1371 568 1700 638 ἐσκεδασμέ-

157 675 258 720 νους
279 656 466 728 ’ῥακία
487 657 949 728 περικεκτημένα,
967 657 1125 711 τοῦτο
1148 659 1181 728 ἡ
1209 658 1370 729 ἐσθής
1388 676 1403 691 '
1436 659 1700 730 βακτηρία

159 753 204 803 ὲν
231 751 332 810 ταῖς
359 749 536 818 χερσὶ,
566 748 720 802 τοῦτο
750 748 930 811 ὅπλον,
961 747 1118 802 τοῦτο
1149 748 1363 820 ὄχημα·
1394 750 1515 803 ούδὲ
1557 751 1698 820 αὐτὴ

156 838 406 902 δακτύλοις
454 839 811 910 κατεχομένη,
858 839 992 894 ἀλλά
1021 858 1161 894 τισιν
1203 841 1414 910 όχάνοις
1441 842 1575 913 πρὸς
1598 843 1698 905 τὰς

156 928 379 998 παλάμας
429 927 782 999 συνδεδεμένη
807 945 820 958 ·
871 931 1020 1000 πήρα
1066 931 1345 1000 ῥωγαλέα,
1393 931 1486 983 καὶ
1530 930 1696 1002 ἄρτου

153 1021 355 1092 τρύφος·
391 1021 588 1092 εύρῶτι
617 1021 710 1074 καὶ
733 1021 982 1093 σηπεδόνι
1016 1021 1404 1095 διεφθαρμένον
1423 1041 1436 1055 ·
1462 1024 1494 1094 ἡ
1523 1025 1694 1089 ἑστία,

153 1118 176 1168 ὁ
204 1109 352 1177 οἶκος,
384 1115 416 1182 ἡ
469 1113 674 1176 στιϐὰς,
706 1113 740 1182 ἡ
772 1114 946 1184 κλίνη,
973 1114 1034 1166 τὸ
1063 1117 1324 1185 ταμιεῖον,
1353 1117 1385 1186 ἡ
1428 1115 1691 1185 τράπεζα,

152 1209 274 1260 πᾶσα
297 1207 328 1276 ή
354 1203 448 1257 τοῦ
482 1205 595 1275 βίου
629 1206 970 1276 παρασκευὴ,
1003 1207 1036 1276 ή
1078 1208 1227 1277 πήρα
1255 1207 1420 1260 ἐστίν.
1452 1203 1606 1270 Εἶτα,
1632 1208 1692 1261 ού

151 1297 327 1370 λογίζῃ,
346 1297 426 1360 τίς
451 1298 480 1349 ὁ
505 1298 562 1350 ὲν
588 1297 797 1360 τούτοις
831 1296 906 1350 ῶν
927 1315 940 1363 ;
966 1299 1086 1351 Ὅτι
1104 1299 1407 1369 ἄνθρωπος,
1432 1301 1459 1352 ὀ
1488 1303 1602 1353 κατ’
1627 1302 1695 1353 εἰη

151 1389 259 1440 κύνα
279 1387 406 1440 Θεοῦ
434 1387 694 1456 γεγονὼς,
729 1389 757 1438 ό
780 1387 1052 1457 κυριεύειν
1079 1389 1176 1459 τῆς
1201 1390 1302 1460 γῆς
1342 1390 1690 1460 τεταγμένος,
1726 1424 1727 1427 η

150 1478 470 1548 ὀύττοχείριον
501 1478 600 1548 τὴν
637 1477 745 1531 τῶν
772 1477 978 1545 ἀλόγων
992 1479 1294 1547 ὑπηρεσίαν
1333 1479 1469 1549 ἔχων
1490 1496 1502 1508 '
1541 1473 1696 1544 οὗτος

150 1573 211 1632 εἰς
239 1565 384 1620 τοῦτο
435 1569 717 1638 συμφορᾶς
757 1568 850 1620 καὶ
892 1568 1190 1640 μεταϐολῆς
1224 1571 1514 1642 προῆλθεν,
1555 1571 1694 1625 ὥστε

151 1660 417 1730 ἀμφίϐολον
455 1659 518 1712 τὸ
555 1659 878 1729 φαινόμενον
929 1657 1090 1726 εἶναι,
1127 1662 1250 1716 οὔτε
1281 1663 1566 1735 ἀνθρώπου
1601 1682 1696 1718 κα-

1805 490 1947 544 tosa,
1971 499 2078 538 non
2108 499 2171 538 ea
2197 492 2248 538 te
2268 497 2422 552 aeque
2450 482 2514 535 ad
2539 483 3030 536 commiserandum
3062 481 3368 548 adducunt,

1807 588 1869 626 ac
1893 575 1936 628 si
1977 574 2032 627 in
2062 581 2116 628 te
2160 574 2278 644 ipso
2325 573 2709 642 conspiceres?
2755 572 2920 628 Vides
2967 573 3218 629 homines
3267 589 3374 627 no-

1806 665 1993 720 mades
2034 675 2088 719 et
2118 679 2306 734 vagos,
2355 671 2613 731 tanquam
2644 677 2841 732 pecora
2888 663 2954 718 ad
2999 664 3370 734 comparanda

1806 757 2009 812 cibaria
2054 757 2373 826 dissipatos.
2414 755 2513 808 His
2558 757 2881 810 vestimenta
2933 763 3062 810 sunt
3106 756 3366 822 lacerata,

1806 865 1871 902 ex
1902 848 2106 902 attritis
2133 847 2463 902 centonibus
2487 855 2736 907 consula,
2763 847 2819 901 in
2842 847 3092 902 manibus
3118 847 3367 913 baculus,

1805 953 1912 991 non
1941 937 2008 990 ah
2044 937 2176 1006 ipsis
2215 937 2399 1006 digitis
2445 935 2894 1006 comprehensus,
2939 936 3032 989 sed
3075 937 3207 992 loris
3236 937 3364 1007 qni-

1805 1026 2033 1080 busdam
2074 1027 2140 1080 ad
2189 1027 2396 1096 palmas
2439 1027 2710 1096 alligatus.
2757 1025 2870 1080 Hoc
2905 1027 2980 1080 illi
3017 1043 3115 1096 pro
3163 1028 3363 1098 gladio,

1805 1116 1906 1169 hoc
1944 1130 2041 1184 pro
2075 1116 2324 1170 vehiculo
2357 1124 2586 1169 utuntur
2619 1133 2631 1168 :
2668 1116 2920 1170 sacculus
2950 1117 3125 1179 adest,
3155 1127 3209 1171 et
3251 1117 3364 1171 fru-

1805 1217 1948 1260 stum
1983 1209 2140 1276 panis
2175 1207 2281 1262 situ
2321 1207 2573 1277 carieque
2605 1205 2936 1262 confectum.
2961 1208 3096 1262 Pera
3122 1210 3364 1276 rimosa;

1805 1297 1857 1349 in
1897 1297 1999 1351 hac
2046 1296 2155 1350 illis
2188 1308 2241 1351 et
2279 1295 2455 1357 focus,
2490 1304 2544 1350 et
2589 1297 2808 1362 domus,
2853 1307 2908 1353 et
2948 1299 3272 1368 stragulum,
3313 1306 3369 1354 et

1803 1388 2055 1452 lectulus,
2108 1397 2160 1442 et
2197 1404 2357 1457 penu,
2409 1397 2464 1442 et
2511 1404 2721 1453 mensa,
2757 1390 2936 1444 omnis
2964 1375 3198 1458 denique
3237 1405 3370 1459 sup-

1803 1480 1979 1549 pellex
2013 1481 2136 1533 vita:
2167 1480 2221 1534 in
2255 1480 2360 1534 hac
2401 1495 2525 1548 pera
2558 1483 2830 1535 consistit.
2869 1483 2939 1534 At
2973 1493 3025 1536 tu
3077 1483 3190 1538 lucc
3225 1484 3369 1550 aspi-

1802 1573 1906 1635 cis,
1941 1573 2146 1642 etquis
2183 1573 2238 1627 in
2276 1574 2382 1630 illis
2412 1575 2504 1638 sit,
2542 1575 2762 1628 minime
2793 1575 3020 1643 cogitas.
3063 1572 3159 1629 Hie
3199 1575 3364 1639 enim,

1805 1663 1849 1716 si
1877 1663 2074 1724 nescis,
2109 1671 2193 1716 est
2226 1663 2409 1725 homo,
2435 1663 2612 1718 factus
2644 1662 2708 1716 ad
2745 1663 3032 1732 imaginem
3067 1661 3183 1717 Dei.
3206 1661 3363 1728 Huic,

151 1751 322 1822 θαρῶς,
355 1751 482 1804 οὕτε
530 1751 674 1814 τινὸς
711 1751 870 1804 ἄλλου
915 1752 1022 1806 τῶν
1070 1753 1225 1817 ζώων
1274 1758 1472 1827 εναργῆ
1519 1756 1694 1828 φέρων

1803 1762 1860 1807 ut
1885 1761 2046 1808 terra:
2085 1755 2400 1810 dominetur
2443 1769 2762 1808 concessum
2797 1763 2924 1816 est;
2965 1753 3091 1806 huic
3130 1755 3185 1807 in
3229 1753 3364 1808 reli-

149 1844 216 1910 ἐφ’
261 1842 446 1895 ἑαυτοῦ
498 1841 569 1895 τά
614 1843 988 1913 γνωρίσματα.
1063 1845 1186 1898 Ἐὰν
1237 1847 1371 1917 πρὸς
1413 1847 1694 1918 ἄνθρωπον

149 1936 364 2005 εἰκάσῃς,
414 1934 661 2003 ἀρνεῖται
695 1935 794 2004 τὴν
827 1935 1103 2006 ἀμορφίαν
1149 1937 1177 1989 ὁ
1217 1939 1502 2010 χαρακτὴρ
1546 1939 1574 1990 ὁ
1603 1939 1696 1992 ἀν-

148 2024 418 2094 θρώπινοςο
475 2024 572 2077 ἐὰν
623 2024 760 2095 πρὸς
812 2025 880 2078 τά
929 2026 1096 2093 ἄλογα
1146 2028 1352 2099 τρέψῃς
1401 2028 1500 2100 τὴν
1547 2030 1696 2081 είκα-

150 2116 278 2175 αίαν,
322 2114 444 2167 οὐδὲ
501 2116 685 2168 ἐκεῖνα
736 2116 835 2185 τὴν
890 2116 1178 2187 ὁμοιότητα
1229 2117 1323 2172 τοῦ
1373 2119 1692 2188 φαινομένου

147 2205 421 2276 προσίεται.
454 2207 625 2258 Μόνοι
653 2206 882 2260 τοιοῦτοι
917 2209 1052 2280 πρὸς
1095 2210 1288 2278 μόνους
1322 2210 1544 2272 ἑαυτοὺς
1581 2209 1697 2278 βλέ-

147 2314 330 2362 ποντες,
387 2298 485 2350 καὶ
543 2300 659 2367 μετ’
711 2297 954 2368 ἀλλήλων
1005 2299 1410 2370 ἀγελαζόμενοι,
1459 2300 1548 2352 διά
1597 2300 1695 2368 τὴν

145 2389 502 2459 ὁμοιοτροπίαν
547 2389 639 2442 τοῦ
686 2389 921 2453 πάθους·
964 2392 1015 2442 οἱ
1066 2394 1176 2454 τοῖς
1219 2392 1315 2461 μὲν
1359 2391 1538 2453 ἄλλοις
1586 2389 1698 2458 βδε-

145 2479 301 2531 λυκτοὶ
328 2480 627 2549 γινόμενοι,
682 2478 940 2548 ἀλλήλους
973 2480 1030 2532 δὲ
1064 2480 1153 2532 ὑπ’
1201 2479 1444 2549 ἀνάγκης
1477 2480 1537 2531 ού
1573 2477 1692 2548 βδε-

145 2571 457 2640 λυσσόμενοι.
536 2571 878 2640 Πανταχόθεν
946 2570 1052 2641 γὰρ
1108 2571 1508 2640 ἐξειργόμενοι,
1567 2569 1696 2632 ἴδιος

143 2663 322 2728 γίνεται
369 2661 578 2731 δῆμος,
636 2662 771 2731 πρὸς
820 2662 1079 2731 ἀλλήλους
1136 2661 1472 2732 συρρέοντες.
1533 2660 1696 2731 Ὀρᾷς

142 2755 246 2815 τοὺς
287 2755 546 2823 ἀτερπεῖς
592 2752 874 2823 χορευτὰς,
919 2752 1008 2804 τὸν
1055 2752 1243 2822 γοερὸν
1292 2753 1383 2805 καὶ
1431 2769 1693 2805 κατεστυ-

140 2843 417 2911 γνασμένον
466 2844 655 2897 τοῦτον
705 2844 898 2913 χορόν;
959 2842 1083 2905 Πῶς
1124 2841 1538 2912 ὲμπομπεύουσι
1585 2843 1695 2904 τοῖς

140 2935 321 2986 ἑαυτῶν
363 2935 774 3005 δυστυχήμασι;
831 2934 952 2997 Πῶς
1001 2933 1372 3005 θεατρίζουσιν
1411 2935 1469 2986 ἐν
1513 2934 1694 2994 αὐτοῖς

139 3027 529 3097 ἀσχημονοῦσαν
589 3026 687 3097 τὴν
722 3026 920 3094 φύσιν,
975 3024 1162 3096 ῶσπερ
1214 3025 1358 3088 τινὲς
1419 3025 1693 3095 θαυματο-

1796 1860 1903 1914 qua
1939 1846 2195 1908 animalia
2241 1845 2424 1899 datum
2463 1847 2772 1914 imperium.
2809 1848 2884 1899 Eo
2914 1855 3090 1899 tamen
3140 1844 3367 1904 calami-

1799 1946 1908 1990 tate
1949 1937 2204 1991 redactus
2232 1944 2335 2000 est,
2368 1945 2532 2006 atque
2573 1936 2653 1989 sic
2679 1936 2930 1991 inversus
2959 1944 3062 1999 est,
3089 1945 3168 1996 ut,
3199 1937 3364 2006 quid-

1797 2043 1918 2082 nam
1974 2027 2066 2091 sit,
2119 2028 2446 2098 ambigatur.
2497 2026 2631 2080 Nam
2683 2043 2859 2096 neque
2901 2027 3138 2081 hominis
3183 2026 3362 2095 plane,

1796 2133 1974 2189 neque
2013 2119 2242 2172 aliorum
2280 2119 2639 2186 animantium
2671 2119 2994 2188 cujusquam
3031 2117 3232 2172 indicia
3255 2132 3366 2186 prae

1796 2226 1854 2266 se
1886 2211 2010 2264 fert.
2053 2209 2110 2263 Si
2143 2225 2266 2264 cum
2304 2210 2522 2264 homine
2565 2208 2837 2272 conferas,
2874 2208 3076 2277 efﬁgies
3124 2208 3364 2263 humana

1795 2299 2001 2368 respuit
2031 2313 2149 2352 eam
2180 2296 2612 2363 deformitatem;
2644 2296 2689 2350 si
2738 2310 2863 2350 cum
2912 2293 3143 2348 rationis
3169 2307 3367 2362 exper-

1797 2392 1946 2446 tibus
1977 2389 2329 2449 animalibus.
2385 2405 2448 2443 ea
2494 2403 2712 2458 quoque
2743 2386 3153 2441 similitudinem
3209 2385 3365 2454 ejus-

1795 2482 1942 2535 modi
1986 2495 2092 2534 non
2128 2479 2444 2534 admittunt.
2479 2480 2591 2533 Soli
2637 2479 2803 2548 igitur
2836 2479 2901 2531 ad
2949 2492 3008 2531 se
3039 2478 3184 2545 ipsos
3217 2477 3364 2531 solos

1795 2573 2117 2642 respiciunt,
2171 2583 2224 2626 et
2273 2571 2506 2626 miseria:
2553 2569 2910 2625 similitudine
2952 2569 3094 2622 inter
3141 2583 3199 2624 se
3231 2582 3364 2621 con-

1795 2671 2106 2734 gregantur.
2137 2663 2238 2728 Qui
2283 2662 2350 2715 ab
2386 2661 2508 2716 aliis
2560 2659 2957 2730 despiciuntur,
3009 2673 3069 2714 se
3120 2659 3221 2727 ipsi
3254 2673 3365 2728 prae

1795 2751 2124 2805 necessitate
2162 2766 2273 2804 non
2309 2750 2641 2819 despiciunt.
2685 2748 2938 2817 Undique
2981 2748 3195 2818 expulsi
3227 2763 3361 2802 con-

1794 2845 1968 2897 linunt
1996 2857 2166 2896 unum
2209 2843 2265 2896 in
2292 2843 2495 2903 locum,
2541 2850 2594 2895 et
2637 2840 2912 2912 proprium
2945 2838 3230 2909 quemdam
3263 2853 3363 2908 po-

1794 2937 1979 3005 pulum
2019 2934 2335 2988 conﬁciunt.
2381 2929 2546 2986 Vides
2595 2931 2844 2985 homines
2889 2929 3218 3000 injucundos
3268 2929 3365 2984 ﬂe-

1796 3027 1956 3081 bilem
2011 3027 2335 3093 tristemque
2375 3023 2600 3077 chorum
2649 3021 2965 3077 eﬂicientes.
3008 3021 3080 3075 At
3127 3035 3254 3076 vero
3303 3029 3364 3075 ut

141 3122 261 3171 ποιοῖ
310 3119 408 3178 τάς
467 3119 834 3190 πολυτρόπους
887 3118 1194 3189 ἀρρωστίας
1250 3119 1361 3179 τοῖς
1421 3115 1692 3169 συνιοῦσιν

1797 3120 1932 3190 ipsis
1967 3131 2086 3172 sese
2115 3113 2794 3186 quodammodojactitant
2824 3112 3262 3168 calamitatibus?
3296 3110 3366 3169 Ut

138 3210 545 3281 ἐπιδεικνύμενοι
566 3228 579 3270 ;
602 3210 827 3278 Ποιηταὶ
849 3207 1054 3282 γοερῶν
1086 3207 1513 3277 μελῳδημάτων,
1543 3207 1695 3277 μελο-

141 3303 261 3355 ποιοὶ
281 3303 388 3354 τῶν
441 3303 692 3372 πονηρῶν
732 3301 953 3353 ἐκείνων
988 3301 1244 3370 ᾀσμάτων
1263 3316 1277 3329 ο
1302 3300 1568 3370 τραγῳδοὶ
1597 3301 1693 3370 τῆς

139 3394 274 3463 κενῆς
288 3393 491 3462 ταύτης
508 3394 600 3446 καὶ
615 3390 909 3461 δυστυχοῦς
940 3390 1263 3460 τραγῳδίας,
1279 3391 1377 3443 οὐκ
1392 3390 1692 3461 ἀλλοτρίοις

139 3483 511 3553 τραγῳδήμασι
542 3482 676 3552 πρὸς
702 3481 768 3534 τὰ
801 3481 944 3549 πάθη
973 3479 1240 3550 χρώμενοι
1262 3501 1274 3512 ·
1300 3481 1434 3533 ἀλλά
1462 3480 1550 3532 διὰ
1579 3479 1689 3532 τῶν

139 3573 326 3624 οἰκείων
352 3572 541 3624 κακῶν
579 3571 676 3640 τὴν
708 3569 908 3640 σκηνὴν
950 3569 1300 3640 πληροῦντες.
1333 3563 1436 3622 Οἷα
1467 3571 1535 3622 τὰ
1553 3571 1686 3640 σχή-

143 3665 294 3731 ματαί
324 3659 412 3716 οἷα
437 3664 507 3715 τὰ
539 3662 882 3732 διηγήματαῑ
917 3661 980 3712 Τί
1007 3659 1060 3712 δὲ
1087 3660 1349 3728 λεγόντων
1384 3659 1686 3730 ἀκούομεν;

141 3755 244 3817 Πῶς
266 3755 416 3826 παρὰ
457 3753 566 3806 τῶν
588 3752 1002 3821 γεννησαμένων
1033 3751 1363 3821 ἀπώσθησαν
1393 3752 1480 3804 ἐπ’
1515 3753 1692 3804 οὐδενὶ

143 3847 450 3915 ἀδικήματις
475 3842 598 3905 Πῶς
622 3841 1012 3894 ἀπελαύνονται
1047 3841 1316 3910 συλλόγων
1346 3842 1694 3914 κοινῶν,ὲορ-

141 3937 230 3988 τῶν
260 3954 315 3989 τε
355 3937 449 3989 καὶ
476 3933 854 4004 πανηγύρεων,
890 3932 1080 4004 ὥσπερ
1112 3934 1424 4005 ἀνδροφόνοι
1457 3935 1619 3998 τινὲς,
1657 3934 1690 4006 ἢ

141 4028 462 4099 πατραλοίαι,
489 4029 555 4097 τῇ
586 4025 842 4096 ἀειφυγίᾳ
866 4026 1178 4095 κατάκριτοι
1198 4065 1212 4087 ,
1255 4025 1451 4096 μᾶλλον
1493 4024 1552 4078 δὲ
1601 4027 1694 4078 κά-

140 4121 310 4172 κείνων
341 4117 631 4189 παραπολὺ
665 4117 1110 4187 δυστυχέστεροι·
1145 4118 1260 4184 εἴγε
1293 4119 1405 4180 τοῖς
1437 4117 1693 4186 ἀνδροφό-

138 4231 232 4276 νοις
260 4214 356 4282 μὲν
389 4212 620 4278 ἔξεστιν,
669 4207 900 4278 ἀλλαχοῦ
935 4211 1264 4278 μεταστᾶσιν
1300 4209 1437 4279 μετά
1485 4207 1688 4277 ἀνθρώσ

142 4323 241 4358 πων
271 4305 396 4376 ζῇνσ
433 4297 579 4357 οὗτοι
611 4303 669 4356 δὲ
722 4301 870 4372 μόνοι
908 4299 1016 4353 τῶν
1060 4301 1276 4355 πάντων
1322 4299 1692 4370 ἁπανταχόθεν

141 4397 505 4468 ἀπείργονται,
547 4395 622 4456 ὼς
667 4391 832 4444 κοινοί
877 4407 1018 4453 τινες
1055 4389 1490 4458 ἀποδεδειγμένοι
1534 4389 1690 4444 πολέ-

144 4500 269 4550 μιοι·
304 4485 362 4536 ού
406 4483 604 4551 στέγης
647 4481 794 4550 μιᾶς,
825 4481 885 4533 ού
913 4478 1190 4550 τραπέζης
1223 4479 1424 4548 κοινῆς.
1465 4479 1524 4532 ού
1570 4481 1694 4549 χρήο

141 4590 258 4636 σεως
295 4573 504 4627 σκευῶν
552 4573 877 4643 ἀξιούμενοι.
930 4573 1039 4624 Καὶ
1089 4569 1239 4623 οὔπω
1286 4567 1444 4622 τοῦτο
1488 4571 1688 4623 δεινόν’

140 4666 236 4717 ἀλλ’
271 4666 390 4718 οὐδὲ
423 4665 596 4735 πηγαὶ
627 4664 848 4734 βρύουσι
883 4661 1091 4724 τούτοις
1135 4661 1268 4731 πρὸς
1317 4664 1443 4725 τοὺς
1484 4661 1694 4732 ἀνθρὼ-

141 4770 256 4816 πονς
293 4753 491 4815 κοιναὶ,
526 4753 646 4805 οὐδὲ
698 4753 934 4822 ποταμοὶ
979 4751 1319 4804 πιστεύονται
1353 4752 1505 4805 οὐδὲν
1536 4753 1695 4821 ἐφέλ-

142 4846 312 4899 κεσθαι
350 4845 442 4897 τοῦ
476 4845 576 4914 τῆς
617 4843 925 4915 ἀρρωστίας
981 4843 1337 4914 μολύσματος.
1390 4843 1507 4896 Κᾶν
1549 4845 1693 4897 κύων

142 4934 266 5009 λάψῃ
298 4936 391 4989 τοῦ
421 4935 611 4998 ὓδατος
643 4937 708 5005 τῇ
737 4933 1014 5004 αἱμοὸόρῳ
1043 4934 1280 5007 γλώσσῃ,
1309 4935 1406 4987 οὐκ
1435 4936 1691 5006 ἐνομίσθη

143 5026 405 5093 βδελυκτὸν
439 5025 526 5078 διὰ
552 5024 630 5078 ’τὸ
661 5025 846 5094 θηρίον
897 5025 957 5078 τὸ
1004 5023 1146 5095 ὕδωρ
1168 5041 1181 5054 ο
1211 5025 1304 5077 ἐὰν
1337 5027 1364 5077 ὁ
1415 5025 1694 5095 ἄρρωστος

142 5115 462 5186 προσεγγίσῃ
511 5113 590 5184 τῷ
638 5112 826 5175 ὕδατι,
880 5112 1041 5173 εὐθὺς
1086 5112 1442 5184 ἀπεκηρύχθη
1497 5117 1590 5167 καὶ
1636 5116 1696 5168 τὸ

143 5206 268 5278 ὓδωρ
294 5207 383 5260 διὰ
409 5208 500 5259 τὸν
546 5203 851 5278 ἄνθρωπον.
885 5203 1068 5257 Ταῦτα
1091 5203 1473 5275 διεξέρχονται,
1523 5205 1696 5259 ταῦτα

141 5299 403 5370 ὀδύρονται
424 5314 437 5328 ·
478 5295 568 5350 διὰ
607 5295 763 5348 τοῦτο
795 5295 1073 5365 ῥίπτουσιν
1107 5298 1327 5359 ἑαυτοὺς
1381 5298 1503 5350 κατ’
1525 5299 1695 5367 ἀνάγ-

141 5407 229 5461 κην
256 5391 393 5462 πρὸς
434 5388 544 5441 τῶν
597 5385 897 5458 ἀνθρώπων
925 5387 974 5438 oi
1004 5387 1242 5451 δείλαιοι,
1291 5388 1465 5441 ἱκέται
1497 5389 1695 5452 παντὸς

140 5480 220 5531 τοῦ
267 5478 774 5552 παρατυγχάνοντος
835 5478 1127 5549 γινόμενοι.
1184 5479 1451 5544 Πολλάκις
1499 5481 1694 5534 ἐπεδά-

142 5588 300 5638 κρνσα
328 5572 406 5643 τῷ
431 5571 738 5644 σκυθρωπῷ
775 5570 946 5641 τούτῳ
981 5570 1234 5642 θεάματι,
1276 5571 1532 5634 πολλάκις
1561 5571 1697 5642 πρὸς

143 5664 293 5734 αὐτὴν
337 5665 435 5736 τὴν
478 5662 639 5734 φύσιν
689 5661 1141 5734 ἀπεδυσπέτησαο
1197 5663 1290 5716 καὶ
1328 5661 1422 5717 νῦν
1462 5662 1596 5734 πρὸς
1628 5665 1694 5734 τῇ

1797 3211 1852 3264 ἱιι
1919 3226 1978 3266 se
2030 3208 2167 3279 ipsis
2223 3215 2478 3261 naturam
2533 3211 2811 3259 ostentant
2855 3203 3240 3274 deturpatam?
3295 3201 3365 3260 Ut

1794 3304 1996 3360 varios.
2011 3297 2463 3356 convenientibus
2492 3304 2751 3366 tanquam
2777 3295 3198 3365 praestigiatores
3237 3295 3366 3365 qui-

1794 3395 1917 3449 dam
1970 3393 2191 3446 morbos
2237 3388 2658 3445 demonstrant?
2695 3385 2878 3442 Poeta:
2921 3387 3225 3444 carminum
3277 3386 3365 3440 lu-

1793 3497 2134 3546 ctuosornm,
2163 3481 2402 3536 tristium
2447 3478 2827 3533 narrationum
2862 3478 3197 3541 inventores,
3231 3490 3357 3541 gra-

1794 3577 1942 3629 vium
2007 3575 2224 3628 illarum
2283 3570 2648 3624 modulatores
2714 3569 3051 3633 cantionum,
3109 3578 3365 3624 auctores

1792 3682 1948 3722 novae
1985 3666 2143 3719 istius
2191 3662 2511 3730 miseraeque
2561 3659 2858 3729 tragmdiae,
2917 3659 2972 3712 in
3007 3673 3114 3729 qua
3152 3673 3260 3714 non
3294 3674 3360 3713 ex

1794 3760 2010 3820 alienis,
2037 3757 2132 3811 sed
2164 3770 2229 3810 cx
2263 3752 2502 3822 propriis
2533 3750 2938 3804 calamitatibus
2984 3750 3232 3818 exempla
3265 3765 3362 3805 su-

1794 3861 1950 3903 munt
1995 3849 2060 3902 ad
2096 3843 2492 3916 permovendos
2521 3842 2758 3906 animos,
2810 3849 2973 3910 atque
3010 3841 3085 3894 ita
3127 3841 3232 3897 sibi
3261 3856 3364 3895 au-

1794 3943 2053 3998 dientiam
2087 3939 2298 3993 faciunt
2335 3955 2347 3990 :
2376 3935 2420 3991 0
2464 3950 2585 4004 quas
2620 3935 2823 4005 ﬁgurae,
2852 3935 2993 3988 bone
3033 3933 3198 3995 Deus.
3241 3948 3364 4004 quas

1793 4033 2162 4091 narrationes!
2215 4029 2344 4100 quid
2397 4029 2546 4097 ipsos
2592 4027 2837 4081 dicentes
2879 4025 3175 4082 audimus?
3217 4026 3363 4092 Quo-

1795 4126 1955 4180 modo
2001 4124 2071 4178 ab
2117 4123 2244 4184 illis,
2289 4119 2382 4190 qui
2438 4120 2585 4186 ipsos
2629 4126 3010 4187 procrearunt,
3067 4115 3220 4171 nulla
3261 4131 3361 4172 sua

1793 4217 1950 4283 ου’-ρο
2004 4211 2190 4282 rejecti
2230 4208 2398 4264 sunt?
2454 4205 2738 4274 Quomodo
2787 4207 3134 4276 expelluntur
3165 4205 3360 4262 ecivi-

1792 4304 2033 4357 tatibus?
2085 4299 2368 4366 Quomodo
2425 4312 2492 4351 ex
2533 4295 2820 4365 colloquiis
2866 4295 3269 4362 communibus,
3293 4311 3360 4351 ex

1793 4394 2031 4465 publicis
2077 4391 2336 4461 festisque
2389 4389 2748 4445 conventibus
2795 4385 3181 4451 extruduntur,
3235 4394 3359 4440 tan--

1795 4503 1956 4559 quam
1986 4485 2294 4545 homicidae,
2327 4491 2584 4552 tanquam
2617 4479 2905 4551 parricidaa
2937 4478 3131 4534 exsilio
3168 4494 3360 4551 perpe-

1797 4590 1891 4634 tuo
1943 4575 2218 4641 mulctati,
2281 4575 2393 4629 imo
2445 4589 2608 4644 quam
2660 4573 2740 4626 illi
2795 4573 2949 4642 longe
3002 4571 3354 4629 infeliciores!

1798 4669 2078 4740 Siquidem
2120 4665 2411 4721 homicidis
2460 4666 2636 4721 solum
2672 4663 3012 4718 vertentibus
3055 4663 3184 4718 licet
3230 4663 3358 4718 alibi

1795 4776 1920 4815 cum
1957 4757 2272 4813 hominibus
2308 4757 2507 4810 vivere.
2566 4755 2636 4806 At
2689 4754 2779 4809 isti
2813 4753 3056 4808 omnium
3102 4753 3204 4808 soli
3248 4761 3360 4807 tan-

1795 4867 1955 4921 quam
1999 4863 2315 4905 communes
2355 4846 2616 4902 declarati
2666 4846 2853 4902 hostes
2898 4845 3138 4913 undique
3173 4850 3358 4901 extur-

1797 4945 1996 4998 bantur
2030 4949 2090 4995 ut
2114 4955 2300 4995 canes.
2329 4937 2510 5003 Quid?
2543 4936 2688 5007 quod
2729 4937 2918 4991 eodem
2966 4944 3132 4999 tecto,
3168 4936 3357 4990 eadem

1797 5049 2007 5096 mensa,
2061 5032 2249 5086 eodem
2299 5045 2555 5084 vasorum
2621 5045 2722 5084 usu
2760 5029 3079 5098 judicantur
3122 5027 3363 5097 indigni?

1796 5125 1973 5192 Quid?
2005 5124 2149 5193 quod
2171 5123 2330 5193 quasi
2362 5123 2475 5177 haec
2501 5124 2633 5177 satis
2661 5121 2847 5192 gravia
2880 5135 2984 5173 non
3015 5119 3144 5179 sint.
3173 5134 3360 5173 arcen-

1796 5225 1886 5270 tur
1921 5231 1949 5269 a
1983 5215 2244 5278 fontibus,
2279 5214 2371 5283 qui
2419 5212 2644 5282 reliquis
2687 5211 2997 5264 hominilms
3046 5218 3174 5264 sunt
3211 5226 3366 5266 com-

1795 5307 2015 5361 munes?
2046 5305 2162 5375 Ipsa
2194 5306 2325 5375 quin
2351 5305 2514 5359 etiam
2546 5302 2766 5355 ﬂumina
2795 5302 3091 5356 creduntur
3117 5302 3357 5371 ipsorum

1796 5397 2118 5466 mgritudine
2162 5393 2526 5464 coinquinari.
2576 5391 2634 5445 Si
2687 5390 2872 5460 lingua
2927 5397 3152 5444 cruenta
3207 5390 3364 5445 canis

1797 5504 1992 5558 aquam
2028 5486 2299 5552 lamberit,
2341 5501 2449 5538 non
2497 5498 2615 5539 eam
2657 5481 2862 5536 idcirco
2891 5490 3156 5549 respuunt
3189 5479 3366 5535 homi-

1797 5597 1894 5636 nes
1923 5601 1935 5634 :
1966 5587 2020 5634 at
2051 5580 2093 5633 si
2125 5578 2192 5632 ad
2229 5578 2376 5632 illam
2405 5590 2546 5646 aeger
2592 5572 2910 5637 accesserit,
2938 5572 3204 5625 continuo
3233 5586 3361 5640 pro-

1799 5681 1918 5736 pter
1949 5673 2221 5728 hominem
2256 5670 2374 5740 ipsa
2409 5682 2625 5738 quoque
2667 5680 2806 5736 aqua
2850 5664 3192 5744 detestabilis
3227 5679 3366 5735 pra:-
