  <div class='ocr_page' id='page_1' title='image "/cluster/home/n/w/nwhite01/storage/ocr_20150623/46/hvd.32044014713994/245.png"; bbox 0 0 3754 6292; ppageno 0'>
   <div class='ocr_carea' id='block_1_1' title="bbox 505 233 608 288">
    <p class='ocr_par' dir='ltr' id='par_1_1' title="bbox 505 233 608 288">
     <span class='ocr_line' id='line_1_1' title="bbox 505 233 608 288; baseline 0 -2"><span class='ocrx_word' id='word_1_1' title='bbox 505 233 608 288; x_wconf 70' lang='grc'><strong>479</strong></span> 
     </span>
    </p>
   </div>
   <div class='ocr_carea' id='block_1_2' title="bbox 469 439 2074 510">
    <p class='ocr_par' dir='ltr' id='par_1_2' title="bbox 469 439 2074 510">
     <span class='ocr_line' id='line_1_2' title="bbox 469 439 2074 510; baseline 0.003 -17"><span class='ocrx_word' id='word_1_2' title='bbox 469 473 482 486; x_wconf 72' lang='grc' dir='ltr'><strong>ι</strong></span> <span class='ocrx_word' id='word_1_3' title='bbox 505 441 747 495; x_wconf 83' lang='lat' dir='ltr'><strong>cessario</strong></span> <span class='ocrx_word' id='word_1_4' title='bbox 778 455 837 493; x_wconf 91' lang='lat' dir='ltr'><strong>se</strong></span> <span class='ocrx_word' id='word_1_5' title='bbox 864 439 930 493; x_wconf 86' lang='lat' dir='ltr'><strong>ad</strong></span> <span class='ocrx_word' id='word_1_6' title='bbox 974 439 1250 493; x_wconf 83' lang='lat' dir='ltr'><strong>hominum</strong></span> <span class='ocrx_word' id='word_1_7' title='bbox 1289 439 1454 509; x_wconf 85' lang='lat' dir='ltr'><strong>pedes</strong></span> <span class='ocrx_word' id='word_1_8' title='bbox 1483 439 1750 510; x_wconf 89' lang='lat' dir='ltr'><strong>abjiciunt</strong></span> <span class='ocrx_word' id='word_1_9' title='bbox 1779 441 1986 506; x_wconf 85' lang='lat' dir='ltr'><strong>miseri,</strong></span> <span class='ocrx_word' id='word_1_10' title='bbox 2019 451 2074 498; x_wconf 90' lang='lat' dir='ltr'><strong>et</strong></span> 
     </span>
    </p>
   </div>
   <div class='ocr_carea' id='block_1_3' title="bbox 506 532 2073 604">
    <p class='ocr_par' dir='ltr' id='par_1_3' title="bbox 506 532 2073 604">
     <span class='ocr_line' id='line_1_3' title="bbox 506 532 2073 604; baseline 0.002 -18"><span class='ocrx_word' id='word_1_11' title='bbox 506 532 761 586; x_wconf 81' lang='lat' dir='ltr'><strong>munibus</strong></span> <span class='ocrx_word' id='word_1_12' title='bbox 785 532 1205 586; x_wconf 85' lang='lat' dir='ltr'><strong>occurrentibus</strong></span> <span class='ocrx_word' id='word_1_13' title='bbox 1232 533 1560 602; x_wconf 74' lang='lat' dir='ltr'><strong>supplicant.</strong></span> <span class='ocrx_word' id='word_1_14' title='bbox 1595 532 1747 603; x_wconf 60' lang='lat' dir='ltr'><strong>Saepe</strong></span> <span class='ocrx_word' id='word_1_15' title='bbox 1772 535 1916 589; x_wconf 90' lang='lat' dir='ltr'><strong>tristi</strong></span> <span class='ocrx_word' id='word_1_16' title='bbox 1952 547 2073 604; x_wconf 82' lang='lat' dir='ltr'><strong>sp‘e-</strong></span> 
     </span>
    </p>
   </div>
   <div class='ocr_carea' id='block_1_4' title="bbox 505 609 2075 695">
    <p class='ocr_par' dir='ltr' id='par_1_4' title="bbox 505 609 2075 695">
     <span class='ocr_line' id='line_1_4' title="bbox 505 609 2075 695; baseline 0.003 -20"><span class='ocrx_word' id='word_1_17' title='bbox 505 623 1126 693; x_wconf 76' lang='lat' dir='ltr'><strong>ctaculoillacrymavi;</strong></span> <span class='ocrx_word' id='word_1_18' title='bbox 1183 639 1324 692; x_wconf 82' lang='lat' dir='ltr'><strong>saepe</strong></span> <span class='ocrx_word' id='word_1_19' title='bbox 1384 624 1451 678; x_wconf 85' lang='lat' dir='ltr'><strong>de</strong></span> <span class='ocrx_word' id='word_1_20' title='bbox 1508 609 1702 678; x_wconf 85' lang='lat' dir='ltr'><strong>natura</strong></span> <span class='ocrx_word' id='word_1_21' title='bbox 1743 633 2075 695; x_wconf 82' lang='lat' dir='ltr'><strong>conquestus</strong></span> 
     </span>
    </p>
   </div>
   <div class='ocr_carea' id='block_1_5' title="bbox 506 715 2073 786">
    <p class='ocr_par' dir='ltr' id='par_1_5' title="bbox 506 715 2073 786">
     <span class='ocr_line' id='line_1_5' title="bbox 506 715 2073 786; baseline 0.001 -16"><span class='ocrx_word' id='word_1_22' title='bbox 506 725 651 778; x_wconf 84' lang='lat' dir='ltr'><strong>sum,</strong></span> <span class='ocrx_word' id='word_1_23' title='bbox 681 723 734 769; x_wconf 88' lang='lat' dir='ltr'><strong>et</strong></span> <span class='ocrx_word' id='word_1_24' title='bbox 761 721 824 769; x_wconf 88' lang='lat' dir='ltr'><strong>ea</strong></span> <span class='ocrx_word' id='word_1_25' title='bbox 856 729 940 769; x_wconf 91' lang='lat' dir='ltr'><strong>me</strong></span> <span class='ocrx_word' id='word_1_26' title='bbox 975 715 1282 769; x_wconf 77' lang='lat' dir='ltr'><strong>recordatio</strong></span> <span class='ocrx_word' id='word_1_27' title='bbox 1325 717 1695 786; x_wconf 85' lang='lat' dir='ltr'><strong>memoriaque</strong></span> <span class='ocrx_word' id='word_1_28' title='bbox 1724 725 1870 772; x_wconf 84' lang='lat' dir='ltr'><strong>nunc</strong></span> <span class='ocrx_word' id='word_1_29' title='bbox 1909 719 2073 772; x_wconf 90' lang='lat' dir='ltr'><strong>etiam</strong></span> 
     </span>
    </p>
   </div>
   <div class='ocr_carea' id='block_1_6' title="bbox 507 806 2075 888">
    <p class='ocr_par' dir='ltr' id='par_1_6' title="bbox 507 806 2075 888">
     <span class='ocr_line' id='line_1_6' title="bbox 507 806 2075 888; baseline 0.004 -30"><span class='ocrx_word' id='word_1_30' title='bbox 507 815 688 860; x_wconf 84' lang='lat' dir='ltr'><strong>movet</strong></span> <span class='ocrx_word' id='word_1_31' title='bbox 739 813 903 875; x_wconf 89' lang='lat' dir='ltr'><strong>atque</strong></span> <span class='ocrx_word' id='word_1_32' title='bbox 953 809 1252 876; x_wconf 79' lang='lat' dir='ltr'><strong>perturbat.</strong></span> <span class='ocrx_word' id='word_1_33' title='bbox 1307 806 1431 861; x_wconf 83' lang='lat' dir='ltr'><strong>Vidi</strong></span> <span class='ocrx_word' id='word_1_34' title='bbox 1479 809 1856 878; x_wconf 72' lang='lat' dir='ltr'><strong>aegritudinem</strong></span> <span class='ocrx_word' id='word_1_35' title='bbox 1909 809 2075 888; x_wconf 81' lang='lat' dir='ltr'><strong>mise-</strong></span> 
     </span>
    </p>
   </div>
   <div class='ocr_carea' id='block_1_7' title="bbox 506 897 2072 971">
    <p class='ocr_par' dir='ltr' id='par_1_7' title="bbox 506 897 2072 971">
     <span class='ocr_line' id='line_1_7' title="bbox 506 897 2072 971; baseline 0 -19"><span class='ocrx_word' id='word_1_36' title='bbox 506 897 767 965; x_wconf 79' lang='lat' dir='ltr'><strong>randam;</strong></span> <span class='ocrx_word' id='word_1_37' title='bbox 821 900 928 953; x_wconf 86' lang='lat' dir='ltr'><strong>vidi</strong></span> <span class='ocrx_word' id='word_1_38' title='bbox 975 899 1345 969; x_wconf 77' lang='lat' dir='ltr'><strong>spectaculum</strong></span> <span class='ocrx_word' id='word_1_39' title='bbox 1407 899 1624 968; x_wconf 89' lang='lat' dir='ltr'><strong>plenum</strong></span> <span class='ocrx_word' id='word_1_40' title='bbox 1663 901 2072 971; x_wconf 73' lang='lat' dir='ltr'><strong>iacrymarum;</strong></span> 
     </span>
    </p>
   </div>
   <div class='ocr_carea' id='block_1_8' title="bbox 503 985 2076 1056">
    <p class='ocr_par' dir='ltr' id='par_1_8' title="bbox 503 985 2076 1056">
     <span class='ocr_line' id='line_1_8' title="bbox 503 985 2076 1056; baseline 0.003 -19"><span class='ocrx_word' id='word_1_41' title='bbox 503 985 660 1055; x_wconf 78' lang='lat' dir='ltr'><strong>juxta</strong></span> <span class='ocrx_word' id='word_1_42' title='bbox 694 987 813 1041; x_wconf 84' lang='lat' dir='ltr'><strong>vias</strong></span> <span class='ocrx_word' id='word_1_43' title='bbox 847 987 1110 1048; x_wconf 88' lang='lat' dir='ltr'><strong>celebres,</strong></span> <span class='ocrx_word' id='word_1_44' title='bbox 1160 994 1212 1040; x_wconf 80' lang='lat' dir='ltr'><strong>et</strong></span> <span class='ocrx_word' id='word_1_45' title='bbox 1249 1002 1276 1039; x_wconf 91' lang='lat' dir='ltr'><strong>a</strong></span> <span class='ocrx_word' id='word_1_46' title='bbox 1321 987 1778 1056; x_wconf 78' lang='lat' dir='ltr'><strong>praetereuntibus</strong></span> <span class='ocrx_word' id='word_1_47' title='bbox 1823 987 2076 1056; x_wconf 82' lang='lat' dir='ltr'><strong>frequen-</strong></span> 
     </span>
    </p>
   </div>
   <div class='ocr_carea' id='block_1_9' title="bbox 509 1078 2074 1149">
    <p class='ocr_par' dir='ltr' id='par_1_9' title="bbox 509 1078 2074 1149">
     <span class='ocr_line' id='line_1_9' title="bbox 509 1078 2074 1149; baseline 0.001 -19"><span class='ocrx_word' id='word_1_48' title='bbox 509 1085 654 1132; x_wconf 88' lang='lat' dir='ltr'><strong>tatas</strong></span> <span class='ocrx_word' id='word_1_49' title='bbox 675 1078 862 1148; x_wconf 89' lang='lat' dir='ltr'><strong>jaccnt</strong></span> <span class='ocrx_word' id='word_1_50' title='bbox 889 1079 1158 1140; x_wconf 85' lang='lat' dir='ltr'><strong>homines,</strong></span> <span class='ocrx_word' id='word_1_51' title='bbox 1194 1079 1304 1132; x_wconf 91' lang='lat' dir='ltr'><strong>imo</strong></span> <span class='ocrx_word' id='word_1_52' title='bbox 1337 1094 1406 1133; x_wconf 88' lang='lat' dir='ltr'><strong>ne</strong></span> <span class='ocrx_word' id='word_1_53' title='bbox 1439 1079 1683 1134; x_wconf 86' lang='lat' dir='ltr'><strong>homines</strong></span> <span class='ocrx_word' id='word_1_54' title='bbox 1708 1079 1951 1149; x_wconf 86' lang='lat' dir='ltr'><strong>quidem,</strong></span> <span class='ocrx_word' id='word_1_55' title='bbox 1981 1079 2074 1134; x_wconf 90' lang='lat' dir='ltr'><strong>sed</strong></span> 
     </span>
    </p>
   </div>
   <div class='ocr_carea' id='block_1_10' title="bbox 509 1166 2074 1239">
    <p class='ocr_par' dir='ltr' id='par_1_10' title="bbox 509 1166 2074 1239">
     <span class='ocr_line' id='line_1_10' title="bbox 509 1166 2074 1239; baseline 0.001 -17"><span class='ocrx_word' id='word_1_56' title='bbox 509 1166 758 1223; x_wconf 83' lang='lat' dir='ltr'><strong>infelices</strong></span> <span class='ocrx_word' id='word_1_57' title='bbox 805 1169 1086 1222; x_wconf 84' lang='lat' dir='ltr'><strong>hominum</strong></span> <span class='ocrx_word' id='word_1_58' title='bbox 1123 1169 1383 1239; x_wconf 68' lang='lat' dir='ltr'><strong>reliquiae,</strong></span> <span class='ocrx_word' id='word_1_59' title='bbox 1426 1169 1599 1239; x_wconf 78' lang='lat' dir='ltr'><strong>signis</strong></span> <span class='ocrx_word' id='word_1_60' title='bbox 1629 1178 1682 1224; x_wconf 87' lang='lat' dir='ltr'><strong>et</strong></span> <span class='ocrx_word' id='word_1_61' title='bbox 1727 1169 1947 1226; x_wconf 90' lang='lat' dir='ltr'><strong>indiciis</strong></span> <span class='ocrx_word' id='word_1_62' title='bbox 1977 1171 2074 1224; x_wconf 88' lang='lat' dir='ltr'><strong>ali-</strong></span> 
     </span>
    </p>
   </div>
   <div class='ocr_carea' id='block_1_11' title="bbox 507 1257 2078 1328">
    <p class='ocr_par' dir='ltr' id='par_1_11' title="bbox 507 1257 2078 1328">
     <span class='ocr_line' id='line_1_11' title="bbox 507 1257 2078 1328; baseline 0.003 -17"><span class='ocrx_word' id='word_1_63' title='bbox 507 1257 710 1325; x_wconf 89' lang='lat' dir='ltr'><strong>quibus</strong></span> <span class='ocrx_word' id='word_1_64' title='bbox 761 1257 1086 1328; x_wconf 81' lang='lat' dir='ltr'><strong>indigentes,</strong></span> <span class='ocrx_word' id='word_1_65' title='bbox 1125 1261 1182 1312; x_wconf 85' lang='lat' dir='ltr'><strong>ut</strong></span> <span class='ocrx_word' id='word_1_66' title='bbox 1233 1275 1292 1314; x_wconf 90' lang='lat' dir='ltr'><strong>se</strong></span> <span class='ocrx_word' id='word_1_67' title='bbox 1337 1259 1586 1314; x_wconf 87' lang='lat' dir='ltr'><strong>homines</strong></span> <span class='ocrx_word' id='word_1_68' title='bbox 1625 1275 1747 1314; x_wconf 89' lang='lat' dir='ltr'><strong>esse</strong></span> <span class='ocrx_word' id='word_1_69' title='bbox 1789 1261 1945 1314; x_wconf 78' lang='lat' dir='ltr'><strong>fidem</strong></span> <span class='ocrx_word' id='word_1_70' title='bbox 1999 1259 2078 1315; x_wconf 90' lang='lat' dir='ltr'><strong>fa-</strong></span> 
     </span>
    </p>
   </div>
   <div class='ocr_carea' id='block_1_12' title="bbox 510 1349 2111 1422">
    <p class='ocr_par' dir='ltr' id='par_1_12' title="bbox 510 1349 2111 1422">
     <span class='ocr_line' id='line_1_12' title="bbox 510 1349 2111 1422; baseline 0.002 -19"><span class='ocrx_word' id='word_1_71' title='bbox 510 1351 676 1403; x_wconf 86' lang='lat' dir='ltr'><strong>ciant.</strong></span> <span class='ocrx_word' id='word_1_72' title='bbox 723 1349 906 1420; x_wconf 82' lang='lat' dir='ltr'><strong>Neque</strong></span> <span class='ocrx_word' id='word_1_73' title='bbox 937 1352 1078 1404; x_wconf 87' lang='lat' dir='ltr'><strong>cnim</strong></span> <span class='ocrx_word' id='word_1_74' title='bbox 1117 1367 1183 1406; x_wconf 81' lang='lat' dir='ltr'><strong>ex</strong></span> <span class='ocrx_word' id='word_1_75' title='bbox 1231 1361 1440 1406; x_wconf 76' lang='lat' dir='ltr'><strong>natura:</strong></span> <span class='ocrx_word' id='word_1_76' title='bbox 1487 1353 1632 1407; x_wconf 88' lang='lat' dir='ltr'><strong>notis</strong></span> <span class='ocrx_word' id='word_1_77' title='bbox 1658 1352 1953 1422; x_wconf 85' lang='lat' dir='ltr'><strong>quidquam</strong></span> <span class='ocrx_word' id='word_1_78' title='bbox 1995 1363 2111 1407; x_wconf 86' lang='lat' dir='ltr'><strong>est&#39;</strong></span> 
     </span>
    </p>
   </div>
   <div class='ocr_carea' id='block_1_13' title="bbox 509 1441 2078 1512">
    <p class='ocr_par' dir='ltr' id='par_1_13' title="bbox 509 1441 2078 1512">
     <span class='ocr_line' id='line_1_13' title="bbox 509 1441 2078 1512; baseline 0.004 -19"><span class='ocrx_word' id='word_1_79' title='bbox 509 1441 807 1509; x_wconf 87' lang='lat' dir='ltr'><strong>reliquum,</strong></span> <span class='ocrx_word' id='word_1_80' title='bbox 841 1451 899 1494; x_wconf 90' lang='lat' dir='ltr'><strong>ut</strong></span> <span class='ocrx_word' id='word_1_81' title='bbox 935 1443 1156 1512; x_wconf 77' lang='lat' dir='ltr'><strong>agnosci</strong></span> <span class='ocrx_word' id='word_1_82' title='bbox 1191 1443 1424 1511; x_wconf 84' lang='lat' dir='ltr'><strong>possint.</strong></span> <span class='ocrx_word' id='word_1_83' title='bbox 1470 1441 1534 1496; x_wconf 84' lang='lat' dir='ltr'><strong>Hi</strong></span> <span class='ocrx_word' id='word_1_84' title='bbox 1577 1443 1678 1498; x_wconf 91' lang='lat' dir='ltr'><strong>soli</strong></span> <span class='ocrx_word' id='word_1_85' title='bbox 1722 1461 1787 1499; x_wconf 82' lang='lat' dir='ltr'><strong>ex</strong></span> <span class='ocrx_word' id='word_1_86' title='bbox 1825 1445 2078 1500; x_wconf 88' lang='lat' dir='ltr'><strong>omnibus</strong></span> 
     </span>
    </p>
   </div>
   <div class='ocr_carea' id='block_1_14' title="bbox 512 1531 2075 1602">
    <p class='ocr_par' dir='ltr' id='par_1_14' title="bbox 512 1531 2075 1602">
     <span class='ocr_line' id='line_1_14' title="bbox 512 1531 2075 1602; baseline 0.003 -16"><span class='ocrx_word' id='word_1_87' title='bbox 512 1547 571 1586; x_wconf 89' lang='lat' dir='ltr'><strong>se</strong></span> <span class='ocrx_word' id='word_1_88' title='bbox 611 1531 760 1602; x_wconf 87' lang='lat' dir='ltr'><strong>ipsos</strong></span> <span class='ocrx_word' id='word_1_89' title='bbox 804 1532 1060 1594; x_wconf 88' lang='lat' dir='ltr'><strong>oderunt,</strong></span> <span class='ocrx_word' id='word_1_90' title='bbox 1115 1535 1216 1587; x_wconf 91' lang='lat' dir='ltr'><strong>soli</strong></span> <span class='ocrx_word' id='word_1_91' title='bbox 1271 1533 1414 1588; x_wconf 90' lang='lat' dir='ltr'><strong>diem</strong></span> <span class='ocrx_word' id='word_1_92' title='bbox 1445 1549 1602 1589; x_wconf 90' lang='lat' dir='ltr'><strong>suum</strong></span> <span class='ocrx_word' id='word_1_93' title='bbox 1651 1535 1884 1590; x_wconf 86' lang='lat' dir='ltr'><strong>natalem</strong></span> <span class='ocrx_word' id='word_1_94' title='bbox 1926 1551 2075 1590; x_wconf 80' lang='lat' dir='ltr'><strong>exse-</strong></span> 
     </span>
    </p>
   </div>
   <div class='ocr_carea' id='block_1_15' title="bbox 511 1623 2074 1692">
    <p class='ocr_par' dir='ltr' id='par_1_15' title="bbox 511 1623 2074 1692">
     <span class='ocr_line' id='line_1_15' title="bbox 511 1623 2074 1692; baseline 0.003 -18"><span class='ocrx_word' id='word_1_95' title='bbox 511 1632 756 1684; x_wconf 86' lang='lat' dir='ltr'><strong>crantur,</strong></span> <span class='ocrx_word' id='word_1_96' title='bbox 810 1637 874 1676; x_wconf 89' lang='lat' dir='ltr'><strong>ac</strong></span> <span class='ocrx_word' id='word_1_97' title='bbox 910 1623 1036 1692; x_wconf 87' lang='lat' dir='ltr'><strong>jure</strong></span> <span class='ocrx_word' id='word_1_98' title='bbox 1073 1624 1292 1692; x_wconf 89' lang='lat' dir='ltr'><strong>quidem</strong></span> <span class='ocrx_word' id='word_1_99' title='bbox 1334 1625 1679 1679; x_wconf 87' lang='lat' dir='ltr'><strong>detestantur</strong></span> <span class='ocrx_word' id='word_1_100' title='bbox 1723 1626 1876 1680; x_wconf 89' lang='lat' dir='ltr'><strong>illum</strong></span> <span class='ocrx_word' id='word_1_101' title='bbox 1909 1627 2074 1689; x_wconf 90' lang='lat' dir='ltr'><strong>diem,</strong></span> 
     </span>
    </p>
   </div>
   <div class='ocr_carea' id='block_1_16' title="bbox 511 1711 2078 1784">
    <p class='ocr_par' dir='ltr' id='par_1_16' title="bbox 511 1711 2078 1784">
     <span class='ocr_line' id='line_1_16' title="bbox 511 1711 2078 1784; baseline 0.004 -21"><span class='ocrx_word' id='word_1_102' title='bbox 511 1713 606 1779; x_wconf 91' lang='lat' dir='ltr'><strong>qui</strong></span> <span class='ocrx_word' id='word_1_103' title='bbox 661 1712 785 1766; x_wconf 82' lang='lat' dir='ltr'><strong>talis</strong></span> <span class='ocrx_word' id='word_1_104' title='bbox 831 1713 956 1766; x_wconf 70' lang='lat' dir='ltr'><strong>vitae</strong></span> <span class='ocrx_word' id='word_1_105' title='bbox 1018 1712 1342 1783; x_wconf 89' lang='lat' dir='ltr'><strong>principium</strong></span> <span class='ocrx_word' id='word_1_106' title='bbox 1397 1713 1518 1766; x_wconf 90' lang='lat' dir='ltr'><strong>fuit.</strong></span> <span class='ocrx_word' id='word_1_107' title='bbox 1571 1711 1828 1768; x_wconf 75' lang='lat' dir='ltr'><strong>Hornines</strong></span> <span class='ocrx_word' id='word_1_108' title='bbox 1881 1715 1976 1784; x_wconf 90' lang='lat' dir='ltr'><strong>qui</strong></span> <span class='ocrx_word' id='word_1_109' title='bbox 2012 1727 2078 1770; x_wconf 80' lang='lat' dir='ltr'><strong>se</strong></span> 
     </span>
    </p>
   </div>
   <div class='ocr_carea' id='block_1_17' title="bbox 511 1804 2079 1873">
    <p class='ocr_par' dir='ltr' id='par_1_17' title="bbox 511 1804 2079 1873">
     <span class='ocr_line' id='line_1_17' title="bbox 511 1804 2079 1873; baseline 0.003 -17"><span class='ocrx_word' id='word_1_110' title='bbox 511 1804 788 1857; x_wconf 81' lang='lat' dir='ltr'><strong>communi</strong></span> <span class='ocrx_word' id='word_1_111' title='bbox 821 1805 1182 1873; x_wconf 86' lang='lat' dir='ltr'><strong>appellatione</strong></span> <span class='ocrx_word' id='word_1_112' title='bbox 1211 1805 1494 1859; x_wconf 90' lang='lat' dir='ltr'><strong>nominare</strong></span> <span class='ocrx_word' id='word_1_113' title='bbox 1517 1805 1870 1870; x_wconf 86' lang='lat' dir='ltr'><strong>erubescunt,</strong></span> <span class='ocrx_word' id='word_1_114' title='bbox 1907 1821 1976 1860; x_wconf 87' lang='lat' dir='ltr'><strong>ne</strong></span> <span class='ocrx_word' id='word_1_115' title='bbox 2013 1819 2079 1860; x_wconf 82' lang='lat' dir='ltr'><strong>ex</strong></span> 
     </span>
    </p>
   </div>
   <div class='ocr_carea' id='block_1_18' title="bbox 512 1895 2079 1966">
    <p class='ocr_par' dir='ltr' id='par_1_18' title="bbox 512 1895 2079 1966">
     <span class='ocr_line' id='line_1_18' title="bbox 512 1895 2079 1966; baseline 0.001 -16"><span class='ocrx_word' id='word_1_116' title='bbox 512 1897 630 1966; x_wconf 87' lang='lat' dir='ltr'><strong>ipsa</strong></span> <span class='ocrx_word' id='word_1_117' title='bbox 695 1895 933 1951; x_wconf 89' lang='lat' dir='ltr'><strong>nominis</strong></span> <span class='ocrx_word' id='word_1_118' title='bbox 985 1896 1372 1951; x_wconf 86' lang='lat' dir='ltr'><strong>communione</strong></span> <span class='ocrx_word' id='word_1_119' title='bbox 1437 1907 1688 1951; x_wconf 88' lang='lat' dir='ltr'><strong>naturam</strong></span> <span class='ocrx_word' id='word_1_120' title='bbox 1736 1895 2079 1952; x_wconf 82' lang='lat' dir='ltr'><strong>communem</strong></span> 
     </span>
    </p>
   </div>
   <div class='ocr_carea' id='block_1_19' title="bbox 511 1985 2083 2060">
    <p class='ocr_par' dir='ltr' id='par_1_19' title="bbox 511 1985 2083 2060">
     <span class='ocr_line' id='line_1_19' title="bbox 511 1985 2083 2060; baseline -0.001 -18"><span class='ocrx_word' id='word_1_121' title='bbox 511 1985 860 2042; x_wconf 90' lang='lat' dir='ltr'><strong>dedecorent.</strong></span> <span class='ocrx_word' id='word_1_122' title='bbox 891 1986 1116 2056; x_wconf 86' lang='lat' dir='ltr'><strong>Semper</strong></span> <span class='ocrx_word' id='word_1_123' title='bbox 1147 1988 1200 2042; x_wconf 91' lang='lat' dir='ltr'><strong>in</strong></span> <span class='ocrx_word' id='word_1_124' title='bbox 1235 1988 1475 2044; x_wconf 85' lang='lat' dir='ltr'><strong>miseriis</strong></span> <span class='ocrx_word' id='word_1_125' title='bbox 1497 1989 1661 2042; x_wconf 89' lang='lat' dir='ltr'><strong>vitam</strong></span> <span class='ocrx_word' id='word_1_126' title='bbox 1689 1989 1926 2060; x_wconf 84' lang='lat' dir='ltr'><strong>degunt;</strong></span> <span class='ocrx_word' id='word_1_127' title='bbox 1959 2003 2083 2058; x_wconf 89' lang='lat' dir='ltr'><strong>per—</strong></span> 
     </span>
    </p>
   </div>
   <div class='ocr_carea' id='block_1_20' title="bbox 511 2079 2083 2149">
    <p class='ocr_par' dir='ltr' id='par_1_20' title="bbox 511 2079 2083 2149">
     <span class='ocr_line' id='line_1_20' title="bbox 511 2079 2083 2149; baseline 0.001 -15"><span class='ocrx_word' id='word_1_128' title='bbox 511 2087 729 2149; x_wconf 77' lang='lat' dir='ltr'><strong>petuam</strong></span> <span class='ocrx_word' id='word_1_129' title='bbox 771 2079 952 2133; x_wconf 88' lang='lat' dir='ltr'><strong>luctus</strong></span> <span class='ocrx_word' id='word_1_130' title='bbox 986 2080 1268 2134; x_wconf 89' lang='lat' dir='ltr'><strong>materiam</strong></span> <span class='ocrx_word' id='word_1_131' title='bbox 1299 2081 1520 2136; x_wconf 85' lang='lat' dir='ltr'><strong>habent.</strong></span> <span class='ocrx_word' id='word_1_132' title='bbox 1555 2080 1806 2146; x_wconf 85' lang='lat' dir='ltr'><strong>Quandiu</strong></span> <span class='ocrx_word' id='word_1_133' title='bbox 1843 2081 1988 2136; x_wconf 90' lang='lat' dir='ltr'><strong>enim</strong></span> <span class='ocrx_word' id='word_1_134' title='bbox 2024 2097 2083 2136; x_wconf 86' lang='lat' dir='ltr'><strong>se</strong></span> 
     </span>
    </p>
   </div>
   <div class='ocr_carea' id='block_1_21' title="bbox 513 2168 2078 2241">
    <p class='ocr_par' dir='ltr' id='par_1_21' title="bbox 513 2168 2078 2241">
     <span class='ocr_line' id='line_1_21' title="bbox 513 2168 2078 2241; baseline 0.003 -19"><span class='ocrx_word' id='word_1_135' title='bbox 513 2168 665 2236; x_wconf 83' lang='lat' dir='ltr'><strong>ipsos</strong></span> <span class='ocrx_word' id='word_1_136' title='bbox 699 2169 992 2237; x_wconf 80' lang='lat' dir='ltr'><strong>aspiciunt,</strong></span> <span class='ocrx_word' id='word_1_137' title='bbox 1023 2170 1212 2224; x_wconf 88' lang='lat' dir='ltr'><strong>tandiu</strong></span> <span class='ocrx_word' id='word_1_138' title='bbox 1243 2170 1459 2241; x_wconf 82' lang='lat' dir='ltr'><strong>lugendi</strong></span> <span class='ocrx_word' id='word_1_139' title='bbox 1489 2171 1688 2227; x_wconf 83' lang='lat' dir='ltr'><strong>habent</strong></span> <span class='ocrx_word' id='word_1_140' title='bbox 1713 2173 2078 2228; x_wconf 80' lang='lat' dir='ltr'><strong>occasiunem.</strong></span> 
     </span>
    </p>
   </div>
   <div class='ocr_carea' id='block_1_22' title="bbox 513 2259 2083 2335">
    <p class='ocr_par' dir='ltr' id='par_1_22' title="bbox 513 2259 2083 2335">
     <span class='ocr_line' id='line_1_22' title="bbox 513 2259 2083 2335; baseline 0.005 -23"><span class='ocrx_word' id='word_1_141' title='bbox 513 2259 772 2316; x_wconf 90' lang='lat' dir='ltr'><strong>Dnbitant</strong></span> <span class='ocrx_word' id='word_1_142' title='bbox 843 2271 1022 2316; x_wconf 86' lang='lat' dir='ltr'><strong>autem</strong></span> <span class='ocrx_word' id='word_1_143' title='bbox 1074 2277 1211 2332; x_wconf 90' lang='lat' dir='ltr'><strong>quas</strong></span> <span class='ocrx_word' id='word_1_144' title='bbox 1267 2265 1443 2334; x_wconf 84' lang='lat' dir='ltr'><strong>magis</strong></span> <span class='ocrx_word' id='word_1_145' title='bbox 1499 2263 1782 2334; x_wconf 86' lang='lat' dir='ltr'><strong>deplorent</strong></span> <span class='ocrx_word' id='word_1_146' title='bbox 1837 2267 2083 2335; x_wconf 89' lang='lat' dir='ltr'><strong>corporis</strong></span> 
     </span>
    </p>
   </div>
   <div class='ocr_carea' id='block_1_23' title="bbox 515 2356 2081 2427">
    <p class='ocr_par' dir='ltr' id='par_1_23' title="bbox 515 2356 2081 2427">
     <span class='ocr_line' id='line_1_23' title="bbox 515 2356 2081 2427; baseline 0.004 -21"><span class='ocrx_word' id='word_1_147' title='bbox 515 2361 717 2424; x_wconf 83' lang='lat' dir='ltr'><strong>partes,</strong></span> <span class='ocrx_word' id='word_1_148' title='bbox 749 2369 936 2414; x_wconf 86' lang='lat' dir='ltr'><strong>easne,</strong></span> <span class='ocrx_word' id='word_1_149' title='bbox 970 2369 1092 2424; x_wconf 68' lang='lat' dir='ltr'><strong>qua:</strong></span> <span class='ocrx_word' id='word_1_150' title='bbox 1147 2370 1256 2410; x_wconf 91' lang='lat' dir='ltr'><strong>non</strong></span> <span class='ocrx_word' id='word_1_151' title='bbox 1300 2356 1498 2410; x_wconf 89' lang='lat' dir='ltr'><strong>adsunt</strong></span> <span class='ocrx_word' id='word_1_152' title='bbox 1536 2357 1792 2427; x_wconf 83' lang='lat' dir='ltr'><strong>amplius,</strong></span> <span class='ocrx_word' id='word_1_153' title='bbox 1828 2373 1896 2412; x_wconf 89' lang='lat' dir='ltr'><strong>an</strong></span> <span class='ocrx_word' id='word_1_154' title='bbox 1937 2359 2081 2425; x_wconf 89' lang='lat' dir='ltr'><strong>illas,</strong></span> 
     </span>
    </p>
   </div>
   <div class='ocr_carea' id='block_1_24' title="bbox 517 2441 2084 2521">
    <p class='ocr_par' dir='ltr' id='par_1_24' title="bbox 517 2441 2084 2521">
     <span class='ocr_line' id='line_1_24' title="bbox 517 2441 2084 2521; baseline 0.004 -23"><span class='ocrx_word' id='word_1_155' title='bbox 517 2459 637 2513; x_wconf 68' lang='lat' dir='ltr'><strong>qua:</strong></span> <span class='ocrx_word' id='word_1_156' title='bbox 681 2455 995 2516; x_wconf 86' lang='lat' dir='ltr'><strong>supersunt.</strong></span> <span class='ocrx_word' id='word_1_157' title='bbox 1041 2441 1189 2512; x_wconf 84' lang='lat' dir='ltr'><strong>Quas</strong></span> <span class='ocrx_word' id='word_1_158' title='bbox 1223 2449 1447 2502; x_wconf 85' lang='lat' dir='ltr'><strong>morbus</strong></span> <span class='ocrx_word' id='word_1_159' title='bbox 1493 2449 1816 2519; x_wconf 87' lang='lat' dir='ltr'><strong>absumpsit,</strong></span> <span class='ocrx_word' id='word_1_160' title='bbox 1865 2465 1933 2504; x_wconf 89' lang='lat' dir='ltr'><strong>an</strong></span> <span class='ocrx_word' id='word_1_161' title='bbox 1963 2441 2084 2521; x_wconf 62' lang='lat' dir='ltr'><strong>quae</strong></span> 
     </span>
    </p>
   </div>
   <div class='ocr_carea' id='block_1_25' title="bbox 515 2537 2084 2612">
    <p class='ocr_par' dir='ltr' id='par_1_25' title="bbox 515 2537 2084 2612">
     <span class='ocr_line' id='line_1_25' title="bbox 515 2537 2084 2612; baseline 0.004 -23"><span class='ocrx_word' id='word_1_162' title='bbox 515 2537 707 2591; x_wconf 85' lang='lat' dir='ltr'><strong>morbo</strong></span> <span class='ocrx_word' id='word_1_163' title='bbox 733 2537 934 2591; x_wconf 65' lang='lat' dir='ltr'><strong>relicta:</strong></span> <span class='ocrx_word' id='word_1_164' title='bbox 957 2546 1086 2591; x_wconf 88' lang='lat' dir='ltr'><strong>sunt</strong></span> <span class='ocrx_word' id='word_1_165' title='bbox 1116 2538 1485 2593; x_wconf 78' lang='lat' dir='ltr'><strong>absumendae.</strong></span> <span class='ocrx_word' id='word_1_166' title='bbox 1517 2537 1886 2596; x_wconf 86' lang='lat' dir='ltr'><strong>Dolendumne</strong></span> <span class='ocrx_word' id='word_1_167' title='bbox 1913 2543 2084 2612; x_wconf 83' lang='lat' dir='ltr'><strong>magis</strong></span> 
     </span>
    </p>
   </div>
   <div class='ocr_carea' id='block_1_26' title="bbox 515 2625 2084 2699">
    <p class='ocr_par' dir='ltr' id='par_1_26' title="bbox 515 2625 2084 2699">
     <span class='ocr_line' id='line_1_26' title="bbox 515 2625 2084 2699; baseline 0.003 -20"><span class='ocrx_word' id='word_1_168' title='bbox 515 2627 608 2691; x_wconf 83' lang='lat' dir='ltr'><strong>sit,</strong></span> <span class='ocrx_word' id='word_1_169' title='bbox 646 2625 788 2694; x_wconf 83' lang='lat' dir='ltr'><strong>quod</strong></span> <span class='ocrx_word' id='word_1_170' title='bbox 819 2627 873 2679; x_wconf 90' lang='lat' dir='ltr'><strong>in</strong></span> <span class='ocrx_word' id='word_1_171' title='bbox 913 2641 970 2682; x_wconf 86' lang='lat' dir='ltr'><strong>se</strong></span> <span class='ocrx_word' id='word_1_172' title='bbox 995 2627 1130 2696; x_wconf 87' lang='lat' dir='ltr'><strong>ipsis</strong></span> <span class='ocrx_word' id='word_1_173' title='bbox 1158 2641 1252 2682; x_wconf 87' lang='lat' dir='ltr'><strong>eas</strong></span> <span class='ocrx_word' id='word_1_174' title='bbox 1275 2629 1526 2683; x_wconf 84' lang='lat' dir='ltr'><strong>miserias</strong></span> <span class='ocrx_word' id='word_1_175' title='bbox 1565 2635 1812 2690; x_wconf 84' lang='lat' dir='ltr'><strong>cernant,</strong></span> <span class='ocrx_word' id='word_1_176' title='bbox 1847 2644 1914 2682; x_wconf 88' lang='lat' dir='ltr'><strong>an</strong></span> <span class='ocrx_word' id='word_1_177' title='bbox 1939 2629 2084 2699; x_wconf 91' lang='lat' dir='ltr'><strong>quod</strong></span> 
     </span>
    </p>
   </div>
   <div class='ocr_carea' id='block_1_27' title="bbox 513 2715 2084 2786">
    <p class='ocr_par' dir='ltr' id='par_1_27' title="bbox 513 2715 2084 2786">
     <span class='ocr_line' id='line_1_27' title="bbox 513 2715 2084 2786; baseline 0.001 -14"><span class='ocrx_word' id='word_1_178' title='bbox 513 2727 611 2772; x_wconf 70' lang='lat' dir='ltr'><strong>eas</strong></span> <span class='ocrx_word' id='word_1_179' title='bbox 653 2715 903 2786; x_wconf 87' lang='lat' dir='ltr'><strong>adempta</strong></span> <span class='ocrx_word' id='word_1_180' title='bbox 954 2717 1118 2771; x_wconf 88' lang='lat' dir='ltr'><strong>etiam</strong></span> <span class='ocrx_word' id='word_1_181' title='bbox 1171 2719 1362 2772; x_wconf 87' lang='lat' dir='ltr'><strong>morbo</strong></span> <span class='ocrx_word' id='word_1_182' title='bbox 1399 2715 1616 2774; x_wconf 78' lang='lat' dir='ltr'><strong>videndi</strong></span> <span class='ocrx_word' id='word_1_183' title='bbox 1668 2719 1947 2781; x_wconf 83' lang='lat' dir='ltr'><strong>facultate,</strong></span> <span class='ocrx_word' id='word_1_184' title='bbox 1997 2719 2084 2773; x_wconf 86' lang='lat' dir='ltr'><strong>in-</strong></span> 
     </span>
    </p>
   </div>
   <div class='ocr_carea' id='block_1_28' title="bbox 515 2809 2082 2881">
    <p class='ocr_par' dir='ltr' id='par_1_28' title="bbox 515 2809 2082 2881">
     <span class='ocr_line' id='line_1_28' title="bbox 515 2809 2082 2881; baseline 0.001 -19"><span class='ocrx_word' id='word_1_185' title='bbox 515 2809 652 2862; x_wconf 84' lang='lat' dir='ltr'><strong>tueri</strong></span> <span class='ocrx_word' id='word_1_186' title='bbox 683 2823 790 2862; x_wconf 88' lang='lat' dir='ltr'><strong>non</strong></span> <span class='ocrx_word' id='word_1_187' title='bbox 821 2809 1050 2877; x_wconf 88' lang='lat' dir='ltr'><strong>possint.</strong></span> <span class='ocrx_word' id='word_1_188' title='bbox 1081 2809 1238 2875; x_wconf 86' lang='lat' dir='ltr'><strong>Quod</strong></span> <span class='ocrx_word' id='word_1_189' title='bbox 1266 2811 1396 2864; x_wconf 88' lang='lat' dir='ltr'><strong>talia</strong></span> <span class='ocrx_word' id='word_1_190' title='bbox 1422 2809 1489 2866; x_wconf 88' lang='lat' dir='ltr'><strong>de</strong></span> <span class='ocrx_word' id='word_1_191' title='bbox 1521 2827 1579 2867; x_wconf 90' lang='lat' dir='ltr'><strong>se</strong></span> <span class='ocrx_word' id='word_1_192' title='bbox 1609 2819 1834 2867; x_wconf 85' lang='lat' dir='ltr'><strong>narrare</strong></span> <span class='ocrx_word' id='word_1_193' title='bbox 1859 2821 2082 2881; x_wconf 78' lang='lat' dir='ltr'><strong>queant,</strong></span> 
     </span>
    </p>
   </div>
   <div class='ocr_carea' id='block_1_29' title="bbox 515 2893 2083 2970">
    <p class='ocr_par' dir='ltr' id='par_1_29' title="bbox 515 2893 2083 2970">
     <span class='ocr_line' id='line_1_29' title="bbox 515 2893 2083 2970; baseline 0.005 -19"><span class='ocrx_word' id='word_1_194' title='bbox 515 2915 582 2952; x_wconf 85' lang='lat' dir='ltr'><strong>an</strong></span> <span class='ocrx_word' id='word_1_195' title='bbox 603 2893 746 2968; x_wconf 85' lang='lat' dir='ltr'><strong>quod</strong></span> <span class='ocrx_word' id='word_1_196' title='bbox 782 2899 885 2953; x_wconf 91' lang='lat' dir='ltr'><strong>sibi</strong></span> <span class='ocrx_word' id='word_1_197' title='bbox 919 2901 986 2953; x_wconf 88' lang='lat' dir='ltr'><strong>ab</strong></span> <span class='ocrx_word' id='word_1_198' title='bbox 1019 2899 1137 2970; x_wconf 92' lang='lat' dir='ltr'><strong>ipso</strong></span> <span class='ocrx_word' id='word_1_199' title='bbox 1169 2901 1360 2955; x_wconf 91' lang='lat' dir='ltr'><strong>morbo</strong></span> <span class='ocrx_word' id='word_1_200' title='bbox 1391 2911 1575 2970; x_wconf 80' lang='lat' dir='ltr'><strong>erepta</strong></span> <span class='ocrx_word' id='word_1_201' title='bbox 1610 2904 1776 2957; x_wconf 88' lang='lat' dir='ltr'><strong>etiam</strong></span> <span class='ocrx_word' id='word_1_202' title='bbox 1811 2919 1963 2968; x_wconf 89' lang='lat' dir='ltr'><strong>voce,</strong></span> <span class='ocrx_word' id='word_1_203' title='bbox 2013 2921 2083 2959; x_wconf 90' lang='lat' dir='ltr'><strong>ne</strong></span> 
     </span>
    </p>
   </div>
   <div class='ocr_carea' id='block_1_30' title="bbox 515 2987 2083 3060">
    <p class='ocr_par' dir='ltr' id='par_1_30' title="bbox 515 2987 2083 3060">
     <span class='ocr_line' id='line_1_30' title="bbox 515 2987 2083 3060; baseline 0.006 -22"><span class='ocrx_word' id='word_1_204' title='bbox 515 2987 606 3040; x_wconf 91' lang='lat' dir='ltr'><strong>illa</strong></span> <span class='ocrx_word' id='word_1_205' title='bbox 635 2989 854 3056; x_wconf 89' lang='lat' dir='ltr'><strong>quidem</strong></span> <span class='ocrx_word' id='word_1_206' title='bbox 889 2989 1104 3042; x_wconf 82' lang='lat' dir='ltr'><strong>valeant</strong></span> <span class='ocrx_word' id='word_1_207' title='bbox 1134 2989 1434 3060; x_wconf 80' lang='lat' dir='ltr'><strong>explicare.</strong></span> <span class='ocrx_word' id='word_1_208' title='bbox 1467 2990 1622 3056; x_wconf 84' lang='lat' dir='ltr'><strong>Quod</strong></span> <span class='ocrx_word' id='word_1_209' title='bbox 1651 2991 1746 3048; x_wconf 90' lang='lat' dir='ltr'><strong>tali</strong></span> <span class='ocrx_word' id='word_1_210' title='bbox 1789 3003 2083 3048; x_wconf 85' lang='lat' dir='ltr'><strong>vescantur</strong></span> 
     </span>
    </p>
   </div>
   <div class='ocr_carea' id='block_1_31' title="bbox 515 3081 2084 3155">
    <p class='ocr_par' dir='ltr' id='par_1_31' title="bbox 515 3081 2084 3155">
     <span class='ocr_line' id='line_1_31' title="bbox 515 3081 2084 3155; baseline 0.006 -23"><span class='ocrx_word' id='word_1_211' title='bbox 515 3081 659 3144; x_wconf 87' lang='lat' dir='ltr'><strong>cibo,</strong></span> <span class='ocrx_word' id='word_1_212' title='bbox 693 3095 759 3133; x_wconf 88' lang='lat' dir='ltr'><strong>an</strong></span> <span class='ocrx_word' id='word_1_213' title='bbox 789 3081 931 3149; x_wconf 88' lang='lat' dir='ltr'><strong>quod</strong></span> <span class='ocrx_word' id='word_1_214' title='bbox 971 3097 1036 3135; x_wconf 89' lang='lat' dir='ltr'><strong>ne</strong></span> <span class='ocrx_word' id='word_1_215' title='bbox 1083 3081 1174 3133; x_wconf 90' lang='lat' dir='ltr'><strong>illo</strong></span> <span class='ocrx_word' id='word_1_216' title='bbox 1201 3081 1418 3150; x_wconf 89' lang='lat' dir='ltr'><strong>quidem</strong></span> <span class='ocrx_word' id='word_1_217' title='bbox 1452 3083 1737 3138; x_wconf 88' lang='lat' dir='ltr'><strong>commode</strong></span> <span class='ocrx_word' id='word_1_218' title='bbox 1767 3086 1910 3140; x_wconf 75' lang='lat' dir='ltr'><strong>vesci</strong></span> <span class='ocrx_word' id='word_1_219' title='bbox 1955 3097 2084 3155; x_wconf 91' lang='lat' dir='ltr'><strong>pos-</strong></span> 
     </span>
    </p>
   </div>
   <div class='ocr_carea' id='block_1_32' title="bbox 517 3170 2086 3243">
    <p class='ocr_par' dir='ltr' id='par_1_32' title="bbox 517 3170 2086 3243">
     <span class='ocr_line' id='line_1_32' title="bbox 517 3170 2086 3243; baseline 0.006 -21"><span class='ocrx_word' id='word_1_220' title='bbox 517 3171 664 3230; x_wconf 83' lang='lat' dir='ltr'><strong>sint,</strong></span> <span class='ocrx_word' id='word_1_221' title='bbox 719 3170 976 3236; x_wconf 84' lang='lat' dir='ltr'><strong>impedita</strong></span> <span class='ocrx_word' id='word_1_222' title='bbox 1029 3179 1249 3240; x_wconf 83' lang='lat' dir='ltr'><strong>pr0pter</strong></span> <span class='ocrx_word' id='word_1_223' title='bbox 1301 3173 1414 3226; x_wconf 84' lang='lat' dir='ltr'><strong>oris</strong></span> <span class='ocrx_word' id='word_1_224' title='bbox 1468 3181 1754 3243; x_wconf 85' lang='lat' dir='ltr'><strong>corruptas</strong></span> <span class='ocrx_word' id='word_1_225' title='bbox 1813 3191 1842 3229; x_wconf 88' lang='lat' dir='ltr'><strong>a</strong></span> <span class='ocrx_word' id='word_1_226' title='bbox 1895 3178 2086 3232; x_wconf 86' lang='lat' dir='ltr'><strong>morbo</strong></span> 
     </span>
    </p>
   </div>
   <div class='ocr_carea' id='block_1_33' title="bbox 515 3261 2087 3337">
    <p class='ocr_par' dir='ltr' id='par_1_33' title="bbox 515 3261 2087 3337">
     <span class='ocr_line' id='line_1_33' title="bbox 515 3261 2087 3337; baseline 0.006 -25"><span class='ocrx_word' id='word_1_227' title='bbox 515 3261 815 3329; x_wconf 86' lang='lat' dir='ltr'><strong>particulas</strong></span> <span class='ocrx_word' id='word_1_228' title='bbox 840 3261 1031 3315; x_wconf 87' lang='lat' dir='ltr'><strong>edendi</strong></span> <span class='ocrx_word' id='word_1_229' title='bbox 1059 3269 1352 3331; x_wconf 82' lang='lat' dir='ltr'><strong>potestate.</strong></span> <span class='ocrx_word' id='word_1_230' title='bbox 1379 3261 1536 3331; x_wconf 84' lang='lat' dir='ltr'><strong>Quod</strong></span> <span class='ocrx_word' id='word_1_231' title='bbox 1568 3265 1854 3320; x_wconf 89' lang='lat' dir='ltr'><strong>sentiendo</strong></span> <span class='ocrx_word' id='word_1_232' title='bbox 1877 3281 1940 3322; x_wconf 85' lang='lat' dir='ltr'><strong>ea</strong></span> <span class='ocrx_word' id='word_1_233' title='bbox 1967 3283 2087 3337; x_wconf 75' lang='lat' dir='ltr'><strong>qua:</strong></span> 
     </span>
    </p>
   </div>
   <div class='ocr_carea' id='block_1_34' title="bbox 517 3355 2086 3427">
    <p class='ocr_par' dir='ltr' id='par_1_34' title="bbox 517 3355 2086 3427">
     <span class='ocr_line' id='line_1_34' title="bbox 517 3355 2086 3427; baseline 0.006 -25"><span class='ocrx_word' id='word_1_234' title='bbox 517 3355 859 3403; x_wconf 81' lang='lat' dir='ltr'><strong>mortuorum</strong></span> <span class='ocrx_word' id='word_1_235' title='bbox 915 3359 1044 3404; x_wconf 91' lang='lat' dir='ltr'><strong>sunt</strong></span> <span class='ocrx_word' id='word_1_236' title='bbox 1095 3355 1336 3422; x_wconf 82' lang='lat' dir='ltr'><strong>propria,</strong></span> <span class='ocrx_word' id='word_1_237' title='bbox 1385 3355 1775 3425; x_wconf 85' lang='lat' dir='ltr'><strong>perpetiantur,</strong></span> <span class='ocrx_word' id='word_1_238' title='bbox 1822 3373 1889 3410; x_wconf 90' lang='lat' dir='ltr'><strong>an</strong></span> <span class='ocrx_word' id='word_1_239' title='bbox 1942 3359 2086 3427; x_wconf 87' lang='lat' dir='ltr'><strong>quod</strong></span> 
     </span>
    </p>
   </div>
   <div class='ocr_carea' id='block_1_35' title="bbox 519 3439 2088 3514">
    <p class='ocr_par' dir='ltr' id='par_1_35' title="bbox 519 3439 2088 3514">
     <span class='ocr_line' id='line_1_35' title="bbox 519 3439 2088 3514; baseline 0.006 -20"><span class='ocrx_word' id='word_1_240' title='bbox 519 3439 656 3510; x_wconf 82' lang='lat' dir='ltr'><strong>ipsis</strong></span> <span class='ocrx_word' id='word_1_241' title='bbox 706 3443 869 3495; x_wconf 88' lang='lat' dir='ltr'><strong>etiam</strong></span> <span class='ocrx_word' id='word_1_242' title='bbox 925 3445 1183 3498; x_wconf 89' lang='lat' dir='ltr'><strong>sensibus</strong></span> <span class='ocrx_word' id='word_1_243' title='bbox 1224 3443 1438 3514; x_wconf 85' lang='lat' dir='ltr'><strong>spoliati</strong></span> <span class='ocrx_word' id='word_1_244' title='bbox 1484 3447 1611 3500; x_wconf 86' lang='lat' dir='ltr'><strong>sint.</strong></span> <span class='ocrx_word' id='word_1_245' title='bbox 1645 3446 1746 3502; x_wconf 90' lang='lat' dir='ltr'><strong>Ubi</strong></span> <span class='ocrx_word' id='word_1_246' title='bbox 1786 3447 1928 3503; x_wconf 89' lang='lat' dir='ltr'><strong>enim</strong></span> <span class='ocrx_word' id='word_1_247' title='bbox 1981 3449 2088 3504; x_wconf 89' lang='lat' dir='ltr'><strong>illis</strong></span> 
     </span>
    </p>
   </div>
   <div class='ocr_carea' id='block_1_36' title="bbox 520 3531 2088 3608">
    <p class='ocr_par' dir='ltr' id='par_1_36' title="bbox 520 3531 2088 3608">
     <span class='ocr_line' id='line_1_36' title="bbox 520 3531 2088 3608; baseline 0.008 -24"><span class='ocrx_word' id='word_1_248' title='bbox 520 3541 616 3584; x_wconf 86' lang='lat' dir='ltr'><strong>aut</strong></span> <span class='ocrx_word' id='word_1_249' title='bbox 667 3531 904 3594; x_wconf 73' lang='lat' dir='ltr'><strong>videndi,</strong></span> <span class='ocrx_word' id='word_1_250' title='bbox 944 3541 1034 3585; x_wconf 86' lang='lat' dir='ltr'><strong>aut</strong></span> <span class='ocrx_word' id='word_1_251' title='bbox 1067 3533 1354 3598; x_wconf 84' lang='lat' dir='ltr'><strong>Odorandi,</strong></span> <span class='ocrx_word' id='word_1_252' title='bbox 1405 3545 1500 3592; x_wconf 89' lang='lat' dir='ltr'><strong>aut</strong></span> <span class='ocrx_word' id='word_1_253' title='bbox 1544 3538 1796 3608; x_wconf 87' lang='lat' dir='ltr'><strong>tangendi</strong></span> <span class='ocrx_word' id='word_1_254' title='bbox 1841 3539 1955 3594; x_wconf 86' lang='lat' dir='ltr'><strong>vis?</strong></span> <span class='ocrx_word' id='word_1_255' title='bbox 1989 3537 2088 3596; x_wconf 86' lang='lat' dir='ltr'><strong>Ubi</strong></span> 
     </span>
    </p>
   </div>
   <div class='ocr_carea' id='block_1_37' title="bbox 532 3623 2089 3704">
    <p class='ocr_par' dir='ltr' id='par_1_37' title="bbox 532 3623 2089 3704">
     <span class='ocr_line' id='line_1_37' title="bbox 532 3623 2089 3704; baseline 0.005 -26"><span class='ocrx_word' id='word_1_256' title='bbox 532 3623 866 3694; x_wconf 89' lang='lat' dir='ltr'><strong>reliquorum</strong></span> <span class='ocrx_word' id='word_1_257' title='bbox 914 3641 1173 3680; x_wconf 86' lang='lat' dir='ltr'><strong>sensuum</strong></span> <span class='ocrx_word' id='word_1_258' title='bbox 1219 3628 1398 3694; x_wconf 86' lang='lat' dir='ltr'><strong>sedes,</strong></span> <span class='ocrx_word' id='word_1_259' title='bbox 1442 3643 1580 3699; x_wconf 88' lang='lat' dir='ltr'><strong>quas</strong></span> <span class='ocrx_word' id='word_1_260' title='bbox 1625 3631 1885 3698; x_wconf 87' lang='lat' dir='ltr'><strong>paulatim</strong></span> <span class='ocrx_word' id='word_1_261' title='bbox 1922 3629 2089 3704; x_wconf 83' lang='lat' dir='ltr'><strong>depa-</strong></span> 
     </span>
    </p>
   </div>
   <div class='ocr_carea' id='block_1_38' title="bbox 523 3717 2092 3793">
    <p class='ocr_par' dir='ltr' id='par_1_38' title="bbox 523 3717 2092 3793">
     <span class='ocr_line' id='line_1_38' title="bbox 523 3717 2092 3793; baseline 0.004 -21"><span class='ocrx_word' id='word_1_262' title='bbox 523 3727 712 3772; x_wconf 88' lang='lat' dir='ltr'><strong>scente</strong></span> <span class='ocrx_word' id='word_1_263' title='bbox 761 3717 953 3772; x_wconf 88' lang='lat' dir='ltr'><strong>morbo</strong></span> <span class='ocrx_word' id='word_1_264' title='bbox 991 3719 1147 3774; x_wconf 92' lang='lat' dir='ltr'><strong>ulcus</strong></span> <span class='ocrx_word' id='word_1_265' title='bbox 1177 3717 1423 3776; x_wconf 83' lang='lat' dir='ltr'><strong>arrodit?</strong></span> <span class='ocrx_word' id='word_1_266' title='bbox 1457 3719 1564 3777; x_wconf 79' lang='lat' dir='ltr'><strong>Per</strong></span> <span class='ocrx_word' id='word_1_267' title='bbox 1595 3723 1777 3777; x_wconf 88' lang='lat' dir='ltr'><strong>omnia</strong></span> <span class='ocrx_word' id='word_1_268' title='bbox 1801 3723 1965 3793; x_wconf 82' lang='lat' dir='ltr'><strong>igitur</strong></span> <span class='ocrx_word' id='word_1_269' title='bbox 1999 3741 2092 3778; x_wconf 89' lang='lat' dir='ltr'><strong>va-</strong></span> 
     </span>
    </p>
   </div>
   <div class='ocr_carea' id='block_1_39' title="bbox 519 3811 2088 3882">
    <p class='ocr_par' dir='ltr' id='par_1_39' title="bbox 519 3811 2088 3882">
     <span class='ocr_line' id='line_1_39' title="bbox 519 3811 2088 3882; baseline 0.004 -20"><span class='ocrx_word' id='word_1_270' title='bbox 519 3819 721 3881; x_wconf 76' lang='lat' dir='ltr'><strong>gantur</strong></span> <span class='ocrx_word' id='word_1_271' title='bbox 763 3811 903 3876; x_wconf 91' lang='lat' dir='ltr'><strong>loca,</strong></span> <span class='ocrx_word' id='word_1_272' title='bbox 959 3811 1025 3865; x_wconf 90' lang='lat' dir='ltr'><strong>ad</strong></span> <span class='ocrx_word' id='word_1_273' title='bbox 1079 3811 1388 3866; x_wconf 84' lang='lat' dir='ltr'><strong>uberiorem</strong></span> <span class='ocrx_word' id='word_1_274' title='bbox 1440 3819 1680 3882; x_wconf 86' lang='lat' dir='ltr'><strong>pastum,</strong></span> <span class='ocrx_word' id='word_1_275' title='bbox 1734 3822 1794 3867; x_wconf 91' lang='lat' dir='ltr'><strong>ut</strong></span> <span class='ocrx_word' id='word_1_276' title='bbox 1833 3814 2088 3869; x_wconf 89' lang='lat' dir='ltr'><strong>animalia</strong></span> 
     </span>
    </p>
   </div>
   <div class='ocr_carea' id='block_1_40' title="bbox 517 3903 2087 3973">
    <p class='ocr_par' dir='ltr' id='par_1_40' title="bbox 517 3903 2087 3973">
     <span class='ocr_line' id='line_1_40' title="bbox 517 3903 2087 3973; baseline 0.004 -16"><span class='ocrx_word' id='word_1_277' title='bbox 517 3903 747 3959; x_wconf 85' lang='lat' dir='ltr'><strong>rationis</strong></span> <span class='ocrx_word' id='word_1_278' title='bbox 798 3904 1061 3973; x_wconf 80' lang='lat' dir='ltr'><strong>expertia,</strong></span> <span class='ocrx_word' id='word_1_279' title='bbox 1104 3903 1397 3958; x_wconf 83' lang='lat' dir='ltr'><strong>identidem</strong></span> <span class='ocrx_word' id='word_1_280' title='bbox 1439 3920 1499 3960; x_wconf 89' lang='lat' dir='ltr'><strong>se</strong></span> <span class='ocrx_word' id='word_1_281' title='bbox 1530 3904 1944 3963; x_wconf 74' lang='lat' dir='ltr'><strong>transferentes.</strong></span> <span class='ocrx_word' id='word_1_282' title='bbox 1979 3905 2087 3962; x_wconf 88' lang='lat' dir='ltr'><strong>0c-</strong></span> 
     </span>
    </p>
   </div>
   <div class='ocr_carea' id='block_1_41' title="bbox 519 3977 2090 4067">
    <p class='ocr_par' dir='ltr' id='par_1_41' title="bbox 519 3977 2090 4067">
     <span class='ocr_line' id='line_1_41' title="bbox 519 3977 2090 4067; baseline 0.004 -19"><span class='ocrx_word' id='word_1_283' title='bbox 519 3977 795 4048; x_wconf 81' lang='lat' dir='ltr'><strong>casionem</strong></span> <span class='ocrx_word' id='word_1_284' title='bbox 830 3994 894 4047; x_wconf 90' lang='lat' dir='ltr'><strong>ad</strong></span> <span class='ocrx_word' id='word_1_285' title='bbox 942 3995 1327 4063; x_wconf 84' lang='lat' dir='ltr'><strong>negotiandum</strong></span> <span class='ocrx_word' id='word_1_286' title='bbox 1360 3997 1838 4067; x_wconf 88' lang='lat' dir='ltr'><strong>comparandaqne</strong></span> <span class='ocrx_word' id='word_1_287' title='bbox 1882 3999 2090 4055; x_wconf 88' lang='lat' dir='ltr'><strong>cibaria</strong></span> 
     </span>
    </p>
   </div>
   <div class='ocr_carea' id='block_1_42' title="bbox 521 4085 2090 4158">
    <p class='ocr_par' dir='ltr' id='par_1_42' title="bbox 521 4085 2090 4158">
     <span class='ocr_line' id='line_1_42' title="bbox 521 4085 2090 4158; baseline 0.004 -18"><span class='ocrx_word' id='word_1_288' title='bbox 521 4085 917 4140; x_wconf 81' lang='lat' dir='ltr'><strong>circumferunt</strong></span> <span class='ocrx_word' id='word_1_289' title='bbox 959 4087 1349 4153; x_wconf 84' lang='lat' dir='ltr'><strong>calamitatem,</strong></span> <span class='ocrx_word' id='word_1_290' title='bbox 1406 4097 1460 4143; x_wconf 90' lang='lat' dir='ltr'><strong>et</strong></span> <span class='ocrx_word' id='word_1_291' title='bbox 1503 4089 1921 4158; x_wconf 88' lang='lat' dir='ltr'><strong>supplicationis</strong></span> <span class='ocrx_word' id='word_1_292' title='bbox 1971 4091 2090 4147; x_wconf 90' lang='lat' dir='ltr'><strong>ioco</strong></span> 
     </span>
    </p>
   </div>
   <div class='ocr_carea' id='block_1_43' title="bbox 521 4173 2091 4251">
    <p class='ocr_par' dir='ltr' id='par_1_43' title="bbox 521 4173 2091 4251">
     <span class='ocr_line' id='line_1_43' title="bbox 521 4173 2091 4251; baseline 0.008 -25"><span class='ocrx_word' id='word_1_293' title='bbox 521 4173 770 4230; x_wconf 90' lang='lat' dir='ltr'><strong>morbum</strong></span> <span class='ocrx_word' id='word_1_294' title='bbox 800 4175 1054 4232; x_wconf 90' lang='lat' dir='ltr'><strong>omnibus</strong></span> <span class='ocrx_word' id='word_1_295' title='bbox 1089 4178 1410 4238; x_wconf 84' lang='lat' dir='ltr'><strong>ostendunt.</strong></span> <span class='ocrx_word' id='word_1_296' title='bbox 1451 4177 1681 4250; x_wconf 80' lang='lat' dir='ltr'><strong>PrOpter</strong></span> <span class='ocrx_word' id='word_1_297' title='bbox 1713 4179 2091 4251; x_wconf 68' lang='lat' dir='ltr'><strong>aegritudinem</strong></span> 
     </span>
    </p>
   </div>
   <div class='ocr_carea' id='block_1_44' title="bbox 521 4269 2087 4340">
    <p class='ocr_par' dir='ltr' id='par_1_44' title="bbox 521 4269 2087 4340">
     <span class='ocr_line' id='line_1_44' title="bbox 521 4269 2087 4340; baseline 0.006 -22"><span class='ocrx_word' id='word_1_298' title='bbox 521 4273 701 4320; x_wconf 86' lang='lat' dir='ltr'><strong>autem</strong></span> <span class='ocrx_word' id='word_1_299' title='bbox 745 4269 1011 4322; x_wconf 87' lang='lat' dir='ltr'><strong>ministris</strong></span> <span class='ocrx_word' id='word_1_300' title='bbox 1056 4277 1234 4339; x_wconf 85' lang='lat' dir='ltr'><strong>egent,</strong></span> <span class='ocrx_word' id='word_1_301' title='bbox 1287 4283 1317 4324; x_wconf 88' lang='lat' dir='ltr'><strong>a</strong></span> <span class='ocrx_word' id='word_1_302' title='bbox 1357 4272 1557 4340; x_wconf 86' lang='lat' dir='ltr'><strong>quibus</strong></span> <span class='ocrx_word' id='word_1_303' title='bbox 1601 4287 1762 4327; x_wconf 91' lang='lat' dir='ltr'><strong>manu</strong></span> <span class='ocrx_word' id='word_1_304' title='bbox 1793 4271 2087 4339; x_wconf 88' lang='lat' dir='ltr'><strong>ducantur,</strong></span> 
     </span>
    </p>
   </div>
   <div class='ocr_carea' id='block_1_45' title="bbox 1743 225 2518 291">
    <p class='ocr_par' dir='ltr' id='par_1_45' title="bbox 1743 225 2518 291">
     <span class='ocr_line' id='line_1_45' title="bbox 1743 225 2518 291; baseline -0.001 -1"><span class='ocrx_word' id='word_1_305' title='bbox 1743 235 1800 291; x_wconf 87' lang='lat' dir='ltr'><strong>S.</strong></span> <span class='ocrx_word' id='word_1_306' title='bbox 1843 231 2172 290; x_wconf 79' lang='lat' dir='ltr'><strong>GREGORH</strong></span> <span class='ocrx_word' id='word_1_307' title='bbox 2219 225 2518 290; x_wconf 65' lang='lat' dir='ltr'><strong>NYSSEN!</strong></span> 
     </span>
    </p>
   </div>
   <div class='ocr_carea' id='block_1_46' title="bbox 503 333 2087 422">
    <p class='ocr_par' dir='ltr' id='par_1_46' title="bbox 503 345 2072 418">
     <span class='ocr_line' id='line_1_46' title="bbox 503 345 2072 418; baseline 0.003 -16"><span class='ocrx_word' id='word_1_308' title='bbox 503 349 740 402; x_wconf 87' lang='lat' dir='ltr'><strong>dicatur.</strong></span> <span class='ocrx_word' id='word_1_309' title='bbox 775 345 897 402; x_wconf 66' lang='lat' dir='ltr'><strong>llaec</strong></span> <span class='ocrx_word' id='word_1_310' title='bbox 923 353 1205 412; x_wconf 87' lang='lat' dir='ltr'><strong>enarrant,</strong></span> <span class='ocrx_word' id='word_1_311' title='bbox 1238 347 1355 402; x_wconf 58' lang='lat' dir='ltr'><strong>hac</strong></span> <span class='ocrx_word' id='word_1_312' title='bbox 1380 347 1666 418; x_wconf 88' lang='lat' dir='ltr'><strong>deplorant</strong></span> <span class='ocrx_word' id='word_1_313' title='bbox 1693 367 1708 404; x_wconf 90' lang='lat'><strong>:</strong></span> <span class='ocrx_word' id='word_1_314' title='bbox 1739 351 1810 405; x_wconf 88' lang='lat' dir='ltr'><strong>ob</strong></span> <span class='ocrx_word' id='word_1_315' title='bbox 1839 351 1956 406; x_wconf 63' lang='lat' dir='ltr'><strong>haec</strong></span> <span class='ocrx_word' id='word_1_316' title='bbox 1977 367 2072 406; x_wconf 82' lang='lat' dir='ltr'><strong>ne-</strong></span> 
     </span>
    </p>
   </div>
   <div class='ocr_carea' id='block_1_47' title="bbox 2187 333 3706 422">
    <p class='ocr_par' dir='ltr' id='par_1_47' title="bbox 2187 333 3706 422">
     <span class='ocr_line' id='line_1_47' title="bbox 2187 333 3706 422; baseline -0.008 -18"><span class='ocrx_word' id='word_1_317' title='bbox 2187 351 2281 422; x_wconf 65' lang='grc' dir='ltr'>ανή</span> <span class='ocrx_word' id='word_1_318' title='bbox 2292 369 2366 420; x_wconf 82' lang='grc' dir='ltr'>μῃ</span> <span class='ocrx_word' id='word_1_319' title='bbox 2399 343 2721 419; x_wconf 83' lang='grc' dir='ltr'>συγχέομαι.</span> <span class='ocrx_word' id='word_1_320' title='bbox 2751 341 2905 399; x_wconf 72' lang='grc' dir='ltr'>Ἐἶδον</span> <span class='ocrx_word' id='word_1_321' title='bbox 2935 341 3104 408; x_wconf 72' lang='grc' dir='ltr'>πάθος</span> <span class='ocrx_word' id='word_1_322' title='bbox 3131 343 3406 404; x_wconf 67' lang='grc' dir='ltr'>ἐλεεινὸν,</span> <span class='ocrx_word' id='word_1_323' title='bbox 3439 333 3580 390; x_wconf 58' lang='grc' dir='ltr'>εἷῶν</span> <span class='ocrx_word' id='word_1_324' title='bbox 3601 337 3706 408; x_wconf 64' lang='lat'><strong>5&amp;2:</strong></span> 
     </span>
    </p>
   </div>
   <div class='ocr_carea' id='block_1_48' title="bbox 3665 79 3736 246">
    <p class='ocr_par' dir='ltr' id='par_1_48' title="bbox 3665 79 3736 246">
     <span class='ocr_line' id='line_1_48' title="bbox 3665 79 3736 246; baseline 0 0"><span class='ocrx_word' id='word_1_325' title='bbox 3665 233 3672 246; x_wconf 74' lang='grc' dir='ltr'><strong>ο</strong></span> <span class='ocrx_word' id='word_1_326' title='bbox 3725 79 3736 246; x_wconf 78' lang='grc' dir='ltr'><strong>Ι</strong></span> 
     </span>
    </p>
   </div>
   <div class='ocr_carea' id='block_1_49' title="bbox 3663 255 3698 280">
    <p class='ocr_par' dir='ltr' id='par_1_49' title="bbox 3663 255 3698 280">
     <span class='ocr_line' id='line_1_49' title="bbox 3663 255 3698 280; baseline 0 0"><span class='ocrx_word' id='word_1_327' title='bbox 3663 267 3676 280; x_wconf 67' lang='grc' dir='ltr'><strong>τ</strong></span> <span class='ocrx_word' id='word_1_328' title='bbox 3683 255 3698 268; x_wconf 77' lang='grc'><strong>’⁸</strong></span> 
     </span>
    </p>
   </div>
   <div class='ocr_carea' id='block_1_50' title="bbox 3729 331 3736 456">
    <p class='ocr_par' dir='ltr' id='par_1_50' title="bbox 3729 331 3736 456">
     <span class='ocr_line' id='line_1_50' title="bbox 3729 331 3736 456; baseline 0 0"><span class='ocrx_word' id='word_1_329' title='bbox 3729 331 3736 456; x_wconf 74' lang='lat' dir='ltr'><strong>i</strong></span> 
     </span>
    </p>
   </div>
   <div class='ocr_carea' id='block_1_51' title="bbox 2173 427 3698 512">
    <p class='ocr_par' dir='ltr' id='par_1_51' title="bbox 2173 427 3698 512">
     <span class='ocr_line' id='line_1_51' title="bbox 2173 427 3698 512; baseline -0.008 -18"><span class='ocrx_word' id='word_1_330' title='bbox 2173 437 2422 512; x_wconf 78' lang='grc' dir='ltr'>δακρύων</span> <span class='ocrx_word' id='word_1_331' title='bbox 2463 437 2706 508; x_wconf 76' lang='grc' dir='ltr'>πλῆρες’</span> <span class='ocrx_word' id='word_1_332' title='bbox 2761 434 3073 505; x_wconf 80' lang='grc' dir='ltr'><strong>πρόκεινται</strong></span> <span class='ocrx_word' id='word_1_333' title='bbox 3116 431 3262 488; x_wconf 80' lang='grc' dir='ltr'>κατὰ</span> <span class='ocrx_word' id='word_1_334' title='bbox 3303 431 3428 492; x_wconf 67' lang='grc' dir='ltr'><strong>τὰς</strong></span> <span class='ocrx_word' id='word_1_335' title='bbox 3473 427 3620 489; x_wconf 67' lang='grc' dir='ltr'>ὁδειῑδς</span> <span class='ocrx_word' id='word_1_336' title='bbox 3653 433 3698 482; x_wconf 69' lang='grc' dir='ltr'>τὲ</span> 
     </span>
    </p>
   </div>
   <div class='ocr_carea' id='block_1_52' title="bbox 2175 518 3702 601">
    <p class='ocr_par' dir='ltr' id='par_1_52' title="bbox 2175 518 3702 601">
     <span class='ocr_line' id='line_1_52' title="bbox 2175 518 3702 601; baseline -0.009 -17"><span class='ocrx_word' id='word_1_337' title='bbox 2175 531 2478 601; x_wconf 77' lang='grc' dir='ltr'>παριόντων</span> <span class='ocrx_word' id='word_1_338' title='bbox 2529 527 2838 598; x_wconf 66' lang='grc' dir='ltr'>ἄνθρωπον</span> <span class='ocrx_word' id='word_1_339' title='bbox 2888 523 3086 597; x_wconf 76' lang='grc' dir='ltr'>μᾶλλον</span> <span class='ocrx_word' id='word_1_340' title='bbox 3119 523 3176 578; x_wconf 79' lang='grc' dir='ltr'>δὲ</span> <span class='ocrx_word' id='word_1_341' title='bbox 3223 521 3436 576; x_wconf 78' lang='grc' dir='ltr'>οὖκέτι</span> <span class='ocrx_word' id='word_1_342' title='bbox 3487 518 3702 586; x_wconf 59' lang='lat' dir='ltr'><strong>Mm</strong></span> 
     </span>
    </p>
   </div>
   <div class='ocr_carea' id='block_1_53' title="bbox 2175 613 3702 689">
    <p class='ocr_par' dir='ltr' id='par_1_53' title="bbox 2175 613 3702 689">
     <span class='ocr_line' id='line_1_53' title="bbox 2175 613 3702 689; baseline -0.005 -15"><span class='ocrx_word' id='word_1_343' title='bbox 2175 621 2310 674; x_wconf 80' lang='grc' dir='ltr'>ἀλλὰ</span> <span class='ocrx_word' id='word_1_344' title='bbox 2336 621 2444 673; x_wconf 79' lang='grc' dir='ltr'><strong>τῶν</strong></span> <span class='ocrx_word' id='word_1_345' title='bbox 2471 637 2602 673; x_wconf 90' lang='grc' dir='ltr'>ποτε</span> <span class='ocrx_word' id='word_1_346' title='bbox 2629 618 2930 689; x_wconf 82' lang='grc' dir='ltr'>ἀνθρώπων</span> <span class='ocrx_word' id='word_1_347' title='bbox 2965 617 3124 673; x_wconf 71' lang='grc' dir='ltr'>ἄθλια</span> <span class='ocrx_word' id='word_1_348' title='bbox 3155 613 3408 684; x_wconf 75' lang='grc' dir='ltr'>λείψανα</span> <span class='ocrx_word' id='word_1_349' title='bbox 3425 653 3444 677; x_wconf 83' lang='grc'><strong>,</strong></span> <span class='ocrx_word' id='word_1_350' title='bbox 3499 613 3702 680; x_wconf 55' lang='lat' dir='ltr'><strong>causae</strong></span> 
     </span>
    </p>
   </div>
   <div class='ocr_carea' id='block_1_54' title="bbox 2175 703 3702 782">
    <p class='ocr_par' dir='ltr' id='par_1_54' title="bbox 2175 703 3702 782">
     <span class='ocr_line' id='line_1_54' title="bbox 2175 703 3702 782; baseline -0.006 -15"><span class='ocrx_word' id='word_1_351' title='bbox 2175 714 2334 767; x_wconf 82' lang='grc' dir='ltr'>τινῶν</span> <span class='ocrx_word' id='word_1_352' title='bbox 2364 714 2458 766; x_wconf 68' lang='grc' dir='ltr'>καὶ</span> <span class='ocrx_word' id='word_1_353' title='bbox 2488 711 2880 782; x_wconf 79' lang='grc' dir='ltr'>γνωρισμάτων</span> <span class='ocrx_word' id='word_1_354' title='bbox 2909 713 2992 776; x_wconf 76' lang='grc' dir='ltr'><strong>ἐἰς</strong></span> <span class='ocrx_word' id='word_1_355' title='bbox 3007 711 3076 763; x_wconf 83' lang='grc' dir='ltr'><strong>τὸ</strong></span> <span class='ocrx_word' id='word_1_356' title='bbox 3107 705 3498 776; x_wconf 65' lang='grc' dir='ltr'><strong>πιστευθῆναι</strong></span> 
     </span>
    </p>
   </div>
   <div class='ocr_carea' id='block_1_55' title="bbox 2177 801 3682 877">
    <p class='ocr_par' dir='ltr' id='par_1_55' title="bbox 2177 801 3682 877">
     <span class='ocr_line' id='line_1_55' title="bbox 2177 801 3682 877; baseline -0.005 -19"><span class='ocrx_word' id='word_1_357' title='bbox 2177 808 2268 861; x_wconf 62' lang='grc' dir='ltr'><strong>Οὐδ</strong></span> <span class='ocrx_word' id='word_1_358' title='bbox 2296 805 2406 877; x_wconf 85' lang='grc' dir='ltr'>γὰρ</span> <span class='ocrx_word' id='word_1_359' title='bbox 2437 805 2651 875; x_wconf 77' lang='grc' dir='ltr'>ἔχουσιν</span> <span class='ocrx_word' id='word_1_360' title='bbox 2696 801 2804 857; x_wconf 82' lang='grc' dir='ltr'><strong>ἀπὸ</strong></span> <span class='ocrx_word' id='word_1_361' title='bbox 2845 803 2955 856; x_wconf 81' lang='grc' dir='ltr'>τῶν</span> <span class='ocrx_word' id='word_1_362' title='bbox 2993 803 3091 873; x_wconf 85' lang='grc' dir='ltr'>τῆς</span> <span class='ocrx_word' id='word_1_363' title='bbox 3127 801 3358 870; x_wconf 81' lang='grc' dir='ltr'>φύσεως</span> <span class='ocrx_word' id='word_1_364' title='bbox 3415 803 3682 870; x_wconf 60' lang='grc' dir='ltr'>χαρακτήρ</span> 
     </span>
    </p>
   </div>
   <div class='ocr_carea' id='block_1_56' title="bbox 2177 889 3714 966">
    <p class='ocr_par' dir='ltr' id='par_1_56' title="bbox 2177 889 3714 966">
     <span class='ocr_line' id='line_1_56' title="bbox 2177 889 3714 966; baseline -0.006 -15"><span class='ocrx_word' id='word_1_365' title='bbox 2177 897 2632 966; x_wconf 81' lang='grc' dir='ltr'>ἐπιγινώσκεσθαι</span> <span class='ocrx_word' id='word_1_366' title='bbox 2679 889 2954 964; x_wconf 80' lang='grc' dir='ltr'>ἅνθρωποι</span> <span class='ocrx_word' id='word_1_367' title='bbox 2980 935 2994 959; x_wconf 91' lang='grc'><strong>,</strong></span> <span class='ocrx_word' id='word_1_368' title='bbox 3051 893 3200 964; x_wconf 85' lang='grc' dir='ltr'>μόνοι</span> <span class='ocrx_word' id='word_1_369' title='bbox 3229 893 3348 946; x_wconf 80' lang='grc' dir='ltr'><strong>τῶν</strong></span> <span class='ocrx_word' id='word_1_370' title='bbox 3399 892 3620 944; x_wconf 59' lang='grc' dir='ltr'>πάντων</span> 
     </span>
    </p>
   </div>
   <div class='ocr_carea' id='block_1_57' title="bbox 2175 983 3716 1059">
    <p class='ocr_par' dir='ltr' id='par_1_57' title="bbox 2175 983 3716 1059">
     <span class='ocr_line' id='line_1_57' title="bbox 2175 983 3716 1059; baseline -0.006 -17"><span class='ocrx_word' id='word_1_371' title='bbox 2175 991 2302 1052; x_wconf 69' lang='grc' dir='ltr'>τοὺς</span> <span class='ocrx_word' id='word_1_372' title='bbox 2361 987 2677 1059; x_wconf 75' lang='grc' dir='ltr'>μισοῦντες,</span> <span class='ocrx_word' id='word_1_373' title='bbox 2735 987 2886 1058; x_wconf 85' lang='grc' dir='ltr'>μόνοι</span> <span class='ocrx_word' id='word_1_374' title='bbox 2937 987 3036 1056; x_wconf 74' lang='grc' dir='ltr'><strong>τὴν</strong></span> <span class='ocrx_word' id='word_1_375' title='bbox 3081 983 3372 1054; x_wconf 72' lang='grc' dir='ltr'><strong>γενέθλιον</strong></span> <span class='ocrx_word' id='word_1_376' title='bbox 3437 983 3644 1052; x_wconf 73' lang='grc' dir='ltr'>ἡμέραι.</span> <span class='ocrx_word' id='word_1_377' title='bbox 3677 987 3716 1032; x_wconf 74' lang='lat'><strong>5..-</strong></span> 
     </span>
    </p>
   </div>
   <div class='ocr_carea' id='block_1_58' title="bbox 2177 1070 3718 1150">
    <p class='ocr_par' dir='ltr' id='par_1_58' title="bbox 2177 1070 3718 1150">
     <span class='ocr_line' id='line_1_58' title="bbox 2177 1070 3718 1150; baseline -0.007 -17"><span class='ocrx_word' id='word_1_378' title='bbox 2177 1079 2420 1150; x_wconf 81' lang='grc' dir='ltr'>κατάρας</span> <span class='ocrx_word' id='word_1_379' title='bbox 2451 1075 2674 1146; x_wconf 76' lang='grc' dir='ltr'>ἄγοντες</span> <span class='ocrx_word' id='word_1_380' title='bbox 2695 1117 2709 1140; x_wconf 92' lang='grc'><strong>,</strong></span> <span class='ocrx_word' id='word_1_381' title='bbox 2747 1075 2962 1146; x_wconf 79' lang='grc' dir='ltr'>μισοῦσι</span> <span class='ocrx_word' id='word_1_382' title='bbox 2995 1075 3103 1145; x_wconf 79' lang='grc' dir='ltr'>γὰρ</span> <span class='ocrx_word' id='word_1_383' title='bbox 3140 1073 3387 1134; x_wconf 83' lang='grc' dir='ltr'><strong>εἰκότως</strong></span> <span class='ocrx_word' id='word_1_384' title='bbox 3435 1070 3544 1138; x_wconf 72' lang='grc' dir='ltr'><strong>τὴν</strong></span> <span class='ocrx_word' id='word_1_385' title='bbox 3573 1071 3718 1138; x_wconf 45' lang='grc' dir='ltr'>ᾕῴιεπ</span> 
     </span>
    </p>
   </div>
   <div class='ocr_carea' id='block_1_59' title="bbox 2175 1161 3710 1244">
    <p class='ocr_par' dir='ltr' id='par_1_59' title="bbox 2175 1161 3710 1244">
     <span class='ocr_line' id='line_1_59' title="bbox 2175 1161 3710 1244; baseline -0.007 -18"><span class='ocrx_word' id='word_1_386' title='bbox 2175 1173 2413 1244; x_wconf 68' lang='grc' dir='ltr'>εκείνην,</span> <span class='ocrx_word' id='word_1_387' title='bbox 2461 1169 2560 1242; x_wconf 84' lang='grc' dir='ltr'><strong>τὴν</strong></span> <span class='ocrx_word' id='word_1_388' title='bbox 2604 1165 2845 1242; x_wconf 80' lang='grc' dir='ltr'><strong>ἄρξασαν</strong></span> <span class='ocrx_word' id='word_1_389' title='bbox 2893 1161 3074 1231; x_wconf 68' lang='grc' dir='ltr'>αὐτοῖς</span> <span class='ocrx_word' id='word_1_390' title='bbox 3113 1169 3216 1238; x_wconf 80' lang='grc' dir='ltr'>τῆς</span> <span class='ocrx_word' id='word_1_391' title='bbox 3283 1163 3568 1232; x_wconf 70' lang='grc' dir='ltr'>τοιαύτης</span> <span class='ocrx_word' id='word_1_392' title='bbox 3615 1165 3710 1228; x_wconf 56' lang='grc' dir='ltr'><strong>ζιῆ</strong></span> 
     </span>
    </p>
   </div>
   <div class='ocr_carea' id='block_1_60' title="bbox 2181 1255 3708 1336">
    <p class='ocr_par' dir='ltr' id='par_1_60' title="bbox 2181 1255 3708 1336">
     <span class='ocr_line' id='line_1_60' title="bbox 2181 1255 3708 1336; baseline -0.009 -17"><span class='ocrx_word' id='word_1_393' title='bbox 2181 1265 2510 1336; x_wconf 81' lang='grc' dir='ltr'>Ἀνθρωποι,</span> <span class='ocrx_word' id='word_1_394' title='bbox 2545 1263 2594 1317; x_wconf 79' lang='grc' dir='ltr'>οἳ</span> <span class='ocrx_word' id='word_1_395' title='bbox 2631 1263 2726 1318; x_wconf 71' lang='grc' dir='ltr'><strong>καὶ</strong></span> <span class='ocrx_word' id='word_1_396' title='bbox 2763 1259 3050 1333; x_wconf 80' lang='grc' dir='ltr'>ὀνομάζειν</span> <span class='ocrx_word' id='word_1_397' title='bbox 3087 1260 3324 1321; x_wconf 73' lang='grc' dir='ltr'>ἑαυτοὺς</span> <span class='ocrx_word' id='word_1_398' title='bbox 3361 1257 3492 1310; x_wconf 74' lang='grc' dir='ltr'><strong>ἀπὺ</strong></span> <span class='ocrx_word' id='word_1_399' title='bbox 3537 1255 3628 1324; x_wconf 70' lang='grc' dir='ltr'>τῆς</span> <span class='ocrx_word' id='word_1_400' title='bbox 3661 1275 3708 1306; x_wconf 82' lang='grc' dir='ltr'><strong>ι·-</strong></span> 
     </span>
    </p>
   </div>
   <div class='ocr_carea' id='block_1_61' title="bbox 2178 1347 3718 1430">
    <p class='ocr_par' dir='ltr' id='par_1_61' title="bbox 2178 1347 3718 1430">
     <span class='ocr_line' id='line_1_61' title="bbox 2178 1347 3718 1430; baseline -0.008 -18"><span class='ocrx_word' id='word_1_401' title='bbox 2178 1359 2273 1430; x_wconf 83' lang='grc' dir='ltr'>νῆς</span> <span class='ocrx_word' id='word_1_402' title='bbox 2301 1356 2670 1430; x_wconf 72' lang='grc' dir='ltr'>προσηγορίας</span> <span class='ocrx_word' id='word_1_403' title='bbox 2697 1353 3042 1424; x_wconf 74' lang='grc' dir='ltr'>αἰσχύνονται</span> <span class='ocrx_word' id='word_1_404' title='bbox 3063 1370 3076 1382; x_wconf 91' lang='grc'>·</span> <span class='ocrx_word' id='word_1_405' title='bbox 3103 1355 3180 1414; x_wconf 83' lang='grc' dir='ltr'>ὼς</span> <span class='ocrx_word' id='word_1_406' title='bbox 3207 1351 3279 1405; x_wconf 76' lang='grc' dir='ltr'>ἂν</span> <span class='ocrx_word' id='word_1_407' title='bbox 3309 1347 3396 1420; x_wconf 75' lang='grc' dir='ltr'>μὴ</span> <span class='ocrx_word' id='word_1_408' title='bbox 3427 1351 3500 1418; x_wconf 73' lang='grc' dir='ltr'>τῇ</span> <span class='ocrx_word' id='word_1_409' title='bbox 3533 1365 3718 1400; x_wconf 53' lang='grc' dir='ltr'><strong>κυνέης</strong></span> 
     </span>
    </p>
   </div>
   <div class='ocr_carea' id='block_1_62' title="bbox 2177 1441 3702 1520">
    <p class='ocr_par' dir='ltr' id='par_1_62' title="bbox 2177 1441 3702 1520">
     <span class='ocr_line' id='line_1_62' title="bbox 2177 1441 3702 1520; baseline -0.01 -15"><span class='ocrx_word' id='word_1_410' title='bbox 2177 1453 2271 1505; x_wconf 78' lang='grc' dir='ltr'>τοῦ</span> <span class='ocrx_word' id='word_1_411' title='bbox 2315 1453 2576 1518; x_wconf 84' lang='grc' dir='ltr'>ὀνόματος</span> <span class='ocrx_word' id='word_1_412' title='bbox 2613 1449 2712 1520; x_wconf 80' lang='grc' dir='ltr'>τὴν</span> <span class='ocrx_word' id='word_1_413' title='bbox 2752 1447 2935 1518; x_wconf 70' lang='grc' dir='ltr'>κοινὴν</span> <span class='ocrx_word' id='word_1_414' title='bbox 2975 1445 3134 1516; x_wconf 81' lang='grc' dir='ltr'>φύσιν</span> <span class='ocrx_word' id='word_1_415' title='bbox 3167 1441 3502 1498; x_wconf 67' lang='grc' dir='ltr'>δι’ἐαυτῶν</span> <span class='ocrx_word' id='word_1_416' title='bbox 3537 1441 3702 1504; x_wconf 49' lang='grc' dir='ltr'>καθείς</span> 
     </span>
    </p>
   </div>
   <div class='ocr_carea' id='block_1_63' title="bbox 2181 1535 3735 1614">
    <p class='ocr_par' dir='ltr' id='par_1_63' title="bbox 2181 1535 3735 1614">
     <span class='ocr_line' id='line_1_63' title="bbox 2181 1535 3735 1614; baseline -0.008 -18"><span class='ocrx_word' id='word_1_417' title='bbox 2181 1559 2361 1596; x_wconf 85' lang='grc' dir='ltr'>σειαν·</span> <span class='ocrx_word' id='word_1_418' title='bbox 2397 1544 2664 1614; x_wconf 74' lang='grc' dir='ltr'>οῗμωγαῐς</span> <span class='ocrx_word' id='word_1_419' title='bbox 2703 1539 2792 1594; x_wconf 74' lang='grc' dir='ltr'><strong>ἀεὶ</strong></span> <span class='ocrx_word' id='word_1_420' title='bbox 2838 1539 3124 1604; x_wconf 77' lang='grc' dir='ltr'>συζῶντες,</span> <span class='ocrx_word' id='word_1_421' title='bbox 3165 1539 3474 1592; x_wconf 73' lang='grc' dir='ltr'><strong>ἄπαυστον</strong></span> <span class='ocrx_word' id='word_1_422' title='bbox 3509 1535 3614 1586; x_wconf 76' lang='grc' dir='ltr'>τῶν</span> <span class='ocrx_word' id='word_1_423' title='bbox 3639 1535 3735 1614; x_wconf 37' lang='grc' dir='ltr'><strong>ξεῖ-ἐ</strong></span> 
     </span>
    </p>
   </div>
   <div class='ocr_carea' id='block_1_64' title="bbox 2179 1607 3735 1704">
    <p class='ocr_par' dir='ltr' id='par_1_64' title="bbox 2179 1607 3735 1704">
     <span class='ocr_line' id='line_1_64' title="bbox 2179 1607 3735 1704; baseline -0.008 -17"><span class='ocrx_word' id='word_1_424' title='bbox 2179 1649 2284 1688; x_wconf 88' lang='grc' dir='ltr'><strong>νων</strong></span> <span class='ocrx_word' id='word_1_425' title='bbox 2328 1631 2427 1704; x_wconf 79' lang='grc' dir='ltr'>τὴν</span> <span class='ocrx_word' id='word_1_426' title='bbox 2475 1623 2732 1684; x_wconf 75' lang='grc' dir='ltr'>ὑπόθεσιν</span> <span class='ocrx_word' id='word_1_427' title='bbox 2787 1629 3019 1701; x_wconf 73' lang='grc' dir='ltr'>ἔχοντες.</span> <span class='ocrx_word' id='word_1_428' title='bbox 3078 1629 3222 1704; x_wconf 79' lang='grc' dir='ltr'>Ἕως</span> <span class='ocrx_word' id='word_1_429' title='bbox 3263 1627 3388 1698; x_wconf 75' lang='grc' dir='ltr'>γὰρ</span> <span class='ocrx_word' id='word_1_430' title='bbox 3441 1625 3516 1679; x_wconf 76' lang='grc' dir='ltr'><strong>ἂν</strong></span> <span class='ocrx_word' id='word_1_431' title='bbox 3565 1607 3735 1704; x_wconf 50' lang='lat' dir='ltr'><strong>tau-42.!</strong></span> 
     </span>
    </p>
   </div>
   <div class='ocr_carea' id='block_1_65' title="bbox 3733 1555 3735 1562">
    <p class='ocr_par' dir='ltr' id='par_1_65' title="bbox 3733 1555 3735 1562">
     <span class='ocr_line' id='line_1_65' title="bbox 3733 1555 3735 1562; baseline 0 0"><span class='ocrx_word' id='word_1_432' title='bbox 3733 1555 3735 1562; x_wconf 73' lang='grc'>‹</span> 
     </span>
    </p>
   </div>
   <div class='ocr_carea' id='block_1_66' title="bbox 2109 1695 3720 1800">
    <p class='ocr_par' dir='ltr' id='par_1_66' title="bbox 2109 1695 3720 1800">
     <span class='ocr_line' id='line_1_66' title="bbox 2109 1695 3720 1800; baseline -0.008 -22"><span class='ocrx_word' id='word_1_433' title='bbox 2109 1695 2150 1749; x_wconf 74' lang='grc' dir='ltr'>Β</span> <span class='ocrx_word' id='word_1_434' title='bbox 2183 1695 2471 1796; x_wconf 79' lang='grc' dir='ltr'>βλέπωσιν,</span> <span class='ocrx_word' id='word_1_435' title='bbox 2521 1723 2607 1800; x_wconf 73' lang='grc' dir='ltr'><strong>ἀεὶ</strong></span> <span class='ocrx_word' id='word_1_436' title='bbox 2649 1721 2748 1786; x_wconf 84' lang='grc' dir='ltr'>τὰς</span> <span class='ocrx_word' id='word_1_437' title='bbox 2943 1703 3159 1790; x_wconf 64' lang='grc' dir='ltr'>θρηνεῗν</span> <span class='ocrx_word' id='word_1_438' title='bbox 3210 1695 3450 1788; x_wconf 74' lang='grc' dir='ltr'>ἔχουσιν</span> <span class='ocrx_word' id='word_1_439' title='bbox 3495 1717 3720 1787; x_wconf 55' lang='lat' dir='ltr'><strong>agape:-</strong></span> 
     </span>
    </p>
   </div>
   <div class='ocr_carea' id='block_1_67' title="bbox 2180 1808 3716 1886">
    <p class='ocr_par' dir='ltr' id='par_1_67' title="bbox 2180 1808 3716 1886">
     <span class='ocr_line' id='line_1_67' title="bbox 2180 1808 3716 1886; baseline -0.007 -17"><span class='ocrx_word' id='word_1_440' title='bbox 2180 1815 2529 1886; x_wconf 82' lang='grc' dir='ltr'>ὰποροῦντες,</span> <span class='ocrx_word' id='word_1_441' title='bbox 2572 1809 2670 1866; x_wconf 78' lang='grc' dir='ltr'>ὅτι</span> <span class='ocrx_word' id='word_1_442' title='bbox 2705 1811 2798 1865; x_wconf 78' lang='grc' dir='ltr'>καὶ</span> <span class='ocrx_word' id='word_1_443' title='bbox 2850 1809 3045 1881; x_wconf 73' lang='grc' dir='ltr'>μᾶλλον</span> <span class='ocrx_word' id='word_1_444' title='bbox 3092 1810 3418 1880; x_wconf 72' lang='grc' dir='ltr'>ὀδύρονται,</span> <span class='ocrx_word' id='word_1_445' title='bbox 3471 1808 3546 1860; x_wconf 68' lang='grc' dir='ltr'>τὰ</span> <span class='ocrx_word' id='word_1_446' title='bbox 3593 1811 3716 1876; x_wconf 57' lang='grc' dir='ltr'>μηκέτ</span> 
     </span>
    </p>
   </div>
   <div class='ocr_carea' id='block_1_68' title="bbox 2180 1897 3720 1972">
    <p class='ocr_par' dir='ltr' id='par_1_68' title="bbox 2180 1897 3720 1972">
     <span class='ocr_line' id='line_1_68' title="bbox 2180 1897 3720 1972; baseline -0.006 -14"><span class='ocrx_word' id='word_1_447' title='bbox 2180 1903 2308 1959; x_wconf 75' lang='grc' dir='ltr'>ὄντα</span> <span class='ocrx_word' id='word_1_448' title='bbox 2335 1903 2426 1957; x_wconf 75' lang='grc' dir='ltr'>τοῦ</span> <span class='ocrx_word' id='word_1_449' title='bbox 2455 1901 2725 1972; x_wconf 80' lang='grc' dir='ltr'>σώματος,</span> <span class='ocrx_word' id='word_1_450' title='bbox 2759 1899 2791 1971; x_wconf 76' lang='grc' dir='ltr'><strong>ἢ</strong></span> <span class='ocrx_word' id='word_1_451' title='bbox 2819 1899 2890 1953; x_wconf 71' lang='grc' dir='ltr'>τὰ</span> <span class='ocrx_word' id='word_1_452' title='bbox 2920 1897 3217 1970; x_wconf 78' lang='grc' dir='ltr'>λειπόμενα</span> <span class='ocrx_word' id='word_1_453' title='bbox 3235 1915 3252 1930; x_wconf 88' lang='grc'><strong>·</strong></span> <span class='ocrx_word' id='word_1_454' title='bbox 3311 1899 3430 1951; x_wconf 82' lang='grc' dir='ltr'>ὅσα</span> <span class='ocrx_word' id='word_1_455' title='bbox 3477 1897 3720 1966; x_wconf 49' lang='grc' dir='ltr'>προσ-δᾴ.</span> 
     </span>
    </p>
   </div>
   <div class='ocr_carea' id='block_1_69' title="bbox 2182 1985 3714 2066">
    <p class='ocr_par' dir='ltr' id='par_1_69' title="bbox 2182 1985 3714 2066">
     <span class='ocr_line' id='line_1_69' title="bbox 2182 1985 3714 2066; baseline -0.008 -16"><span class='ocrx_word' id='word_1_456' title='bbox 2182 2013 2273 2050; x_wconf 90' lang='grc' dir='ltr'><strong>σεν</strong></span> <span class='ocrx_word' id='word_1_457' title='bbox 2307 1998 2340 2066; x_wconf 86' lang='grc' dir='ltr'>ἡ</span> <span class='ocrx_word' id='word_1_458' title='bbox 2389 1997 2563 2058; x_wconf 83' lang='grc' dir='ltr'>νόσος,</span> <span class='ocrx_word' id='word_1_459' title='bbox 2601 1993 2634 2064; x_wconf 79' lang='grc' dir='ltr'><strong>ἢ</strong></span> <span class='ocrx_word' id='word_1_460' title='bbox 2671 1985 2771 2046; x_wconf 73' lang='grc' dir='ltr'>ὅσα</span> <span class='ocrx_word' id='word_1_461' title='bbox 2819 1993 2886 2062; x_wconf 76' lang='grc' dir='ltr'>τῇ</span> <span class='ocrx_word' id='word_1_462' title='bbox 2926 1991 3064 2060; x_wconf 86' lang='grc' dir='ltr'>νόσῳ</span> <span class='ocrx_word' id='word_1_463' title='bbox 3099 1989 3396 2042; x_wconf 74' lang='grc' dir='ltr'>λείπεταιο</span> <span class='ocrx_word' id='word_1_464' title='bbox 3445 1989 3538 2040; x_wconf 74' lang='grc' dir='ltr'>ὅτι</span> <span class='ocrx_word' id='word_1_465' title='bbox 3575 1985 3714 2054; x_wconf 63' lang='grc' dir='ltr'>βλέπει</span> 
     </span>
    </p>
   </div>
   <div class='ocr_carea' id='block_1_70' title="bbox 2183 2073 3735 2156">
    <p class='ocr_par' dir='ltr' id='par_1_70' title="bbox 2183 2073 3735 2156">
     <span class='ocr_line' id='line_1_70' title="bbox 2183 2073 3735 2156; baseline -0.01 -17"><span class='ocrx_word' id='word_1_466' title='bbox 2183 2103 2265 2140; x_wconf 88' lang='grc' dir='ltr'><strong>σιν</strong></span> <span class='ocrx_word' id='word_1_467' title='bbox 2295 2087 2382 2156; x_wconf 73' lang='grc' dir='ltr'><strong>ἐφ’</strong></span> <span class='ocrx_word' id='word_1_468' title='bbox 2407 2085 2612 2140; x_wconf 82' lang='grc' dir='ltr'>ἑαυτῶν</span> <span class='ocrx_word' id='word_1_469' title='bbox 2642 2082 2710 2136; x_wconf 81' lang='grc' dir='ltr'><strong>τὰ</strong></span> <span class='ocrx_word' id='word_1_470' title='bbox 2728 2073 2968 2146; x_wconf 76' lang='grc' dir='ltr'>τοιαῦτα,</span> <span class='ocrx_word' id='word_1_471' title='bbox 2997 2079 3031 2151; x_wconf 74' lang='grc' dir='ltr'>ἦ</span> <span class='ocrx_word' id='word_1_472' title='bbox 3057 2081 3138 2133; x_wconf 81' lang='grc' dir='ltr'>ὅτι</span> <span class='ocrx_word' id='word_1_473' title='bbox 3163 2075 3290 2132; x_wconf 76' lang='grc' dir='ltr'>οὐδὲ</span> <span class='ocrx_word' id='word_1_474' title='bbox 3317 2079 3560 2148; x_wconf 55' lang='grc' dir='ltr'>βλέπιν</span> <span class='ocrx_word' id='word_1_475' title='bbox 3589 2081 3735 2142; x_wconf 52' lang='grc' dir='ltr'>Ξτρτη</span> 
     </span>
    </p>
   </div>
   <div class='ocr_carea' id='block_1_71' title="bbox 2185 2167 3712 2247">
    <p class='ocr_par' dir='ltr' id='par_1_71' title="bbox 2185 2167 3712 2247">
     <span class='ocr_line' id='line_1_71' title="bbox 2185 2167 3712 2247; baseline -0.009 -17"><span class='ocrx_word' id='word_1_476' title='bbox 2185 2194 2288 2238; x_wconf 84' lang='grc' dir='ltr'>σιν,</span> <span class='ocrx_word' id='word_1_477' title='bbox 2327 2173 2746 2247; x_wconf 81' lang='grc' dir='ltr'>ἆμαυρωθείσης</span> <span class='ocrx_word' id='word_1_478' title='bbox 2801 2175 2859 2225; x_wconf 79' lang='grc' dir='ltr'>ὲν</span> <span class='ocrx_word' id='word_1_479' title='bbox 2907 2167 2986 2239; x_wconf 89' lang='grc' dir='ltr'>τῷ</span> <span class='ocrx_word' id='word_1_480' title='bbox 3030 2169 3190 2224; x_wconf 80' lang='grc' dir='ltr'>πάθει</span> <span class='ocrx_word' id='word_1_481' title='bbox 3259 2170 3372 2239; x_wconf 76' lang='grc' dir='ltr'>τῆς</span> <span class='ocrx_word' id='word_1_482' title='bbox 3443 2169 3646 2236; x_wconf 58' lang='grc' dir='ltr'>ᾗᾷεωςο</span> <span class='ocrx_word' id='word_1_483' title='bbox 3681 2173 3712 2218; x_wconf 72' lang='lat'><strong>2-.</strong></span> 
     </span>
    </p>
   </div>
   <div class='ocr_carea' id='block_1_72' title="bbox 2183 2259 3710 2336">
    <p class='ocr_par' dir='ltr' id='par_1_72' title="bbox 2183 2259 3710 2336">
     <span class='ocr_line' id='line_1_72' title="bbox 2183 2259 3710 2336; baseline -0.007 -15"><span class='ocrx_word' id='word_1_484' title='bbox 2183 2267 2407 2322; x_wconf 81' lang='grc' dir='ltr'>τοιαῦτα</span> <span class='ocrx_word' id='word_1_485' title='bbox 2442 2265 2623 2336; x_wconf 72' lang='grc' dir='ltr'>ἔχουσι</span> <span class='ocrx_word' id='word_1_486' title='bbox 2667 2265 2792 2335; x_wconf 80' lang='grc' dir='ltr'>περὶ</span> <span class='ocrx_word' id='word_1_487' title='bbox 2827 2260 3037 2316; x_wconf 76' lang='grc' dir='ltr'>ἑαυτῶν</span> <span class='ocrx_word' id='word_1_488' title='bbox 3075 2260 3424 2331; x_wconf 78' lang='grc' dir='ltr'><strong>διηγεῖσθαι,</strong></span> <span class='ocrx_word' id='word_1_489' title='bbox 3479 2260 3516 2328; x_wconf 79' lang='grc' dir='ltr'><strong>ἦ</strong></span> <span class='ocrx_word' id='word_1_490' title='bbox 3563 2259 3634 2311; x_wconf 68' lang='grc' dir='ltr'>ὅτι</span> <span class='ocrx_word' id='word_1_491' title='bbox 3661 2263 3710 2310; x_wconf 82' lang='lat'><strong>:.&#39;</strong></span> 
     </span>
    </p>
   </div>
   <div class='ocr_carea' id='block_1_73' title="bbox 2183 2353 3720 2433">
    <p class='ocr_par' dir='ltr' id='par_1_73' title="bbox 2183 2353 3720 2433">
     <span class='ocr_line' id='line_1_73' title="bbox 2183 2353 3720 2433; baseline -0.008 -18"><span class='ocrx_word' id='word_1_492' title='bbox 2183 2361 2484 2433; x_wconf 70' lang='grc' dir='ltr'>διηγεῖσθαι</span> <span class='ocrx_word' id='word_1_493' title='bbox 2509 2359 2579 2413; x_wconf 80' lang='grc' dir='ltr'>τὰ</span> <span class='ocrx_word' id='word_1_494' title='bbox 2615 2355 2762 2428; x_wconf 83' lang='grc' dir='ltr'>πάθη</span> <span class='ocrx_word' id='word_1_495' title='bbox 2806 2353 3078 2418; x_wconf 77' lang='grc' dir='ltr'>δύνανται,</span> <span class='ocrx_word' id='word_1_496' title='bbox 3108 2355 3208 2424; x_wconf 84' lang='grc' dir='ltr'>τὴν</span> <span class='ocrx_word' id='word_1_497' title='bbox 3237 2353 3446 2424; x_wconf 73' lang='grc' dir='ltr'>φωνὴν</span> <span class='ocrx_word' id='word_1_498' title='bbox 3477 2355 3546 2405; x_wconf 75' lang='grc' dir='ltr'>ἐκ</span> <span class='ocrx_word' id='word_1_499' title='bbox 3571 2353 3652 2404; x_wconf 69' lang='grc' dir='ltr'>τοῦ</span> <span class='ocrx_word' id='word_1_500' title='bbox 3673 2371 3720 2402; x_wconf 62' lang='grc' dir='ltr'><strong>ζα</strong></span> 
     </span>
    </p>
   </div>
   <div class='ocr_carea' id='block_1_74' title="bbox 2183 2443 3714 2524">
    <p class='ocr_par' dir='ltr' id='par_1_74' title="bbox 2183 2443 3714 2524">
     <span class='ocr_line' id='line_1_74' title="bbox 2183 2443 3714 2524; baseline -0.007 -18"><span class='ocrx_word' id='word_1_501' title='bbox 2183 2454 2310 2516; x_wconf 73' lang='grc' dir='ltr'>θους</span> <span class='ocrx_word' id='word_1_502' title='bbox 2343 2449 2714 2524; x_wconf 76' lang='grc' dir='ltr'><strong>ἀφῃρημένοι·</strong></span> <span class='ocrx_word' id='word_1_503' title='bbox 2782 2447 2864 2500; x_wconf 82' lang='grc' dir='ltr'>ὅτι</span> <span class='ocrx_word' id='word_1_504' title='bbox 2895 2443 3118 2517; x_wconf 78' lang='grc' dir='ltr'>τοιαύτῃ</span> <span class='ocrx_word' id='word_1_505' title='bbox 3167 2445 3426 2514; x_wconf 81' lang='grc' dir='ltr'>χρῶνται</span> <span class='ocrx_word' id='word_1_506' title='bbox 3497 2445 3676 2512; x_wconf 64' lang='grc' dir='ltr'>τροτξ.</span> <span class='ocrx_word' id='word_1_507' title='bbox 3709 2461 3714 2468; x_wconf 94' lang='grc'>·</span> 
     </span>
    </p>
   </div>
   <div class='ocr_carea' id='block_1_75' title="bbox 2185 2531 3698 2611">
    <p class='ocr_par' dir='ltr' id='par_1_75' title="bbox 2185 2531 3698 2611">
     <span class='ocr_line' id='line_1_75' title="bbox 2185 2531 3698 2611; baseline -0.01 -14"><span class='ocrx_word' id='word_1_508' title='bbox 2185 2545 2266 2598; x_wconf 81' lang='grc' dir='ltr'>ὅτι</span> <span class='ocrx_word' id='word_1_509' title='bbox 2315 2543 2435 2596; x_wconf 77' lang='grc' dir='ltr'>οὐδὲ</span> <span class='ocrx_word' id='word_1_510' title='bbox 2481 2541 2696 2611; x_wconf 72' lang='grc' dir='ltr'>ἐκείνην</span> <span class='ocrx_word' id='word_1_511' title='bbox 2739 2537 2976 2600; x_wconf 83' lang='grc' dir='ltr'><strong>εὐκόλως</strong></span> <span class='ocrx_word' id='word_1_512' title='bbox 3003 2538 3036 2608; x_wconf 81' lang='grc' dir='ltr'>ἡ</span> <span class='ocrx_word' id='word_1_513' title='bbox 3063 2539 3220 2599; x_wconf 81' lang='grc' dir='ltr'>νόσος</span> <span class='ocrx_word' id='word_1_514' title='bbox 3247 2537 3324 2606; x_wconf 74' lang='grc' dir='ltr'>τῇ</span> <span class='ocrx_word' id='word_1_515' title='bbox 3375 2531 3644 2602; x_wconf 50' lang='lat' dir='ltr'><strong>mugitus:</strong></span> <span class='ocrx_word' id='word_1_516' title='bbox 3665 2535 3698 2580; x_wconf 83' lang='lat'><strong>-.&#39;</strong></span> 
     </span>
    </p>
   </div>
   <div class='ocr_carea' id='block_1_76' title="bbox 2185 2623 3706 2708">
    <p class='ocr_par' dir='ltr' id='par_1_76' title="bbox 2185 2623 3706 2708">
     <span class='ocr_line' id='line_1_76' title="bbox 2185 2623 3706 2708; baseline -0.013 -19"><span class='ocrx_word' id='word_1_517' title='bbox 2185 2638 2314 2708; x_wconf 72' lang='grc' dir='ltr'>περὶ</span> <span class='ocrx_word' id='word_1_518' title='bbox 2349 2634 2413 2687; x_wconf 77' lang='grc' dir='ltr'><strong>τὸ</strong></span> <span class='ocrx_word' id='word_1_519' title='bbox 2453 2634 2624 2703; x_wconf 84' lang='grc' dir='ltr'>στόμα</span> <span class='ocrx_word' id='word_1_520' title='bbox 2669 2631 2869 2704; x_wconf 81' lang='grc' dir='ltr'>μορίων</span> <span class='ocrx_word' id='word_1_521' title='bbox 2905 2625 3308 2700; x_wconf 72' lang='grc' dir='ltr'>ἐμποδιζούσης</span> <span class='ocrx_word' id='word_1_522' title='bbox 3333 2627 3446 2696; x_wconf 83' lang='grc' dir='ltr'>τῆς</span> <span class='ocrx_word' id='word_1_523' title='bbox 3473 2623 3706 2694; x_wconf 52' lang='grc' dir='ltr'>βρώσεως</span> 
     </span>
    </p>
   </div>
   <div class='ocr_carea' id='block_1_77' title="bbox 2183 2717 3714 2796">
    <p class='ocr_par' dir='ltr' id='par_1_77' title="bbox 2183 2717 3714 2796">
     <span class='ocr_line' id='line_1_77' title="bbox 2183 2717 3714 2796; baseline -0.012 -13"><span class='ocrx_word' id='word_1_524' title='bbox 2183 2730 2265 2783; x_wconf 80' lang='grc' dir='ltr'><strong>ὅτι</strong></span> <span class='ocrx_word' id='word_1_525' title='bbox 2307 2729 2364 2780; x_wconf 85' lang='grc' dir='ltr'><strong>ὲν</strong></span> <span class='ocrx_word' id='word_1_526' title='bbox 2407 2725 2655 2796; x_wconf 78' lang='grc' dir='ltr'>αἰσθήσει</span> <span class='ocrx_word' id='word_1_527' title='bbox 2711 2723 2779 2776; x_wconf 77' lang='grc' dir='ltr'>τὰ</span> <span class='ocrx_word' id='word_1_528' title='bbox 2823 2721 2931 2776; x_wconf 84' lang='grc' dir='ltr'>τῶν</span> <span class='ocrx_word' id='word_1_529' title='bbox 2959 2719 3168 2790; x_wconf 81' lang='grc' dir='ltr'>νεκρῶν</span> <span class='ocrx_word' id='word_1_530' title='bbox 3206 2717 3606 2788; x_wconf 74' lang='grc' dir='ltr'>δυσ-τυχοῦσιν,</span> <span class='ocrx_word' id='word_1_531' title='bbox 3633 2717 3658 2778; x_wconf 69' lang='grc' dir='ltr'><strong>ἢ</strong></span> 
     </span>
    </p>
   </div>
   <div class='ocr_carea' id='block_1_78' title="bbox 2189 2807 3716 2885">
    <p class='ocr_par' dir='ltr' id='par_1_78' title="bbox 2189 2807 3716 2885">
     <span class='ocr_line' id='line_1_78' title="bbox 2189 2807 3716 2885; baseline -0.014 -12"><span class='ocrx_word' id='word_1_532' title='bbox 2189 2820 2282 2873; x_wconf 75' lang='grc' dir='ltr'><strong>καὶ</strong></span> <span class='ocrx_word' id='word_1_533' title='bbox 2321 2816 2432 2871; x_wconf 83' lang='grc' dir='ltr'>τῶν</span> <span class='ocrx_word' id='word_1_534' title='bbox 2462 2815 2766 2885; x_wconf 75' lang='grc' dir='ltr'>αἰσθήσεων</span> <span class='ocrx_word' id='word_1_535' title='bbox 2791 2811 2970 2866; x_wconf 83' lang='grc' dir='ltr'>αὐτῶν</span> <span class='ocrx_word' id='word_1_536' title='bbox 3002 2807 3503 2882; x_wconf 59' lang='grc' dir='ltr'>προσαφέλρηνται.</span> <span class='ocrx_word' id='word_1_537' title='bbox 3549 2807 3644 2859; x_wconf 72' lang='grc' dir='ltr'>Πτῦ</span> <span class='ocrx_word' id='word_1_538' title='bbox 3665 2825 3716 2866; x_wconf 67' lang='grc' dir='ltr'><strong>τζ.</strong></span> 
     </span>
    </p>
   </div>
   <div class='ocr_carea' id='block_1_79' title="bbox 2191 2897 3716 2981">
    <p class='ocr_par' dir='ltr' id='par_1_79' title="bbox 2191 2897 3716 2981">
     <span class='ocr_line' id='line_1_79' title="bbox 2191 2897 3716 2981; baseline -0.009 -19"><span class='ocrx_word' id='word_1_539' title='bbox 2191 2911 2318 2981; x_wconf 82' lang='grc' dir='ltr'>παρ’</span> <span class='ocrx_word' id='word_1_540' title='bbox 2359 2905 2644 2976; x_wconf 76' lang='grc' dir='ltr'>ἐκείνοιςὴ</span> <span class='ocrx_word' id='word_1_541' title='bbox 2685 2905 2901 2976; x_wconf 84' lang='grc' dir='ltr'>ὃρασις;</span> <span class='ocrx_word' id='word_1_542' title='bbox 2945 2902 3055 2956; x_wconf 85' lang='grc' dir='ltr'><strong>Ποῦ</strong></span> <span class='ocrx_word' id='word_1_543' title='bbox 3081 2903 3114 2970; x_wconf 83' lang='grc' dir='ltr'>ἠ</span> <span class='ocrx_word' id='word_1_544' title='bbox 3141 2901 3472 2971; x_wconf 77' lang='grc' dir='ltr'>δσφρησιςς</span> <span class='ocrx_word' id='word_1_545' title='bbox 3531 2897 3716 2951; x_wconf 60' lang='lat'><strong>[15553:-</strong></span> 
     </span>
    </p>
   </div>
   <div class='ocr_carea' id='block_1_80' title="bbox 2113 2991 3718 3084">
    <p class='ocr_par' dir='ltr' id='par_1_80' title="bbox 2113 2991 3718 3084">
     <span class='ocr_line' id='line_1_80' title="bbox 2113 2991 3718 3084; baseline -0.025 -22"><span class='ocrx_word' id='word_1_546' title='bbox 2113 3025 2157 3084; x_wconf 82' lang='lat' dir='ltr'>c</span> <span class='ocrx_word' id='word_1_547' title='bbox 2189 3003 2334 3072; x_wconf 74' lang='grc' dir='ltr'>ἁφῆς</span> <span class='ocrx_word' id='word_1_548' title='bbox 2363 2999 2473 3054; x_wconf 76' lang='grc' dir='ltr'>Ποῦ</span> <span class='ocrx_word' id='word_1_549' title='bbox 2500 2999 2555 3051; x_wconf 78' lang='grc' dir='ltr'>δὲ</span> <span class='ocrx_word' id='word_1_550' title='bbox 2591 2997 2658 3050; x_wconf 75' lang='grc' dir='ltr'><strong>τὰ.</strong></span> <span class='ocrx_word' id='word_1_551' title='bbox 2683 2995 2848 3050; x_wconf 75' lang='grc' dir='ltr'>λοιπὰ</span> <span class='ocrx_word' id='word_1_552' title='bbox 2873 2996 2980 3049; x_wconf 86' lang='grc' dir='ltr'>τῶν</span> <span class='ocrx_word' id='word_1_553' title='bbox 3011 2993 3418 3084; x_wconf 73' lang='grc' dir='ltr'>αἰσθητηρίων,</span> <span class='ocrx_word' id='word_1_554' title='bbox 3457 2991 3500 3045; x_wconf 64' lang='grc' dir='ltr'>ἃ</span> <span class='ocrx_word' id='word_1_555' title='bbox 3531 2993 3640 3042; x_wconf 64' lang='grc' dir='ltr'><strong>κατ·</strong></span> 
     </span>
    </p>
   </div>
   <div class='ocr_carea' id='block_1_81' title="bbox 2189 3083 3718 3162">
    <p class='ocr_par' dir='ltr' id='par_1_81' title="bbox 2189 3083 3718 3162">
     <span class='ocr_line' id='line_1_81' title="bbox 2189 3083 3718 3162; baseline -0.01 -14"><span class='ocrx_word' id='word_1_556' title='bbox 2189 3111 2283 3162; x_wconf 87' lang='grc' dir='ltr'><strong>γον</strong></span> <span class='ocrx_word' id='word_1_557' title='bbox 2312 3091 2611 3162; x_wconf 76' lang='grc' dir='ltr'>νεμομένου</span> <span class='ocrx_word' id='word_1_558' title='bbox 2655 3089 2750 3142; x_wconf 80' lang='grc' dir='ltr'>τοῦ</span> <span class='ocrx_word' id='word_1_559' title='bbox 2791 3087 2995 3152; x_wconf 78' lang='grc' dir='ltr'>πάθους</span> <span class='ocrx_word' id='word_1_560' title='bbox 3029 3091 3062 3159; x_wconf 86' lang='grc' dir='ltr'><strong>ἡ</strong></span> <span class='ocrx_word' id='word_1_561' title='bbox 3095 3083 3346 3154; x_wconf 79' lang='grc' dir='ltr'>σηπεδὼν</span> <span class='ocrx_word' id='word_1_562' title='bbox 3393 3085 3718 3137; x_wconf 70' lang='grc' dir='ltr'>ὲπιϐὁσκετς.</span> 
     </span>
    </p>
   </div>
   <div class='ocr_carea' id='block_1_82' title="bbox 2189 3177 3710 3243">
    <p class='ocr_par' dir='ltr' id='par_1_82' title="bbox 2189 3177 3710 3243">
     <span class='ocr_line' id='line_1_82' title="bbox 2189 3177 3710 3243; baseline -0.01 -6"><span class='ocrx_word' id='word_1_563' title='bbox 2189 3183 2288 3237; x_wconf 78' lang='grc' dir='ltr'><strong>Διὰ</strong></span> <span class='ocrx_word' id='word_1_564' title='bbox 2314 3181 2485 3236; x_wconf 80' lang='grc' dir='ltr'>ταῦτα</span> <span class='ocrx_word' id='word_1_565' title='bbox 2514 3181 2652 3235; x_wconf 68' lang='grc' dir='ltr'>κατὰ</span> <span class='ocrx_word' id='word_1_566' title='bbox 2681 3181 2888 3243; x_wconf 69' lang='grc' dir='ltr'>πάντας</span> <span class='ocrx_word' id='word_1_567' title='bbox 2917 3180 3149 3233; x_wconf 80' lang='grc' dir='ltr'>ἀλῶνται</span> <span class='ocrx_word' id='word_1_568' title='bbox 3187 3179 3318 3240; x_wconf 77' lang='grc' dir='ltr'>τοὺς</span> <span class='ocrx_word' id='word_1_569' title='bbox 3347 3177 3588 3237; x_wconf 81' lang='grc' dir='ltr'>τόπους,</span> <span class='ocrx_word' id='word_1_570' title='bbox 3621 3177 3710 3226; x_wconf 70' lang='lat' dir='ltr'><strong>ni;</strong></span> 
     </span>
    </p>
   </div>
   <div class='ocr_carea' id='block_1_83' title="bbox 2191 3265 3722 3346">
    <p class='ocr_par' dir='ltr' id='par_1_83' title="bbox 2191 3265 3722 3346">
     <span class='ocr_line' id='line_1_83' title="bbox 2191 3265 3722 3346; baseline -0.01 -15"><span class='ocrx_word' id='word_1_571' title='bbox 2191 3293 2295 3346; x_wconf 87' lang='grc' dir='ltr'><strong>περ</strong></span> <span class='ocrx_word' id='word_1_572' title='bbox 2321 3275 2387 3328; x_wconf 74' lang='grc' dir='ltr'>τὰ</span> <span class='ocrx_word' id='word_1_573' title='bbox 2431 3273 2598 3342; x_wconf 80' lang='grc' dir='ltr'>ἄλογα</span> <span class='ocrx_word' id='word_1_574' title='bbox 2643 3271 2776 3342; x_wconf 76' lang='grc' dir='ltr'>πρὸς</span> <span class='ocrx_word' id='word_1_575' title='bbox 2835 3271 2932 3341; x_wconf 74' lang='grc' dir='ltr'><strong>τὴν</strong></span> <span class='ocrx_word' id='word_1_576' title='bbox 2969 3269 3355 3340; x_wconf 68' lang='grc' dir='ltr'>ἀφθονωτέραν</span> <span class='ocrx_word' id='word_1_577' title='bbox 3383 3269 3576 3338; x_wconf 68' lang='grc' dir='ltr'>νομὴν</span> <span class='ocrx_word' id='word_1_578' title='bbox 3606 3265 3722 3335; x_wconf 64' lang='grc' dir='ltr'>μεττὲ</span> 
     </span>
    </p>
   </div>
   <div class='ocr_carea' id='block_1_84' title="bbox 2190 3358 3712 3438">
    <p class='ocr_par' dir='ltr' id='par_1_84' title="bbox 2190 3358 3712 3438">
     <span class='ocr_line' id='line_1_84' title="bbox 2190 3358 3712 3438; baseline -0.009 -19"><span class='ocrx_word' id='word_1_579' title='bbox 2190 3365 2534 3438; x_wconf 80' lang='grc' dir='ltr'>ανιστὰμενοι</span> <span class='ocrx_word' id='word_1_580' title='bbox 2559 3379 2573 3394; x_wconf 88' lang='grc'><strong>·</strong></span> <span class='ocrx_word' id='word_1_581' title='bbox 2601 3361 2808 3431; x_wconf 76' lang='grc' dir='ltr'>ἑφόδιον</span> <span class='ocrx_word' id='word_1_582' title='bbox 2829 3363 2928 3432; x_wconf 81' lang='grc' dir='ltr'><strong>τῆς</strong></span> <span class='ocrx_word' id='word_1_583' title='bbox 2961 3359 3098 3413; x_wconf 79' lang='grc' dir='ltr'>κατὰ</span> <span class='ocrx_word' id='word_1_584' title='bbox 3120 3359 3218 3428; x_wconf 75' lang='grc' dir='ltr'><strong>τὴν</strong></span> <span class='ocrx_word' id='word_1_585' title='bbox 3245 3358 3478 3428; x_wconf 69' lang='grc' dir='ltr'>τροφὴν</span> <span class='ocrx_word' id='word_1_586' title='bbox 3503 3361 3712 3424; x_wconf 55' lang='lat' dir='ltr'><strong>iungi;</strong></span> 
     </span>
    </p>
   </div>
   <div class='ocr_carea' id='block_1_85' title="bbox 2189 3447 3712 3528">
    <p class='ocr_par' dir='ltr' id='par_1_85' title="bbox 2189 3447 3712 3528">
     <span class='ocr_line' id='line_1_85' title="bbox 2189 3447 3712 3528; baseline -0.009 -18"><span class='ocrx_word' id='word_1_587' title='bbox 2189 3458 2288 3528; x_wconf 84' lang='grc' dir='ltr'>τὴν</span> <span class='ocrx_word' id='word_1_588' title='bbox 2319 3455 2602 3527; x_wconf 69' lang='grc' dir='ltr'>συμφορὰν</span> <span class='ocrx_word' id='word_1_589' title='bbox 2631 3453 3034 3525; x_wconf 61' lang='grc' dir='ltr'>περιφέροντες,</span> <span class='ocrx_word' id='word_1_590' title='bbox 3053 3452 3146 3504; x_wconf 72' lang='grc' dir='ltr'><strong>καὶ</strong></span> <span class='ocrx_word' id='word_1_591' title='bbox 3175 3451 3312 3503; x_wconf 72' lang='grc' dir='ltr'>πᾶσι</span> <span class='ocrx_word' id='word_1_592' title='bbox 3345 3451 3458 3518; x_wconf 69' lang='grc' dir='ltr'>τὴν</span> <span class='ocrx_word' id='word_1_593' title='bbox 3497 3447 3640 3499; x_wconf 70' lang='grc' dir='ltr'>νόσον</span> <span class='ocrx_word' id='word_1_594' title='bbox 3663 3449 3712 3496; x_wconf 53' lang='grc' dir='ltr'>ιω</span> 
     </span>
    </p>
   </div>
   <div class='ocr_carea' id='block_1_86' title="bbox 2191 3535 3724 3618">
    <p class='ocr_par' dir='ltr' id='par_1_86' title="bbox 2191 3535 3724 3618">
     <span class='ocr_line' id='line_1_86' title="bbox 2191 3535 3724 3618; baseline -0.011 -18"><span class='ocrx_word' id='word_1_595' title='bbox 2191 3546 2472 3618; x_wconf 77' lang='grc' dir='ltr'>ἱκετηρίας</span> <span class='ocrx_word' id='word_1_596' title='bbox 2523 3543 2913 3616; x_wconf 75' lang='grc' dir='ltr'>προτείνοντες.</span> <span class='ocrx_word' id='word_1_597' title='bbox 2973 3541 3082 3594; x_wconf 73' lang='grc' dir='ltr'><strong>Καὶ</strong></span> <span class='ocrx_word' id='word_1_598' title='bbox 3126 3538 3237 3592; x_wconf 84' lang='grc' dir='ltr'>τῶν</span> <span class='ocrx_word' id='word_1_599' title='bbox 3281 3535 3724 3608; x_wconf 59' lang='grc' dir='ltr'>χειραγωγούνπι</span> 
     </span>
    </p>
   </div>
   <div class='ocr_carea' id='block_1_87' title="bbox 2190 3625 3726 3709">
    <p class='ocr_par' dir='ltr' id='par_1_87' title="bbox 2190 3625 3726 3709">
     <span class='ocr_line' id='line_1_87' title="bbox 2190 3625 3726 3709; baseline -0.01 -18"><span class='ocrx_word' id='word_1_600' title='bbox 2190 3637 2256 3691; x_wconf 84' lang='grc' dir='ltr'>δι’</span> <span class='ocrx_word' id='word_1_601' title='bbox 2289 3633 2598 3709; x_wconf 72' lang='grc' dir='ltr'>ἀρρωστίαν</span> <span class='ocrx_word' id='word_1_602' title='bbox 2646 3625 2909 3704; x_wconf 76' lang='grc' dir='ltr'>δεόμενοι,</span> <span class='ocrx_word' id='word_1_603' title='bbox 2955 3633 3051 3685; x_wconf 71' lang='grc' dir='ltr'>καὶ</span> <span class='ocrx_word' id='word_1_604' title='bbox 3083 3629 3350 3701; x_wconf 77' lang='grc' dir='ltr'>ἀλλήλους</span> <span class='ocrx_word' id='word_1_605' title='bbox 3392 3627 3500 3680; x_wconf 74' lang='grc' dir='ltr'>διὰ</span> <span class='ocrx_word' id='word_1_606' title='bbox 3533 3625 3626 3696; x_wconf 65' lang='grc' dir='ltr'><strong>τὴν</strong></span> <span class='ocrx_word' id='word_1_607' title='bbox 3651 3625 3726 3676; x_wconf 62' lang='grc' dir='ltr'>ἑτι-</span> 
     </span>
    </p>
   </div>
   <div class='ocr_carea' id='block_1_88' title="bbox 2196 3715 3724 3800">
    <p class='ocr_par' dir='ltr' id='par_1_88' title="bbox 2196 3715 3724 3800">
     <span class='ocr_line' id='line_1_88' title="bbox 2196 3715 3724 3800; baseline -0.011 -18"><span class='ocrx_word' id='word_1_608' title='bbox 2196 3729 2316 3800; x_wconf 80' lang='grc' dir='ltr'>ρίαν</span> <span class='ocrx_word' id='word_1_609' title='bbox 2345 3723 2816 3797; x_wconf 76' lang='grc' dir='ltr'>ὑποστηρξζοντες.</span> <span class='ocrx_word' id='word_1_610' title='bbox 2847 3722 2984 3777; x_wconf 82' lang='grc' dir='ltr'>Καθ’</span> <span class='ocrx_word' id='word_1_611' title='bbox 3011 3722 3202 3776; x_wconf 80' lang='grc' dir='ltr'>ἑαυτὸν</span> <span class='ocrx_word' id='word_1_612' title='bbox 3221 3719 3334 3788; x_wconf 74' lang='grc' dir='ltr'><strong>γὰρ</strong></span> <span class='ocrx_word' id='word_1_613' title='bbox 3353 3719 3604 3778; x_wconf 72' lang='grc' dir='ltr'>ἕκαστος</span> <span class='ocrx_word' id='word_1_614' title='bbox 3633 3715 3724 3766; x_wconf 51' lang='grc' dir='ltr'>ἀτίε-</span> 
     </span>
    </p>
   </div>
   <div class='ocr_carea' id='block_1_89' title="bbox 2191 3805 3724 3889">
    <p class='ocr_par' dir='ltr' id='par_1_89' title="bbox 2191 3805 3724 3889">
     <span class='ocr_line' id='line_1_89' title="bbox 2191 3805 3724 3889; baseline -0.015 -15"><span class='ocrx_word' id='word_1_615' title='bbox 2191 3820 2438 3882; x_wconf 78' lang='grc' dir='ltr'>νοῦντες,</span> <span class='ocrx_word' id='word_1_616' title='bbox 2495 3818 2725 3889; x_wconf 75' lang='grc' dir='ltr'>ἔρεισμα</span> <span class='ocrx_word' id='word_1_617' title='bbox 2756 3814 2833 3885; x_wconf 83' lang='grc' dir='ltr'>τῷ</span> <span class='ocrx_word' id='word_1_618' title='bbox 2877 3813 3046 3884; x_wconf 79' lang='grc' dir='ltr'>ἑτέρῳ</span> <span class='ocrx_word' id='word_1_619' title='bbox 3089 3811 3332 3880; x_wconf 77' lang='grc' dir='ltr'>γίνονται</span> <span class='ocrx_word' id='word_1_620' title='bbox 3379 3811 3514 3871; x_wconf 77' lang='grc' dir='ltr'>τοῖς</span> <span class='ocrx_word' id='word_1_621' title='bbox 3555 3805 3724 3870; x_wconf 52' lang='lat'><strong>6.13.4}:-</strong></span> 
     </span>
    </p>
   </div>
   <div class='ocr_carea' id='block_1_90' title="bbox 2197 3897 3714 3983">
    <p class='ocr_par' dir='ltr' id='par_1_90' title="bbox 2197 3897 3714 3983">
     <span class='ocr_line' id='line_1_90' title="bbox 2197 3897 3714 3983; baseline -0.015 -18"><span class='ocrx_word' id='word_1_622' title='bbox 2197 3911 2410 3983; x_wconf 83' lang='grc' dir='ltr'>μέλεσιν</span> <span class='ocrx_word' id='word_1_623' title='bbox 2440 3909 2558 3962; x_wconf 80' lang='grc' dir='ltr'>ἀντὶ</span> <span class='ocrx_word' id='word_1_624' title='bbox 2585 3907 2692 3960; x_wconf 85' lang='grc' dir='ltr'>τῶν</span> <span class='ocrx_word' id='word_1_625' title='bbox 2724 3905 3018 3958; x_wconf 83' lang='grc' dir='ltr'>λειπόντων</span> <span class='ocrx_word' id='word_1_626' title='bbox 3046 3899 3341 3973; x_wconf 84' lang='grc' dir='ltr'>χρώμενοι.</span> <span class='ocrx_word' id='word_1_627' title='bbox 3405 3899 3502 3952; x_wconf 77' lang='grc' dir='ltr'><strong>Οὐ</strong></span> <span class='ocrx_word' id='word_1_628' title='bbox 3529 3897 3632 3967; x_wconf 65' lang='grc' dir='ltr'>γὰρ</span> <span class='ocrx_word' id='word_1_629' title='bbox 3659 3911 3714 3944; x_wconf 71' lang='grc' dir='ltr'>ιιτ</span> 
     </span>
    </p>
   </div>
   <div class='ocr_carea' id='block_1_91' title="bbox 2191 3989 3710 4070">
    <p class='ocr_par' dir='ltr' id='par_1_91' title="bbox 2191 3989 3710 4070">
     <span class='ocr_line' id='line_1_91' title="bbox 2191 3989 3710 4070; baseline -0.013 -13"><span class='ocrx_word' id='word_1_630' title='bbox 2191 4005 2288 4057; x_wconf 73' lang='grc' dir='ltr'><strong>ἕνα</strong></span> <span class='ocrx_word' id='word_1_631' title='bbox 2323 3989 2600 4070; x_wconf 75' lang='grc' dir='ltr'>φαίνονται</span> <span class='ocrx_word' id='word_1_632' title='bbox 2625 4013 2639 4029; x_wconf 86' lang='grc'><strong>·</strong></span> <span class='ocrx_word' id='word_1_633' title='bbox 2679 3997 2814 4051; x_wconf 74' lang='grc' dir='ltr'>ἀλλὰ</span> <span class='ocrx_word' id='word_1_634' title='bbox 2833 4013 2884 4049; x_wconf 91' lang='grc' dir='ltr'><strong>τι</strong></span> <span class='ocrx_word' id='word_1_635' title='bbox 2913 3989 3024 4065; x_wconf 77' lang='grc' dir='ltr'>ἔχει</span> <span class='ocrx_word' id='word_1_636' title='bbox 3054 3993 3148 4048; x_wconf 74' lang='grc' dir='ltr'><strong>καὶ</strong></span> <span class='ocrx_word' id='word_1_637' title='bbox 3175 3995 3208 4063; x_wconf 84' lang='grc' dir='ltr'><strong>ἡ</strong></span> <span class='ocrx_word' id='word_1_638' title='bbox 3233 3991 3599 4060; x_wconf 68' lang='grc' dir='ltr'>ταλαιπωρία</span> <span class='ocrx_word' id='word_1_639' title='bbox 3631 3989 3710 4048; x_wconf 57' lang='grc' dir='ltr'>τοτὲ</span> 
     </span>
    </p>
   </div>
   <div class='ocr_carea' id='block_1_92' title="bbox 2193 4081 3722 4164">
    <p class='ocr_par' dir='ltr' id='par_1_92' title="bbox 2193 4081 3722 4164">
     <span class='ocr_line' id='line_1_92' title="bbox 2193 4081 3722 4164; baseline -0.013 -16"><span class='ocrx_word' id='word_1_640' title='bbox 2193 4097 2272 4158; x_wconf 79' lang='grc' dir='ltr'>εἰς</span> <span class='ocrx_word' id='word_1_641' title='bbox 2303 4092 2400 4164; x_wconf 82' lang='grc' dir='ltr'><strong>τὴν</strong></span> <span class='ocrx_word' id='word_1_642' title='bbox 2438 4089 2531 4144; x_wconf 82' lang='grc' dir='ltr'>τοῦ</span> <span class='ocrx_word' id='word_1_643' title='bbox 2578 4088 2691 4158; x_wconf 78' lang='grc' dir='ltr'>βίου</span> <span class='ocrx_word' id='word_1_644' title='bbox 2732 4087 2994 4152; x_wconf 77' lang='grc' dir='ltr'>ἐπίνοιαν,</span> <span class='ocrx_word' id='word_1_645' title='bbox 3047 4083 3108 4137; x_wconf 79' lang='grc' dir='ltr'>τὸ</span> <span class='ocrx_word' id='word_1_646' title='bbox 3157 4083 3272 4155; x_wconf 84' lang='grc' dir='ltr'>μετ’</span> <span class='ocrx_word' id='word_1_647' title='bbox 3299 4081 3570 4152; x_wconf 75' lang='grc' dir='ltr'>ἀλλήλων</span> <span class='ocrx_word' id='word_1_648' title='bbox 3599 4081 3722 4131; x_wconf 61' lang='grc' dir='ltr'>αιτι-</span> 
     </span>
    </p>
   </div>
   <div class='ocr_carea' id='block_1_93' title="bbox 2193 4175 3722 4258">
    <p class='ocr_par' dir='ltr' id='par_1_93' title="bbox 2193 4175 3722 4258">
     <span class='ocr_line' id='line_1_93' title="bbox 2193 4175 3722 4258; baseline -0.012 -17"><span class='ocrx_word' id='word_1_649' title='bbox 2193 4187 2364 4242; x_wconf 81' lang='grc' dir='ltr'>θέλειν</span> <span class='ocrx_word' id='word_1_650' title='bbox 2384 4185 2629 4258; x_wconf 83' lang='grc' dir='ltr'>ὁρᾶσθαι.</span> <span class='ocrx_word' id='word_1_651' title='bbox 2663 4181 2852 4245; x_wconf 79' lang='grc' dir='ltr'>Ὅντες</span> <span class='ocrx_word' id='word_1_652' title='bbox 2879 4181 2989 4251; x_wconf 79' lang='grc' dir='ltr'><strong>γὰρ</strong></span> <span class='ocrx_word' id='word_1_653' title='bbox 3017 4179 3112 4232; x_wconf 71' lang='grc' dir='ltr'>καὶ</span> <span class='ocrx_word' id='word_1_654' title='bbox 3138 4177 3261 4230; x_wconf 78' lang='grc' dir='ltr'>καθ’</span> <span class='ocrx_word' id='word_1_655' title='bbox 3291 4179 3544 4240; x_wconf 76' lang='grc' dir='ltr'>ἑαυτοὺς</span> <span class='ocrx_word' id='word_1_656' title='bbox 3565 4175 3722 4228; x_wconf 63' lang='lat' dir='ltr'><strong>tum.</strong></span> 
     </span>
    </p>
   </div>
   <div class='ocr_carea' id='block_1_94' title="bbox 2194 4267 3726 4346">
    <p class='ocr_par' dir='ltr' id='par_1_94' title="bbox 2194 4267 3726 4346">
     <span class='ocr_line' id='line_1_94' title="bbox 2194 4267 3726 4346; baseline -0.009 -15"><span class='ocrx_word' id='word_1_657' title='bbox 2194 4278 2436 4340; x_wconf 75' lang='grc' dir='ltr'>ἐλεεινοὶ,</span> <span class='ocrx_word' id='word_1_658' title='bbox 2466 4277 2540 4340; x_wconf 82' lang='grc' dir='ltr'>ὡς</span> <span class='ocrx_word' id='word_1_659' title='bbox 2567 4275 2633 4330; x_wconf 85' lang='grc' dir='ltr'>ἂν</span> <span class='ocrx_word' id='word_1_660' title='bbox 2661 4273 2860 4346; x_wconf 80' lang='grc' dir='ltr'>μᾶλλον</span> <span class='ocrx_word' id='word_1_661' title='bbox 2892 4269 3376 4342; x_wconf 79' lang='grc' dir='ltr'>συμπαθεστέρους</span> <span class='ocrx_word' id='word_1_662' title='bbox 3411 4269 3556 4332; x_wconf 72' lang='grc' dir='ltr'>τοὺς</span> <span class='ocrx_word' id='word_1_663' title='bbox 3579 4267 3726 4332; x_wconf 61' lang='grc' dir='ltr'>ἀνεμι-</span> 
     </span>
    </p>
   </div>
   <div class='ocr_carea' id='block_1_95' title="bbox 521 4359 2087 4439">
    <p class='ocr_par' dir='ltr' id='par_1_95' title="bbox 521 4359 2087 4430">
     <span class='ocr_line' id='line_1_95' title="bbox 521 4359 2087 4430; baseline 0.006 -17"><span class='ocrx_word' id='word_1_664' title='bbox 521 4359 617 4413; x_wconf 75' lang='lat' dir='ltr'><strong>sed</strong></span> <span class='ocrx_word' id='word_1_665' title='bbox 657 4359 726 4412; x_wconf 92' lang='lat' dir='ltr'><strong>ob</strong></span> <span class='ocrx_word' id='word_1_666' title='bbox 755 4359 994 4430; x_wconf 88' lang='lat' dir='ltr'><strong>inopiam</strong></span> <span class='ocrx_word' id='word_1_667' title='bbox 1025 4375 1146 4416; x_wconf 84' lang='lat' dir='ltr'><strong>sese</strong></span> <span class='ocrx_word' id='word_1_668' title='bbox 1176 4363 1416 4417; x_wconf 89' lang='lat' dir='ltr'><strong>vicissun</strong></span> <span class='ocrx_word' id='word_1_669' title='bbox 1450 4363 1798 4419; x_wconf 81' lang='lat' dir='ltr'><strong>conﬁrmant.</strong></span> <span class='ocrx_word' id='word_1_670' title='bbox 1827 4365 1919 4421; x_wconf 90' lang='lat' dir='ltr'><strong>Sic</strong></span> <span class='ocrx_word' id='word_1_671' title='bbox 1947 4369 2087 4423; x_wconf 84' lang='lat' dir='ltr'><strong>enim</strong></span> 
     </span>
    </p>
   </div>
   <div class='ocr_carea' id='block_1_96' title="bbox 2187 4359 3726 4439">
    <p class='ocr_par' dir='ltr' id='par_1_96' title="bbox 2198 4359 3726 4439">
     <span class='ocr_line' id='line_1_96' title="bbox 2198 4359 3726 4439; baseline -0.009 -16"><span class='ocrx_word' id='word_1_672' title='bbox 2198 4387 2332 4432; x_wconf 83' lang='grc' dir='ltr'>πους</span> <span class='ocrx_word' id='word_1_673' title='bbox 2366 4369 2666 4439; x_wconf 77' lang='grc' dir='ltr'>ποιήσειαν,</span> <span class='ocrx_word' id='word_1_674' title='bbox 2711 4365 2995 4436; x_wconf 68' lang='grc' dir='ltr'>προσθήκη</span> <span class='ocrx_word' id='word_1_675' title='bbox 3034 4361 3127 4416; x_wconf 83' lang='grc' dir='ltr'>τοῦ</span> <span class='ocrx_word' id='word_1_676' title='bbox 3156 4361 3364 4424; x_wconf 76' lang='grc' dir='ltr'>πάθους</span> <span class='ocrx_word' id='word_1_677' title='bbox 3395 4359 3654 4430; x_wconf 49' lang='lat' dir='ltr'><strong>inﬂixit;</strong></span> <span class='ocrx_word' id='word_1_678' title='bbox 3683 4373 3726 4388; x_wconf 66' lang='lat'><strong>‘-</strong></span> 
     </span>
    </p>
   </div>
   <div class='ocr_carea' id='block_1_97' title="bbox 522 4451 2090 4528">
    <p class='ocr_par' dir='ltr' id='par_1_97' title="bbox 522 4451 2090 4528">
     <span class='ocr_line' id='line_1_97' title="bbox 522 4451 2090 4528; baseline 0.008 -26"><span class='ocrx_word' id='word_1_679' title='bbox 522 4451 662 4504; x_wconf 83' lang='lat' dir='ltr'><strong>alter</strong></span> <span class='ocrx_word' id='word_1_680' title='bbox 693 4453 920 4508; x_wconf 87' lang='lat' dir='ltr'><strong>alterius</strong></span> <span class='ocrx_word' id='word_1_681' title='bbox 955 4455 1127 4507; x_wconf 89' lang='lat' dir='ltr'><strong>utitur</strong></span> <span class='ocrx_word' id='word_1_682' title='bbox 1172 4455 1432 4510; x_wconf 87' lang='lat' dir='ltr'><strong>membris</strong></span> <span class='ocrx_word' id='word_1_683' title='bbox 1463 4469 1560 4526; x_wconf 80' lang='lat' dir='ltr'><strong>pro</strong></span> <span class='ocrx_word' id='word_1_684' title='bbox 1603 4458 1670 4512; x_wconf 88' lang='lat' dir='ltr'><strong>iis</strong></span> <span class='ocrx_word' id='word_1_685' title='bbox 1706 4471 1826 4528; x_wconf 66' lang='lat' dir='ltr'><strong>qua:</strong></span> <span class='ocrx_word' id='word_1_686' title='bbox 1857 4459 1960 4514; x_wconf 92' lang='lat' dir='ltr'><strong>sibi</strong></span> <span class='ocrx_word' id='word_1_687' title='bbox 1995 4459 2090 4515; x_wconf 88' lang='lat' dir='ltr'><strong>de-</strong></span> 
     </span>
    </p>
   </div>
   <div class='ocr_carea' id='block_1_98' title="bbox 523 4545 2094 4617">
    <p class='ocr_par' dir='ltr' id='par_1_98' title="bbox 523 4545 2094 4617">
     <span class='ocr_line' id='line_1_98' title="bbox 523 4545 2094 4617; baseline 0.009 -23"><span class='ocrx_word' id='word_1_688' title='bbox 523 4547 674 4605; x_wconf 80' lang='lat' dir='ltr'><strong>sunt,</strong></span> <span class='ocrx_word' id='word_1_689' title='bbox 707 4549 786 4608; x_wconf 92' lang='lat' dir='ltr'><strong>ut,</strong></span> <span class='ocrx_word' id='word_1_690' title='bbox 827 4545 916 4612; x_wconf 92' lang='lat' dir='ltr'><strong>qui</strong></span> <span class='ocrx_word' id='word_1_691' title='bbox 955 4561 1052 4614; x_wconf 88' lang='lat' dir='ltr'><strong>per</strong></span> <span class='ocrx_word' id='word_1_692' title='bbox 1098 4561 1156 4601; x_wconf 90' lang='lat' dir='ltr'><strong>se</strong></span> <span class='ocrx_word' id='word_1_693' title='bbox 1182 4547 1382 4617; x_wconf 83' lang='lat' dir='ltr'><strong>singuli</strong></span> <span class='ocrx_word' id='word_1_694' title='bbox 1430 4557 1557 4603; x_wconf 89' lang='lat' dir='ltr'><strong>sunt</strong></span> <span class='ocrx_word' id='word_1_695' title='bbox 1590 4551 1868 4616; x_wconf 88' lang='lat' dir='ltr'><strong>imbecilli,</strong></span> <span class='ocrx_word' id='word_1_696' title='bbox 1903 4561 2094 4610; x_wconf 86' lang='lat' dir='ltr'><strong>mutua</strong></span> 
     </span>
    </p>
   </div>
   <div class='ocr_carea' id='block_1_99' title="bbox 523 4635 2089 4710">
    <p class='ocr_par' dir='ltr' id='par_1_99' title="bbox 523 4635 2089 4710">
     <span class='ocr_line' id='line_1_99' title="bbox 523 4635 2089 4710; baseline 0.008 -22"><span class='ocrx_word' id='word_1_697' title='bbox 523 4635 615 4688; x_wconf 90' lang='lat' dir='ltr'><strong>illa</strong></span> <span class='ocrx_word' id='word_1_698' title='bbox 647 4637 963 4691; x_wconf 86' lang='lat' dir='ltr'><strong>accessione</strong></span> <span class='ocrx_word' id='word_1_699' title='bbox 993 4637 1306 4693; x_wconf 74' lang='lat' dir='ltr'><strong>iniciantur.</strong></span> <span class='ocrx_word' id='word_1_700' title='bbox 1339 4641 1524 4710; x_wconf 89' lang='lat' dir='ltr'><strong>Itaque</strong></span> <span class='ocrx_word' id='word_1_701' title='bbox 1554 4643 1606 4696; x_wconf 89' lang='lat' dir='ltr'><strong>in</strong></span> <span class='ocrx_word' id='word_1_702' title='bbox 1637 4643 1919 4698; x_wconf 87' lang='lat' dir='ltr'><strong>hominum</strong></span> <span class='ocrx_word' id='word_1_703' title='bbox 1953 4661 2089 4700; x_wconf 88' lang='lat' dir='ltr'><strong>con-</strong></span> 
     </span>
    </p>
   </div>
   <div class='ocr_carea' id='block_1_100' title="bbox 522 4731 2091 4806">
    <p class='ocr_par' dir='ltr' id='par_1_100' title="bbox 522 4731 2091 4806">
     <span class='ocr_line' id='line_1_100' title="bbox 522 4731 2091 4806; baseline 0.006 -23"><span class='ocrx_word' id='word_1_704' title='bbox 522 4737 772 4795; x_wconf 81' lang='lat' dir='ltr'><strong>Spectnm</strong></span> <span class='ocrx_word' id='word_1_705' title='bbox 807 4731 1084 4798; x_wconf 87' lang='lat' dir='ltr'><strong>sigillatim</strong></span> <span class='ocrx_word' id='word_1_706' title='bbox 1120 4749 1227 4786; x_wconf 90' lang='lat' dir='ltr'><strong>non</strong></span> <span class='ocrx_word' id='word_1_707' title='bbox 1275 4734 1520 4799; x_wconf 88' lang='lat' dir='ltr'><strong>veniunt,</strong></span> <span class='ocrx_word' id='word_1_708' title='bbox 1559 4731 1654 4789; x_wconf 90' lang='lat' dir='ltr'><strong>sed</strong></span> <span class='ocrx_word' id='word_1_709' title='bbox 1691 4735 1847 4796; x_wconf 90' lang='lat' dir='ltr'><strong>(adeo</strong></span> <span class='ocrx_word' id='word_1_710' title='bbox 1877 4747 2091 4806; x_wconf 87' lang='lat' dir='ltr'><strong>egestas</strong></span> 
     </span>
    </p>
   </div>
   <div class='ocr_carea' id='block_1_101' title="bbox 523 4819 2089 4894">
    <p class='ocr_par' dir='ltr' id='par_1_101' title="bbox 523 4819 2089 4894">
     <span class='ocr_line' id='line_1_101' title="bbox 523 4819 2089 4894; baseline 0.006 -21"><span class='ocrx_word' id='word_1_711' title='bbox 523 4819 686 4873; x_wconf 85' lang='lat' dir='ltr'><strong>etiam</strong></span> <span class='ocrx_word' id='word_1_712' title='bbox 717 4821 783 4874; x_wconf 89' lang='lat' dir='ltr'><strong>ad</strong></span> <span class='ocrx_word' id='word_1_713' title='bbox 832 4821 1130 4890; x_wconf 85' lang='lat' dir='ltr'><strong>parandum</strong></span> <span class='ocrx_word' id='word_1_714' title='bbox 1167 4823 1367 4878; x_wconf 88' lang='lat' dir='ltr'><strong>victum</strong></span> <span class='ocrx_word' id='word_1_715' title='bbox 1411 4825 1727 4894; x_wconf 85' lang='lat' dir='ltr'><strong>ingeniosos</strong></span> <span class='ocrx_word' id='word_1_716' title='bbox 1762 4831 1816 4880; x_wconf 89' lang='lat' dir='ltr'><strong>et</strong></span> <span class='ocrx_word' id='word_1_717' title='bbox 1858 4827 2089 4882; x_wconf 89' lang='lat' dir='ltr'><strong>solertes</strong></span> 
     </span>
    </p>
   </div>
   <div class='ocr_carea' id='block_1_102' title="bbox 523 4907 2090 4988">
    <p class='ocr_par' dir='ltr' id='par_1_102' title="bbox 523 4907 2090 4988">
     <span class='ocr_line' id='line_1_102' title="bbox 523 4907 2090 4988; baseline 0.006 -26"><span class='ocrx_word' id='word_1_718' title='bbox 523 4907 678 4980; x_wconf 86' lang='lat' dir='ltr'><strong>facit)</strong></span> <span class='ocrx_word' id='word_1_719' title='bbox 725 4913 966 4966; x_wconf 84' lang='lat' dir='ltr'><strong>universi</strong></span> <span class='ocrx_word' id='word_1_720' title='bbox 1015 4921 1177 4983; x_wconf 88' lang='lat' dir='ltr'><strong>alque</strong></span> <span class='ocrx_word' id='word_1_721' title='bbox 1227 4913 1372 4970; x_wconf 91' lang='lat' dir='ltr'><strong>inter</strong></span> <span class='ocrx_word' id='word_1_722' title='bbox 1403 4931 1463 4971; x_wconf 88' lang='lat' dir='ltr'><strong>se</strong></span> <span class='ocrx_word' id='word_1_723' title='bbox 1492 4917 1805 4986; x_wconf 77' lang='lat' dir='ltr'><strong>congregati</strong></span> <span class='ocrx_word' id='word_1_724' title='bbox 1845 4919 2090 4988; x_wconf 89' lang='lat' dir='ltr'><strong>conspici</strong></span> 
     </span>
    </p>
   </div>
   <div class='ocr_carea' id='block_1_103' title="bbox 521 4995 2087 5075">
    <p class='ocr_par' dir='ltr' id='par_1_103' title="bbox 521 4995 2087 5075">
     <span class='ocr_line' id='line_1_103' title="bbox 521 4995 2087 5075; baseline 0.004 -23"><span class='ocrx_word' id='word_1_725' title='bbox 521 4999 731 5054; x_wconf 73' lang='grc' dir='ltr'>νυιυιιῑ.</span> <span class='ocrx_word' id='word_1_726' title='bbox 769 4995 896 5056; x_wconf 89' lang='lat' dir='ltr'><strong>Inde</strong></span> <span class='ocrx_word' id='word_1_727' title='bbox 941 5001 1013 5068; x_wconf 76' lang='lat' dir='ltr'><strong>fit,</strong></span> <span class='ocrx_word' id='word_1_728' title='bbox 1061 5014 1138 5068; x_wconf 93' lang='lat' dir='ltr'><strong>ut,</strong></span> <span class='ocrx_word' id='word_1_729' title='bbox 1167 5019 1290 5057; x_wconf 85' lang='lat' dir='ltr'><strong>eum</strong></span> <span class='ocrx_word' id='word_1_730' title='bbox 1345 5005 1545 5075; x_wconf 88' lang='lat' dir='ltr'><strong>singuli</strong></span> <span class='ocrx_word' id='word_1_731' title='bbox 1581 5007 1922 5062; x_wconf 85' lang='lat' dir='ltr'><strong>miserabiles</strong></span> <span class='ocrx_word' id='word_1_732' title='bbox 1955 5009 2087 5070; x_wconf 89' lang='lat' dir='ltr'><strong>sint,</strong></span> 
     </span>
    </p>
   </div>
   <div class='ocr_carea' id='block_1_104' title="bbox 2197 4449 3714 4527">
    <p class='ocr_par' dir='ltr' id='par_1_104' title="bbox 2197 4449 3714 4527">
     <span class='ocr_line' id='line_1_104' title="bbox 2197 4449 3714 4527; baseline -0.011 -14"><span class='ocrx_word' id='word_1_733' title='bbox 2197 4475 2398 4523; x_wconf 85' lang='grc' dir='ltr'>νονται,</span> <span class='ocrx_word' id='word_1_734' title='bbox 2429 4459 2520 4520; x_wconf 81' lang='grc' dir='ltr'><strong>τὸν</strong></span> <span class='ocrx_word' id='word_1_735' title='bbox 2549 4457 2782 4527; x_wconf 79' lang='grc' dir='ltr'>πονηρὸν</span> <span class='ocrx_word' id='word_1_736' title='bbox 2813 4453 2890 4524; x_wconf 81' lang='grc' dir='ltr'>τῷ</span> <span class='ocrx_word' id='word_1_737' title='bbox 2913 4453 3075 4522; x_wconf 81' lang='grc' dir='ltr'>κοινῷ</span> <span class='ocrx_word' id='word_1_738' title='bbox 3099 4451 3558 4520; x_wconf 79' lang='grc' dir='ltr'>συνεισφέροντες</span> <span class='ocrx_word' id='word_1_739' title='bbox 3579 4449 3714 4518; x_wconf 63' lang='grc' dir='ltr'><strong>ἔρα-φτ.</strong></span> 
     </span>
    </p>
   </div>
   <div class='ocr_carea' id='block_1_105' title="bbox 2198 4541 3704 4618">
    <p class='ocr_par' dir='ltr' id='par_1_105' title="bbox 2198 4541 3704 4618">
     <span class='ocr_line' id='line_1_105' title="bbox 2198 4541 3704 4618; baseline -0.011 -14"><span class='ocrx_word' id='word_1_740' title='bbox 2198 4551 2353 4612; x_wconf 85' lang='grc' dir='ltr'>ἄλλος</span> <span class='ocrx_word' id='word_1_741' title='bbox 2385 4549 2450 4602; x_wconf 83' lang='grc' dir='ltr'>δι’</span> <span class='ocrx_word' id='word_1_742' title='bbox 2482 4548 2644 4618; x_wconf 78' lang='grc' dir='ltr'>ἄλλης</span> <span class='ocrx_word' id='word_1_743' title='bbox 2676 4548 2816 4609; x_wconf 81' lang='grc' dir='ltr'>τινὸς</span> <span class='ocrx_word' id='word_1_744' title='bbox 2857 4553 2918 4598; x_wconf 82' lang='grc' dir='ltr'><strong>συ</strong></span> <span class='ocrx_word' id='word_1_745' title='bbox 2929 4547 3138 4616; x_wconf 67' lang='grc' dir='ltr'>μφορᾶς</span> <span class='ocrx_word' id='word_1_746' title='bbox 3185 4543 3334 4595; x_wconf 72' lang='grc' dir='ltr'>ἔλεον</span> <span class='ocrx_word' id='word_1_747' title='bbox 3369 4541 3592 4602; x_wconf 75' lang='grc' dir='ltr'>ἑαυτοῖς</span> <span class='ocrx_word' id='word_1_748' title='bbox 3617 4542 3704 4606; x_wconf 53' lang='lat' dir='ltr'><strong>is:</strong></span> 
     </span>
    </p>
   </div>
   <div class='ocr_carea' id='block_1_106' title="bbox 2198 4633 3714 4711">
    <p class='ocr_par' dir='ltr' id='par_1_106' title="bbox 2198 4633 3714 4711">
     <span class='ocr_line' id='line_1_106' title="bbox 2198 4633 3714 4711; baseline -0.01 -17"><span class='ocrx_word' id='word_1_749' title='bbox 2198 4639 2401 4706; x_wconf 80' lang='grc' dir='ltr'>ζοντες.</span> <span class='ocrx_word' id='word_1_750' title='bbox 2465 4640 2522 4692; x_wconf 85' lang='grc'><strong>’0</strong></span> <span class='ocrx_word' id='word_1_751' title='bbox 2551 4639 2646 4711; x_wconf 83' lang='grc' dir='ltr'><strong>μὲν</strong></span> <span class='ocrx_word' id='word_1_752' title='bbox 2679 4641 2865 4709; x_wconf 78' lang='grc' dir='ltr'>χεῖρας</span> <span class='ocrx_word' id='word_1_753' title='bbox 2897 4635 3430 4707; x_wconf 76' lang='grc' dir='ltr'>ἠκρωτηριασμένας</span> <span class='ocrx_word' id='word_1_754' title='bbox 3457 4633 3714 4703; x_wconf 51' lang='lat' dir='ltr'><strong>etputare!-</strong></span> 
     </span>
    </p>
   </div>
   <div class='ocr_carea' id='block_1_107' title="bbox 2198 4721 3726 4800">
    <p class='ocr_par' dir='ltr' id='par_1_107' title="bbox 2198 4721 3726 4800">
     <span class='ocr_line' id='line_1_107' title="bbox 2198 4721 3726 4800; baseline -0.012 -12"><span class='ocrx_word' id='word_1_755' title='bbox 2198 4733 2353 4796; x_wconf 80' lang='grc' dir='ltr'>ἄλλος</span> <span class='ocrx_word' id='word_1_756' title='bbox 2377 4729 2616 4800; x_wconf 80' lang='grc' dir='ltr'>γαστέρα</span> <span class='ocrx_word' id='word_1_757' title='bbox 2634 4728 2996 4800; x_wconf 77' lang='grc' dir='ltr'>προδεικνύων</span> <span class='ocrx_word' id='word_1_758' title='bbox 3018 4725 3486 4796; x_wconf 79' lang='grc' dir='ltr'>φλεγμαίνουσαν,</span> <span class='ocrx_word' id='word_1_759' title='bbox 3503 4723 3598 4776; x_wconf 73' lang='grc' dir='ltr'>καὶ</span> <span class='ocrx_word' id='word_1_760' title='bbox 3619 4721 3726 4788; x_wconf 61' lang='grc' dir='ltr'>τρέε-</span> 
     </span>
    </p>
   </div>
   <div class='ocr_carea' id='block_1_108' title="bbox 2197 4813 3726 4894">
    <p class='ocr_par' dir='ltr' id='par_1_108' title="bbox 2197 4813 3726 4894">
     <span class='ocr_line' id='line_1_108' title="bbox 2197 4813 3726 4894; baseline -0.01 -17"><span class='ocrx_word' id='word_1_761' title='bbox 2197 4841 2344 4877; x_wconf 86' lang='grc' dir='ltr'>ωπον</span> <span class='ocrx_word' id='word_1_762' title='bbox 2366 4821 2730 4894; x_wconf 82' lang='grc' dir='ltr'>ῆχρειωμένον</span> <span class='ocrx_word' id='word_1_763' title='bbox 2759 4819 2962 4890; x_wconf 77' lang='grc' dir='ltr'>ἔτερος,</span> <span class='ocrx_word' id='word_1_764' title='bbox 3003 4817 3095 4870; x_wconf 76' lang='grc' dir='ltr'>καὶ</span> <span class='ocrx_word' id='word_1_765' title='bbox 3135 4815 3294 4878; x_wconf 76' lang='grc' dir='ltr'>ἄλλος</span> <span class='ocrx_word' id='word_1_766' title='bbox 3319 4813 3386 4867; x_wconf 83' lang='grc' dir='ltr'><strong>τδ</strong></span> <span class='ocrx_word' id='word_1_767' title='bbox 3419 4814 3614 4874; x_wconf 77' lang='grc' dir='ltr'>σκέλος</span> <span class='ocrx_word' id='word_1_768' title='bbox 3639 4813 3726 4861; x_wconf 66' lang='grc' dir='ltr'>στι-</span> 
     </span>
    </p>
   </div>
   <div class='ocr_carea' id='block_1_109' title="bbox 2199 4907 3726 4985">
    <p class='ocr_par' dir='ltr' id='par_1_109' title="bbox 2199 4907 3726 4985">
     <span class='ocr_line' id='line_1_109' title="bbox 2199 4907 3726 4985; baseline -0.01 -17"><span class='ocrx_word' id='word_1_769' title='bbox 2199 4913 2501 4985; x_wconf 83' lang='grc' dir='ltr'>σηπόμενον</span> <span class='ocrx_word' id='word_1_770' title='bbox 2526 4928 2540 4941; x_wconf 73' lang='grc'><strong>⁸</strong></span> <span class='ocrx_word' id='word_1_771' title='bbox 2577 4913 2606 4964; x_wconf 85' lang='grc' dir='ltr'>ὁ</span> <span class='ocrx_word' id='word_1_772' title='bbox 2649 4909 2705 4963; x_wconf 80' lang='grc' dir='ltr'><strong>δὲ</strong></span> <span class='ocrx_word' id='word_1_773' title='bbox 2733 4909 2760 4962; x_wconf 84' lang='grc' dir='ltr'>ὃ</span> <span class='ocrx_word' id='word_1_774' title='bbox 2787 4911 2852 4963; x_wconf 80' lang='grc' dir='ltr'>ἂν</span> <span class='ocrx_word' id='word_1_775' title='bbox 2875 4909 3026 4979; x_wconf 84' lang='grc' dir='ltr'>τύχοι</span> <span class='ocrx_word' id='word_1_776' title='bbox 3051 4908 3143 4962; x_wconf 81' lang='grc' dir='ltr'>τοῦ</span> <span class='ocrx_word' id='word_1_777' title='bbox 3176 4907 3432 4977; x_wconf 83' lang='grc' dir='ltr'>σώματος</span> <span class='ocrx_word' id='word_1_778' title='bbox 3459 4909 3726 4972; x_wconf 49' lang='grc' dir='ltr'>ἀπογυμν-</span> 
     </span>
    </p>
   </div>
   <div class='ocr_carea' id='block_1_110' title="bbox 2197 4995 3174 5073">
    <p class='ocr_par' dir='ltr' id='par_1_110' title="bbox 2197 4995 3174 5073">
     <span class='ocr_line' id='line_1_110' title="bbox 2197 4995 3174 5073; baseline -0.007 -14"><span class='ocrx_word' id='word_1_779' title='bbox 2197 5023 2316 5070; x_wconf 86' lang='grc' dir='ltr'>σας,</span> <span class='ocrx_word' id='word_1_780' title='bbox 2351 5007 2409 5058; x_wconf 82' lang='grc' dir='ltr'><strong>ἐν</strong></span> <span class='ocrx_word' id='word_1_781' title='bbox 2439 5003 2630 5073; x_wconf 81' lang='grc' dir='ltr'>ἐκείνῳ</span> <span class='ocrx_word' id='word_1_782' title='bbox 2669 5001 2730 5056; x_wconf 80' lang='grc' dir='ltr'><strong>τὸ</strong></span> <span class='ocrx_word' id='word_1_783' title='bbox 2759 5002 2926 5066; x_wconf 74' lang='grc' dir='ltr'>πάθος</span> <span class='ocrx_word' id='word_1_784' title='bbox 2959 4995 3174 5066; x_wconf 71' lang='grc' dir='ltr'>ἔδειξεν.</span> 
     </span>
    </p>
   </div>
   <div class='ocr_carea' id='block_1_111' title="bbox 521 5087 3722 5166">
    <p class='ocr_par' dir='ltr' id='par_1_111' title="bbox 521 5087 3722 5166">
     <span class='ocr_line' id='line_1_111' title="bbox 521 5087 3722 5166; baseline -0.002 -23"><span class='ocrx_word' id='word_1_785' title='bbox 521 5087 836 5146; x_wconf 79' lang='lat' dir='ltr'><strong>hominibus</strong></span> <span class='ocrx_word' id='word_1_786' title='bbox 881 5093 954 5146; x_wconf 88' lang='lat' dir='ltr'><strong>ita</strong></span> <span class='ocrx_word' id='word_1_787' title='bbox 999 5093 1278 5161; x_wconf 87' lang='lat' dir='ltr'><strong>conjuncti</strong></span> <span class='ocrx_word' id='word_1_788' title='bbox 1311 5097 1483 5165; x_wconf 87' lang='lat' dir='ltr'><strong>magis</strong></span> <span class='ocrx_word' id='word_1_789' title='bbox 1530 5095 1824 5150; x_wconf 85' lang='lat' dir='ltr'><strong>miserandi</strong></span> <span class='ocrx_word' id='word_1_790' title='bbox 1898 5095 2371 5166; x_wconf 87' lang='lat' dir='ltr'><strong>coadjuvandique</strong></span> <span class='ocrx_word' id='word_1_791' title='bbox 2438 5093 2746 5147; x_wconf 87' lang='lat' dir='ltr'><strong>videantur.</strong></span> <span class='ocrx_word' id='word_1_792' title='bbox 2815 5089 3034 5161; x_wconf 83' lang='lat' dir='ltr'><strong>Aliquid</strong></span> <span class='ocrx_word' id='word_1_793' title='bbox 3091 5089 3233 5144; x_wconf 80' lang='lat' dir='ltr'><strong>enim</strong></span> <span class='ocrx_word' id='word_1_794' title='bbox 3269 5087 3514 5158; x_wconf 81' lang='lat' dir='ltr'><strong>quisque</strong></span> <span class='ocrx_word' id='word_1_795' title='bbox 3541 5087 3594 5140; x_wconf 84' lang='lat' dir='ltr'><strong>in</strong></span> <span class='ocrx_word' id='word_1_796' title='bbox 3625 5097 3722 5137; x_wconf 67' lang='lat' dir='ltr'><strong>coa-</strong></span> 
     </span>
    </p>
   </div>
   <div class='ocr_carea' id='block_1_112' title="bbox 523 5179 3720 5256">
    <p class='ocr_par' dir='ltr' id='par_1_112' title="bbox 523 5179 3720 5256">
     <span class='ocr_line' id='line_1_112' title="bbox 523 5179 3720 5256; baseline -0.002 -17"><span class='ocrx_word' id='word_1_797' title='bbox 523 5197 684 5239; x_wconf 89' lang='lat' dir='ltr'><strong>mune</strong></span> <span class='ocrx_word' id='word_1_798' title='bbox 730 5185 966 5249; x_wconf 84' lang='lat' dir='ltr'><strong>confert,</strong></span> <span class='ocrx_word' id='word_1_799' title='bbox 1009 5194 1062 5239; x_wconf 89' lang='lat' dir='ltr'><strong>et</strong></span> <span class='ocrx_word' id='word_1_800' title='bbox 1097 5187 1238 5242; x_wconf 88' lang='lat' dir='ltr'><strong>alius</strong></span> <span class='ocrx_word' id='word_1_801' title='bbox 1305 5205 1372 5241; x_wconf 86' lang='lat' dir='ltr'><strong>ex</strong></span> <span class='ocrx_word' id='word_1_802' title='bbox 1420 5189 1522 5241; x_wconf 90' lang='lat' dir='ltr'><strong>alia</strong></span> <span class='ocrx_word' id='word_1_803' title='bbox 1588 5189 1896 5242; x_wconf 89' lang='lat' dir='ltr'><strong>calamitate</strong></span> <span class='ocrx_word' id='word_1_804' title='bbox 1939 5189 2366 5242; x_wconf 88' lang='lat' dir='ltr'><strong>misericordiam</strong></span> <span class='ocrx_word' id='word_1_805' title='bbox 2421 5189 2724 5256; x_wconf 89' lang='lat' dir='ltr'><strong>comparat.</strong></span> <span class='ocrx_word' id='word_1_806' title='bbox 2777 5183 2875 5239; x_wconf 82' lang='lat' dir='ltr'><strong>llic</strong></span> <span class='ocrx_word' id='word_1_807' title='bbox 2949 5179 3235 5253; x_wconf 64' lang='lat' dir='ltr'><strong>praetendit</strong></span> <span class='ocrx_word' id='word_1_808' title='bbox 3285 5181 3578 5235; x_wconf 80' lang='lat' dir='ltr'><strong>mutilatas</strong></span> <span class='ocrx_word' id='word_1_809' title='bbox 3647 5193 3720 5228; x_wconf 63' lang='lat' dir='ltr'><strong>a‘r</strong></span> 
     </span>
    </p>
   </div>
   <div class='ocr_carea' id='block_1_113' title="bbox 524 5269 3718 5346">
    <p class='ocr_par' dir='ltr' id='par_1_113' title="bbox 524 5269 3718 5346">
     <span class='ocr_line' id='line_1_113' title="bbox 524 5269 3718 5346; baseline -0.004 -13"><span class='ocrx_word' id='word_1_810' title='bbox 524 5291 672 5344; x_wconf 89' lang='lat' dir='ltr'><strong>nus;</strong></span> <span class='ocrx_word' id='word_1_811' title='bbox 729 5279 816 5332; x_wconf 90' lang='lat' dir='ltr'><strong>ille</strong></span> <span class='ocrx_word' id='word_1_812' title='bbox 847 5279 1114 5333; x_wconf 88' lang='lat' dir='ltr'><strong>tumidum</strong></span> <span class='ocrx_word' id='word_1_813' title='bbox 1175 5287 1416 5334; x_wconf 85' lang='lat' dir='ltr'><strong>ventrem</strong></span> <span class='ocrx_word' id='word_1_814' title='bbox 1473 5280 1732 5342; x_wconf 86' lang='lat' dir='ltr'><strong>ostendit,</strong></span> <span class='ocrx_word' id='word_1_815' title='bbox 1765 5281 1905 5335; x_wconf 78' lang='lat' dir='ltr'><strong>alius</strong></span> <span class='ocrx_word' id='word_1_816' title='bbox 1949 5279 2264 5332; x_wconf 88' lang='lat' dir='ltr'><strong>dilaniatam</strong></span> <span class='ocrx_word' id='word_1_817' title='bbox 2297 5277 2525 5332; x_wconf 89' lang='lat' dir='ltr'><strong>faciem:</strong></span> <span class='ocrx_word' id='word_1_818' title='bbox 2560 5293 2689 5333; x_wconf 91' lang='lat' dir='ltr'><strong>crus</strong></span> <span class='ocrx_word' id='word_1_819' title='bbox 2747 5285 3068 5346; x_wconf 87' lang='lat' dir='ltr'><strong>putrescens</strong></span> <span class='ocrx_word' id='word_1_820' title='bbox 3128 5273 3292 5325; x_wconf 89' lang='lat' dir='ltr'><strong>alius.</strong></span> <span class='ocrx_word' id='word_1_821' title='bbox 3357 5271 3482 5336; x_wconf 81' lang='lat' dir='ltr'><strong>Qua</strong></span> <span class='ocrx_word' id='word_1_822' title='bbox 3541 5269 3718 5336; x_wconf 53' lang='lat' dir='ltr'><strong>denis:</strong></span> 
     </span>
    </p>
   </div>
   <div class='ocr_carea' id='block_1_114' title="bbox 527 5367 2878 5437">
    <p class='ocr_par' dir='ltr' id='par_1_114' title="bbox 527 5367 2878 5437">
     <span class='ocr_line' id='line_1_114' title="bbox 527 5367 2878 5437; baseline 0 -19"><span class='ocrx_word' id='word_1_823' title='bbox 527 5367 754 5437; x_wconf 85' lang='lat' dir='ltr'><strong>quisque</strong></span> <span class='ocrx_word' id='word_1_824' title='bbox 782 5376 1008 5435; x_wconf 72' lang='lat' dir='ltr'><strong>aegrotat</strong></span> <span class='ocrx_word' id='word_1_825' title='bbox 1052 5371 1298 5436; x_wconf 84' lang='lat' dir='ltr'><strong>corporis</strong></span> <span class='ocrx_word' id='word_1_826' title='bbox 1343 5375 1515 5436; x_wconf 87' lang='lat' dir='ltr'><strong>parte.</strong></span> <span class='ocrx_word' id='word_1_827' title='bbox 1560 5383 1677 5422; x_wconf 74' lang='lat' dir='ltr'><strong>eam</strong></span> <span class='ocrx_word' id='word_1_828' title='bbox 1713 5367 1973 5432; x_wconf 89' lang='lat' dir='ltr'><strong>denudat,</strong></span> <span class='ocrx_word' id='word_1_829' title='bbox 2019 5378 2073 5421; x_wconf 86' lang='lat' dir='ltr'><strong>et</strong></span> <span class='ocrx_word' id='word_1_830' title='bbox 2111 5383 2267 5423; x_wconf 86' lang='lat' dir='ltr'><strong>suam</strong></span> <span class='ocrx_word' id='word_1_831' title='bbox 2305 5368 2585 5421; x_wconf 89' lang='lat' dir='ltr'><strong>miseriam</strong></span> <span class='ocrx_word' id='word_1_832' title='bbox 2618 5373 2878 5420; x_wconf 87' lang='lat' dir='ltr'><strong>ostentat.</strong></span> 
     </span>
    </p>
   </div>
   <div class='ocr_carea' id='block_1_115' title="bbox 595 5457 2086 5530">
    <p class='ocr_par' dir='ltr' id='par_1_115' title="bbox 595 5457 2086 5530">
     <span class='ocr_line' id='line_1_115' title="bbox 595 5457 2086 5530; baseline 0 -18"><span class='ocrx_word' id='word_1_833' title='bbox 595 5457 734 5525; x_wconf 86' lang='lat' dir='ltr'><strong>Quid</strong></span> <span class='ocrx_word' id='word_1_834' title='bbox 769 5475 897 5530; x_wconf 88' lang='lat' dir='ltr'><strong>ergo</strong></span> <span class='ocrx_word' id='word_1_835' title='bbox 935 5459 1240 5514; x_wconf 79' lang='lat' dir='ltr'><strong>faciendum</strong></span> <span class='ocrx_word' id='word_1_836' title='bbox 1285 5467 1367 5514; x_wconf 84' lang='lat' dir='ltr'><strong>est</strong></span> <span class='ocrx_word' id='word_1_837' title='bbox 1400 5459 1577 5523; x_wconf 88' lang='lat' dir='ltr'><strong>nobis,</strong></span> <span class='ocrx_word' id='word_1_838' title='bbox 1609 5471 1669 5513; x_wconf 93' lang='lat' dir='ltr'><strong>ut</strong></span> <span class='ocrx_word' id='word_1_839' title='bbox 1705 5461 1844 5514; x_wconf 93' lang='lat' dir='ltr'><strong>nihil</strong></span> <span class='ocrx_word' id='word_1_840' title='bbox 1886 5459 1939 5514; x_wconf 89' lang='lat' dir='ltr'><strong>in</strong></span> <span class='ocrx_word' id='word_1_841' title='bbox 1985 5473 2086 5514; x_wconf 88' lang='lat' dir='ltr'><strong>na-</strong></span> 
     </span>
    </p>
   </div>
   <div class='ocr_carea' id='block_1_116' title="bbox 523 5551 2088 5622">
    <p class='ocr_par' dir='ltr' id='par_1_116' title="bbox 523 5551 2088 5622">
     <span class='ocr_line' id='line_1_116' title="bbox 523 5551 2088 5622; baseline -0.001 -16"><span class='ocrx_word' id='word_1_842' title='bbox 523 5561 659 5606; x_wconf 75' lang='lat' dir='ltr'><strong>tura:</strong></span> <span class='ocrx_word' id='word_1_843' title='bbox 697 5551 865 5622; x_wconf 82' lang='lat' dir='ltr'><strong>legem</strong></span> <span class='ocrx_word' id='word_1_844' title='bbox 899 5567 1153 5622; x_wconf 87' lang='lat' dir='ltr'><strong>peccasse</strong></span> <span class='ocrx_word' id='word_1_845' title='bbox 1191 5551 1509 5606; x_wconf 84' lang='lat' dir='ltr'><strong>videamur?</strong></span> <span class='ocrx_word' id='word_1_846' title='bbox 1538 5552 1741 5606; x_wconf 83' lang='lat' dir='ltr'><strong>satisne</strong></span> <span class='ocrx_word' id='word_1_847' title='bbox 1774 5554 1864 5615; x_wconf 89' lang='lat' dir='ltr'><strong>sit,</strong></span> <span class='ocrx_word' id='word_1_848' title='bbox 1898 5567 2088 5605; x_wconf 89' lang='lat' dir='ltr'><strong>eorum</strong></span> 
     </span>
    </p>
   </div>
   <div class='ocr_carea' id='block_1_117' title="bbox 525 5639 2092 5712">
    <p class='ocr_par' dir='ltr' id='par_1_117' title="bbox 525 5639 2092 5712">
     <span class='ocr_line' id='line_1_117' title="bbox 525 5639 2092 5712; baseline -0.003 -18"><span class='ocrx_word' id='word_1_849' title='bbox 525 5639 842 5697; x_wconf 78' lang='lat' dir='ltr'><strong>aifcctiOnes</strong></span> <span class='ocrx_word' id='word_1_850' title='bbox 866 5641 1148 5712; x_wconf 84' lang='lat' dir='ltr'><strong>deplorare</strong></span> <span class='ocrx_word' id='word_1_851' title='bbox 1166 5682 1181 5708; x_wconf 86' lang='lat'><strong>,</strong></span> <span class='ocrx_word' id='word_1_852' title='bbox 1207 5651 1259 5696; x_wconf 89' lang='lat' dir='ltr'><strong>et</strong></span> <span class='ocrx_word' id='word_1_853' title='bbox 1280 5641 1526 5696; x_wconf 89' lang='lat' dir='ltr'><strong>oratione</strong></span> <span class='ocrx_word' id='word_1_854' title='bbox 1553 5641 1800 5696; x_wconf 87' lang='lat' dir='ltr'><strong>morbum</strong></span> <span class='ocrx_word' id='word_1_855' title='bbox 1833 5642 2092 5712; x_wconf 58' lang='lat' dir='ltr'><strong>C§tolinrc</strong></span> 
     </span>
    </p>
   </div>
   <div class='ocr_carea' id='block_1_118' title="bbox 2261 5451 3714 5528">
    <p class='ocr_par' dir='ltr' id='par_1_118' title="bbox 2261 5451 3714 5528">
     <span class='ocr_line' id='line_1_118' title="bbox 2261 5451 3714 5528; baseline -0.006 -17"><span class='ocrx_word' id='word_1_856' title='bbox 2261 5458 2327 5510; x_wconf 86' lang='grc' dir='ltr'><strong>Τί</strong></span> <span class='ocrx_word' id='word_1_857' title='bbox 2343 5455 2432 5510; x_wconf 78' lang='grc' dir='ltr'><strong>οὖν</strong></span> <span class='ocrx_word' id='word_1_858' title='bbox 2455 5475 2470 5523; x_wconf 86' lang='grc'><strong>;</strong></span> <span class='ocrx_word' id='word_1_859' title='bbox 2507 5453 2616 5528; x_wconf 82' lang='grc' dir='ltr'><strong>ἄρα</strong></span> <span class='ocrx_word' id='word_1_860' title='bbox 2641 5456 2860 5527; x_wconf 79' lang='grc' dir='ltr'>ἐξαρκεῖ</span> <span class='ocrx_word' id='word_1_861' title='bbox 2881 5453 3130 5506; x_wconf 79' lang='grc' dir='ltr'>τοσοῦτον</span> <span class='ocrx_word' id='word_1_862' title='bbox 3153 5453 3288 5523; x_wconf 78' lang='grc' dir='ltr'>πρὸς</span> <span class='ocrx_word' id='word_1_863' title='bbox 3307 5451 3370 5504; x_wconf 81' lang='grc' dir='ltr'>τὺ</span> <span class='ocrx_word' id='word_1_864' title='bbox 3393 5453 3556 5522; x_wconf 65' lang='grc' dir='ltr'>μηᾶν</span> <span class='ocrx_word' id='word_1_865' title='bbox 3583 5453 3648 5510; x_wconf 79' lang='grc' dir='ltr'>εἰς</span> <span class='ocrx_word' id='word_1_866' title='bbox 3663 5451 3714 5496; x_wconf 62' lang='lat'><strong>7&quot;-</strong></span> 
     </span>
    </p>
   </div>
   <div class='ocr_carea' id='block_1_119' title="bbox 2195 5541 3714 5620">
    <p class='ocr_par' dir='ltr' id='par_1_119' title="bbox 2195 5541 3714 5620">
     <span class='ocr_line' id='line_1_119' title="bbox 2195 5541 3714 5620; baseline -0.005 -17"><span class='ocrx_word' id='word_1_867' title='bbox 2195 5549 2294 5620; x_wconf 81' lang='grc' dir='ltr'>τῆς</span> <span class='ocrx_word' id='word_1_868' title='bbox 2316 5549 2524 5618; x_wconf 74' lang='grc' dir='ltr'>φύσεως</span> <span class='ocrx_word' id='word_1_869' title='bbox 2539 5549 2696 5618; x_wconf 84' lang='grc' dir='ltr'>νόμον</span> <span class='ocrx_word' id='word_1_870' title='bbox 2718 5549 3059 5618; x_wconf 76' lang='grc' dir='ltr'>ἐξαμαρτεῖν,</span> <span class='ocrx_word' id='word_1_871' title='bbox 3077 5546 3210 5599; x_wconf 74' lang='grc' dir='ltr'>αὐτὸ</span> <span class='ocrx_word' id='word_1_872' title='bbox 3225 5546 3380 5598; x_wconf 75' lang='grc' dir='ltr'>τοῦτο</span> <span class='ocrx_word' id='word_1_873' title='bbox 3401 5547 3464 5598; x_wconf 80' lang='grc' dir='ltr'>τὸ</span> <span class='ocrx_word' id='word_1_874' title='bbox 3483 5541 3714 5616; x_wconf 46' lang='lat' dir='ltr'><strong>spargit?</strong></span> 
     </span>
    </p>
   </div>
   <div class='ocr_carea' id='block_1_120' title="bbox 2197 5635 3710 5714">
    <p class='ocr_par' dir='ltr' id='par_1_120' title="bbox 2197 5635 3710 5714">
     <span class='ocr_line' id='line_1_120' title="bbox 2197 5635 3710 5714; baseline -0.005 -19"><span class='ocrx_word' id='word_1_875' title='bbox 2197 5643 2264 5696; x_wconf 80' lang='grc' dir='ltr'><strong>τὰ</strong></span> <span class='ocrx_word' id='word_1_876' title='bbox 2289 5641 2430 5714; x_wconf 78' lang='grc' dir='ltr'>πάθη</span> <span class='ocrx_word' id='word_1_877' title='bbox 2450 5635 2544 5711; x_wconf 73' lang='grc' dir='ltr'>τῆς</span> <span class='ocrx_word' id='word_1_878' title='bbox 2567 5640 2797 5710; x_wconf 66' lang='grc' dir='ltr'>φύσεως,</span> <span class='ocrx_word' id='word_1_879' title='bbox 2817 5639 2908 5692; x_wconf 81' lang='grc' dir='ltr'>καὶ</span> <span class='ocrx_word' id='word_1_880' title='bbox 2928 5639 3068 5711; x_wconf 79' lang='grc' dir='ltr'>λόγῳ</span> <span class='ocrx_word' id='word_1_881' title='bbox 3088 5637 3470 5702; x_wconf 74' lang='grc' dir='ltr'>διασκευάζειν</span> 
     </span>
    </p>
   </div>
  </div>
