3754 6292
21 294 61 345 8
88 298 112 349 ι
1242 300 1330 355 DE
1368 302 1498 358 ΡΜ]

1842 299 2167 368 AMANDIS,
2957 322 2966 341 ι
3191 304 3295 357 682

25 404 121 457 νεὶ
153 406 292 479 πρὸς
308 408 402 477 τὴν
429 409 649 479 μνήμην
678 408 1061 477 παθαίνεσθαι;
1087 412 1160 465 Ἥ
1180 429 1324 475 τινος
1356 415 1485 489 ἡμῖν

1812 428 1875 466 ue
1902 414 2015 480 ipsa
2038 413 2559 469 commemoratione
2580 411 2954 467 commoveri?
2975 427 3042 471 an
3066 426 3293 483 necesse

22 513 200 563 ργου
232 499 389 569 χρεία
424 500 516 552 τοῦ
560 501 1000 572 ἐπιδεικνυμένου
1032 503 1165 573 πρὸς
1190 507 1317 569 τοὺς
1339 504 1504 557 τοιουπ

1813 545 1817 564 ,
1860 513 1918 558 ιιι
1953 504 2094 560 facto
2136 505 2300 567 etiam
2339 504 2524 574 aliquo
2563 504 2995 560 misericordiam
3042 510 3096 559 et
3129 504 3295 559 bene-

21 582 59 634 ἱ)
98 588 401 659 συμπαθὲς
427 589 519 642 καὶ
552 588 867 663 φιλάλληλον
890 608 905 667 ξ
928 594 990 645 Ὃ
1004 594 1110 663 γάρ
1130 594 1266 647 εἰσιν
1283 595 1339 646 αἱ
1356 610 1503 661 σκιογ

1814 596 2004 649 entiam
2049 610 2176 666 erga
2214 596 2338 650 illos
2383 604 2626 657 nostram
2664 595 3045 653 declaremus?
3078 593 3171 650 Sic
3210 603 3296 651 est

38 673 151 730 ίαι
182 680 322 748 πρὸς
350 679 419 737 τὰ.
435 680 599 751 ὅντως
628 682 947 753 πράγματα.
976 684 1132 737 τοῦτο
1155 688 1203 738 οἱ
1236 686 1381 754 λόγοι
1409 684 1520 749 διες

1814 688 1982 742 tecto.
2012 685 2145 741 Nam
2178 703 2299 756 quae
2340 690 2620 758 proportio
2648 684 2731 747 est
2763 689 2905 743 inter
2934 704 3023 743 res
3060 702 3217 747 veras
3242 700 3296 743 et

31 769 228 835 μένοι
273 772 380 825 τῶν
441 773 638 843 ἔργων.
689 777 763 828 υὺ
805 777 912 850 γὰρ
945 780 1004 831 ἐν
1052 777 1131 849 τῷ
1180 779 1360 848 λέγειν
1388 780 1513 853 φησΊ

1807 778 2066 833 ttnbratas
2100 778 2377 849 picturas,
2415 780 2664 849 eamdem
2710 780 2960 835 obtinent
3011 780 3208 841 verba,
3245 779 3289 833 si

21 857 246 924 L'tho;
292 860 430 921 εἶναι
464 862 560 932 τὴν
592 866 866 935 σωτηρίαν
892 883 905 897 ·
939 867 1055 919 ἀλλ’
1079 871 1137 921 ὲν
1185 869 1290 941 τῷ,
1321 873 1495 923 ποιεῖν

1833 867 2090 935 operibus
2138 866 2514 938 sejungantur.
2562 867 2677 921 Non
2718 869 2862 922 enim
2898 869 2952 921 in
3000 868 3183 924 verbis
3214 884 3295 923 sa-

21 960 171 1013 ργα
208 953 307 1018 τῆς
344 951 632 1021 σωτηρίας.
663 953 869 1007 Οὐκοῦν
909 956 1259 1033 ἀντιληπτέον
1282 961 1412 1029 ἡμῖν
1433 962 1498 1012 αὐ

1816 971 1882 1009 2m
1936 957 2239 1012 consistere
2293 958 2429 1012 dicit
2495 956 2778 1020 Dominus,
2836 958 2929 1013 sed
2968 960 3045 1010 ain
3104 957 3298 1013 salutis

22 1036 117 1105 ἧς
183 1041 326 1111 ὑπὲρ
355 1042 532 1094 αὐτῶν
579 1046 814 1117 ἐντολῆς.
864 1048 959 1121 Μὴ
984 1052 1091 1117 γὰρ
1117 1050 1180 1120 δὴ
1225 1051 1381 1103 τοῦτο
1412 1052 1504 1121 λεγ

1813 1049 1973 1111 :ribus
2020 1049 2282 1103 faciendis
2338 1052 2403 1101 σι’.
2471 1049 2876 1115 Quamobrem,
2933 1040 3078 1117 quod
3138 1048 3295 1102 nobis

26 1146 126 1192 ις,
171 1132 252 1194 ὡς
297 1133 476 1186 ἱκανόν
510 1137 623 1189 ἐστι
660 1138 847 1209 πόρρω
879 1157 979 1193 που
1019 1143 1116 1209 τῆς
1147 1141 1419 1212 ἡμετέρας
1450 1141 1508 1206 Cc

1817 1157 1959 1197 arum
1994 1156 2160 1197 causa
2190 1141 2503 1195 mandatum
2532 1150 2636 1205 est,
2663 1141 2718 1195 id
2748 1148 2964 1210 oportet
2990 1140 3299 1209 utipsimet

22 1220 112 1271 πί
148 1239 303 1285 τινος
327 1225 579 1293 ἐσχατιᾶς
608 1227 969 1285 ἀποικισθεῖσι
994 1229 1089 1298 τὴν
1108 1231 1313 1301 τροφὴν
1342 1247 1504 1301 χορηγ

1819 1248 2105 1303 equamur.
2142 1218 2327 1301 Neque
2375 1232 2520 1288 enim
2574 1232 2708 1285 illud
2755 1232 2983 1291 omnino
3024 1233 3300 1299 quispiam

22 1312 96 1363 Η
135 1314 262 1387 γὰρ
287 1315 507 1386 τοιαύτη
541 1318 759 1390 γνώμη,
790 1322 908 1393 οὐχὶ
939 1322 1089 1375 ἐλέου
1112 1323 1257 1386 τινὸς
1289 1322 1387 1378 καὶ·
1410 1340 1504 1394 cup

1820 1332 1897 1386 it.
1939 1338 2061 1381 esse
2104 1324 2235 1378 satis
2261 1362 2276 1386 ,
2309 1325 2355 1383 si
2395 1323 2583 1391 procul
2621 1337 2648 1376 a
2699 1323 2855 1378 nobis
2902 1322 2957 1375 in
3002 1329 3302 1379 extremam

32 1403 189 1467 είας
214 1407 484 1471 ἀπόδειξιν
510 1408 639 1477 ἔχει’
674 1411 807 1463 ἀλλὰ
828 1429 907 1474 τις
940 1413 1297 1482 εὐπρόσωπός
1325 1414 1472 1467 ἐστιν
1503 1415 1514 1464 ἐ

1819 1430 1958 1485 [nam
1992 1423 2194 1469 nostra:
2220 1414 2457 1485 regionis
2484 1422 2691 1483 partem
2714 1452 2729 1477 ,
2767 1422 3026 1482 tanquam
3070 1413 3121 1467 in
3149 1412 3301 1465 i-olo-

22 1510 187 1559 οισι,
236 1496 331 1549 τοῦ
374 1500 651 1563 παντελῶς
694 1502 818 1564 τοὺς
862 1502 1178 1574 ἀνθρώπους
1204 1506 1302 1574 τῆς
1350 1506 1504 1575 ἡμετέ

1822 1522 1867 1559 m
1900 1504 2151 1559 deductis
2184 1505 2440 1559 alimenta
2474 1503 2908 1573 suppeditentur.
2954 1502 3028 1555 Ea
3068 1516 3304 1569 namque

26 1582 385 1671 ξορισθῆναι
431 1591 597 1659 ζωῆς.
636 1588 768 1644 Εἶτα
805 1593 905 1647 οὐκ
946 1594 1313 1665 αἰσχυνόμεθα
1348 1596 1437 1649 τὸν
1467 1598 1498 1664 ἡ

1826 1594 1991 1650 tentia
2025 1596 2227 1649 nullam
2255 1611 2394 1651 verae
2430 1595 2731 1653 clementia:
2765 1605 2818 1649 et
2864 1594 3304 1651 commiseratio-

21 1678 220 1731 ιῦτῶν
259 1680 391 1750 βίον,
422 1682 468 1733 εί
492 1683 726 1753 χοίρους,
758 1686 851 1741 καὶ
879 1683 1043 1748 κύνας
1067 1687 1407 1756 ὁμωροφίους
1436 1706 1503 1742 πο

1847 1686 2299 1758 signiﬁcationem
2332 1687 2525 1750 habet,
2560 1687 2657 1743 sed
2686 1687 2788 1760 sub
2818 1700 2881 1741 ea
2911 1683 3304 1742 misericordiae

22 1769 219 1835 1.381;
266 1772 397 1824 Οὐδὲ
424 1773 523 1843 τῆς
557 1776 741 1844 κοίτης
783 1775 976 1829 ἑαυτοῦ
1023 1754 1281 1842 πολλάκις
1314 1779 1504 1847 ἀπείργ

1830 1779 1911 1833 cie
1942 1777 2074 1831 illud
2110 1777 2403 1832 consilium
2438 1778 2587 1840 latet,
2632 1787 2688 1833 ut
2720 1756 2971 1831 homines
3004 1792 3034 1831 e
3070 1772 3191 1830 vita
3214 1792 3307 1830 no-

21 1863 352 1934 ;υνηγέτης
396 1864 485 1918 τὸν
516 1865 778 1925 σκύλακα.
814 1861 935 1921 Οἵδε
975 1868 1068 1921 καὶ
1102 1870 1363 1939 φιλήματι
1394 1869 1482 1921 τὸν

1824 1884 1841 1922 ι
1878 1883 2109 1937 prorsus
2132 1869 2580 1926 exterminentur.
2617 1868 2819 1925 Deinde
2869 1877 3070 1923 nostra:
3100 1884 3198 1924 nos
3226 1870 3306 1923 vi-

21 1968 163 2019 ῖχον
200 1954 228 2004 ὁ
267 1954 509 2024 γεωργὸς
537 1956 916 2022 δεξιώσασθαι.
946 1959 1056 2013 Καὶ
1088 1958 1240 2012 οὔπω
1271 1962 1429 2014 τοῦτο
1465 1979 1503 2014 π

1825 1957 1889 2012 ιάἱ
1911 1959 2328 2031 consuetudinis
2356 1974 2466 2013 non
2495 1959 2697 2029 pudet?
2729 1960 2824 2029 qui
2857 1974 3019 2023 sues,
3051 1968 3104 2013 et
3143 1973 3307 2015 canes

21 2041 171 2095 ιλλὰ
213 2048 335 2107 ταῖς
366 2045 521 2109 ἰδίαις
545 2048 699 2116 χερσὶ
744 2048 921 2102 νίπτει
952 2051 1077 2112 τοὺς
1122 2050 1288 2114 πόδας
1319 2050 1412 2104 τοῦ
1451 2050 1503 2102 όν

1825 2050 2147 2106 ιιυὺειτηιιιεε
2196 2050 2532 2113 habeamus,
2584 2051 2720 2113 adeo
2759 2058 2817 2106 ut
2852 2067 2920 2105 ne
2955 2067 3055 2109 suo
3090 2049 3307 2119 quidem

22 2134 341 2207 δοιπόρος,
370 2137 460 2190 καὶ
488 2138 666 2206 βάλλει
698 2138 794 2209 τὴν
826 2142 1002 2211 χεῖρα.
1031 2142 1125 2193 καὶ
1148 2141 1501 2213 ὑποκαθαίρει

1827 2142 1927 2195 ;ulo
1958 2149 2184 2197 venator
2218 2145 2459 2195 catulum
2498 2149 2701 2208 arceat,
2729 2149 2784 2195 et
2809 2141 3045 2210 agricola
3076 2140 3309 2192 vitulum

21 2226 268 2298 εόπρον,
307 2230 400 2281 καὶ
445 2230 544 2300 τῆς
588 2232 746 2299 εὐνῆς
774 2232 1138 2303 ,ἐπιμελεῖταιθ
1180 2235 1271 2285 τὸν
1303 2235 1359 2287 δὲ
1392 2237 1503 2305 ὁμο·

1825 2233 2076 2288 ιερυιειυι·
2099 2251 2113 2288 :
2139 2243 2191 2288 et
2218 2233 2451 2302 propriis
2483 2233 2738 2288 inanibus
2768 2233 2946 2287 viator
2969 2233 3112 2286 asini
3143 2231 3307 2301 pedes

21 2318 114 2370 :at‘t
170 2319 482 2388 ὁμόφυλον,
540 2322 857 2393 ἀτιμότερον
900 2325 994 2399 καξι
1038 2325 1145 2379 τῶν
1191 2325 1398 2394 ἀλόγων
1448 2329 1503 2379 αἱ

1828 2335 1890 2390 at,
1930 2334 1984 2380 et
2018 2326 2277 2381 curandis
2304 2314 2619 2381 vulneribus
2654 2324 2898 2379 medicas
2928 2340 3123 2379 manus
3154 2323 3310 2377 adhi-

21 2411 419 2480 τοιησόμεθας
451 2412 539 2482 Μὴ
578 2412 764 2477 ταῦτα,
804 2415 900 2485 μὴ,
932 2415 1182 2484 ἀδελφοῦ
1219 2417 1293 2488 μὴ
1326 2419 1503 2489 κυρωθ

1833 2422 1873 2479 ι,
1909 2424 2229 2484 stercusque
2263 2416 2497 2474 auferat.
2538 2421 2593 2469 et
2634 2416 2811 2469 cubile
2840 2415 3185 2477 substernat,
3216 2428 3311 2467 eos

21 2500 179 2571 ιῦτη
214 2504 355 2555 κατὰ
378 2502 483 2555 τῶν
512 2503 809 2574 ἀνθρώπων
832 2507 1081 2577 ἡψῆφος.
1112 2508 1430 2579 Μνησθῆναι
1461 2529 1501 2562 π

1825 2520 1943 2566 em.
1984 2507 2078 2577 qui
2111 2507 2325 2577 generis
2366 2506 2774 2567 necessitudine
2815 2507 2974 2562 nobis
3022 2506 3307 2573 conjuncti

21 2596 185 2662 ςκει,
225 2594 370 2657 τίνες
402 2594 550 2657 ὄντες
578 2596 703 2667 περὶ
739 2597 898 2651 τίνων
944 2597 1342 2668 βουλευόμεθα·
1381 2601 1462 2653 ὅτι
1496 2619 1503 2633 ι

1828 2611 1890 2663 ιι,
1944 2599 2077 2669 ipsis
2127 2600 2291 2653 etiam
2342 2600 2571 2654 rationis
2609 2601 2926 2669 expertibus
2981 2598 3310 2652 animalibus

21 2685 371 2756 ινθρώπων,
402 2687 697 2758 ἄνθρωποι,
728 2689 876 2742 οὐδὲν
906 2690 1105 2755 ἰδιάζον
1136 2691 1285 2764 παρὰ
1316 2693 1416 2765 τὴν
1443 2711 1503 2746 κο

1836 2691 2164 2759 tponamns?
2219 2690 2297 2746 Ne
2338 2690 2469 2745 ﬁant
2518 2692 2632 2745 haec
2657 2730 2671 2754 ,
2728 2706 2935 2759 qumso,
2977 2705 3045 2743 ne
3084 2690 3245 2755 (iant,
3279 2702 3313 2743 ο

21 2780 208 2845 φύσιν
241 2781 325 2847 ἐφ’
354 2780 556 2833 ἑαυτῶν
583 2780 817 2851 ἔχοντες.
851 2783 969 2836 Μία
998 2781 1187 2837 πᾶσιν
1207 2784 1308 2837 ἐπὶ
1343 2785 1450 2838 τὸν
1482 2794 1503 2849 J

1823 2791 1950 2837 tres.
1981 2780 2053 2834 Ea
2083 2781 2351 2837 sententia
2380 2782 2643 2836 adversus
2678 2782 2926 2836 homines
2958 2788 3075 2834 rata
3109 2796 3177 2834 ne
3204 2780 3305 2833 has

22 2876 45 2940 ἰ
84 2873 374 2939 εἴσοδος’
402 2868 481 2936 εἷς
505 2876 533 2925 ὁ
556 2874 652 2944 τῆς
682 2873 826 2944 ζωῆς
852 2874 1021 2927 ἅπασι
1056 2876 1274 2946 τρόπος,
1306 2875 1504 2947 βρῶσις

1834 2884 1941 2926 tur.
1979 2871 2168 2941 Operm
2196 2872 2426 2943 pretium
2460 2880 2545 2929 est
2573 2872 2916 2936 meminisse,
2950 2870 3042 2941 qui
3079 2885 3271 2925 sumus
3295 2907 3313 2936 ,

21 2964 224 3026 τόσις·
255 2966 289 3033 ἡ
319 2963 411 3015 τοῦ
437 2964 536 3033 ζῇν
570 2963 817 3034 ἐνέργεια
842 2964 1191 3034 ὁμοιότροπος
1214 2979 1227 2993 ⁸
1255 2966 1288 3035 ἡ
1318 2982 1503 3018 κατασε

1836 2966 2036 3036 quibus
2074 2966 2364 3020 consilium
2399 2965 2705 3034 capiamus.
2746 2962 2948 3032 Nempe
2981 2962 3047 3017 de
3074 2960 3314 3015 homini-

21 3056 139 3106 τῶν
178 3055 450 3123 σωμάτων
486 3055 607 3125 μία,
643 3055 795 3125 καὶὴ
829 3055 1175 3127 καταστροφὴ
1209 3055 1301 3108 τοῦ
1334 3056 1449 3126 βίου
1484 3058 1503 3111 ἒ

1833 3094 1835 3103 ι
1862 3056 2129 3117 homines,
2163 3058 2255 3125 qui
2284 3054 2417 3109 nihil
2449 3054 2752 3122 proprium,
2787 3060 2842 3108 et
2872 3067 2901 3104 a
2930 3061 3125 3105 natura
3161 3065 3315 3103 com.

21 3102 89 3106 "'
116 3102 127 3106 '
184 3102 443 3123 '"l'"""'
486 3102 607 3125 τ⁷’“”
644 3102 736 3109 ’⁷⁷⁷⁷
770 3102 795 3125 Ί
832 3102 1175 3127 ””“”’”“Τ’ΤΊ
1219 3102 1298 3108 ’⁷⁷
1334 3102 1446 3126 r"'
1485 3102 1503 3111 ‘

21 3150 76 3200 τὸ
115 3147 390 3200 σύνθετον
410 3149 487 3210 εἰς
511 3148 752 3200 διάλυσιν
770 3148 1017 3218 ἔρχεται.
1043 3149 1206 3202 Οὐδὲν
1227 3150 1335 3202 τῶν
1364 3168 1503 3203 συνεί

1832 3102 2129 3117 τ--ν--η-.-η
2165 3102 2255 3125 ην
2452 3102 2752 3122 ruﬁ—mn.
2795 3102 2837 3108 τ-
2876 3102 2901 3104 η
3100 3102 3123 3104 η
3172 3102 3183 3103 κ
3252 3102 3259 3103 γ

1832 3150 1883 3203 ni
1915 3148 2223 3217 sejunctum
2252 3146 2618 3215 possidemus.
2658 3143 2802 3198 Unus
2829 3144 3069 3197 omnibus
3094 3144 3149 3195 in
3179 3141 3314 3195 hanc

21 3255 140 3290 ξων
209 3238 409 3305 παγίαν
439 3236 550 3307 ἔχει
598 3238 695 3309 τὴν
731 3237 1031 3292 σύστασιν·
1082 3241 1430 3310 πομφόλυγος
1476 3242 1503 3294 δ

1831 3258 1894 3294 nn
1940 3241 2206 3301 introitus,
2241 3239 2383 3293 idem
2420 3237 2675 3291 omnibus
2720 3237 2843 3291 vita:
2873 3235 3067 3289 modus
3095 3234 3313 3299 edendi,

21 3333 110 3383 ἐπ’
176 3329 363 3397 ὀλίγου
398 3330 552 3400 ἡμῶν
584 3330 661 3401 τῷ
696 3330 963 3400 πνεύματι
1002 3331 1372 3401 περιτεθέντος
1402 3334 1493 3386 τοῦ

1832 3334 1987 3397 endi,
2034 3332 2249 3388 vivendi
2305 3331 2504 3387 similis
2555 3330 2727 3395 ratio,
2780 3330 2968 3384 eadem
3019 3343 3314 3398 corporum

22 3440 242 3493 ματος·
270 3418 388 3477 εἶτα
423 3424 758 3495 ἀπέσϐημεν,
795 3425 944 3476 οὐδὲν
996 3424 1139 3493 ἴχνος
1170 3424 1261 3477 τοῦ
1297 3440 1504 3495 προσκα

1840 3426 2095 3487 structio,
2124 3425 2261 3481 idem
2283 3441 2310 3479 e
2330 3424 2435 3478 vita
2465 3418 2643 3477 exitus
2664 3424 2731 3475 '°.
2757 3420 2949 3474 Omnia
2989 3421 3134 3475 enim
3167 3436 3319 3475 com-

21 3513 242 3565 τούτου
280 3513 594 3582 φυσήματος
624 3512 1008 3576 καταλιπόντες
1036 3511 1113 3582 τῷ
1141 3511 1261 3582 βίῳ.
1300 3514 1386 3566 Ἐν
1414 3516 1503 3584 στῆ

1824 3520 1914 3575 iita
1937 3518 2334 3583 dissolvuntur,
2375 3526 2430 3573 et
2463 3516 2531 3571 ad
2562 3516 2843 3573 interitum
2880 3515 3123 3570 veniunt.
3161 3513 3306 3568 Nihil

21 3604 126 3656 καὶ
170 3601 348 3665 λίθοις
394 3604 484 3655 καὶ
526 3604 855 3675 ἐπιγραφαῖς
888 3604 955 3658 τὰ
1003 3604 1341 3675 μνημόσυνα·
1386 3606 1477 3659 καὶ

1836 3628 1923 3665 um
1950 3626 2073 3681 quae
2105 3612 2267 3665 mista
2297 3618 2664 3679 concretaque
2697 3614 2846 3670 sunt,
2885 3621 3098 3676 semper
3127 3605 3316 3661 eodem

21 3695 225 3747 ταῦτα
256 3694 428 3746 εἰσαεὶ
468 3694 812 3766 διαρκοῦντα.
856 3696 1042 3749 Ταῦτα
1073 3697 1253 3750 τοίνυν
1286 3699 1378 3751 ἐπὶ
1408 3717 1502 3752 σεα

1836 3711 1884 3756 tu
1937 3711 2138 3757 manet.
2174 3701 2440 3772 Exiguum
2480 3700 2547 3754 ad
2587 3709 2805 3770 tempus
2833 3699 3105 3753 bullarum
3143 3700 3318 3753 instar

21 3784 420 3855 λογιζόμενος,
449 3784 543 3852 Μὴ
573 3788 1002 3854 ὑψηλοφρόνει,
1029 3787 1208 3852 καθώς
1233 3807 1395 3861 φησιν
1427 3794 1454 3843 ὁ
1486 3792 1503 3843 ’.

1832 3793 1951 3847 ritui
1981 3800 2170 3848 nostro
2192 3792 2599 3861 circumjectum
2629 3799 2713 3845 est
2740 3805 2960 3858 corpus.
2990 3788 3109 3843 Mox
3135 3797 3314 3849 autem

21 3877 265 3938 στόλος,
292 3876 451 3930 ἀλλὰ
473 3877 658 3944 ροϐοῦ
679 3893 691 3906 ·
722 3877 912 3947 ἄδηλον
938 3881 985 3930 εί
1018 3878 1092 3951 μὴ
1122 3881 1300 3950 σαυτῷ
1330 3881 1503 3951 νομοθι

1840 3884 2156 3951 tinguimur,
2193 3882 2344 3937 nullo
2393 3881 2555 3950 hujus
2597 3881 2828 3935 tumoris
2869 3881 2922 3933 in
2967 3880 3075 3933 vita
3122 3880 3317 3934 relicto

21 3970 141 4039 τὴν
178 3968 468 4037 ἀπήνειαν.
496 3966 739 4034 Φεύγεις,
775 3970 893 4022 εἰπέ
922 3987 1032 4039 μοι.
1062 3971 1150 4023 τὸν
1174 3973 1503 4044 ἀρῤωστήσα

1838 3975 1990 4044 ligio,
2032 3974 2086 4027 in
2113 3973 2402 4036 columnis,
2432 3982 2486 4027 et
2510 3970 2806 4047 lapidibus,
2834 3984 2886 4026 et
2920 3972 3089 4027 titulis
3123 3988 3317 4026 monu-

21 4062 102 4115 Τί
131 4059 395 4126 ἐγκαλεῖν
419 4058 577 4127 ἔχων;
606 4061 725 4112 Ὅτι
746 4060 1059 4133 διέφθαρται
1084 4064 1143 4114 τὸ
1165 4065 1327 4135 ὑγρὸν
1345 4066 1400 4117 ὲν
1424 4067 1503 4117 ὲκε

1837 4076 1954 4130 nta,
1992 4080 2055 4119 ac
2087 4080 2154 4120 ne
2200 4065 2287 4117 illa
2328 4065 2546 4133 quidem
2588 4066 2940 4132 sempiterna.
2992 4063 3118 4118 llme
3155 4065 3319 4133 igitur

21 4154 139 4207 καί
171 4168 262 4213 τις
294 4150 665 4221 σηπεδονιῦδης
698 4153 867 4221 χυμὸς
888 4155 1273 4226 ἐγκατεσπάρη
1305 4156 1384 4226 τῷ
1420 4158 1503 4227 αἵι.

1837 4174 1921 4212 um
1972 4158 2086 4227 ipse
2128 4165 2386 4227 reputans
2410 4197 2425 4221 ,
2469 4155 2597 4211 Noli
2636 4157 2801 4213 altum
2851 4172 3067 4224 sapere,
3100 4157 3319 4224 scripsit

21 4246 144 4308 τεῆς
196 4241 458 4312 μελαίνης
493 4242 653 4313 χολῆς
689 4243 766 4311 τῷ
790 4243 941 4314 ὑγρῷ
972 4246 1432 4318 παρεγχεθείσης;
1454 4249 1503 4300 Τι

1836 4250 2053 4315 astolns,
2085 4248 2173 4303 sed
2211 4250 2333 4303 time
2355 4248 2419 4300 '“.
2455 4247 2722 4303 Incertum
2744 4257 2855 4312 est,
2884 4264 2949 4303 an
2983 4250 3035 4303 in
3060 4258 3112 4303 te
3142 4250 3318 4318 ipsum

22 4357 50 4405 γ
71 4343 158 4406 ἀρ
208 4336 351 4391 ἔστιν
382 4334 577 4405 ἰατρῶν
609 4335 852 4401 ἀκούειν,
884 4337 1341 4406 φυσιολογούντων
1371 4338 1440 4392 τὰ
1467 4359 1504 4391 π

1834 4352 1952 4397 tuas
1981 4344 2200 4398 smvitiae
2240 4343 2431 4410 legem.
2470 4340 2920 4409 IEgrotantemne
2988 4341 3162 4411 fugis?
3200 4340 3316 4405 Dic,

22 4431 70 4480 Τ
80 4430 97 4481 ί
141 4421 248 4501 οὖν
300 4426 471 4483 ἀδικεῖ
510 4427 537 4478 ὁ
569 4426 871 4496 ἄνθρωπος,
907 4428 955 4479 εἰ
1001 4429 1199 4498 ρευστὴ
1241 4428 1396 4483 οὐσία
1428 4426 1504 4483 οὗ(

1837 4435 1959 4493 alio,
1991 4431 2183 4501 ecquid
2216 4440 2538 4505 praetexens,
2574 4430 2627 4483 id
2677 4430 2848 4484 facis?
2874 4431 2951 4483 An
2987 4431 3115 4499 quia
3147 4429 3198 4483 in
3228 4430 3319 4483 illo

23 4522 217 4589 φύσις
245 4516 339 4569 καὶ
372 4516 616 4580 ἅστατος,
652 4520 741 4569 ἐπὶ
766 4519 826 4569 τὸ
853 4514 989 4581 εἶδος
1015 4518 1170 4572 τοῦτο
1199 4520 1299 4590 τῆς
1328 4524 1505 4592 ἁῤῥωο

1842 4533 2033 4592 ruptus
2061 4531 2144 4578 est
2175 4523 2389 4587 humor,
2433 4531 2485 4577 et
2527 4519 2781 4590 putridns
2823 4520 3046 4589 quidam
3086 4536 3317 4585 succus,

25 4606 509 4681 παρωλίσοησεν;
542 4608 613 4659 Σὺ
642 4607 696 4658 δὲ
720 4608 817 4681 οὐχ
845 4609 974 4678 ὁρᾷς
1002 4609 1095 4660 καὶ
1114 4610 1205 4661 ἐπὶ
1233 4610 1341 4663 τῶν
1372 4611 1507 4678 ὑγια]

1838 4634 1854 4670 1
1885 4617 1989 4670 bile
2013 4631 2139 4670 cum
2168 4616 2285 4681 ipso
2320 4614 2548 4667 humore
2578 4612 2838 4677 confusa,
2890 4612 3211 4681 sanguinem
3238 4612 3320 4666 in-

23 4720 152 4755 των
194 4698 484 4767 σωμάτων,
521 4700 599 4751 ὅτι
628 4699 794 4759 τᾶλλα
826 4716 908 4761 τις
933 4698 1204 4763 εὐπαθῶν,
1238 4701 1482 4769 φλυκτίδι

1836 4705 1906 4759 it?
1935 4704 2042 4760 llas
2075 4704 2218 4759 enim
2246 4718 2442 4758 causas
2469 4702 2688 4767 medici,
2725 4716 2847 4754 cum
2880 4701 2945 4755 de
2971 4703 3175 4755 morbis
3206 4701 3318 4754 dis—

22 4796 213 4855 Ἀᾁκις
244 4790 277 4859 ἢ
314 4790 613 4862 ἁνθρακίῳ,
661 4789 693 4858 ἦ
732 4806 837 4840 τινι
863 4788 1086 4859 τοιούτῳ
1119 4791 1417 4861 συνηνέχθη
1453 4809 1504 4844 πε

1836 4807 1950 4860 unt,
1980 4792 2196 4849 afferre
2228 4795 2426 4851 solent.
2457 4792 2742 4859 Quodnam
2775 4792 2940 4862 igitur
2970 4799 3055 4846 est
3084 4791 3318 4845 hominis

26 4881 525 4952 ὲκθερμανθείσης
556 4880 696 4951 πέρα
724 4880 814 4934 τοῦ
847 4882 1050 4943 δέοντος
1083 4883 1212 4953 περὶ
1251 4883 1309 4935 τὸ
1346 4884 1508 4953 μέρος

1829 4903 1990 4950 men,
2041 4888 2085 4941 si
2126 4896 2335 4939 natura:
2380 4886 2603 4939 materia
2637 4884 2853 4937 mobilis
2890 4892 2941 4936 et
2989 4883 3307 4937 inconstans

27 4976 350 5047 ὑγρασίας,
395 4975 488 5029 καὶ
529 4977 617 5029 διὰ
645 4975 798 5028 τοῦτο
845 4976 1154 5047 φλεγμονὴν
1191 4995 1250 5030 τε
1292 4980 1384 5031 καὶ
1420 4978 1507 5049 ἔρε

1849 4978 1980 5033 illud
2020 4976 2360 5047 aegritudinis
2407 4991 2577 5047 genus
2627 4974 2893 5029 deﬂuxit?
2931 4972 3009 5025 Tn
3044 4988 3171 5026 vero
3209 4987 3315 5026 non

28 5072 137 5126 καί
173 5086 304 5123 τινα
334 5068 584 5139 πυαλώδη
618 5069 912 5138 διαφθορὰν
947 5068 1260 5140 παθούσης;
1291 5070 1355 5122 Τί
1382 5067 1510 5135 οὖν;

1841 5073 1926 5127 nis
1972 5072 2029 5124 in
2076 5070 2210 5138 ipsis
2252 5068 2417 5125 etiam
2460 5068 2757 5122 valentium
2808 5066 3133 5133 corporibus
3178 5080 3320 5132 saepe

32 5158 405 5228 πολεμοῦμεν
432 5158 509 5229 τῷ
538 5161 949 5231 ἀρρωστήσαντι
968 5161 1069 5230 τῆς
1103 5161 1303 5231 σαρκδς
1339 5162 1494 5232 μέρει

1834 5162 2080 5230 itingere,
2108 5172 2164 5213 ut
2192 5159 2283 5229 qui
2310 5170 2502 5217 caetera
2536 5174 2704 5213 sanus
2727 5166 2832 5219 est,
2867 5156 3316 5217 inﬂammatione,

30 5248 306 5305 ἐναντίον
335 5248 433 5318 μὲν
462 5244 573 5312 οὖν,
599 5250 741 5303 ἆπαν
760 5251 819 5303 τὸ
843 5251 1083 5319 ὑγιαῖνον
1106 5253 1197 5305 τοῦ
1224 5253 1475 5323 σώματος
1503 5272 1512 5304 τ

1836 5290 1839 5301 ,
1861 5251 2212 5314 carbunculo,
2234 5259 2326 5302 aut
2344 5249 2610 5318 ejusmodi
2634 5250 2815 5316 aliquo
2847 5246 3033 5299 morbo
3052 5245 3318 5314 corripia-

30 5342 146 5409 τὴν
186 5337 285 5390 τοῦ
312 5340 656 5409 νενοσηκότος
683 5341 953 5412 τρέπομεν
993 5343 1304 5414 θεραπείαν.
1333 5346 1507 5399 Οὑκοῦ

1835 5359 1858 5410 ν,
1881 5342 2104 5396 incensa
2140 5354 2303 5407 supra
2341 5353 2505 5408 quam
2539 5352 2676 5406 opus
2709 5337 2797 5399 sit,
2828 5335 2975 5389 circa
3013 5334 3317 5393 membrum

31 5433 101 5486 τὸ
137 5428 322 5493 ’ἐτάθος
354 5430 656 5500 βδελυκτόν.
684 5428 765 5485 Ἦ
790 5433 898 5505 γὰρ
926 5432 990 5487 ἂν
1014 5435 1109 5487 καὶ
1138 5437 1219 5503 ἐφ’
1249 5438 1281 5506 ἡ
1292 5435 1407 5504 μῶν
1434 5437 1513 5489 αὐε

1836 5446 1844 5487 L
1878 5441 2084 5503 partem
2128 5432 2362 5501 aliquam
2398 5430 2623 5483 materia
2665 5428 2885 5482 humida
2931 5435 2984 5485 et
3028 5427 3233 5483 idcirco
3263 5427 3318 5480 in

34 5524 142 5579 τοῦ
174 5522 383 5593 μέρους
414 5524 756 5592 πονὲσαντος,
788 5526 849 5579 τὸ
883 5527 1121 5595 ὑγιαῖνον
1158 5528 1504 5599 ὴλλοτριοῦτο

1837 5540 2014 5580 norem
2042 5566 2057 5590 ,
2098 5532 2152 5579 et
2190 5522 2445 5577 ruborem
2470 5558 2484 5583 ,
2529 5528 2581 5574 ct
2623 5518 2892 5587 putridam
2942 5518 3150 5581 saniem
3182 5532 3319 5573 con-

118 5703 170 5734 σε
208 5699 467 5767 Μαιιιωι,
502 5700 603 5767 22;
648 5701 778 5757 Luc.
823 5718 895 5768 vl,
933 5702 1023 5756 46.
1066 5719 1184 5773 sqq.
1264 5709 1308 5741 ⁷ο
1351 5706 1481 5776 Sap.
1522 5724 1595 5763 vn

823 5718 895 5768 vi,
933 5702 1023 5756 46.
1066 5719 1184 5773 sqq.
1264 5709 1308 5741 ⁷ο
1351 5706 1481 5776 Sap.
1522 5724 1618 5764 vn.
1667 5711 1722 5766 6.
1821 5708 1862 5740 ⁷¹
1908 5704 2065 5761 Rom-
2098 5718 2172 5769 Χπι
2213 5703 2282 5757 90
