3754 6292
523 285 626 340 485

1727 297 1786 354 S.
1821 299 2148 356 GREGORII
2211 302 2504 361 NYSSENI
3629 321 3668 370 ει.

522 399 706 452 versa?
723 396 951 463 Quando
978 401 1142 470 igitur
1164 405 1244 460 sic
1261 404 1435 462 aﬂ'ecti
1457 425 1668 472 sumus.
1695 427 1887 470 eamne
1909 415 2091 470 carnis

2193 418 2491 489 Θεραπείας
2517 419 2613 472 τοῦ
2657 419 2974 489 κάμνοντος.
3041 419 3204 472 Ἀλλὰ
3237 418 3328 481 τίς
3359 419 3500 471 ἐστιν
3527 425 3670 474 sitit.-

519 494 726 555 partem
763 499 1111 560 aagrotantem
1165 511 1502 566 aversantur,
1556 517 1625 557 an
1665 512 1857 558 contra
1909 509 2091 575 potius

521 577 756 646 reliquas
788 585 1035 652 corporis
1071 596 1253 654 partes
1287 605 1450 646 sanas
1483 608 1673 650 omnes
1708 595 1778 650 ad
1829 595 1977 651 illius
2010 599 2092 651 la-

517 667 766 726 borantis
799 676 1138 732 curationem
1182 685 1594 740 convertimus?
1639 686 1754 741 Non
1802 688 1969 759 igitur
1997 691 2094 745 de-

519 761 785 817 testabilis
812 773 895 820 est
924 769 1148 824 morbus
1175 790 1188 826 :
1221 773 1463 844 alioquin
1489 777 1542 830 in
1575 779 1732 833 nobis
1760 781 1922 834 etiam
1955 781 2091 851 ipsis

518 851 586 904 ab
619 868 680 906 ea
719 865 873 924 parte
905 861 1145 914 curanda
1171 902 1185 926 ,
1219 879 1341 932 quae
1371 867 1562 920 morbo
1588 868 1780 922 altecta
1809 879 1912 934 est,
1944 887 2092 927 sanat

519 949 700 1010 partes
741 947 1116 1005 abhorrerent.
1159 952 1296 1018 Quid
1333 972 1463 1026 ergo
1509 973 1608 1012 nos
1640 960 1708 1014 ab
1738 961 1842 1016 illis
1877 962 2090 1032 disjun-

518 1033 629 1100 git?
657 1037 784 1104 quid
821 1041 1034 1093 tandem
1067 1045 1192 1097 est?
1219 1046 1352 1100 Illud
1386 1049 1650 1117 profecto,
1689 1054 1836 1121 quod
1867 1071 1974 1108 non
2013 1057 2087 1109 ti-

517 1137 728 1180 memus
765 1127 941 1184 minas
985 1131 1151 1194 illius.
1185 1136 1277 1204 qui
1327 1138 1456 1192 dicit
1494 1156 1506 1192 :
1556 1140 1815 1197 Discedite
1849 1162 1880 1197 a
1917 1163 1997 1200 me
2037 1151 2092 1201 in

517 1211 688 1280 ignem
713 1223 1004 1273 aeternum:
1040 1231 1296 1290 quatenus
1321 1229 1458 1280 enim
1505 1233 1596 1282 uni
1625 1247 1690 1284 ea:
1719 1232 1798 1287 his
1833 1251 1934 1289 non
1970 1237 2092 1304 feci-

515 1303 632 1364 stis,
669 1321 761 1358 nec
789 1307 916 1361 mihi
946 1311 1162 1378 fecistis.
1201 1313 1255 1370 Si
1285 1319 1428 1372 enim
1461 1319 1576 1374 htec
1603 1323 1674 1376 ita
1711 1323 1912 1381 habere
1948 1303 2090 1382 arbi-

517 1399 810 1460 trarentur,
839 1415 1112 1470 nunquam
1147 1407 1339 1462 adduci
1364 1409 1417 1462 in
1449 1427 1566 1465 eam
1599 1419 1923 1470 sententiam
1963 1435 2090 1488 pos.

517 1491 657 1546 sent,
683 1495 740 1540 ut
773 1499 1096 1558 aegrotantes
1132 1511 1160 1550 a
1195 1513 1253 1552 se
1292 1501 1616 1569 repellerent
1637 1545 1651 1568 ,
1685 1522 1784 1561 nec
1810 1511 2086 1574 stmlium,

515 1577 658 1644 quod
719 1581 773 1636 in
825 1585 1174 1644 calamitosos
1227 1592 1656 1664 impenderetur,
1707 1603 1830 1656 vita:
1887 1615 2090 1662 nostra:

515 1671 824 1740 contagium
895 1677 1291 1738 existimarent.
1349 1686 1712 1752 Quamobrem
1771 1695 1818 1749 si
1875 1697 2084 1752 lidelem

2195 509 2305 562 τῶν
2337 509 2590 563 τοιούτων
2625 511 2768 579 ἡμᾶς
2791 507 3098 576 ἀφιστῶσα;
3127 509 3228 572 Τίς
3267 506 3446 577 αὖτης
3477 509 3540 560 Τὸ
3563 513 3614 580 μὴ
3633 533 3662 580 ςι
3693 517 3695 580 1

2197 599 2408 654 ϐεῖσθαι
2450 601 2548 670 τὴν
2579 569 2806 669 ἀντειλην
2840 569 2940 652 ’τοῦ
2989 569 3236 663 εἰπόντος
3259 639 3275 662 ,
3333 599 3418 651 ὅτι

2196 692 2296 745 ἀπ’
2324 692 2470 761 ἐμοῦ
2494 694 2580 756 εις
2603 691 2670 744 τὸ
2703 692 2822 760 πῦρ
2849 690 2915 744 τὸ
2943 690 3200 745 αἰώνιον·
3235 691 3336 758 ἐφ’
3359 689 3504 743 ὅσον
3527 693 3604 760 τόί
3623 705 3670 748 εξ·

2196 782 2518 850 ἐποιήσατε
2535 783 2625 836 ἐνὶ
2645 783 2892 846 τούτων,
2917 782 3100 852 φησὶν,
3121 782 3270 836 οὐδὲ
3289 781 3422 850 ἐμοὶ
3439 783 3670 848 ἐποιήσατε.
3694 831 3695 870 1

2197 875 2260 927 Εί
2303 875 2410 946 γὰρ
2441 874 2614 929 ταῦτα
2649 873 2821 938 οὕτως
2857 873 2997 944 ἔχειν
3029 872 3230 944 ᾣοντο,
3265 875 3376 925 ούκ
3421 873 3482 926 ἂν
3521 880 3662 946 ται-ζὴ
3694 883 3695 946 ἦ

2196 965 2353 1034 ἔσχον
2389 967 2517 1038 περὶ
2563 965 2670 1020 τῶν
2721 965 3142 1038 ἀρρωστούντων
3181 963 3442 1034 γνώμην,
3491 965 3600 1019 ῶττε
3627 975 3674 1020 ἐτ-

2194 1055 2450 1110 ωθεῖσθαι
2482 1056 2573 1126 ἀφ’
2599 1057 2824 1118 ἑαυτῶν,
2863 1056 2954 1108 καὶ
2980 1056 3254 1126 μολυσμὸν
3289 1055 3496 1108 οἴεσθαι
3513 1057 3584 1108 τοῦ
3605 1063 3676 1124 ᾐτε-

2195 1147 2352 1220 τέρου
2389 1149 2523 1219 βίου,
2555 1148 2652 1219 τὴν
2692 1150 2820 1219 περὶ
2860 1149 2988 1212 τοὺς
3017 1147 3558 1218 ταλαιπωρουμένους
3585 1167 3675 1202 3:..-

2194 1241 2310 1310 δήν.
2337 1239 2542 1294 Οὐκοῦν
2561 1242 2609 1293 εί
2639 1240 2826 1293 πιστὸν
2855 1239 3137 1310 ἡγούμεθα
3166 1239 3262 1291 τὸν
3287 1239 3652 1308 ἐπαγγειλάμεε

2195 1327 2544 1399 ἀντιληπτέον
2586 1329 2652 1382 ἂν
2688 1329 2772 1398 εἴη
2804 1327 2914 1380 τῶν
2941 1328 3187 1390 ἐντολῶν,
3239 1321 3321 1379 ὧν
3359 1329 3484 1381 ἄνευ
3523 1331 3597 1380 οὶκ
3619 1333 3670 1382 Ξττ

2194 1425 2301 1478 τῶν
2333 1425 2697 1493 ἐλπιζομένων
2729 1424 3042 1496 ἀξιωθῆναι.
3073 1425 3256 1487 Ξένος,
3289 1426 3388 1477 καὶ
3419 1427 3612 1493 τάξι-δὸς.
3633 1447 3676 1480 ιιι

2195 1517 2398 1588 τροφῆς
2426 1517 2626 1587 ἐνδεὴς,
2653 1517 2891 1571 ἀσθενῶν
2918 1519 3010 1570 καὶ
3029 1519 3446 1579 κατάκλειστος,
3475 1520 3554 1568 καὶ
3579 1537 3676 1574 trra

2197 1620 2278 1654 σοι
2308 1596 2461 1667 οὗτός
2490 1606 2653 1668 ἐστιν,
2702 1605 2799 1658 ὅσα
2839 1606 2898 1658 ἐν
2943 1604 3022 1676 τῷ
3063 1605 3394 1675 Εὐαγγελίῳ
3434 1607 3664 1676 nausia-.1

2195 1694 2396 1765 ἀλήτης
2427 1694 2522 1747 καὶ
2559 1695 2763 1764 γυμνὸς
2813 1696 3192 1766 περιέρχεται,-
3213 1697 3428 1767 γυμνὸς
3453 1699 3504 1751 δὲ
3533 1701 3602 1752 καὶ
3624 1703 3672 1753 τί.

2195 1785 2500 1846 ἀναγκαίων
2544 1786 2760 1846 ἐπιδεὴς
2777 1827 2792 1846 ,
2823 1787 2911 1839 διὰ
2938 1787 3036 1846 τὴν
3062 1788 3532 1842 ἐπακολουθοῦσαν
3553 1791 3610 1842 τῶ
3627 1811 3674 1844 τε·

3693 1513 3695 1664 Ν

513 1771 636 1811 eum
671 1760 763 1828 qui
789 1765 1070 1834 promisit,
1098 1770 1448 1843 arbitramur,
1478 1781 1748 1838 mandatis
1779 1783 1945 1852 illius,
1971 1788 2087 1843 sine

2190 1760 2500 1853 ἀναγκαίων
2544 1760 2760 1856 ἐστιϐεὴς
2777 1827 2792 1850 ,
2823 1760 2911 1839 δια
3062 1760 3532 1842 ἐπακολουθοῦσαν
3553 1791 3610 1860 τῷ
3627 1811 3674 1844 τε·

501 1849 712 1916 .quibus
754 1854 902 1920 digiti
943 1863 1228 1926 promissis
1273 1866 1394 1934 ejus
1444 1885 1564 1924 esse
1618 1888 1727 1928 non
1769 1891 2084 1945 possumus,

513 1939 970 2012 obtemperemus.
1001 1949 1230 2022 Hospes,
1259 1957 1460 2022 nudus,
1495 1959 1744 2034 indigens
1769 1939 1912 2032 cibo,
1939 1969 2088 2022 infir-

515 2034 732 2100 mus,in
775 2052 997 2096 carcere
1026 2043 1270 2109 clausus,
1302 2059 1356 2102 et
1388 2053 1571 2106 omnia
1609 2071 1728 2123 qua:
1755 2071 2086 2114 commemo-

515 2131 708 2178 rantur
755 2127 806 2178 iu
843 2126 1166 2200 Evangelia,
1203 2136 1258 2188 in
1297 2136 1400 2194 hoc
1434 2142 1636 2197 misero
1669 2145 1766 2200 tibi
1807 2151 2083 2218 proposita

515 2223 666 2268 sunt.
695 2216 874 2289 Vagus
911 2223 1130 2278 oberrat
1163 2235 1217 2280 et
1250 2229 1451 2298 nudus,
1483 2233 1754 2302 infirmus,
1787 2247 1837 2292 et
1867 2216 2085 2311 propter

517 2306 774 2376 inopiam,
814 2327 934 2380 quae
973 2317 1222 2372 morbum
1263 2319 1442 2390 ipsum
1491 2329 1866 2398 consequitur,
1901 2347 2080 2387 rerum

514 2413 679 2467 egens
743 2407 1195 2464 necessariarum.
1245 2413 1345 2478 Qui
1392 2417 1536 2470 enim
1585 2434 1684 2474 nec
1735 2420 1879 2475 domi
1923 2425 2084 2479 habet

521 2487 664 2539 unde
696 2488 890 2554 alatur,
927 2507 1025 2546 nec
1061 2496 1281 2553 aliunde
1313 2501 1496 2556 labore
1523 2514 1979 2577 potestquaastum
2004 2511 2082 2564 l'a-

514 2589 656 2638 cere,
695 2577 820 2631 huic
853 2581 1039 2650 utique
1067 2583 1260 2640 desunt
1289 2604 1350 2641 ea
1379 2629 1392 2651 ,
1427 2607 1548 2661 qua:
1577 2595 1699 2648 vitae
1739 2613 1869 2652 usus
1903 2602 2083 2669 requi-

515 2661 604 2714 rit.
661 2662 886 2721 Vinctus
926 2679 1104 2725 autem
1149 2683 1429 2744 propterea
1472 2689 1590 2744 est,
1622 2688 1877 2753 quoniam
1909 2661 2082 2746 morbi

514 2753 748 2810 vinculis
773 2761 1184 2831 constringitur.
1209 2764 1396 2838 Itaque
1424 2773 1810 2831 mandatorum
1839 2782 2080 2835 omnium

514 2859 782 2902 summam
805 2850 860 2904 in
884 2851 988 2907 hoc
1022 2857 1291 2926 expletam
1320 2861 1510 2926 habes,
1537 2873 1591 2918 ct
1617 2866 1796 2934 ipsum
1836 2871 2082 2926 omnium

515 2935 801 2994 Dominmn
825 2944 894 2996 ob
911 2959 974 2998 ea
995 2962 1115 3016 quae
1145 2950 1373 3020 benigne
1391 2953 1494 3023 ipsi
1517 2960 1856 3026 praestiteris,
1883 2963 2084 3017 obstri-

514 3040 660 3084 ctum
677 3042 730 3086 et
745 3033 1042 3103 obligatum
1059 3039 1124 3093 ".
1141 3039 1428 3112 Curigitur
1451 3045 1502 3098 in
1518 3055 1624 3102 tua:
1647 3051 1768 3103 vitae
1789 3053 2080 3114 perniciem

515 3119 705 3175 niteris
727 3121 868 3188 ?Qui
897 3125 1042 3178 enim
1065 3141 1244 3182 rerum
1269 3132 1509 3186 omnium
1535 3132 1820 3190 Dominum
1843 3139 2076 3194 amicum
2113 3102 2155 3158 ϐ

513 3208 716 3265 habere
749 3226 858 3266 non
893 3215 1031 3279 vult,
1072 3216 1118 3271 is
1163 3219 1266 3272 sibi
1317 3221 1433 3290 ipse
1477 3226 1658 3294 gravis
1684 3235 1768 3282 est
1803 3227 2077 3286 inimicus.

517 3298 982 3364 Quemadmodum
1026 3317 1204 3363 autem
1245 3312 1482 3366 mandati
1521 3316 1864 3372 observantia
1908 3323 2086 3377 conci-

517 3393 701 3456 liatur,
744 3395 826 3450 sic
875 3397 1218 3456 abalienatur
1249 3404 1592 3463 crudelitate.
1635 3411 1820 3464 Tollite
1851 3411 2083 3486 (inquit)

513 3483 698 3554 jugum
727 3503 893 3541 meum
911 3506 1064 3558 super
1087 3509 1174 3548 vos
1198 3495 1262 3547 ⁷³.
1287 3495 1660 3554 Mandatorum
1688 3502 2086 3560 observantiam

517 3575 708 3646 jugum
739 3582 1008 3649 appellat;
1050 3583 1262 3652 jubeuti
1298 3603 1606 3656 pareamus.
1660 3590 1968 3648 Elliciamur
1994 3597 2085 3664 ju-

521 3677 766 3724 mentum
799 3671 1026 3738 Christi,
1062 3676 1350 3734 induentes
1379 3681 1598 3735 vincula
1624 3683 1926 3742 cbaritatis.
1957 3688 2084 3744 Tale

515 3759 705 3831 jugum
745 3779 814 3818 ne
841 3764 1242 3832 detrectemus,
1279 3788 1346 3826 ne
1379 3776 1749 3844 excutiamus,
1779 3794 1946 3834 suave
1971 3789 2084 3845 est,

2190 1877 2270 1930 θει
2304 1879 2511 1933 πενίαν.
2562 1879 2620 1931 '0
2651 1879 2756 1949 γὰρ
2803 1880 2936 1952 μήτε
2971 1898 3022 1932 τι
3059 1880 3166 1933 τῶν
3195 1881 3420 1933 οἴκοθεν
3447 1881 3580 1951 ἔχων,

2191 1969 2456 2039 μισθωτὸς
2489 1970 2738 2037 γενέσθαι
2783 1970 3097 2040 δυνάμενος,
3151 1972 3210 2036 ἐξ
3265 1973 3512 2042 ἀνάγκης
3547 1975 3674 2030 πάντα

2186 2059 2386 2132 ἄπορος
2423 2060 2530 2112 τῶν
2566 2060 2698 2130 πρὸς
2722 2059 2819 2130 τὴν
2849 2062 2993 2132 ζωὴν
3023 2061 3354 2132 ἐπιτηδείων
3381 2063 3536 2117 ἐστίν’
3555 2064 3674 2134 δεῖμεν

2186 2087 2384 2132 αῐιυμυς,
2423 2087 2530 2112 ἰων
2566 2087 2696 2130 προς
2722 2087 2819 2130 την
2849 2087 2992 2132 θυωην
3023 2087 3354 2132 cunque.th
3381 2087 3536 2117 επινι-
3555 2087 3674 2134 τεῖρε

2185 2165 2284 2218 της
2339 2165 2398 2200 τε
2453 2148 2558 2201 ὑπὸ
2607 2149 2708 2220 τῆς
2755 2151 3068 2221 ἀρρωστίας
3107 2151 3506 2222 πεπεδημένος.
3547 2155 3670 2207 057452.

2183 2241 2302 2292 ὅλον
2339 2241 2399 2292 τὸ
2427 2241 2697 2312 πλήρωμα
2725 2243 2833 2296 τῶν
2867 2243 3097 2297 ἐντολῶν
3128 2247 3186 2299 ἐν
3211 2245 3432 2312 τούτοις
3459 2245 3580 2317 ἔχεις

2187 2331 2278 2400 ρού
2289 2347 2470 2402 μενον,
2492 2295 2582 2385 κ’ἑιι
2603 2295 2764 2386 αὐτὸν
2782 2295 2872 2386 τον
2889 2334 2999 2386 τῶν
3015 2335 3150 2387 ὅλων
3167 2335 3383 2406 Κύριον
3397 2295 3624 2406 ύπύὶρεὸιν
3637 2355 3670 2388 :-.
3693 2295 3695 2400 ί

2181 2424 2270 2477 διὰ
2311 2425 2410 2494 τῆς
2443 2425 2520 2488 είς
2549 2425 2733 2478 τοῦτον
2783 2424 3190 2495 φιλανθρωπίας
3234 2427 3538 2496 γινόμενον.
3563 2427 3672 2479 Tit}.

2183 2515 2500 2582 φιλονεικεῖς
2516 2517 2658 2570 κατὰ
2670 2516 2768 2586 τῆς
2784 2515 2918 2578 ἰδίας
2939 2517 3103 2586 ζωῆς
3121 2517 3193 2570 Τὸ
3203 2518 3320 2589 γὰρ
3339 2519 3562 2571 σύνοικον
3573 2521 3666 2571 ἐκεῖ

2181 2607 2270 2659 τὸν
2296 2607 2426 2659 Θεὸν
2447 2607 2554 2660 τῶν
2571 2605 2706 2660 ὅλων
2731 2607 2804 2679 μὴ
2822 2607 3072 2676 ἐθελῆσαι
3087 2609 3252 2678 ἔχειν,
3277 2610 3434 2662 οὐδὲν
3451 2611 3560 2664 ἄλλο

2182 2696 2214 2766 ἢ
2247 2697 2366 2749 καθ’
2395 2697 2585 2750 ἐαυτοῦ
2611 2715 2730 2750 τινα
2757 2699 2973 2770 ἰσχυρὸν
2992 2699 3269 2768 γενέσθαι.
3315 2701 3408 2764 Ὠς
3431 2702 3528 2770 γὰρ
3545 2702 3606 2752 διὰ
3623 2703 3668 2758 τές
3694 2695 3695 2716 ἦ

2183 2789 2401 2860 ἐντολῆς
2439 2789 2817 2853 είσοικίζεται,
2871 2790 3012 2844 οὕτω
3061 2791 3146 2844 διὰ
3191 2791 3298 2860 τῆς
3351 2793 3672 2861 ἁτηνεὶαςὰτπ

2183 2879 2487 2948 χωρίζεται.
2521 2881 2754 2948 Ἄρατε,
2789 2881 2938 2951 φησὶ,
2977 2881 3083 2934 τὸν
3121 2882 3304 2952 ζυγόν
3327 2901 3450 2952 μου
3473 2881 3664 2952 ἐφ’ίιμές·

2184 2971 2344 3039 ζυγὸν
2373 2972 2428 3024 δὲ
2467 2971 2634 3040 λέγει,
2664 2973 2762 3044 τὴν
2787 2974 2893 3026 τῶν
2921 2974 3144 3026 ἐντολῶν
3167 2976 3458 3045 ἐργασίαν.
3491 2975 3666 3026 Tum

2191 3075 2371 3128 σωμεν
2398 3059 2474 3129 τῷ
2505 3060 2806 3122 κελεύοντι,
2843 3060 3128 3132 γενώμεθα
3157 3063 3252 3116 τοῦ
3297 3063 3526 3134 Χριστοῦ
3551 3063 3668 3124 tinfi-
3694 3079 3695 3116 1

2187 3168 2321 3218 γιον,
2348 3155 2466 3215 ταῖς
2497 3153 2747 3220 ζεύγλαις
2777 3156 2876 3224 τῆς
2907 3155 3125 3227 ἀγάπης
3161 3157 3400 3218 ἐαυτοὺς
3423 3157 3660 3225 ἐνδήσαντες

2187 3241 2276 3310 Μὴ
2301 3241 2716 3313 ἀποσεισώμεθα
2739 3245 2828 3296 τὸν
2849 3246 3088 3298 τοιοῦτον
3119 3245 3308 3313 ζυγόν·
3335 3249 3554 3318 χρηστός
3575 3249 3658 3298 ἐπ..

2189 3331 2419 3402 ἐλαφρός
2454 3335 2620 3386 ἐστιν’
2645 3335 2706 3386 οὐ
2735 3335 2908 3406 τρίϐει
2939 3337 3029 3388 τὸν
3061 3337 3262 3406 αὐχένα
3295 3338 3392 3390 τοῦ
3431 3337 3666 3394 ὑπελθόντες.

2191 3422 2324 3474 ἀλλὰ
2343 3423 2560 3476 λεαίνει.
2583 3425 2918 3492 Σπείρωμεν
2931 3428 3024 3480 ἐπ’
3047 3429 3380 3498 εὐλογίαις,
3405 3429 3550 3498 φησιν
3567 3427 3670 3479 illn-

2191 3511 2280 3574 λος
2300 3553 2315 3576 ,
2357 3514 2456 3566 ἵνα
2488 3514 2588 3577 καὶ
2628 3516 2720 3568 ἐπ’
2758 3519 3059 3586 εὐλογίαις
3100 3521 3452 3588 θερίσωμεν.
3499 3519 3670 3582 [latim

2187 3604 2383 3673 στάχυς
2416 3606 2479 3657 ἐκ
2509 3607 2610 3676 τῆς
2645 3607 2896 3678 τοιαύτης
2929 3610 3330 3682 ἀναϐλαστήσει
3365 3614 3570 3681 σπορᾶς.
3593 3609 3668 3660 liti;

2184 3693 2294 3746 τῶν
2327 3696 2556 3748 ἐντολῶν
2586 3699 2678 3750 τοῦ
2713 3701 2916 3771 Κυρίου
2961 3702 3022 3754 τὸ
3050 3701 3218 3773 λήϊονο
3251 3703 3442 3774 ὑψηλὰ
3465 3703 3522 3754 τὰ
3543 3701 3670 3768 vim}

2193 3784 2378 3852 λογίας
2411 3789 2750 3858 γεννήματα.

520 3855 634 3909 leve
654 3866 754 3910 est.
780 3855 1071 3916 Subeuntis
1094 3864 1358 3919 cervicem
1387 3883 1494 3922 non
1520 3872 1722 3934 atterit,
1755 3873 1848 3927 sed
1873 3874 2160 3930 demulcet.
2207 3877 2531 3934 Seminemus
2589 3884 2642 3936 in
2687 3883 3148 3950 benedictionibus,
3208 3887 3396 3958 inquit
3455 3889 3668 3955 Apostoirs

519 3958 576 4000 ut
615 3951 776 4003 etiam
817 3952 872 4006 in
911 3953 1351 4014 benedictionibus
1399 3971 1655 4019 metamus
1680 3967 1746 4021 ⁷⁸.
1801 3967 2080 4039 Multiplex
2120 3973 2268 4042 spica
2295 3991 2360 4029 ex
2398 3977 2487 4029 tali
2519 3987 2760 4032 semente
2793 3979 3096 4049 pullulahit.
3128 3985 3326 4053 Ampla
3407 3995 3486 4039 est

521 4041 902 4098 mandatorum
937 4062 1112 4116 seges,
1149 4051 1411 4108 sublimes
1441 4055 1838 4113 benedictionis
1863 4063 2085 4132 stirpes.

591 4135 1024 4210 Visintelligere,
1061 4143 1118 4198 in
1142 4155 1402 4215 quantam
1438 4149 1778 4206 altitudinem
1801 4157 2092 4209 extollatur

520 4227 712 4282 harum
746 4231 1000 4301 stirpium
1043 4234 1469 4293 incrementum?
1515 4243 1666 4312 Ipsos
1695 4247 1819 4300 caeli
1850 4249 2084 4302 vertices

521 4321 815 4390 attingunt.
847 4325 1122 4395 Quidquid
1151 4331 1293 4384 enim
1323 4332 1377 4384 in
1408 4333 1504 4388 hos
1536 4338 1850 4400 contuleris,
1881 4340 1932 4392 in
1964 4341 2089 4394 cuni

521 4409 794 4468 thesauris
828 4417 1106 4472 conditum
1155 4421 1420 4479 invenies.
1472 4425 1552 4480 Ne
1604 4427 1816 4483 dillidas
1851 4430 1917 4485 iis
1967 4445 2088 4500 quae

520 4501 668 4556 dicta
711 4513 860 4566 sunt.
903 4523 1036 4564 neve
1069 4510 1260 4566 horum
1301 4515 1592 4571 amicitiam
1637 4522 2086 4576 contemnendam

521 4600 700 4661 putes.
755 4595 944 4652 Manus
975 4601 1192 4668 quidem
1226 4605 1468 4672 ipsorum
1500 4619 1626 4664 sunt
1655 4611 1941 4678 mutilatae,
1989 4615 2084 4668 sed

2193 4609 2390 4677 φιλίαν.
2433 4609 2498 4661 Ἠ
2541 4611 2660 4682 χεὶρ
2697 4588 3143 4684 ἠκροτηρίασται,
3343 4623 3406 4674 οὐ
3441 4623 3558 4693 :96;

521 4685 586 4736 ad
620 4684 896 4743 ferendum
926 4693 1186 4746 auxilium
1215 4711 1320 4750 non
1343 4697 1643 4754 imbecilla.
1671 4699 1841 4757 Pedes
1867 4705 2086 4762 inutiles

518 4775 694 4832 ell‘ecti
727 4789 875 4846 sunt,
904 4784 997 4837 sed
1033 4799 1254 4842 currere
1282 4787 1348 4843 ad
1376 4788 1543 4844 Deum
1573 4807 1682 4846 non
1705 4795 2084 4863 proltibentur.

522 4865 698 4924 Efﬂuit
729 4870 820 4924 lux
850 4874 1129 4928 oculorum
1152 4916 1166 4940 ,
1207 4880 1300 4933 sed
1330 4881 1512 4936 animo
1554 4893 1784 4938 cernunt
1821 4887 1910 4941 illa
1943 4889 2084 4944 bona

517 4977 640 5029 quae
665 4964 948 5019 oculorum
976 4968 1120 5022 acies
1143 4970 1340 5026 intueri
1361 4987 1468 5028 non
1495 4985 1694 5044 potest.
1723 4977 2086 5043 Quamobrem

518 5055 766 5122 corporis
794 5055 1192 5114 deformitatem
1223 5077 1291 5118 ne
1323 5063 1615 5134 despicias.
1660 5067 1961 5140 Parumper
1994 5087 2088 5127 ex-

519 5153 722 5210 specta,
756 5152 811 5198 et
847 5147 992 5214 quod
1031 5159 1250 5218 superet
1293 5154 1472 5208 omnis
1501 5155 1752 5210 miraculi
1785 5157 1964 5222 ﬁdem,
2005 5161 2091 5214 in-

520 5233 781 5289 tueberis.
813 5234 933 5290 Non
963 5240 1106 5293 enim
1135 5257 1474 5313 quaecunque
1503 5248 1742 5302 materiae
1769 5248 1926 5305 ﬂuxa:
1955 5267 2087 5305 cou-

518 5321 756 5392 tingnnt,
783 5327 970 5382 eadem
999 5331 1053 5384 in
1085 5341 1402 5401 perpetuum
1439 5349 1691 5402 manent;
1731 5341 1822 5396 sed
1869 5343 2088 5411 quando

520 5415 699 5468 anima
725 5419 888 5488 hujus
915 5421 1106 5478 caduci
1139 5428 1448 5497 terrenique
1467 5430 1709 5486 carceris
1739 5447 1878 5487 nexu
1911 5435 2088 5489 soluta

523 5515 626 5570 est,
662 5515 792 5564 tunc
825 5517 1040 5583 prapria
1085 5519 1331 5587 splendet
1373 5521 1797 5590 pulchritudine.
1851 5523 1963 5580 Hoc
1990 5541 2088 5580 au-

2265 4153 2452 4207 Βούλει
2483 4157 2673 4225 μαθεῖν
2703 4159 2779 4224 είς
2805 4159 2926 4212 ὅσον
2965 4162 3310 4218 ἀνατείνεται
3347 4168 3476 4239 ὕψος
3507 4171 3670 4236 τῶν

2193 4245 2448 4315 νημάτων
2477 4245 2786 4318 ήαΰξησις;
2811 4249 2996 4302 Αὐτῶν
3021 4251 3130 4304 τῶν
3153 4253 3426 4325 οὐρανίων
3461 4259 3670 4329 mugitu

2193 4335 2513 4403 ἐφάπτεται.
2550 4337 2689 4389 Ὅσα
2715 4338 2820 4409 γὰρ
2845 4339 2910 4394 ἂν
2935 4340 3142 4406 τούτοις
3175 4348 3444 4422 ποιήσῃς,
3469 4353 3560 4412 τοῖς
3577 4351 3668 4418 oin.

2191 4426 2323 4488 νίοις
2345 4425 2635 4498 θησαυροῖς
2659 4435 3040 4502 καρποφορεῖς.
3059 4435 3149 4505 Μὴ
3168 4437 3475 4512 ἁπελπίσῃς
3487 4441 3574 4494 τῶν
3589 4443 3670 4504 λετ-τ

2196 4517 2389 4586 μένων·
2443 4519 2516 4588 μὴ
2559 4519 3030 4591 εὐκαταφρόνητον
3050 4523 3237 4598 λογίσῃ
3256 4529 3374 4582 τῶν
3399 4531 3608 4584 eomde
3623 4531 3668 4590 τὴι

2195 4701 2413 4770 μαχίαν.
2453 4701 2511 4754 '0
2555 4703 2688 4766 ποῦς
2714 4705 3025 4775 ἠχρείωται,
3069 4709 3206 4762 ἀλλὰ
3248 4713 3390 4781 πρὸς
3420 4715 3502 4765 τὸν
3523 4712 3618 4764 Θεὸν
3639 4713 3668 4760 τὲ

2191 4792 2454 4846 κωλύεται
2481 4795 2714 4865 τρέχειν.
2759 4797 2818 4850 Ὀ
2841 4797 3116 4869 ὀφθαλμὸς
3139 4801 3398 4874 ἐξερῥύη,
3555 4805 3666 4873 {li-£2.

2189 4883 2276 4948 διὰ
2305 4885 2404 4953 τῆς
2425 4885 2604 4956 ψυχῆς
2628 4887 2697 4939 τὰ
2738 4889 2918 4956 ἀγαθὰ
2948 4891 3016 4943 τὰ
3039 4891 3264 4948 ἀθέατα.
3307 4899 3402 4968 Μὴ
3441 4898 3588 4950 τοίνυν
3615 4911 3666 4958 τπι

2189 4977 2464 5048 ἀμορφίαν
2491 4979 2740 5032 κατανόει
2777 4979 2868 5032 τοῦ
2899 4982 3166 5052 σώματος.
3200 4985 3415 5059 Μικρὸν
3439 4989 3662 5058 divine-ra.

2192 5071 2286 5123 nati.
2305 5071 2424 5140 ὄψει
2445 5072 2508 5124 τὸ
2528 5073 2724 5136 παντὸς
2750 5073 3023 5143 θαύματος
3041 5078 3418 5152 ἀπιστότερον.
3438 5083 3504 5134 Uti
3523 5081 3600 5150 γὰρ
3613 5081 3664 5130 Et:

2193 5163 2320 5232 περὶ
2337 5161 2438 5230 τὴν
2459 5163 2688 5234 ῥευστὴν
2715 5165 2874 5232 φύσιν
2903 5167 3238 5240 συμϐέϐηκε,
3268 5173 3438 5226 ταῦτα
3463 5177 3540 5227 καὶ
3562 5175 3662 5224 εἰπε.

2192 5254 2512 5324 παραμένει.
2559 5255 2698 5307 Ἀλλ’
2721 5258 2848 5310 ὅταν
2872 5257 3204 5333 ἐλευθερωθῇ
3231 5264 3334 5334 τῆς
3355 5267 3482 5334 πρὸς
3503 5267 3548 5318 τε)
3567 5263 3660 5330 gin-

2193 5344 2284 5396 τόν
2309 5361 2368 5396 τε
2411 5345 2506 5397 καὶ
2541 5346 2726 5416 γήϊνον
2757 5347 3072 5420 συμπλοκῆς
3111 5353 3143 5422 ἡ
3181 5353 3351 5426 ψυχὴ,
3377 5358 3488 5410 τότε
3601 5355 3640 5404 ἐξ..

2193 5436 2379 5489 κάλλει
2421 5438 2794 5509 ἐνωραῖζεται.
2841 5441 3150 5513 Τεκμήριον
3185 5445 3273 5511 δὲ,
3307 5449 3409 5502 οὐκ
3445 5445 3656 5508 ἑϐδελύξκει

2193 5529 2286 5582 τοῦ
2311 5529 2527 5600 πτωχοῦ
2555 5531 2653 5601 τὴν
2681 5535 2836 5605 χεῖρα
2865 5533 3000 5605 μετὰ
3027 5536 3118 5588 τὸν
3143 5536 3258 5606 βίον
3279 5539 3460 5596 τοῦτον
3483 5543 3508 5595 ὁ
3534 5553 3656 5610 rp???
3689 5529 3696 5674 1

591 5694 637 5726 ⁷³
691 5695 851 5752 Prov.
899 5717 1012 5766 xix,
1041 5701 1124 5757 Π.
1201 5707 1246 5738 ⁷³
1281 5705 1468 5762 Matth.
1503 5724 1582 5777 Il,
1618 5709 1709 5764 29.
1787 5711 1831 5743 ⁷³
1881 5711 1924 5768 ll
1958 5713 2085 5769 Cor.

2190 5715 2287 5783 ,6.
