3754 6292
25 294 122 346 ιδῗί

1173 299 1260 355 DE
1301 300 1736 360 PAUPERIBUS
1763 308 2083 365 AMANDIS.

3186 320 3288 373 486

26 406 112 472 ’ἧς
160 409 384 472 ἐκεῖνος
427 411 694 476 πλούσιος·
725 414 839 469 ἀλλ’
865 417 1015 484 ἠξίου
1056 421 1306 486 γενέσθαι
1345 424 1495 494 αὑτῷ
1531 425 1603 478 τόε

1781 446 1830 482 m
1865 432 1945 484 vel
1990 431 2115 485 inde
2155 433 2434 500 conjicilo,
2467 435 2612 503 quod
2660 450 2781 503 poSt
2813 435 2952 489 hanc
2986 435 3148 490 vitam
3180 453 3287 492 non

25 512 150 549 τοτε
181 494 508 572 διεφθορότα
533 503 626 556 τοῦ
651 505 864 576 πτωχοῦ
884 507 1165 573 δάκτυλον,
1187 513 1283 584 τῆς
1306 514 1396 566 τοῦ
1423 513 1613 579 ὓδατος

25 591 299 655 νταγόνος
337 592 610 646 διάκονον·
653 597 934 668 ἐπιθυμῶν
967 601 1102 671 αὐτῇ
1149 606 1215 673 τῇ
1259 603 1479 678 γλώσσῃ
1517 607 1615 677 τὴν

25 680 148 747 ’.περὶ
198 682 302 736 τὸν
343 683 602 738 δάκτυλον
643 688 843 755 ίκμόιδα
889 691 980 743 τοῦ
1015 693 1230 763 πτωχοῦ
1287 695 1605 766 περιλάψαγ

25 771 114 822 ιύκ
154 772 233 826 ἂν
281 775 435 828 τοῦτο
488 777 861 848 ἐπιθυμήσας,
906 783 952 834 εί
1001 783 1098 854 τὴν
1124 787 1188 838 ἐκ
1233 785 1326 838 τοῦ
1365 787 1615 859 σώματος

25 862 224 932 ιηδίαν
259 866 337 937 τῷ
366 873 668 940 χαρακτῆρι
705 872 805 941 τῆς
830 873 1008 944 ψυχῆς
1039 875 1266 948 ἐνεώρα.
1303 880 1438 932 Ὅσα
1469 881 1615 945 είκὸς

25 952 76 1024 ᾖν
117 959 314 1026 μάτην
350 959 664 1029 παλινῳδεῖν
708 964 766 1015 ἐν
801 967 864 1035 τῇ
919 967 1184 1039 μεταϐολῇ
1233 971 1325 1023 τοῦ
1376 971 1491 1041 βίου
1523 973 1614 1025 τὸν

25 1043 311 1099 τλούσιον·
348 1047 486 1100 πόσα
519 1051 840 1122 μακαρίζειν
858 1055 953 1123 τῆς
971 1057 1027 1108 ἐν
1052 1060 1116 1128 τῇ
1153 1057 1266 1131 ζωῇ
1296 1061 1466 1134 ταύτῃ
1489 1063 1613 1116 δυσ-

25 1137 264 1206 ιληρίας
290 1139 380 1193 τὸν
407 1140 609 1209 πένητα
635 1159 649 1173 ο
682 1143 822 1196 πόσα
871 1149 1318 1218 καταμέμφεσθαι
1351 1153 1449 1224 τὴν
1491 1157 1615 1207 ἐαυ-

25 1225 106 1277 τοῦ
139 1226 333 1297 λῆξιν,
368 1229 443 1293 ὡς
472 1230 562 1283 ἐπὶ
601 1232 754 1302 κακῷ
782 1235 878 1306 τῆς
923 1235 1102 1307 ψυχῆς
1133 1241 1613 1314 ἀποκληρωθεῖσαν

127 1319 359 1391 πλούτῳ
383 1337 397 1352 ·
427 1324 476 1375 εί
513 1323 569 1376 δὲ
611 1325 673 1394 δὴ
704 1327 796 1380 καὶ
841 1329 1134 1384 ἀναϐιῶναι
1174 1334 1333 1388 πάλιν
1364 1335 1510 1408 ἐξῆν,
1555 1340 1612 1392 ἐν

25 1412 158 1463 τίσιν
194 1413 272 1465 ἂν
304 1414 518 1479 ἐδέξατο
546 1417 704 1471 πάλιν
732 1420 1018 1488 γενέσθαι;
1060 1419 1184 1495 ’Ἆρ’
1226 1430 1284 1480 ἐν
1325 1431 1436 1493 τοῖς
1471 1431 1612 1485 κατὰ

25 1502 100 1554 τὸν
131 1502 260 1571 βίον
283 1503 468 1557 τοῦτον
492 1506 917 1576 εὐδαιμονοῦσιν,
944 1509 976 1579 ἦ
1003 1512 1429 1584 δυσκληροῦσιν;
1470 1517 1610 1572 Ἀλλ’

25 1594 112 1646 οὐκ
149 1595 359 1666 ἄδηλον
387 1597 467 1649 ὅτι
508 1600 840 1669 προετίμησε
890 1601 1000 1654 τῶν
1039 1604 1487 1677 δυσημεροῦντων
1520 1609 1610 1663 τὸν

25 1686 246 1756 ιλῆρον.
311 1689 476 1753 Ἀξιοί
519 1691 624 1761 γὰρ
657 1692 903 1758 γενέσθαι
940 1697 1180 1767 μηνυτὴν
1220 1701 1330 1762 τοῖς
1363 1701 1609 1770 ἀδελφοῖς

1717 520 1965 589 despexit
2013 525 2265 593 pauperis
2325 541 2543 579 manum
2592 528 2925 596 voluptarius
2978 529 3067 582 ille
3114 528 3285 596 dives,

1715 614 1848 681 quin
1895 614 2056 667 etiam
2105 617 2344 684 optavit,
2394 626 2470 679 ut,
2508 618 2601 686 qui
2635 619 2760 672 olim
2807 629 3098 690 corruptus
3149 629 3284 682 erat,

1719 706 1972 772 pauperis
2029 707 2264 776 digitus,
2317 709 2421 762 sibi
2469 725 2622 778 aqua:
2669 719 2875 779 guttam
2929 715 3282 777 ministraret,

1718 796 1947 864 cupiens
1991 797 2104 864 ipsa
2144 797 2326 868 lingua
2371 799 2662 852 stillantem
2700 802 2871 869 ipsius
2909 803 3133 872 digitum
3178 806 3286 856 cir-

1720 885 2173 946 cumlambere",
2217 886 2270 939 id
2305 889 2618 956 neutiquam
2653 888 3084 956 desideraturus,
3128 893 3173 946 si
3217 910 3280 948 ex

1716 987 1948 1041 corpore
1988 975 2392 1043 provenientem
2435 978 2642 1031 tristem
2698 979 2842 1031 illam
2889 983 3282 1050 turpitudinem

1719 1066 1773 1119 in
1801 1067 1996 1122 animae
2027 1082 2242 1137 quoque
2269 1068 2440 1121 forma
2475 1071 2868 1139 conspexisset.
2895 1073 3065 1137 Quam
3118 1077 3282 1130 multa

1715 1158 1770 1211 in
1801 1175 1862 1213 ea
1892 1159 2015 1212 vitae
2047 1161 2474 1216 commutatione
2514 1163 2806 1217 verisimile
2829 1173 2912 1217 est
2951 1166 3164 1219 divitem
3205 1184 3283 1222 re-

1715 1251 2007 1305 cantasse?
2047 1250 2221 1317 Quam
2270 1253 2458 1307 multis
2501 1254 2810 1308 nominibus
2839 1256 3054 1310 beatum
3094 1259 3284 1313 existi-

1714 1357 1896 1397 masse
1927 1357 2217 1412 pauperem
2267 1344 2417 1396 illum
2456 1356 2674 1415 propter
2731 1349 3031 1417 angustias,
3082 1352 3280 1418 quibus

1711 1447 2010 1502 oppressus
2038 1432 2214 1488 fuerat
2237 1433 2289 1487 in
2322 1435 2422 1488 hac
2459 1437 2606 1489 vita?
2627 1437 2770 1502 Quot
2800 1439 2976 1493 modis
3006 1441 3278 1495 fortunam

1712 1540 1887 1588 suam,
1925 1525 2014 1578 cui
2060 1525 2115 1578 in
2147 1526 2440 1595 perniciem
2475 1530 2670 1583 animae
2715 1531 2920 1586 divitia:
2979 1533 3117 1587 datae
3163 1534 3276 1588 fue-

1710 1624 1856 1678 rant,
1905 1617 2250 1674 incusasse?
2322 1619 2476 1684 Quod
2533 1623 2575 1674 si
2633 1623 2959 1680 reviviscere
3009 1627 3274 1689 licuisset,

1713 1710 1970 1779 quidnam
2002 1711 2125 1764 data
2156 1713 2374 1782 optione
2399 1712 2570 1768 fuisse
2593 1715 2817 1770 creditis
2842 1717 3182 1772 eiecturum?
3218 1719 3277 1773 lu

25 1794 70 1828 .κ
109 1776 230 1829 τῶν
267 1779 477 1850 νεκρῶν
514 1782 652 1834 τινα·
687 1784 763 1845 ῶς
791 1783 856 1836 ἂν
903 1786 976 1856 μὴ
1018 1789 1254 1842 κάκεῖνοι
1295 1794 1358 1861 τῇ
1405 1793 1603 1865 ὑπερη-

1785 1815 1977 1854 rumne
2017 1816 2137 1855 esse
2177 1817 2426 1865 numero,
2468 1804 2558 1871 qui
2602 1804 2655 1857 in
2695 1805 2794 1858 hac
2838 1808 2942 1859 vita
2977 1808 3118 1861 beati
3151 1825 3278 1863 cen-

25 1870 186 1940 ρανίᾳ
226 1871 328 1923 τοῦ
367 1872 594 1926 πλούτου
625 1874 928 1943 βλαϐέντες,
971 1881 1028 1931 ἐν
1052 1883 1116 1950 τῇ
1146 1887 1320 1954 τρυφῇ
1352 1886 1448 1955 τῆς
1471 1905 1607 1958 σαρ-

25 1959 102 2021 to;
131 1960 232 2012 ἐπὶ
257 1961 319 2013 τὸ
345 1963 474 2015 αὐτὸ
495 1964 678 2033 χάσμα
703 1965 795 2019 τοῦ
826 1967 950 2038 ᾅδου
980 1973 1361 2042 κατενεχθῶσι,
1391 1975 1478 2028 διὰ
1509 1977 1605 2031 τοῦ

25 2050 156 2104 .είου
202 2053 310 2123 τῆς
343 2055 533 2125 ἡδονῆς
569 2056 970 2129 ὀλισθήσαντες.
1015 2063 1079 2115 Τί
1126 2060 1217 2117 οὖν
1248 2067 1308 2118 ού
1342 2084 1610 2140 σωφρονι-

25 2142 226 2210 ζόμεθα
258 2148 373 2209 τοῖς
389 2147 649 2212 τοιούτοις
674 2149 782 2202 τῶν
802 2150 1152 2222 διηγημάτων
1177 2175 1191 2220 ;
1216 2159 1281 2210 Τί
1307 2160 1405 2213 οὐκ
1435 2163 1608 2232 ἐμπο-

25 2235 296 2304 ιευόμεθα
314 2237 413 2308 τὴν
429 2239 597 2308 καλὴν
621 2242 907 2312 ἐμπορίαν,
935 2246 999 2315 ἢν
1031 2247 1384 2317 συμϐουλεύει
1411 2255 1438 2305 ό
1465 2253 1606 2319 θεῖος

25 2326 387 2391 Ἀπόστολος;
422 2329 491 2383 Τὸ
532 2330 697 2398 ὑμῶν
733 2335 1142 2405 περίσσευμα,
1189 2342 1374 2410 φησὶν,
1401 2347 1490 2410 είς
1538 2346 1604 2400 τό

25 2419 269 2471 ἓκείνων
295 2421 605 2490 ὑστέρημα
628 2441 639 2452 ο
673 2423 754 2488 ὼς
786 2424 862 2477 ἂν
895 2426 960 2479 τὸ
996 2433 1295 2496 περισσὸν
1321 2435 1429 2502 τῆς
1455 2437 1607 2492 ἐκεί-

26 2527 133 2560 ρων
186 2510 480 2577 ἀνέσεως,
533 2513 603 2565 ἐν
649 2515 728 2579 τῷ
767 2518 916 2584 μετὰ
942 2520 1128 2574 ταῦτα
1167 2524 1286 2588 ,βίῳ
1325 2529 1421 2580 καί
1463 2531 1606 2599 ὑμῖν

25 2600 162 2666 πρὸς
184 2603 498 2669 σωτηρίαν
529 2604 860 2671 ἀρκέσειεν.
893 2609 954 2660 Εί
986 2611 1160 2665 τοίνυν
1183 2614 1484 2687 βουλόμεθα
1505 2620 1602 2673 λα-

25 2690 126 2743 Ξεῖν
184 2709 240 2744 τι
288 2694 542 2763 χρηστὸν,
593 2696 949 2764 προλαϐόντες
991 2704 1381 2776 παράσχωμενσ
1417 2712 1464 2762 εί
1508 2712 1603 2764 ἀν-

25 2782 202 2852 ιθῆναι
241 2785 386 2854 μετά
426 2787 631 2852 ταῦτα,
665 2790 759 2843 νῦν
788 2792 1219 2865 ἀναπαύσωμεν·
1260 2802 1308 2852 εί
1345 2800 1602 2875 δεχθῆναι

25 2875 143 2945 παρ’
177 2877 368 2930 αὐτῶν
401 2881 480 2942 είς
518 2879 616 2944 τὰς
642 2883 890 2946 αἰωνίους
945 2889 1168 2957 σκηνὰς,
1201 2891 1294 2944 νῦν
1321 2895 1516 2960 αὑτοῦ.⁵
1544 2898 1603 2951 ἐν

25 2969 127 3030 ταῖς
163 2970 467 3041 ἡμετέραις
497 2973 946 3044 καταδεξώμεθα·
980 2980 1029 3030 εί
1060 2979 1460 3054 θεραπευθῆναι
1497 2989 1603 3042 τῶν

25 3058 305 3129 ἃμαρτιῶν
342 3061 409 3114 τά
433 3063 738 3134 τραύματα,
767 3067 923 3121 τοῦτο
950 3071 1041 3123 καὶ
1067 3074 1218 3127 αὐτοὶ
1248 3079 1360 3140 τοῖς
1389 3079 1602 3149 σώμασι

25 3146 119 3200 τῶν
143 3152 553 3220 κεκακωμένων
577 3156 907 3226 ποιήσωμεν.
932 3161 1217 3231 Μακάριοι
1237 3166 1344 3238 γὰρ
1364 3171 1417 3222 οὶ
1443 3146 1606 3239 ἐλεή-

25 3257 194 3306 μονες
213 3282 229 3306 ,
273 3241 368 3294 ὅτι
392 3243 561 3297 αὐτοὶ
589 3246 1041 3316 ἐλεηθήσονται.

1710 1902 1916 1955 sentur,
1951 1908 2018 1946 an
2055 1893 2108 1946 in
2139 1909 2324 1947 eorum
2360 1897 2558 1964 potius,
2592 1898 2682 1966 qui
2719 1899 2900 1953 miseri
2931 1900 3282 1968 judicantur?

1708 1983 1824 2038 Non
1861 1993 1944 2040 est
1977 1984 2225 2050 dubium,
2259 1988 2391 2056 quin
2421 1988 2718 2043 infelicium
2753 1992 3125 2047 conditionem
3168 1994 3282 2048 fue-

1708 2081 1780 2129 rit
1808 2084 2167 2147 accepturus;
2199 2089 2319 2132 orat
2347 2080 2513 2140 enim,
2543 2087 2600 2134 ut
2627 2081 2692 2134 ad
2733 2082 2930 2138 fratres
2957 2085 3182 2138 nuntius
3213 2102 3279 2139 ex

1707 2170 1940 2224 mortuis
1973 2169 2218 2224 mittatur
2238 2171 2458 2240 aliquis,
2496 2188 2560 2225 ne
2597 2173 2697 2241 ipsi
2733 2189 2948 2244 quoque
2968 2177 3279 2230 divitiarum

1708 2261 1996 2331 splendore
2030 2263 2156 2318 elati
2192 2279 2256 2318 ac
2288 2265 2503 2327 tumidi,
2541 2274 2594 2319 et
2626 2274 2850 2336 pr0pter
2880 2267 3149 2323 lubricmn
3193 2287 3284 2320 vo-

1707 2351 1930 2422 luptatis
1958 2354 2219 2423 prolapsi,
2261 2354 2316 2408 in
2358 2357 2607 2411 eumdem
2645 2358 2840 2411 inferni
2875 2358 3082 2412 hiatum
3117 2369 3282 2428 atque

1706 2443 2019 2513 voraginem
2046 2444 2425 2500 detrudantur.
2467 2447 2578 2500 Cur
2604 2448 2768 2517 igitur
2797 2449 3070 2517 ejusmodi
3101 2467 3283 2503 exem-

1707 2532 1812 2601 plis
1835 2533 2096 2587 admoniti
2129 2535 2365 2589 nondum
2396 2538 2806 2605 resipiscimus?
2829 2539 2939 2592 Cur
2960 2541 3280 2608 praeclarum

1707 2622 1840 2676 illud
1864 2625 2244 2694 negotiationis
2265 2643 2457 2695 genus,
2484 2637 2543 2680 ut
2566 2629 2805 2682 consulit
2831 2631 3146 2699 Apostolus,
3175 2647 3278 2684 non

1705 2717 2063 2770 exercemus?
2115 2715 2324 2780 Vestra,
2352 2718 2610 2786 inquit",
2643 2721 2793 2787 copia
2828 2737 3008 2774 eorum
3047 2722 3278 2789 inopiam

1705 2815 1974 2869 sustentet,
1998 2817 2056 2860 ut
2087 2825 2266 2862 eorum
2300 2825 2417 2876 opes
2452 2810 2505 2862 in
2531 2827 2592 2863 ea
2628 2829 2744 2881 qua:
2785 2824 2898 2879 post
2927 2822 3174 2866 secutura
3203 2823 3282 2866 est

1705 2903 1834 2966 vita,
1864 2901 2007 2956 vobis
2059 2901 2126 2954 ad
2177 2903 2403 2955 salutent
2457 2903 2795 2970 opitulentur.
2840 2903 2894 2957 Si
2944 2904 3074 2972 quid
3119 2905 3284 2974 igitur

1706 2995 2054 3064 benignitatis
2103 2994 2384 3063 percipere
2421 2994 2693 3055 volumus,
2727 2993 2864 3048 bene
2896 2994 3155 3048 merendo
3187 3011 3284 3048 an-

1633 3111 1674 3168 c
1709 3095 2078 3149 tevertamus;
2110 3085 2155 3139 si
2183 3085 2423 3154 posthaec
2459 3085 2629 3147 relici,
2660 3099 2754 3140 eos
2790 3086 2844 3139 in
2873 3087 3162 3156 prtesentia
3194 3102 3282 3139 rc-

1713 3194 1991 3243 creemus;
2028 3177 2074 3232 si
2101 3177 2296 3231 abillis
2328 3176 2379 3228 in
2421 3183 2620 3230 :rterna
2654 3177 2820 3246 recipi
2852 3177 3281 3234 tabernacula".

1711 3287 1856 3327 nunc
1875 3286 1971 3327 eos
2011 3271 2062 3323 in
2103 3276 2288 3324 nostra
2330 3268 2700 3336 recipiamus;
2742 3268 2788 3322 si
2820 3276 3166 3337 peccatorum
3194 3284 3286 3322 no-

25 3347 256 3392 strorum
289 3340 516 3392 vulnera
550 3343 770 3408 curari,
825 3347 1037 3401 illorum
1088 3365 1379 3423 corporum
1421 3362 1594 3434 plagis
1633 3368 1776 3424 idem
1807 3376 2147 3438 praestemus.
2179 3362 2333 3418 Beati
2400 3364 2544 3417 enim
2589 3360 2974 3427 misericordes,
3039 3363 3284 3432 quoniam

25 3428 114 3495 ipsi
145 3430 572 3484 misericordiam
593 3440 1044 3504 consequentur".

98 3524 236 3576 Ἀλλ’
273 3526 408 3588 ῐσως
437 3528 552 3597 ἐρεῖ
581 3546 684 3592 τις,
723 3531 930 3604 ἀγαθὴν
966 3536 1064 3606 μὲν
1097 3540 1176 3602 είς
1210 3539 1432 3614 ὕστερον
1464 3543 1603 3601 εἶναι

25 3617 114 3686 τὴν
142 3619 406 3689 ἐντολήνο
448 3621 566 3674 νυνὶ
596 3622 653 3673 δέ
693 3625 973 3693 μετάδοσίν
1018 3647 1140 3684 τινα
1183 3635 1276 3687 καὶ
1322 3641 1604 3695 κοινωνίαν

25 3705 110 3756 τοῦ
138 3706 350 3770 πάθους
371 3707 727 3764 διευλαϐεῖται
750 3729 763 3742 ·
797 3715 889 3767 καὶ
915 3717 1004 3770 διὰ
1029 3719 1091 3772 τὸ
1115 3723 1187 3793 μὴ
1216 3725 1408 3780 παθεῖν
1425 3747 1476 3782 τι
1497 3731 1604 3785 τῶν

25 3794 356 3866 ἀϐουλήτων,
397 3799 616 3868 φεύγειν
644 3802 811 3857 οἴεται
845 3807 1040 3876 κρῆναι
1083 3811 1172 3866 τὸν
1204 3822 1604 3891 προσεγγισμὸν

25 3886 125 3938 τῶν
152 3887 432 3942 τοιούτων.
459 3891 622 3960 Λόγοι
652 3895 843 3962 ταῦτα,
872 3899 966 3950 καὶ
997 3905 1314 3972 προφάσεις,
1471 3913 1608 3967 πλά-

25 3993 201 4046 σματα
220 4018 235 4041 ,
271 3980 368 4031 καὶ
394 3983 493 4051 τῆς
531 3983 659 4054 περὶ
690 3986 788 4048 τὰς
813 3987 1030 4052 ἐντολὰς
1055 3991 1148 4044 τοῦ
1175 3994 1308 4048 Θεοῦ
1339 3999 1606 4071 ῥᾳθυμίας

26 4069 356 4137 εὐπρόσωπα
395 4089 515 4124 τινα
554 4075 1012 4146 προκαλύμματα.
1052 4082 1124 4135 Τὸ
1172 4084 1216 4136 δ’
1248 4086 1445 4156 ἀληθὲς
1464 4069 1489 4155 ,ἡ
1508 4092 1606 4161 οὐχ

25 4158 191 4223 οὕτως
219 4161 354 4232 ἔχει.
387 4163 574 4228 Οὐδεὶς
603 4166 711 4236 γὰρ
744 4167 935 4223 ὕπεστι
964 4173 1125 4239 φόϐος
1164 4179 1229 4246 τῇ
1260 4178 1358 4247 τῆς
1387 4158 1606 4252 ἐντολῆς

26 4250 272 4325 ἐργασίᾳ.
305 4254 510 4325 Μηδεὶς
545 4257 698 4327 κακῷ
719 4259 779 4312 τὸ
805 4262 970 4314 κακὸν
993 4263 1358 4334 θεραπευέτω.
1397 4250 1605 4336 Πόσους

26 4340 130 4412 γὰρ
155 4342 306 4398 ἐστιν
333 4345 460 4398 ίδεῖν
487 4348 550 4399 ἐκ
575 4348 824 4419 νεότητος
846 4353 939 4404 καί
965 4355 1123 4424 μέχρι
1151 4358 1338 4428 γήρως
1364 4364 1482 4425 ταῖς
1514 4362 1602 4414 θε-

31 4435 279 4500 ραπείαις
329 4436 530 4491 τούτων
559 4438 1029 4510 ἀποσχολάζοντας
1054 4486 1067 4509 ,
1101 4448 1195 4500 καὶ
1233 4450 1384 4504 οὐδέν
1422 4470 1475 4506 τι
1502 4455 1600 4526 τῆς

1780 3546 1849 3597 At
1889 3541 2086 3612 aliquis
2125 3539 2360 3594 fortasse
2409 3539 2574 3600 dicet,
2613 3538 2742 3590 utile
2769 3537 2985 3607 quidem
3019 3541 3072 3594 in
3103 3552 3284 3610 poste-

1709 3651 1830 3690 rum
1859 3648 1983 3689 esse
2013 3630 2326 3686 mandatum
2364 3648 2383 3685 ι
2415 3629 2510 3684 sed
2547 3629 2651 3682 hoc
2703 3636 2946 3696 tempore
2986 3631 3089 3684 sibi
3133 3634 3285 3686 adlu-

1714 3725 1942 3779 bendam
1975 3738 2098 3778 esse
2127 3722 2458 3786 cautionem,
2502 3736 2570 3774 ne
2612 3719 2856 3789 ejusdem
2891 3722 3066 3776 morbi
3097 3733 3287 3777 conta-

1714 3818 1873 3887 gione
1905 3818 2330 3871 coutaminetur.
2351 3813 2528 3881 Atque
2550 3813 2621 3865 ita
2650 3827 2717 3865 ne
2747 3813 3068 3867 temeritatis
3097 3830 3286 3883 poenas

1713 3911 1824 3972 det,
1858 3916 1912 3963 et
1935 3908 2142 3978 aliquid
2177 3921 2385 3970 eorum,
2422 3921 2541 3974 qua:
2565 3905 2753 3968 nollet,
2792 3907 3140 3974 perpetiatur,
3179 3908 3282 3962 sibi

1707 4015 1896 4053 eorum
1929 4012 2284 4066 congressum
2308 4011 2371 4048 ac
2399 3995 2848 4049 consuetudinem
2885 3995 3159 4049 vitandam
3184 4014 3283 4067 pu-

1708 4099 1805 4144 tat.
1839 4089 2003 4159 Nugae
2029 4095 2156 4143 sunt
2191 4088 2292 4150 hae,
2340 4098 2392 4141 et
2417 4088 2802 4140 excusationes
2845 4086 2981 4140 {ictae
3025 4102 3089 4141 ac
3133 4103 3284 4141 com-

1708 4181 2009 4242 mentitize,
2062 4180 2263 4249 quibus
2308 4179 2475 4232 veluti
2524 4177 2847 4246 quibusdam
2900 4179 3283 4248 integumentis

1706 4274 1900 4328 inertia
1931 4273 2000 4326 ad
2029 4269 2368 4326 conficienda
2399 4273 2654 4323 mandata
2690 4270 2781 4324 Dei
2820 4272 3138 4340 protegitur.
3165 4271 3282 4326 Non

1708 4374 1886 4419 autem
1919 4364 1992 4416 ita
2021 4378 2079 4417 se
2117 4377 2207 4416 res
2236 4361 2419 4415 habet.
2450 4359 2642 4414 Nullus
2666 4363 2811 4415 enim
2851 4361 2902 4414 in
2935 4364 3284 4431 exsequendo

1707 4453 1962 4508 mandato
1984 4451 2145 4506 timor
2169 4451 2332 4505 inest.
2360 4447 2527 4503 Nemo
2551 4450 2693 4504 malo
2718 4451 2918 4502 malum
2946 4459 3121 4504 curet.
3141 4450 3283 4516 Quot

32 4525 162 4579 κατὰ
207 4527 370 4596 φύσιν
413 4531 628 4595 εὐεξίας
671 4532 764 4586 τοῦ
803 4532 1054 4603 σώματος
1079 4539 1166 4592 διὰ
1205 4543 1303 4613 τῆς
1349 4525 1603 4617 τοιαύτης

1780 4545 1848 4598 im
1877 4543 2125 4597 homines
2161 4542 2286 4593 licet
2309 4540 2513 4604 videre,
2545 4541 2637 4609 qui
2684 4541 2794 4608 jam
2826 4541 2952 4596 inde
2984 4557 3014 4594 a
3049 4543 3280 4603 pueritia

33 4617 263 4688 σπουδῆς
295 4619 765 4690 ἀμαυρώσαντας;
815 4624 950 4679 Ούδέ
984 4625 1090 4695 γὰρ
1117 4629 1261 4693 εἰκός
1298 4633 1413 4684 ἐστι
1447 4635 1600 4701 γενέ-

34 4705 155 4758 σθαι
186 4708 378 4764 ταῦτα.
422 4711 556 4764 Ἀλλ’
595 4714 780 4785 ἐπειδή
817 4732 939 4768 τινα
978 4717 1086 4770 τῶν
1121 4724 1463 4792 νοσημάτων,
1492 4721 1603 4779 οἷον

35 4798 85 4848 αί
112 4797 391 4868 λοιμώδεις
441 4804 717 4875 ἐπιφοραὶ,
752 4807 845 4858 καὶ
873 4807 974 4861 ὅσα
1005 4809 1227 4865 τοιαῦτα
1261 4814 1360 4885 τῆς
1406 4813 1604 4879 ἔξωθεν

36 4889 204 4954 αἰτίας
229 4894 533 4964 ἠρτημένα,
572 4897 698 4949 ὅταν
734 4899 800 4950 ἐκ
835 4899 1130 4972 διαφθορᾶς
1157 4905 1316 4974 ἀέρος
1347 4906 1379 4976 ἢ
1412 4907 1604 4973 ὓδατος

38 4979 264 5051 γίνηται,
292 4983 507 5039 ὕποπτα
535 4989 646 5050 τοῖς
685 4989 897 5055 πολλοῖς
933 4994 1099 5054 ἐστιν,
1136 4993 1210 5058 ὡς
1243 4998 1305 5048 ἐκ
1327 4997 1438 5049 τῶν
1471 5016 1605 5070 προ-

38 5071 343 5129 εαλωκότων
363 5078 455 5129 καὶ
476 5079 610 5148 πρὸς
623 5081 746 5143 τοὺς
767 5084 1224 5152 προσεγγίζοντας
1239 5086 1601 5157 διαϐαίνοντα,

41 5163 152 5214 ούδέ
187 5167 302 5219 ἐκεῖ
329 5168 424 5220 τοῦ
459 5169 683 5233 πάθους,
716 5171 791 5234 ὠς
837 5169 1020 5244 οἶμαι,
1054 5175 1132 5246 τῷ
1171 5177 1467 5245 ὑγιαίνοντι
1504 5181 1603 5251 τὴν

43 5254 338 5322 ἀρρωστίαν
376 5263 438 5313 ἐκ
474 5261 759 5325 διαδόσεως
790 5265 1166 5334 ἐμποιοῦντος·
1197 5269 1331 5322 ἀλλά
1364 5271 1462 5341 τῆς
1490 5288 1604 5324 κοι-

41 5345 128 5413 νῆς
164 5349 426 5422 ἐπιφορᾶς
452 5352 550 5422 τὴν
577 5354 868 5424 ὁμοιότητα
905 5356 997 5409 τοῦ
1036 5359 1468 5432 ἀρρωστήματος
1505 5364 1602 5415 ἐπ-

43 5436 288 5509 αγούσης,
320 5441 476 5512 ἔσχεν
500 5443 676 5496 αἰτίαν
720 5446 753 5513 ἡ
787 5445 938 5509 νόσος
967 5448 1031 5500 ἐκ
1053 5449 1162 5501 τῶν
1185 5451 1602 5520 προεαλωκότων

44 5526 128 5577 καὶ
165 5531 242 5594 είς
267 5534 390 5598 τοὺς
423 5535 638 5599 λοιποὺς
663 5535 1030 5595 διαϐαίνουσα.
1076 5541 1338 5597 Ἐνταῦθα
1371 5543 1428 5597 δὲ
1460 5543 1604 5597 ἐνδο-

110 5703 152 5736 ’³
208 5705 338 5766 Luc.
399 5728 511 5778 ιη,
571 5712 634 5768 l9
671 5730 791 5785 sqq.
867 5715 914 5747 "
956 5715 995 5772 ll
1043 5717 1168 5773 Cor.
1220 5733 1338 5785 vru,
1396 5721 1484 5776 14.
1537 5723 1582 5755 ’⁷

1780 5765 1790 5778 .
1845 5740 1955 5791 xvr,
1994 5727 2046 5779 9.

1701 4637 1768 4692 ad
1793 4638 1966 4706 ipsam
2000 4651 2178 4704 usque
2223 4639 2562 4689 senectutem
2596 4647 2748 4687 suam
2793 4633 2846 4685 in
2887 4633 3155 4700 ejusmodi
3187 4649 3283 4686 cu-

1699 4729 1911 4783 ratione
1934 4742 2156 4796 operam
2187 4727 2546 4788 collocarunt,
2577 4740 2753 4792 neque
2787 4731 2964 4778 tamen
2997 4724 3066 4778 ob
3100 4725 3151 4778 id
3174 4734 3285 4779 stu«

1703 4818 1851 4872 dium
1893 4817 2034 4871 bona
2073 4817 2318 4886 ipsorum
2369 4815 2630 4870 habitudo
2672 4831 2962 4884 corporum
3009 4816 3276 4870 naturalis

1703 4920 1788 4964 est
1820 4909 1931 4962 ullo
1957 4908 2117 4962 modo
2145 4908 2288 4961 facta
2323 4908 2602 4962 deterior?
2643 4907 2832 4975 Neque
2859 4922 2989 4960 vero
3016 4907 3124 4960 ulla
3156 4923 3284 4976 pro-

1707 5002 1872 5056 babili
1920 5001 2132 5054 ratione
2177 5000 2230 5053 id
2288 5001 2401 5054 lieri
2445 5009 2641 5069 potest.
2697 4997 2962 5053 Caeterum
3021 4998 3276 5067 quoniam

1707 5089 2000 5158 aliquando
2030 5090 2258 5143 saaviunt
2297 5090 2545 5158 quadam
2600 5089 2914 5142 morborum
2957 5102 3178 5158 genera,
3222 5096 3278 5140 ut

1707 5176 2050 5244 pestilentiae,
2081 5185 2134 5230 et
2164 5177 2267 5229 alia
2308 5176 2600 5245 ejusmodi,
2635 5192 2756 5246 quae
2787 5191 2852 5230 ex
2883 5175 3064 5230 causis
3093 5184 3265 5230 exter-

1707 5271 1794 5324 nis
1835 5271 2088 5340 peudent,
2123 5287 2244 5340 qua:
2289 5272 2541 5326 videlicet
2585 5286 2711 5324 aere
2761 5285 2968 5340 aquave
3020 5281 3276 5338 corrupta

1707 5372 2068 5431 generantur;
2114 5363 2226 5417 haec
2250 5372 2430 5418 autem
2463 5371 2721 5431 tauquam
2746 5364 2815 5418 ab
2847 5362 2975 5428 illis,
3007 5362 3098 5431 qui
3129 5363 3278 5431 prius

1711 5453 1944 5522 correpti
1978 5461 2126 5516 sunt,
2152 5470 2244 5508 eos
2279 5456 2370 5523 qui
2409 5454 2868 5522 appropinquent,
2897 5453 3160 5507 invadant
3190 5465 3278 5507 ειν

1712 5559 1817 5614 que
1845 5546 2221 5615 coinquincut,
2257 5546 2440 5600 multis
2479 5555 2736 5614 suspecta
2776 5553 2940 5599 sunt:
2966 5559 3278 5615 quanquam

2125 5727 2170 5757 "
2228 5725 2417 5779 Matth.
2483 5733 2538 5791 τ’,
2594 5723 2638 5779 7,
