3754 6292
49 194 98 247 ιο

49 300 159 359 ικοῦ
189 297 667 372 παραγγέλματος,
702 299 795 353 τοῦ
837 299 1310 372 συμϐουλεύοντος,
1345 300 1488 371 άπερ
1513 299 1579 353 ἂν
1609 306 1654 367 Α

49 392 255 463 έλωμεν
273 391 359 445 ἵνα
397 388 622 443 ποιῶσιν
644 392 772 461 ἡμῖν
794 393 842 443 οἱ
864 391 1161 463 ἄνθρωποι,
1186 390 1358 444 ταῦτα
1383 394 1575 446 ποιεῖν.

49 485 156 547 Εως
183 482 360 535 τοίνυν
392 480 659 544 εὐπλοείς,
689 479 873 551 ὄρεξον
905 485 1059 553 χεῖρα
1088 480 1167 552 τῷ
1191 481 1577 552 ναυαγήσαντι.

49 574 179 644 ζοινὴ
230 575 263 645 ἡ
306 571 581 636 Θάλασσα,
624 572 801 625 κοινὸν
842 572 903 625 τὸ
946 571 1258 635 κλυδώνιον,
1291 570 1444 642 κοινὴ
1474 570 1581 623 τῶν

49 664 269 734 υμάτων
299 664 331 733 ἡ
360 662 596 733 ταραχή·
632 662 824 732 ὕφαλοι
849 662 944 718 καὶ
976 663 1231 728 σπιλάδες
1269 664 1362 717 καὶ
1388 664 1582 716 σκόπε-

49 770 123 819 οι,
162 751 350 806 καὶτὰ
391 752 551 805 λοιπὰ
577 753 676 823 τῆς
700 753 793 806 τοῦ
835 752 951 823 βίου
990 755 1255 824 ναυαγίας
1286 754 1427 808 κατὰ
1466 751 1583 807 ἶσον

54 844 241 915 αρέχει
266 847 378 907 τοῖς
403 845 839 916 ναυτιλλομένοις
866 846 956 899 τὸν
984 846 1165 915 φόϐον.
1198 847 1343 909 Ἕως
1367 846 1583 918 ἀπαθὴς

49 931 78 999 ἴ,
110 935 215 999 ἕως
247 934 543 998 ἀκινδύνως
573 935 845 1001 διαπλέεις
874 937 970 991 τοῦ
1001 936 1115 1007 βίου
1154 938 1252 1008 τὴν
1281 937 1580 1003 θάλασσαν,

52 1029 85 1098 ὴ
105 1027 384 1101 παρέλθῃς
403 1027 646 1099 ἀνηλεῶς
672 1028 764 1082 τὸν
787 1030 1254 1100 προσπταίσαντα.
1281 1029 1377 1095 Τίς
1391 1032 1586 1102 ἐγγυη-

49 1121 104 1191 ής
133 1136 214 1172 σοι
246 1120 345 1191 τῆς
378 1120 658 1190 διηνεκοῦς
689 1121 979 1187 εὐπλοΐας;
1026 1120 1191 1176 Οὔπω
1230 1124 1471 1195 κατῆρας
1503 1126 1585 1188 είς

49 1210 96 1261 ὃν
121 1210 317 1281 λιμένα
336 1212 437 1283 τῆς
459 1214 835 1279 ἀναπαύσεως·
853 1215 1005 1270 οὔπω
1027 1216 1135 1271 τῶν
1154 1218 1411 1289 κυμάτων
1431 1219 1586 1282 ἐκτὸς

49 1316 275 1370 ττηκας·
304 1300 456 1358 οὔπω
481 1320 561 1356 σοι
586 1304 814 1375 βέϐηκεν
836 1306 928 1359 ἐπὶ
952 1308 1214 1379 σταθεροῦ
1239 1311 1271 1380 ἡ
1293 1307 1429 1380 ζωή.
1464 1310 1585 1362 Ἔτι

50 1390 145 1462 ἐρῃ
173 1391 263 1446 διὰ
302 1391 397 1447 τοῦ
432 1394 545 1464 βίου
576 1396 851 1464 πελάγιος.
882 1392 1007 1451 Οἷον
1041 1398 1265 1453 σεαυτὸν
1292 1399 1484 1465 δείξεις
1508 1399 1587 1471 τῷ

49 1484 397 1554 δστυχήσαντι
418 1527 433 1552 ,
463 1486 733 1551 τοιούτους
755 1491 1197 1560 παρασκευάσεις
1220 1492 1431 1562 σεαυτῷ
1458 1492 1585 1557 τοὺς

49 1570 406 1640 υμπλέοντας.
454 1573 614 1636 una
646 1577 845 1641 πάντες
878 1579 1317 1651 καταντήσαιμεν
1360 1582 1440 1644 εἰς
1492 1579 1583 1635 τὸν

49 1663 204 1732 ιμένα
250 1664 351 1735 τῆς
382 1665 770 1735 ἀναπαύσεως,
822 1668 902 1740 τῷ
940 1670 1080 1741 ἁγίῳ
1122 1670 1397 1742 Πνεύματι
1446 1674 1582 1744 πρὸς
1611 1662 1654 1716 Β

49 1751 104 1822 ὴν
145 1754 516 1829 προκειμένην
558 1758 651 1811 τοῦ
698 1758 816 1829 βίου
857 1760 1130 1815 ναυτιλίαν
1174 1762 1578 1827 διευδιάζοντες.

49 1843 217 1915 [αρείη
259 1843 318 1898 δὲ
358 1847 488 1918 ἡμῖν
518 1850 552 1920 ἡ
599 1849 686 1904 διὰ
727 1851 836 1904 τῶν
869 1851 1095 1907 ἐντολῶν
1122 1852 1373 1925 ἐργασία,
1404 1857 1494 1909 καὶ
1521 1857 1583 1910 τὸ

49 1936 105 2005 ἧς
147 1934 371 2008 ἀγάπης
412 1940 690 2011 πηδάλιον·
724 1940 793 1995 δι’
826 1935 901 1997 ὧν
945 1941 1308 2015 εὐθυνόμενοι.
1343 1946 1582 2000 καταλά-

49 2041 192 2093 ωμεν
221 2025 323 2095 τὴν
355 2026 460 2097 γῆν
497 2032 594 2100 τῆς
632 2031 983 2099 ἐπαγγελίας,
1014 2032 1072 2085 ὲν
1165 2034 1198 2104 ἡ
1231 2034 1384 2098 πόλις
1434 2036 1580 2088 ἐστὶν

78 2115 311 2187 μεγάλη,
340 2112 409 2190 ἧς
434 2121 683 2191 τεχνίτης
711 2123 803 2175 καὶ
836 2122 1164 2195 δημιουργός
1200 2126 1345 2177 ἐστιν
1381 2129 1409 2179 ὁ
1446 2126 1579 2191 Θεὸς

52 2205 183 2275 μῶν,
216 2199 261 2275 ᾧ
295 2210 329 2279 ἡ
364 2209 488 2274 δόξα
515 2213 608 2264 καὶ
645 2212 707 2264 τὸ
736 2214 933 2282 κράτος
960 2216 1039 2277 είς
1066 2216 1192 2278 τοὺς
1235 2216 1437 2281 αἰῶνας
1472 2217 1580 2271 τῶν

53 2297 236 2353 ίώνων.
283 2302 476 2374 Ἀμήν.

1216 185 1492 243 CONTRA
1533 185 2016 243 FORNICARlOS.

3157 185 3258 240 49ft

1681 302 1825 372 cipio
1863 302 2150 357 molestum
2179 308 2232 356 et
2259 300 2491 356 arduum
2528 298 2761 363 videtur,
2796 300 2850 355 id
2897 300 3013 371 ipsa
3053 300 3172 356 dies
3207 309 3264 355 et

1682 392 2021 447 consuetudo
2046 391 2204 448 facile
2225 406 2288 447 ac
2316 389 2618 462 jucundum
2647 391 2862 446 elliciet.
2911 391 3031 445 Jam
3055 406 3187 447 vero
3210 391 3263 445 si

1684 484 1772 549 iis,
1804 500 1926 553 qua:
1954 482 2101 539 dicta
2131 492 2278 548 sunt,
2304 483 2557 537 volumus
2586 482 2791 552 aliquid
2812 481 3127 553 adjungere,
3159 482 3264 535 mi-

1683 573 2037 629 sericordiam
2081 588 2208 644 erga
2233 573 2583 628 calamitosos
2615 574 2671 627 in
2707 573 2809 628 hac
2835 573 2963 628 item
2992 572 3104 627 vita
3146 571 3262 627 fru-

1684 663 1912 734 giferam
1934 680 2056 721 csse
2077 665 2433 736 reperiemus.
2462 663 2633 719 Nemo
2662 673 2745 718 est
2769 665 2914 718 enim
2942 663 3035 734 qui
3064 665 3260 733 sapiat,

1684 754 1815 823 quin
1843 762 2100 825 tanquam
2130 754 2406 825 egregium
2445 754 2723 824 prazmium
2752 760 2880 808 ante
2915 753 3260 809 reconditum

1685 852 1835 917 putet
1865 845 1940 908 id,
1967 845 2113 915 quod
2152 845 2207 899 in
2252 845 2476 919 alterius
2510 844 2914 900 calamitatibus
2948 843 3262 900 humaniter

1684 942 1738 989 et
1761 934 1992 1005 benigne
2022 932 2322 989 confertur.
2360 933 2624 1000 Quoniam
2646 932 2792 987 enim
2821 934 3057 988 humana
3078 935 3263 989 omnia

1683 1024 2000 1080 moderatur
2026 1039 2133 1079 una
2169 1024 2469 1096 eademque
2502 1032 2737 1091 natura;
2775 1030 2831 1080 et
2866 1025 2969 1080 sibi
2996 1033 3260 1095 perpetuo

1684 1132 1977 1189 prosperas
2002 1124 2056 1173 et
2084 1117 2352 1173 secundas
2386 1132 2474 1172 res
2505 1115 2643 1178 fore,
2665 1126 2876 1172 certum
2902 1125 2987 1173 est
3014 1119 3217 1174 nemini
3241 1134 3257 1172 :

1685 1211 1743 1265 in
1773 1210 1923 1265 omni
1952 1210 2061 1264 vita
2092 1209 2461 1279 evangelicum
2499 1208 2634 1263 illud
2676 1218 3005 1279 praeceptum
3039 1207 3261 1278 expedit

1686 1301 2023 1366 meminisse,
2062 1307 2141 1366 ut,
2175 1316 2295 1370 qua:
2328 1300 2579 1355 volumus
2625 1298 2828 1354 faciant
2882 1299 3043 1356 nobis
3084 1299 3261 1353 homi-

1686 1408 1825 1458 nes,
1893 1392 2082 1447 eadem
2146 1391 2432 1447 faciamus.
2519 1389 2774 1457 Quandiu
2838 1404 2969 1461 ergo
3027 1389 3262 1445 feliciter

1687 1483 1950 1555 navigas,
2006 1482 2083 1537 illi
2144 1497 2367 1537 manum
2419 1482 2724 1553 porrigito,
2770 1480 2864 1551 qui
2913 1478 3258 1550 naufragium

1690 1575 1848 1643 fecit;
1902 1588 2189 1630 commune
2235 1581 2320 1629 est
2365 1587 2532 1635 mare,
2583 1580 2880 1642 tempestas
2924 1572 3256 1637 communis,

1682 1668 1987 1725 communis
2033 1665 2297 1721 ﬂuctuum
2337 1665 2713 1736 perturbatio.
2764 1679 2896 1720 saxa
2946 1665 3049 1721 sub
3095 1663 3260 1718 undis

1682 1760 1927 1823 latentia,
1971 1766 2182 1829 syrtes,
2226 1757 2473 1829 scopuli,
2504 1766 2558 1812 et
2590 1758 2772 1813 omnia
2808 1756 3044 1826 denique
3094 1755 3261 1826 hujus

1682 1853 1805 1907 vitae
1832 1850 2194 1921 navigationis
2245 1848 2590 1904 incommoda
2623 1864 2808 1919 parem
2837 1848 3052 1903 cunctis
3100 1847 3257 1900 navi-

1680 1941 1934 2012 gantibus
1986 1947 2187 1995 metum
2228 1938 2497 2008 injiciunt.
2566 1937 2703 1992 Dum
2754 1939 2963 2009 integer
3002 1951 3095 1998 es,
3128 1934 3261 1989 dum

1682 2034 1805 2088 vita:
1843 2034 2065 2104 pelagus
2115 2041 2233 2087 tuto
2282 2032 2622 2103 pertransis,
2661 2047 2728 2086 ne
2779 2032 3074 2085 inhumane
3122 2042 3261 2098 pra:-

1683 2134 1864 2182 tereas
1919 2141 2043 2180 eum
2112 2125 2205 2195 qui
2263 2125 2417 2194 prius
2476 2140 2666 2179 navem
2731 2125 2900 2179 illisit.
2980 2122 3114 2189 Quis
3184 2120 3262 2175 ibi

1687 2234 1957 2290 sponsor,
2013 2224 2073 2271 ut
2127 2216 2337 2271 felicem
2407 2217 2807 2288 navigationem
2867 2212 3128 2286 perpetuo
3180 2214 3258 2268 sis

1688 2308 2035 2365 habiturus?
2100 2305 2346 2362 Nondum
2407 2306 2464 2361 in
2519 2315 2734 2379 portum
2813 2307 3012 2379 quietis
3081 2320 3257 2375 appu-

53 2389 120 2441 sti
171 2390 232 2441 ⁸ο.
296 2390 552 2447 Nondum
627 2402 783 2449 extra
849 2396 1114 2452 ﬂuctuum
1172 2399 1473 2469 periculum
1527 2417 1587 2456 es
1642 2401 1996 2457 constitutus.
2075 2397 2199 2453 Tibi
2270 2397 2512 2454 nondum
2569 2400 2627 2453 in
2676 2400 2798 2455 loco
2848 2407 2966 2455 tuto
3012 2400 3262 2455 constitit

49 2480 137 2534 ita.
185 2481 384 2537 Adhuc
416 2482 471 2537 in
505 2485 631 2540 vitae
676 2486 866 2558 pelago
890 2489 1120 2558 jactaris
1176 2492 1448 2549 obnoxius
1514 2493 1838 2565 tempestati.

1929 2492 2155 2558 Qualem
2216 2506 2344 2562 erga
2391 2491 2717 2563 naufragum
2801 2501 2856 2548 te
2907 2493 3259 2563 praestiteris.

50 2572 144 2627 iles
171 2588 299 2641 erga
348 2583 402 2629 te
448 2590 565 2642 eos,
613 2579 708 2649 qui
755 2580 919 2636 simul
956 2583 1230 2654 navigant,
1261 2585 1580 2655 experieris.
1620 2585 1823 2641 Omnes
1848 2584 2014 2655 igitur
2037 2584 2093 2637 in
2116 2584 2313 2652 quietis
2341 2594 2555 2652 portum
2588 2583 2831 2640 secundo
2899 2585 3074 2640 sancti
3136 2584 3260 2655 Spi-

49 2665 149 2719 itus
181 2664 365 2720 afflatu
402 2670 628 2736 provehi
671 2673 1090 2729 contendamus.
1175 2674 1336 2731 Adsit
1383 2677 1616 2747 diligens
1655 2675 2037 2731 mandatorum
2082 2675 2423 2740 exercitatio,
2481 2686 2536 2731 et
2584 2678 3010 2749 gubernaculum
3080 2680 3263 2735 chari-

49 2760 173 2815 atisl
229 2759 443 2826 Quibus
490 2763 663 2835 adjuti
710 2768 926 2823 tandem
956 2771 1342 2840 promissionis
1371 2779 1575 2827 terram
1614 2786 1996 2841 assequamur,
2028 2770 2079 2822 in
2111 2785 2217 2839 qua
2247 2770 2353 2823 sita
2386 2779 2471 2825 est
2497 2786 2689 2841 magna
2719 2772 2811 2825 illa
2876 2773 3094 2837 civitas,
3162 2789 3262 2827 cu-

49 2867 101 2908 us
144 2852 480 2910 architectus
533 2864 587 2912 et
643 2858 939 2915 aedificator
993 2869 1078 2917 est
1126 2862 1381 2919 Christus
1435 2864 1574 2919 Deus
1615 2873 1823 2931 noster,
1864 2864 1952 2918 cui
1988 2862 2165 2938 gloria
2196 2862 2253 2916 in
2285 2869 2571 2917 aeternum.
2603 2865 2798 2919 Amen.

90 2966 135 2997 ⁸⁸
170 2964 315 3022 Psal.
349 2982 459 3037 ενι,
488 2969 576 3029 19.

49 3152 3253 3204 M

967 3354 1194 3442 ΤΟΥ
1242 3354 1618 3445 ΑΥΤΟΥ

1674 3363 2299 3455 ΓΡΗΓΟΡΙΟΥ

1530 3584 1638 3637 ΕΙΣ
1666 3587 1753 3640 T0
1772 3627 1788 3653 ,

638 3783 683 3833 0
720 3784 811 3837 ΔΕ
841 3784 1266 3853 ΠΟΡΝΕΥΩΝ,
1308 3791 1438 3846 ΕΙΣ
1487 3795 1575 3850 ΤΟ

1752 3800 1815 3854 ’Ν
1843 3801 2035 3859 ΣΩΜΔ
2069 3803 2498 3863 ΑΜΑΡΤΔΝΕΙ
2530 3807 2629 3881 (1).

898 4209 1444 4303 EJUSDEM
1577 4217 1673 4306 S.

1812 4216 2389 4314 GREGOBII

1473 4442 1541 4499 IN
1590 4441 1799 4501 ILLUD

679 4614 813 4683 QUI
838 4615 1343 4689 FORNICATUR,
1398 4622 1483 4678 IN
1519 4624 1909 4683 PROPRIUM
1959 4627 2244 4689 CORPUS
2278 4631 2584 4690 PECCAT.

1259 4800 1486 4853 Gentium
1500 4804 1709 4858 Herveto
1727 4804 1998 4871 interprete.

86 5151 283 5225 Φοδερὰ
317 5155 418 5225 τῆς
461 5156 821 5230 ἀποπολικῆς
850 5163 1225 5231 παραγγελιας
1254 5165 1288 5234 ἡ
1324 5166 1577 5237 σάλπιγξ,
1607 5177 1655 5234 Α

49 5241 180 5298 πολλὰ
228 5247 326 5317 μὲν
374 5249 467 5302 καὶ
508 5250 641 5304 ἄλλα
668 5250 765 5319 τῆς
818 5251 1096 5317 εὐσεῦείας
1157 5260 1575 5331 μαρτυρουμένη

50 5336 255 5407 τρωτὸν,
286 5339 517 5410 μάλιστα
560 5340 617 5393 δὲ
642 5340 750 5395 τῶν
777 5342 874 5411 τῆς
902 5344 1259 5418 αἰσχρότητος
1287 5348 1576 5421 βαράθρων

55 5517 124 5587 (l)
155 5518 370 5602 graecus
396 5531 579 5580 textus
612 5524 792 5602 editus
823 5535 906 5581 est
925 5543 1001 5602 ex
1031 5531 1345 5602 apographo
1377 5530 1561 5588 Cmsa-

52 5602 123 5643 eae
150 5591 490 5663 bibliothecae
541 5610 665 5649 cum
705 5597 876 5652 altero
920 5591 1166 5656 Patricii"
1193 5591 1345 5658 Junii
1391 5603 1575 5659 oblato

328 5689 597 5754 PATROL.
631 5692 747 5753 Gn.
786 5693 1005 5757 XLVI.

1752 5171 2038 5232 Terribilis
2092 5177 2221 5232 tuba
2250 5179 2535 5249 apostolici
2584 5186 2868 5256 praecepti,
2914 5187 3085 5242 multa
3122 5191 3248 5261 qui-

1682 5263 1802 5355 dem
1842 5268 2003 5321 etiam
2042 5269 2147 5323 alia
2207 5271 2506 5329 testificans
2563 5277 2830 5333 exercitui
2890 5279 3145 5349 pietatis,
3194 5291 3247 5339 et

1682 5356 1920 5415 maxime
1947 5374 2044 5415 eos
2068 5362 2344 5432 expellens
2375 5379 2406 5419 a
2431 5365 2692 5425 barathro
2749 5372 3109 5443 turpitudinis
3133 5414 3149 5441 ,
3195 5384 3247 5433 et

1672 5548 1822 5622 nunc
1863 5543 1920 5591 et
1964 5539 2270 5622 emendato,
2313 5546 2470 5618 cujus
2505 5550 2669 5607 variae
2705 5552 2970 5611 lectiones
3011 5558 3064 5613 in
3097 5567 3243 5618 textu

1682 5613 1825 5661 inter
1857 5622 2029 5666 uncos
2066 5613 2312 5670 inclusae.

2880 5722 2951 5780 16
