3844 6404
487 226 583 281 ιοι

1685 213 1741 267 S.
1778 211 2103 267 CREGURII
2142 210 2182 258 Ν
2199 209 2225 258 ἴ
2241 208 2431 260 δδωι

3627 192 3731 262 ωε

487 344 543 398 in
605 347 708 401 inte
736 342 898 395 etiam
935 338 1137 394 addens
1167 336 1399 390 militare
1428 339 1754 406 praeceptum
1791 346 1803 380 :
1840 328 2053 398 Fugite,

2162 325 2475 387 ἐλαύνουσα,
2503 324 2594 375 καὶ
2614 321 2677 392 δὴ
2705 322 2797 374 καὶ
2830 318 3215 389 στρατιωτικὸν
3243 320 3299 372 ὲν
3326 317 3403 388 τῷ
3428 318 3572 371 τέλει
3596 336 3723 389 παρ⁴

488 434 687 506 inquit,
736 431 1157 501 fornicationem.
1201 427 1367 482 Omne
1397 435 1698 496 peccatum,
1739 420 1875 490 quod
1931 419 2071 488 fece-‘

485 530 555 581 rit
607 526 796 584 homo,
866 533 943 577 est
992 532 1145 576 extra
1199 536 1385 589 corpus
1417 521 1455 576 ⁸.
1507 516 1860 573 Sensibilium
1912 512 2057 567 enim

486 617 750 674 bellorum
793 616 1016 681 milites,
1061 628 1206 668 nunc
1242 613 1459 682 quidem
1490 609 1736 665 adversis
1784 604 2058 660 frontibus

484 724 721 781 pugnam
776 717 1123 775 capessentes
1152 748 1166 769 ,
1202 720 1347 758 nunc
1394 711 1575 757 autem
1615 700 1741 770 fuga
1801 706 2013 753 utentes
2039 738 2055 762 ,

485 804 631 858 acies
664 802 962 855 instruunt.
1000 796 1095 853 Est
1123 799 1286 852 etiam
1318 795 1622 849 animarum
1661 792 1883 855 bellum,
1912 789 2059 860 quod

483 904 537 951 et
577 894 885 950 resistendo
943 900 997 946 et
1040 888 1297 960 fugiendo
1355 887 1651 955 prudenter
1686 886 1913 956 geritur.
1944 881 2057 936 Hoc

483 988 661 1044 sciens
692 986 917 1049 Paulus,
946 984 1037 1054 qui
1078 998 1174 1052 per
1204 988 1492 1049 utramque
1539 975 1873 1032 instruendae
1919 976 2058 1031 aciei

483 1082 832 1135 artificiosam
870 1076 1138 1132 rationem
1187 1073 1340 1127 ducit
1384 1071 1723 1135 exercitum,
1758 1086 1903 1124 nunc
1933 1068 2057 1138 qui-

482 1172 604 1227 dem
649 1170 891 1239 praecipit
933 1176 992 1219 ut
1038 1165 1103 1221 ad
1144 1180 1376 1235 pugnam
1419 1162 1862 1217 committendam
1915 1166 2059 1215 stent

485 1261 720 1317 fortiter.
759 1256 905 1312 State
934 1255 1157 1309 accincti
1201 1253 1403 1307 lumbos
1453 1262 1648 1306 vestros
1677 1254 1731 1305 in
1765 1252 2055 1316 veritate’;

484 1366 631 1409 nunc
682 1361 859 1404 autem
901 1347 1024 1418 fuga
1065 1345 1306 1400 consulit
1337 1344 1586 1414 decipere
1631 1343 1911 1404 inimicos,
1946 1338 2059 1394 Fu-

484 1444 632 1513 gite,
688 1437 963 1507 inquiens,
1018 1434 1443 1504 forniratioucm.
1502 1429 1559 1483 Si
1621 1431 1793 1483 irruat
1856 1427 2057 1482 bellum

486 1531 919 1593 incredulitatis,
974 1529 1109 1583 utile
1159 1536 1241 1582 est
1290 1526 1366 1579 illi
1408 1523 1680 1579 resistere.
1715 1520 1820 1575 Sed
1858 1521 1900 1573 si
1932 1519 2059 1574 dolo

486 1623 644 1678 nobis
700 1622 939 1676 minetur
977 1619 1161 1680 acies,
1197 1626 1389 1671 contra
1418 1615 1520 1671 hos
1558 1614 1901 1669 adversarios
1942 1612 2058 1681 pul-

485 1715 677 1770 chrum
703 1725 784 1769 est
812 1714 991 1767 locare
1015 1709 1262 1767 insidias.

554 1973 821 2030 Tenditur
842 1989 1004 2029 arcus
1025 1973 1342 2028 calumniae:
1370 1971 1501 2025 utile
1523 1979 1608 2025 est
1629 1967 1857 2023 adversa
1882 1967 2060 2022 fronte

482 2068 741 2139 congredi
770 2084 891 2122 eum
928 2067 1229 2122 mendacio.
1264 2063 1492 2130 Quando
1521 2070 1701 2118 autem
1730 2061 1862 2131 iacit
1895 2062 2059 2115 telum

485 2160 660 2214 forma
694 2158 1025 2223 meretricia,
1068 2158 1354 2213 honestqu
1394 2168 1478 2210 est
1504 2164 1715 2226 tergum
1747 2164 1975 2217 vertere,
2006 2165 2061 2208 et

484 2255 771 2312 adversum
796 2252 1002 2305 vultum
1030 2249 1237 2322 fugere.
1265 2249 1325 2304 In
1348 2250 1537 2305 oculos
1557 2248 1700 2304 enim
1734 2249 1898 2303 telum
1929 2248 2061 2302 (Ιίτί-

483 2350 561 2419 git
587 2345 875 2401 fornicatio
901 2362 913 2396 :
940 2352 994 2399 et
1016 2349 1232 2413 oportet
1262 2342 1576 2397 meminisse
1608 2344 1861 2412 praecepti
1888 2341 2059 2409 impe-

482 2437 723 2493 ratoris:
766 2435 954 2505 Fugite
986 2434 1409 2502 fornicationem.
1458 2432 1630 2489 liabet
1667 2434 1811 2488 enim
1856 2435 2058 2504 aliquid

483 2530 659 2599 magis
680 2527 999 2591 timendum,
1017 2541 1179 2597 quam
1198 2526 1302 2579 alia
1319 2526 1544 2581 scelera.
1565 2524 1697 2580 Nam
1715 2526 1818 2580 alia
1839 2527 2058 2598 quidem

483 2627 705 2692 peccata
742 2617 997 2675 videntur
1024 2617 1298 2673 abstinere
1326 2633 1355 2670 a
1393 2633 1559 2672 carne
1590 2632 1780 2671 eorum
1815 2618 1906 2688 qui
1945 2618 2059 2686 ipsa

483 2713 817 2778 admittunt;
862 2720 917 2767 et
944 2712 1091 2779 quod
1125 2717 1304 2764 actum
1335 2715 1440 2771 est,
1477 2710 1530 2763 in
1562 2726 1627 2764 eo
1661 2710 1778 2764 solo
1811 2725 1868 2764 se
1890 2709 2058 2771 sistit,

483 2804 632 2875 quod
680 2802 913 2873 suscipit
939 2796 1209 2856 actionem
1252 2821 1264 2855 :
1301 2810 1360 2853 ut
1396 2803 1449 2855 in
1491 2801 1718 2870 rapinis,
1755 2813 1941 2855 eorum
1976 2808 2060 2853 est

486 2901 661 2954 solum
719 2898 1019 2960 damnum,
1075 2894 1273 2965 quibus
1310 2902 1395 2949 est
1430 2903 1662 2963 raptum.
1698 2891 1753 2945 In
1801 2892 1932 2946 vitio
1971 2892 2057 2944 in-

483 2993 661 3057 vidiae,
704 2991 759 3046 id
796 2990 1033 3058 erumpit
1063 2987 1119 3042 in
1170 3001 1266 3042 eos
1314 2986 1489 3039 solum
1530 2985 1727 3054 quibus
1763 2983 2056 3037 invidetur.

481 3081 542 3137 ln
582 3079 955 3152 syc0pliantiis
990 3085 1046 3132 et
1098 3076 1411 3137 calumniis,
1462 3076 1508 3130 si
1557 3076 1639 3130 eis
1675 3074 1808 3129 fides
1852 3074 2056 3128 habea-

483 3183 594 3241 tur,
646 3172 693 3229 is
732 3175 882 3228 solus
916 3177 1145 3225 vocatur
1193 3169 1246 3222 in
1287 3168 1585 3237 periculum
1609 3208 1623 3232 ,
1657 3167 1749 3236 qui
1782 3166 1862 3220 eis
1896 3181 2057 3236 appe-

483 3267 637 3321 titur.
700 3266 756 3319 Iu
812 3265 880 3318 iis
913 3276 1132 3333 quoque
1188 3260 1481 3321 similiter,
1533 3258 1630 3328 qui
1678 3258 1879 3313 caedem
1919 3260 2061 3313 fece-

483 3365 633 3423 runt,
681 3356 800 3423 ejus
840 3350 943 3417 e'st,
976 3353 1031 3406 in
1059 3366 1219 3421 quem
1246 3349 1385 3404 facta
1426 3357 1530 3412 est,
1568 3347 1948 3404 infortunium.
2002 3347 2059 3403 Si

483 3450 610 3520 quis
672 3447 1008 3502 nefariorum
1047 3443 1323 3498 factorum
1363 3451 1722 3512 persequatur
1770 3442 2014 3496 actiones
2038 3482 2054 3507 ,

482 3539 723 3597 inveniet
763 3552 951 3594 eorum
983 3534 1225 3606 quidem,
1254 3534 1348 3605 qui
1376 3534 1583 3588 faciunt
1608 3532 1905 3603 .injuriam,
1932 3548 2059 3603 par-

484 3642 591 3689 tem
627 3630 866 3695 lucrari;
897 3643 1087 3683 eorum
1130 3634 1332 3689 autem,
1366 3626 1567 3695 quibus
1606 3625 1664 3679 ﬁt
1697 3626 1920 3695 injuria,
1956 3627 2056 3679 da-

482 3736 671 3777 mnum
721 3720 990 3792 accipere.
1029 3715 1346 3772 Fornicatio
1400 3724 1581 3771 autem
1640 3732 1750 3772 non
1826 3716 2057 3787 suscipit

481 3811 752 3885 ejusmodi
800 3811 1127 3867 divisionem
1154 3828 1173 3866 ι
1200 3823 1301 3864 nec
1340 3809 1496 3878 ejus,
1531 3808 1626 3879 qui
1679 3823 1879 3880 passus
1922 3817 2010 3865 est
2039 3847 2055 3874 ,

483 3906 754 3963 actionem
788 3913 1007 3975 separat
1054 3903 1123 3957 ab
1172 3916 1239 3955 eo
1288 3901 1381 3972 qui
1421 3901 1567 3971 egit,
1624 3902 1720 3957 sed
1764 3912 2058 3972 utrumque

482 4000 649 4058 simul
674 3999 889 4064 evertit,
944 4004 999 4053 et
1040 3996 1260 4068 colligat
1297 3997 1576 4051 communi
1625 3996 1846 4051 vinculo
1879 3998 2057 4066 pollu-

481 4095 665 4151 tionis.
720 4092 956 4148 Possunt
1018 4090 1204 4157 avari,
1265 4104 1390 4143 cum
1443 4090 1612 4144 alium
1673 4090 1874 4146 damno
1928 4090 2059 4144 affo-

480 4188 675 4249 cerint,
745 4185 851 4256 ipsi
947 4182 1097 4238 nullo
1165 4182 1371 4239 damno
1453 4182 1610 4236 aliici.
1672 4181 2057 4238 Fornicatores

480 4285 660 4334 autem
693 4291 803 4331 non
833 4282 1066 4345 possunt
1108 4287 1309 4343 corpus
1341 4273 1540 4343 probro
1577 4284 1630 4329 et
1656 4275 1921 4330 dedecore
1942 4275 2056 4329 atii-

2160 417 2407 486 ἀγγελμα
2445 413 2865 485 [στρατιωτικὴν
2899 411 3035 484 πρὸς
3067 410 3143 481 τῷ
3166 410 3307 463 τέλει
3341 410 3727 483 παραγγελίαν]
3754 406 3759 415 ’

2160 508 2528 577 προστιθεῖσα.
2565 507 2817 574 distinere
2870 504 3001 575 γὰρ,
3054 504 3223 574 φησὶ,
3270 502 3386 570 τὴν
3430 505 3728 572 πορνείαν.

2157 600 2286 655 Πᾶν
2305 600 2635 669 ἁμάρτημα,
2660 598 2691 651 ὃ
2711 597 2819 650 ἐὰν
2835 596 3060 665 ποιήσῃ
3077 596 3408 664 ἅνθρωπος,
3437 595 3611 661 ἐκτὸς
3633 595 3736 649 τοῦ

2158 691 2429 759 σώματός
2451 691 2639 745 ἐστιν.
2668 689 2731 741 Oi
2754 687 2846 740 καὶ
2867 686 3022 759 [γὰρ]
3036 686 3143 741 τῶν
3164 684 3437 757 αίσθητῶν
3471 685 3732 756 στρατιῶ-

2158 800 2247 836 ται
2284 783 2571 852 πολέμων,
2603 779 2696 834 νῦν
2747 780 2843 851 μὲν
2894 776 3292 851 ἀντιπροσώπῳ
3328 778 3595 849 συμϐολῇ,
3646 776 3735 831 νῦν

2158 875 2215 928 δὲ
2278 876 2425 946 φυγῇ
2476 872 2825 945 κεχρημένοι,
2880 873 2981 936 τάς
3030 870 3365 943 παρατάξεις
3404 871 3732 939 σοφίζονται.

2163 968 2317 1020 Ἔστι
2340 968 2431 1020 καὶ
2458 965 2692 1036 πόλεμος
2723 964 2923 1035 ψυχῆς,
2957 963 3268 1018 ἀντιστάσει
3293 962 3390 1017 καὶ
3415 960 3564 1033 φυγῇ
3596 976 3739 1030 σοφι-

2161 1063 2403 1134 ζόμενος.
2440 1062 2610 1115 Τοῦτο
2634 1063 2662 1116 6
2690 1060 2899 1122 Παῦλος
2929 1059 3105 1124 εἰδὼς,
3133 1061 3162 1112 6
3186 1059 3287 1130 τῆς
3328 1058 3615 1122 εὐσεϐείας
3656 1074 3740 1110 τα-

2159 1155 2360 1210 κτικῶν
2388 1155 2470 1209 δι’
2512 1154 2826 1225 ἀμφοτέρας
2864 1154 3010 1220 ἄγων
3043 1152 3133 1204 τὸν
3176 1149 3404 1223 στρατὸν
3467 1150 3738 1220 ὲντεχνίας

2160 1244 2507 1319 [εύτεχνίας],
2539 1244 2632 1301 νῦν
2661 1245 2758 1316 μὲν
2786 1245 2883 1315 τὴν
2903 1242 3065 1315 [πρὸς
3102 1242 3222 1315 τὴν]
3258 1242 3442 1314 μάχην
3475 1242 3740 1312 ἐπιμονὴν

2160 1338 2560 1410 παραγγέλλειν
2593 1335 2805 1406 Στῆτε,
2839 1332 3299 1405 περιζωσάμενοι
3357 1333 3472 1401 τὴν
3543 1333 3739 1402 ὀσφὺν

2158 1430 2324 1501 ὑμῶν
2348 1431 2417 1483 ἐν
2436 1429 2685 1496 ἀληθείῃ
2708 1445 2722 1457 ⁸
2765 1427 2859 1481 νῦν
2883 1427 2940 1481 δὲ
2975 1429 3122 1497 φυγῇ
3150 1423 3466 1495 σοφίζεσθαι
3490 1425 3555 1478 τὸ
3586 1424 3741 1477 πολεο

2162 1525 2296 1595 μοῦν
2330 1523 2708 1593 συμϐουλεύει·
2732 1522 2985 1591 Φεύγετε
3007 1519 3122 1589 τὴν
3143 1520 3449 1590 πορνείαν.
3482 1518 3549 1573 Εἰ
3584 1519 3740 1573 πόλε-

2165 1634 2263 1687 μος
2293 1616 2552 1679 ἀπιστίας
2594 1613 2909 1686 προσϐάλῃ,
2946 1615 3215 1685 χρήσιμος
3247 1613 3384 1685 πρὸς
3412 1614 3623 1667 ἐκεῖνον
3648 1612 3739 1666 ἀν

2090 1688 2134 1742 Β
2160 1709 2424 1770 τίστασις.
2451 1709 2513 1761 Εἰ
2556 1708 2612 1761 δὲ
2640 1705 2831 1777 δολερὰ
2862 1703 2952 1779 [ἂν
2992 1703 3180 1778 δόλων]
3214 1704 3519 1759 ἀπειλεῖται
3561 1704 3740 1774 παρά-

2161 1800 2334 1864 ταξις,
2371 1799 2510 1869 καλὴ
2547 1800 2580 1869 ἡ
2612 1797 2744 1868 πρὸς
2783 1797 3005 1861 τούτους
3033 1795 3441 1865 ἀνταγωνιστὰς
3469 1797 3742 1869 προσέδρα

2163 1888 2532 1962 [προσεδρεία]

2238 1985 2334 2036 Ἂν
2376 1978 2468 2036 οῦν
2516 1981 2882 2051 συκοφαντιῶν
2933 1982 3255 2053 ἐπιφέρεται
3304 1979 3485 2046 τόξον.
3526 1981 3740 2033 λυσιτε-

2160 2075 2243 2128 λεῖ
2304 2078 2338 2146 ἡ
2407 2074 2817 2147 ἀντιπρόσωπος
2887 2073 3127 2143 συμϐολὴ
3193 2072 3329 2143 πρὸς
3396 2072 3458 2124 τὸ
3521 2071 3740 2141 ψεῦδος.

2165 2168 2331 2219 Ὅταν
2363 2166 2419 2219 δὲ
2462 2166 2641 2238 μορφὴ
2669 2164 2898 2237 πορνικὴ
2934 2164 3165 2235 τοξεύῃ,
3218 2164 3363 2218 νῶτα
3408 2164 3615 2217 διδόναι
3652 2164 3741 2218 καὶ

2161 2259 2259 2330 τὴν
2306 2259 2715 2329 ἀντιπρόσωπον
2757 2256 2997 2327 φεύγειν.
3058 2255 3420 2321 Κατατοξεύει
3466 2256 3582 2327 γὰρ
3623 2257 3739 2311 κατ’

2162 2349 2453 2420 ὀφθαλμῶν
2483 2352 2515 2420 ἠ
2539 2348 2762 2420 πορνεία
2786 2364 2798 2378 ⁸
2823 2347 2903 2402 διδ
2936 2346 3241 2419 μεμνῆσθαι
3269 2347 3352 2400 δεῖ
3377 2345 3469 2400 τοῦ
3505 2363 3742 2417 στρατη-

2160 2441 2258 2509 γοῦ
2301 2441 2759 2512 παραγγέλλοντος
2782 2458 2797 2473 ·
2826 2441 3078 2511 Φεύγετε
3109 2440 3412 2508 πορνείαν.
3445 2440 3607 2493 Ἐστι
3637 2440 3741 2510 γάρ

2162 2552 2213 2587 τι
2250 2534 2360 2587 τῶν
2400 2533 2572 2587 ἄλλων
2621 2533 3052 2605 πονηρευμάτων
3084 2529 3455 2603 φοϐερώτερον
3487 2529 3742 2601 [φευκτό-

2162 2626 2361 2698 τερον].
2393 2625 2471 2679 Τὰ
2506 2626 2603 2697 μὲν
2635 2625 2742 2697 γὰρ
2776 2625 2909 2681 ἀλλα
2943 2626 3042 2695 τῆς
3071 2623 3345 2696 ἁμαρτίας
3387 2624 3536 2678 κακά
3571 2624 3741 2693 φείδε-

2165 2719 2288 2772 σθαι
2349 2719 2494 2771 δοκεῖ
2535 2719 2632 2789 τῆς
2686 2717 2795 2770 τῶν
2866 2716 3213 2789 πραττόντων
3259 2716 3500 2789 σαρκὸς,
3536 2719 3638 2771 καὶ
3684 2716 3741 2768 τὸ

2163 2809 2402 2882 πραχθὲν
2437 2811 2515 2872 εἰς
2548 2809 2705 2879 μόνον
2727 2809 2819 2861 τὸν
2848 2808 2946 2880 τὴν
2987 2809 3182 2880 πρᾶξιν
3217 2806 3568 2878 ἐνδεχόμενον
3597 2807 3743 2877 ἵστη-

2163 2920 2265 2956 σιν’
2295 2896 2404 2955 οἷον
2426 2903 2482 2955 ὲν
2509 2903 2799 2973 ἁρπαγαῖς,
2829 2902 2937 2953 τῶν
2967 2898 3352 2971 ἀρπασθέντων
3387 2899 3448 2953 τὸ
3478 2897 3742 2969 ζημίωμα

2168 2996 2359 3066 μόνον’
2404 2997 2461 3047 ὲν
2512 2997 2578 3065 τῇ
2630 2994 2739 3047 τῶν
2786 2992 3165 3063 φθονουμένων
3223 2990 3386 3061 ἰσχύϊ,
3429 2993 3561 3061 περὶ
3620 2992 3741 3052 τοὺς

2163 3084 2557 3155 φθονουμένους
2596 3083 2659 3136 τὸ
2704 3082 2874 3147 πάθος
2903 3082 3236 3154 ἐκρήγνυται
3259 3096 3274 3110 ·
3317 3083 3374 3133 ὲν
3414 3082 3536 3143 ταῖς
3591 3097 3744 3132 συκο-

2164 3172 2431 3241 φαντίαις,
2468 3172 2596 3225 ὅταν
2620 3170 2821 3242 τύχωσι
2846 3170 3101 3233 πίστεως,
3137 3170 3295 3240 μόνος
3329 3168 3560 3243 [μόνων]
3586 3166 3742 3234 αὖθις

2160 3264 2255 3317 τοῦ
2289 3264 2787 3334 συκοφαντουμένου
2823 3263 2953 3335 [τῶν
2983 3261 3532 3334 συκοφαντουμένων]
3574 3264 3604 3315 6
3633 3262 3744 3315 κίν-

2160 3357 2348 3420 δυνος·
2396 3358 2453 3409 ὲν
2497 3356 2553 3409 δὲ
2602 3354 2856 3425 φονεῦσι,
2897 3354 2991 3407 τοῦ
3038 3352 3384 3423 φονευθέντος
3412 3352 3474 3406 τὸ
3505 3353 3745 3425 δυσπρά-

2160 3465 2348 3520 γημα·
2395 3448 2489 3501 καὶ
2532 3450 2713 3502 πᾶσαν
2760 3448 2868 3500 τῶν
2912 3445 3088 3516 ἔργων
3129 3445 3328 3499 ἀδίκων
3375 3445 3746 3518 ἐπνρχόμενος

2160 3542 2390 3614 πρᾶξιν,
2434 3542 2653 3613 εὑρήσει
2678 3557 2761 3604 τις
2792 3538 2881 3612 [ἄν
2909 3538 3015 3610 τις]
3061 3539 3187 3603 τοὺς
3246 3538 3344 3608 μὲν
3396 3537 3741 3605 ἀδικοῦντας,

2161 3634 2555 3707 κερδαίνοντας,
2604 3631 2999 3703 ζημιουμένους
3052 3629 3109 3683 δὲ
3160 3630 3285 3693 τοὺς
3331 3628 3742 3701 ἀδικουμένους.

2159 3726 2392 3797 Πορνεία
2439 3724 2496 3778 δὲ
2551 3724 2652 3794 τὴν
2687 3722 2941 3792 τοιαύτην
2985 3722 3085 3775 οὐκ
3132 3717 3240 3774 οἶδε
3289 3721 3593 3792 διαίρεσιν·
3623 3721 3744 3774 οὐδὲ

2157 3816 2383 3888 χωρίζει
2415 3816 2517 3886 τὴν
2562 3814 2656 3868 τοῦ
2686 3814 2948 3877 παθόντος
2972 3815 3036 3866 ὲκ
3067 3814 3159 3866 τοῦ
3181 3812 3476 3884 δράσαντος
3511 3812 3742 3885 πρᾶξιν,

2158 3908 2292 3963 ἀλλὰ
2346 3907 2813 3978 συγκαταστρέφει
2871 3906 2970 3977 μὲν
3024 3904 3163 3976 πρὸς
3206 3904 3407 3976 ζημίαν
3475 3907 3744 3976 ὲπικοίνῳ

2109 4026 2121 4033 ο
2158 4002 2504 4055 συνάπτουσα
2526 4000 2834 4071 [ἐπίκοινον⁹
2867 3998 3124 4052 συνάπτει
3143 3997 3224 4070 δὲ]
3253 3997 3433 4069 δεσμῷ
3459 3998 3743 4069 μολυσμοῦ

2155 4096 2247 4147 τὸν
2264 4094 2460 4165 πόρνον
2482 4095 2575 4146 καὶ
2598 4092 2693 4163 τὴν
2721 4091 3055 4164 πόρνην,καὶ
3073 4088 3439 4159 καταισχύνας
3464 4089 3527 4143 τὸ
3554 4091 3742 4160 σῶμα,

2155 4184 2235 4255 τῷ
2260 4183 2706 4254 καταισχυνθέντι
2735 4185 3259 4256 συγκαταισχύνεται
3277 4198 3292 4213 ·
3326 4185 3452 4247 τοὺς
3481 4186 3746 4255 φονεύον-

2156 4294 2253 4340 τας
2275 4317 2290 4342 ,
2323 4278 2381 4329 ὲν
2434 4276 2511 4347 τῷ
2540 4277 2771 4329 κτείνειν
2793 4316 2808 4339 ,
2842 4277 3115 4347 ἐνδέχεται
3161 4276 3234 4347 μὴ
3275 4276 3746 4349 συναποθνήσκειν

480 4380 604 4421 cere
634 4405 648 4426 ,
692 4365 822 4435 quin
857 4365 1021 4419 etiam
1076 4363 1239 4418 simul
1298 4378 1419 4418 eum
1464 4379 1530 4419 eo
1594 4366 1689 4434 qui
1734 4367 1935 4434 probro
1969 4375 2056 4423 est

2162 4371 2272 4433 τοῖς
2327 4368 2693 4438 φονευθεῖσιν·
2734 4370 2763 4419 ὁ
2793 4368 2849 4422 δὲ
2881 4368 3113 4439 μολύνας
3140 4368 3239 4441 τὴν
3272 4368 3470 4440 σάρκα,
3513 4386 3745 4423 συναπο-

480 4456 726 4518 atl'ectus,
771 4452 873 4522 ipsi
907 4466 1135 4522 quoque.
1153 4451 1353 4521 probro
1378 4452 1699 4510 afficiantur.
1733 4455 1794 4527 [li
1825 4460 1918 4527 qui
1952 4473 2051 4514 oc-

2160 4461 2311 4515 λαύει
2333 4459 2427 4513 τοῦ
2459 4457 2755 4529 μολυσμοῦ.

479 4550 690 4612 cidunt,
724 4549 926 4603 caedem
961 4547 1242 4613 facientes,
1272 4546 1383 4601 fieri
1412 4556 1609 4617 potest,
1634 4557 1694 4603 ut
1727 4567 1834 4606 non
1873 4555 2040 4613 simul
2078 4557 2401 4613 accidantur
2429 4568 2554 4609 cum
2585 4554 2653 4609 iis
2674 4555 2767 4624 qui
2795 4562 2923 4610 sunt
2945 4554 3261 4621 interfecti]
3288 4552 3746 4614 Fornicatoribus

478 4656 683 4708 autem,
718 4647 764 4701 si
796 4660 1015 4700 carnem
1042 4644 1468 4715 iuquinaverint,
1500 4646 1737 4701 noulicet
1765 4664 1887 4705 esse
1915 4652 2136 4709 mundis
2160 4654 2228 4708 ab
2253 4650 2686 4721 inquinamento.

550 4836 847 4893 Considera
881 4848 1060 4892 autem
1096 4835 1227 4889 mihi
1276 4834 1379 4889 hac
1424 4836 1479 4890 in
1529 4852 1589 4894 re
1624 4837 1779 4894 Pauli
1831 4843 2049 4899 subtili-

477 4935 666 4983 tatem.
725 4925 939 4997 Fugite,
982 4926 1177 4996 inquit,
1234 4925 1658 4994 fornicationem.
1706 4929 1819 4985 Cur
1859 4932 2046 5004 ?quo-

477 5022 625 5075 niam
664 5035 818 5073 omne
848 5028 1138 5087 peccatum,
1182 5018 1321 5089 quod
1355 5018 1534 5087 fecerit
1583 5019 1756 5089 homo,
1787 5034 1864 5077 est
1892 5036 2045 5082 extra

476 5128 666 5183 corpus
692 5110 926 5183 (nempe
958 5109 1202 5178 corporis
1229 5124 1337 5165 non
1372 5125 1729 5182 corrumpens
1768 5123 2045 5187 naturam,

476 5213 532 5260 et
568 5219 676 5259 non
730 5203 1039 5259 consistens
1068 5201 1137 5257 ad
1168 5203 1537 5257 membrorum
1586 5204 1961 5274 ignominiam,
1992 5220 2054 5265 et

476 5309 585 5350 non
625 5294 952 5365 completum
999 5293 1410 5365 inquinamento
1454 5296 1721 5365 corporis,
1784 5299 1879 5354 sed
1926 5301 2055 5357 effe-

475 5367 624 5440 ctum
653 5385 807 5440 extra
849 5385 1108 5442 damnum
1149 5386 1420 5457 corporis,
1458 5388 1602 5458 quod
1652 5389 1703 5442 id
1733 5392 1843 5461 egit
1873 5393 1922 5462 );
1953 5395 2052 5466 qui

478 5485 661 5533 autem
689 5477 1013 5547 fornicatur,
1059 5481 1111 5533 in
1146 5480 1426 5551 praprium
1464 5496 1665 5552 corpus
1697 5498 1906 5555 peccat,
1934 5500 2050 5561 mea

543 5657 765 5735 ειεοτ.
798 5678 868 5728 νι,
915 5662 997 5717 18.
1074 5666 1092 5694 ²
1125 5661 1320 5735 Eplies.
1364 5680 1437 5731 vi,
1468 5665 1548 5720 Η.

2176 4840 2179 4845 ’
2229 4846 2342 4902 Καὶ
2372 4845 2562 4899 σκόπει
2613 4859 2704 4910 μοι
2742 4839 2840 4912 τὴν
2868 4841 2946 4903 είς
2987 4838 3144 4893 τοῦτο
3178 4838 3271 4892 τοῦ
3302 4838 3511 4892 Παύλου
3542 4818 3760 4893 λεπτοοθ

2159 4935 2363 5008 λοχίαν.
2398 4938 2648 5007 Φεύγετε
2668 4974 2683 5000 ,
2713 4933 2867 5005 φησὶ,
2907 4931 3022 5001 τὴν
3051 4932 3353 5000 πορνείαν.
3385 4927 3483 4983 Διά
3532 4930 3629 4996 τίς
3664 4931 3745 4983 ὅτι

2158 5029 2291 5087 Πᾶν
2303 5025 2636 5101 ἁμάρτημα,
2660 5029 2816 5084 ὃέὰν
2841 5027 3065 5094 ποιήσῃ
3092 5021 3614 5092 ἄνθρωπος-,ἐκτὸς
3636 5022 3744 5076 τοῦ

2153 5121 2433 5192 σώματός
2472 5120 2605 5176 ἐστι
2646 5119 2732 5193 (τῇ
2783 5119 2877 5173 τοῦ
2924 5119 3173 5189 σώματος
3221 5114 3296 5186 μὴ
3344 5113 3745 5185 λυμαινόμενον

2162 5213 2321 5286 cpiast
2340 5232 2354 5247 ·
2386 5213 2502 5270 ἀλλ’
2524 5211 2630 5283 ἔξω
2666 5212 2760 5267 τοῦ
2785 5213 2884 5285 τὴν
2921 5210 3122 5283 βλάϐην
3143 5206 3442 5278 πράξαντος
3484 5205 3743 5275 σώματος

2159 5306 2520 5378 ὲνεργεϊταεβο
2542 5307 2571 5360 6
2595 5305 2652 5359 δὲ
2681 5304 2981 5381 πορνεύων,
3004 5305 3083 5366 εἰς
3112 5301 3173 5354 τὸ
3208 5299 3334 5352 ἴδιον
3364 5296 3521 5367 σῶμα
3548 5297 3743 5369 ἁμαρ-

2159 5398 2308 5451 τάνει
2345 5413 2358 5427 ·
2393 5396 2493 5467 οὐχ
2538 5394 2725 5469 ὥσπερ
2752 5398 2781 5450 6
2814 5395 3005 5466 φονεὺς
3036 5394 3115 5455 είς
3158 5388 3460 5460 ἀλλότριον,
3490 5386 3742 5457 ἄτρωτον

2162 5489 2355 5546 ἑαυτοῦ
2390 5489 2548 5562 σῶμα
2572 5488 2851 5561 συντηρῶν
2868 5506 2880 5518 ο
2914 5488 3011 5559 οὺχ
3038 5485 3225 5555 ὥσπερ
3252 5483 3280 5535 6
3308 5479 3638 5549 πλεονέκτης
3660 5479 3741 5543 είς
