3844 6424
138 324 234 379 895

1380 327 1658 384 CONTRA
1685 328 2166 386 FORNICARIOS.

3307 333 3412 391 494

137 447 338 515 ἕτερον,
371 443 470 514 τὴν
508 442 607 513 τῆς
643 442 779 506 ἰδίας
809 443 1009 512 σαρκὸς
1045 443 1448 513 φυλαττόμενος
1486 443 1719 516 βλάϐην·

1828 444 1970 499 sicut
1996 443 2268 499 homicida
2305 445 2360 500 in
2392 447 2651 514 alienum,
2678 448 3084 504 invulneratum
3110 463 3270 503 suum
3294 465 3413 506 cor-

135 539 242 592 ἀλλ’
269 538 438 600 αὐτὸς
473 536 666 590 ἑαυτοῦ
709 536 1032 606 διαφθορεὺς
1059 539 1086 590 ὁ
1113 537 1340 608 πόρνος,
1364 538 1526 600 αὐτὸς
1549 537 1726 608 ἐαυτῷ

136 630 188 682 τὸ
234 629 337 698 τῆς
381 628 605 698 ἀτιμίας
659 627 971 698 περιπείρει
1026 628 1197 698 βέλος.
1248 630 1304 682 '0
1365 629 1600 700 κλέπτης
1641 631 1727 683 ἵνα

135 722 308 794 θρέψῃ
341 722 403 774 τὸ
442 722 624 791 σῶμα,
658 720 832 789 τολμᾷ
869 719 967 790 τὴν
1008 721 1244 791 κλοπήνο
1278 723 1306 774 ὁ
1340 723 1536 792 πόρνος
1567 723 1622 776 δὲ
1657 726 1722 793 τῇ

135 817 225 885 τῆς
267 817 412 878 ἰδίας
459 813 662 885 σαρκὸς
709 813 1063 884 προσεδρεύει
1111 813 1352 886 λῃστείᾳ.
1396 815 1498 866 Τὸν
1539 815 1725 868 πλεονε-

135 910 317 978 έκτην,
338 909 478 978 πρὸς
495 905 746 977 ἁρπαγὴν
762 907 785 956 ἐ
795 904 995 974 ρευίζει
1018 905 1286 978 φιλοκερδ[
1298 908 1432 979 ε]ίας
1449 908 1726 980 [φιλοκερ-

133 1001 240 1071 δὴς]
275 1001 539 1071 λογισμός
560 1019 574 1033 ο
618 998 844 1070 πορνεία
867 996 946 1060 δέ,
990 999 1161 1068 ζημία
1186 1003 1313 1070 περὶ
1338 999 1431 1052 τοῦ
1453 999 1576 1071 ⁵[καί
1604 1000 1722 1072 τοῦ]

135 1099 388 1166 σώματος
422 1099 773 1169 σεμνότητος.
818 1097 909 1168 Τῷ
943 1097 1198 1167 βασκάνῳ
1227 1095 1626 1158 κατασκευάζει
1661 1095 1722 1145 τὸ

134 1191 302 1253 πάθος
322 1191 679 1261 δοξαζόμενος
707 1191 911 1259 ἕτερος*
933 1193 961 1242 ὁ
991 1189 1184 1259 πόρνος
1218 1187 1393 1256 δὲτὴν
1424 1186 1558 1238 ἰδίαν
1589 1187 1720 1240 αύτ-

132 1287 320 1353 ουργεῐ
358 1281 572 1345 ἀδοξίαν
607 1281 727 1352 [τῆς
783 1282 916 1344 ἰδίας
951 1283 1097 1333 ἐστὶν
1127 1279 1426 1350 αὐτουργὸς
1457 1278 1717 1348 ἀδοξίαςῙ.

133 1376 190 1427 Τί
217 1375 333 1445 γὰρ
362 1376 684 1445 ἀτιμότερον
736 1374 1067 1442 σκευοφόρου
1115 1373 1400 1442 πορνείας;
1433 1372 1589 1424 Πᾶσα
1620 1370 1719 1437 μὲν

134 1469 318 1532 ἄδοξος
351 1469 454 1538 τῆς
495 1468 770 1538 ἁμαρτίας
801 1467 1014 1520 δουλεία
1045 1485 1057 1495 ·
1086 1468 1275 1535 ἀτιμοῖ
1303 1465 1410 1534 γὰρ
1443 1462 1586 1534 [τῆς]
1613 1463 1717 1531 ψυ-

131 1566 230 1632 χῆς
268 1560 370 1630 τὴν
409 1560 703 1629 εὐγένειαν.
748 1559 807 1611 Ὁ
857 1559 913 1612 δὲ
954 1559 1148 1628 πόρνος
1174 1557 1450 1628 ἁμαρτίας
1479 1555 1721 1620 ἀδοξότε-

133 1672 224 1724 ρος
271 1654 481 1716 δοῦλος.
510 1651 778 1724 Βόρϐορον
824 1653 931 1723 γὰρ
961 1651 1171 1704 ἀντλεῖν
1198 1651 1326 1720 παρ’
1359 1649 1525 1718 αὐτῆς
1566 1665 1721 1700 τετα-

126 1746 367 1814 γμένος,
403 1744 680 1815 μολυσμοῦ
733 1743 954 1812 συνάγει
1006 1743 1216 1814 σωρὸν,
1267 1743 1359 1795 καὶ
1409 1740 1719 1811 ἀκάθαρτον

1661 1834 1685 1845 ..
1753 1795 1795 1849 Β

126 1839 437 1909 λειτουργεῖ
465 1838 746 1908 ἐργασίαν.
776 1839 847 1890 Ἢ
873 1839 934 1890 ού
957 1837 1128 1891 δεινὸν
1161 1834 1509 1904 ἐγκυλίεσθαι
1543 1834 1716 1905 πηλῷ,

125 1931 450 2001 αἰσχρότητι
480 1929 784 2002 τρίὸεσθαι,
827 1931 1026 2001 ῥάκους
1059 1928 1202 1998 ἔχειν
1220 1928 1282 1980 τὸ
1311 1927 1470 1997 σῶμα
1493 1927 1553 1979 ού
1581 1928 1722 1980 διαλ-

125 2021 354 2085 λάττονς
387 2021 523 2073 Ποία
564 2020 671 2092 γὰρ
704 2021 903 2090 ῥάκους
952 2019 1045 2072 καὶ
1079 2018 1279 2089 πόρνου
1311 2017 1543 2087 διαφορά
1574 2035 1586 2083 ;
1614 2017 1719 2070 Τοῦ

122 2105 222 2179 τῆς
285 2111 617 2182 Ἐκκλησίας
667 2110 1021 2181 ἀποσχίζεται
1083 2107 1363 2178 σώματος·
1439 2108 1719 2178 φθείρεται

123 2203 475 2275 καθημερινῇ
515 2203 769 2272 σηπεδόνι
790 2205 910 2265 ταῖς
940 2201 1040 2271 τῆς
1077 2199 1350 2272 ἁμαρτίας
1383 2200 1616 2269 ἡδοναῖς,
1643 2199 1718 2262 ὡς

120 2298 402 2368 ἄχρηστον
443 2297 900 2368 ὲναπορρίπτεται
944 2295 1128 2364 ῥάκος,
1157 2295 1333 2346 κεῖται
1360 2293 1511 2348 πᾶσι
1547 2309 1716 2346 κατα-

121 2392 359 2461 πάτημα
378 2393 493 2453 τοῖς
525 2390 793 2460 δαίμοσιν.
821 2390 916 2452 El;
945 2389 1108 2442 αὑτὸν
1136 2389 1164 2440 ὁ
1182 2385 1426 2449 διάϐολος
1456 2387 1556 2456 τὴν
1581 2386 1716 2438 ίδίαν

119 2487 229 2537 ἀπο
235 2483 510 2556 μάσσεται
539 2483 720 2552 σῆψιν.

1829 553 1932 607 pus
1960 553 2334 593 conservans:
2367 554 2477 593 non
2511 541 2655 595 sicut
2682 557 2880 598 avarus
2910 542 2964 596 in
3009 542 3264 607 alterum,
3296 559 3410 599 sua:

1830 631 2013 686 carnis
2050 646 2251 687 cavens
2297 630 2701 689 offensionem:
2749 635 2843 690 sed
2891 635 3007 705 ipse
3056 635 3142 690 sui
3212 651 3408 692 eorru-

1825 734 1968 792 ptor,
2007 723 2304 780 fornicator
2340 728 2631 798 conﬁgitur
2669 728 2786 798 ipse
2827 729 2934 784 telo
2988 744 3101 784 sua:
3145 730 3406 786 infamiae.

1827 813 1936 868 Fur
1966 826 2022 868 ut
2073 816 2181 868 alat
2223 832 2442 886 corpus,
2496 818 2659 872 audet
2709 819 2929 888 aggredi
2986 819 3221 876 facinus.
3263 820 3405 875 For-

1827 906 2040 960 nicator
2091 915 2272 961 autem
2312 924 2425 962 suae
2471 909 2622 962 carni
2677 917 2836 979 parat
2884 909 3156 977 insidias,
3188 919 3247 967 ut
3286 927 3406 967 eam

1826 997 2188 1066 deprazdetur.
2233 1001 2471 1055 Avarum
2528 993 2598 1055 ad
2625 1003 2871 1070 rapinam
2903 1003 3100 1058 incitat
3143 1005 3282 1060 lucri
3309 1021 3410 1076 ap-

1825 1101 2018 1160 petens
2067 1093 2370 1163 cogitatio:
2415 1093 2706 1149 fornicatio
2756 1104 2936 1151 autem
2987 1097 3248 1152 damnum
3305 1099 3406 1154 lto-

1826 1188 2057 1240 nestatis
2101 1188 2373 1256 corporis.
2442 1187 2650 1241 Invidia
2713 1189 2876 1243 struit
2907 1189 3122 1245 facinus
3149 1230 3164 1255 ,
3201 1198 3255 1246 et
3287 1192 3406 1262 glo-

1825 1279 1960 1331 riam
1998 1279 2154 1332 alteri
2188 1280 2344 1333 alfert
2376 1279 2711 1334 :l‘ornicator
2740 1288 2920 1334 autent
2962 1281 3070 1336 sibi
3103 1296 3257 1336 suam
3279 1298 3406 1352 ope-

1825 1375 1978 1420 ratur
2030 1367 2405 1436 ignontinian't.
2461 1368 2603 1434 Quid
2657 1378 2742 1425 est
2796 1371 2938 1424 enim
3000 1372 3404 1430 fornicatione.

1824 1475 1942 1526 quae
1972 1472 2230 1528 tanquam
2267 1461 2372 1512 lixa
2424 1459 2528 1515 fert
2583 1461 2973 1530 impedimenta
3007 1501 3023 1526 ,
3087 1465 3305 1532 turpius
3353 1472 3408 1518 et

1823 1551 2288 1620 iguominiosius?
2337 1550 2527 1608 Omnis
2583 1555 2728 1607 enini
2768 1557 3004 1610 servitus
3056 1557 3263 1626 peccati
3291 1567 3406 1610 tnr-

1821 1646 1906 1714 pis
1935 1655 2018 1698 est
2048 1652 2100 1697 et
2136 1645 2502 1713 ignominiosa
2530 1665 2543 1698 :
2582 1646 2744 1701 allicit
2777 1649 2922 1701 enim
2959 1649 3261 1717 ignominia
3292 1651 3408 1704 ani-

1823 1751 1924 1789 ma:
1966 1734 2334 1790 nobilitatem.
2379 1735 2702 1792 Fornicator
2737 1747 2920 1795 autem
2969 1742 3178 1810 peccati
3209 1757 3405 1799 servus

1823 1828 2032 1897 turpior
2070 1838 2124 1882 et
2151 1829 2568 1897 ignominiosior
2606 1832 2694 1884 cui
2730 1832 2919 1886 datum
2954 1841 3040 1888 est
3085 1833 3155 1888 ab
3201 1847 3266 1888 eo
3309 1850 3408 1888 ne-

1822 1923 2025 1989 gotium
2055 1963 2070 1986 ,
2098 1929 2160 1974 ut
2194 1935 2412 1976 cautum
2457 1923 2667 1978 hauriat
2697 1965 2712 1988 ,
2742 1934 2797 1978 et
2855 1926 3102 1980 sordium
3156 1926 3406 1998 congerit

1819 2014 2120 2076 cumulum,
2147 2022 2310 2083 atque
2339 2015 2620 2069 immundo
2649 2033 2872 2072 munere
2894 2017 3157 2087 fungitur.
3190 2018 3270 2072 An
3294 2034 3406 2073 non

1819 2115 1903 2160 est
1933 2121 2022 2160 res
2050 2106 2254 2175 gravis,
2304 2118 2360 2161 et
2405 2117 2562 2172 tetra,
2605 2110 2836 2163 volutari
2866 2112 2921 2164 in
2952 2125 3132 2176 caeno,
3173 2113 3410 2179 turpitu-

1819 2197 1944 2253 dine
1978 2199 2160 2259 atteri.
2193 2199 2391 2254 habere
2433 2203 2779 2270 corpus’non
2829 2201 3087 2257 differens
3120 2218 3148 2256 a
3181 2202 3408 2273 panno?

1824 2290 2083 2356 Quaenam
2117 2292 2260 2346 enim
2291 2302 2374 2348 est
2398 2294 2560 2360 panni
2588 2301 2641 2347 et
2671 2292 3022 2350 fornicatoris
3059 2293 3410 2350 differentia!

1825 2383 1904 2438 Eo
1941 2383 2086 2454 quod
2121 2386 2190 2439 ab
2216 2385 2591 2440 Ecclesiaesit
2626 2387 2908 2443 abscissus
2948 2403 3198 2459 corpore,
3228 2387 3410 2459 quoti-

1820 2479 1984 2533 diana
2021 2479 2395 2546 corrumpitur
2427 2478 2755 2546 putredine;
2793 2482 3071 2550 projectus
3097 2482 3244 2551 jacet
3280 2487 3442 2534 tan-‘

119 2592 289 2650 quam
323 2590 544 2647 pannus
573 2576 803 2641 inutilis,
835 2576 990 2630 etab
1017 2576 1273 2632 omnibus
1313 2575 1669 2631 conculcatur
1707 2574 2070 2630 daemonibus.
2108 2575 2170 2627 ln
2208 2589 2274 2628 eo
2317 2573 2568 2628 diabolus
2613 2589 2768 2629 suam
2812 2575 3016 2645 subigit
3054 2585 3108 2631 et
3141 2575 3410 2646 imprimit

117 2669 611 2744 putrefactionem.

184 2813 305 2884 Τῆς
320 2812 380 2866 δὲ
406 2812 603 2882 νοητῆς
623 2807 715 2863 τοῦ
747 2810 945 2880 πόρνου
974 2807 1356 2880 κακοπραγίας
1387 2809 1420 2878 ἡ
1452 2807 1715 2879 πρόδηλος

115 2909 218 2960 οὐκ
253 2905 516 2960 ἐλάττων.
553 2901 711 2955 Ἐστι
744 2901 852 2972 γὰρ
878 2899 1138 2970 φευκτέος
1159 2900 1332 2961 οἰκίας
1365 2897 1618 2969 [φευκτὸς
1647 2899 1718 2950 οξ-

1893 2801 1969 2854 Ea
2009 2809 2212 2864 autem,
2265 2817 2386 2870 qua)
2419 2801 2566 2856 cadit
2614 2803 2718 2859 sub
2774 2804 3190 2875 intelligentiam
3232 2807 3406 2865 fomi-

1824 2891 2027 2945 catoris
2061 2890 2279 2945 miseria
2330 2899 2384 2944 et
2435 2891 2791 2956 infelicitate,
2840 2911 2949 2950 non
2991 2908 3075 2950 est
3132 2900 3308 2969 major
3337 2917 3403 2958 ea

116 2993 316 3068 κίαις],
333 2993 610 3056 ἀπευκτὺς
635 2989 964 3060 συντυχίαις,
981 2991 1092 3052 τοῖς
1124 2987 1513 3056 πλησιάζουσιν
1539 2985 1715 3056 ὕϐρις,

1824 2996 1944 3052 ψιιε
1986 2990 2070 3036 est
2108 2990 2294 3050 aperta
2325 2991 2378 3037 et
2428 2982 2741 3040 manifesta.
2779 2986 2877 3042 Est
2923 2990 3068 3042 enim
3107 2988 3161 3044 in
3190 2990 3404 3050 aedibus

112 3093 232 3153 τοῖς
267 3086 646 3158 ἐχθραίνουσιν
680 3083 899 3146 ὄνειδος,
921 3085 1238 3150 συγγενέσιν
1273 3078 1522 3150 αἰσχύνη,
1547 3079 1720 3131 συνοί-

115 3201 233 3246 κοις
258 3176 772 3252 ἐπάρατος,ἀθυμία
816 3174 1086 3244 γονεῦσιν,
1103 3173 1341 3236 οἰκέταις
1367 3172 1716 3243 θεατρισμὸς,

112 3277 296 3345 γέλως
352 3275 448 3327 καὶ
487 3273 732 3343 διήγημα
767 3268 1108 3342 [γελώμενον
1148 3267 1391 3337 διήγημα
1416 3264 1428 3337 ι
1458 3264 1717 3334 γείτοσιν,

113 3370 299 3440 γῆμαι
339 3365 658 3429 σπουδάζων
698 3362 1020 3433 ἀπόϐλητος,
1070 3361 1310 3422 ὕποπτος
1344 3357 1482 3429 μετὰ
1539 3358 1718 3426 γάμον

113 3461 377 3530 νυμφίος.
411 3456 680 3511 Τοσούτου
716 3455 952 3525 πλήθους
981 3454 1080 3524 τὴν
1130 3451 1384 3522 πορνείαν
1432 3451 1642 3520 μητέρα
1681 3452 1708 3503 ὀ

114 3551 336 3614 Παῦλος
373 3549 666 3620 θεώμενος,
688 3548 788 3618 τὴν
811 3547 1124 3618 νικητήριον
1146 3544 1324 3615 φυγὴν
1343 3541 1707 3612 ἐγκελεύεταιο

114 3646 379 3715 Φεύγετε
405 3644 522 3712 τὴν
558 3643 862 3710 πορνείαν.

1820 3074 2134 3142 fugiendus,
2184 3075 2241 3128 in
2283 3077 2671 3144 congressibus
2717 3079 3118 3137 abominandus
3150 3123 3166 3148 ,
3202 3094 3400 3141 contu-

1819 3169 1981 3221 melia
2034 3168 2640 3241 appropinquantibus,
2684 3171 2926 3230 inimicis
2991 3179 3347 3247 opprobrium
3381 3221 3398 3247 ,
3454 3157 3460 3160 Π

1819 3259 2068 3330 cognatis
2112 3261 2396 3328 probrum,
2440 3276 2503 3315 ac
2535 3261 2776 3318 dedecus
2815 3265 2884 3320 iis
2933 3268 3025 3336 qui
3053 3271 3218 3324 simul
3250 3271 3405 3328 habi-

1818 3357 1966 3415 tant,
2001 3352 2430 3416 exsecrandum,
2474 3353 2630 3408 dolor
2669 3357 3005 3426 parentibus,
3044 3345 3264 3419 famulis
3301 3380 3404 3435 pu-

1816 3442 2018 3496 blicum
2055 3445 2369 3512 ludibrium,
2394 3445 2589 3500 vicinis
2619 3447 2850 3502 ridicula
2882 3453 3149 3508 narratio.
3189 3453 3246 3509 Si
3274 3457 3406 3512 velit

1823 3557 2045 3598 uxorem
2074 3543 2275 3598 ducere
2306 3584 2320 3607 ,
2362 3545 2718 3614 rejiciendus.
2764 3545 2823 3600 In
2861 3549 3215 3605 matrimonio
3279 3568 3407 3608 sus-

1821 3645 2014 3704 pectus
2049 3650 2309 3705 sponsus.
2342 3635 2505 3692 Pater
2553 3638 2680 3694 ﬁliis
2730 3640 2958 3697 odiosus
2989 3682 3004 3707 ,
3053 3643 3406 3714 despicabilis

114 3737 498 3806 consiliarius,
553 3739 788 3808 largiens
843 3737 1128 3806 ingratus,
1177 3739 1368 3802 petens
1422 3731 1707 3801 ingratior,
1749 3739 2003 3787 mortuus
2034 3735 2212 3803 magis
2243 3733 2500 3789 laborans
2565 3734 2815 3792 infamia.
2883 3736 3076 3794 Tanta:
3137 3741 3409 3826 malorum

115 3833 496 3889 multitudinis
530 3839 761 3885 matrem
801 3829 995 3883 videns
1034 3827 1238 3882 Paulus
1269 3825 1714 3888 fornicationem,
1753 3824 2039 3880 victricem
2081 3827 2240 3882 nobis
2294 3829 2458 3883 tnodo
2535 3830 2860 3900 pratcipiens
2917 3832 3125 3903 fugam,
3199 3824 3407 3891 clama-

114 3929 246 3984 hat:
283 3924 481 3995 Fugite
509 3923 932 3993 fornicationem.

188 4065 346 4134 Αὐτὴ
372 4065 405 4133 ἡ
433 4059 584 4131 φωνῆ
600 4059 883 4113 νεανίσκου
913 4074 978 4122 με
1004 4055 1100 4109 νῦν
1119 4055 1391 4126 ἀνέμνησε
1419 4054 1712 4126 σώφρονος,

117 4161 243 4215 κατ’
271 4151 661 4223 Αἰγυπτιακῆς
709 4150 967 4222 πορνείας
1008 4149 1093 4203 διὰ
1147 4152 1324 4221 φυγῆς
1365 4149 1716 4220 ἀριστεύσαν-

112 4271 229 4316 ⁸τος.
291 4248 492 4303 Καίτοι
545 4242 715 4296 πολλά
764 4242 843 4312 τῷ
896 4243 1162 4312 νεανίσκῳ
1205 4242 1305 4312 τὴν
1360 4241 1531 4294 πειθὼ
1579 4260 1709 4297 κατ-

1894 4055 2012 4111 Vox
2062 4056 2216 4112 Pauli
2267 4075 2413 4114 nunc
2443 4061 2605 4117 nobis
2653 4065 2934 4118 revocavit
2983 4067 3039 4120 in
3079 4073 3404 4131 memoriam

1820 4151 2077 4220 pudicum
2104 4151 2504 4208 adolescentem
2546 4156 2638 4224 qui
2681 4171 2740 4210 se
2771 4156 2989 4212 fortiter
3010 4161 3178 4230 gessit
3209 4164 3406 4221 adver-

1820 4259 1915 4300 sus
1944 4243 2326 4315 Egyptiacam
2353 4246 2796 4303 fornicationem.
2838 4249 3005 4320 Atqui
3037 4254 3208 4310 multa
3252 4267 3409 4315 erant

115 4343 443 4407 εσκεύαζεν,
475 4339 662 4411 ἡλικία
689 4335 988 4407 φιλήδονος,
1024 4334 1264 4397 δουλείας
1295 4335 1477 4402 ζυγὸς,
1499 4335 1708 4388 δεσποί-

1823 4350 1940 4406 quae
1969 4335 2372 4391 adolescentem
2408 4337 2570 4393 facile
2599 4355 2820 4396 movere
2857 4354 3132 4412 poterant,
3177 4357 3238 4403 ut
3283 4367 3408 4421 per-

113 4458 217 4511 νης
264 4433 511 4510 ἐρωτικὴ
553 4429 832 4485 κολακεία.
875 4427 1148 4498 Ἐγένετο
1183 4429 1290 4497 γὰρ
1329 4429 1571 4494 τοιαύτη
1623 4445 1712 4495 τις

115 4531 336 4600 ἡμέρα,
373 4528 530 4598 φησι,
556 4525 655 4579 καὶ
684 4521 969 4591 εἰσῆλθεν
1006 4520 1228 4590 Ἰωσὴφ
1262 4526 1350 4588 εἰς
1377 4521 1493 4590 τὴν
1517 4523 1712 4575 οἰκία-ν

115 4624 315 4678 ποιεῖν
353 4625 428 4675 τὰ
463 4622 607 4689 ἔργα
644 4617 828 4672 αὑτοῦ
849 4657 864 4681 ,
903 4615 1001 4669 καὶ
1039 4614 1234 4680 οὐδεὶς
1265 4612 1344 4684 ἦν
1391 4615 1510 4668 τῶν
1534 4615 1604 4669 ἐν
1638 4615 1712 4685 τῇ

114 4719 280 4784 οἰκίᾳ
309 4714 454 4776 ἔσω,
489 4712 585 4766 καὶ
618 4708 1009 4763 ἐπεσπάσατο
1042 4709 1080 4775 ἠ
1120 4707 1296 4773 κυρία
1326 4705 1444 4759 τῶν
1469 4708 1714 4776 ἱματίων

111 4805 330 4868 αὑτοῦ,
367 4805 640 4874 λέγουσα
669 4818 684 4833 ⁸
726 4801 1048 4871 Κοιμήθητι
1088 4801 1216 4870 μετ’
1247 4799 1414 4869 ἐμοῦ.
1445 4801 1606 4868 Μέγα
1652 4801 1712 4853 τὸ

113 4901 221 4971 τῆς
262 4896 622 4968 σωφροσύνης
659 4894 874 4963 ἀξίωμα
906 4911 919 4925 ο
943 4893 1036 4946 τοῦ
1065 4893 1249 4946 δούλου
1301 4893 1401 4962 τὴν
1429 4891 1712 4945 δέσποιναν

115 4989 496 5044 κατεσκεύασε
531 4985 742 5055 δούλην.
795 4985 1197 5056 Πεπυρωμένον
1241 4982 1342 5053 τῆς
1374 4985 1630 5056 πορνείας
1655 4987 1714 5038 τὸ

117 5083 312 5151 βέλος,
361 5081 478 5135 ἀλλ’
527 5080 660 5150 ὓλην
710 5077 891 5149 ψυχῆς
938 5078 1236 5148 καιομένης
1283 5077 1381 5148 οὐχ
1431 5070 1592 5148 εὗρε,
1634 5081 1715 5142 εἰς

113 5173 324 5242 ἐσθῆτα
371 5172 430 5224 δέ
476 5170 576 5241 τὴν
614 5170 856 5222 διάλυσιν
902 5168 1059 5238 ἔσχεν
1095 5165 1461 5240 [καιομένην].
1503 5170 1570 5221 Ἥ
1616 5169 1714 5239 μὲν

112 5265 272 5333 ἔλεγε
309 5282 322 5292 ·
370 5262 697 5332 Κοιμήθητι
754 5264 880 5329 μετ’
931 5260 1116 5330 ἐμοῦο
1162 5263 1528 5334 ἀντεκήρυττε
1575 5263 1630 5315 δέ
1678 5263 1711 5332 ἡ

113 5352 451 5426 σωφροσύνη
476 5352 555 5423 τῷ
583 5353 688 5423 νέῳ
707 5368 719 5381 ·
745 5351 1095 5421 Γρηγόρησον
1129 5349 1246 5422 μετ’
1273 5351 1408 5421 ἐμοῦ
1430 5367 1444 5381 ·
1483 5351 1576 5404 καὶ
1601 5353 1713 5413 τοῖς

110 5449 304 5519 ἔργοις
329 5448 539 5508 ἐκεῖνος
575 5443 763 5514 ἐδήλου
792 5443 853 5496 τὸ
879 5442 1173 5512 ἄγρυπνον.
1209 5443 1284 5495 Οὐ
1319 5443 1427 5513 γάρ
1451 5443 1712 5507 ἐνύσταξε

107 5543 235 5604 ταῖς
263 5538 580 5600 κολακείαις
606 5541 635 5590 ὁ
663 5538 834 5600 τόνος.
883 5536 994 5606 Οὐχ
1022 5535 1270 5589 ὕπνωσεν
1307 5537 1339 5603 ἡ
1371 5536 1562 5608 γνώμη
1593 5540 1711 5596 ταῖς

108 5629 393 5698 ἐπῳδαῖς·
441 5627 579 5681 ἀλλά
632 5622 702 5697 ἦν
748 5625 898 5697 αὐτῷ
951 5627 1253 5699 πικροτέρα
1298 5625 1563 5696 λοιδορίας
1609 5628 1706 5699 τῆς

178 5811 232 5844 ν
265 5804 401 5862 Gen.
426 5822 615 5876 χχιιι,
650 5807 736 5874 ll,
771 5807 837 5862 12
871 5821 991 5877 sqq.

1820 4425 2186 4485 suaderetur:
2211 4438 2344 4484 aetas
2365 4429 2574 4486 libidini
2593 4433 2853 4501 obnoxia,
2871 4436 3065 4508 jugum
3100 4443 3406 4510 servitutis,

1813 4520 2049 4576 dominae
2078 4523 2358 4578 amatoriae
2409 4523 2710 4590 blanditiae,
2764 4525 2834 4582 de
2883 4529 3164 4599 impudico
3223 4549 3409 4594 amore

1812 4623 2107 4682 perpetuus
2142 4629 2342 4678 sermo,
2376 4614 2447 4670 ad
2496 4619 2852 4673 concubitum
2915 4621 3059 4676 clam
3120 4624 3264 4680 facta
3312 4628 3410 4683 ad-

1813 4705 2073 4762 hortatio.
2114 4705 2243 4761 Fuit
2270 4709 2416 4763 enim
2459 4709 2655 4780 inquit,
2696 4713 2911 4780 quidam
2941 4713 3073 4781 dies,
3107 4726 3159 4771 et
3189 4719 3403 4790 ingres-

1813 4814 1904 4852 sus
1937 4807 2015 4851 est
2047 4798 2246 4870 Ioseph
2272 4801 2327 4854 in
2383 4802 2621 4865 domum,
2669 4817 2728 4856 ut
2783 4806 2982 4872 faceret
3017 4823 3177 4876 opera
3201 4827 3322 4872 sua,
3355 4823 3406 4867 et

1814 4908 1964 4944 nemo
1997 4903 2110 4945 erat
2142 4909 2207 4946 ea:
2247 4895 2314 4947 iis
2360 4897 2449 4964 qui
2490 4896 2633 4949 domi
2680 4909 2867 4963 erant,
2918 4902 3100 4967 intus;
3138 4913 3189 4956 et
3239 4913 3405 4958 vestes

1813 4983 1926 5051 ejus
1960 4986 2187 5037 attraxit
2246 4985 2484 5049 domina,
2550 4988 2768 5042 dicens:
2833 4990 3016 5045 Dormi
3071 5009 3273 5047 mecum
3331 4995 3398 5050 ".

1817 5073 2010 5146 Magna
2041 5084 2127 5131 est
2165 5076 2408 5147 dignitas
2447 5081 2828 5150 temperantiae
2860 5100 2872 5136 :
2900 5083 3179 5137 dominam
3222 5085 3405 5140 reddi-

1814 5168 1893 5222 dit
1926 5184 2138 5224 servam
2174 5172 2337 5225 servi.
2381 5171 2552 5244 [Nam
2598 5174 2676 5228 illi
2716 5174 2934 5243 quidem
2966 5175 3401 5246 supplicabatur,

1815 5261 1928 5315 haec
1961 5276 2094 5317 vero
2117 5265 2465 5334 supplicabat
2494 5285 2505 5318 :
2543 5265 2730 5320 Dormi
2765 5265 3012 5338 mecum.)
3050 5266 3282 5337 lgnitutn
3318 5278 3405 5326 est

1811 5355 1979 5409 telum
2016 5354 2443 5424 fornicationis;
2488 5359 2582 5414 sed
2622 5376 2744 5430 qtae
2781 5369 3139 5427 cremaretur,
3171 5377 3282 5417 non
3316 5363 3403 5418 in-

1811 5446 1960 5500 venit
1998 5449 2307 5512 materiam,
2344 5451 2455 5505 imo
2487 5465 2622 5505 vero
2655 5451 2710 5504 in
2741 5461 2893 5506 veste
2928 5450 3165 5506 fractum
3209 5451 3314 5507 fuit
3351 5463 3402 5508 et

1813 5537 2164 5597 dissolutum.
2207 5541 2359 5615 [Quae
2411 5542 2790 5599 fornicationis
2845 5544 3186 5599 circumdata
3223 5545 3399 5614 impu-

1815 5629 2022 5700 dentia,
2055 5634 2328 5689 clamabat
2357 5654 2370 5690 :
2407 5635 2593 5691 Dormi
2614 5652 2837 5693 mecum.
2865 5635 3231 5695 Fornicatorii
3259 5636 3398 5694 desi-
