3844 6428
398 263 505 320 4θὸ
1642 258 1697 314 S.
1731 253 2062 312 GREGORII
2094 250 2378 310 NYSSEN!
2833 291 2838 300 ι
3560 255 3670 312 496

394 381 534 438 derii
571 381 765 453 mugiit
799 381 1031 447 famem;
1077 381 1170 436 sed
1213 380 1394 453 pudici
1435 378 1609 450 magis
1654 377 1967 432 obstruebal

2077 374 2366 448 δεσποίνης
2416 376 2448 445 ἡ
2509 375 2658 448 φωνὴ
2723 376 3050 448 κελευούσης
3093 394 3108 408 ·
3155 376 3479 447 Κοιμήθητι
3531 379 3668 444 μετ’

395 487 556 526 aures
574 471 698 544 (2).]
728 471 861 525 Nam
889 471 980 524 illa
1010 471 1230 542 quidem
1261 471 1498 533 dicebat,
1535 468 1718 522 Dormi
1740 482 1978 529 mecum;
2085 467 2251 536 ἐμοῦ.

396 567 721 624 adolescenti
761 577 941 621 autem
974 578 1164 623 contra
1206 566 1581 638 proclamabat
1617 563 2014 633 temperantia:
2039 561 2213 632 Vigila
2255 578 2504 617 mecum:
2541 573 2596 620 et
2649 564 2829 634 reipsa
2870 564 3112 620 ostendit
3139 565 3498 636 vigilantiam.
3542 565 3669 621 Non

394 659 536 712 enim
586 657 868 712 blanditiis
919 658 1147 726 cedens,
1181 657 1497 712 dormitavit
1531 653 1701 708 robur
1735 652 2084 708 constantiae.
2131 651 2250 706 Non
2282 654 2384 708 fuit
2421 669 2575 710 mens
2620 656 2794 725 sopita
2833 655 3334 724 incantationibus;
3393 674 3502 712 non
3559 658 3668 713 fuit

397 767 587 807 somno
623 766 885 822 Oppressa
914 753 1292 820 temperantia:
1324 749 1624 813 sobrietas;
1660 762 1768 801 non
1798 746 1866 799 iis
1897 760 2020 815 quae
2045 746 2382 816 implicatum
2419 746 2677 802 tenebant
2703 748 3068 805 incommodis
3100 748 3204 804 fuit
3233 749 3520 817 dissoluta,
3552 768 3663 806 non

392 841 657 912 elegantis
703 839 891 894 forma:
937 847 1096 909 capta
1129 847 1214 894 est
1256 838 1558 903 illecebris;
1595 851 1705 890 non
1736 837 2130 890 amatoriorum
2157 837 2447 891 verborum
2489 836 2663 892 fracta
2697 836 2799 893 fuit
2838 839 3159 898 blanditiis:
3196 844 3290 898 sed
3318 846 3466 898 omni
3508 849 3666 901 calu~

393 938 536 994 mnia
569 935 673 1008 ipsi
698 941 818 990 erat
851 932 1108 989 acerbior
1135 948 1239 987 vox
1279 932 1514 989 domina:
1539 931 1873 986 blandientis
1907 940 1961 985 et
1988 931 2256 987 dicentis:
2281 931 2469 986 Dormi
2498 948 2719 987 mecum.

460 1076 699 1131 Paratus
729 1077 912 1130 stabat
963 1074 1215 1128 diabolus
1245 1073 1500 1128 adulterii
1554 1071 1858 1143 pronubus,
1921 1081 1975 1125 et

390 1171 554 1224 simul
590 1184 716 1223 cum
759 1166 1677 1230 fornicatricestringebatvestem,
1713 1173 1768 1220 et
1786 1164 1973 1219 socius

388 1269 508 1314 erat
548 1274 813 1315 ansarum
860 1274 1000 1328 quas
1033 1259 1152 1327 ipsa
1200 1257 1682 1327 apprehendebat;
1725 1256 1820 1311 sed
1873 1271 1972 1311 ne-

391 1351 620 1416 sciebat,
645 1367 704 1407 se
735 1349 929 1405 luctari
969 1365 1098 1404 cum
1127 1357 1388 1406 veterano
1419 1350 1625 1403 athleta
1679 1348 1972 1418 pudicitiaa,

389 1449 447 1511 et
478 1442 572 1512 qui
625 1442 696 1497 ab
738 1441 886 1496 illius
926 1441 1078 1496 ansis
1130 1457 1192 1496 se
1239 1439 1398 1494 facile
1439 1439 1694 1494 exuebat.
1745 1437 1963 1492 Relictis

390 1536 558 1601 enim,
585 1533 784 1605 inquit,
819 1535 929 1588 suis
971 1532 1190 1587 vestibus
1212 1534 1268 1586 in
1293 1531 1531 1585 manibus
1554 1531 1690 1601 ejus,
1721 1531 1877 1599 fugit,
1913 1538 1964 1584 et

2145 1071 2402 1143 Ἕτοιμος
2435 1075 2680 1144 εἱστήκει
2711 1075 2810 1146 τῆς
2841 1076 3086 1146 μοιχείας
3109 1075 3475 1146 νυμφαγωγὸς
3496 1078 3526 1128 ὁ
3553 1077 3667 1131 διά-

2073 1163 2261 1228 ϐολος,
2302 1165 2399 1218 καὶ
2449 1167 2778 1236 συνέσφιγγε
2810 1169 2911 1237 τὴν
2961 1168 3164 1238 ἐσθῆτα
3213 1171 3282 1238 τῇ
3336 1168 3533 1239 πόρνῃ.
3565 1171 3666 1221 καὶ

2071 1255 2182 1308 τῶν
2233 1257 2363 1327 παρ’
2397 1257 2612 1329 ἐκείνης
2665 1258 3037 1314 ωνεκοινὼνει
3067 1258 3277 1312 λαϐὦν·
3327 1259 3428 1311 οὐκ
3457 1259 3574 1329 ᾔδει
3601 1260 3664 1312 δὲ

2071 1349 2290 1422 τεχνίτῃ
2320 1350 2566 1405 παλαίων
2595 1352 2799 1425 ἀθλητῇ
2833 1353 3323 1425 σωφροσύνης,καὶ
3353 1352 3535 1415 καλῶς
3559 1352 3664 1414 τὰς

2073 1442 2288 1512 ἐκείνης
2319 1442 2710 1514 άπεκδυομένῳ
2743 1444 2934 1508 λαϐάς.
2956 1444 3313 1498 Καταλιπὼν
3339 1443 3468 1515 γὰρ,
3498 1445 3661 1514 φησὶ,

2071 1532 2144 1585 τὰ
2170 1533 2366 1602 ἱμάτια
2394 1537 2580 1589 αὐτοῦ
2607 1539 2695 1600 είς
2727 1537 2834 1602 τὰς
2861 1536 3064 1606 χεῖρας
3083 1535 3294 1606 αὐτῆς,
3325 1538 3528 1606 ἔφυγε,
3554 1537 3663 1589 καὶ

391 1629 540 1696 foras
571 1629 752 1682 exivit.
799 1625 844 1681 0
873 1625 1094 1681 nudatis
1128 1625 1374 1681 sanctior
1408 1623 1775 1678 indumentis!
1824 1621 1965 1688 Quid

2075 1622 2329 1690 ἐξῆλθεν
2360 1625 2496 1690 ἕξω.
2542 1628 2607 1679 Ὢ
2647 1630 2921 1698 γυμνότης
2973 1626 3310 1699 [ἁγιωτὲρα]
3344 1627 3663 1698 δικαιοτέρα

391 1719 559 1788 igitur
587 1715 928 1788 Egyptiaca:
973 1715 1329 1786 impudicitia:
1385 1713 1608 1770 rabies?
1660 1727 1757 1766 sua
1789 1713 1964 1783 ipsius

390 1810 531 1862 mala
567 1809 622 1862 in
649 1807 945 1877 Josephum
985 1806 1222 1860 confert.
1259 1806 1324 1860 Et
1354 1805 1421 1858 ad
1463 1804 1720 1857 maritum
1777 1817 1970 1858 accur-

389 1914 541 1961 rens,
571 1899 782 1968 inquit:
818 1897 1107 1952 Adduxisti
1151 1897 1299 1951 nobis
1328 1911 1547 1966 puerum
1583 1894 1884 1959 Hebrwum,
1911 1903 1968 1948 ut

389 1990 824 2054 uobisilluderet,
875 1999 926 2044 et
977 1990 1116 2044 dixit
1157 1990 1315 2044 uxori
1363 2000 1490 2052 tum,
1537 2005 1655 2060 qua:
1705 1989 1968 2060 hucusque

389 2085 576 2154 pudice
631 2084 961 2139 conservavit
1003 2092 1152 2136 tuum
1187 2083 1360 2136 cubile
1397 2098 1416 2136 :
1453 2082 1727 2136 Dormiam
1777 2092 1966 2136 tecum.

395 2176 686 2246 Postquam
710 2187 886 2231 autem
911 2175 1106 2230 sustuli
1131 2191 1324 2240 vocem,
1351 2184 1402 2230 et
1423 2176 1742 2235 exclamavi.
1767 2177 1968 2232 dimisit

392 2270 532 2336 apud
564 2285 645 2323 me
672 2278 837 2323 vestes
870 2284 1020 2332 suas,
1053 2268 1287 2338 fugitque
1313 2274 1363 2322 et
1388 2283 1626 2338 egressus
1659 2277 1737 2322 est
1767 2269 1936 2337 foras.

463 2359 676 2416 Rursus
701 2360 898 2431 Ioseph
952 2375 1048 2429 per
1107 2371 1314 2416 vestem
1357 2360 1632 2431 appetitur
1667 2363 1964 2418 calumnia.

393 2450 616 2507 Fratres
646 2452 800 2522 prius
834 2459 1056 2520 accepta
1085 2450 1207 2519 ejus
1231 2460 1402 2514 veste,
1426 2466 1523 2521 per
1551 2451 1700 2505 illam
1726 2451 1970 2520 improbe

391 2544 889 2606 calumniabantur,
910 2543 1082 2599 fuisse
1099 2557 1222 2598 eum
1247 2557 1278 2596 a
1310 2540 1425 2596 fera
1447 2542 1764 2598 devoratum
1788 2561 1800 2597 :
1824 2558 1968 2597 nunc

391 2646 574 2692 autem
603 2637 721 2706 ipsa
761 2637 945 2690 tunica
983 2635 1104 2705 ejus
1157 2643 1380 2703 accepta
1429 2642 1656 2689 accusat
1708 2643 1967 2705 tanquam

390 2729 799 2784 fornicatorem.
829 2727 1070 2796 Josepho
1103 2725 1362 2780 convenit
1388 2741 1492 2780 vox
1534 2724 1771 2792 Domini,
1815 2725 1966 2780 Divi-

390 2831 570 2873 serunt
603 2819 704 2873 sibi
738 2819 1046 2873 vestimenta
1085 2834 1223 2879 mea,
1263 2826 1313 2870 et
1357 2833 1522 2886 supra
1551 2827 1741 2872 vestem
1794 2835 1966 2873 meam

389 2913 644 2965 miserunt
684 2909 1027 2964 mendacium
1059 2908 1100 2961 ³.
1139 2907 1468 2963 Pudicorum
1507 2910 1772 2964 exercitui
1809 2911 1968 2966 dulce

388 3012 474 3059 est
502 3005 553 3057 id
592 3003 738 3074 quod
771 3002 973 3057 dicitur
1002 3017 1032 3055 a
1069 3002 1368 3070 pudicitia;
1407 3000 1502 3056 sed
1531 3001 1582 3055 id
1607 3003 1967 3056 imbecillitati
1994 2971 2041 3034 θ

390 3097 574 3151 carnis
603 3097 800 3149 durum
835 3103 919 3148 est
949 3102 1002 3148 ct
1050 3093 1408 3148 laboriosum.
1441 3091 1486 3146 Ο
1539 3091 1769 3162 justam,
1803 3109 1967 3164 quam

393 3185 536 3240 Deus
567 3183 793 3254 Josephi
825 3199 1015 3238 curam
1049 3183 1220 3253 gessit
1246 3184 1259 3235 ἰ
1289 3185 1432 3237 Ante
1457 3185 1788 3238 tentationes
1813 3183 1970 3238 Jose-

391 3279 556 3346 phum
588 3290 696 3328 non
739 3273 1053 3336 honoravit,
1097 3272 1191 3326 sed
1219 3286 1315 3340 per
1338 3271 1552 3326 somnia
1597 3271 1837 3326 ostendit
1882 3272 1970 3325 fu-

390 3378 598 3433 turum,
632 3368 837 3421 docens
892 3365 1039 3436 quod
1087 3367 1249 3434 longo
1311 3371 1438 3419 ante
1503 3370 1747 3434 tempore
1800 3364 1968 3434 justis

391 3462 604 3532 paravit
628 3459 891 3530 gloriam:
922 3456 1170 3527 permisit
1209 3463 1391 3510 autem
1427 3455 1828 3511 tentationibus
1850 3471 1972 3523 pro-

392 3553 525 3608 bare
553 3548 976 3611 adolescentem,
1007 3561 1168 3600 aures
1202 3545 1498 3600 occludens
1546 3545 1614 3599 iis
1658 3545 1751 3614 qui
1817 3545 1968 3601 dele-

391 3651 612 3697 ctantur
643 3640 861 3713 probris
888 3654 950 3693 ac
977 3637 1300 3692 maledictis.
1327 3637 1384 3691 Si
1411 3639 1554 3692 enim
1591 3653 1698 3692 non
1729 3638 1970 3692 dedisset

390 3732 628 3802 Josepho
673 3730 1076 3800 probationem,
1127 3727 1400 3782 dixissent
1432 3729 1707 3792 maledici,
1744 3743 1776 3781 a
1824 3744 1968 3784 caeca

394 3825 508 3879 haec
542 3824 654 3878 ﬁeri
683 3822 923 3878 fortuna.
972 3818 1117 3874 Inter
1161 3817 1448 3890 Egyptios
1495 3828 1688 3890 regnat
1741 3819 1966 3892 Joseph,

390 3915 644 3972 barbaris
725 3913 1040 3968 dominatur
1101 3910 1568 3965 adolescentulus.
1662 3910 1968 3976 Quamnam

389 4006 631 4064 ostendit
704 4003 1018 4059 virtutem?
1105 4000 1213 4057 Pro
1289 4016 1526 4072 quanam
1597 4011 1682 4058 cst
1767 4005 1971 4061 virtute

389 4101 493 4155 hoc
546 4097 872 4154 assecutus?
926 4093 1006 4149 Ne
1067 4109 1198 4165 ergo
1261 4094 1376 4149 haec
1414 4094 1483 4149 de
1534 4085 1777 4168 Josepbo
1817 4097 1968 4152 dice-

388 4200 602 4256 rentur,
651 4189 708 4242 in
757 4201 881 4241 eum
926 4184 1192 4255 permittit
1246 4183 1594 4248 tentationes,
1626 4192 1686 4238 ut
1706 4199 1784 4240 etc
1817 4185 1970 4253 justo

387 4285 507 4338 viro
537 4281 743 4336 ferrent
773 4277 1172 4341 testimonium,
1200 4285 1257 4332 et
1277 4277 1626 4332 obstruerent
1657 4292 1755 4332 ora
1798 4278 1969 4332 male-

391 4373 665 4428 dicorum.
706 4370 1039 4424 Aversemur
1068 4381 1218 4434 ergo,
1261 4382 1385 4437 quae
1416 4382 1445 4420 a
1496 4366 1674 4420 forma
1716 4368 1968 4422 meretri-

391 4465 476 4520 cia
512 4464 568 4518 in
599 4478 702 4518 nos
731 4458 1242 4532 jaciunturjacula.
1290 4458 1624 4513 Claudamus
1653 4460 1846 4514 oculos
1900 4460 1974 4514 la-

392 4555 599 4619 sciviae,
629 4567 660 4606 a
693 4553 854 4607 nobis
914 4551 1200 4605 rideantur
1250 4548 1563 4618 voluptates
1618 4548 1968 4617 inordinata,

393 4662 621 4702 carnem
647 4643 924 4700 custodiat
948 4642 1328 4713 temperantia,
1356 4643 1409 4694 in
1445 4640 1706 4696 membris
1753 4641 1970 4696 inhabi-

393 4748 472 4796 tet
501 4719 736 4811 puritas.
791 4735 1088 4792 Versemur
1127 4735 1182 4789 in
1213 4732 1638 4804 cogitationibus
1697 4733 1964 4800 honestis,

392 4831 659 4886 bonorum
683 4842 909 4900 operum
939 4825 1325 4897 splendeamus
1356 4823 1697 4894 fulgoribus:
1751 4840 1968 4894 expur-

2073 1715 2376 1779 ἐνδύσεωςι
2411 1718 2476 1769 Τί
2523 1718 2654 1786 γοῦν
2703 1719 2804 1788 τῆς
2858 1721 3234 1789 Αἰγυπτιακῆς
3283 1719 3576 1782 ἀκολασίας
3622 1720 3661 1788 ἡ

2069 1804 2241 1859 λύσσα
2262 1824 2276 1874 ;
2301 1807 2382 1860 Τὰ
2416 1808 2610 1876 ἑαυτῆς
2642 1810 2788 1863 κακὰ
2824 1809 2900 1880 τῷ
2941 1811 3137 1880 Ἰωσὴφ
3171 1810 3503 1880 παρατίθησι
3523 1825 3536 1838 ·
3558 1811 3662 1862 xa‘t

2069 1897 2350 1968 δραμοῦσα
2388 1900 2523 1970 πρὸς
2560 1901 2651 1952 τὸν
2690 1900 2878 1971 ἄνδρα,
2926 1901 3093 1971 φησι·
3127 1900 3462 1970 Εἱσήγατες
3507 1899 3662 1968 ἡμῖν

2070 1990 2254 2044 παῖδα
2303 1991 2572 2058 Ἑϐραῖον
2617 1991 2918 2059 ἐμπαίζειν
2955 1991 3099 2060 ἡμῖν
3125 2009 3137 2022 ·
3165 1993 3297 2046 εἶπέ
3350 2010 3451 2060 μοι
3493 1991 3608 2061 γάρ
3641 2010 3654 2020 ’

2070 2082 2517 2150 Κοιμηθήσομαι
2559 2083 2708 2150 μετὰ
2739 2082 2877 2136 σοῦ.
2929 2083 3026 2148 Ὠς
3051 2082 3120 2136 δὲ
3148 2084 3367 2151 ὗψωσα
3397 2082 3512 2149 τὴν
3537 2100 3664 2150 φω-

2069 2172 2190 2242 νὴν
2221 2173 2322 2226 καὶ
2353 2174 2656 2242 ἀνεϐόησα
2676 2213 2692 2236 .
2729 2173 2921 2242 ἀφῆκε
2971 2176 3044 2229 τὰ
3086 2175 3284 2244 ἱμάτια
3333 2175 3472 2243 παρ’
3495 2174 3656 2242 ἐμοὶ,

2069 2264 2168 2318 καὶ
2186 2264 2392 2335 ἔφυγε.
2504 2335 2506 2338 ν

2143 2355 2312 2408 Πάλιν
2351 2357 2547 2426 Ἰωσὴφ
2579 2355 2646 2408 δι’
2676 2358 2900 2428 ἐσθῆτος
2933 2359 3366 2426 συκοφαντεῖται.
3407 2357 3658 2426 Ἀδελφοὶ

2070 2447 2334 2520 πρότερον
2373 2449 2539 2502 αὑτοῦ
2569 2450 2659 2502 τὸν
2711 2451 2913 2520 χιτῶνα
2957 2449 3212 2513 λαϐόντες
3239 2450 3314 2512 ὡς
3345 2448 3656 2520 θηριόϐρω-

2068 2554 2160 2592 τον
2192 2540 2354 2593 αὑτὸν
2395 2540 2460 2593 δι’
2493 2540 2702 2594 ἐκείνου
2733 2541 3131 2610 ἐσυκοφάντουν
3157 2540 3480 2612 κακούργως
3502 2556 3516 2568 °
3554 2540 3654 2591 νῦν

2070 2630 2232 2682 αὑτὸν
2262 2631 2354 2684 τὸν
2388 2632 2588 2701 χιτῶνα
2624 2631 2860 2685 λαϐοῦσα
2892 2632 3164 2685 διαϐάλλει
3197 2631 3468 2703 πορνείας,
3505 2631 3656 2700 Πρέ-

2071 2739 2247 2776 πουσα
2267 2722 2345 2793 τῷ
2370 2724 2564 2794 Ἰωσὴφ
2588 2725 2620 2794 ἡ
2640 2723 2733 2776 τοῦ
2757 2725 3022 2777 Δεσπότου
3048 2723 3218 2794 φωνὴ,
3233 2724 3657 2792 Διεμερίσαντο

2071 2815 2142 2868 τὰ
2189 2815 2385 2883 ἱμάτιά
2407 2832 2526 2883 μου
2571 2814 2793 2883 ἑαυτῆς
2822 2813 3129 2887 [ἑαυτοῖς].
3191 2814 3327 2867 Ἀλλ’
3357 2813 3403 2866 ὣ
3433 2813 3534 2884 τῆς
3569 2813 3656 2865 δι-

2071 2906 2231 2969 καίας
2259 2907 2351 2959 ἐπὶ
2383 2905 2460 2978 τῷ
2515 2906 2712 2977 Ἰωσὴφ
2754 2907 2905 2977 παρὰ
2953 2907 3087 2960 Θεοῦ
3137 2906 3498 2978 προστασίαςι
3538 2906 3659 2976 Πρὸ

2072 2997 2180 3067 γὰρ
2233 2995 2342 3049 τῶν
2383 2996 2702 3066 πειρασμῶν
2738 2996 2830 3049 τὸν
2871 2998 3067 3067 Ἰωσὴφ
3095 2997 3194 3050 οὐκ
3227 2996 3501 3068 ἐτίμησεν,
3533 2995 3657 3048 ἀλλ’

2074 3087 2240 3153 ἔδειξε
2271 3087 2334 3140 δι’
2359 3089 2650 3158 ὀνειράτων
2681 3089 2743 3143 τὸ
2779 3090 2989 3161 μέλλον,
3011 3090 3278 3144 διδάσκων
3308 3092 3390 3144 ὅτι
3427 3089 3656 3162 πόρρω-

2075 3177 2166 3231 θεν
2208 3179 2434 3244 δικαίοις
2469 3180 2568 3250 τὴν
2612 3181 2766 3245 δόξαν
2802 3182 3100 3254 ηὐτρέπισε
3143 3198 3159 3214 ⁸
3209 3181 3550 3253 συνεχώρησε
3590 3179 3657 3232 δὲ

2072 3270 2167 3324 τοῦ
2209 3271 2515 3342 πειρασμοῦ
2555 3273 2844 3345 δοκιμάσαι
2870 3274 2962 3329 τὸν
3001 3276 3140 3339 νέον,
3171 3275 3271 3339 τὰς
3295 3275 3403 3328 τῶν
3426 3271 3654 3344 φιλοψό-

2073 3379 2186 3430 γων
2236 3364 2540 3418 ἀποκλείων
2583 3367 2784 3433 φωνάς.
2825 3367 3063 3438 Δοκιμὴν
3104 3368 3211 3439 γάρ
3257 3370 3332 3439 μὴ
3360 3368 3656 3436 δεδωκότος

2070 3452 2166 3505 τοῦ
2207 3454 2424 3525 Ἰωσὴφ,
2463 3458 2512 3509 ot
2544 3456 2822 3527 φιλόψογοι
2849 3459 2914 3512 ἂν
2945 3457 3152 3526 ἔλεγον,
3186 3461 3472 3531 συντυχίας
3509 3457 3657 3515 εἶναι

2072 3545 2275 3614 τυφλῆς
2296 3546 2365 3599 τά
2393 3548 2694 3618 πράγματα
2731 3550 3063 3619 Αἰγυπτίων.
3113 3551 3306 3621 Ἰωσὴφ
3353 3552 3653 3621 βασιλεύει,

2073 3639 2166 3689 καὶ
2199 3637 2490 3710 βαρϐάρων
2535 3641 2782 3706 δεσπόξει
2813 3642 3116 3709 παιδάριον.
3150 3642 3315 3696 Ποίαν
3337 3643 3534 3714 ἀρετὴν
3565 3646 3658 3697 ἐν-

2070 3729 2421 3801 δειξάμενονς
2485 3733 2626 3804 ὑπὲρ
2687 3733 2844 3797 ποίας
2911 3733 3101 3786 τούτου
3164 3734 3353 3805 ἔτυχεν
3409 3735 3654 3806 άρετῆςς

2075 3821 2190 3872 Ἵνα
2227 3815 2318 3872 οὖν
2348 3820 2518 3874 ταῦτα
2565 3823 2694 3892 περὶ
2739 3822 2832 3874 τοῦ
2880 3823 3089 3876 δικαίου
3125 3825 3199 3893 μὴ
3231 3823 3486 3893 λέγηται,
3514 3842 3657 3896 προ-

2071 3909 2367 3980 λαμϐάνων
2395 3912 2424 3963 ὁ
2454 3911 2588 3974 Θεὸς
2619 3913 2747 3976 τοὺς
2794 3912 2882 3965 ἐπ’
2923 3912 3088 3966 αὐτὸν
3139 3915 3478 3985 πειρασμοὺς
3515 3930 3657 3980 συγ-

2071 4001 2427 4072 χωρεῖ,ὥστε
2467 4001 2565 4073 τὴν
2599 4001 2686 4054 ἐπ’
2733 4002 2927 4072 ἐκείνῳ
2972 4001 3052 4072 τῷ
3102 4001 3296 4073 δικαίῳ
3345 4003 3656 4075 μαρτυρίαν

2070 4091 2371 4160 γενέσθαι,
2403 4093 2496 4146 καὶ
2544 4093 2710 4164 ῥάψαι
2763 4092 2870 4146 τῶν
2904 4093 3210 4163 φιλοψόγων
3262 4093 3330 4149 τὰ
3379 4095 3650 4165 στόματα.

2082 4185 2578 4258 ’Λποστρεψὼμεοα
2633 4188 2811 4240 τοίνυν
2856 4189 2953 4252 τὰς
2995 4189 3074 4241 ιέκ
3117 4188 3332 4258 μορφῆς
3384 4189 3656 4259 πορνικῆς

2000 4315 2045 4372 D
2073 4277 2443 4348 ἐπερχομένας
2467 4277 2645 4347 βολάς.
2665 4277 2946 4349 Κλείωμεν
2965 4279 3307 4349 άσελγήμασι
3327 4277 3388 4330 τὸ
3407 4277 3654 4348 βλέμμα,

2073 4370 2488 4442 φρουραρχείτω
2538 4369 2636 4434 τὴν
2687 4370 2864 4441 σάρκα
2921 4371 3283 4442 σωφροσύνη,
3342 4368 3658 4440 καθαρότης

2069 4459 2346 4512 ἐνοικείτω
2385 4463 2498 4523 τοῖς
2534 4460 2774 4531 μέλεσιν,
2806 4461 2893 4513 ἴνα
2935 4461 3108 4524 οὕτως
3154 4463 3240 4532 εἴη
3264 4461 3324 4514 τὺ
3369 4459 3526 4530 σῶμα
3553 4459 3656 4512 τοῦ

2069 4549 2382 4621 Πνεύματος
2413 4553 2723 4623 οἰκητήριον
2742 4568 2754 4581 ⁸
2791 4551 3184 4623 ἐπιγράψωμεν
3222 4550 3353 4605 αὐτὸ
3377 4551 3658 4621 ἐπίγραμ-

2070 4660 2148 4714 μα
2167 4643 2620 4715 [ἐπιγράμματι].
2645 4643 2742 4715 τὴν
2770 4643 3005 4715 φοϐερὰν
3028 4647 3140 4708 τοῖς
3171 4643 3486 4703 ἀκολάστοις
3504 4657 3653 4711 παρ-

2070 4735 2330 4805 αγγελίαν
2357 4736 2492 4808 βοῶν
2527 4736 2800 4809 [βοῶντι]·
2831 4736 2905 4789 EI
2928 4754 3018 4804 τις
3043 4737 3153 4792 τὸν
3180 4736 3331 4790 ναὸν
3355 4733 3462 4788 τοῦ
3497 4735 3656 4788 Θεοῦ

2073 4829 2318 4896 φθείρει,
2346 4828 2553 4898 φθερεῖ
2588 4829 2806 4882 τοῦτον
2853 4832 2887 4882 ὁ
2928 4829 3094 4895 Θεός.

391 4935 515 4998 gata
546 4925 658 4979 vita
688 4922 1031 4984 cniteamus;
1067 4934 1454 4975 conservemus
1489 4918 1748 4982 mundum
1785 4933 1987 4989 corpus
2023 4921 2347 4976 habitationi
2385 4923 2563 4977 sancti
2596 4922 2857 4993 Spiritus,
2886 4923 2937 4978 ei
2974 4921 3320 4978 ascribamus
3363 4922 3468 4977 hoc
3518 4937 3652 4993 prae
3693 4911 3700 4920 ’

392 5029 608 5089 ceptum
649 5012 998 5070 formidabile
1037 5012 1105 5068 iis
1137 5013 1232 5082 qui
1279 5018 1407 5069 sunt
1449 5010 1752 5080 impudici:
1785 5010 1846 5065 Si
1882 5013 2000 5082 quis
2041 5014 2290 5083 templum
2337 5015 2432 5068 Dei
2472 5015 2665 5085 perdit,
2705 5015 2884 5083 perdet
2941 5032 3061 5071 eum
3093 5015 3233 5070 Deus
3256 5016 3299 5070 ⁸.
3341 5014 3570 5087 [Verum
3625 5033 3656 5069 a

393 5113 551 5167 nobis
590 5127 656 5165 ne
688 5109 960 5163 tantillum
989 5107 1209 5178 quidem
1236 5107 1451 5178 sejungi
1479 5109 1616 5162 vult.
1661 5105 1805 5174 Quid
1861 5109 2009 5164 enim
2085 5115 2225 5183 patri
2284 5120 2369 5170 est
2419 5112 2740 5182 jucundius,
2797 5127 2961 5183 quam
3017 5114 3226 5167 versari
3277 5127 3403 5167 cum
3467 5113 3656 5170 charis

394 5201 554 5258 filiis?
586 5198 692 5255 Sed
724 5200 987 5271 quoniam
1051 5214 1153 5254 nos
1220 5208 1379 5253 vocat
1435 5198 1674 5255 Verbum
1730 5201 1798 5256 ad
1855 5204 2157 5259 certamina
2217 5205 2458 5276 pietatis,
2523 5215 2736 5277 oportet
2774 5221 2879 5262 nos
2908 5219 3132 5260 currere
3164 5204 3232 5260 ad
3270 5211 3422 5274 septa
3474 5204 3661 5259 Eccle-

397 5300 513 5362 siae,
539 5297 730 5352 ascitis
758 5309 982 5366 precum
1017 5293 1255 5348 auxiliis.
1285 5292 1551 5347 (therum
1584 5294 1716 5350 illud
1749 5304 1989 5353 vestram
2025 5299 2286 5354 adhortor
2326 5300 2673 5364 charitatem,
2747 5297 3181 5355 ecclesiasticum
3241 5295 3487 5352 ordinem
3530 5311 3660 5351 con-

396 5400 628 5455 seri-ate,
664 5398 715 5444 et
749 5390 793 5445 si
821 5389 991 5460 aliqui
1021 5388 1234 5443 irruant
1277 5388 1563 5453 tumultus,
1591 5405 1686 5446 eos
1746 5393 2004 5462 patientia
2048 5393 2266 5463 vincite,
2299 5402 2354 5450 et
2389 5396 2630 5452 lenitate.
2702 5393 2968 5451 Futurum
3037 5391 3184 5449 enim
3248 5402 3354 5461 est,
3421 5400 3482 5450 ut
3525 5408 3661 5465 pro-

466 5543 487 5574 ³
517 5541 672 5598 Joan.
708 5559 823 5610 xtx,
847 5545 938 5602 94.
1013 5545 1033 5576 "
1069 5543 1089 5597 ι
1124 5544 1252 5600 Cor.
1284 5561 1360 5609 Ill,
1397 5546 1481 5601 17.

468 5677 546 5745 (2)
582 5678 755 5737 Uncis
784 5680 996 5735 inclusa
1029 5695 1138 5737 non
1171 5690 1300 5738 sunt
1329 5681 1380 5736 in
1407 5682 1594 5738 Graeco
1621 5682 1744 5738 cod.
1779 5680 1970 5738 Vienn.
