3844 6426
145 317 246 374 497
1552 340 1641 395 DE
1687 342 1723 396 Μ

1827 298 2011 402 .LI'UIS.
3308 370 3414 428 ‘93

145 436 353 543 pediem
387 433 741 548 corriganttfr
807 446 925 503 istae
995 451 1189 507 turbae.
1242 452 1424 512 Nolite
1487 462 1796 527 perturbari
1836 464 2172 536 rumoribus,
2232 470 2391 540 nugis
2440 488 2506 528 ne
2558 477 2905 542 moveamini,
2961 479 3055 534 sed
3101 480 3413 549 nobiseum,

146 549 233 601 qm
266 538 551 639 su-mus-in
580 540 663 639 via
691 542 945 639 comites,
987 562 1180 616 preces
1204 550 1269 604 ad
1298 550 1466 606 Deum
1500 556 1751 619 emittite,
1796 567 1854 612 ut
1888 564 2087 619 vestris
2134 565 2437 622 conﬁrmati
2481 571 2768 639 precibus,
2808 572 3057 629 dicamus
3097 575 3243 629 omni
3283 538 3412 630 tem:

148 641 291 771 r070.
316 627 523 777 divinis
554 633 727 798 a¢}ljuti
759 638 968 695 viribus
1006 659 1021 696 :
1060 641 1251 698 Omnia
1280 661 1498 713 possunt
1536 650 1590 705 in
1625 649 1857 718 Christo,
1898 657 1990 725 qni
2034 675 2116 711 me
2148 665 2456 716 corroborat
2481 627 2521 717 δ.
2558 662 2658 719 Cui
2685 627 2856 734 gloria
2892 665 2947 719 in
2993 668 3192 722 saecula
3240 683 3415 725 saecu-

166 736 343 775 orum.
439 741 582 780 men.
880 764 883 765 ν

166 736 343 775 orum.
388 736 582 780 Arnen.

208 903 228 935 ⁸
257 902 465 975 Philip.
503 920 579 972 tv,
617 909 707 965 15.

169 1094 3404 1163 mrum

1235 1269 1463 1357 ΤΟΥ
1551 1270 1929 1360 ΑΥΤΟΥ
1982 1274 2346 1364 ΛΟΓΟΣ

248 1443 450 1500 ΠΡΟΣ
500 1446 687 1499 ΤΟΥΣ
727 1447 1211 1505 ΠΕΝΘΟΥΝΤΑΣ
1263 1450 1391 1505 ΕΠΙ
1433 1455 1598 1507 ΤΟΙΣ
1634 1457 1783 1507 ΑΠΟ
1836 1454 1979 1510 ΤΟΥ
2016 1460 2392 1513 ΠΑΡΟΝΤΟΣ
2434 1464 2595 1517 ΒΙΟΥ
2632 1468 2826 1520 ΠΡθΣ
2886 1470 3028 1522 ΤΟΝ
3067 1468 3313 1522 ΛῘΔΙΟΝ

1464 1572 2083 1628 ΜΕΘΙΣΤΑΜΕΝΟΙΣ.

1241 1908 1778 1999 EJUSDEM
1827 1911 2286 2002 ORATIO

208 2094 357 2163 ρυΑ
411 2092 676 2160 DOCET,
750 2092 913 2151 NON
969 2094 1154 2151 ESSE
1204 2095 1626 2154 DOLENDUM
1677 2100 1770 2156 OB
1820 2101 2078 2159 EORUM
2136 2103 2423 2159 OBITUM
2485 2104 2617 2172 QUI
2673 2103 2760 2158 IN
2830 2105 3016 2159 FIDE
3059 2106 3333 2165 OBDORo

1583 2216 1957 2275 MIERUNT.

1341 2373 1493 2422 Petro
1516 2372 1780 2425 Francisco
1801 2371 1922 2424 Zino
1946 2373 2215 2437 interprete.

146 2726 149 2727 ,
204 2671 270 2724 0i.
295 2670 394 2739 τῆν
414 2667 720 2737 ἀναγκαίαν
754 2669 852 2739 τῆς
884 2668 1099 2737 φύσεως
1127 2672 1159 2739 ἡ
1170 2668 1285 2739 μῶν
1314 2668 1634 2722 ἀκολουθίαν
1668 2670 1723 2722 ἐν

1901 2667 2003 2733 Qui
2036 2667 2408 2721 necessarium
2456 2674 2666 2720 naturae
2696 2675 2897 2721 nostra:
2955 2667 3207 2723 ordinem
3246 2669 3298 2721 in
3333 2666 3405 2723 iis

141 2765 250 2826 τοῖς
278 2761 517 2827 ἐξιοῦσιν
548 2760 655 2814 ἀπὸ
675 2760 767 2813 τοῦ
801 2761 915 2831 βίου
949 2761 1235 2832 συμφορὰν
1260 2759 1592 2830 ποιούμενοι,
1627 2760 1720 2812 καὶ

143 2850 607 2921 βαρυπενθοῖΝτες
632 2851 724 2903 ἐπὶ
747 2852 859 2913 τοῖς
889 2849 1302 2920 μεθισταμένοις
1338 2849 1446 2905 ἀπὸ
1472 2849 1565 2902 τοῦ
1594 2850 1719 2920 τῇδε

142 2946 255 3014 βίου
285 2943 427 3015 πρὸς
454 2943 545 2995 τὸν
579 2941 762 3012 νοερὸν
788 2943 882 2995 καὶ
915 2941 1225 3011 ἀσώματον,
1252 2940 1312 2994 οὔ
1355 2959 1446 3012 μοι
1474 2941 1720 2995 δοκοῦσιν

144 3034 480 3105 ἐπεσκέφθαι
511 3033 611 3104 τὴν
639 3032 782 3104 ζωὴν
812 3032 968 3104 ἡμῶν
994 3033 1115 3103 ἥτις
1143 3033 1309 3097 ἐστὶν,
1342 3032 1477 3086 ἀλλά
1513 3033 1574 3086 τὸ
1611 3032 1720 3086 τῶν

142 3128 352 3180 πολλῶν
399 3127 652 3196 πάσχειν,
678 3127 728 3179 οἶ
778 3125 867 3179 διά
901 3142 1045 3189 τινος
1089 3126 1285 3195 ἀλόγου
1337 3126 1619 3196 συνηθείας
1659 3126 1721 3179 τὸ

144 3240 213 3273 πα
223 3221 315 3291 ρον
343 3219 525 3283 αὐτοῖς
552 3218 627 3281 ὡς
643 3218 807 3271 καλὸν
823 3217 1129 3286 ἀγαπῶσιν,
1164 3212 1276 3270 οἷον
1299 3217 1343 3271 δ’
1367 3217 1433 3271 ἂν
1452 3218 1558 3287 εἴη.
1587 3217 1720 3271 Καί-

140 3332 217 3367 τοι
248 3330 313 3382 γε
340 3314 429 3367 τὸν
456 3312 598 3381 λόγῳ
626 3313 720 3364 καὶ
751 3311 959 3382 διανοίᾳ
990 3311 1090 3381 τῆς
1117 3311 1312 3379 ἀλόγου
1352 3311 1565 3379 φύσεως
1588 3328 1720 3383 προ-

143 3404 495 3475 τεταγμένον,
528 3403 665 3474 πρὸς
686 3402 839 3456 τοῦτο
864 3403 1021 3469 μόνον
1046 3403 1148 3474 τὴν
1177 3403 1348 3473 ῥοπὴν
1377 3402 1519 3472 ἔχειν
1549 3419 1718 3473 προσ-

142 3499 270 3567 ῆκεν
288 3539 306 3564 ,
332 3496 399 3549 ἵν’
426 3496 455 3549 ὂ
479 3498 546 3567 τῇ
576 3494 669 3549 τοῦ
709 3495 867 3564 λόγου
894 3494 1070 3565 κρίσει
1111 3493 1276 3547 καλὸν
1295 3511 1356 3547 τε
1386 3496 1477 3547 καὶ
1505 3494 1719 3566 αἱρετὸν

145 3590 519 3661 ἀναφαίνεται,
554 3589 651 3643 καὶ
699 3587 774 3659 μὴ
804 3588 959 3641 τοῦτο
1002 3588 1219 3650 πάντως
1263 3586 1551 3658 αἱρεῖσθαι,
1585 3588 1720 3657 ὅπερ

143 3686 203 3737 ἂν
242 3685 434 3748 αὐτοῖς
466 3683 531 3736 ὲκ
570 3681 855 3752 συνηθείας
896 3681 1039 3744 τινὸς
1085 3680 1179 3733 καὶ
1216 3678 1439 3751 ἀκρίτου
1468 3696 1719 3751 προσπα-

146 3776 293 3840 θείας
322 3776 421 3847 ἡδύ
455 3773 641 3837 τεκαὶ
679 3772 1014 3842 καταθύμιον
1042 3772 1311 3840 φαίνεται.
1344 3771 1433 3824 Διό
1466 3789 1555 3842 μοι
1576 3772 1722 3824 δοκεῖ

144 3867 322 3932 καλῶς
348 3868 495 3938 ἔχειν
527 3866 737 3936 ἐπινοίᾳ
772 3865 877 3918 τινὶ
896 3864 998 3934 τῆς
1025 3864 1160 3933 πρὸς
1183 3863 1244 3916 τὸ
1270 3862 1497 3934 σύνηθες
1523 3864 1720 3927 αὐτοὺς

143 3960 435 4023 διαθέσεως
464 3959 897 4028 ἀποστήσαντας,
932 3958 1282 4026 μεταγαγεῖν,
1310 3954 1385 4018 ὡς
1418 3955 1531 4008 ἐστι
1560 3955 1722 4009 δυνα-

1829 2761 1919 2830 qui
1951 2777 1980 2813 e
2044 2761 2155 2813 vita
2184 2759 2494 2821 discedunt,
2546 2759 2906 2814 calamitatem
2960 2760 3302 2824 existimant,
3350 2767 3407 2815 et

1827 2868 1920 2907 eos
1942 2852 2031 2921 qui
2058 2868 2121 2906 ex
2146 2850 2250 2905 hoc
2281 2849 2486 2904 mundo
2507 2851 2740 2918 migrant
2762 2850 2826 2904 ad
2852 2850 3127 2905 caelestem
3149 2850 3403 2920 patriam,

1827 2942 2015 2997 dolore
2072 2950 2126 2995 et
2178 2941 2436 3012 lacrymis
2495 2951 2942 3011 prosequuntur,
2985 2956 3095 2995 non
3149 2941 3407 2996 videntur

1828 3035 1959 3089 mibi
1991 3034 2220 3104 hujusce
2263 3035 2387 3089 vitae
2414 3034 2781 3090 conditionem
2834 3035 3220 3090 considerasse
3248 3074 3261 3098 ,
3308 3035 3405 3090 sed

1826 3125 2110 3181 itaaﬂ‘ecti
2147 3140 2292 3192 esse,
2326 3127 2652 3195 utplerique
2677 3140 2707 3179 e
2754 3124 2937 3195 vulgo,
2972 3126 3066 3196 qui
3110 3137 3406 3181 consuetu-

1828 3220 1955 3275 dine
1997 3221 2231 3291 quadam
2293 3218 2514 3274 homine
2577 3218 2834 3290 indigna,
2882 3234 3223 3290 quaecunque
3296 3220 3405 3275 illis

1826 3313 2048 3379 adsunt,
2084 3320 2144 3366 ut
2177 3312 2319 3365 bona
2343 3311 2598 3382 diligunt,
2641 3312 3044 3383 qualiacunque
3089 3313 3218 3368 sint.
3254 3313 3406 3380 Quos

1828 3413 2012 3459 tamen
2040 3412 2098 3457 ut
2127 3404 2341 3459 ratione
2370 3404 2814 3474 cogitationeque
2857 3405 3073 3460 caeteris
3108 3404 3404 3461 animanti-

1826 3496 1929 3551 bus
1960 3504 2301 3568 pracstantes,
2331 3495 2399 3549 ad
2436 3511 2500 3551 ea
2531 3504 2743 3550 tantum
2771 3511 3077 3567 propensos
3095 3513 3216 3553 esse
3240 3513 3405 3569 Opor-

1829 3597 1987 3651 tcret,
2008 3602 2131 3655 qum
2167 3585 2397 3641 rationis
2428 3585 2697 3656 judicium
2730 3585 2960 3643 honesta
2986 3588 3403 3658 expetendaque

1830 3688 2182 3750 preponerct,
2223 3695 2323 3735 nec
2359 3679 2453 3734 illa
2512 3694 2740 3749 prorsus
2790 3689 3060 3751 appetere,
3115 3696 3238 3752 qua:
3265 3695 3401 3735 con-

1828 3771 2142 3835 suetudine,
2175 3780 2228 3827 et
2256 3771 2663 3827 inconsiderata
2715 3771 2952 3841 quadam
2985 3770 3273 3827 aﬂ'ectione
3312 3772 3404 3842 ju-

1827 3863 2007 3918 cunda
2034 3878 2098 3918 ac
2130 3864 2320 3919 suavia
2362 3863 2637 3919 videntur.
2679 3862 3043 3931 Quamobrem
3073 3878 3252 3934 opera:
3279 3878 3406 3934 pre-

1828 3959 1962 4013 tium
1996 3957 2128 4011 mihi
2186 3957 2377 4012 videor
2403 3972 2525 4013 esse
2571 3956 2839 4024 facturus,
2897 3957 2945 4013 si
2973 3971 3193 4027 operam
3236 3956 3401 4021 dabo,

144 4057 257 4119 τὸν,
300 4055 396 4108 ἐπὶ
424 4053 524 4125 τὴν
550 4052 757 4124 ἀμείνω
783 4069 843 4104 τε
886 4051 979 4104 καὶ
1023 4050 1338 4121 πρέπουσαν
1367 4052 1479 4114 τοῖς
1517 4050 1723 4119 λελογι-

1827 4057 1887 4103 ut
1923 4064 2019 4104 eos
2048 4049 2272 4104 liberem
2308 4049 2379 4103 ab
2437 4051 2540 4103 hoc
2573 4049 2852 4119 opinionis
2896 4063 3108 4114 errore,
3149 4062 3260 4118 quo
3307 4064 3402 4104 so-

150 4149 365 4218 σμένοις
385 4145 641 4198 διάνοιαν.
667 4143 821 4197 Οὕτω
844 4142 951 4213 γὰρ
976 4142 1041 4195 ἃν
1062 4140 1363 4212 ἐξορισθείη
1387 4141 1488 4211 τῆς
1519 4142 1725 4213 ἀνθρω-

146 4240 303 4309 πίνης
326 4235 477 4304 ζωῆς
497 4237 530 4307 ἡ
554 4232 958 4303 σπουδαζομένη
977 4232 1104 4302 περὶ
1120 4230 1186 4282 τὰ
1208 4230 1353 4300 πάθη
1376 4232 1488 4292 τοῖς
1514 4230 1725 4294 πολλοῖς

144 4332 355 4400 ἀλογία.
407 4328 620 4381 Γένοιτο
647 4326 691 4379 δ’
732 4326 798 4380 ἂν
843 4326 973 4397 ἡμῖν
1018 4323 1309 4388 ἀκόλουθος
1350 4326 1383 4396 ὴ
1431 4324 1525 4377 τοῦ
1563 4323 1723 4393 λόγου

148 4422 349 4495 σπουδὴ
400 4420 538 4492 πρὸς
567 4418 664 4491 τὴν
705 4416 1075 4488 προκειμένην
1122 4416 1398 4480 ὑπόθεσιν,
1434 4419 1483 4470 εἰ
1509 4415 1724 4488 πρῶτον

148 4513 247 4583 μὲν
265 4514 325 4567 τὸ
347 4509 569 4583 ἀληθῶς
586 4507 809 4577 ἀγαθὸν,
834 4500 946 4559 οἷόν
963 4507 1132 4569 ἐστιν,
1156 4505 1468 4576 ἐξετασθείη
1492 4522 1509 4538 ο
1535 4506 1725 4559 ἔπειτα

145 4606 199 4659 δὲ
221 4606 284 4659 τὸ
313 4605 449 4658 ἴδιον
478 4602 579 4673 τῆς
623 4602 682 4655 ὲν
719 4598 934 4668 σώματι
965 4597 1108 4669 ζωῆς
1142 4598 1519 4670 θεωρήσαιμεν
1538 4617 1553 4633 θ
1588 4600 1726 4670 πρὸς

147 4698 355 4763 τούτοις
406 4696 465 4751 δὲ
513 4694 685 4748 εἰδιά
735 4692 1073 4763 συγκρίσεως
1110 4692 1562 4763 ἀντιπαρατεθείη
1613 4694 1726 4756 τοῖς

148 4789 382 4861 παροῦσι
398 4786 470 4841 τὰ
500 4786 566 4839 δι’
597 4784 811 4848 ἐλπίδος
834 4786 964 4856 ἡμῖν
987 4784 1340 4853 ἀποκείμενα.
1359 4784 1513 4837 Οὕτω
1531 4783 1640 4855 γὰρ
1659 4783 1727 4839 ἂν

148 4874 403 4944 προέλθοι
428 4873 565 4944 πρὸς
593 4870 685 4926 τὸν
713 4871 913 4926 σκοπὸν
941 4870 1036 4925 τοῦ
1072 4871 1228 4940 λόγου
1265 4874 1298 4944 ὴ
1334 4872 1557 4943 θεωρία,
1583 4873 1727 4928 ὥστε

151 4964 514 5035 μετατεθῆναι
555 4962 665 5016 τῶν
696 4962 907 5017 πολλῶν
949 4963 1057 5016 ἀπὸ
1111 4962 1203 5017 τοῦ
1236 4963 1499 5035 συνήθους
1531 4965 1624 5018 ἐπὶ
1667 4965 1727 5018 τὸ

150 5057 311 5109 καλὸν
342 5056 445 5127 τὴν
489 5054 745 5109 διάνοιαν.
787 5054 1004 5126 Ἐπειδὴ
1055 5055 1165 5126 γὰρ
1205 5057 1371 5109 πᾶσιν
1422 5056 1730 5127 ἀνθρώποις

151 5149 353 5219 φυσική
386 5165 471 5210 τις
504 5147 640 5218 πρὸς
671 5146 731 5200 τὺ
759 5146 923 5200 καλὸν
960 5146 1201 5215 ἔγκειται
1237 5148 1439 5218 σχέσις,
1472 5150 1564 5202 καὶ
1591 5150 1729 5219 πρὸς

149 5242 310 5295 τοῦτο
333 5243 566 5295 κινεῖται
605 5242 754 5294 πᾶσα
794 5240 1130 5311 προαίρεσις,
1156 5240 1247 5296 τὸν
1269 5240 1364 5295 τοῦ
1402 5242 1569 5295 καλοῦ
1600 5260 1728 5297 σκο--

150 5335 251 5387 πὸν
280 5335 464 5405 πάσης
486 5334 584 5403 τῆς
606 5332 749 5388 κατά
772 5332 863 5386 τὸν
891 5332 1004 5403 βίον
1029 5333 1263 5404 σπουδῆς
1289 5334 1727 5406 προὸαλλομένηο

149 5426 338 5479 τούτου
397 5425 558 5496 χάριν
587 5426 621 5495 ὴ
668 5424 797 5495 περὶ
827 5423 889 5477 τὸ
936 5424 1105 5488 ὅντως
1159 5426 1322 5480 καλὸν
1361 5428 1604 5499 ἀκρισία,
1659 5428 1728 5481 τὰ

151 5517 326 5571 πολλά
353 5517 463 5571 τῶν
489 5515 950 5588 ἁμαρτανομένων
979 5516 1165 5569 εἴωθεν
1191 5516 1596 5589 ἐξεργάζεσθαι.
1641 5520 1729 5584 Ὦς

148 5613 199 5663 εἰ
230 5627 298 5679 γε
334 5608 598 5683 πρόδηλον
625 5610 790 5662 πᾶσιν
816 5606 883 5680 ἦν
917 5608 977 5662 τὸ
1008 5608 1221 5679 ἀληθῶς
1263 5611 1487 5679 ἀγαθὸν,
1528 5613 1627 5665 οὐκ
1661 5614 1727 5666 ἂν

150 5700 365 5752 ἐκείνου
389 5699 520 5753 ποτὲ
541 5699 932 5771 διημάρτομεν,
953 5691 997 5766 ᾧ
1024 5698 1184 5768 φΰσις
1200 5702 1233 5770 ἡ
1255 5701 1526 5771 ἀγαθότης
1556 5704 1723 5756 ἐστίν’

147 5793 258 5846 οἰδ
294 5792 359 5847 ἂν
390 5792 651 5858 ἑκουσίως
676 5793 744 5864 τῇ
772 5791 882 5846 τῶν
903 5791 1087 5847 κακῶν
1113 5792 1518 5865 συνηνέχθημεν
1540 5797 1724 5869 πείρᾳ,

1825 4142 1907 4196 liti
1941 4148 2069 4195 sunt
2096 4141 2426 4212 perturbari,
2454 4148 2510 4196 et
2537 4141 2605 4195 ad
2631 4142 2909 4196 meliorem
2943 4140 3272 4211 homineque
3320 4140 3405 4194 cli-

1824 4233 2068 4304 gniorem
2101 4232 2486 4303 cogitationem
2510 4246 2614 4302 pro
2658 4231 2872 4287 viribus
2901 4230 3211 4286 traducam.
3246 4230 3404 4298 Quod

1824 4326 2044 4397 quidem
2075 4325 2122 4384 si
2153 4324 2361 4380 erimus
2406 4324 2671 4387 assecuti,
2734 4324 3087 4393 temerarium
3146 4323 3282 4378 illud
3306 4323 3403 4379 dos

1825 4420 1969 4476 lendi
2005 4418 2384 4487 mterendique
2411 4416 2655 4472 studium
2676 4456 2691 4481 ,
2754 4431 2867 4487 quo
2933 4417 3089 4471 multi
3123 4424 3402 4485 tenentur,

1826 4525 1896 4566 ex
1929 4509 2214 4565 hominum
2266 4507 2378 4561 vita
2410 4508 2740 4579 depelletur.
2792 4509 2964 4565 Recte
3014 4517 3197 4565 autem
3242 4520 3405 4581 atque

1825 4600 2017 4657 ordine
2036 4599 2180 4671 quod
2197 4599 2605 4671 proposuimus,
2625 4614 3040 4670 persequemur,
3065 4601 3113 4656 si
3144 4602 3403 4671 primum,

1825 4694 1959 4765 quid
1988 4708 2117 4748 vere
2139 4692 2212 4748 sit
2230 4692 2457 4759 bonum,
2487 4693 2878 4762 exquiremus;
2908 4693 3104 4749 deinde
3128 4694 3403 4765 propriam

1825 4787 1971 4853 vitae,
2002 4800 2165 4857 quam
2195 4786 2250 4840 in
2278 4799 2508 4855 corpore
2544 4784 2778 4854 agimus,
2814 4785 3184 4842 conditionem
3219 4786 3405 4842 consi-

1824 4878 2176 4945 derabimus;
2233 4886 2511 4948 postremo
2570 4892 2659 4932 res
2696 4886 2999 4948 praesentes
3056 4874 3404 4932 conferemus

1826 4987 1951 5027 cum
1999 4971 2069 5028 iis
2120 4986 2259 5041 quas
2305 4986 2401 5040 per
2455 4984 2605 5041 spem
2659 4971 2819 5028 nobis
2852 4970 3160 5026 reconditas
3213 4984 3406 5039 exspe-

1827 5070 2062 5118 ctamus.
2088 5060 2181 5117 Sic
2209 5061 2354 5117 enim
2386 5060 2684 5130 disputatio
2738 5063 2901 5117 tinem
2946 5061 3287 5133 propositum
3314 5076 3404 5115 as-

1829 5163 2108 5222 sequetur,
2139 5160 2197 5205 ut
2226 5152 2519 5205 multorum
2564 5152 2731 5205 animi
2783 5152 2853 5206 ab
2893 5151 3149 5220 opinione
3188 5150 3404 5219 vulgari

1828 5244 1895 5299 ad
1956 5252 2163 5299 rectam
2215 5242 2283 5298 de
2327 5256 2456 5297 vero
2506 5241 2652 5296 bono
2707 5242 3031 5298 sententiam
3100 5242 3403 5296 traducan-

1831 5345 1941 5391 tur.
2010 5332 2145 5389 Nam
2215 5349 2341 5389 cum
2408 5334 2665 5389 omnibus
2726 5332 3042 5386 hominibus
3095 5334 3261 5387 insita
3333 5334 3405 5388 sit

1828 5427 2095 5482 naturalis
2145 5426 2391 5497 quadam
2449 5423 2517 5479 ad
2580 5425 2787 5479 bonum
2846 5425 3164 5493 propensio,
3227 5427 3293 5480 ad
3338 5427 3405 5480 il-

1828 5519 2030 5590 ludque
2074 5518 2517 5589 consequendum
2578 5532 2793 5587 semper
2844 5517 2994 5571 omni
3042 5517 3224 5572 studio
3272 5533 3405 5573 con-

1830 5615 2074 5677 tendant,
2111 5612 2169 5666 lit
2212 5620 2273 5665 ut
2308 5626 2373 5666 ex
2422 5612 2536 5665 veri
2568 5609 2695 5663 boni
2739 5609 3049 5682 ignorantia
3076 5609 3258 5662 omnia
3293 5609 3405 5664 fetc

1829 5715 2052 5776 peccata
2081 5707 2447 5761 committant.
2476 5702 2630 5770 Quod
2672 5702 2720 5757 si
2748 5703 2936 5756 cuncti
2968 5716 3157 5756 verum
3200 5702 3404 5757 bonum

1829 5808 2174 5871 perspectum
2197 5806 2252 5855 et
2293 5797 2570 5869 cognitum
2609 5795 2890 5855 baberent.
2922 5809 3200 5866 nunquam
3226 5794 3299 5849 ab
3317 5807 3403 5855 eo,
