3844 6458
431 318 537 374 499

1653 311 1713 366 S.
1754 307 2084 366 (illEGORll
2119 307 2418 364 NYSSENI

3593 310 3686 364 500

434 438 490 490 in
529 449 638 504 quo
667 443 864 488 natura
911 434 1215 488 bonitatem
1258 432 1419 488 sitam
1447 446 1570 488 esse
1601 431 1832 494 scirent,
1861 431 2011 486 aber-

2123 430 2280 500 εἴπερ
2334 429 2408 499 μὴ
2452 426 2836 498 ἐπεκέχρωστο
2879 426 2947 480 τὰ
3005 428 3301 498 πράγματα
3344 427 3694 506 διεψευσμένῃ

431 536 642 600 rantes,
667 527 847 590 malis,
886 542 1008 597 qua:
1041 525 1235 581 falsam
1265 525 1396 580 boni
1429 525 1668 594 speciem
1703 539 1814 594 pra:
1841 539 1902 578 se
1943 523 2020 578 l'e-

433 629 587 686 runt,
633 619 963 690 experiendo
997 619 1143 673 ultro
1173 635 1296 674 sese
1324 618 1694 688 implicarent.
1741 615 1799 669 ln
1827 616 2020 686 primis

432 715 600 786 igitur
628 713 732 768 hac
762 712 1033 777 oratione,
1065 709 1196 781 quid
1223 726 1349 765 vere
1388 710 1592 764 bonum
1631 709 1725 775 sit,
1781 707 2020 776 explice-

431 820 588 872 mus;
621 819 690 858 ne
749 803 902 858 illius
927 801 1151 856 inscitia
1183 801 1384 854 malum
1421 815 1664 870 unquam
1717 813 1816 868 pro
1874 797 2019 852 bono

430 895 882 966 complemamur.
920 893 1146 964 Oportet
1176 892 1321 947 enim
1381 891 1564 956 illius,
1626 889 1770 958 quod
1815 889 2018 959 quaeri-

431 1000 576 1050 mus,
612 983 984 1040 deﬁnitionem
1017 997 1082 1038 ac
1103 981 1531 1052 descriptionem
1568 979 1858 1050 quamdam
1888 995 2016 1048 pro-

431 1078 585 1148 poni,
612 1077 774 1145 cujus
807 1085 1069 1146 tanquam
1112 1073 1320 1128 indicio
1365 1079 1480 1126 tuta
1513 1072 1627 1127 veri
1663 1072 1794 1126 boni
1819 1071 1894 1126 sit
1915 1086 2014 1124 uo-

431 1169 520 1224 bis
548 1169 924 1238 investigatio.
949 1165 1175 1236 Ecquod
1211 1175 1393 1219 autem
1449 1165 1553 1220 erit
1603 1163 1869 1218 indicium
1901 1163 2012 1218 veri

430 1260 595 1317 boni?
617 1261 754 1315 Illud
781 1260 1058 1322 nimirum,
1080 1272 1200 1312 mea
1221 1255 1440 1326 quidem
1467 1255 1766 1320 sententia,
1789 1262 1846 1310 ttt
1866 1255 2012 1326 quod

431 1352 636 1406 nonad
661 1365 824 1404 unam
851 1357 1062 1402 tantum
1123 1347 1364 1420 aliquam
1420 1361 1535 1400 rem
1587 1347 1800 1410 utilem,
1839 1363 2015 1416 neque

431 1443 576 1514 quod
608 1443 719 1496 alio
752 1453 994 1512 tempore
1023 1439 1392 1502 commodum,
1425 1438 1533 1492 alio
1583 1438 2010 1503 incommodum,

431 1551 612 1606 neque
649 1534 798 1604 quod
849 1534 924 1587 ita
973 1533 1208 1602 cuipiam
1239 1529 1436 1603 prosit,
1490 1540 1552 1584 ut
1583 1530 1673 1584 alii
1722 1531 1885 1596 obsit,
1915 1530 2011 1585 sed

431 1630 577 1702 quod
608 1637 663 1683 et
689 1643 787 1698 per
819 1643 879 1682 se
905 1641 969 1680 ac
1001 1625 1218 1696 propria
1265 1631 1461 1678 natura
1501 1639 1621 1688 sua,
1663 1631 1717 1676 et
1757 1623 2010 1678 omnibus

429 1730 487 1778 et
543 1736 760 1792 semper
817 1720 1022 1776 bonum
1067 1718 1158 1784 sit,
1194 1717 1246 1770 id
1317 1716 1435 1771 sine
1497 1715 1605 1768 ulla
1669 1715 2010 1770 dubitatione

2120 521 2226 572 τινὶ
2250 518 2341 572 τοῦ
2369 517 2534 572 καλοῦ
2566 519 2858 590 φαντασίᾳ.
2884 518 3092 572 οὐκοῦν
3121 519 3226 589 πρὸ
3253 521 3470 576 πάντων
3501 521 3692 578 τούτων

2121 611 2198 680 τῷ
2221 610 2363 681 λόγῳ
2389 613 2834 682 κατανοήσωμεν,
2869 611 2920 665 τί
2946 611 3006 664 τὸ
3031 613 3249 682 ἀληθῶς
3277 614 3502 682 ἀγαθὸν,
3537 616 3612 679 ὡς
3635 615 3694 670 ἂν

2124 701 2198 772 μὴ
2221 705 2286 773 τῇ
2336 702 2464 773 περὶ
2493 703 2681 755 τούτου
2725 702 2900 773 πλάνῃ
2943 704 3302 776 σπουδασθείη
3331 708 3462 760 ποτε
3487 707 3550 760 τὸ
3589 711 3690 778 χεῖ-

2121 813 2215 866 ρον
2237 797 2359 850 ἀντὶ
2382 795 2476 850 τοῦ
2505 797 2832 868 κρείττονος.
2862 799 3008 868 Φημὶ
3028 799 3205 852 τοίνυν
3229 799 3426 870 χρῆναι
3453 801 3694 874 καθάπερ

2117 889 2346 958 ὁρισμόν
2375 905 2494 941 τινα
2521 888 2613 941 καὶ
2637 889 2960 958 χαρακτῆρα
2985 887 3077 941 τοῦ
3107 889 3690 962 ζητουμένου-προϋπο-

2119 978 2308 1032 θέσθαι
2340 978 2416 1049 τῷ
2437 979 2599 1050 λόγῳ,
2619 978 2686 1032 δι’
2717 971 2778 1031 οὗ
2799 979 2994 1046 γένοιτ’
3029 980 3096 1033 ἂν
3124 981 3254 1050 ἡμῖν
3271 982 3517 1052 ἀσφαλὴς
3551 985 3586 1054 ἡ
3611 985 3692 1037 τοῦ

2117 1070 2284 1124 καλοῦ
2315 1073 2662 1142 κατανόησις.
2695 1072 2791 1136 Τίς
2815 1067 2910 1126 οὖν
2936 1074 2965 1125 ό
2993 1073 3276 1144 χαρακτὴρ
3307 1076 3405 1146 τῆς
3443 1076 3694 1150 ἀληθινῆς

2117 1163 2452 1235 ἀγαθότητος
2475 1181 2490 1228 ;
2530 1166 2602 1218 Τὸ
2615 1165 2702 1236 ,μὴ
2729 1165 2889 1236 μόνον
2916 1165 3053 1237 πρός
3075 1183 3129 1218 τι
3153 1167 3214 1218 τὸ
3233 1166 3512 1238 ὠφέλιμον
3538 1168 3692 1238 ἔχειν,

2119 1257 2252 1326 μηδὲ
2277 1257 2420 1309 κατὰ
2440 1256 2662 1326 καιρούς
2681 1273 2854 1322 τινας,
2880 1257 2912 1328 ἢ
2937 1258 3214 1325 ἐπωφελὲς
3237 1258 3268 1328 ἢ
3290 1259 3562 1329 ἄχρηστον
3585 1263 3694 1328 φαί-

2120 1345 2328 1398 νεσθαι’
2367 1331 2500 1417 μηδὲ
2527 1347 2634 1400 τινλ⁸
2665 1347 2762 1418 μὲν
2786 1343 2924 1402 εἶναι
2963 1348 3147 1414 καλὸν,
3173 1349 3344 1420 ἑτέρῳ
3375 1351 3432 1403 δέ
3455 1352 3514 1404 οὐ
3537 1353 3692 1406 τοιοῦ-

2111 1453 2222 1488 τον·
2253 1437 2369 1490 ἀλλ’
2409 1438 2544 1506 ὅπερ
2583 1438 2678 1491 καὶ
2717 1439 2806 1506 ἐφ’
2836 1438 3032 1492 ἑαυτοῦ
3072 1440 3212 1493 κατὰ
3245 1441 3344 1511 τὴν
3384 1441 3696 1510 ἰδίαν-φύσιν

2113 1527 2230 1580 ἐστὶ
2271 1528 2464 1595 καλὸν,
2510 1529 2603 1582 καὶ
2635 1531 2830 1594 παντὶ,
2859 1531 2952 1584 καὶ
2995 1531 3225 1586 πάντοτε
3263 1532 3522 1597 ὡσαύτως
3563 1533 3692 1603 ἔχει,

2111 1611 2264 1680 οὗτός
2289 1619 2404 1672 ἐστι
2423 1660 2438 1684 ,
2468 1619 2611 1672 κατά
2643 1637 2708 1686 γε
2741 1619 2840 1690 τὴν
2869 1619 3007 1690 ἐμὴν
3034 1621 3236 1690 κρίσιν,
3277 1623 3372 1691 τῆς
3402 1622 3496 1676 τοῦ
3531 1625 3694 1677 καλοῦ

2111 1709 2346 1778 κρίσεως
2366 1710 2394 1761 ὁ
2421 1709 2706 1780 χαρακτὴρ
2725 1709 2967 1782 ἀπλανὴς
2994 1727 3052 1763 τε
3075 1710 3170 1764 καὶ
3195 1711 3478 1780 ἄψευστος.
3501 1714 3570 1766 Ὂ
3591 1715 3700 1786 γὰρ

393 1827 618 1870 rerum
668 1813 870 1868 bonum
927 1825 1051 1866 esse
1097 1809 1428 1878 judicemus.
1487 1806 1643 1872 Quod
1703 1807 1847 1862 enim
1911 1821 2011 1862 nec

2117 1799 2250 1867 μήτε
2277 1799 2432 1862 πᾶσι,
2465 1799 2604 1870 μήτε
2648 1800 2899 1866 πάντοτε,
2934 1802 3070 1870 μήτε
3109 1802 3192 1870 ἐφ’
3228 1803 3420 1856 ἑαυτοῦ
3448 1803 3572 1874 δίχα
3603 1805 3694 1874 τῆς

429 1905 705 1970 omnibus,
735 1919 840 1960 nec
877 1918 1112 1972 semper,
1148 1916 1249 1956 nec
1275 1916 1369 1969 per
1399 1914 1458 1955 se
1497 1900 1614 1954 sine
1649 1899 1756 1952 ulla
1789 1907 2012 1954 externa

431 1995 656 2052 alterius
678 1994 1030 2064 adjunctione
1057 1993 1260 2048 bonum
1297 1999 1400 2056 est,
1437 1991 1656 2060 proprie
1697 1991 1824 2045 boni
1853 1998 2013 2044 natu-

430 2104 546 2144 ram
577 2103 686 2143 non
717 2087 902 2141 habet.
935 2085 1302 2152 Quamobrem
1331 2084 1488 2138 multi
1539 2084 1722 2138 minus
1759 2083 2012 2138 conside-

435 2190 552 2236 rate
601 2195 690 2234 res
733 2179 1110 2247 explorantes,
1147 2175 1204 2230 in
1247 2175 1535 2229 elementis
1569 2174 1752 2228 mundi
1809 2175 2010 2228 bonum

433 2271 574 2326 falso
595 2284 718 2327 esse
751 2277 880 2324 sunt
940 2265 1234 2336 suspicati;
1271 2266 1320 2320 si
1365 2263 1492 2335 quis
1533 2265 1678 2320 enim
1722 2265 2014 2334 diligenter

433 2361 766 2422 consideret,
795 2357 1004 2414 nuilum
1036 2373 1228 2413 eorum
1265 2372 1363 2411 nec
1392 2371 1490 2428 per
1528 2372 1608 2423 se,
1641 2373 1744 2412 nec
1773 2372 2009 2426 semper,

433 2471 538 2512 nec
565 2453 822 2510 omnibus
873 2453 1079 2506 bonum
1127 2451 1386 2504 inveniet.
1417 2448 1552 2503 Nam
1586 2450 1736 2516 quod
1791 2451 1844 2504 in
1872 2467 2011 2504 uno-

433 2561 652 2619 quoque
679 2561 870 2602 eorum
899 2543 1032 2598 utile
1077 2551 1182 2606 est,
1235 2541 1570 2596 contrarium
1599 2544 1803 2612 aliquid
1840 2543 2012 2596 admi-

429 2647 577 2696 stum
613 2639 796 2694 habet.
825 2635 893 2692 Ut
920 2650 1061 2704 aqua
1085 2634 1344 2690 salutaris
1373 2635 1594 2704 quidem
1627 2643 1712 2690 est
1766 2639 2012 2690 animan-

433 2731 580 2785 tibus
609 2729 664 2784 in
695 2727 816 2798 ipsa
843 2727 1188 2798 degentibus,
1240 2724 1549 2794 perniciosa
1605 2733 1787 2782 autem
1837 2729 2012 2782 medi-

433 2819 720 2882 terraneis,
745 2819 792 2874 si
818 2817 1226 2887 demergantur.
1251 2815 1360 2870 Aer
1384 2827 1574 2870 contra
1595 2816 1648 2870 in
1671 2817 1790 2887 ipso
1817 2829 2014 2874 natura

431 2899 746 2968 viventibus
799 2907 1065 2980 prodest,
1114 2907 1451 2978 aquatilibus
1505 2917 1686 2962 autem
1735 2909 1790 2962 in
1820 2926 1886 2966 eo
1913 2927 2009 2966 ex-

431 3006 630 3077 positis
663 3003 894 3060 exitium
926 3001 1103 3056 affert.
1136 2999 1229 3054 Sic
1273 2999 1438 3054 etiam
1473 2999 1620 3070 ignis
1645 3002 1882 3072 aliquem
1913 3020 2013 3060 no.

431 3097 519 3152 bis
553 3109 716 3150 usum
763 3092 991 3163 pra'bet,
1019 3091 1114 3145 sed
1173 3089 1335 3161 longe
1369 3089 1526 3160 plura
1577 3091 1785 3146 invehit
1835 3093 2009 3150 detri-

429 3197 638 3244 menta.
664 3183 1010 3254 Quid?quod
1041 3197 1108 3236 ne
1135 3180 1252 3252 ipse
1299 3181 1524 3252 quidem
1571 3185 1651 3238 sol
1695 3187 2002 3252 utentibus,

433 3281 638 3350 ubique
693 3285 788 3332 aut
833 3291 1048 3346 semper
1077 3315 1094 3340 ,
1149 3284 1242 3329 aut
1313 3276 1368 3330 in
1428 3277 1696 3333 omnibus
1735 3279 2003 3348 prodest:

430 3372 634 3444 quippe
661 3369 829 3439 quiet
861 3369 1030 3422 nimio
1067 3383 1460 3437 nonnunquam
1491 3369 1690 3425 ardore
1723 3371 2011 3427 veltcmen.

433 3469 516 3514 ter
544 3465 770 3524 noceat,
799 3466 874 3520 et,
911 3471 1032 3527 quae
1087 3457 1193 3512 sibi
1229 3457 1448 3528 objecta
1499 3467 1648 3525 sunt,
1691 3460 2014 3518 immodera-

435 3551 543 3606 tius
570 3549 833 3616 exsiccet,
858 3556 912 3602 et
942 3549 1258 3602 morborum
1313 3565 1555 3620 persaepe
1616 3565 1784 3606 causa
1837 3554 1926 3614 sit,
1961 3563 2014 3607 et

435 3642 812 3714 lippientibus,
854 3650 1019 3712 atque
1056 3641 1232 3697 oculis
1261 3641 1720 3700 imbecillioribus
1785 3645 2012 3712 officiat,

435 3743 487 3790 ct
519 3749 586 3790 ex
610 3733 956 3788 humidorum
990 3735 1342 3806 corruptione
1367 3735 1567 3792 damna
1593 3739 2012 3812 molestiamque

434 3827 745 3884 viventibus
780 3827 1062 3898 importet.

507 4096 766 4162 Proinde,
817 4096 1276 4168 quemadmodum
1313 4097 1574 4162 diximus,
1631 4100 1684 4153 id
1740 4101 1916 4156 solum
1946 4117 2012 4156 c1

437 4190 693 4248 omnibus
717 4191 921 4246 bonum
956 4199 1172 4260 oportet
1226 4188 1567 4256 existimare,
1596 4191 1742 4262 quod
1801 4209 2016 4264 semper

435 4291 492 4340 et
541 4283 800 4339 omnibus
850 4297 1004 4352 aeque
1028 4283 1248 4338 exhibet
1299 4292 1549 4338 naturam
1581 4285 1729 4350 boni,
1779 4301 1881 4341 nec
1917 4302 2014 4356 pro

437 4376 651 4430 ratione
682 4391 872 4457 eorum
902 4391 1022 4445 quae
1053 4375 1408 4431 extrinsecus
1429 4377 1786 4446 objiciuntur,
1817 4378 2015 4434 intutu-

2115 1886 2312 1951 ἔξωθεν
2342 1890 2713 1960 περιστάσεώς
2739 1893 2854 1944 ἐστι
2887 1891 3070 1956 καλὸν,
3093 1893 3194 1944 οὑκ
3219 1893 3283 1946 ἂν
3315 1896 3516 1965 κυρίως
3541 1899 3602 1949 ἐν
3633 1903 3702 1970 τῇ·

2113 1977 2206 2032 τοῦ
2237 1978 2404 2032 καλοῦ
2445 1981 2683 2052 κρίνοιτο
2717 1983 2898 2051 φύσει.
2931 1984 3133 2056 Διόπερ
3173 1985 3358 2039 πολλοὶ
3389 1987 3498 2040 τῶν
3543 1989 3696 2056 ἀνεξ-

2115 2071 2353 2136 ετάστως
2377 2075 2752 2144 προσεχόντων
2777 2079 2890 2139 τοῖς
2917 2073 3088 2142 οὖσιν,
3125 2079 3326 2144 ἐνττοῖς
3369 2081 3459 2134 τοῦ
3487 2083 3694 2154 κόσμου

2117 2166 2402 2235 στοιχείοις
2453 2164 2683 2222 εἶναιτὸ
2731 2170 2894 2224 καλὸν
2940 2171 3388 2244 ἐφαντάσθησαν·
3435 2169 3510 2229 ὧν
3543 2177 3696 2230 οὐδὲν

2114 2257 2264 2326 εὖροι
2295 2277 2376 2322 τις
2395 2258 2460 2312 ἂν
2483 2260 2802 2326 διεξετάζων
2828 2265 2920 2316 καὶ
2948 2265 3032 2333 ἐφ’
3065 2266 3280 2330 ἑαυτοῦ,
3308 2269 3402 2321 καὶ
3440 2269 3690 2330 πάντοτε,

2115 2347 2208 2399 καὶ
2237 2349 2398 2401 παντὶ
2421 2350 2584 2402 καλὸν
2619 2353 3024 2424 εὑρισκόμενον,
3061 2356 3335 2426 Μέμικται
3366 2357 3476 2432 γὰρ
3507 2359 3592 2430 τῷ
3611 2361 3692 2430 ἐφ’

2115 2439 2348 2492 ἑκάστου
2397 2439 2599 2494 τούτων
2634 2444 2910 2516 χρησίμῳ,
2945 2447 3038 2500 καὶ
3081 2449 3114 2519 ἡ
3163 2448 3300 2518 πρὸς
3343 2451 3404 2502 τὸ
3451 2452 3696 2505 ἐναντίον

2115 2531 2379 2600 ἐνέργεια.
2425 2529 2572 2598 Οἷον,
2608 2536 2668 2588 τὸ
2691 2535 2834 2606 ὕδωρ
2877 2539 3139 2610 σωτήριον
3173 2541 3271 2611 μὲν
3299 2546 3412 2606 τοῖς
3447 2545 3504 2596 ἐν
3548 2546 3694 2615 αὑτῷ

2112 2626 2464 2696 τρεφομένοις
2495 2629 2662 2688 ἐστὶν,
2687 2629 2928 2700 ὀλέθριον
2947 2632 3004 2685 δὲ
3035 2635 3147 2696 τοῖς
3178 2636 3477 2706 χερσαίοις,
3505 2639 3556 2690 εί
3581 2639 3694 2691 ἐπι-

2113 2716 2378 2770 κλύσειεν.
2423 2719 2694 2784 Ὡσαύτως
2733 2722 2790 2774 δὲ
2823 2725 2916 2776 καὶ
2954 2726 2982 2776 ό
3009 2724 3137 2796 ἀὴρ,
3179 2729 3291 2790 τοῖς
3325 2729 3424 2798 μὲν
3453 2729 3510 2782 ἐν
3547 2731 3696 2802 αὐτῷ

2114 2803 2214 2876 ζῇν
2261 2808 2584 2876 πεφυκόσιν,
2617 2810 2733 2863 ἐστὶ
2787 2813 3070 2882 σωτήριος,
3112 2816 3225 2878 τοῖς
3269 2814 3324 2868 δὲ
3355 2815 3444 2870 τὸν
3475 2815 3696 2888 ἔνυδρον

2114 2899 2351 2970 εἱλζηχόσι
2393 2899 2528 2970 βίον,
2583 2901 2880 2974 φθαρτικὸς
2931 2905 3242 2976 εὑρίσκεται
3291 2908 3384 2978 καὶ
3431 2908 3693 2979 ὀλέθριος,

2113 2993 2238 3044 ὅταν
2268 2995 2324 3045 ἐν
2346 2993 2491 3064 αὑτῷ
2520 3013 2603 3059 τις
2631 2995 2854 3068 γένηται
2884 2996 2994 3050 τῶν
3015 2999 3379 3071 ὑποϐρυχίων.
3415 2999 3578 3054 Οὕτω
3607 3002 3696 3054 καὶ

2113 3083 2172 3136 τὸ
2203 3083 2312 3156 πῦρ
2349 3086 2484 3154 πρός
2519 3104 2572 3138 τι
2605 3089 2872 3159 χρήσιμον
2903 3091 3034 3160 ἡμῖν
3063 3090 3363 3161 γινόμενον,
3395 3093 3700 3163 φθαρτικόν

2117 3178 2232 3230 ἐστι
2261 3182 2372 3241 τοῖς
2421 3173 2648 3234 πλείοσι.
2690 3183 2800 3235 Καὶ
2829 3183 2990 3236 αὑτὸν
3023 3184 3079 3236 δέ
3117 3184 3208 3237 τὸν
3239 3183 3388 3254 ἣλιον
3415 3183 3572 3257 εὖροι
3615 3203 3696 3247 τις

2115 3267 2200 3332 ἂν,
2234 3269 2357 3323 οὔτε
2385 3273 2565 3338 παντὶ,
2591 3271 2714 3326 οὔτε
2745 3275 2995 3340 πάντοτε,
3019 3275 3139 3329 οὔτε
3165 3276 3306 3330 κατὰ
3331 3278 3506 3330 πάντα
3533 3277 3700 3330 καλὸν

2114 3364 2225 3426 τοῖς
2255 3363 2592 3435 μετέχουσιν.
2620 3366 2774 3418 Ἔστι
2802 3365 2911 3438 γὰρ
2931 3368 2988 3418 ἐν
3014 3361 3094 3430 οἷς
3124 3367 3219 3421 καί⁵
3251 3368 3457 3440 σφόδρα
3485 3369 3700 3438 γίνεται

2116 3454 2432 3524 βλαπτικὸς,
2465 3456 2744 3527 ὑπερζέων
2767 3475 2824 3510 τε
2854 3457 2950 3510 τοῦ
2984 3458 3313 3529 καθήκοντος
3351 3459 3577 3533 μέτρου,
3607 3461 3702 3514 καὶ

2117 3547 2384 3619 ξηραίνων
2419 3550 2476 3600 ἐν
2507 3549 2744 3622 ἀμετρίᾳ
2789 3549 2851 3602 τὸ
2893 3551 3270 3622 ὑποκείμενον,
3301 3553 3392 3606 καὶ
3438 3553 3702 3614 νοσώδεις

2114 3641 2293 3702 αίτίας
2327 3640 2587 3703 πολλάκις
2619 3639 3066 3712 ἐξεργαζόμενος,
3101 3643 3194 3695 καὶ
3216 3645 3324 3706 τοῖς
3357 3643 3704 3713 ἐμπαθεστέ-

2117 3749 2231 3804 ροις
2264 3733 2370 3786 τῶν
2421 3734 2716 3805 ὀφθαλμῶν
2772 3735 3206 3807 προσεπιτρίϐων
3247 3736 3344 3808 τὴν
3389 3737 3566 3801 νόσον,
3607 3741 3704 3792 καὶ

2113 3826 2200 3880 διὰ
2223 3827 2319 3895 τῆς
2350 3827 2562 3896 σήψεως
2594 3827 2699 3880 τῶν
2726 3827 2928 3898 ὑγρῶν,
2957 3829 3196 3900 βλαϐερά
3214 3847 3270 3884 τε
3294 3829 3385 3882 καὶ
3408 3829 3552 3900 ἀηδῆ
3580 3849 3707 3884 τινα

2115 3918 2396 3988 ζωογονῶν
2445 3921 2502 3972 ἐν
2541 3922 2607 3990 τῇ
2659 3921 3082 3995 κατεφθαρμένῃ
3131 3921 3240 3975 τῶν
3282 3921 3462 3993 ὑγρῶν
3518 3940 3703 3994 σηπε-

2114 4011 2201 4064 δόν
2209 4031 2246 4065 ι.

2186 4104 2414 4168 Οὐκοῦν,
2441 4105 2621 4169 καθὼς
2643 4106 2878 4176 εἴρηται,
2913 4108 3070 4178 μόνον
3092 4110 3158 4163 ἐκ
3186 4110 3400 4162 πάντων
3426 4110 3502 4172 ὡς
3531 4110 3708 4164 καλὸν

2117 4195 2492 4265 προαιρεῖσθαι
2531 4195 2656 4266 χρὴ,
2695 4195 2722 4249 ὃ
2751 4197 2977 4250 πάντοτε
3012 4199 3104 4251 καὶ
3133 4201 3296 4252 πᾶσιν
3321 4201 3522 4270 ὁμοίως
3543 4202 3608 4253 ἐν
3637 4204 3708 4270 τῇ

2115 4285 2208 4340 τοῦ
2245 4285 2409 4340 καλοῦ
2442 4287 2739 4358 καθορᾶται
2770 4288 2960 4360 φύσει,
2995 4291 3080 4344 ἀεὶ
3117 4291 3355 4344 τοιοῦτον
3394 4291 3474 4358 ὃν,
3507 4296 3610 4347 καὶ
3643 4295 3707 4346 οὑ

2119 4381 2252 4452 πρὸς
2278 4380 2376 4444 τὰς
2415 4377 2609 4444 ἔξωθεν
2646 4382 2994 4452 περιστάσεις
3031 4384 3516 4454 μεταϐαλλόμενον.
3563 4387 3710 4457 Περὶ

440 4477 609 4523 tatur.
640 4465 777 4522 Nam
829 4482 952 4538 qua:
994 4483 1059 4522 ex
1087 4483 1249 4537 prava
1280 4467 1514 4538 quadam
1542 4470 1798 4540 opinione
1821 4472 2011 4526 viden-

2118 4474 2226 4544 γὰρ
2257 4473 2370 4526 τῶν.
2392 4473 2565 4527 ἄλλων
2597 4473 2696 4526 ὅσα
2723 4476 2862 4528 κατά
2897 4492 3019 4527 τινα
3049 4475 3313 4546 πρόληψιν
3345 4475 3711 4550 ἀλογωτέραν

439 4567 530 4614 tur
549 4559 864 4615 hominibus
891 4559 1054 4622 bona,
1097 4568 1156 4613 ut
1181 4575 1300 4630 qua:
1339 4561 1404 4616 ad
1434 4577 1656 4633 corpus,
1691 4563 1760 4617 ad
1795 4580 1882 4620 res
1915 4581 2010 4619 ex.

439 4657 649 4714 ternas,
681 4649 748 4706 ad
779 4651 966 4715 robur,
1000 4651 1067 4706 ad
1131 4653 1618 4722 pulchritudinem,
1647 4656 1712 4710 ad
1758 4655 2015 4726 splendo-
2041 4725 2050 4732 _

441 4759 578 4810 rem,
609 4742 678 4797 ad
717 4757 870 4812 opes,
912 4743 978 4797 ad
1021 4745 1318 4814 potentiam
1357 4753 1411 4798 et
1453 4747 1682 4818 gloriam
1717 4749 2009 4817 pertinent,

437 4842 492 4890 et
511 4833 618 4888 alia
638 4833 882 4906 ejusdem
907 4836 1140 4906 generis,
1170 4852 1293 4892 cum
1335 4853 1431 4907 per
1457 4853 1516 4892 sc
1545 4839 1836 4909 perspicua
1874 4841 2007 4905 sint,

437 4927 658 4983 silentio
703 4929 1078 4998 praetereunda
1133 4946 1358 4996 censeo,
1399 4949 1468 4988 ne
1515 4941 1595 4986 tot
1643 4934 1806 4990 rebus
1844 4951 1908 4990 ex
1955 4951 2014 4992 se

437 5019 602 5076 claris
631 5023 1021 5078 enumerandis
1048 5023 1250 5079 frustra
1277 5027 1516 5080 laborem
1553 5026 1845 5082 insumam.
1877 5027 2011 5094 Quis

437 5111 584 5166 enim
619 5112 856 5182 ignorat,
890 5127 1052 5182 quam
1095 5113 1347 5170 celeriter
1379 5114 1568 5170 forma:
1623 5115 1861 5186 dignitas
1918 5117 2013 5172 dc-

439 5203 715 5270 llorescat,
747 5219 911 5274 quam
945 5205 1094 5260 brevi
1124 5207 1374 5277 corporis
1399 5209 1567 5262 robur
1608 5207 2007 5278 exstinguatur,

439 5311 604 5366 quam
627 5295 788 5354 facile
833 5297 1178 5368 principatus
1243 5298 1526 5354 dominum
1568 5307 1802 5366 mutent,
1847 5283 2010 5371 quam

440 5387 679 5456 caducus
702 5398 755 5444 et
778 5389 989 5460 fragilis
1029 5391 1102 5446 sit
1131 5391 1319 5462 glorise
1361 5389 1642 5461 splendor,
1673 5407 1840 5461 quam
1875 5392 2011 5447 stul-

441 5490 555 5536 tum
603 5499 668 5538 ac
710 5498 910 5539 vanum
969 5485 1250 5540 hominum
1299 5483 1354 5538 in
1405 5483 1730 5539 cumulanda
1781 5485 2010 5554 pecunia

439 5571 704 5638 studium,
739 5575 833 5645 qui
879 5575 949 5632 ob
978 5575 1194 5630 inanem
1229 5574 1520 5646 quamdam
1556 5589 1848 5645 raramque
1887 5591 2012 5644 spc-

441 5664 684 5736 cictq,in
714 5673 824 5720 tam
857 5667 1088 5734 abiectis
1135 5669 1300 5724 rebus
1347 5667 1548 5723 bonum
1597 5681 1720 5722 esse
1771 5667 2008 5737 positum

443 5755 816 5815 arbitrentur?
873 5759 972 5818 llis
1025 5760 1098 5816 ita
1151 5760 1486 5830 constitut's,
1548 5759 2006 5817 considerandum

2118 4566 2256 4619 καλὰ
2283 4567 2394 4626 τοῖς
2423 4565 2729 4636 ἀνθρώποις
2769 4567 2932 4632 δοκεῖ,
2971 4568 3098 4638 περὶ
3134 4567 3294 4638 σῶμά
3325 4569 3384 4621 τὲ
3425 4587 3574 4639 φημι
3607 4571 3712 4623 καὶ

2116 4657 2185 4710 τὰ
2213 4655 2428 4721 ἔξωθεν,
2460 4653 2568 4710 οἷον
2604 4657 2753 4728 ἰσχύς
2785 4677 2842 4712 τε
2874 4659 2966 4712 καὶ⁵
2987 4659 3182 4724 κάλλος
3214 4661 3306 4713 καὶ
3330 4662 3523 4728 γένους
3553 4662 3712 4733 λαμ-

2117 4749 2340 4819 πρότης,
2369 4749 2627 4818 χρήματά
2664 4767 2720 4801 τε
2749 4749 2842 4802 καὶ
2864 4751 3170 4804 δυναστεῖαι
3193 4753 3286 4806 καὶ
3315 4755 3706 4824 περιφάνειαι,

2117 4839 2209 4892 καὶ
2232 4839 2406 4892 πάντα
2427 4838 2494 4891 τὰ
2513 4839 2756 4903 τοιαῦτα,
2775 4841 2850 4904 ὡς
2871 4841 3096 4896 αὐτόθεν
3118 4844 3281 4897 πᾶσιν
3308 4843 3436 4896 ὄντα
3456 4847 3710 4916 φανερὰ,

2117 4933 2325 5002 σιωπᾷν
2353 4925 2506 5002 οἶμαι
2541 4932 2754 5003 χρῆναι,
2798 4933 2888 4986 καὶ
2927 4933 3002 5004 μὴ
3035 4931 3211 5002 μάτην
3239 4934 3325 4986 διὰ
3356 4933 3463 4986 τῶν
3493 4935 3710 5004 ὁμολο-
3747 4983 3756 5002 ι

2113 5022 2396 5094 γουμένων
2439 5023 2594 5093 ὄχλον
2635 5025 2947 5093 ἐπεισάγειν
2985 5024 3060 5095 τῷ
3108 5025 3270 5094 λόγῳ.
3311 5025 3405 5088 Τίς
3448 5025 3564 5097 γὰρ
3599 5027 3712 5080 οὑκ

2113 5111 2220 5168 οἵδε
2253 5114 2345 5168 τοῦ
2380 5115 2607 5179 κάλλους
2639 5132 2696 5168 τε
2722 5117 2815 5170 καὶ
2849 5119 2948 5187 τῆς
2973 5116 3249 5186 δυνάμεως
3287 5117 3345 5170 τὸ
3371 5115 3710 5188 ὠκύμορον.
3749 5111 3760 5144 ⁵

2113 5208 2145 5278 ἢ
2178 5207 2273 5280 τῆς
2308 5206 2624 5270 δυναστείας
2667 5207 2727 5260 τὸ
2759 5208 3194 5278 εὑμετάπτωτον,
3225 5208 3258 5279 ἢ
3291 5209 3386 5279 τῆς
3430 5209 3598 5280 δόξης
3647 5211 3716 5265 τὸ

2114 5299 2502 5362 ἀνυπόστατον,
2535 5297 2566 5368 ἢ
2601 5297 2700 5368 τὴν
2753 5299 2988 5368 ματαίαν
3018 5300 3154 5370 πρὸς
3196 5298 3265 5352 τὰ
3293 5301 3554 5369 χρήματα.
3593 5302 3716 5354 τῶν

2113 5392 2413 5463 ἀνθρώπων
2459 5392 2853 5462 προσπάθειαν,
2884 5394 3010 5464 παρ’
3039 5387 3115 5446 ὧν
3150 5391 3236 5445 διὰ
3264 5392 3323 5444 τὸ
3366 5393 3611 5463 εὑχρουν
3647 5411 3714 5447 τε

2115 5486 2206 5538 καὶ
2234 5484 2294 5536 τὸ
2329 5483 2572 5548 σπάνιον,
2615 5485 2672 5536 ἐν
2708 5487 2887 5549 ποιαῖς
2917 5485 3067 5548 ὕλαις
3093 5484 3153 5538 τὸ
3181 5484 3342 5539 καλὸν
3387 5485 3712 5556 ἐνομίσθης

2113 5579 2328 5632 Τούτων
2349 5578 2406 5632 δέ
2424 5575 2592 5641 οὕτως
2615 5579 2745 5650 ἡμῖν
2770 5577 3210 5650 διηρθρωμένων,
3235 5575 3490 5642 σκεπτέον
3513 5577 3590 5630 ἂν
3615 5578 3713 5649 εἴη

2115 5669 2240 5740 περὶ
2265 5669 2362 5739 τῆς
2391 5667 2669 5738 παρούσης
2695 5665 2859 5739 ζωῆς,
2885 5667 3084 5737 ταύτης
3115 5668 3257 5738 φημὶ
3278 5667 3341 5737 δὴ
3367 5665 3453 5718 διὰ
3481 5668 3714 5736 σαρκὸς

2113 5759 2526 5830 ἐνεργουμένης,
2571 5761 2680 5816 εἴτε
2713 5759 2948 5816 τοιοῦτόν
2993 5761 3138 5814 ἐστιν
3185 5760 3258 5822 ὡς
3308 5761 3366 5813 ἐν
3407 5756 3481 5825 τῷ
3511 5775 3708 5828 χαρα-
