3844 6404
104 286 197 340 591

1491 308 1578 360 DE
1620 310 1956 366 MORTUIS.

3244 329 3348 383 502

100 406 257 475 κτῆρι
297 406 396 459 τοῦ
441 409 607 464 καλοῦ
641 413 983 485 θεωρεῖσθαι,
1021 421 1128 475 εἴτε
1177 425 1270 478 καὶ
1304 427 1502 496 ἑτέρως
1533 428 1642 499 ἔχει

1754 482 1756 487 ,
1786 430 2023 494 videtur,
2056 445 2124 483 an
2159 447 2395 499 prmsens
2425 432 2536 486 haec
2565 434 2694 498 vita,
2724 451 2886 504 quam
2925 435 2977 490 in
3012 452 3175 494 carne
3200 441 3352 512 degi-

104 496 161 549 ιὺ
195 497 309 569 γὰρ
359 501 747 575 εὑρισκόμενον
802 513 930 581 περὶ
980 515 1150 585 αὐτῆς
1198 517 1300 570 ὑπὸ
1343 519 1436 572 τοῦ
1481 496 1670 589 λόγου,

99 589 352 660 ὣηγήσει
397 594 612 660 πάντως
639 599 736 669 τὴν
783 601 896 654 τῶν
944 607 1368 678 ὲπεσκεμμένων
1416 611 1669 678 διάνοιαν,

100 683 237 745 Ξπως
266 684 376 754 χρὴ
399 687 527 758 περὶ
550 689 646 760 τὴν
668 692 877 748 ἐνθένδε
907 699 1300 765 μετανάστασιν
1323 702 1483 772 ἔχειν.
1518 706 1672 759 Ἔστι

98 774 268 828 τοίνυν
309 779 345 848 ὴ
377 779 474 833 τοῦ
519 781 769 853 σώματος
805 789 962 858 ήμῶν
1011 792 1145 864 ζωὴ,
1181 795 1460 868 πλήρωσίς
1490 817 1550 851 τε
1579 801 1673 854 καὶ

97 866 321 959 κένωσις
341 870 554 940 διχόθεν
586 877 950 949 ἐνεργουμένη
973 898 987 911 ο
1017 885 1049 952 ἡ
1083 885 1182 954 μὲν
1205 866 1572 959 διάήβρώσεὼς
1610 909 1669 946 τε

96 958 181 1010 καὶ
223 960 530 1033 πόσεως,ή
567 965 624 1017 δὲ
657 966 746 1020 διὰ
789 971 887 1040 τῆς
937 973 1029 1026 τοῦ
1077 975 1236 1047 ἀέρος
1269 958 1435 1048 ὁλκῆς
1464 1000 1522 1035 τε
1577 986 1670 1038 καὶ

92 1051 496 1122 ἁποποιήσεως,
534 1050 610 1110 ὧν
643 1059 770 1112 ἄνευ
805 1064 835 1132 ἡ
872 1065 1011 1118 κατά
1052 1069 1227 1138 σάρκα
1255 1070 1367 1143 ζωὴ
1411 1076 1669 1146 συστῆναι

91 1142 250 1210 φύσιν
275 1146 380 1200 οὐκ
408 1147 538 1218 ἔχει.
571 1151 703 1204 Τότε
732 1153 838 1226 γὰρ
878 1157 1098 1230 τοῦ’ζῇν
1124 1164 1152 1214 ὁ
1181 1142 1466 1235 ἄνθρωπος
1503 1142 1669 1224 παύε-

89 1251 196 1299 ται,
231 1235 366 1290 ὅταν
408 1241 442 1309 ἠ
474 1240 584 1294 τῶν
633 1244 891 1300 ἐναντίων
943 1250 1149 1305 τούτων
1199 1255 1415 1329 διαδοχὴ
1472 1263 1667 1330 μηκέτι

89 1325 265 1398 διοχλῇ
296 1328 399 1400 τὴν
436 1333 616 1400 φύσιν.
655 1335 898 1392 Ἵσταται
929 1341 1038 1412 γὰρ
1068 1345 1204 1412 μετὰ
1233 1325 1414 1401 τοῦτο-
1436 1325 1664 1408 καθόλου

87 1418 122 1486 η
140 1419 370 1490 τοιαύτη
390 1421 654 1494 ἐνέργεια,
678 1427 886 1493 οὐδενὸς
903 1432 1011 1486 τῶν
1029 1433 1228 1500 ἔξωθεν
1251 1440 1309 1490 έν
1330 1444 1439 1504 τοῖς
1459 1460 1662 1514 νεκρω-

85 1508 254 1606 θείσιν
283 1510 410 1564 οὔτε
440 1516 761 1586 είσρέοντος,
785 1519 908 1574 οῦτε
930 1523 1344 1597 ἀπογινομένου,
1371 1533 1504 1586 ἀλλὰ
1528 1508 1660 1606 πρὸς

83 1596 149 1649 τὰ
180 1601 424 1673 συγγενῆ
461 1609 696 1677 στοιχεῖα
726 1609 818 1663 τοῦ
840 1613 903 1664 ἐκ
926 1615 1129 1670 τούτων
1157 1625 1540 1694 συνεστηκότος
1563 1628 1666 1680 σώ-

84 1708 254 1786 ματος
293 1693 665 1767 διακριθέντος
699 1703 795 1756 καὶ
824 1705 1208 1775 ἁναλύσαντος,
1237 1693 1437 1786 ἠρεμεῖ
1463 1719 1522 1772 τὺ
1555 1721 1664 1774 λοι·

1776 534 1918 584 mus,
1954 519 2080 572 talis
2112 520 2203 584 sit,
2232 527 2288 573 ιιι
2315 521 2362 575 ei
2413 530 2538 574 nota
2591 523 2718 576 boni
2767 526 3072 592 conveniat,
3117 543 3183 581 an
3215 545 3353 584 con-

1777 621 1905 666 tra:
1945 613 2089 682 quod
2146 614 2290 667 enim
2352 613 2418 668 de
2472 615 2588 684 ipsa
2635 617 2962 686 disputando
3023 625 3344 691 reperietur.

1773 706 2236 761 considerantium
2291 708 2504 761 animos
2546 709 2759 764 erudiet
2815 714 3091 781 quomodo
3143 716 3195 770 in
3253 733 3349 772 eo-

1772 814 1893 852 rum
1941 797 2187 852 discessu
2217 799 2308 868 qui
2340 814 2404 852 ex
2451 799 2539 851 illa
2579 800 2834 870 migrant,
2882 803 3024 860 afﬁci
3077 815 3347 876 oporteat.

1777 888 1876 946 Est
1926 890 2090 960 igitur
2111 893 2285 945 nostri
2330 893 2582 962 corporis
2615 895 2746 957 vita,
2786 896 3017 966 repletio
3070 906 3232 969 atquc
3263 918 3348 954 ex-

1777 981 2180 1052 inanitio,qure
2236 984 2453 1054 quidem
2522 986 2812 1055 dupliciter
2869 989 3025 1053 ﬁunt,
3075 999 3188 1045 tum
3245 1010 3340 1062 per

1771 1071 1952 1126 cibum
1975 1081 2028 1127 et
2057 1083 2265 1142 potum,
2293 1085 2405 1128 tum
2431 1091 2525 1144 per
2552 1077 2694 1130 aeris
2711 1079 3087 1134 attractioncm
3111 1090 3165 1134 et
3184 1085 3346 1135 emis-

1771 1163 2001 1218 sionem.
2039 1163 2128 1218 Sic
2161 1167 2304 1219 enim
2341 1175 2535 1220 natura
2567 1179 2942 1239 comparatum
2978 1180 3084 1233 est,
3122 1183 3179 1226 ut
3228 1173 3347 1228 sine

1769 1255 1853 1309 his
1890 1256 1942 1308 in
1971 1271 2136 1311 carne
2167 1258 2347 1310 vivere
2379 1260 2884 1328 nequeamus.Nam
2911 1269 3042 1316 tunc
3073 1264 3344 1319 hominem

1768 1349 1876 1400 vita
1903 1347 2125 1413 deserit,
2185 1350 2406 1419 quando
2454 1351 2647 1406 horum
2683 1354 3087 1409 contrariorum
3120 1371 3344 1411 succes-

1768 1441 1851 1491 siu
1880 1448 2129 1493 naturam
2168 1457 2295 1516 .‘non
2333 1451 2532 1496 movet.
2589 1442 2739 1500 Talis
2789 1447 2932 1500 enim
2981 1449 3126 1502 actio
3161 1456 3343 1504 cessat

1769 1530 2046 1592 universa,
2084 1545 2207 1584 cum
2233 1531 2368 1584 nihil
2421 1533 2767 1600 extrinsecus
2819 1535 2874 1588 in
2935 1536 3212 1593 defunctis
3243 1553 3344 1594 nec

1766 1620 1979 1687 inﬂuat,
2002 1637 2104 1677 nec
2129 1625 2339 1691 ellluat;
2376 1639 2613 1696 cumque
2639 1628 2865 1698 singulaa
2902 1630 3186 1685 cadaveris
3219 1646 3346 1700 par-

1766 1723 1848 1769 tes
1879 1715 1932 1768 in
1959 1725 2189 1785 cognata
2215 1717 2318 1771 sibi
2350 1719 2615 1773 elementa
2647 1721 2907 1775 recedant
2939 1738 3002 1775 ac
3029 1722 3338 1778 dissolvan-

81 1783 178 1836 πὸν
209 1785 294 1885 δι’.
315 1787 546 1858 ἡσυχίας
573 1794 607 1863 ἡ
643 1794 821 1862 φύσις,
867 1799 946 1868 τῷ
976 1802 1160 1874 οἰκείῳ
1202 1779 1448 1881 στοιχείῳ
1498 1831 1651 1884 προσ-

1767 1813 1875 1869 tur,
1911 1814 2108 1860 natura
2142 1807 2402 1879 deinceps
2433 1811 2794 1880 conquiescit,
2827 1827 2956 1867 suas
2989 1816 3189 1885 cuique
3237 1815 3343 1871 ele-

81 1877 444 1932 αναπαύσασα
480 1881 542 1934 τὸ
597 1887 856 1954 συγγενὲς
899 1890 994 1942 καὶ
1035 1877 1347 1964 ὁμόφυλον,
1375 1877 1440 1970 τῇ
1488 1877 1557 1973 γῇ
1603 1904 1662 1957 τὸ

80 1967 302 2060 γεῶδες,
328 1972 426 2024 καὶ
452 1973 530 2042 τῷ
554 1975 676 2047 ἀέρι
702 1978 762 2031 τὸ
786 1979 933 2045 ἴδιον,
959 1985 1051 2037 καὶ
1079 1986 1157 2056 τῷ
1188 1987 1336 2060 ὑγρῷ
1361 1967 1656 2060 ἰδ-οἰκεῖον,

80 2060 167 2154 καί
311 2061 501 2154 θερμῷ
520 2066 582 2119 τὸ
608 2070 964 2142 κατάλληλον.
997 2077 1210 2146 Μηκέτι
1239 2059 1348 2152 γὰρ
1372 2082 1466 2136 τοῦ
1495 2059 1658 2154 ὄγκου

76 2147 166 2200 τοῦ
191 2151 262 2203 ἐκ
295 2152 409 2206 τῶν
449 2156 781 2228 ἑτερογενῶν
810 2167 1216 2237 συνεστηκότος,
1251 2172 1439 2241 βιαίως
1465 2195 1524 2230 τε
1567 2180 1659 2232 καὶ

77 2247 623 2336 κατηναγκασμένως
655 2255 1170 2328 συμπεπλεγμένου,
1203 2263 1346 2318 dum.
1364 2269 1484 2320 κατ’
1515 2270 1660 2336 ἐξου-

78 2334 195 2388 σίαν
231 2337 470 2393 ἑκάστου
514 2342 620 2397 τῶν
655 2344 714 2396 ἐν
758 2348 888 2417 ἡμῖν
927 2351 1062 2422 πρὸς
1093 2353 1193 2425 τὴν
1239 2359 1444 2413 οἰκείαν
1475 2334 1657 2418 ἐστίαν

74 2429 486 2498 ἐπανελθόντος,
535 2436 766 2490 παύεται
814 2440 920 2494 ἀπὸ
978 2444 1169 2499 τούτου
1211 2449 1242 2518 ἡ
1296 2450 1474 2517 φύσις,
1535 2473 1656 2508 συν-

77 2519 282 2588 έχουσα
301 2520 495 2591 βιαίως
523 2525 582 2577 ὲν
607 2527 744 2600 αὐτῇ
765 2529 1198 2602 τῶνάλλοφύλων
1226 2537 1322 2610 τὴν
1357 2546 1650 2612 συμφυΐαν.

72 2606 131 2660 Εἰ
164 2607 227 2661 δέ
255 2627 340 2674 τις
371 2611 464 2664 καὶ
498 2613 589 2666 τὸν
619 2615 803 2682 ὕπνον,
836 2620 930 2672 καὶ
959 2622 1056 2692 τὴν
1087 2606 1413 2699 ἐγρήγορσιν
1428 2606 1577 2702 ’πρὸς
1597 2636 1656 2688 τὸ

70 2699 163 2769 τῆς
195 2699 352 2772 ζωῆς
386 2702 591 2774 ταύτης
640 2702 779 2771 εἶδος
817 2711 953 2780 μετὰ
981 2713 1092 2767 τῶν
1130 2717 1445 2788 εἰρημένων
1478 2699 1655 2795 παρα-

71 2790 363 2861 λαμϐἀνει,
393 2793 494 2848 οὐκ
542 2795 647 2860 ἔξω
677 2799 779 2868 τῆς
815 2800 1072 2873 ἀληθείας
1104 2807 1196 2860 τὸν
1232 2809 1386 2878 λόγον
1429 2790 1654 2886 ποιήσε-

70 2900 171 2937 ται.
207 2885 433 2957 Κάμνει
467 2889 576 2962 γὰρ
617 2893 712 2947 καὶ
739 2894 827 2949 διά
868 2898 1073 2954 τούτων
1102 2904 1134 2973 ἡ
1177 2903 1356 2970 φύσις,
1403 2909 1490 2962 ἀεὶ
1520 2913 1656 2982 πρὸς

69 2976 128 3073 τὰ
159 2977 390 3031 ἐναντία
440 2980 830 3057 μεθελκομένη,
879 2989 972 3042 καὶ
1000 2990 1094 3045 νῦν
1133 2992 1246 3062 ,μὲν
1293 2995 1526 3072 λυομένη
1563 2976 1653 3073 ’τῷ

69 3064 244 3174 Evt-vo),
275 3069 444 3177 πάλιν
481 3070 536 3125 δὲ
571 3077 867 3177 τρνουμένη
904 3080 993 3134 διὰ
1023 3083 1120 3152 τῆς
1153 3064 1551 3157 ἐγρηγόρσεως,
1585 3064 1651 3146 δι’
1679 3121 1721 3177 C

67 3151 136 3212 ὧν
157 3160 497 3234 ἀμφοτέρων
525 3165 662 3236 πρὸς
682 3167 738 3220 τὲ
765 3169 1050 3226 κενοῦσθαι
1076 3151 1166 3227 καὶ
1194 3151 1654 3249 ἠλήρόῡσθαζπα.

72 3254 490 3322 ρασκευὰζεται.
522 3259 585 3312 Ei
605 3259 784 3313 τοίνυν
807 3261 1084 3334 πλήρωσίς
1105 3284 1165 3319 τε
1194 3269 1284 3322 καὶ
1312 3272 1536 3337 κένωσις
1557 3279 1652 3347 τῆς

68 3342 212 3440 ζωῇς
240 3347 404 3417 ἡμῶν
433 3351 550 3440 ἐστι
580 3351 641 3404 τὸ
668 3353 881 3425 ἰδίωμα,
908 3357 1090 3421 καλῶς
1122 3360 1190 3413 ἂν
1222 3361 1332 3433 ἔχοι
1361 3365 1454 3418 τὸν
1482 3342 1652 3440 προρ-

69 3433 302 3504 ρηθέντα
339 3438 469 3508 περὶ
493 3440 593 3510 τῆς
621 3443 713 3495 τοῦ
745 3444 911 3498 καλοῦ
939 3446 1172 3516 κρίσεως
1206 3433 1537 3526 χαρακτῆρα-
1557 3433 1649 3511 νῦν

66 3527 422 3594 ἀντεξετάσαι
447 3535 560 3597 τοῖς
584 3535 682 3606 τῆς
720 3535 867 3608 ζωῆς
910 3540 1210 3612 ἰδιώμασιν,
1243 3545 1382 3600 ὥστε
1412 3551 1648 3605 κατιδεῖν

67 3616 167 3670 είτε
203 3619 269 3672 τὸ
297 3619 552 3707 ἀληθινόν
579 3625 730 3678 ἐστιν
761 3627 965 3696 ἀγαθὸν
1001 3633 1032 3702 ἡ
1061 3630 1171 3703 ζωὴ
1218 3635 1378 3707 αὕτη,
1404 3639 1514 3692 εἴτε
1556 3635 1661 3694 καί

64 3707 185 3761 ἄλλο
212 3726 264 3761 τι
294 3704 448 3782 παρά
465 3713 639 3783 τοῦτο.
675 3717 796 3772 ’Ὁτι
828 3720 926 3789 μὲν
947 3718 1039 3775 οὗν
1074 3726 1195 3778 καθ’
1225 3704 1420 3800 ἑαυτὴν
1452 3735 1484 3801 ή
1513 3732 1646 3804 πλή-

67 3817 228 3868 ρωσις
249 3803 355 3857 οὐκ
385 3804 452 3858 ἂν
469 3809 699 3874 ἐἰκότως
720 3813 778 3866 ἐν
801 3816 864 3884 τῇ
899 3814 994 3868 τοῦ
1028 3817 1195 3872 καλοῦ
1221 3822 1378 3889 φύσει
1407 3803 1644 3897 κριθείη,

65 3894 194 3945 πᾶσι
223 3893 388 3964 δῆλον
421 3897 483 3949 τὸ
509 3899 746 3954 τοιοῦτόν
784 3905 954 3968 ἐστιν,
985 3909 1048 3961 ἐκ
1071 3909 1163 3962 τοῦ
1190 3913 1281 3965 καὶ
1313 3914 1374 3967 τὸ
1407 3918 1645 3974 ἐναντίον

66 3983 218 4053 αὐτῇ,
255 3983 404 4054 λέγω
433 3986 491 4040 δέ
517 3989 579 4041 τὸ
607 3991 910 4058 κενοῦσθαι,
941 3997 1104 4051 καλὸν
1131 3996 1269 4055 εἶναι
1306 4007 1640 4076 νομίζεσθαι.

74 4075 192 4129 Ἐπὶ
215 4076 334 4149 γὰρ
357 4079 468 4132 τῶν
490 4081 734 4152 ἀλλήλων
762 4089 826 4139 ἐκ
856 4089 949 4140 τοῦ
983 4091 1225 4146 ἐναντίου
1260 4097 1645 4174 ἀντικαθεστη-

63 4169 254 4234 κότων,
293 4173 397 4226 οὐκ
427 4173 544 4228 ἔστι
571 4176 793 4233 δυνατὸν
816 4181 907 4234 τὸν
936 4184 1030 4238 τοῦ
1064 4185 1228 4240 καλοῦ
1259 4188 1412 4258 λόγον
1449 4193 1643 4266 ἐπίσης

62 4264 162 4324 τοῖς
193 4263 664 4322 ἀντικαθεστῶσιν
694 4271 1029 4342 ἁρμόζεσθαι
1057 4294 1071 4305 ·
1112 4278 1229 4332 ἀλλ’
1265 4285 1313 4334 εί
1351 4283 1510 4338 τοῦτο
1539 4263 1640 4342 κα-

62 4349 143 4404 λὺν
171 4354 260 4425 εἴη
289 4356 431 4408 κατὰ
458 4357 558 4428 τὴν
582 4361 774 4416 ἑαυτοῦ
801 4365 984 4432 φύσιν,
1007 4368 1066 4422 τὸ
1100 4372 1473 4443 ἀντικείμενον
1493 4380 1640 4451 αὐτῷ

1764 1905 1947 1952 mento
1966 1906 2226 1968 cognatas
2259 1915 2322 1954 ac
2358 1901 2566 1956 similes
2598 1913 2777 1972 partes
2801 1903 3118 1968 restituens,
3156 1915 3337 1973 terrae,

1763 1990 1906 2059 quod
1961 1999 2237 2046 terrenum
2278 2001 2392 2057 est;
2450 1995 2591 2063 quod
2661 2011 2902 2060 aereum,
2960 1997 3111 2064 aeri;
3162 2013 3335 2068 aqua},

1761 2083 1908 2153 quod
1933 2099 2000 2138 ex
2034 2099 2174 2154 aqua
2209 2093 2458 2150 constat;
2489 2095 2542 2140 et
2576 2087 2706 2156 igni,
2740 2087 2885 2157 quod
2932 2088 3076 2144 illius
3105 2101 3187 2145 est
3210 2107 3338 2160 pro-

1761 2175 1959 2242 prium.
2005 2173 2217 2228 Etenim
2250 2189 2374 2228 cum
2433 2176 2522 2228 illa
2561 2178 2808 2246 corporis
2851 2178 3042 2242 moles,
3079 2194 3197 2249 quae
3242 2196 3338 2250 per

1760 2266 1868 2318 vim
1897 2265 2218 2320 exdiversis
2257 2266 2548 2335 generibus
2584 2274 2772 2320 coacta
2805 2276 3169 2337 concretaque
3194 2280 3330 2334 erat,

1759 2371 1868 2410 non
1893 2357 2128 2426 amplius
2151 2357 2440 2420 consistat,
2471 2357 2567 2412 sed
2623 2373 2815 2413 omnes
2842 2359 2986 2414 illius
3045 2369 3229 2430 partes
3266 2363 3334 2416 ad

1760 2462 2140 2516 suasquaaquc
2167 2449 2326 2503 sedes
2360 2465 2592 2505 reversae
2650 2452 2780 2514 sint,
2833 2460 3053 2518 natura,
3099 2469 3220 2522 qum
3267 2469 3333 2509 ex

1759 2538 1848 2591 illa
1885 2540 2206 2602 constabat,
2251 2540 2653 2611 violentamque
2687 2541 3030 2597 diversorum
3073 2561 3330 2615 generum

1759 2631 2200 2698 coniunctionem
2219 2633 2554 2697 continebat,
2586 2633 2744 2687 ﬁnem
2789 2635 2969 2688 habet.
2997 2637 3051 2689 Si
3081 2638 3202 2705 quis
3237 2652 3333 2698 au-

1760 2731 1862 2777 tem
1903 2735 2024 2790 post
2061 2725 2150 2777 illa
2184 2741 2306 2794 quae
2346 2727 2493 2780 dicta
2516 2733 2666 2791 sunt,
2704 2728 2830 2782 huic
2864 2730 3048 2798 generi
3083 2729 3207 2783 vita:
3244 2745 3333 2784 so-

1757 2831 1942 2868 mnum
1974 2824 2028 2869 et
2052 2817 2291 2885 vigiliam
2317 2817 2654 2891 adjunxerit,
2676 2835 2703 2872 a
2736 2821 2960 2874 veritate
2980 2835 3085 2873 non
3112 2821 3331 2876 aberra-

1756 2907 1855 2961 bit.
1899 2907 2028 2960 Nam
2070 2909 2154 2965 his
2196 2924 2416 2979 quoque
2463 2921 2658 2964 natura
2716 2912 2948 2977 laborat,
3002 2910 3332 2983 assidueque

1758 2998 1812 3051 in
1843 3000 2116 3052 contraria
2143 3000 2488 3066 distrahitur,
2521 3001 2652 3056 dum
2683 3002 2769 3057 vel
2823 3017 3017 3058 somno
3071 3004 3327 3068 solvitur,

1756 3089 1838 3143 vel
1868 3089 2048 3159 vigilia
2083 3107 2301 3146 rursum
2345 3091 2703 3147 conﬁrmatur
2740 3112 2751 3147 :
2802 3095 2905 3150 hac
2961 3097 3107 3150 enim
3162 3097 3330 3153 vicis—

1753 3177 1993 3234 situdine
2065 3181 2130 3234 ad
2197 3183 2652 3250 exinaniendum,
2726 3185 3154 3258 replendumque
3217 3188 3330 3244 dis-

1752 3272 1995 3340 ponitur.
2067 3273 2436 3338 Quamobrem
2507 3276 2553 3331 si
2607 3278 2731 3331 vitze
2791 3287 2992 3333 nostra:
3046 3281 3328 3350 preprium

1751 3363 1886 3417 illud
1909 3373 2014 3427 est,
2044 3373 2102 3418 ut
2139 3382 2167 3419 a
2200 3368 2518 3436 repletione,
2556 3369 3041 3440 exinanitioneque
3073 3373 3327 3442 pendeat,

1750 3470 1860 3510 non
1907 3457 2141 3512 alienum
2175 3463 2278 3513 erit
2331 3469 2390 3512 ut
2433 3461 2559 3514 boni
2589 3469 2771 3515 notam
2835 3471 2888 3518 et
2918 3465 3178 3518 indicium
3202 3480 3330 3520 cum

1749 3549 1836 3604 his
1866 3565 1987 3619 qua:
2020 3551 2178 3606 istius
2213 3553 2335 3605 vita:
2366 3554 2584 3623 propria
2618 3565 2768 3619 sunt,
2818 3556 3187 3622 conferamus,
3218 3559 3330 3614 dis-

1747 3641 2125 3712 piciamusque
2190 3652 2374 3698 utrum
2439 3647 2556 3717 ipsa
2610 3647 2722 3702 sint
2764 3664 2950 3703 verum
3004 3650 3326 3712 bonum,an

1749 3734 1897 3787 aliud
1927 3734 2206 3804 quidpiam
2233 3736 2301 3791 ab
2333 3737 2441 3790 illis
2462 3738 2760 3794 diversum.
2811 3739 2964 3806 Quod
2996 3750 3175 3796 autem
3214 3743 3329 3811 ipsa

1749 3840 1844 3894 per
1877 3841 1938 3882 se
1981 3828 2210 3896 repletio
2252 3828 2379 3883 boni
2411 3839 2623 3886 natura:
2652 3847 2758 3886 non
2783 3831 3036 3902 quadret,
3073 3836 3329 3890 omnibus

1746 3917 1830 3969 vel
1870 3932 1934 3970 ex
1967 3919 2183 3975 actione
2225 3919 2303 3973 illi
2337 3923 2616 3976 contraria
2652 3925 2998 3994 perspicuum
3035 3927 3109 3990 ﬁt,
3135 3927 3327 3982 exina—

1745 4012 2010 4066 nitionem
2071 4013 2214 4074 dico,
2283 4030 2446 4084 quam
2507 4030 2661 4085 reque
2723 4017 2914 4071 bonam
2966 4019 3325 4073 arbitrantur.

1745 4101 1878 4154 Nam
1911 4103 2038 4156 boni
2077 4105 2218 4157 ratio
2249 4119 2312 4158 ac
2343 4105 2590 4160 deﬁnitio
2614 4107 2740 4161 talis
2769 4120 2872 4170 est,
2908 4119 2966 4162 nt
2995 4109 3208 4163 duobus
3243 4110 3342 4163 in:

1743 4203 1825 4248 ter
1865 4210 1926 4249 se
1983 4195 2275 4250 contrariis
2330 4207 2565 4267 nequeat
2613 4201 2928 4264 convenire,
2991 4201 3085 4254 sed
3123 4201 3168 4256 si
3232 4202 3323 4256 uni

1741 4287 1975 4358 quadret
2006 4296 2065 4342 ut
2093 4289 2258 4353 bono,
2285 4290 2354 4344 ab
2383 4291 2555 4346 altero
2605 4300 2865 4362 tanquam
2905 4296 3046 4348 malo
3101 4310 3324 4365 prorsus

1743 4365 2053 4436 abhorreat.
2081 4381 2178 4436 Hic
2209 4392 2393 4437 autem
2439 4384 2493 4437 in
2526 4392 2758 4454 utroque
2787 4395 2981 4439 natura
3029 4402 3186 4442 suam
3224 4391 3324 4444 uti-

63 4445 278 4510 πάντως
303 4448 458 4503 ἔσται
487 4455 680 4509 κακόν.
717 4457 874 4511 Ἀ).λά
900 4461 1006 4531 μὴν
1037 4464 1268 4518 ἐνταῦθα
1289 4467 1484 4539 ἐπίσης
1509 4445 1640 4544 παρ’

1754 4474 1953 4528 litatem
1989 4473 2172 4528 habet.
2212 4474 2392 4540 Quare
2445 4476 2573 4530 boni
2610 4477 2980 4532 deﬁnitionem
3019 4495 3119 4534 nec
3151 4482 3323 4550 reple-

63 4537 322 4611 ἑκατέρου
356 4542 564 4597 τούτων
588 4546 649 4598 τὸ
681 4550 950 4621 χρήσιμον
975 4555 1008 4622 ἡ
1040 4555 1201 4623 φύσις
1230 4558 1360 4629 ἔχει.
1391 4537 1503 4616 Ούκ
1533 4537 1638 4637 ἄρα

63 4630 145 4683 τὸν
170 4632 267 4686 τοῦ
313 4634 482 4688 καλοῦ
515 4639 740 4708 ὁρισμὸν
773 4641 1028 4708 δέξασθαι
1059 4648 1302 4714 δυνατῶς
1347 4653 1480 4724 ἔχει,
1516 4658 1637 4712 οὔτε

63 4723 104 4820 ἡ.
126 4724 430 4820 πλήρωσις,
462 4727 586 4781 οὔτε
616 4731 649 4801 ἡ
689 4732 936 4820 κένωσις.
985 4738 1194 4792 Οὐκοῦν
1229 4723 1380 4796 ἄλλον
1402 4763 1454 4798 τι
1489 4750 1638 4820 παρὰ

62 4812 115 4863 τὸ
143 4814 354 4882 ἀγαθὸν
374 4817 748 4874 ἀποδέδεικται
779 4818 916 4877 εἶναι
949 4827 981 4896 ἠ
1021 4827 1320 4898 πλήρωσις.
1352 4832 1488 4886 Οὔτε
1532 4812 1638 4908 γάρ

64 4907 238 4969 παντὶ,
274 4905 402 4960 οὔτε
449 4910 700 4974 πάντοτε,
731 4912 854 4967 οὔτε
889 4917 1030 4971 κατά
1077 4921 1185 4972 πᾶν
1237 4917 1377 4987 εἶδος
1423 4928 1637 4997 αἱρετὸν

63 4991 190 5049 εἶναι
213 4997 281 5049 τὸ
304 4998 549 5053 τοιοῦτον
570 5004 721 5073 παρά
744 5006 957 5059 πάντων
982 5008 1348 5082 ὡμολόγηται.
1374 5017 1450 5068 Οὐ
1478 5019 1638 5087 μόνον

63 5087 161 5157 γὰρ
187 5089 247 5141 ἐν
276 5091 392 5152 τοῖς
416 5091 729 5160 βλαπτικοίς
761 5098 1012 5164 γενέσθαι
1039 5101 1130 5154 τὸν
1161 5105 1322 5176 κόρον
1351 5107 1499 5162 ἐστὶν
1522 5110 1638 5162 ὀλέ-

63 5176 222 5248 θριον,
253 5181 393 5236 ἀλλὰ
421 5184 601 5239 καὶτὸ
632 5189 691 5241 ἐν
717 5192 829 5253 τοῖς
863 5193 1216 5264 καταλλήλοις
1254 5201 1542 5269 παρελθεῖν
1571 5206 1633 5274 τῇ

62 5271 293 5344 ἀμετρίᾳ.
325 5274 389 5327 τὸ
414 5278 704 5348 χρήσιμον,
730 5281 990 5336 κινδύνων
1017 5285 1276 5352 πολλάκις
1304 5292 1396 5344 καὶ
1427 5271 1639 5362 διαφθολ

63 5365 154 5428 ρᾶς
182 5364 362 5419 αἴτιον
401 5368 630 5435 γίνεται.
662 5373 771 5425 Καὶ
817 5375 870 5426 εἴ
899 5392 1028 5428 ποτε
1081 5377 1431 5453 πληθωρικῆς
1463 5402 1634 5437 κατα-

63 5454 297 5522 στάσεως
322 5460 686 5534 ἐπιζητούσης
708 5465 804 5535 τὴν
829 5466 1076 5534 κένωσιν,
1104 5470 1237 5541 ἄλλη
1266 5491 1350 5535 τις
1372 5475 1634 5548 πληθώρα

62 5548 150 5618 τὴν
192 5547 365 5607 οὖσαν
395 5556 816 5628 ἐπιιρορτίσειεν,
856 5563 1057 5632 σωρεία
1109 5565 1317 5631 γίνεται
1364 5570 1547 5623 κακῶν
1577 5573 1636 5624 τὸ

62 5643 314 5711 τοιοῦτον,
348 5647 428 5712 εἰς
459 5648 732 5718 ἀνήκεστα
765 5653 1029 5722 προϊοῦσα
1072 5655 1239 5727 πάθη.
1279 5658 1486 5714 Οὐκοῦν
1514 5663 1633 5716 οὔτε

63 5739 234 5801 παντὶ,
275 5739 400 5792 οὔτε
449 5741 662 5806 πάντως
711 5744 912 5810 ἀγαθόν
959 5746 1010 5797 τί
1058 5748 1211 5801 ἐστιν.
1251 5750 1284 5818 ἡ
1335 5751 1631 5824 πλήρωσις,

1743 4564 1817 4618 tio
1848 4565 2098 4634 suscipit,
2122 4581 2222 4620 nec
2246 4566 2566 4620 cxinanitio.
2591 4567 2860 4632 Quocirca
2888 4569 3033 4623 aliud
3065 4571 3323 4639 quiddam

1741 4667 1904 4720 quam
1957 4654 2133 4721 ipsum
2191 4657 2414 4717 bonum,
2478 4665 2561 4710 est
2595 4656 2714 4725 ipsa
2760 4658 3023 4726 repletio;
3075 4675 3200 4712 cum
3226 4676 3322 4715 nec

1739 4745 1964 4813 uinique,
1996 4761 2095 4799 nec
2155 4761 2389 4815 semper,
2438 4762 2539 4801 nec
2587 4747 2641 4801 in
2681 4749 2938 4803 omnibus
2970 4764 3131 4804 omne
3151 4766 3322 4821 genus

1741 4837 1915 4905 ipsius
1945 4853 1973 4890 a
2003 4839 2219 4892 cunctis
2263 4839 2626 4907 expetendum
2670 4842 2968 4908 judicetur.
3001 4840 3117 4895 Non
3145 4845 3320 4896 solum

1739 4931 1882 4982 enim
1915 4931 2096 4986 noxiis
2131 4931 2270 4984 cibis
2295 4931 2500 4999 expleri
2525 4933 2890 5000 perniciosum
2911 4944 3015 4997 est,
3042 4935 3136 4989 sed
3157 4935 3319 4988 etiam

1739 5020 1796 5074 in
1857 5020 2018 5076 bonis
2077 5031 2132 5076 et
2199 5023 2650 5078 convenientibus
2705 5025 3102 5080 mediocritatis
3161 5041 3319 5080 usum

1740 5114 2033 5178 transilire,
2057 5115 2375 5184 plerumque
2409 5117 2706 5186 periculum
2747 5127 2800 5171 et
2833 5117 3090 5171 damnum
3143 5116 3318 5171 affert.

1739 5204 1892 5270 Quod
1919 5205 1966 5258 si
2003 5221 2126 5259 cum
2156 5222 2356 5275 corpus
2393 5211 2658 5278 repletum
2699 5218 2805 5270 est,
2838 5209 3117 5276 levarique
3172 5207 3317 5263 desi-

1738 5295 1912 5358 derat,
1947 5297 2054 5350 alio
2088 5297 2264 5352 adhuc
2289 5311 2546 5354 oneretur
2562 5300 2707 5362 cibo,
2739 5308 2852 5352 tum
2879 5315 3007 5354 vero
3035 5309 3317 5353 contracto

1737 5389 2003 5441 malorum
2054 5391 2275 5444 cumulo
2313 5391 2368 5444 in
2406 5393 2626 5446 morbos
2664 5391 2857 5444 incidit
2911 5391 3233 5460 desperatos
3266 5402 3315 5444 ct

1739 5479 2089 5532 insanabiles.
2131 5480 2319 5546 Itaque
2358 5497 2458 5535 nec
2512 5497 2747 5552 semper,
2785 5497 2883 5535 nec
2909 5482 3069 5550 plane
3115 5484 3316 5538 bonum

1737 5578 1825 5623 cst
1853 5572 2096 5640 repletio,
2136 5573 2231 5627 sed
2281 5571 2348 5625 ad
2383 5573 2610 5642 aliquid,
2641 5584 2694 5626 et
2733 5574 3025 5642 aliquando
3056 5575 3178 5630 usui
3213 5589 3314 5640 est,

1737 5671 1786 5716 et
1842 5664 1895 5716 in
1956 5665 2259 5734 quantitate
2319 5664 2689 5736 qutlitateque
2744 5666 2994 5722 consistit
3043 5668 3161 5738 ejus
3215 5669 3314 5721 uti-

1736 5756 1878 5812 litas.

65 5831 185 5886 ἀλλὰ
216 5835 311 5889 καὶ
339 5834 476 5903 πρός
513 5853 584 5901 τι,
619 5837 710 5890 καί
739 5854 887 5904 ποτε,
923 5841 1012 5893 καὶ
1046 5838 1185 5897 κατᾶ
1215 5845 1272 5897 τὸ
1308 5847 1469 5899 ποσόν
1503 5865 1556 5900 τε
1604 5850 1695 5904 καὶ
1729 5852 1786 5904 τὸ
1831 5852 1998 5919 ποιὸν,
2037 5853 2093 5905 τὸ
2131 5852 2189 5918 ἐξ
2225 5853 2385 5907 αὐτοῦ
2414 5854 2618 5920 γίνεται
2645 5854 2933 5924 χρήσιμον.
