3844 6420
503 309 610 363 593

1758 310 1815 364 S.
1855 308 2179 366 GREGOBII
2217 312 2506 369 NYSSENI

3669 319 3761 375 504

571 423 772 478 Eodem
826 434 983 493 pacto
1023 431 1075 478 et
1102 424 1435 480 contrariam
1495 425 1622 480 huic
1660 427 2084 491 exinanitionem

2260 430 2416 485 Οὖτω
2439 431 2483 484 δ’
2515 431 2580 486 ἄν
2610 450 2695 496 τις
2720 431 2866 504 εὖροι
2897 433 2989 485 καὶ
3014 433 3076 486 τὸ
3103 432 3164 498 ἐξ
3191 404 3433 487 ἐναντίου
3456 431 3761 503 νοούμενον.

503 517 742 586 reperies
796 517 1166 586 periculosam
1216 519 1285 573 iis
1315 519 1408 590 qui
1441 534 1472 572 a
1507 519 1790 579 moderatu
1837 521 1959 590 ejus
1983 536 2088 575 usu

503 607 850 671 recesserint,
881 623 991 662 non
1028 609 1274 664 inutilem
1301 617 1505 675 tamen,
1537 610 1583 666 si
1609 611 1910 682 prudenter
1942 612 2092 668 adhi-

501 700 715 761 beatur,
754 706 810 754 et
837 708 1064 755 eatenus
1115 699 1226 763 ﬁat,
1261 710 1534 772 quatenus
1567 703 1711 757 ratio
1741 704 2087 773 quantitatis,

500 797 556 844 et
585 790 888 858 qualitatis,
925 800 980 846 et
1023 793 1289 862 temporis
1324 793 1641 864 postulabit.
1669 795 1898 850 Constat
1927 796 2091 865 igitur

499 897 570 935 ex
597 883 665 938 iis
695 899 816 953 qua:
854 883 1002 938 dicta
1031 894 1178 949 sunt,
1199 900 1323 940 cum
1352 885 1479 940 boni
1503 894 1631 940 nota
1653 903 1764 940 non
1790 902 2091 957 congruere

502 973 668 1026 vitam
693 973 875 1041 istam,
898 991 1060 1045 quam
1083 976 1318 1032 vivimus
1342 995 1358 1048 ς
1381 993 1444 1032 ex
1464 993 1573 1048 quo
1593 979 1864 1048 sequitur,
1883 979 2091 1036 disces-

503 1080 623 1119 sum
650 1065 721 1120 ab
744 1081 806 1121 ea
834 1083 942 1120 non
961 1083 1083 1123 esse
1106 1068 1500 1137 sejunctionem
1535 1070 1604 1124 ab
1631 1071 1742 1125 ullo
1766 1071 1929 1125 bono.
1953 1069 2089 1126 Nam

503 1155 578 1220 id,
605 1157 750 1227 quod
781 1173 927 1221 vere,
961 1169 1016 1214 et
1054 1161 1288 1230 ιιι-(ιντερ,
1325 1172 1379 1217 et
1406 1163 1582 1230 primo
1607 1163 1808 1218 bonum
1831 1163 2086 1226 dicimus,

502 1261 605 1300 nec
633 1249 859 1316 repletio
883 1258 990 1312 est,
1026 1267 1123 1304 nec
1142 1251 1391 1316 inanitio,
1416 1267 1553 1322 quas
1579 1252 1894 1322 aliquando,
1925 1263 1978 1308 et
2020 1253 2086 1307 ad

503 1338 731 1409 aliquid,
773 1349 826 1394 et
850 1342 903 1394 in
942 1342 1269 1411 quibusdam
1303 1351 1513 1405 tantum
1540 1344 1703 1400 utiles
1741 1344 2086 1407 demonstra-

502 1429 702 1493 vimus,
737 1432 938 1501 quibus
961 1449 1085 1489 vere
1109 1435 1236 1489 boni
1265 1442 1391 1490 nota
1421 1451 1531 1490 non
1557 1437 1834 1492 convenit.

2183 523 2245 576 τὸ
2277 523 2421 578 κατά
2451 523 2548 595 τὴν
2582 523 2811 590 κένωσιν
2833 524 2998 592 λέγω,
3026 524 3122 578 καὶ
3150 525 3471 589 κινδυνῶδες
3499 527 3618 588 τοῖς
3650 526 3760 578 ὑποι

2189 614 2459 684 μένουσιν,
2489 615 2538 666 εἰ
2585 614 2847 686 παρέλθοι
2871 618 2938 686 τῇ
2967 615 3206 686 ἀμετρίᾳ
3241 616 3303 668 τὸ
3347 618 3646 688 χρήσιμον,
3679 617 3764 670 καὶ

2187 704 2349 758 πάλιν
2379 705 2480 757 οὑκ
2510 705 2782 775 ἀνονήτως
2819 706 3125 775 γινόμενον,
3157 708 3205 758 εί
3242 707 3376 778 πρός
3401 725 3453 760 τι
3484 707 3597 762 τῶν
3623 706 3766 776 ὡφε-

2186 793 2422 847 λούντων
2453 793 2758 863 συμϐαίνει,
2783 793 2876 847 τοῦ
2902 812 2962 847 τε
2985 794 3176 866 καιροῦ
3210 797 3305 848 καὶ
3335 795 3428 849 τοῦ
3457 790 3645 850 ⁶ποσοῦ
3681 796 3766 849 καὶ

2190 884 2285 937 τοῦ
2315 885 2469 939 ποιοῦ
2499 886 3176 957 συμπαραλαμϐανομένου
3209 887 3344 958 πρὸς
3373 887 3434 940 τὸ
3469 889 3572 958 τῆς
3599 886 3763 941 κενὼ-
3829 955 3831 966 1

2194 993 2331 1040 σεως
2359 978 2644 1047 χρήσιμον.
2676 977 2891 1048 Ἐπειδὴ
2917 977 3095 1031 τοίνυν
3119 979 3178 1031 ού
3209 978 3494 1049 συμϐαίνει
3521 979 3666 1051 πρὸς
3685 978 3768 1031 τὸν

2189 1068 2283 1121 τοῦ
2312 1068 2477 1124 καλοῦ
2523 1070 2843 1141 χαρακτῆρα
2875 1069 2935 1124 τὸ
2971 1071 3071 1140 τῆς
3099 1071 3242 1142 ζωῆς
3284 1073 3485 1144 ταύτης
3521 1069 3698 1137 εἶδος,
3728 1065 3766 1138 ᾧ

2193 1158 2505 1228 βιοτεύομεν
2527 1176 2540 1189 ·
2573 1157 3002 1230 ὁμολογούμενον
3036 1159 3102 1214 ἂν
3131 1160 3215 1230 εἴη
3240 1160 3329 1214 διὰ
3351 1161 3451 1230 τῆς
3477 1159 3591 1214 τῶν
3621 1163 3767 1232 εἰρηο

2194 1249 2370 1318 μένων
2397 1247 2736 1312 ἀκολουθίας,
2756 1248 2838 1304 ὃτι
2863 1247 3074 1311 οὑδενὺς
3093 1249 3300 1318 ἀγαθοῦ
3330 1249 3612 1322 χωρισμός
3631 1251 3768 1302 ἐστιν

2193 1344 2226 1412 ἡ
2262 1343 2326 1394 ἐκ
2365 1346 2460 1394 τοῦ
2494 1339 2733 1394 τοιούτου
2767 1340 2881 1408 βίου
2911 1341 3258 1410 μετάστασις.
3289 1342 3524 1413 Φανερδν
3551 1343 3666 1412 γάρ
3693 1342 3769 1394 ὅτι

2185 1435 2246 1487 τὸ
2274 1433 2544 1505 ἀληθινῶς
2590 1433 2684 1487 καὶ⁵
2732 1432 2936 1496 κυρίως
2975 1433 3071 1486 καὶ
3111 1434 3341 1504 πρώτως
3382 1433 3612 1502 ἀγαθὸν,
3651 1431 3769 1487 οὒτε

502 1524 734 1590 κένωσις
777 1529 946 1594 ἐστιν,
987 1526 1110 1581 οὔτε
1161 1527 1473 1599 πλήρωσις*
1506 1529 1651 1600 ἅπερ
1679 1529 1773 1582 καί
1804 1546 1956 1595 ποτε,
1992 1528 2087 1582 καὶ
2125 1528 2260 1598 πρός
2285 1544 2358 1592 τι,
2383 1526 2479 1580 καὶ
2506 1524 2599 1580 ὲπί
2622 1540 2786 1578 τινων
2811 1525 3186 1580 ἀποδέδεικται
3209 1527 3472 1596 χρήσιμα,
3529 1521 3617 1589 οἷς
3677 1529 3773 1585 οὑκ
3825 1547 3832 1560 ι

503 1615 722 1670 ἔπεστιν
753 1619 781 1671 ὁ
811 1617 906 1672 τοῦ
933 1618 1201 1690 ἀληθινῶς
1229 1620 1380 1683 ὄντος
1403 1619 1608 1688 ἀγαθοῦ
1632 1621 1937 1704 χαρακτήρ.

573 1711 938 1779 Quamobrem
966 1729 1090 1769 cum
1135 1730 1264 1770 vere
1295 1715 1497 1770 bonum
1540 1717 1591 1771 ei
1634 1717 1779 1786 quod
1827 1732 1941 1771 non
1996 1725 2082 1772 est
2112 1725 2158 1784 Β

505 1820 633 1860 vere
664 1803 868 1858 bonum
890 1845 906 1871 ,
949 1806 1023 1859 ita
1048 1808 1386 1862 contrarium
1419 1808 1530 1873 sit,
1587 1815 1647 1862 ut
1677 1809 1885 1862 nullum
1945 1806 2088 1862 inter

504 1913 570 1952 ea
618 1897 862 1952 medium
913 1897 1110 1964 detur,
1145 1908 1576 1965 consentaneum
1625 1908 1710 1954 est
1757 1913 1855 1954 eos
1905 1898 2000 1969 Qui
2055 1913 2085 1952 a

504 2005 615 2045 non
645 2004 778 2044 vero
834 1989 1128 2045 discedunt
1157 1991 1334 2057 bono,
1392 1992 1460 2046 ad
1487 2006 1680 2046 verum
1715 1989 1850 2044 illud
1883 1989 2086 2044 bonum

507 2081 769 2138 accedere
792 2121 807 2147 ,
845 2083 991 2153 quod
1023 2098 1240 2153 semper
1262 2123 1276 2143 .
1316 2092 1372 2137 et
1416 2084 1676 2143 omnibus
1705 2124 1721 2147 ,
1748 2093 1804 2138 et
1859 2086 2088 2140 omnino

507 2175 578 2228 sit
609 2175 843 2237 bonum,
879 2189 980 2229 nec
1010 2191 1110 2245 pro
1140 2182 1419 2245 tempore,
1449 2186 1544 2230 aut
1576 2175 1762 2246 aliqua
1793 2193 1858 2232 ex
1893 2186 2082 2247 parte,

507 2274 602 2320 aut
631 2268 684 2321 in
729 2268 1056 2338 quibusdam
1077 2309 1093 2333 ,
1131 2279 1226 2322 aut
1254 2278 1477 2340 propter
1507 2269 1714 2340 aliquid
1737 2311 1751 2333 ,
1785 2271 1880 2326 sed
1943 2287 2089 2326 sem-

506 2372 640 2426 per,
675 2358 729 2412 in
773 2357 981 2414 eisdem
1004 2399 1019 2426 ,
1055 2368 1110 2413 et
1138 2359 1328 2414 eodem
1369 2361 1532 2415 modo
1561 2377 1682 2418 sese
1737 2362 1952 2418 habeat.
2004 2361 2087 2415 Ad

506 2450 614 2505 hoc
654 2451 820 2524 igitur
859 2453 1041 2507 anima
1068 2453 1309 2508 humana
1350 2469 1380 2507 a
1420 2453 1530 2507 vita
1575 2469 1841 2525 corporea
1866 2455 2087 2524 proﬁci-

509 2544 716 2611 scitur,
745 2551 801 2600 et
830 2558 862 2598 a
901 2545 1156 2615 praesenti
1191 2545 1469 2601 diversum
1519 2547 1645 2601 vitae
1697 2555 1901 2600 statum
1931 2563 2086 2605 asse—

506 2637 699 2710 quitur
727 2655 741 2692 :
767 2651 930 2706 quem
961 2653 1083 2702 nos,
1113 2640 1350 2708 quicum
1376 2653 1542 2700 carne
1565 2639 1840 2707 conjuncti
1875 2653 2085 2702 sumus,

506 2732 672 2802 plane
701 2730 906 2785 intueri
944 2745 1052 2785 non
1082 2745 1410 2801 possumus,
1440 2747 1507 2785 ex
1556 2732 1967 2801 comparatione
2005 2739 2089 2787 ta—.

506 2837 632 2876 men
666 2819 831 2876 istius
858 2819 1010 2885 vitm,
1040 2821 1356 2889 conjectura
1387 2821 1638 2890 quaedam
1669 2821 1818 2876 illius
1850 2821 1962 2876 ﬁeri
1997 2835 2088 2890 po-

507 2919 635 2968 test.
685 2909 874 2982 Neque
933 2911 1082 2966 enim
1134 2913 1242 2966 erit
1291 2921 1548 2967 concreta
1603 2913 1784 2982 aliqua
1838 2911 2086 2982 corporis

507 3000 857 3068 crassitudo,
925 3016 1028 3059 nec
1099 3003 1210 3056 ulla
1271 3005 1678 3060 contrariorum
1747 3018 2084 3058 concurrens

506 3095 793 3165 mqualitas
842 3093 1242 3149 elementorum
1271 3135 1286 3159 ,
1321 3112 1556 3166 quorum
1590 3097 1816 3167 aequalis
1846 3111 1909 3150 ac
1965 3113 2087 3151 mu-
2117 3077 2160 3136 (ἶ

506 3197 602 3238 tua
645 3201 824 3256 pugna
857 3187 1313 3242 constitutionem
1348 3196 1592 3243 nostram
1621 3227 1638 3252 ,
1687 3188 2090 3243 valetudinem-

509 3293 615 3348 que
647 3285 962 3333 conservat.
996 3277 1132 3337 Nam
1163 3280 1211 3334 si
1243 3294 1434 3333 eorum
1483 3281 1705 3350 aliquod
1764 3283 1851 3336 vel
1889 3281 2092 3337 redun-

506 3367 638 3430 det,
684 3367 768 3424 vel
811 3366 1059 3430 deliciat,
1112 3376 1313 3423 natura
1353 3367 1740 3438 perturbatur,
1772 3382 1838 3422 ac
1883 3366 2092 3422 morbis

507 3459 769 3514 afficitur.
803 3459 897 3518 Illa
944 3467 1123 3514 autem
1146 3459 1256 3512 vita
1309 3475 1409 3515 nec
1465 3459 1643 3514 inedia
1690 3459 1937 3522 laborat,
1992 3473 2093 3513 nec

507 3549 825 3619 cruditate,
879 3565 984 3612 nec
1016 3550 1256 3620 frigore,
1288 3550 1572 3614 caloresve
1620 3561 1716 3605 aut
1765 3551 1902 3607 alias
1949 3550 2091 3608 aeris

507 3643 744 3712 injurias
797 3644 1001 3708 sentit,
1052 3652 1107 3698 et
1155 3643 1267 3702 illic
1313 3643 1530 3713 agitur,
1593 3644 1684 3697 ubi
1726 3643 1796 3698 ab
1831 3644 2090 3702 omnibus

509 3735 635 3791 istis
689 3734 974 3791 laboribus
1028 3733 1358 3800 necessariis
1415 3733 1575 3788 liberi
1627 3732 1856 3789 erimus.
1904 3733 2092 3804 Neque

507 3828 654 3882 enim
683 3835 778 3881 aut
801 3841 934 3898 agro
961 3825 1232 3893 colendo,
1266 3816 1362 3882 aut
1409 3827 1719 3898 navigando
1764 3825 2092 3897 defatigabi-

509 3935 673 3987 mur;
729 3936 841 3975 non
895 3927 1242 3985 mercatura,
1273 3934 1380 3974 non
1416 3920 1530 3977 ullo
1579 3926 1792 3989 qumstu
1839 3919 2092 3990 coinqui-r

510 4013 811 4067 nabimur:
869 4011 967 4067 sed
1024 4012 1093 4066 ab
1147 4011 1492 4076 aediﬁcandi,
1538 4011 1793 4075 texendi,
1833 4012 2094 4082 omnique

509 4104 861 4160 sordidarum
913 4105 1114 4170 artium
1154 4105 1378 4159 miseria
1405 4104 1563 4157 vacui
1610 4105 1997 4174 tranquillam,
2033 4113 2093 4160 ut

509 4193 716 4250 Pau-lus
749 4195 858 4257 ait,
901 4209 966 4249 ac
995 4195 1235 4265 quietam
1269 4209 1494 4262 agemus
1527 4193 1693 4259 vitam
1723 4212 1739 4262 ;
1769 4209 1877 4249 non
1909 4202 2090 4259 terra,

512 4303 622 4340 non
657 4287 798 4339 mari
825 4286 1230 4355 pugnahintus;
1275 4301 1383 4339 non
1412 4285 1657 4355 equitatu
1688 4326 1703 4348 ,
1767 4301 1879 4341 non
1941 4287 2093 4356 pedi-

515 4383 632 4428 tatu
685 4389 884 4431 manus
918 4389 1312 4441 conseremus;
1365 4375 1420 4428 in
1485 4376 1828 4446 apparitibns
1881 4377 2090 4434 bellicis

515 4482 623 4519 non
682 4465 1082 4535 occupabimur
1118 4503 1132 4526 ,
1198 4481 1308 4518 non
1352 4466 1633 4535 exigemus
1688 4468 1924 4534 tributa;
1982 4483 2092 4523 non

515 4555 699 4618 fossa,
733 4570 842 4609 non
876 4571 1034 4610 muro
1063 4571 1164 4610 nos
1200 4558 1547 4622 muniemus;
1581 4558 1677 4613 sed
1726 4560 1796 4614 ab
1836 4561 2094 4621 omnibus

515 4648 789 4721 ejusmodi
842 4648 1125 4704 laboribus
1163 4660 1218 4704 et
1248 4651 1516 4708 molestiis
1555 4653 1948 4719 remotissimi,
1990 4669 2094 4710 nec

515 4741 841 4796 habebimus
883 4741 1051 4817 ullum
1092 4741 1194 4811 ipsi
1228 4743 1537 4814 negotium,
1576 4758 1678 4798 nec
1713 4743 2094 4810 exhibebimus

516 4833 693 4887 alteri.
739 4831 856 4886 Illic
909 4833 1053 4888 enim
1107 4849 1209 4890 nec
1263 4835 1533 4898 servitus,
1591 4850 1695 4891 nec
1738 4837 2091 4908 dominatus,

516 4939 620 4980 nec
650 4935 943 4994 paupertas
963 4964 979 4990 ,
1014 4941 1115 4980 nec
1136 4925 1340 4982 divitia:
1361 4964 1375 4987 ,
1422 4942 1523 4981 nec
1551 4929 1768 5000 generis
1793 4929 2051 4999 splendor
2074 4971 2091 4996 ,

516 5024 611 5070 aut
643 5016 958 5072 obscuritas
980 5059 995 5081 ,
1035 5033 1137 5071 nec
1173 5019 1511 5087 privatorum
1544 5019 1861 5086 humilitas,
1885 5037 1986 5076 nec
2008 5023 2093 5076 di-

517 5109 700 5176 gnitas
739 5109 1158 5179 magistratuum
1183 5149 1197 5170 .
1231 5124 1334 5164 nec
1365 5110 1471 5163 ulla
1503 5113 1627 5166 talis
1661 5112 1921 5179 fortunae,
1958 5129 2093 5170 con-

519 5200 784 5262 ditionis.
836 5211 893 5255 et
935 5202 1144 5256 ordinis
1187 5201 1491 5257 dilIerentia
1544 5205 1724 5260 locum
1767 5207 1945 5262 habet.
2002 5206 2095 5261 Et-

519 5295 663 5346 enim
691 5292 936 5347 omnium
961 5293 1233 5362 ejusmodi
1265 5310 1448 5349 rerum
1481 5299 1861 5354 necessitatem
1905 5300 2093 5354 exclu-

518 5382 599 5435 dit
632 5383 720 5436 illa
756 5384 900 5446 vita,
938 5400 1058 5454 quae
1089 5387 1333 5441 materia:
1385 5404 1583 5458 expers
1644 5391 1792 5443 nulla
1842 5407 1899 5446 re
1937 5400 2090 5462 eget,

523 5475 577 5527 in
627 5489 735 5542 qua
787 5482 1038 5529 naturam
1086 5476 1252 5530 animi
1297 5493 1403 5533 non
1447 5495 1513 5533 ex
1555 5479 1704 5534 sicco
1758 5481 2094 5552 humidoque

521 5575 816 5629 constare,
869 5568 964 5621 sed
1021 5584 1086 5622 ex
1138 5568 1339 5624 divina:
1389 5579 1597 5626 natura:
1648 5575 1991 5642 cognitione,
2037 5583 2094 5629 et

522 5658 751 5725 hujusce
805 5659 1033 5727 spiritus
1087 5661 1220 5715 aerii
1268 5663 1424 5724 loco,
1484 5678 1612 5718 vero
1644 5665 1738 5720 illo
1792 5674 2092 5736 sanctoque

523 5743 727 5838 Sp‘ritu
755 5748 861 5806 l't'ui
887 5737 1370 5826 nan'a‘nb‘g‘mus.
1396 5753 1527 5822 Quae
1552 5755 1770 5826 quidem
1805 5757 1947 5814 bona
1979 5774 2091 5826 non

2269 1711 2418 1765 Ἐπεὶ
2463 1705 2556 1764 οὖν
2584 1709 2661 1781 τῷ
2703 1710 2920 1780 ἀληθῶς
2951 1713 3144 1780 ἀγαθῳ
3175 1711 3310 1780 πρὸς
3350 1709 3411 1763 ἐδ
3436 1709 3512 1780 μὴ
3555 1710 3772 1779 ἀληθῶς

2189 1804 2392 1872 ἀγαθόν
2424 1805 2573 1856 ἐστιν
2598 1805 2632 1872 ἡ
2666 1801 2935 1867 ἀντίθεσις
2956 1842 2972 1866 ,
3000 1802 3203 1872 άμεσος
3222 1802 3278 1854 δὲ
3305 1802 3413 1856 τῶν
3442 1802 3538 1856 δύο
3565 1803 3772 1856 τούτων

2191 1898 2224 1967 ἡ
2252 1896 2586 1959 ἐναντίωσις*
2610 1894 2900 1949 ἀκόλουθον
2925 1895 2992 1948 ἂν
3021 1894 3106 1965 εἴη
3127 1897 3238 1958 τοῖς
3259 1894 3657 1969 χωριζομένοις
3682 1897 3771 1950 τοῦ

2193 1987 2267 2059 μὴ
2302 1987 2517 2058 ἀληθῶς
2549 1987 2701 2050 δντος
2729 1985 2918 2050 καλοῦ,
2949 1986 3086 2056 πρὸς
3110 1986 3171 2038 τὸ
3197 1988 3265 2056 τῇ
3297 1985 3455 2055 φύσει
3493 1986 3668 2039 καλὸν
3693 1990 3774 2040 ὲν-

2191 2080 2338 2134 θένδε
2371 2079 2644 2145 πιστεύειν
2675 2078 2774 2148 τὴν
2816 2077 3146 2148 μετάστασιν
3181 2076 3448 2144 γίνεσθαι,
3475 2077 3505 2129 δ
3540 2078 3771 2132 πάντοτε

2189 2172 2284 2224 καὶ
2321 2171 2488 2224 παντὶ⁵
2529 2170 2624 2223 καὶ
2647 2169 2737 2222 διά
2762 2171 2980 2223 πάντων
3018 2168 3163 2220 ἐστὶν
3191 2167 3410 2236 ἀγαθὸν,
3458 2167 3587 2221 οὔτε
3637 2171 3773 2222 κατά
3822 2151 3832 2170 ”

2189 2264 2433 2334 καιροὺς,
2467 2260 2592 2314 οὔτε
2622 2261 2716 2314 ὲπί
2746 2279 2938 2323 τινων,
2967 2257 3090 2313 οὔτε
3121 2258 3211 2312 διά
3234 2277 3309 2326 τι,
3353 2259 3468 2313 ἀλλ’
3492 2261 3585 2314 ἀεὶ
3631 2264 3773 2315 κατά

2187 2356 2256 2410 τά
2293 2355 2430 2408 αὑτά
2455 2355 2549 2408 καὶ
2571 2353 2833 2416 ὡσαύτως
2861 2353 3002 2422 ἕχον.
3033 2351 3177 2423 Πρὸς
3205 2351 3362 2404 τοῦτο
3385 2351 3568 2406 τοίνυν
3601 2353 3775 2424 μέτει-

2191 2464 2272 2500 σιν
2296 2447 2526 2516 ἀπὺοτῆς
2551 2444 2862 2516 σαρκὼδους
2895 2443 3040 2514 ζωῆς
3071 2445 3105 2513 ἡ
3131 2442 3445 2512 ἀνθρωπίνη
3473 2443 3652 2514 ψυχὴ,
3681 2444 3771 2498 άλ-

2185 2541 2284 2609 λην
2319 2537 2441 2589 τινὰ
2469 2536 2583 2607 βίου
2623 2535 2960 2591 κατάστασιν
2999 2535 3121 2588 ἀντὶ
3148 2534 3246 2605 τῆς
3285 2533 3570 2606 παρούσης
3604 2553 3773 2605 μετα-

2188 2628 2565 2700 λαμϐάνουσα,
2597 2628 2665 2699 ἦν
2701 2626 2771 2679 δι’
2810 2626 3096 2697 ἀκριϐείας
3136 2627 3234 2697 μὲν
3285 2625 3434 2690 ίδετν,
3463 2626 3590 2696 ἥτις
3639 2627 3771 2691 ἐστὶ,

2187 2724 2250 2792 τῇ
2285 2719 2451 2791 σαρκὶ
2484 2719 2948 2790 συγκεκραμένοις
2976 2719 3254 2790 ἀμήχανον
3273 2735 3290 2750 ο
3315 2721 3380 2771 ὲκ
3417 2717 3476 2771 δὲ
3499 2719 3606 2789 τῆς
3636 2720 3776 2772 κατά
3829 2760 3831 2771 .

2185 2816 2276 2868 τὸν
2311 2813 2425 2885 βίον
2455 2813 2654 2875 ’τοῦτον⁸
2671 2813 3090 2886 γνωριζομένων
3121 2811 3521 2885 ὑπεξαιρέσεως
3547 2813 3774 2867 δυνατόν

2187 2909 2302 2960 ἐστι
2326 2906 2628 2977 στοχασμόν
2659 2921 2781 2959 τινα
2809 2905 2875 2958 δι’
2905 2906 3198 2975 ἀναλογίας
3224 2905 3534 2959 ἀναλαϐεῖν.
3576 2905 3776 2958 Οὐκέτι

2189 2998 2298 3070 γὰρ
2320 2998 2471 3052 ἔσται
2505 2999 2789 3069 σωματικῇ
2827 2979 3098 3068 παχύτητι
3125 2997 3622 3069 συμπεπλεγμένη,
3647 2996 3774 3050 οὔτε

2191 3094 2257 3161 τῇ
2315 3089 2627 3161 ίσοκρατείᾳ
2665 3088 2775 3142 τῶν
2823 3088 3303 3161 ἀντιστοιχούντων
3355 3089 3777 3160 ἐμϐιοτεύουσα,

2190 3176 2266 3236 ὧν
2299 3185 2332 3254 ἡ
2361 3183 2646 3254 ἰσόρροπος
2683 3182 2822 3253 πρὸς
2853 3181 3058 3253 ἄλληλα
3095 3181 3263 3252 μάχη,
3295 3181 3394 3253 τὴν
3422 3181 3694 3235 σύστασίν
3720 3199 3778 3233 τε

2189 3275 2346 3347 ἡμῶν
2369 3277 2463 3329 καὶ
2482 3277 2580 3346 τὴν
2617 3275 2830 3346 ὑγίειαν
2857 3275 3021 3328 ποιεῖ.
3055 3273 3114 3327 '0
3147 3275 3257 3348 γὰρ
3298 3273 3648 3345 πλεονασμὸς
3671 3274 3780 3327 τῶν

2189 3367 2448 3421 ἐναντίων
2472 3366 2618 3431 τινὸς
2643 3361 2740 3420 καῖ
2765 3367 2798 3436 ἡ
2823 3365 3080 3436 ἔλλειψις,
3102 3349 3274 3429 πάθος
3303 3365 3399 3419 καὶ
3425 3365 3782 3436 ἀρρώστημα

2190 3461 2287 3530 τῆς
2317 3459 2532 3529 φύσεως
2561 3459 2768 3528 γίνεται
2793 3475 2808 3488 ·
2839 3453 2948 3531 ὲνῇ
2976 3457 3127 3510 οὐδὲν
3147 3455 3270 3510 οὔτε
3299 3456 3655 3510 συστέλλεται
3687 3475 3780 3510 κε·
3827 3501 3832 3516 ,

2189 3552 2280 3605 νού
2289 3568 2468 3623 μενον,
2491 3549 2615 3603 οὔτε
2637 3549 2896 3620 δυσφορεῖ
2920 3547 3304 3621 φορτιζόμενον
3323 3559 3340 3574 ⁶
3370 3546 3507 3600 ἀλλά
3541 3547 3645 3601 καὶ
3672 3548 3783 3599 τῶν

2189 3643 2255 3695 ὲκ
2281 3640 2374 3694 τοῦ
2402 3641 2564 3713 ἀέρος
2604 3639 2784 3710 ἀηδῶν
2816 3637 2922 3703 ἔξω
2954 3637 3270 3692 παντάπασι
3297 3636 3524 3704 γίνεται,
3577 3636 3783 3708 κρύους

2190 3751 2248 3787 τε
2284 3732 2426 3800 λέγω
2458 3733 2551 3786 καὶ
2576 3731 2833 3795 θάλπους,
2858 3730 2951 3783 καὶ
2977 3730 3196 3783 πάντων
3223 3728 3334 3782 τῶν
3354 3727 3493 3781 κατὰ
3527 3727 3592 3780 τὸ
3615 3730 3782 3782 ἐναν-

2189 3825 2303 3878 τίον
2335 3823 2638 3894 νοουμένων
2686 3822 3113 3902 ἀπηλλαγμένη’
3165 3822 3225 3874 ὲν
3252 3821 3479 3883 ἐκείνοις
3521 3819 3581 3872 δὲ
3629 3836 3786 3888 γινο-

2195 3917 2351 3987 μένη,
2393 3917 2528 3972 ὅπου
2579 3915 2796 3969 πάντων
2837 3915 2948 3967 τῶν
2981 3913 3296 3982 ἀναγκαίων
3331 3913 3598 3984 καμάτων
3627 3913 3787 3965 ἐλευ-

2192 4008 2326 4078 θέρα
2365 4025 2426 4075 τε
2465 4007 2560 4061 καὶ
2588 4006 2776 4069 ἀνετός
2820 4006 2968 4058 ἐστιν
2995 4005 3029 4075 ή
3085 4003 3232 4075 ζωήο
3277 4004 3337 4056 οὑ
3369 4003 3457 4056 διά
3496 4004 3786 4075 γεωργίας

2192 4098 2601 4162 κακοπαθοῦσα,
2635 4099 2696 4151 οὑ
2729 4099 2855 4163 τοὺς
2905 4095 3244 4160 διαποντίους
3293 4095 3651 4167 ὑπομένουσα
3689 4098 3789 4150 πό-
3830 4110 3831 4114 ‘

2193 4209 2337 4255 νους,
2357 4192 2418 4244 ού
2449 4190 2538 4244 διὰ
2563 4191 2663 4261 τῆς
2693 4191 2998 4262 ἐμπορικῆς
3023 4188 3322 4260 καπηλείας
3351 4190 3754 4260 ἀσχημονοῦσα
3772 4209 3784 4218 ·

2192 4285 2534 4355 οἰκοδομικῆς
2553 4301 2611 4336 τε
2635 4285 2730 4339 καὶ
2767 4284 3088 4354 ὑφαντικῆς,
3119 4280 3332 4351 καὶτῆς
3354 4280 3464 4335 τῶν
3486 4282 3790 4352 βαναύσων

2193 4378 2396 4449 τεχνῶν
2424 4377 2798 4448 ταλαιπωρίας
2845 4375 3245 4446 κεχωρισμένη,
3275 4374 3481 4445 ἤρεμον
3520 4391 3651 4428 τινα.
3690 4377 3790 4428 καὶ

2195 4471 2420 4542 ἡσύχιον
2467 4469 2642 4537 διάγει
2683 4468 2816 4538 βίον,
2873 4466 3057 4531 καθὼς
3102 4469 3131 4520 ὁ
3173 4467 3382 4529 ῐΙαῦλός
3436 4483 3628 4536 φησιν,
3687 4469 3792 4536 οὑχ

2197 4560 2603 4632 ίππμαχοῦσα,
2641 4561 2701 4613 οὑ
2737 4558 3109 4631 ναυμαχοῦσα,
3157 4559 3218 4610 οὑ
3253 4557 3523 4627 συστάδην
3547 4557 3648 4611 διὰ
3683 4557 3792 4626 τῆς

2195 4652 2425 4722 πεζικῆς
2456 4649 2812 4724 παρατάξεως
2855 4647 3296 4722 συμπλεκομένη,
3326 4649 3388 4701 οὑ
3425 4647 3562 4718 πρὸς
3604 4666 3794 4701 κατα·
3829 4709 3831 4719 Α

2197 4745 2394 4815 σκευὴν
2423 4743 2603 4798 ὃπλων
2643 4742 3038 4814 ἀσχολουμένη,
3093 4743 3153 4796 οὑ
3191 4741 3389 4812 φόρους
3448 4738 3792 4806 ὲκλέγουσα,

2193 4840 2254 4892 οὑ
2281 4839 2522 4910 τάφρους
2547 4838 2640 4892 καὶ
2662 4837 2816 4907 τείχη
2856 4836 3357 4900 κατασκευάζουσα,
3387 4831 3524 4886 ἀλλά
3553 4833 3798 4886 πάντων

2195 4933 2304 4986 τῶν
2338 4932 2592 4986 τοιούτων
2635 4932 2831 5001 ἀτελής
2867 4929 2951 4993 τίς
2988 4932 3104 4982 ἐστι
3154 4927 3248 4980 καὶ
3294 4925 3569 4998 ἐλευθέρα.
3616 4927 3793 4996 Μήτε

2195 5026 2393 5096 ἔχουσα
2431 5026 2684 5096 πρᾶγμα,
2736 5023 2872 5092 μήτε
2907 5020 3243 5090 παρέχουσα,
3288 5011 3412 5089 ἐνῇ
3459 5015 3686 5070 δουλεία
3732 5035 3797 5070 τε

2196 5117 2292 5171 καὶ
2333 5118 2591 5190 κυριότης
2618 5117 2712 5170 καὶ
2753 5113 2930 5178 πενία,
2980 5111 3228 5180 εὐγένειά
3251 5127 3310 5162 τε
3341 5109 3434 5162 καὶ
3465 5109 3791 5175 δυσγένεια,

2195 5208 2290 5262 καὶ
2325 5206 2563 5277 ίδιωτικὴ
2588 5205 2929 5274 ταπεινότης,
2955 5203 3049 5257 καὶ
3083 5200 3420 5271 ἀξιωματικὴ
3456 5199 3792 5263 δυναστεία,

2195 5300 2290 5352 καὶ
2323 5301 2470 5351 πᾶσα
2514 5296 2736 5366 τοιαύτη
2775 5293 3059 5364 ἀνωμαλία
3095 5291 3276 5363 χώραν
3307 5291 3408 5343 οὑκ
3444 5288 3577 5360 ἔχει.
3627 5290 3794 5362 Παρ-

2196 5393 2432 5461 αιρεῖται
2463 5389 2569 5460 γάρ
2606 5389 2821 5443 πάντων
2861 5386 3068 5439 τούτων
3108 5385 3201 5438 καὶ
3233 5383 3339 5436 τῶν
3371 5381 3632 5434 τοιούτων
3685 5382 3798 5453 τὴν

2194 5481 2458 5550 ἀνάγκην,
2484 5480 2546 5532 τὸ
2574 5479 2817 5543 ἀνενδεὲς
2842 5478 2940 5548 τῆς
2972 5476 3118 5546 ζωῆς
3141 5474 3351 5543 ἐκείνης
3383 5473 3478 5525 καὶ
3507 5472 3706 5534 ἄὺλον,
3733 5477 3799 5527 ὲν

2195 5568 2312 5647 ᾗτὸ
2345 5571 2670 5643 διακρατοῦν
2696 5572 2793 5643 τῆς
2818 5571 2996 5641 ψυχῆς
3027 5568 3123 5641 τὴν
3157 5568 3471 5629 ὑπόστασιν,
3505 5567 3566 5618 οὑ
3599 5566 3800 5637 ξηροῦ

2195 5683 2252 5720 τε
2281 5665 2374 5718 καὶ
2410 5664 2578 5736 ὑγροῦ
2615 5664 2761 5727 τινός
2789 5666 2905 5717 ὲστι
2943 5661 3223 5734 μετουσία,
3263 5659 3381 5713 ἀλλ’
3418 5661 3453 5731 ὴ
3492 5660 3589 5729 τῆς
3621 5659 3800 5724 θείας

2196 5757 2408 5829 φύσεως
2438 5758 2784 5827 κατανόησις,
2810 5757 2927 5814 ἀντὶ
2955 5755 3012 5809 52-:
3033 5755 3127 5808 τοῦ
3164 5752 3408 5817 ἐναερίου
3435 5751 3796 5816 πνεύματος.
