3844 6404
122 268 226 327 505

1537 289 1624 343 DE
1660 291 1988 349 MORTUIS.

3290 302 3394 357 5οϋ

123 387 214 441 τοῦ
247 387 513 461 ἄληθινοῦ
544 407 601 442 τε
632 392 724 445 καὶ
755 394 913 462 ἁγίου
954 397 1271 469 Πνεύματος
1309 398 1447 456 εἶναι
1477 404 1576 474 τὴν
1601 424 1702 460 κοι-

1822 406 2185 459 immutantur
2217 405 2283 459 ad
2314 405 2727 461 similitudinem
2767 422 2956 462 eorum
3003 424 3125 479 quae
3175 419 3301 464 sunt
3338 411 3394 465 in

123 479 323 532 νωνίαν
379 479 483 533 οὐκ
538 482 972 555 ἀμφιϐάλλομεν.
1019 484 1120 541 Ὧν
1173 493 1206 561 ἡ
1266 492 1560 558 ἀπόλαυσις
1611 498 1711 550 οὐκ

124 570 505 644 ἐνηλλαγμένη
541 573 663 626 καθ’
708 577 1002 649 ὁμοιότητα.
1042 580 1137 633 τοῦ
1167 583 1291 653 τῇδε
1342 585 1457 655 βίου
1492 587 1580 640 διὰ
1609 588 1711 659 τῆς

123 664 291 729 ἕξεως
324 665 450 718 xa‘t’
480 668 787 738 στερήσεως
828 670 1057 739 γίνεται,
1099 676 1478 750 εἰσκρινομένη
1524 696 1583 733 τε
1617 682 1712 735 καὶ

127 756 568 827 ἁποποιουμένη,
617 759 731 812 ἀλλ’
769 761 857 814 ἀεὶ
910 763 1259 837 πληρουμένη
1311 770 1408 821 καὶ
1457 769 1711 825 οὐδέποτε

126 847 551 918 περιγράφουσα
596 850 741 921 κόρῳ
778 852 876 923 τὴν
924 854 1221 927 πλήρωσιν.
1266 860 1502 932 Ἀϐαρὴς
1538 861 1709 934 γὰρὴ

126 938 289 1009 νοερὰ
330 940 537 1011 τρυφὴ,
585 942 680 994 καὶ
716 944 1038 1015 ἀπλήρωτος
1087 948 1318 1003 πάντοτε
1354 955 1473 1016 ταῖς
1522 954 1711 1007 ἐπιθυ-

128 1030 280 1098 μίαις
295 1030 410 1083 τῶν
440 1034 775 1102 μετεχόντων
807 1038 1117 1107 ἀκορέστως
1138 1042 1709 1114 ἐπιπλημμυρίζουσα.

123 1121 223 1173 Διά
255 1121 420 1175 τοῦτο
451 1126 697 1196 μακαρία
724 1127 808 1191 τίς
840 1128 987 1187 ἐστιν
1016 1131 1198 1202 ἐκείνη
1223 1135 1256 1203 ή
1298 1133 1409 1206 ζωὴ
1453 1137 1546 1189 καὶ
1575 1139 1714 1209 ἀκή-

128 1230 314 1281 ρατος,
354 1216 554 1286 μηκέτι
583 1221 700 1282 ταῖς
750 1219 860 1273 τῶν
897 1221 1265 1295 αἰσθητηρίων
1313 1226 1527 1297 ἡδοναῖς
1573 1230 1711 1301 πρὸς

124 1304 223 1373 τὴν
256 1304 356 1358 τοῦ
403 1307 569 1360 καλοῦ
599 1310 779 1380 κρίσιν
822 1312 1243 1387 ἐμπλανωμένη.
1281 1318 1347 1370 Τί
1383 1320 1565 1386 τοίνυν
1590 1322 1709 1375 ἐστὶ

125 1395 456 1467 σκυθρωπὸν
482 1400 540 1451 ἐν
570 1400 649 1470 τῷ
676 1403 981 1472 πράγματι,
1005 1404 1072 1458 δι’
1100 1406 1129 1459 ὃ
1153 1410 1218 1478 τῇ
1251 1410 1579 1478 μεταστάσει
1605 1412 1712 1465 τῶν

122 1487 453 1557 ἐπιτηδείων
483 1491 985 1564 ἐπιστυγνάζομεν;
1019 1496 1067 1547 εἰ
1103 1496 1176 1567 μὴ
1206 1498 1364 1552 τοῦτό
1385 1517 1469 1564 τις
1489 1501 1597 1571 ἄρα
1622 1501 1713 1555 λυ·-

123 1576 305 1647 πηρὸν
336 1581 577 1649 ἡγεῖται,
615 1581 700 1634 ὃτι
728 1582 867 1653 πρὸς
887 1585 979 1637 τὸν
1008 1585 1193 1656 ἀπαθῆ
1218 1604 1279 1639 τε
1304 1589 1399 1640 καὶ
1421 1590 1713 1661 ἀνενόχλη-

1812 497 1913 551 bac
1953 498 2063 552 vita
2086 536 2101 560 ,
2135 497 2263 552 dum
2291 513 2353 551 ea
2389 500 2472 551 vel
2516 501 2897 569 assequimur,
2932 502 3016 556 vel
3051 502 3352 560 amittimus
3375 546 3391 571 ,

1810 588 1940 643 dum
1973 586 2271 655 injicimus,
2294 588 2379 642 vel
2400 588 2652 657 ejicimus
2677 607 2691 650 ;
2725 591 2817 645 sed
2846 607 3124 661 nunquam
3148 592 3390 663 explent,

1812 692 2091 747 nunquam
2133 679 2355 732 satiant.
2402 679 2580 732 Animi
2610 693 2843 749 namque
2875 681 3083 736 delicia:
3114 697 3221 736 non
3265 690 3395 737 sunt

1812 782 2024 839 graves,
2051 783 2151 822 nec
2185 768 2478 823 fruentium
2513 769 2785 823 desiderio
2805 772 2969 826 ullam
2998 790 3237 842 unquam
3263 774 3394 829 atie-

1812 868 1941 914 runt
1969 859 2301 914 satietatem.
2341 860 2575 929 Ideoque
2612 860 2766 913 beata
2793 870 2877 915 est
2915 862 3007 916 illa
3036 864 3147 916 vita
3173 902 3189 927 ,
3221 872 3389 935 atque

1812 951 2176 1014 immortalis,
2234 951 2435 1021 quippe
2495 966 2618 1020 qua:
2672 967 2933 1007 sensuum
2986 954 3214 1009 libidine
3275 971 3387 1010 non

1812 1042 2019 1097 fallitur
2050 1045 2105 1097 in
2133 1044 2293 1098 bonis
2352 1043 2744 1113 dijudicandis.
2808 1042 2951 1111 Quid
2997 1045 3163 1115 igitur
3211 1055 3295 1102 est
3333 1047 3389 1101 in

1811 1132 1930 1202 ipsa
1962 1149 2020 1187 re
2057 1133 2206 1193 mali,
2243 1134 2595 1201 quamobrem
2626 1135 2924 1190 amicorum
2958 1144 3013 1191 et
3043 1135 3393 1194 familiarium

1812 1224 1964 1278 obitu
2030 1223 2349 1279 doleamus?
2381 1224 2487 1279 nisi
2538 1225 2662 1295 quis
2718 1226 3016 1281 dolendum
3066 1228 3388 1297 existimat,

1812 1316 1957 1386 quod
1975 1317 2042 1371 ad
2072 1318 2237 1370 vitam
2268 1317 2740 1387 perturbationum
2760 1333 2823 1373 ac
2846 1318 3187 1374 miseriarum
3206 1337 3394 1391 exper-

1812 1415 1921 1461 tem
1964 1408 2392 1477 proliciscuntur
2414 1450 2429 1475 ,
2465 1408 2519 1463 in
2560 1424 2668 1480 qua
2695 1409 2980 1480 plagarum
3036 1412 3253 1468 dolores
3284 1429 3395 1469 non

1813 1508 2066 1553 metuunt
2093 1542 2108 1565 ,
2141 1516 2249 1554 non
2282 1500 2425 1571 ignis
2452 1501 2631 1556 minas
2654 1542 2668 1562 .
2701 1516 2811 1555 non
2841 1501 2972 1556 ferri
2998 1504 3224 1559 vulnera
3245 1547 3259 1568 ,
3282 1520 3394 1561 non

1810 1596 1971 1644 terrae
1999 1598 2213 1655 motus,
2251 1599 2347 1645 aut
2369 1591 2642 1659 naufragii
2667 1633 2681 1656 ,
2721 1600 2815 1645 aut
2848 1592 3134 1649 servitutis
3170 1595 3394 1649 calami-

125 1687 218 1722 τον
244 1669 362 1739 βίον
384 1672 566 1733 αὐτοῖς
587 1674 619 1742 ἡ
653 1672 981 1742 μετάστασις
1003 1675 1230 1743 γίνεται,
1261 1678 1320 1742 ὃς
1337 1679 1458 1733 οὔτε
1490 1682 1702 1751 πληγῶν

1813 1690 1986 1747 tates,
2022 1699 2131 1739 non
2172 1684 2488 1738 immanium
2516 1684 2752 1739 ferarum
2785 1685 3055 1755 impetus,
3088 1702 3198 1741 nou
3232 1704 3394 1743 vene-

119 1760 322 1824 ὀδύνας
357 1762 665 1833 προσίεται,
697 1763 759 1816 οὐ
794 1765 963 1835 πυρὸς
997 1766 1233 1821 δέδοικεν
1266 1770 1518 1842 ἀπειλὴν,
1550 1773 1610 1825 οὐ
1643 1774 1702 1827 τὰ

1813 1788 1973 1831 natos
2007 1792 2069 1831 ac
2092 1777 2382 1847 pestiferos
2430 1778 2769 1847 serpentium
2806 1780 3029 1833 aculeos
3064 1794 3395 1849 morsusque

118 1850 207 1903 διὰ
240 1851 463 1922 σιδήρου
494 1853 806 1923 τραύματα,
860 1856 959 1907 οὐκ
994 1858 1101 1910 ἀπὸ
1133 1861 1373 1931 σεισμῶν
1416 1864 1510 1917 καὶ
1549 1881 1702 1916 ναυα-

1812 1866 2190 1921 reformidant.
2225 1865 2281 1919 In
2309 1881 2416 1937 qua
2442 1882 2603 1920 nemo
2645 1865 2868 1920 inﬂatur
2898 1868 3155 1937 superbia
3186 1909 3199 1931 ,
3231 1884 3393 1923 nemo

118 1940 259 2006 γίων
302 1943 399 1994 καὶ
428 1943 814 2013 αίχμαλωσιῶν
851 1949 1158 2019 συμφορὰς,
1194 1951 1254 2002 οὐ
1286 1952 1386 2015 τὰς
1422 1953 1531 2005 τῶν
1562 1954 1710 2024 ὠμο-

118 2032 303 2104 ϐόρων
331 2032 535 2104 θηρίων
576 2035 901 2105 προσϐολὰς,
934 2038 995 2090 οὐ
1026 2039 1095 2092 τὰ
1126 2041 1235 2094 τῶν
1273 2043 1622 2113 ἐρπυστικῶν
1648 2062 1709 2098 τε

119 2123 215 2175 καὶ
252 2123 476 2177 ἰοϐόλων
523 2126 726 2197 κέντρα
752 2129 845 2181 καὶ
870 2129 1144 2201 δήγματα.
1184 2135 1271 2187 Ἐν
1303 2129 1347 2203 ᾧ
1386 2136 1560 2199 οὐδεὶς
1584 2135 1707 2190 οὔτε

118 2215 449 2283 ἐξογκοῦται
484 2218 562 2288 τῷ
592 2219 767 2291 τύφῳ,
807 2221 931 2275 οὔτε
972 2229 1222 2280 πατεῖται
1249 2229 1306 2281 ἐν
1338 2230 1704 2301 ταπεινότητι,

117 2306 247 2359 οὔτε
280 2308 388 2361 ὑπὸ
409 2309 645 2380 θράσους
672 2313 1043 2383 ἐκθηριοῦται,
1077 2316 1200 2369 οὔτε
1249 2319 1356 2373 ὑπὸ
1384 2320 1587 2384 δειλίας
1609 2338 1708 2374 κα·-

116 2404 465 2465 ταπτοεῖται,
490 2401 613 2455 οὕτε
634 2407 699 2474 τῇ
719 2406 854 2476 ὀργῇ
886 2408 1258 2477 περιοιδαίνει,
1286 2412 1422 2474 ζέων
1443 2412 1520 2483 τῷ
1551 2412 1706 2484 θυμῷ

118 2493 214 2545 καὶ
250 2494 597 2564 μαινόμενος,
626 2495 754 2549 οὔτε
800 2497 1070 2553 κλονεῖται
1105 2500 1209 2554 ὑπὸ
1243 2502 1337 2555 τοῦ
1376 2504 1562 2573 φόϐου,
1614 2509 1708 2561 ἀν-

115 2592 331 2659 τισχεῖν
360 2590 497 2661 πρὸς
518 2591 617 2661 τὴν
637 2592 729 2645 τοῦ
751 2593 1077 2662 κρατοῦντος
1103 2596 1278 2668 ὁρμὴν
1298 2598 1361 2650 οὑ
1388 2599 1701 2670 δυνάμενος.

130 2684 221 2737 Ἐν
252 2680 297 2754 ᾧ
327 2684 550 2754 φροντὶς
588 2686 689 2738 οὐκ
720 2686 867 2740 ἔστιν
899 2686 986 2742 οἷα
1016 2688 1123 2741 τῶν
1155 2689 1419 2759 βασιλέων
1458 2693 1526 2746 τὰ
1555 2692 1659 2763 ἤθη
1685 2710 1702 2726 ’

114 2778 267 2841 τίνες
304 2778 363 2830 αἱ
412 2776 745 2848 νομοθεσίαι,
797 2775 897 2832 οἷοι
950 2781 1057 2833 τῶν
1100 2782 1316 2851 τρόπων
1370 2784 1418 2836 οἱ
1467 2785 1705 2837 ἐπὶτῶν

114 2868 307 2939 ἀρχῶν
359 2868 704 2938 τεταγμένοι,
748 2866 837 2922 οἶα
882 2869 953 2922 τὰ
1004 2869 1421 2941 διαγράμματα,
1482 2872 1645 2935 πόσος
1674 2874 1703 2924 ό

114 2962 341 3031 ἐτήσιος
374 2960 571 3031 φόρος’
602 2959 727 3013 οὔτε
760 2961 807 3014 εἰ
838 2960 1005 3032 πολλὴ
1033 2962 1253 3030 γέγονεν
1282 2962 1577 3033 ἐπομϐρία,
1605 2980 1705 3016 κα-

113 3046 469 3116 τακλύζουσᾶ
513 3055 579 3123 τῇ
618 3053 856 3124 ἀμετρίᾳ
896 3053 958 3106 τὸ
1004 3053 1438 3125 γεωργούμενον,
1490 3052 1616 3107 οὗτε
1654 3056 1703 3107 εί

1812 1960 2121 2014 humilitate
2178 1959 2547 2029 deprimitur,
2609 1974 2773 2013 nemo
2818 1958 3048 2014 effertur
3115 1961 3390 2026 audacia,

1809 2068 1970 2106 nemo
2034 2052 2237 2107 timore
2304 2054 2657 2115 concutitur,
2722 2066 2887 2106 nemo
2954 2068 3054 2107 nec
3104 2052 3393 2109 iracundia

1807 2152 2048 2199 aestuans
2088 2154 2141 2200 et
2187 2145 2472 2199 insaniens
2508 2144 2896 2208 excandescit,
2950 2160 3051 2201 nec
3078 2146 3392 2216 superantis

1809 2236 2071 2304 impetum
2117 2236 2395 2291 sustinere
2430 2250 2540 2289 non
2579 2236 2769 2291 valens
2803 2245 2949 2292 metu
2990 2238 3389 2292 contremiscit.

1807 2323 1863 2378 ln
1895 2339 2004 2395 qua
2046 2324 2197 2377 nulla
2234 2324 2555 2380 sollicitudo
2610 2333 2733 2391 est,
2778 2326 2970 2395 quales
3034 2326 3147 2379 sint
3198 2341 3392 2396 regum

1806 2431 1989 2470 mores
2014 2456 2029 2480 ,
2060 2430 2090 2468 a
2121 2430 2361 2485 quonam
2410 2413 2658 2469 ferantur
2696 2417 2842 2487 leges
2866 2458 2880 2481 ,
2915 2417 3184 2487 quibusve
3216 2417 3391 2486 magi-

1806 2511 2011 2558 stratus
2060 2504 2521 2569 committantur,
2586 2520 2705 2573 qua:
2757 2507 2976 2560 decreta
3025 2506 3155 2559 ﬁant
3184 2544 3199 2567 ,
3260 2523 3383 2576 quae

1805 2593 2107 2662 quotannis
2136 2594 2488 2663 imponantur
2516 2593 2721 2649 tributa
2742 2637 2757 2660 ,
2804 2604 2898 2649 aut
2927 2610 2995 2650 ne
3022 2595 3388 2651 immoderata

1805 2685 2067 2739 imbrium
2098 2685 2397 2747 multitudo
2439 2694 2557 2740 sata
2588 2687 2892 2756 deprimat,
2925 2687 3203 2758 grandove
3234 2688 3391 2741 labo-

1802 2794 1924 2833 rum
1960 2789 2341 2851 susceptorum
2384 2793 2538 2849 spem
2585 2781 2820 2845 auferat,
2853 2790 2946 2835 aut
2974 2782 3239 2846 siccitate,
3270 2796 3393 2851 qua:

1802 2878 1933 2923 nata
1976 2878 2146 2937 sunt,
2204 2881 2548 2926 exarescant.
2604 2870 2852 2926 Aliorum
2894 2875 3023 2926 item
3077 2872 3390 2935 malorum,

1802 2976 1922 3030 quae
1949 2960 2039 3015 hic
2076 2970 2205 3017 sunt
2228 3002 2242 3026 ,
2276 2962 2417 3031 apud
2452 2976 2548 3018 eos
2577 2963 2765 3017 nullus
2819 2972 2903 3017 est
2952 2964 3139 3017 timor.
3191 2960 3385 3031 Neque

1804 3062 1897 3107 aut
1947 3054 2202 3109 orbitatis
2234 3055 2461 3108 tristitia
2488 3094 2503 3118 ,
2543 3061 2639 3108 aut
2668 3055 2954 3110 viduitatis
2983 3056 3237 3112 molestia
3267 3068 3388 3124 per-

114 3145 337 3216 χάλαζα
371 3145 473 3211 τὰς
512 3146 732 3210 ἐλπίδας
758 3146 865 3200 τῶν
898 3146 1187 3216 γεωπόνων
1218 3146 1539 3219 ἠχρείωσεν,
1579 3146 1701 3201 οὔτε

1806 3148 2119 3202 turbantur.
2151 3147 2271 3202 lllic
2291 3162 2355 3201 ex
2386 3155 2495 3201 tam
2519 3147 2707 3203 multis
2736 3149 3052 3203 morborum
3092 3152 3389 3221 generibus

113 3239 161 3289 εί
193 3237 415 3307 αὐχμὸς
462 3238 838 3310 ἐπικρατήσας
870 3236 1224 3309 ἀποξηραίνει
1263 3240 1371 3292 πᾶν
1413 3238 1473 3291 τὸ
1499 3238 1707 3309 φυόμε-

112 3346 231 3383 νον.
273 3328 437 3381 Ἀλλὰ
490 3329 586 3381 καὶ
623 3327 730 3381 τῶν
772 3328 976 3383 λοιπῶν
1020 3328 1115 3382 τοῦ
1148 3328 1263 3398 βίου
1307 3329 1494 3383 κακῶν
1526 3331 1708 3384 πᾶσαν

112 3421 306 3474 ἄδειαν
338 3420 472 3491 ἔχει.
510 3405 801 3492 ’θρφανίας
823 3437 886 3474 τε
921 3421 1031 3495 γὰρ
1065 3420 1127 3474 τὸ
1170 3419 1493 3492 σκυθρωπὸν
1520 3420 1582 3474 οὐ
1612 3420 1707 3473 λυ-

114 3518 207 3567 πεῖ
238 3516 345 3584 τὴν
390 3512 533 3585 ζωὴν
579 3514 817 3585 ἐκείνην,
847 3513 919 3568 τὰ
964 3517 1028 3568 ἐκ
1069 3512 1297 3585 χηρείας
1338 3514 1487 3568 κακὰ
1520 3512 1705 3585 χώραν

113 3608 213 3659 οὐκ
241 3606 391 3675 ἔχει’
427 3604 734 3675 ἀργοῦσιδέ
762 3606 857 3659 καὶ
881 3607 939 3658 αἱ
971 3604 1299 3677 πολύτροποι
1328 3605 1420 3659 τοῦ
1454 3604 1706 3676 σώματος

114 3699 445 3771 ἀρρωστίαι,
482 3700 625 3758 οἵτε
681 3699 825 3753 κατὰ
865 3698 973 3751 τῶν
1027 3698 1441 3769 εὐημερούντων
1492 3698 1697 3767 φθόνοι,

113 3794 209 3845 καὶ
275 3794 334 3845 al.
384 3792 527 3845 κατὰ
578 3790 687 3845 τῶν
723 3790 1203 3862 ιδυσπραγούντων
1239 3791 1552 3862 ὑπεροψίαι,
1605 3791 1701 3846 καὶ

114 3886 297 3937 πάντα
326 3884 397 3937 τὰ
437 3884 661 3938 τοιαῦτα
702 3883 805 3954 τῆς
833 3882 981 3954 ζωῆς
1020 3883 1236 3950 ἐκείνης
1282 3883 1590 3955 ἐξώρισται’
1620 3887 1700 3937 ἰσ-

1798 3240 2001 3309 quibus
2060 3254 2292 3309 corpora
2353 3249 2543 3293 nostra
2601 3250 2906 3303 vexantur,
2971 3242 3157 3297 nullus
3210 3244 3383 3299 adest.

1798 3327 1917 3383 Illic
1947 3343 2050 3385 nec
2085 3328 2338 3384 felicibus
2367 3327 2647 3383 invidetur
2667 3367 2683 3390 ,
2738 3344 2840 3384 nec
2876 3329 3259 3400 despiciuntur
3291 3346 3390 3386 ea-

1799 3421 2064 3477 lamitosi.
2118 3419 2322 3475 Omnes
2366 3420 2451 3475 hze
2508 3419 2785 3491 denique,
2840 3430 2897 3476 et
2942 3420 2996 3475 id
3037 3437 3210 3492 genus
3268 3422 3390 3478 alia:

1800 3511 2041 3567 miseria:
2099 3511 2304 3567 absunt
2369 3512 2438 3565 ab
2501 3512 2592 3566 illa
2649 3512 2760 3566 vita
2814 3527 2978 3582 quam
3038 3513 3382 3585 longissime.

1798 3605 2006 3661 Contra
2043 3620 2171 3661 vero
2188 3605 2333 3675 juris
2353 3614 2407 3660 et
2432 3605 2611 3675 legum
2639 3605 2983 3675 aequabilitas
3006 3620 3132 3660 cum
3169 3621 3386 3661 summa

1803 3699 2056 3753 libertate
2087 3706 2142 3752 et
2171 3713 2307 3768 pace
2336 3697 2393 3752 in
2423 3713 2489 3752 eo
2525 3698 2836 3753 animorum
2873 3699 3073 3769 populo
3100 3706 3383 3761 versatur,

1804 3805 1928 3845 cum
1960 3789 2094 3844 illud
2126 3790 2360 3860 quisque
2388 3789 2621 3855 habeat,
2651 3789 2798 3861 quod
2824 3790 3094 3861 cujusque
3123 3790 3385 3846 voluntas

1805 3891 2049 3952 exoptat.

113 3978 318 4049 ηγορία
340 3978 397 4031 δέ
435 3995 518 4041 τις
557 3978 652 4031 καὶ
698 3976 942 4047 ἰσονομία
980 3977 1069 4030 διὰ
1106 3963 1296 4046 πάσηξ
1323 3976 1636 4049 ἐλευθερίας
1678 3977 1982 4047 εἰρηνικῆς,
2014 3975 2094 4039 τῷ
2140 3974 2246 4027 τῶν
2288 3972 2477 4043 ψυχῶν
2513 3973 2672 4044 δήμῳ
2707 3970 3178 4043 συμπολιτεύεταιο
3210 3972 3385 4026 ἐκεῖνο

116 4075 350 4127 ἑκάστου
377 4072 610 4141 ἔχοντος,
637 4074 773 4143 ὅπερ
811 4073 876 4126 ἂν
892 4072 1069 4143 ἐαυτῷ
1108 4072 1372 4144 ἐτοιμάσῃ
1405 4073 1470 4124 ἐκ
1505 4071 1897 4143 προαιρέσεως.

183 4172 250 4224 Εἰ
281 4169 340 4222 δέ
369 4187 420 4221 τι
446 4170 625 4239 χεῖρον
660 4169 723 4222 ἐκ
748 4186 894 4233 τινος
921 4169 1177 4233 ἀϐουλίας
1209 4169 1696 4240 τινιπαρασκευα-

116 4261 215 4332 σθῇ
240 4262 365 4315 ἀντὶ
386 4260 478 4314 τοῦ
501 4260 825 4329 κρείττονος,
853 4261 1091 4323 ἀναίτιος
1120 4259 1228 4312 τῶν
1257 4258 1512 4313 τοιούτων
1542 4261 1571 4312 ὁ
1602 4258 1697 4311 θά-

116 4370 301 4417 νατος,
336 4352 458 4406 κατ’
492 4351 740 4415 ἐξουσίαν
768 4352 828 4404 τὸ
864 4352 1055 4405 δοκοῦν
1083 4352 1334 4422 ἐλόμενος
1364 4351 1464 4421 τῆς
1502 4367 1695 4421 προαι-

118 4447 347 4516 ρέσεως.
393 4436 564 4515 ’Υπὲρ
596 4445 738 4508 τίνος
772 4441 867 4496 οὖν
891 4443 1332 4512 δυσχεραίνουσιν
1359 4443 1409 4495 οἱ
1443 4441 1698 4513 θρηνοῦν-

1865 4163 2021 4229 Quod
2057 4163 2102 4218 si
2134 4163 2258 4233 quis
2295 4162 2366 4217 ob
2419 4162 2657 4233 inopiam
2708 4160 2946 4226 consilii,
2988 4173 3052 4213 ac
3091 4158 3380 4214 stultitiam

1793 4272 1947 4312 suam
1982 4271 2083 4326 pro
2128 4256 2275 4310 bono
2316 4255 2518 4309 malum
2564 4254 2849 4325 amplexus
2890 4254 2983 4319 sit,
3018 4252 3224 4306 nullam
3256 4251 3381 4321 ejus

1792 4350 1874 4404 rei
1916 4364 2065 4405 mors
2111 4350 2327 4418 culpam
2372 4348 2667 4413 sustineat,
2718 4363 2840 4401 cum
2888 4346 3121 4400 liberum
3178 4345 3381 4414 cuique

1793 4440 1983 4507 fuerit,
2017 4442 2165 4511 quod
2206 4440 2372 4495 vellet
2399 4440 2620 4508 eligere.
2653 4437 2764 4490 Cur
2796 4438 2962 4507 igitur
2996 4442 3250 4500 mmrent,
3285 4435 3377 4505 qui

114 4555 204 4600 τες
236 4537 332 4588 τὸν
359 4536 749 4605 ἀποιχόμενον;
775 4536 882 4586 Καὶ
914 4534 1020 4605 μὴν
1052 4536 1101 4587 εἰ
1130 4534 1473 4587 παντάπασιν
1500 4532 1697 4586 ἐκαθά-

1804 4534 2071 4588 obeuntes
2100 4529 2588 4586 lamentationibus
2618 4527 3069 4599 prosequuntur?
3088 4528 3248 4582 Certe
3271 4527 3378 4581 nisi

119 4646 277 4701 ρευεν
308 4628 491 4697 πάσης
523 4626 801 4697 ἐμπαθοῦς
830 4627 1117 4690 διαθέσεως
1138 4628 1166 4679 ὁ
1194 4625 1697 4696 συναποδυσάμενος

116 4722 213 4791 τὴν
257 4720 454 4790 ἡδονήν
489 4736 549 4771 τε
595 4719 688 4772 καὶ
730 4720 827 4789 τὴν
873 4719 1049 4789 λύπην
1101 4718 1238 4788 μετὰ
1279 4718 1374 4791 τοῦ
1423 4716 1690 4787 σώματος·

116 4788 325 4873 ἐκεῖνος
358 4788 425 4863 ἂν
452 4788 791 4879 δικαιότερον
827 4810 952 4873 τοὺς
984 4788 1271 4878 περιόντας
1304 4788 1621 4879 ἐθρήνησεν,
1645 4806 1694 4859 οἳ

116 4900 311 4953 ταύτὸν
346 4900 616 4969 πάσχουσι
645 4901 756 4961 τοῖς
791 4901 847 4950 ἐν
878 4898 1235 4969 δεσμωτηρίῳ
1264 4897 1564 4966 διάγουσιν’
1600 4894 1696 4959 οὓς

117 4997 146 5064 ἡ
180 4994 317 5063 πρὸς
342 4992 414 5045 τὰ
442 4992 742 5062 σκυθρωπὰ
770 4992 1025 5061 συνήθεια
1044 5033 1058 5056 ,
1084 4993 1177 5045 καὶ
1205 4993 1237 5062 ἡ
1273 4991 1567 5062 συντροφία
1599 4989 1692 5043 τοῦ

117 5083 303 5150 ζόᾷου,
349 5082 621 5153 προσηνές
669 5098 727 5133 τε
763 5084 855 5135 καὶ
901 5082 1101 5135 ἄλυπον
1138 5083 1197 5135 τὸ
1230 5083 1403 5154 παρὸν
1455 5082 1695 5151 νομίζειν

117 5175 393 5243 ἐποίησεν.
412 5175 523 5226 Καὶ
542 5172 702 5243 τυχὸν
723 5174 963 5226 κάκεῖνοι
985 5176 1093 5236 τοῖς
1118 5174 1215 5243 τῆς
1237 5155 1479 5242 φυλακῆς
1505 5171 1669 5225 ἐκϐαλ
1683 5202 1696 5211 -

116 5263 365 5333 λομένοις
411 5263 930 5332 ἐπιστυγνὰζουσιν,
966 5265 1158 5335 ἀγνοίᾳ
1200 5264 1297 5334 τῆς
1344 5262 1695 5333 φαιδρότητος

117 5355 214 5423 τῆς
260 5354 620 5424 ἐκδεχομένης
660 5357 785 5417 τοὺς
827 5354 1239 5422 ἀπαλλαγέντας
1279 5353 1371 5406 τοῦ
1402 5352 1585 5422 ζόφου.
1630 5352 1694 5404 Εἰ

116 5448 220 5517 γὰρ
240 5448 437 5517 ᾔδεσαν
462 5446 531 5499 τὰ
554 5448 611 5499 ἐν
640 5446 715 5517 τῷ
736 5447 987 5518 ὑπαίθρῳ
1016 5446 1285 5517 θεάματα,
1316 5446 1376 5500 τό
1401 5464 1458 5499 τε
1480 5446 1687 5514 αἴθριον

116 5540 330 5601 κάλλος,
360 5540 454 5590 καὶ
478 5538 540 5590 τὸ
559 5538 807 5609 οὐράνιον
839 5539 993 5609 ὕψος,
1022 5540 1114 5593 καὶ
1137 5539 1234 5602 τὰς
1254 5539 1361 5592 τῶν
1389 5540 1571 5608 φωστή
1580 5556 1688 5609 ρων

116 5632 308 5699 αὐγὰς,
347 5632 445 5702 τήν
472 5647 532 5682 τε
564 5631 671 5683 τῶν
720 5632 961 5701 ἀστέρων
999 5631 1251 5703 χορείαν,
1290 5633 1381 5684 καὶ
1409 5631 1687 5701 περιόδους

119 5721 367 5785 ἡλιακὰς,
397 5721 489 5773 καὶ
516 5720 606 5775 τὸν
637 5720 915 5791 σεληναῖον
946 5722 1165 5793 δρόμον,
1192 5724 1285 5777 καὶ
1314 5722 1411 5793 τὴν
1438 5721 1685 5791 πολυειδῆ

1804 4624 1873 4678 ab
1901 4623 2049 4678 omni
2078 4622 2486 4693 perturbatione
2528 4621 2682 4675 liberi
2718 4627 2925 4681 essent,
2967 4618 3058 4688 qui
3088 4633 3195 4672 una
3249 4632 3374 4671 cum

1803 4733 2035 4787 corpore
2070 4716 2401 4787 voluptatem
2442 4723 2495 4769 et
2530 4712 2774 4767 dolorem
2841 4718 3131 4776 exuerunt,
3166 4710 3376 4779 aequius

1804 4808 1880 4862 illi
1911 4808 2237 4877 superstites
2269 4806 2682 4868 miserarentur,
2713 4818 2837 4858 cum
2871 4818 2979 4856 non
3012 4802 3169 4855 aliter
3196 4798 3373 4853 affecti

1802 4902 1930 4967 sint,
1964 4915 2128 4971 quam
2163 4901 2200 4953 ii
2244 4899 2337 4969 qui
2370 4898 2423 4951 in
2458 4912 2679 4952 carcere
2720 4896 2966 4951 conclusi
2998 4897 3209 4948 vivunt.
3254 4890 3372 4944 Mu-

1799 5000 1894 5045 tua
1921 4992 2067 5047 enim
2098 5006 2187 5045 res
2218 5004 2441 5057 asperas
2496 4986 2873 5059 perpetiendi,
2917 4985 2972 5039 in
3025 4981 3371 5050 tenebrisque

1791 5080 2009 5135 vivendi
2043 5080 2443 5135 consuetudine
2469 5079 2727 5141 devincti,
2765 5076 3105 5145 deceptique,
3138 5072 3367 5125 molesta

1792 5181 1845 5226 et
1880 5172 2179 5241 injucunda
2216 5187 2326 5227 non
2363 5182 2580 5242 putant,
2611 5186 2732 5242 quae
2759 5170 3064 5240 perferunt.
3102 5166 3289 5235 Itaque
3317 5166 3363 5221 si

1792 5265 1883 5335 qui
1951 5265 2246 5333 ejiciantur
2292 5282 2323 5321 e
2381 5280 2621 5329 carcere,
2670 5278 2857 5319 eorum
2914 5260 3088 5314 vicem
3132 5258 3365 5313 fortasse

1793 5356 1986 5424 reliqui
2013 5356 2221 5423 dolent,
2244 5357 2551 5428 ignorantia
2580 5354 2885 5424 splendoris
2916 5352 3063 5406 illius
3105 5349 3171 5403 ad
3201 5362 3364 5418 quem

1795 5449 2044 5514 veniunt,
2078 5450 2172 5518 qui
2212 5449 2282 5503 ab
2310 5464 2500 5503 eorum
2526 5447 2767 5502 tenebris
2798 5442 3108 5499 discedunt.
3148 5439 3364 5495 Etenim

1797 5536 1842 5590 si
1871 5552 1993 5606 qua:
2026 5538 2128 5591 sub
2154 5538 2244 5593 die
2274 5538 2586 5607 spectacula
2608 5542 2928 5597 cernuntur,
2953 5532 3359 5603 cognovissent,

1796 5628 1839 5682 si
1872 5629 2329 5698 pulchritudinem
2362 5630 2603 5691 aetheris,
2638 5628 2683 5681 si
2727 5627 2849 5681 caeli
2872 5624 3285 5686 sublimitatem,
3313 5621 3363 5677 si

1796 5720 2025 5778 nitorem
2070 5722 2332 5791 siderum,
2380 5722 2663 5779 stellarum
2713 5720 2967 5787 choreas,
3010 5715 3144 5775 solis
3188 5711 3363 5770 ambi-
