3844 6428
413 217 529 274 εστ

1661 231 1715 287 S'.
1759 233 2086 291 GREG'ORII
2116 237 2412 298 NYSSENI

3557 241 3686 302 508"-

413 344 562 428 tum,
586 335 834 408 lunaique
861 354 1118 408 cursum;
1144 343 1190 398 si
1221 359 1432 408 eorum,
1467 363 1588 418 qua:
1614 359 1754 406 terra
1785 355 1976 426 gignit,
2011 408 2012 417 χ

2115 357 2180 428 ἧς
2219 363 2322 432 γῆς
2359 361 2415 412 ὲν
2445 361 2557 424 τοῖς
2590 361 2960 432 βλαστήμασιν
2997 359 3165 431 ὥραν,
3204 359 3298 412 καὶ
3327 357 3426 428 τὴν
3475 357 3660 430 ἡδεῖαν

415 429 528 483 ta'r'n
563 431 710 485 varia
739 432 1074 504 pulchraque
1111 452 1342 506 genera,
1389 441 1434 494 si
1474 440 1778 510 jucundum
1813 449 1982 507 maris

2117 453 2181 521 ἧς
2213 429 2486 520 θαλάσσης
2511 429 2650 520 ὄψιν,
2673 452 2731 504 ὲν
2757 429 3004 504 λειοειδεῖ
3030 429 3096 520 τῇ
3121 447 3262 518 αὐγῇ
3291 447 3356 500 δι’
3383 429 3656 518 ἠρεμαίου

419 531 720 591 aspectum,
751 539 874 580 cum
923 527 1088 583 nullis
1123 539 1409 587 ventorum
1443 535 1662 592 ﬂatibus
1708 541 1980 608 turbatur,

418 614 514 670 sed
543 616 738 672 leniter
768 618 1064 689 crispatur,
1093 630 1146 676 et
1175 630 1431 694 tanquam
1459 628 1683 698 pulchre
1707 631 1982 702 depictum

418 706 702 776 splendet:
727 710 772 764 si
803 711 1030 780 pulchra
1058 722 1168 766 tum
1199 715 1406 784 privata
1437 726 1553 773 tum
1581 721 1798 791 publica
1820 723 1986 778 aedifi-

423 799 534 862 cia.
567 801 767 869 quibus
813 804 1120 874 magniﬁca:
1167 823 1230 863 ac
1275 812 1572 881 splendidae
1606 815 1856 872 civitates
1891 833 1987 872 ex-

424 899 730 947 ornantur:
765 893 904 962 haac,
941 897 1185 968 inquam,
1226 910 1279 956 et
1323 903 1408 958 his
1451 905 1650 960 similia
1693 909 1736 962 si
1785 923 1990 978 cogno-

420 984 654 1049 vissent,
696 987 790 1056 qui
825 987 882 1042 in
920 1005 1138 1047 carcere
1168 994 1538 1062 continentur,
1587 1013 1696 1052 non
1742 999 1990 1057 dolerent

421 1073 598 1130 vicem
629 1091 844 1144 eorum,
875 1082 970 1151 qui
999 1084 1210 1152 priores
1233 1103 1264 1141 e
1287 1087 1538 1143 custodia
1575 1089 1788 1146 dimissi
1839 1100 1988 1160 sunt,

421 1173 686 1238 tanquam
709 1184 738 1223 a
757 1169 903 1226 bono
921 1173 1105 1244 aliquo
1123 1175 1546 1235 discessissent:
1575 1189 1766 1236 contra
1785 1184 1988 1253 potius,

425 1259 520 1327 qui
551 1261 760 1330 egressi
792 1273 997 1328 essent,
1031 1265 1286 1321 miseram
1316 1268 1618 1325 infelicium
1651 1273 1990 1330 inclusorum

425 1349 592 1404 vitam
640 1353 1186 1410 commiserarentur.
1231 1356 1432 1414 Eodem
1495 1363 1656 1418 modo
1702 1365 1795 1434 qui
1831 1365 2000 1424 istius

427 1443 552 1497 vitae
580 1457 802 1500 carcere
825 1446 1039 1502 liberati
1071 1457 1222 1514 sunt,
1251 1451 1298 1506 si
1322 1453 1436 1506 fieri
1463 1462 1736 1524 potest,ut
1760 1457 2000 1514 dolendo

427 1533 896 1607 lacrymandoque
926 1554 1082 1595 suam
1109 1555 1236 1612 erga
1281 1543 1636 1602 calamitosos
1681 1549 1996 1605 misericor-

429 1621 574 1678 diam
601 1627 913 1693 ostendant,
949 1629 1204 1686 videntur
1241 1633 1374 1688 mibi
1415 1637 1898 1696 lamentationibus
1941 1648 2003 1698 et

429 1713 687 1785 lacrymis
731 1718 1108 1774 commiserari
1141 1723 1508 1780 conditionem
1543 1726 1782 1796 illorum,
1815 1731 1910 1800 qui
1942 1731 1998 1784 in
2029 1696 2074 1754 Β

431 1805 592 1862 istius
631 1807 756 1864 vitae
781 1809 1050 1866 molestiis
1083 1826 1146 1867 ac
1178 1813 1464 1872 doloribus
1497 1817 1830 1886 detinentur,
1857 1821 2000 1890 quod

431 1912 523 1954 res
561 1899 684 1956 illas
709 1901 1126 1972 pulcherrimas,
1157 1915 1212 1960 et
1245 1921 1276 1960 a
1306 1909 1534 1963 materia
1568 1913 2000 1980 remotissimas,

431 2005 554 2060 qua:
583 2006 752 2061 supra
783 1994 1044 2049 mundum
1083 1997 1230 2052 hunc
1270 2009 1428 2064 sunt,
1481 2017 1598 2055 non
1637 2005 2000 2075 conspiciant,

431 2097 629 2152 nempe
667 2084 917 2149 thronos,
963 2088 1327 2157 principatus,
1373 2093 1794 2160 dominationes,
1839 2113 2006 2167 ange-

433 2177 612 2234 lorum
637 2181 935 2244 exercitus,
965 2181 1291 2253 piorumque
1332 2193 1530 2250 cmtus,
1585 2203 1649 2242 ac
1691 2204 2004 2260 supremam

439 2269 586 2324 illam
635 2273 951 2336 civitatem,
1016 2274 1542 2347 celeberrimumque
1589 2295 1756 2349 supra
1807 2283 2006 2335 etelum

438 2372 766 2420 conventum
801 2365 1044 2428 illorum,
1076 2366 1170 2436 qui
1204 2366 1258 2420 in
1289 2383 1353 2423 ea
1389 2367 1648 2440 descripti
1687 2377 1837 2426 sunt.
1871 2371 2007 2426 Nam

435 2455 552 2522 illa,
583 2471 704 2526 qua:
736 2455 823 2512 his
851 2457 1108 2512 omnibus
1145 2467 1384 2528 praestat,
1425 2460 1798 2528 pulchritudo,
1844 2479 2006 2532 quam

436 2547 506 2602 ab
539 2547 630 2612 iis,
670 2549 764 2619 qui
803 2550 1010 2604 mundo
1048 2561 1176 2605 sunt
1221 2550 1390 2606 corde
1425 2553 1464 2616 ⁸,
1505 2554 1741 2622 perspici
1776 2558 2012 2610 asseruit

437 2640 533 2709 qui
555 2655 667 2694 non
699 2642 985 2706 mentitur,
1033 2642 1208 2710 major
1245 2651 1352 2710 est,
1401 2661 1564 2714 quam
1601 2647 1728 2710 ulla.
1753 2663 1848 2716 spe
1879 2665 2010 2703 conc

434 2730 716 2800 jecturave
748 2733 963 2802 concipi
1009 2734 1202 2788 valeat.
1247 2734 1432 2805 Neque
1477 2753 1606 2792 vero
1641 2737 1696 2792 id
1741 2739 1918 2794 solum
1955 2740 2016 2793 in.

438 2819 601 2875 nobis
629 2820 858 2891 gemitu,
896 2820 1196 2892 doloreque
1229 2823 1452 2895 dignum
1495 2833 1708 2895 putant,
1759 2828 1852 2897 qui
1887 2829 2014 2882 hinc

439 2911 815 2980 decesserunt,
837 2914 932 2969 sed
951 2915 1124 2968 multo
1151 2917 1344 2987 magis,
1371 2918 1514 2986 quod
1539 2933 1661 2972 cum
1689 2927 1799 2972 tam
1829 2921 2018 2976 multis

2083 539 2176 593 τοῦ
2233 539 2540 610 πνεύματος
2585 539 2879 612 γλαφυρῶς
2927 538 3392 611 ὲπιφρίσσουσαν,
3445 536 3554 589 τῶν
3601 553 3660 588 τε

2085 631 2224 686 κατὰ
2249 631 2347 694 τάς
2371 631 2552 694 πόλεις
2581 631 3027 702 οἰκοδομημάτων
3055 629 3124 682 τά
3151 627 3342 698 κάλλη,
3369 628 3435 681 τά
3467 644 3524 679 τε
3553 627 3661 680 ἴδια

2087 723 2182 776 καὶ
2211 722 2280 776 τά
2300 723 2552 794 δημόσια,
2580 723 2647 777 δι’
2677 717 2752 778 ὧν
2775 725 2831 776 αἱ
2857 721 3108 794 λαμπραί
3136 737 3196 774 τε
3217 721 3313 774 καὶ
3345 719 3662 783 πολυτελεῖς

2087 817 2194 869 τῶν
2225 815 2432 870 πόλεων
2469 815 2933 880 καλλωπίζονται·
2968 816 3016 867 εί
3043 811 3220 868 ταῦτα
3247 813 3424 866 τοίνυν
3463 813 3660 884 ﬁdem.

2089 909 2185 962 καὶ
2221 907 2289 961 τά
2317 907 2538 962 τοιαῦτα
2577 908 2626 961 οἱ
2659 906 3002 977 ἐπαχθέντες
3033 904 3110 974 τῷ
3137 903 3497 974 δεσμωτηρίῳ
3516 943 3532 968 ,
3564 904 3668 958 οὐκ

2091 1001 2157 1054 ἂν
2198 1002 2321 1063 τοὺς
2359 1002 2420 1052 ἐκ
2459 1000 2558 1070 τῆς
2595 998 2844 1069 φυλακῆς
2889 995 3298 1068 προαγομένους
3339 995 3416 1059 ὡς
3457 995 3666 1063 ἀγαθοῦ

2090 1111 2232 1157 τινος
2275 1091 2674 1164 χωριζομένους
2711 1089 3161 1160 ἀπωλοφύροντοο
3211 1085 3344 1158 ὅπερ
3391 1083 3486 1140 οὖν
3522 1085 3678 1148 εἰκὸς

2091 1183 2217 1246 τοὺς
2243 1181 2346 1246 ἔξω
2375 1181 2470 1235 τοῦ
2511 1179 2883 1251 δεσμωτηρίου
2913 1177 3044 1249 περὶ
3079 1177 3187 1231 τῶν
3217 1177 3296 1229 ἔτι
3337 1176 3676 1245 καθειργμέλ

2093 1292 2199 1328 νων
2222 1273 2563 1336 διανοεῖσθαι,
2598 1271 2673 1335 t'o;
2703 1271 2908 1340 ὲλεεινῇ
2941 1267 3568 1341 προσταλαιπωρούντων
3599 1269 3684 1336 τῇ

2095 1363 2230 1434 ζωῇ.
2279 1362 2435 1416 Οὕτω
2470 1379 2558 1433 μοι
2593 1361 2809 1416 δοκοῦσι
2847 1361 2944 1414 καὶ
2991 1361 3042 1413 οἱ
3070 1361 3172 1430 τῆς
3201 1357 3292 1412 τοῦ
3327 1357 3440 1428 βίου
3477 1357 3672 1410 τούτου

2097 1453 2342 1525 φυλακῆς
2370 1452 2474 1517 ἔξω
2505 1451 2816 1523 γινόμενοι,
2845 1451 3003 1522 εἴπερ
3032 1449 3166 1514 ὅλως
3208 1449 3430 1502 δυνατὸν
3462 1444 3533 1518 ἦν
3575 1449 3678 1501 αὐ-

2096 1547 2209 1609 τοῖς
2245 1545 2333 1600 διὰ
2367 1544 2614 1613 δακρύων
2646 1541 2982 1608 ἐνδείξασθαι
3019 1542 3115 1612 τὴν
3165 1540 3302 1612 πρδς
3337 1540 3463 1604 τοὺς
3505 1557 3677 1594 κακο-

2100 1635 2404 1699 παθοῦντας
2439 1633 2784 1706 συμπάθειαν
2801 1674 2816 1698 ,
2848 1631 3066 1705 θρηνεῖν
3093 1631 3187 1684 καὶ
3214 1629 3470 1702 δακρύειν
3493 1629 3587 1682 τὸν
3617 1630 3678 1682 έν

2102 1733 2220 1794 ταῖς
2244 1729 2458 1793 ὀδύναις
2488 1728 2580 1783 τοῦ
2613 1729 2726 1800 βίου
2755 1729 2945 1782 τούτου
2977 1726 3453 1799 παρατεινόμενον,
3483 1727 3566 1778 ὅτι
3601 1725 3678 1796 μὴ

2102 1823 2270 1895 ὁρῶσι
2301 1822 2372 1876 τά
2392 1820 2738 1894 ὑπερκόσμιά
2759 1839 2816 1875 τε
2845 1821 2939 1874 καὶ
2965 1820 3102 1875 άῦλα
3134 1819 3326 1888 κάλλη,
3355 1818 3578 1889 θρόνους
3619 1835 3690 1870 τε·

2103 1916 2198 1968 καὶ
2235 1914 2429 1986 ἀρχὰς,
2474 1913 2742 1978 ἐξουσίας,
2785 1913 2880 1966 καὶ
2913 1911 3258 1982 κυριότητας,
3293 1910 3386 1962 καὶ
3421 1907 3684 1978 στρατιὰς

2104 2002 2399 2070 ἀγγελικάς
2419 2002 2516 2055 καὶ
2537 2001 2852 2073 ἐκκλησίας,
2883 2001 2979 2055 καὶ
3002 2001 3100 2070 τὴν
3131 2001 3242 2055 ἀνω
3267 1999 3440 2062 πόλιν,
3465 1999 3562 2052 καὶ
3581 1997 3688 2067 τὴν

2107 2093 2498 2164 ὑπερουράνιον
2525 2093 2635 2146 τῶν
2669 2091 3180 2164 ἀπογεγραμμένων
3224 2091 3552 2161 πανήγυριν.
3609 2087 3692 2142 Τὸ

2106 2185 2215 2256 γὰρ
2248 2187 2638 2257 ὑπερκείμενον
2683 2185 2886 2239 τούτων
2939 2184 3152 2248 κάλλος,
3187 2184 3216 2236 ὂ
3247 2185 3372 2246 τοὺς
3411 2183 3690 2253 καθαροὺς

2107 2281 2172 2347 τῇ
2198 2279 2392 2348 καρδίᾳ
2420 2278 2638 2347 βλέπειν
2662 2281 2689 2332 ὁ
2709 2277 2944 2348 ἀψευδὴς
2966 2277 3280 2346 ἀπεφήνατο
3303 2275 3478 2344 λόγος,
3501 2277 3682 2344 κρεῖτ-

2107 2371 2198 2424 τὸν
2235 2389 2292 2423 τε
2341 2372 2518 2442 πάσης
2563 2371 2774 2434 ἐλπίδος
2809 2370 2944 2434 ἐστὶ,
2987 2368 3212 2438 καὶτῆς
3257 2370 3321 2421 ὲκ
3363 2366 3690 2437 στοχασμῶν

2111 2464 2356 2525 εἰκασίας
2385 2463 2672 2534 ἀνώτερον.
2709 2462 2784 2515 Οὐ
2811 2461 2968 2514 τοῦτο
2999 2460 3056 2513 δὲ
3095 2458 3252 2530 μόνον
3287 2457 3606 2527 στεναγμῶν
3628 2474 3690 2510 τε

2111 2557 2206 2610 καὶ
2248 2555 2426 2624 λύπης
2461 2554 2611 2619 ἀξιον
2655 2555 2740 2624 ἐφ’
2779 2554 2911 2624 ἡμῖν
2949 2554 3060 2615 τοῖς
3093 2551 3422 2622 μεταστᾶσιν
3466 2549 3534 2602 ἂν
3569 2551 3692 2603 ένο-

2117 2648 2304 2718 μίσθη,
2333 2647 2447 2701 ἀλλ’
2471 2648 2552 2700 ὅτι
2591 2644 2860 2700 τοσούτων
2894 2641 3158 2712 ἀλγεινῶν
3183 2642 3581 2713 περικειμένων
3611 2640 3690 2709 τῷ

2115 2739 2234 2808 βίῳ,
2265 2735 2500 2806 τοσαύτη
2522 2754 2607 2799 τις
2627 2734 2914 2806 ἐντέτηκεν
2939 2731 3172 2802 αὐτοῖςή
3199 2731 3326 2802 περὶ¹
3349 2729 3417 2784 τά
3439 2729 3692 2801 μοχθηρά

2117 2829 2472 2890 συνδιάθεσις,
2501 2829 2583 2880 ὅτι
2621 2827 2718 2897 οὑχ
2755 2827 2830 2888 ὡς
2865 2823 3168 2892 ἀναγκαίαν
3197 2821 3318 2875 τινὰ.
3347 2819 3700 2891 λειτουργίαν

2115 2921 2210 2990 τὴν
2251 2917 2554 2991 προσϐολὴν
2583 2917 2760 2970 αὐτῶν
2787 2913 3062 2985 φέρουσιν,
3103 2910 3214 2964 ἀλλ’
3241 2911 3386 2973 ὅπως
3423 2907 3488 2961 ἂν
3515 2909 3595 2970 είς
3633 2907 3700 2958 τὸ

448 3005 710 3061 aerumnis
764 3007 1110 3076 miseriisque
1149 3006 1350 3062 referta
1392 3009 1465 3062 sit
1513 3011 1825 3064 mortalium
1877 3012 2012 3076 vita,

2115 3011 2360 3082 διηνεκὲς
2389 3009 2695 3082 παραμένοι
2719 3006 2912 3068 ταῦτα,
2939 3005 3037 3077 τὴν
3078 3001 3311 3074 σπουδὴν
3345 2997 3698 3073 περιποιοῦν-

445 3109 627 3156 tamen
659 3115 753 3155 eas
783 3099 1092 3171 perferendi
1115 3103 1512 3158 consuetudine
1544 3104 1624 3159 sic
1647 3103 1826 3158 affecti
1862 3114 2012 3169 sunt,

442 3197 504 3242 ut
533 3188 749 3244 vivendi
803 3205 1012 3244 moram
1071 3205 1179 3244 non
1208 3191 1320 3260 jam
1390 3191 1492 3244 sibi
1539 3197 1599 3244 ut
1647 3191 2013 3246 necessariam

443 3281 783 3336 tolerandam
818 3282 1171 3348 existiment,
1223 3283 1316 3338 sed
1369 3283 1516 3336 onmi
1565 3282 1750 3338 studio
1793 3291 2018 3337 conten-

444 3371 604 3437 dunt,
638 3381 692 3428 et
723 3381 1005 3443 exoptant,
1040 3387 1100 3429 ut
1125 3385 1382 3445 perpetua
1428 3375 1520 3430 sit.
1562 3375 1698 3430 Nam
1745 3377 2017 3446 cupiditas

445 3463 810 3535 principatus,
841 3474 896 3519 et
926 3481 1114 3535 opum,
1171 3475 1225 3520 et
1281 3468 1648 3538 voluptatum,
1683 3477 1737 3523 et
1781 3469 1824 3523 si
1887 3469 2016 3538 quid

449 3555 596 3610 aliud
627 3565 891 3625 praeterea
939 3566 1058 3621 est,
1105 3558 1464 3628 quamobrem
1510 3574 1660 3614 arma
1705 3561 2016 3630 capiantur,

449 3654 712 3716 gerantur
745 3645 906 3712 bella,
938 3648 1115 3704 caedes
1153 3650 1300 3712 ﬁant,
1330 3664 1630 3720 omnesque
1660 3652 1895 3705 miseria:
1925 3667 2021 3706 vo-

449 3742 701 3800 luntaria
736 3745 1079 3816 contingant,
1119 3753 1174 3800 et
1211 3744 1428 3800 fraudes
1467 3745 1848 3812 admittantur,
1889 3748 2020 3818 quid

451 3835 600 3890 aliud
645 3844 798 3901 sunt,
859 3837 966 3892 nisi
1019 3838 1275 3892 cumulus
1328 3837 1549 3907 quidam
1622 3839 2018 3905 calamitatum,

453 3942 614 3997 quem
657 3927 781 3984 vitae
810 3943 908 3998 per
958 3944 1017 3984 se
1067 3929 1283 3984 miserm
1333 3929 1632 3992 voluntate,
1689 3930 1899 3994 studio,
1959 3943 2023 3984 ac

454 4021 682 4077 libidine
711 4037 810 4077 sua
843 4022 1095 4078 infelices
1127 4022 1464 4093 adjungunt?
1492 4022 1756 4077 Caeterum
1793 4038 1892 4076 nec
1941 4022 2022 4076 la-

453 4112 736 4183 crymandi
766 4113 870 4176 vis,
907 4128 1008 4168 nec
1037 4113 1142 4166 ulla
1168 4112 1440 4182 ejusmodi
1470 4111 1684 4166 affectio
1735 4113 1892 4167 adest
1953 4113 2023 4167 iis

455 4206 550 4276 qui
579 4221 648 4262 ex
679 4207 784 4262 hac
815 4207 928 4262 vita
955 4207 1262 4276 migrarunt
1290 4225 1303 4260 :
1333 4217 1386 4260 et
1415 4206 1506 4276 qui
1536 4222 1564 4258 a
1600 4223 1765 4261 carne
1804 4217 1859 4262 et
1897 4223 2026 4262 sau-

457 4297 622 4367 guine
655 4297 890 4368 sejuncti
931 4306 1082 4362 sunt,
1116 4314 1224 4352 non
1263 4299 1424 4362 mole,
1471 4299 1565 4353 sed
1617 4308 1799 4354 mente
1836 4300 2025 4355 consi-

459 4397 632 4444 stunt.
665 4389 852 4460 Itaque
879 4405 986 4445 non
1027 4405 1089 4444 ea
1118 4391 1228 4458 jam
1261 4398 1345 4444 est
1407 4391 1656 4460 ipsorum
1709 4399 1926 4456 natura,
1969 4399 2029 4446 ut

461 4493 564 4533 nos
593 4479 771 4534 oculis
809 4494 1072 4542 cernere,
1119 4487 1214 4532 aut
1263 4495 1360 4550 per
1402 4495 1460 4536 se
1505 4496 1726 4536 monere
1773 4483 2030 4538 mortales

383 4611 393 4624 .
461 4577 688 4638 queant,
719 4583 829 4640 quo
859 4585 888 4622 a
917 4569 1074 4632 falsa,
1109 4585 1275 4639 quam
1323 4569 1390 4625 de
1426 4571 1588 4627 rebus
1629 4572 1850 4637 habent,
1913 4575 2033 4643 opi-

463 4661 629 4715 nione
649 4661 940 4716 desistant.
971 4661 1338 4727 Quamobrem
1372 4679 1560 4718 eorum
1607 4681 1834 4720 munere
1875 4681 2031 4720 mens

465 4763 653 4810 nostra
685 4753 964 4824 fungatur,
988 4771 1199 4826 nosque
1228 4768 1593 4812 commoneat.
1625 4757 1706 4810 Ab
1738 4757 1872 4826 ipsis
1907 4773 2032 4811 cor-

466 4848 714 4920 poribus,
741 4847 922 4918 quoad
955 4848 1067 4904 ﬁeri
1099 4857 1295 4919 potest,
1337 4849 1668 4920 cogitatione
1711 4862 1873 4920 atque
1909 4853 2031 4903 ani-

467 4956 556 4996 mo
593 4940 936 5006 recedamus,
966 4949 1336 5011 exuentesque
1359 4957 1460 4996 nos
1491 4957 1554 4995 ea
1588 4941 1893 5006 affectione,
1925 4958 2034 5012 qua

425 5019 432 5076 ἶ
467 5048 688 5089 carnem
711 5034 1147 5104 complectimur,
1199 5035 1275 5088 ita
1311 5049 1412 5088 nos
1453 5033 1556 5103 ipsi
1603 5033 2032 5103 compellemus:

467 5125 515 5180 Ο
545 5127 728 5191 homo,
764 5128 859 5197 qui
895 5137 1105 5182 natura:
1141 5127 1414 5197 particeps
1452 5143 1535 5194 es,
1566 5125 2030 5197 quemadmodum

471 5219 651 5276 Moses
675 5223 956 5292 praecepit,
989 5223 1208 5277 attende
1232 5221 1351 5288 tibi,
1383 5237 1551 5276 nosce
1575 5229 1628 5276 te
1671 5221 1872 5291 ipsum,
1911 5222 2034 5275 ani-

473 5327 672 5382 moque
693 5313 983 5385 diligenter
1027 5315 1336 5380 considera,
1369 5315 1591 5384 quinam
1626 5331 1754 5370 vere
1818 5315 1896 5372 sis
1954 5326 2033 5379 tu,

473 5409 530 5458 et
571 5417 691 5471 quae
727 5404 873 5459 circa
897 5413 952 5461 te
985 5405 1302 5470 vidcantur,
1333 5419 1402 5460 ne
1436 5404 1655 5475 quando
1678 5445 1693 5467 ,
1733 5421 1854 5476 qua:
1883 5415 2039 5460 extra

478 5498 702 5554 insunt.
741 5492 1031 5563 aspiciens,
1059 5503 1218 5565 putes
1255 5501 1308 5552 te
1347 5493 1524 5566 ipsum
1561 5496 1780 5551 intueri.
1819 5494 1976 5551 Disce
2010 5510 2038 5548 a

557 5667 966 5736 'Matth.v,8.
1519 5711 1654 5746 ,;.
1737 5715 1774 5738 ,ς
1827 5699 2048 5737 :..._:

2116 3123 2226 3158 ται.
2261 3105 2327 3157 Ἦ
2353 3103 2462 3174 γάρ
2494 3101 2621 3174 περὶ
2651 3099 2752 3162 τὰς
2788 3096 3106 3158 δυναστείας
3134 3111 3194 3148 τε
3233 3094 3329 3148 καὶ
3362 3090 3696 3157 πλεονεξίας,

2117 3198 2210 3253 καὶ
2247 3199 2344 3261 τάς
2376 3191 2782 3254 ἀπολαυπικάς
2809 3189 3012 3253 ταύτας
3037 3185 3370 3258 λαιμαργίας
3395 3181 3660 3254 ἐπιθυμία
3681 3220 3698 3243 ,

2117 3291 2212 3344 καὶ
2251 3289 2303 3342 εί
2327 3305 2380 3341 τι
2417 3287 2543 3342 ἄλλο
2588 3281 2828 3338 τοιοῦτον
2864 3279 3257 3344 σπουδάζεται,
3289 3271 3365 3331 ὧν
3397 3275 3556 3346 χάριν
3601 3273 3704 3326 καὶ·

2117 3381 2286 3445 ὅπλα,
2329 3379 2423 3433 καὶ
2467 3377 2724 3444 πόλεμοι,
2761 3375 2858 3429 καὶ
2901 3370 3298 3443 ἀλληλοφονίαι,
3339 3367 3435 3421 καὶ
3471 3367 3621 3419 πάσα
3663 3367 3699 3436 ἡ

2120 3473 2381 3536 ἑκουσίως
2409 3468 2777 3542 ἐνεργουμένη
2806 3463 3146 3534 ταλαιπωρία
3179 3462 3272 3515 καὶ
3301 3457 3572 3526 δολιότης,
3606 3457 3702 3509 οὖ-

2119 3567 2206 3618 δὲν
2239 3563 2386 3624 ἄλλο,
2419 3561 2452 3632 ἣ
2495 3560 2696 3629 σωρεία
2728 3557 2813 3619 τίς
2842 3557 2955 3609 ἐστι
2989 3551 3304 3625 συμφορῶν,
3345 3552 3410 3628 ὲκ
3441 3548 3705 3620 προαιρέ-

2123 3674 2258 3719 σεως
2282 3655 2418 3724 μετά
2439 3652 2673 3722 σπουδῆς
2695 3667 2756 3704 τε
2769 3650 2861 3704 καὶ
2879 3647 3182 3720 προθυμίας
3203 3640 3600 3712 ὲπεισαγομένη
3619 3638 3710 3708 τῷ

2124 3750 2243 3820 βίῳ.
2283 3745 2444 3800 Ἀλλά
2469 3743 2718 3817 δακρύων
2751 3742 2848 3812 μὲν
2879 3744 2936 3794 ὲν
2959 3742 3070 3802 τοῖς
3095 3735 3500 3807 κατοιχομένοις
3529 3731 3704 3798 πάθος

2122 3844 2221 3896 οὐκ
2244 3841 2408 3904 ἐστιν,
2439 3839 2522 3892 ὅτι
2545 3837 2665 3909 μηδ’
2696 3835 2822 3890 ἄλλο
2842 3852 2895 3888 τι
2923 3833 3112 3895 πάθος,
3135 3829 3260 3893 νοῦς
3279 3830 3336 3882 δὲ
3355 3827 3449 3880 καὶ
3483 3824 3704 3895 πνεῦμα

2122 3933 2499 4004 τυγχάνοντες,
2526 3925 2612 3982 οἷα
2649 3929 2850 3999 σαρκὸς
2883 3922 3290 3996 ἀπηλλαγμένοι
3321 3919 3412 3973 καὶ
3444 3919 3700 3987 αἵματος,

2122 4027 2234 4088 τοῖς
2273 4027 2339 4092 τῇ
2371 4021 2640 4091 παχύτητι
2667 4017 2761 4072 τοῦ
2792 4016 3039 4087 σώματος
3059 4010 3506 4081 -ὲγκεχωσμένοις
3533 4006 3706 4076 ὀφθῆ-

2126 4137 2211 4172 ναι
2252 4116 2411 4185 φύσιν
2439 4114 2539 4166 οὐκ
2571 4112 2816 4182 ἔχουσιν,
2863 4108 2984 4162 οὐδὲ
3017 4105 3338 4174 νουθετῆσαι
3383 4103 3449 4156 δι’
3491 4099 3706 4154 ἑαυτῶν

2125 4210 2248 4271 τοὺς
2283 4203 2600 4278 ἀνθρώπους
2648 4198 3092 4272 ἀποστῆναι·τῆς
3123 4193 3542 4264 πεπλανημένης
3571 4189 3706 4261 περὶ¹

2129 4301 2236 4353 τῶν
2267 4298 2432 4350 ὄντων
2461 4295 2714 4364 κρίσεως.
2747 4291 2955 4344 Οὐκοῦν
2993 4291 3021 4342 ὁ
3063 4287 3186 4350 νοῦς
3217 4287 3346 4356 ἡμῖν
3383 4285 3410 4336 ὁ
3442 4282 3708 4354 ἡμέτερος

2059 4371 2104 4425 D
2135 4393 2245 4446 ἀντ’
2280 4389 2498 4443 ἐκείνων
2522 4385 2870 4456 διαλεχθήτω,
2907 4383 3000 4436 καὶ
3029 4380 3270 4450 εἴπωμεν
3295 4379 3368 4440 ὼς
3400 4377 3513 4428 ἔστι
3543 4375 3706 4428 δυνα-

2131 4483 2221 4533 τὸν
2256 4480 2360 4545 ἔξω
2389 4479 2496 4530 τῶν
2528 4475 2794 4545 σωμάτων
2823 4475 2888 4542 τῇ
2921 4469 3127 4540 διανοίᾳ
3151 4469 3446 4537 γενόμενοι,
3485 4463 3581 4517 καὶ
3607 4465 3708 4532 τῆς

2133 4571 2270 4642 πρὸς
2302 4569 2398 4640 τὴν
2443 4567 2574 4637 ὓλην
2607 4563 2977 4636 προσπαθείας
3019 4560 3115 4631 τὴν
3143 4558 3321 4629 ψυχὴν
3349 4557 3708 4624 ἀποστήσαν-

2133 4682 2256 4728 τες,
2291 4663 2372 4716 ὅτι
2404 4657 2474 4713 ’Ὦ
2501 4658 2782 4729 ἄνθρωπε,
2827 4656 2936 4718 πᾶς
2979 4654 3008 4706 ὁ
3051 4652 3291 4724 μετέχων
3325 4647 3424 4717 τῆς
3471 4645 3706 4714 φύσεως,

2137 4755 2367 4827 πρόσεχε
2398 4749 2630 4820 σεαυτῷ,
2661 4747 2802 4802 κατά
2825 4746 2885 4798 τὸ
2913 4742 3183 4804 Μωῡσέως
3209 4735 3592 4810 παράγγελμα,
3616 4734 3709 4788 καὶ

2136 4849 2304 4918 γνῶθι
2339 4845 2565 4899 σεαυτὸν
2607 4840 2870 4914 ἀκριϐῶς,
2901 4837 2984 4900 τίς
3013 4832 3084 4897 εἴ,
3113 4829 3418 4893 διαστείλας
3449 4828 3528 4899 τῷ
3561 4827 3708 4896 λογι-

2141 4941 2280 5012 σμῷ,
2307 4941 2360 4992 τί
2393 4939 2487 5008 μὲν
2516 4933 2729 5006 άληθῶς
2752 4927 2803 4984 εἴ
2841 4931 2905 4984 σὺ
2925 4969 2941 4994 ,
2971 4929 3023 4983 τί
3052 4927 3108 4980 δὲ
3139 4925 3267 4996 περὶ
3302 4923 3360 4976 σὲ
3390 4921 3706 4991 καθορᾶται·

2142 5036 2351 5108 μήποτε
2393 5031 2458 5084 τὰ
2495 5027 2597 5094 ἔξω
2643 5026 2735 5080 σοῦ
2779 5024 3008 5095 βλέπων,
3043 5019 3262 5073 σεαυτὸν
3291 5015 3528 5108 καθορᾷν
3565 5012 3708 5083 νομί-

2141 5105 2271 5202 σῃς·
2323 5123 2456 5197 μάθε
2497 5121 2646 5190 παρά
2677 5117 2772 5171 τοῦ
2811 5113 3044 5186 μεγάλου
3081 5110 3292 5165 Παύλου
3332 5107 3424 5161 τοῦ
3453 5105 3524 5202 δι’Δ
3549 5107 3706 5202 ἀκρι-

2141 5197 2291 5286 ϐείας
2339 5214 2745 5286 ὲπεσκεμμένου
2790 5209 2887 5280 τὴν
2933 5207 3111 5276 φύσιν,
3147 5207 3206 5266 ὃς
3262 5219 3428 5272 φησι,
3479 5197 3572 5251 τὸν
3613 5197 3706 5267 μὲν

2140 5311 2336 5379 ἔξωθεν
2355 5307 2512 5380 ἡμῶν
2532 5301 2668 5357 εἶναι
2693 5301 2995 5370 ἄνθρωπον,
3015 5297 3103 5349 τὸν
3132 5295 3186 5348 δὲ
3213 5292 3434 5352 ἔσωθεν,
3453 5287 3703 5342 κάκείνου

2144 5377 2493 5472 φθειρομένου
2541 5395 2727 5449 τοῦτον
2773 5385 3232 5453 ὰνακαινίζεσθαι.
3283 5381 3374 5452 Μὴ
3410 5379 3588 5433 τοίνυν
3619 5377 3704 5429 τὸν

2145 5471 2498 5562 φθειρόμενον
2531 5486 2760 5558 βλέπων,
2787 5480 3008 5536 σεαυτὸν
3035 5476 3222 5550 οἰηθῇς
3248 5473 3482 5544 βλέπειν.
3520 5471 3706 5524 Ἔσται
