3844 6414
71 279 163 335 509

1460 273 1548 328 DE
1612 271 1942 330 MOR'PUIS.

3233 267 3340 327 510

72 397 156 467 μὲν
182 391 294 463 γάρ
329 407 460 444 ram
491 389 712 443 κάκεῖνο
741 387 948 460 φθορᾶς
979 388 1261 460 ἐλεύθερον
1283 427 1300 454 ,
1323 387 1452 443 ὅταν
1497 391 1556 442 ἐν
1583 391 1652 460 τῇ

1757 403 1954 460 magno
2011 385 2198 451 Paulo,
2219 385 2312 456 qui
2351 392 2604 440 naturam
2640 384 2880 441 hominis
2912 384 3072 455 plane
3118 399 3340 456 perspe-
3411 444 3422 448 η

69 480 455 552 παῖιγγενεσίᾳ
481 481 543 534 τὸ
567 481 756 550 θνητόν
773 498 834 534 τε
856 481 950 535 καὶ
970 480 1278 534 εὐδιάλυτον
1312 497 1653 550 μετασκευα-

71 576 160 646 σῡῇ
189 573 334 644 πρὸς
362 572 426 625 τὸ
455 571 724 626 ἀθάνατόν
752 589 812 623 τε
843 573 938 624 καὶ
963 571 1264 625 ἀδιάλυτον.
1306 571 1469 624 Ἀλλά
1492 573 1552 624 τό
1589 589 1653 640 γε

70 665 153 716 νῦν
180 663 300 734 ῥέει
326 662 426 715 καὶ
453 659 734 714 διαπίπτει
762 661 857 712 καὶ
883 659 1166 730 φθείρεται
1191 660 1251 712 τὺ
1275 659 1472 726 ἔξωθεν
1500 661 1656 731 ἡμῶν

70 754 516 826 προφαινόμενον.
557 751 766 805 Οὐκοῦν
797 753 858 804 οὐ
894 752 1030 822 πρὸς
1061 751 1219 804 τοῦτο
1251 750 1357 822 χρὴ
1400 751 1614 820 βλέπειν
1635 791 1651 817 ,

68 850 138 900 ὃτι
162 845 303 916 μηδὲ
325 844 466 916 πρὸς
491 842 619 896 ἄλλο
641 860 693 896 τι
717 842 984 913 προσήκει
1004 843 1114 896 τῶν
1137 841 1478 913 βλεπομένων
1501 842 1653 913 ὁρᾷν.

69 939 246 1000 Οὕτως
302 937 552 998 εἰπόντος
600 933 694 988 τοῦ
741 933 954 988 Παύλου
980 975 995 999 ,
1048 935 1130 988 ὅτι
1189 934 1262 1005 μή
1313 933 1656 988 σκοπούντων

67 1028 216 1099 ἡμῶν
256 1027 329 1080 τὰ
366 1025 675 1097 βλεπόμενα
697 1041 710 1055 ο
743 1024 812 1078 τὰ
845 1025 956 1096 γὰρ
991 1024 1300 1096 βλεπόμενα
1326 1027 1652 1098 πρόσκαιρα,

65 1121 127 1172 τὰ
155 1120 211 1172 δὲ
257 1118 338 1189 μὴ
381 1117 685 1189 βλεπόμενα
726 1116 948 1170 αἰώνια·
993 1118 1108 1171 ἀλλ’
1138 1119 1232 1172 ἐπὶ
1267 1118 1378 1171 τῶν
1410 1119 1656 1192 ἀοράτων

67 1213 119 1264 ὲν
161 1212 301 1280 ἡμῖν
349 1207 660 1278 τρέψαντας
701 1208 799 1278 τὴν
849 1207 1102 1279 Θεωρίαν,
1157 1211 1332 1262 ἐκεῖνο
1380 1209 1655 1263 πιστεύειν

67 1300 282 1370 ἀληθῶς
311 1294 454 1352 εἶναι
480 1299 651 1370 ἡμᾶς,
673 1297 1110 1372 ὃδιαφεύγειτὴν
1137 1299 1457 1372 αἰσθητικὴν
1483 1318 1648 1354 κατα-

67 1392 150 1462 νόη
161 1409 244 1444 σιν
253 1433 271 1446 .

1751 489 1892 532 ctam
1924 487 1978 533 et
2001 477 2276 547 cognitam
2307 476 2561 531 habebat.
2628 476 2718 530 Ait
2758 475 2928 540 enim,
2957 489 3126 529 unum
3157 475 3340 529 homi-

1749 586 1874 626 nem
1896 571 2248 633 exteriorem,
2293 570 2528 624 alterum
2567 568 2905 632 interiorem,
2948 581 3185 636 eumque
3217 580 3342 620 cor-

1751 663 1951 730 rumpi,
1974 663 2122 717 hunc
2145 661 2399 718 renovari
2420 663 2461 713 ².
2499 659 2680 726 Quare
2707 675 2833 714 cum
2867 661 3045 727 illum,
3087 661 3182 731 qui
3212 675 3338 715 cor-

1751 754 2046 824 rumpitur,
2077 753 2294 817 cernis,
2328 753 2567 824 teipsum
2617 753 2864 823 aspicere
2913 768 2983 810 ne
3025 753 3335 809 arbitreris.

1756 843 1824 899 Et
1859 845 1948 900 ille
1976 844 2214 915 quidem;
2239 844 2535 914 aliquando
2562 846 2670 900 erit
2709 860 2739 898 a
2779 847 3132 916 corruptione
3177 847 3337 908 liber,

1756 948 1879 988 cum
1927 935 1982 990 in
2037 935 2452 1006 regeneratione
2488 935 2737 990 mortalis
2768 945 2838 990 et-
2869 936 2961 1007 qui
3018 935 3340 991 dissolvitur

1754 1028 1944 1093 homo,
1999 1043 2126 1083 cum
2200 1029 2516 1092 immortali,
2573 1036 2630 1084 et
2669 1028 2762 1099 qui
2824 1043 2936 1083 non
2995 1029 3339 1093 dissolvitur,

1755 1118 2141 1190 conjungetur.
2183 1117 2340 1173 Nunc
2387 1129 2566 1173 autem
2608 1120 2703 1190 qui
2753 1127 2910 1174 extra
2949 1133 3054 1174 nos
3091 1118 3332 1183 videtur,

1755 1209 1896 1272 ﬁuit,
1928 1209 2191 1274 concidit,
2246 1216 2409 1280 atque
2450 1209 2844 1279 corrumpitur.
2897 1206 2998 1263 Hic
3040 1222 3178 1278 ergo
3217 1223 3342 1277 spe-

1757 1301 1994 1358 ctandus
2034 1317 2142 1357 non
2182 1308 2289 1366 est,
2320 1301 2542 1372 quando
2586 1317 2655 1356 ne
2704 1302 2914 1372 reliqua
2941 1301 3184 1372 quidem,
3217 1315 3340 1370 qua:

1753 1403 2076 1456 cernuntur,
2108 1395 2403 1463 spectanda
2439 1403 2586 1449 sunt.
2612 1393 2903 1460 Quoniam,
2934 1403 2994 1449 ut
3025 1394 3228 1449 Paulus
3259 1393 3340 1447 in-

63 1481 194 1547 quit,
244 1496 426 1551 neque
475 1489 689 1552 oportet
723 1482 1076 1538 considerare
1127 1497 1248 1552 quae
1283 1483 1573 1549 videntur;
1612 1501 1736 1558 quae
1787 1485 1933 1542 enim
1979 1483 2233 1540 videntur
2277 1485 2610 1556 temporaria
2643 1494 2792 1548 sunt,
2839 1499 2962 1555 quae
3003 1491 3184 1537 autem
3229 1496 3340 1538 non

63 1572 336 1636 Videntur,
376 1571 636 1627 atterna'.
678 1574 900 1644 Oportet
939 1583 1142 1641 autem,
1167 1580 1228 1628 ut
1265 1574 1648 1644 cegitationem
1676 1578 1743 1632 ad
1764 1592 1850 1639 ea,
1883 1591 2004 1646 quae
2034 1579 2091 1631 in
2118 1577 2277 1632 nobis
2308 1593 2418 1631 non
2449 1575 2720 1644 videntur,
2749 1583 3153 1640 convertamus,
3178 1573 3342 1646 idque

61 1678 152 1721 nos
191 1679 332 1720 vere
359 1682 482 1722 esse
514 1666 822 1732 credamus,
857 1665 1003 1737 quod
1031 1681 1228 1722 sensus
1258 1667 1626 1738 cognitionem
1651 1670 1859 1743 eﬁ'ugit.

123 1759 162 1812 Γ
166 1759 425 1831 ενὼμεθα
447 1761 649 1825 τοίνυν,
675 1761 815 1815 κατὰ
841 1761 932 1814 τὸν
959 1760 1300 1833 παροιμιώδη
1323 1762 1500 1831 λόγον,
1523 1765 1650 1816 ἑαυ-
1685 1779 1729 1837 Β

61 1852 160 1904 τῶν
194 1851 503 1923 γνώμονες,
529 1853 603 1905 Τὸ
628 1852 735 1924 γὰρ
760 1853 952 1906 ἑαυτὸν
973 1853 1198 1922 γνῶναι,
1228 1854 1523 1926 καθάρσιον
1545 1857 1653 1909 τῶν

61 1946 119 1995 ἐκ
146 1944 253 2014 τῆς
303 1943 528 2012 ἀγνοίας
565 1943 1053 2016 πλημμελημάτων
1086 1945 1316 2013 γίνεται.
1369 1947 1506 2000 Ἀλλ’
1553 1947 1654 2000 οὐκ

62 2035 166 2087 ἔστι
187 2035 378 2106 ῥᾴδιον
413 2035 602 2090 ἑαυτὸν
628 2035 860 2088 κατιδεῖν
891 2035 1231 2107 βουλόμενον,
1261 2038 1334 2109 μή
1360 2055 1503 2102 τινος
1531 2040 1653 2092 ἐπι-

61 2126 200 2190 νοίας
231 2127 463 2181 δυνατὸν
490 2127 752 2198 ποιούσης
777 2129 908 2198 ἡμῖν
940 2127 1000 2180 τὸ
1027 2128 1309 2182 ἀδύνατον.
1337 2129 1515 2200 Ὅπερ
1544 2130 1654 2202 γὰρ

60 2221 146 2272 ἐπὶ
177 2220 292 2272 τῶν
328 2219 660 2290 σωματικῶν
690 2220 983 2290 ὀφθαλμῶν
1026 2223 1059 2291 ἡ
1101 2221 1262 2290 φύσις
1296 2223 1573 2292 ἐποίησεν,
1602 2225 1652 2277 οἳ

60 2314 232 2366 πάντα
265 2313 336 2366 τὰ
367 2312 504 2367 ἄλλα
540 2311 853 2383 βλέποντες,
886 2313 1097 2367 ἑαυτῶν
1125 2314 1345 2368 ἀθέατοι
1378 2315 1649 2386 μένουσιψ

59 2407 143 2456 τὸν
169 2402 338 2456 αὐτὸν
368 2403 569 2474 τρόπον
597 2405 693 2458 καὶ
721 2405 753 2474 ἡ
782 2403 949 2476 ψυχὴ,
984 2405 1160 2458 πάντα
1188 2405 1254 2458 τά
1281 2404 1416 2459 ἄλλα
1445 2406 1653 2478 διερευ-

62 2498 316 2568 νωμένη,
352 2497 448 2549 καὶ
480 2495 551 2550 τά
599 2496 704 2561 ἔξω
742 2496 943 2565 ἑαυτῆς
981 2483 1510 2567 πολυπραγμονοῦσα
1559 2497 1654 2550 καὶ¹

60 2589 457 2659 ἀνιχνεύουσα,
508 2588 707 2657 ἑαυτὴν
763 2589 889 2642 ἰδεῖν
934 2588 1211 2652 ἀδυνάτως
1260 2588 1396 2659 ἔχει.
1445 2587 1654 2643 υύκοῦν

60 2685 190 2752 ὅπερ
219 2681 317 2734 ἐπὶ
359 2680 470 2733 τῶν
509 2679 803 2750 ὀφθαλμῶν
831 2679 1038 2748 γίνεται
1062 2721 1076 2746 ,
1107 2679 1266 2733 τοῦτο
1295 2681 1391 2733 καὶ
1436 2681 1468 2750 ἠ
1506 2679 1652 2750 ψυχὴ

65 2772 424 2845 μιμησάσθω.
458 2773 568 2826 Καὶ
601 2771 710 2842 γὰρ
736 2771 1001 2838 κάκεῖνοι,
1033 2771 1218 2843 ἐπειδὴ
1248 2771 1348 2825 οὐκ
1376 2771 1522 2825 ἔστιν
1565 2772 1653 2825 αύ-

62 2865 167 2928 τοῖς
220 2867 289 2918 ἐκ
329 2865 548 2934 φύσεως
579 2862 808 2934 δύναμις
856 2863 991 2934 πρὸς
1037 2864 1136 2935 τὴν
1171 2864 1379 2917 ἑαυτῶν
1417 2863 1652 2935 θεωρίαν

61 2959 152 3028 τὴν
174 2955 415 3024 όπτικὴν
444 2957 722 3028 ἐνέργειαν
751 2956 1121 3026 ἀναστρέψαι,
1146 2956 1241 3009 καὶ
1271 2957 1495 3020 ἑαυτοὺς
1525 2974 1655 3010 κατ⁸

64 3050 210 3113 ιδεῖν,
242 3048 539 3118 κατόπτρῳ
586 3048 647 3101 τὸ
687 3042 827 3111 εἶδός
855 3065 914 3100 τε
949 3047 1044 3100 καὶ
1075 3047 1136 3100 τὸ
1173 3047 1360 3118 σχῆμα
1395 3048 1489 3100 τοῦ
1526 3049 1652 3102 ἰδίου

62 3140 393 3211 θεασάμενοι
435 3137 674 3201 κύκλου,
719 3139 808 3191 διὰ
841 3138 940 3208 τῆς
985 3139 1192 3201 εἰκόνος
1243 3138 1469 3201 ἑαυτοὺς
1521 3138 1653 3192 καθ·

61 3233 283 3304 ορῶσιν.
334 3230 497 3284 Οὕτω
537 3231 642 3302 χρὴ
686 3231 780 3304 καὶ
822 3230 920 3300 τὴν
969 3229 1146 3300 ψυχὴν
1192 3229 1328 3299 πρὸς
1375 3227 1474 3298 τὴν
1517 3228 1651 3282 ἰδίαν

61 3299 270 3379 ἀπιδεῖν
303 3323 512 3387 εἰκόνα,
668 3299 804 3392 ὅπερ
836 3299 901 3374 ἂν
933 3321 1018 3394 ίδῃ
1051 3299 1111 3374 ἐν
1136 3320 1213 3391 τῷ
1251 3320 1580 3392 χαρακτῆρι,
1609 3314 1652 3388 ᾦ

63 3416 450 3488 ἀερωμοίωται,
474 3415 550 3478 ὡς
573 3414 703 3468 ίδιον
727 3412 925 3484 ἑαυτῆς
946 3412 1101 3465 τοῦτο
1124 3412 1444 3466 θεάσασθαι.
1489 3410 1651 3465 Ἀλλά

63 3507 260 3579 μικρὸν
291 3505 601 3570 ὑπαλλάξαι
630 3523 682 3558 τι
716 3505 980 3575 προσήκει
1009 3503 1101 3557 τοῦ
1126 3503 1544 3574 ὑποδείγματος,
1567 3504 1652 3556 ἵνα

59 3597 320 3668 οἰκειωθῇ
353 3595 432 3666 τῷ
457 3595 600 3666 λόγῳ
623 3594 685 3648 τὸ
713 3595 805 3664 νόη
817 3612 910 3663 μα.
956 3593 1077 3646 Ἐπὶ
1111 3593 1208 3664 μὲν
1233 3592 1342 3664 γὰρ
1371 3593 1470 3662 τῆς
1497 3593 1554 3645 ὲν
1577 3591 1653 3663 τῷ

62 3689 361 3759 κατόπτρῳ
393 3688 636 3759 μορφῆς,
664 3687 697 3757 ἡ
735 3685 897 3740 εἰκὼν
925 3686 1061 3756 πρὸς
1094 3686 1154 3738 τὸ
1184 3686 1491 3756 ἀρχέτυπον
1525 3703 1654 3756 σχη-

66 3782 390 3852 ματίζεται·
449 3782 539 3834 ἐπὶ
586 3781 642 3835 δὲ
688 3780 782 3833 τοῦ
819 3783 918 3851 τῆς
968 3780 1144 3850 ψυχῆς
1185 3780 1550 3851 χαρακτῆρος,
1592 3780 1653 3833 τὸ

61 3874 305 3946 ἔμπαλιν
343 3874 710 3944 νενοήκαμενο
750 3871 891 3924 κατά
936 3870 1044 3942 γὰρ
1072 3871 1131 3924 τὸ
1171 3870 1312 3924 θεῖον
1351 3871 1565 3934 κάλλος,
1593 3871 1654 3924 τὸ

61 3966 156 4035 τῆς
189 3965 376 4035 ψυχῆς
404 3958 542 4027 εἶδος
570 3963 990 4027 ἀπεικονίζεται.
1028 3962 1237 4015 Οὐκοῦν
1265 3963 1393 4015 ὅταν
1426 3962 1562 4033 πρὸς
1594 3961 1654 4014 τὸ

61 4055 378 4126 ἀρχέτυπον
420 4054 619 4123 ἑαυτῆς
650 4051 822 4123 βλέπῃ
853 4053 886 4121 ἡ
922 4051 1089 4123 ψυχὴ,
1120 4051 1241 4104 τότε
1271 4051 1338 4104 δι’
1369 4051 1652 4121 ἀκριϐείας

64 4147 269 4220 ἑαυτὴν
309 4147 538 4218 καθορᾷ.
573 4146 637 4198 Τί
683 4146 862 4199 τοίνυν
900 4146 1015 4198 ἐστὶ
1047 4145 1108 4197 τὸ
1150 4145 1332 4208 Θεῖον,
1443 4146 1476 4214 ἡ
1508 4143 1652 4214 ψυχὴ

61 4241 528 4314 προσωμοίωταις
569 4240 644 4293 Ού
683 4238 864 4310 σῶμα,
895 4239 956 4291 οὐ
993 4237 1202 4308 σχῆμα,
1244 4238 1343 4291 οὐκ
1393 4234 1552 4299 εἶδος,
1592 4237 1652 4288 ού

63 4335 394 4406 πηλικότης,
443 4334 544 4386 οὐκ
584 4332 897 4396 ἀντιτυπία,
946 4332 1008 4384 ού
1052 4332 1244 4403 βάρος,
1275 4331 1335 4382 οὐ
1379 4330 1560 4393 τόπος,
1593 4329 1651 4382 ού

62 4428 283 4498 χρόνος,
325 4427 429 4479 οὐκ
474 4425 603 4479 ἄλλο
629 4442 682 4477 τι
730 4422 970 4476 τοιοῦτον
1007 4423 1180 4485 οὐδὲν,
1210 4421 1274 4474 δι’
1314 4416 1387 4474 ὧν
1412 4423 1446 4491 ἡ
1497 4421 1654 4492 ὑλικὴ

64 4522 248 4583 κτίσις
297 4518 657 4590 γνωρίζεταιο
715 4517 850 4571 ἀλλά
904 4516 1120 4569 πάντων
1168 4514 1369 4567 τούτων
1418 4514 1654 4566 καὶτῶν

68 4612 332 4666 τοιούτων
378 4610 812 4682 ὑφαῳεθέντων,
863 4608 1048 4679 νοερόν
1093 4624 1145 4660 τι
1196 4606 1292 4660 καὶ¹
1342 4606 1521 4664 ἀῦλον,
1563 4607 1668 4658 καὶ.

75 4705 308 4776 ἀναφὲς,
337 4705 433 4757 καὶ
470 4702 794 4774 ἀσώματον,
830 4701 922 4754 καὶ
955 4699 1274 4754 ἀδιάστατον
1305 4697 1409 4768 χρὴ
1442 4697 1656 4758 πάντως

70 4801 216 4852 νοεῖν
245 4797 310 4852 τὸ
343 4795 682 4865 λειπόμενον.
713 4795 778 4848 Εἰ
807 4793 985 4847 τοίνυν
1023 4783 1264 4852 τοιοῦτος
1302 4793 1331 4842 ὁ
1373 4787 1654 4858 χαρακτὴρ

66 4892 164 4944 τοῦ
207 4889 520 4960 ἀρχετύπου
561 4885 1074 4956 καταλαμϐάνεται,
1109 4881 1398 4937 ἀκόλουθον
1439 4880 1654 4944 πάντως

69 4983 212 5037 κατὰ
251 4981 316 5034 τὸ
348 4977 488 5043 εἶδος
519 4981 694 5032 ἐκεῖνο
729 4975 1167 5049 μεμορφωμένην
1210 4973 1307 5044 τὴν
1348 4972 1524 5043 ψυχὴν
1567 4973 1654 5027 διὰ

67 5076 181 5128 τῶν
235 5073 422 5126 αὐτῶν
473 5072 838 5142 χαρακτήρων
886 5067 1321 5137 ἐπιγνωσθῆναι·
1371 5065 1510 5119 ὥστε
1565 5066 1656 5118 καὶ

67 5166 279 5236 ταύτην
308 5163 472 5218 ἄῦλόν
502 5179 561 5214 τε
591 5157 730 5214 εἷναι
757 5161 851 5214 καὶ
879 5159 1034 5228 ἀειδῆ
1059 5159 1152 5211 καὶ
1177 5155 1367 5229 νοεράν
1395 5156 1488 5209 καὶ
1516 5155 1659 5208 ἀσώ-

70 5278 264 5331 ματον.
290 5255 651 5326 Λογισώμεθα
673 5255 852 5310 τοίνυν
878 5254 1007 5308 πότε
1039 5251 1239 5323 μᾶλλον
1266 5250 1344 5320 τῷ
1368 5249 1658 5321 ἀρχετύπῳ

68 5353 258 5407 κάλλει
300 5347 653 5420 προσεγγίζει
695 5349 728 5416 ἡ
769 5344 1085 5417 ἀνθρωπίνη
1135 5343 1327 5411 φύσις,
1371 5343 1428 5394 ὲν
1465 5341 1542 5410 τῷ
1572 5341 1658 5394 διά

68 5444 279 5509 σαρκὸς
327 5442 450 5512 ζῇν,
487 5441 521 5510 ἢ
579 5440 706 5493 ὅταν
757 5437 862 5503 ἔξω
894 5435 1096 5506 ταύτης
1143 5432 1446 5504 γενώμεθα.
1501 5432 1657 5486 ’Λλλά

65 5536 235 5591 παντὶ
275 5533 437 5604 δῆλον
479 5532 540 5586 τὸ
584 5529 822 5584 τοιοῦτόν
865 5531 1010 5582 ἐστιν
1037 5569 1050 5593 ,
1092 5528 1174 5581 ὅτι
1216 5525 1404 5597 ὥσπερ
1452 5527 1484 5597 ἡ
1521 5524 1655 5597 σὰρξ

137 5718 160 5749 ¹
199 5713 246 5772 ll
273 5713 402 5770 Cor.
431 5729 504 5777 Iv,
547 5712 631 5769 16.
711 5713 730 5744 ³
758 5712 888 5767 ibid.
932 5713 1012 5767 18.

1827 1763 1939 1820 Nos
1989 1764 2155 1836 igitur
2216 1764 2386 1832 ipsos,
2453 1770 2513 1816 ut
2541 1762 2888 1832 proverbium
2923 1761 3101 1832 jubet,
3134 1776 3341 1832 cogno-

1754 1869 1995 1909 scamus.
2059 1853 2172 1907 llac
2201 1854 2345 1906 enim
2381 1853 2693 1925 cognitione
2757 1853 3047 1923 expiantur
3087 1862 3337 1922 peccata,

1753 1963 1874 2018 quae
1912 1947 1980 2001 ab
2004 1945 2314 2016 ignorantia
2343 1944 2787 2016 proﬁciscuntur.
2811 1946 2880 1997 At
2902 1959 3014 1998 non
3041 1951 3125 1999 est
3149 1943 3333 2008 facile,

1754 2049 1814 2094 ut
1840 2039 2004 2095 etiam
2033 2039 2101 2102 is,
2133 2037 2225 2107 qui
2257 2052 2383 2092 vere
2414 2047 2578 2107 atque
2607 2051 2674 2090 ex
2709 2035 2893 2089 animo
2916 2037 3067 2106 cupit
3092 2037 3332 2106 seipsum

1755 2147 2110 2204 cognoscere,
2139 2131 2192 2185 id
2220 2142 2570 2198 assequatur.
2600 2128 2757 2182 Nulla
2780 2129 2925 2183 enim
2948 2129 3091 2183 ratio
3121 2129 3336 2194 tribuit,

1754 2232 1835 2289 ut,
1868 2223 2014 2294 quod
2049 2223 2162 2276 ﬁeri
2202 2222 2414 2292 nequit,
2457 2220 2597 2275 eﬁici
2632 2221 2827 2292 possit.
2874 2219 3010 2275 Nam
3041 2221 3187 2291 quod
3237 2235 3338 2275 na-

1753 2323 1878 2370 tura
1910 2315 2192 2384 corporeis
2227 2314 2404 2368 oculis
2455 2312 2644 2366 datum
2689 2320 2795 2377 est,
2857 2321 2913 2366 ut
2947 2327 3073 2366 cum
3128 2313 3338 2384 reliqua

1753 2407 1996 2472 videant,
2025 2407 2189 2478 seipsi
2223 2416 2497 2477 nequeant
2527 2405 2752 2468 intueri,
2796 2405 2938 2460 idem
2980 2405 3164 2459 animo
3205 2420 3339 2459 con-

1754 2500 1937 2570 tingit,
1966 2507 2046 2561 ut,
2078 2514 2202 2554 cum
2237 2506 2435 2553 caetera
2464 2497 2650 2552 omnia
2690 2497 2957 2566 exploret,
2989 2503 3044 2551 et
3088 2512 3212 2566 quae
3239 2510 3336 2550 ex—

1756 2598 1840 2645 tra
1869 2606 1928 2646 se
1955 2597 2104 2653 sunt,
2135 2589 2426 2658 diligenter
2465 2588 2728 2658 inquirat,
2781 2595 2834 2642 et
2880 2588 3228 2658 pervestiget,
3279 2603 3338 2643 se

1755 2685 1874 2755 ipse
1921 2681 2112 2738 videre
2143 2697 2255 2736 non
2314 2681 2507 2751 possit.
2551 2679 2736 2750 itaque
2787 2679 2890 2734 hac
2923 2679 2980 2734 in
3035 2694 3095 2734 re
3123 2679 3337 2735 animus

1755 2774 1944 2831 oculos
1978 2773 2241 2836 imitetur,
2277 2787 2342 2826 ac
2383 2771 2976 2842 quemadmodum‘illi,
2999 2785 3124 2825 cum
3155 2785 3185 2824 a
3233 2786 3336 2824 na-

1755 2875 1879 2922 tura
1913 2880 2023 2921 non
2053 2865 2292 2920 habeant
2332 2879 2452 2920 eam
2512 2863 2854 2927 facultatem,
2890 2871 2950 2916 ut
3010 2863 3335 2934 semetipsos

1755 2958 1811 3013 in
1860 2973 1919 3014 se
1950 2965 2334 3012 convertentes
2383 2955 2674 3025 aspiciant,
2711 2956 2948 3024 speciem
2981 2968 3046 3010 ac
3100 2953 3335 3009 formam

1756 3049 1966 3121 proprii
1991 3049 2140 3105 orbis
2193 3049 2248 3102 in
2284 3047 2510 3119 speculo
2545 3047 2876 3117 conspicati,
2911 3062 3008 3117 per
3041 3047 3336 3118 imaginem

1678 3151 1721 3209 C
1756 3139 1904 3194 illam
1933 3155 2056 3196 sese
2084 3139 2470 3209 conspiciunt:
2507 3139 2588 3194 sic
2622 3140 2786 3193 etiam
2813 3138 2928 3207 ipse
2958 3137 3023 3192 ad
3057 3137 3334 3208 propriam

1754 3233 2045 3301 imaginem
2077 3248 2138 3289 se
2171 3239 2563 3295 convertat,—et
2591 3232 2737 3302 quod
2794 3231 2851 3286 in
2899 3232 3218 3302 exemplari,
3266 3231 3334 3285 ad

1754 3325 1916 3396 cujus
1941 3325 2366 3382 similitudinem
2399 3327 2580 3381 factus
2613 3333 2720 3391 est,
2744 3324 2965 3388 viderit,
3003 3324 3239 3395 idipsutn
3266 3333 3330 3379 ut

1754 3415 2034 3486 proprium
2063 3415 2482 3486 contempletur,
2515 3421 2569 3469 et
2605 3429 2788 3469 suum.
2842 3413 2924 3469 Ab
2953 3414 3204 3484 exemplo
3249 3421 3335 3468 ta-

1755 3521 1878 3561 men
1921 3507 2025 3561 hoc
2071 3507 2356 3578 paululum
2394 3513 2480 3562 est
2531 3505 2949 3571 discedendum,
2988 3515 3047 3561 ut
3090 3523 3179 3563 res
3215 3507 3331 3575 ipsa

1754 3597 2038 3668 proposito
2078 3607 2364 3669 congruat.
2410 3596 2543 3650 Nam
2596 3598 2797 3668 imago,
2847 3612 2968 3667 quae
3014 3599 3066 3652 in
3118 3598 3330 3668 speculi

1754 3691 1929 3744 forma
1960 3691 2320 3760 conspicitur,
2357 3689 2426 3744 ad
2488 3690 2632 3745 oculi
2679 3692 2958 3760 exemplar
3009 3691 3332 3760 efﬁngitur;

1756 3781 1809 3836 in
1833 3783 2000 3837 animi
2024 3799 2154 3839 vero
2175 3784 2413 3855 imagine
2437 3793 2628 3838 contra
2653 3781 2730 3836 ﬁt.
2757 3781 2934 3853 lpsius
2957 3784 3103 3839 enim
3125 3783 3335 3852 species

1755 3875 1820 3928 ad
1853 3875 2050 3930 divina:
2077 3876 2506 3944 pulchritudinis
2537 3877 2771 3932 formam
2808 3877 3010 3942 efﬁcta,
3042 3891 3333 3946 expressa-

1754 3980 1860 4034 que
1895 3973 1997 4020 cst.
2031 3966 2220 4035 Itaque
2267 3974 2381 4021 tum
2414 3983 2540 4022 vere
2593 3968 2772 4036 seipse
2803 3967 3060 4037 perspicit
3092 3968 3331 4031 animus,

1754 4073 1877 4111 cum
1909 4059 2187 4126 exemplar
2216 4060 2458 4112 intuetur
2496 4059 2604 4114 sui.
2640 4058 2782 4124 Quid
2829 4059 2996 4128 igitur
3026 4058 3172 4114 Deus
3223 4067 3330 4126 est,

1754 4148 1911 4212 cuius
1944 4148 2352 4204 similitudinem
2407 4150 2622 4205 animus
2673 4148 2884 4204 refert?
2927 4165 3038 4203 nou
3091 4165 3320 4219 corpus,

1758 4257 1868 4294 non
1906 4239 2100 4308 ﬁgura,
2133 4254 2242 4294 non
2280 4240 2513 4309 species,
2553 4255 2661 4294 non
2691 4241 2952 4310 qualitas,
3002 4255 3111 4294 non
3160 4242 3334 4297 moles

1755 4348 1970 4403 aspera,
2013 4347 2120 4386 non
2154 4331 2394 4403 pondus,
2427 4348 2536 4386 non
2568 4333 2746 4395 locus,
2781 4347 2888 4387 non
2939 4340 3178 4402 tempus,
3219 4348 3328 4388 non

1758 4426 1902 4480 aliud
1938 4424 2219 4495 quidpiam
2237 4439 2451 4488 eorum,
2483 4440 2547 4480 ex
2581 4424 2784 4494 quibus
2809 4439 2873 4479 ea
2911 4441 3032 4494 quae
3055 4440 3122 4480 ex
3152 4433 3331 4478 mate-

1688 4499 1729 4552 ί)
1759 4519 1837 4570 ria
1868 4523 1997 4571 sunt
2030 4525 2338 4585 procreata,
2374 4523 2803 4584 cognoscuntur.
2829 4514 2935 4570 Sed
2965 4515 3054 4570 his
3074 4515 3331 4570 omnibus

1752 4623 2052 4679 carumque
2087 4607 2361 4664 similibus
2403 4607 2565 4663 rebus
2599 4607 2886 4669 submotis,
2925 4615 3008 4662 est
3049 4606 3362 4676 quiddam,

1752 4701 1896 4772 quod
1922 4709 2104 4755 mente
2136 4705 2378 4762 constat,
2439 4699 2789 4767 materiaeque
2845 4706 2931 4752 est
2974 4713 3188 4768 expers,
3230 4712 3332 4753 nec

1751 4793 1900 4864 tangi
1934 4798 2138 4862 potest,
2177 4799 2231 4844 et
2262 4803 2498 4858 corpore
2530 4797 2710 4855 vacat,
2739 4798 2793 4844 et
2826 4789 2972 4844 omni
2996 4789 3332 4844 dimensione

1751 4898 1917 4942 caret.
1945 4886 2215 4952 Quocirca
2244 4897 2368 4936 cum
2409 4882 2688 4954 exemplar
2740 4882 2812 4937 sit
2853 4882 3145 4951 ejusmodi,
3192 4896 3330 4936 con-
3363 4868 3369 4872 ’

1755 4995 1991 5049 sequens
2022 4986 2129 5040 est,
2171 4983 2253 5038 ut,
2294 4974 2386 5043 qui
2425 4974 2492 5029 ad
2525 4974 2646 5042 ejus
2681 4973 3091 5029 similitudinem
3125 4973 3328 5027 forma-

1757 5077 1844 5123 tus
1869 5075 1953 5121 est
1982 5064 2220 5128 animus,
2265 5061 2473 5117 eisdem
2519 5070 2884 5133 cognoscatur
2918 5063 3083 5116 notis.
3120 5060 3327 5132 Expers

1755 5159 1919 5230 igitur
1956 5155 2197 5210 materiae
2219 5161 2323 5220 est,
2351 5154 2505 5210 cerni
2535 5169 2645 5209 non
2697 5163 2916 5226 potest,
2970 5161 3148 5210 mente
3205 5153 3322 5209 sola

1757 5249 2078 5324 percipitur,
2105 5254 2364 5318 caretque
2404 5262 2658 5318 corpore.
2713 5247 2846 5314 Qua:
2874 5261 3000 5302 cum
3054 5247 3130 5302 ita
3187 5247 3321 5312 sint,

1760 5357 1880 5412 age,
1925 5339 2345 5394 consideremus
2378 5338 2602 5409 quando
2633 5339 2860 5410 propius
2903 5337 2972 5392 ad
2999 5337 3328 5408 exemplaris

1758 5431 2220 5505 pulchritudinem
2271 5430 2498 5484 accedat
2539 5430 2778 5484 humana
2822 5436 3040 5490 natura,
3088 5443 3213 5482 cum
3271 5429 3330 5484 in

1762 5539 1926 5580 carne
1955 5522 2213 5589 vivimus,
2247 5536 2316 5576 an
2339 5535 2462 5577 eum
2489 5521 2557 5576 ab
2591 5521 2683 5577 illa
2709 5521 2946 5592 separati
2973 5535 3186 5578 sumus.
3223 5518 3331 5579 Ne-
