3844 6408
543 216 642 273 5H

1775 221 1833 278 S.
1875 219 2202 280 (ΗΠ-2608Ιῖ
2237 219 2534 276 NY‘SSENl

3704 185 3812 278 512

545 331 678 386 mini
709 331 934 388 dubium
971 339 1074 398 est,
1107 335 1240 405 quin
1275 343 1334 390 ut
1365 351 1493 391 caro
1539 351 1606 392 ex
1641 339 1867 392 materia
1920 345 2111 394 coacta

2227 337 2424 408 ὒλώδης
2473 333 2606 390 οὖσα
2657 337 2722 406 τῇ
2782 334 2942 407 ὁλικῇ
2979 333 3156 408 ταύτῃ
3199 333 3314 408 ζωῇ
3367 335 3810 408 προσῳκείωται,

543 431 912 494 concretaque
953 427 1080 482 vitae
1131 427 1222 482 isti
1253 443 1453 486 crassae
1487 429 1832 500 coniunctior
1880 439 1986 498 est,
2037 433 2119 486 sic

545 515 763 572 animus
789 524 920 574 tunc
952 533 1080 575 vere
1111 521 1262 574 vivat
1288 522 1457 576 vitam
1491 522 1638 576 illam
1668 537 1700 576 a
1755 524 1986 578 materia
2027 539 2116 578 re-

545 614 772 674 motam,
812 623 936 679 qua:
967 619 1150 668 mente
1189 613 1306 668 sola
1337 613 1843 685 comprehenditur,
1897 616 2119 686 quando

543 702 829 758 materiam
853 703 958 759 sibi
973 705 1386 776 circumiectam
1409 708 1742 770 excusserit,
1759 719 1815 764 et
1833 709 2114 779 abjecerit.

543 795 763 863 Quodsi
799 797 854 851 in
885 811 1119 868 corpore
1146 815 1334 854 verum
1369 800 1548 870 ipsum
1589 799 1796 856 bonum
1846 803 2120 857 consiste-

503 901 508 960 ι
541 898 647 953 ret,
679 889 844 945 nobis
875 890 1125 960 profecto
1153 890 1446 947 dolendum
1495 901 1663 959 esset,
1709 909 1833 948 cum
1868 909 1900 949 a
1953 909 2120 948 carne

505 963 927 1047 idistrabimur,
969 985 1230 1054 quoniam
1283 985 1632 1042 discedentes
1669 1002 1700 1040 a
1743 1001 1993 1058 corpore,
2050 987 2119 1042 ab

541 1075 660 1144 ipsa
682 1075 812 1129 boni
845 1075 1236 1145 conjunctione
1275 1077 1708 1134 discederemus.
1729 1077 1889 1133 Nunc
1934 1085 2116 1134 autem

541 1167 801 1236 quoniam
833 1166 1038 1222 bonum
1073 1168 1230 1234 illud,
1273 1184 1436 1239 quam
1468 1171 1697 1241 cogitari
1730 1171 1925 1242 possit,
1961 1173 2119 1243 longe

541 1259 912 1328 praestantius,
947 1259 1016 1314 ad
1045 1260 1205 1328 cujus
1241 1261 1655 1317 similitudinem
1705 1263 1836 1318 facti
1883 1279 2074 1319 sumus
2098 1305 2116 1330 ,

495 1351 789 1434 'corporis
825 1367 1022 1422 expers
1061 1361 1167 1416 est,
1229 1361 1518 1424 menteque
1569 1355 1688 1408 sola
1739 1355 2114 1425 perspicitur:

539 1447 702 1502 nobis
731 1453 912 1500 autem
964 1459 1288 1515 persuasum
1335 1461 1460 1501 esse
1502 1444 1689 1509 debet,
1745 1445 1966 1515 quando
2021 1463 2120 1518 per

541 1547 770 1594 mortem
819 1553 1024 1608 corpus
1073 1537 1468 1608 relinquimus,
1527 1537 1594 1592 ad
1647 1545 1902 1592 naturam
1945 1538 2114 1606 illam,

540 1631 762 1701 qme'ab
825 1629 972 1685 omni
1018 1643 1284 1699 corporea
1341 1627 1710 1684 crassitudine
1749 1637 1960 1683 remota
2008 1637 2116 1694 est,

2223 429 2365 484 οὕτω
2397 429 2490 483 καί
2513 431 2548 502 ἡ
2575 429 2720 500 ψυχὴ
2751 429 2874 482 τότε
2907 428 3126 501 μετέχει
3157 429 3257 500 τῆς
3290 431 3484 500 νοερᾶς
3513 429 3610 484 καὶ
3639 429 3810 484 ἀΰλου

2223 518 2389 591 ζωῆς,
2423 520 2552 574 ὅταν
2591 519 2687 590 τὴν
2726 519 3087 592 περιέχουσαν
3116 519 3284 590 αὐτὴν
3317 519 3451 591 ὓλην
3479 520 3812 594 ἀποτινάξη-

2223 627 2332 663 ται.
2358 611 2422 662 Τί
2450 606 2544 664 οὖν
2579 612 2636 662 ὲν
2661 610 2873 674 τούτοις
2903 612 3190 681 συμφορᾶς
3223 612 3370 664 ἐστιν
3399 611 3579 679 ditari;
3625 613 3674 666 εἰ
3709 614 3810 682 μὲν

2225 701 2334 773 γάρ
2379 703 2536 774 σῶμα
2565 698 2633 776 ἦν
2665 703 2726 756 τδ
2761 703 2977 774 ἀληθῶς
3005 703 3228 770 ἀγαθὸν.
3255 703 3628 775 δυσχεραίνειν
3657 708 3810 778 ἡμᾶς

2224 793 2330 846 ἔδει
2357 793 2492 863 πρὸς
2523 795 2620 864 τὴν
2645 796 2746 864 τῆς
2773 791 2975 863 σαρκὸς
2997 791 3372 863 ἀλλοτρίωσιν,
3414 793 3490 856 ὡς
3513 795 3810 848 ἐκπιπτόν-

2223 901 2332 937 των
2365 885 2522 956 ἠμῶν
2552 885 2762 938 ἐκείνου
2782 928 2796 950 ,
2829 883 3378 956 συναποϐαλλομένης
3415 886 3634 950 πάντως
3667 889 3808 958 μετά

2224 974 2318 1028 τοῦ
2359 975 2609 1045 σώματος
2653 977 2746 1029 κοιλ¹
2783 975 2884 1046 τῆς
2928 975 3065 1048 πρὸς
3113 976 3174 1028 τὸ
3206 977 3410 1043 ἀγαθὸν
3453 977 3804 1046 οἰκειότητος.

2236 1067 2454 1139 Ἐπειδὴ
2481 1067 2536 1120 δὲ
2574 1069 2758 1138 νοερόν
2785 1084 2844 1120 τε
2887 1067 2982 1120 καὶ
3025 1065 3316 1137 ἀσώματον
3347 1068 3408 1121 τὸ
3443 1069 3582 1139 ὑπὲρ
3625 1072 3808 1123 πᾶσαν

2225 1158 2432 1214 ἔννοιαν
2457 1160 2682 1229 ἀγαθὸν,
2713 1155 2774 1216 οὗ
2797 1161 2920 1214 κατ’
2946 1161 3129 1214 εἰκόνα
3150 1161 3454 1230 γεγόναμεν
3472 1179 3486 1193 ·
3511 1162 3809 1216 ἀκόλουθον

2226 1251 2292 1304 ἂν
2317 1252 2399 1322 εἴη
2431 1249 2744 1312 πεπεῖσθαι,
2777 1251 2906 1304 ὅταν
2929 1250 3016 1304 διὰ
3039 1249 3131 1304 τοῦ
3159 1250 3388 1302 θανάτου
3411 1250 3548 1320 πρὸς
3573 1252 3640 1304 τὸ
3663 1251 3808 1304 ἀσώ-

2228 1359 2397 1412 ματον
2430 1341 2864 1414 μεταδαίνωμεν,
2898 1342 3280 1414 προσεγγίζειν
3311 1342 3492 1414 ἐκείνῃ
3521 1345 3588 1414 τῇ
3621 1343 3804 1412 φύσει,

2221 1435 2256 1504 ἦ
2301 1435 2482 1506 πάσης
2531 1432 2851 1505 σωματικῆς
2879 1433 3258 1504 παχυμερείας
3304 1432 3666 1504 κεχώρισται,
3719 1435 3824 1486 καί·

2223 1525 2332 1582 οἷόν
2359 1545 2412 1582 τι
2456 1530 2796 1598 προσωπεῖον
2831 1527 3066 1597 εἰδεχθὲς
3105 1527 3204 1598 τὴν
3230 1526 3481 1598 σαρκώδη
3517 1525 3808 1596 περιόολὴν

2224 1621 2578 1692 ὲκδυομένους
2599 1662 2615 1684 ,
2644 1622 2722 1686 είς
2769 1621 2830 1673 τδ
2863 1621 3061 1673 οἰκεῖον
3093 1620 3372 1673 ἐπανιέναι
3401 1619 3594 1683 κάλλος
3614 1659 3630 1684 ,
3673 1621 3735 1672 ὲν

541 1721 982 1793 appropinquare
1004 1761 1020 1785 ,
1056 1728 1112 1775 et
1143 1719 1329 1774 carnis
1351 1719 1578 1774 exuvias
1618 1725 1878 1789 tanquam
1926 1733 2118 1789 perso-

2227 1713 2338 1766 κατ’
2375 1713 2552 1785 ἀρχὰς
2584 1711 3006 1784 ἐμορφὼθημεν,
3049 1712 3168 1765 κατ’
3209 1711 3394 1764 εἰκόνα
3440 1711 3535 1765 τοῦ
3575 1711 3806 1782 ἀρχετύ-

539 1831 666 1870 nam
699 1814 992 1884 quamdam
1025 1813 1183 1868 nobis
1207 1813 1515 1883 impositam
1533 1813 1884 1880 deponentcs,
1909 1813 1974 1868 ad
1997 1828 2116 1868 eam

541 1907 722 1962 redire
760 1904 1245 1976 pulchritudinem,
1283 1920 1444 1974 quam
1477 1905 1656 1971 initio,
1691 1921 1813 1960 cum
1842 1906 1906 1960 ad
1933 1921 2120 1962 exem-

541 1999 709 2069 plaris
747 1998 1038 2067 imaginem
1080 1997 1252 2052 creati
1291 2012 1506 2060 sumus,
1544 1995 1864 2053 habuimus.
1911 1995 1986 2051 Ea
2025 2012 2122 2054 co-

541 2091 732 2162 gitatio
753 2090 995 2144 laetitiam
1021 2089 1204 2155 nobis,
1241 2105 1348 2144 non
1380 2089 1662 2146 tristitiam
1691 2089 1915 2146 deberet
1953 2089 2120 2146 alier-

543 2201 620 2248 re,
644 2198 769 2237 cum
805 2181 1169 2253 intelligimus
1203 2181 1482 2238 hominem
1525 2184 1844 2239 necessario
1875 2184 2120 2254 peregri-

543 2271 786 2328 nationis
817 2272 1170 2342 perlunctum
1200 2287 1448 2337 munere,
1481 2287 1593 2327 non
1624 2273 1858 2342 amplius
1887 2275 1941 2328 in
1988 2274 2120 2329 alie-

544 2369 628 2423 nis
663 2365 981 2439 regionibus
1009 2366 1217 2428 vivere,
1244 2365 1340 2421 sed
1369 2365 1601 2438 singulis
1639 2366 1941 2429 elementis,
1974 2366 2118 2438 quod

543 2459 611 2510 ab
641 2465 878 2528 utroque
909 2456 1154 2526 ipsorum
1189 2463 1558 2518 mutuaverat,
1615 2455 1855 2520 reddito,
1890 2457 1954 2510 ad
1989 2471 2118 2527 pro-

545 2552 716 2622 priam
751 2550 854 2606 sibi
887 2547 1306 2616 naturalemque
1345 2547 1587 2612 domum,
1617 2561 1832 2617 puram,
1870 2561 1933 2602 ac
1957 2547 2120 2604 cccle-

543 2653 679 2699 slem
709 2643 856 2697 illam
889 2639 1070 2696 sedem
1094 2639 1403 2694 revertisse.
1438 2637 1744 2709 Hospitium
1775 2639 1918 2693 enim
1943 2639 2122 2708 profe-

544 2745 654 2800 cto,
678 2735 1024 2804 alienumque
1055 2731 1388 2796 domicilium
1422 2738 1507 2786 est
1535 2739 1745 2786 natura:
1781 2731 1857 2786 illi
1895 2731 2120 2787 materia

543 2829 748 2884 carenti
776 2841 977 2897 corpus
1009 2823 1134 2887 hoc,
1167 2823 1259 2876 cui
1293 2837 1448 2878 mens
1479 2823 1532 2876 in
1571 2823 1678 2880 ista
1708 2823 1818 2878 vita
1864 2839 1896 2878 a
1931 2823 2122 2880 condi-

543 2923 690 2975 tione
719 2919 894 2989 ipsius
926 2931 1157 2986 prorsus
1191 2914 1508 2969 abhorrenti
1544 2915 1860 2970 necessario
1892 2914 2123 2985 conjun-

544 3021 651 3070 cta,
693 3007 1060 3062 conﬂictatur.
1111 3003 1245 3056 Nam
1301 3011 1490 3057 mutua
1557 3003 1672 3058 haec
1726 3005 2119 3059 elementorum

2221 1824 2323 1860 που
2355 1807 2655 1878 γενόμενοι.
2693 1807 2758 1860 Ἡ
2777 1807 2833 1860 δὲ
2853 1804 3327 1875 τοιαύτηιδιάνοια,
3357 1804 3720 1876 εὐφροσύνης,
3749 1805 3804 1858 οὐ

2221 1897 2524 1970 κατηφείας
2551 1899 2748 1968 γένοιτ’
2789 1897 2858 1952 ἂν
2892 1901 3005 1962 τοῖς
3041 1897 3353 1968 λεγομένοις
3393 1895 3684 1962 ὑπόθεσις,
3729 1898 3806 1952 ὅτι

2219 1990 2320 2062 τὴν
2360 1991 2668 2060 ἀναγκαίαν
2705 1989 2909 2061 ταύτην
2951 1989 3295 2060 λειτουργίαν
3341 1987 3749 2059 ἀποπληρώσας
3779 1992 3823 2048 ό,

2219 2061 2540 2156 ἄνθρωπος,
2577 2082 2758 2136 οὐκέτι
2803 2083 2862 2136 ἐν
2911 2083 3212 2154 ἀλλοτρίοις
3266 2081 3366 2154 ζῇ,
3423 2081 3660 2146 ἀποδοὺς
3710 2061 3824 2152 μὲν⁴

2221 2177 2436 2246 ἑκάστῳ
2471 2174 2579 2228 τῶν
2622 2175 2902 2246 στοιχείων
2933 2175 2998 2227 τὸ
3033 2173 3185 2240 ἴδιον,
3224 2173 3253 2226 ὃ
3297 2173 3428 2244 παρ’
3459 2171 3641 2226 αὐτῶν
3671 2173 3806 2243 ἡρα-

2221 2269 2424 2332 νίσατο,
2455 2271 2536 2333 εἰς
2566 2269 2622 2322 δὲ
2649 2268 2746 2341 τὴν
2789 2269 2991 2322 οἰκείαν
3021 2267 3169 2339 αύτῷ
3201 2269 3294 2322 καὶ
3339 2267 3481 2321 κατά
3519 2266 3684 2336 φύσιν
3711 2268 3803 2318 ἐπ-

2225 2359 2462 2414 ανελθὼν
2507 2359 2722 2422 ἑστίαν,
2759 2359 2860 2432 τὴν
2901 2359 3148 2430 καθαρὰν
3177 2360 3273 2413 καί¹
3305 2358 3621 2428 ἀσώματον.
3671 2358 3800 2428 Ξένη

2221 2453 2329 2523 γάρ
2361 2454 2444 2516 τίς
2471 2456 2614 2507 ἐστιν
2642 2453 2810 2515 ὄντως
2843 2453 2934 2506 καὶ
2967 2453 3274 2523 ἀλλοδαπὴς
3301 2455 3368 2524 τῇ
3393 2451 3676 2522 ἀσωμάτῳ
3701 2451 3798 2520 φύ-

2225 2563 2306 2599 σει
2336 2547 2369 2616 ἡ
2406 2545 2498 2598 τοῦ
2532 2544 2782 2616 σώματος
2811 2545 2932 2618 ὓλη,
3027 2547 3146 2600 κατ’
3175 2546 3421 2616 ἀνάγκην
3447 2547 3478 2599 ό
3503 2543 3630 2607 νοῦς
3661 2547 3718 2598 ὲν
3741 2547 3800 2615 τῇ

2223 2637 2336 2707 ςωῇ
2366 2634 2538 2706 ταύτῃ
2568 2635 3084 2706 συμπεπλεγμένος,
3121 2633 3518 2703 ὲνταλαιπωρεῖ
3539 2631 3618 2702 τῷ
3647 2631 3798 2684 ἁλλοο

2225 2725 2378 2796 φύλῳ
2421 2725 2521 2797 βίῳ
2575 2723 3044 2795 συνδιαιτώμενος.
3081 2724 3192 2796 Τῆς
3227 2725 3336 2795 γὰρ
3380 2723 3488 2776 τῶν
3527 2722 3802 2793 στοιχείων

2224 2816 2361 2888 πρὸς
2390 2816 2596 2887 ἄλληλα
2628 2815 2946 2886 συμπλοκῆς
2967 2858 2982 2878 ,
3017 2815 3206 2886 ῶσπερ
3236 2815 3400 2867 τινῶν
3431 2812 3802 2884 ἀλληλογλώσ-

2225 2925 2334 2962 σων
2357 2925 2416 2961 τε
2445 2909 2538 2961 καὶ
2568 2907 2995 2978 ἀπεξενωμένων
3019 2909 3132 2970 τοῖς
3171 2907 3358 2976 ἤθεσιν
3385 2905 3712 2976 ἀνθρώπων,
3747 2906 3801 2956 ἐκ

2224 3001 2496 3072 διαφόρων
2534 2999 2704 3054 ἐθνῶν
2745 2999 2840 3052 ἕνα
2876 2999 3048 3070 δῆμον
3083 2997 3572 3068 ἀναπληρούντων,
3621 2996 3799 3067 βεϐιαο

545 3096 860 3166 coniunctio
898 3103 982 3148 est
1013 3093 1180 3162 veluti
1225 3093 1510 3147 hominum
1542 3093 1709 3148 variis
1737 3102 1792 3148 et
1825 3094 2028 3165 linguis
2065 3102 2121 3150 et

2227 3093 2397 3166 σμένη
2430 3111 2486 3145 τε
2515 3093 2608 3146 καὶ
2629 3093 2954 3164 ἀσύμφωνος
2982 3093 3189 3162 γίνεται
3215 3092 3248 3163 ὴ
3275 3089 3548 3154 κοινωνία,
3573 3091 3798 3142 ἑκάστου

546 3187 792 3243 moribus
835 3186 1129 3248 utentium,
1187 3185 1279 3256 qui
1339 3201 1406 3240 ex
1459 3184 1694 3242 diversis
1756 3187 2012 3256 gentibus
2065 3188 2121 3241 in

2227 3185 2356 3257 πρὸς
2392 3185 2452 3239 τὸ
2482 3185 2743 3254 συγγενὲς
2771 3185 2866 3239 καὶ
2905 3185 3105 3238 οἰκεῖον
3137 3183 3244 3238 ὑπὸ
3289 3185 3387 3254 τῆς
3427 3181 3561 3245 ἰδίας
3591 3181 3798 3252 φύσεως

547 3295 716 3334 ιιιιιιηι
747 3277 1140 3342 conﬂuxerint,
1186 3278 1427 3333 violenta
1463 3278 1710 3348 quaedam
1753 3283 1990 3335 societas
2040 3287 2121 3333 at-

2227 3279 2612 3351 ἀφελκομένου.
2668 3278 2730 3336 Ὀ
2774 3280 2832 3333 δὲ
2883 3280 3008 3344 νοῦς
3053 3281 3082 3333 ὁ
3122 3265 3334 3343 τούτοις
3379 3277 3798 3348 ἐγκεκραμένος,

545 3385 673 3445 que.
689 3367 1044 3434 dissentiens,
1077 3385 1200 3423 cum
1234 3383 1264 3422 a
1293 3385 1390 3425 sua
1439 3370 1876 3442 unumquodque
1923 3379 2121 3428 natura

2227 3372 2510 3438 ἀσύνθετος
2536 3373 2611 3427 ὢν
2641 3375 2700 3428 ὲν
2743 3373 2888 3444 ἁπλῇ
2920 3389 2980 3426 τε
3008 3371 3101 3426 καὶ
3137 3373 3397 3444 μονοειδεί
3433 3375 3499 3443 τῇ
3535 3371 3719 3442 φύσει,
3749 3371 3798 3423 ἐν

547 3462 614 3516 ad
645 3462 926 3533 proprium
957 3470 1559 3532 cognatumque'genus
1593 3462 1960 3518 distrahatur.
1987 3465 2121 3518 Aui-

2227 3464 2394 3528 ξένοις
2417 3466 2511 3519 καὶ¹
2532 3465 2834 3537 ἀλλοτρίοις
2854 3463 2943 3536 ζῇ,
2967 3463 3284 3535 ἀσύμφυλος
3307 3463 3380 3516 ὣν
3401 3464 3478 3534 τῷ
3499 3464 3800 3534 περιέχοντι

549 3570 672 3610 nius
699 3564 903 3620 autem,
934 3555 1026 3626 qui
1065 3569 1172 3609 non
1205 3564 1288 3611 est
1332 3555 1694 3625 compositus,
1737 3557 1830 3611 sed
1886 3556 2121 3627 simplici

2227 3556 2389 3609 αὐτὸν
2423 3559 2486 3610 ὲκ
2518 3557 2625 3611 τῶν
2673 3555 2950 3628 στοιχείων
2984 3555 3160 3628 δήμῳ,
3188 3554 3248 3618 ὃς
3279 3558 3343 3626 τῇ
3377 3555 3715 3628 πολυμερείᾳ
3741 3557 3796 3624 τῇ

548 3657 714 3719 atque
767 3649 930 3705 unius
979 3649 1198 3720 generis
1249 3657 1447 3704 natura
1514 3656 1752 3712 constat,
1813 3649 1956 3704 inter
2009 3651 2121 3705 haec

2231 3651 2515 3721 σωματικῇ
2543 3649 2610 3702 δι’
2653 3649 2901 3719 ἀνάγκης
2925 3647 3069 3712 τινὸς
3099 3647 3529 3720 ἐνσπειράμενος
3566 3627 3676 3719 τὴν
3693 3650 3800 3700 ἑαυ-

549 3751 811 3812 tanquam
846 3741 1048 3811 hospes
1075 3756 1139 3795 ac
1165 3743 1486 3813 peregrinus
1515 3741 1667 3808 vivit,
1709 3756 1810 3795 nec
1852 3757 1974 3796 cum
2009 3742 2121 3798 ele-

2229 3741 2324 3794 τοῦ
2349 3741 2510 3810 φύσιν
2531 3741 2799 3812 βιάζεται,
2839 3741 2953 3804 τοῖς
2983 3739 3302 3808 ἀλλοφύλοις
3333 3739 3642 3810 ἐνούμενος.

547 3842 880 3901 mentorum,
923 3842 982 3889 ut
1037 3835 1110 3887 ita
1155 3834 1368 3900 dicam,
1425 3834 1628 3905 pupulo
1673 3841 1854 3904 potest
1911 3849 2231 3902 congruere.
2295 3833 2346 3890 Is
2404 3835 2549 3890 enim
2614 3834 2946 3890 necessitate
3005 3831 3242 3903 quadam
3291 3849 3356 3889 ex
3411 3833 3800 3904 multiplicibus

548 3927 940 3997 corporeisque
980 3925 1266 3996 particulis
1305 3937 1528 3982 coactus
1579 3935 1831 3982 naturam
1897 3943 2052 3983 suam
2115 3925 2280 3998 cogit,
2343 3935 2398 3983 et
2437 3945 2504 3984 ex
2567 3929 2865 3985 contrariis
2923 3929 3219 4001 generibus
3273 3927 3597 3996 capulatur,
3643 3935 3798 3998 atque

548 4033 716 4071 uirum
743 4015 996 4073 edicitur.

620 4107 824 4164 Verum
891 4123 1016 4163 cum
1075 4108 1346 4164 elementa
1377 4109 1704 4165 naturaliter
1755 4111 1897 4166 inter
1926 4127 1984 4167 se
2011 4112 2125 4168 dis-

551 4201 830 4267 sentiant,
859 4215 923 4256 ac
964 4200 1372 4264 dissolvantur,
1401 4209 1454 4257 et
1487 4200 1553 4256 ad
1587 4218 1751 4256 suum
1807 4205 2124 4274 proprium-

553 4307 662 4361 que
699 4307 874 4361 genus
921 4291 1139 4362 singula
1175 4291 1539 4357 contendant,
1591 4291 1647 4346 in
1700 4309 1764 4348 ea
1820 4302 2123 4350 concentus

2302 4111 2421 4166 Τῶν
2445 4110 2502 4164 δὲ
2526 4110 2801 4180 στοιχείων
2824 4109 2958 4182 πρὸς
2979 4109 3078 4180 τὴν
3106 4108 3213 4162 τῶν
3243 4109 3321 4162 ἀπ
3348 4107 3594 4178 ἀλλήλων
3620 4109 3794 4163 διάλυ-

2233 4223 2318 4259 σιν
2353 4202 2596 4274 φυσικῶς
2629 4202 2722 4256 ἐπὶ
2751 4201 2812 4254 τὸ
2851 4201 3110 4270 συγγενές
3136 4219 3194 4255 τε
3233 4202 3326 4254 καὶ
3352 4201 3551 4254 οἰκεῖον
3577 4201 3796 4269 ἀφελκον

2234 4298 2429 4367 μένων,
2458 4296 2692 4360 ἀνιᾶται,
2742 4293 2863 4347 κατ’
2892 4293 3136 4363 ἀνάγκην
3170 4292 3435 4364 λυομένης
3461 4311 3522 4346 τε
3565 4295 3661 4347 καὶ
3697 4313 3796 4364 σχι-

551 4383 915 4440 dissolutione
965 4397 1160 4437 sensus
1214 4383 1432 4454 angitur
1493 4385 1836 4450 necessario,
1889 4393 1943 4441 et
2015 4403 2121 4441 una

2230 4385 2462 4457 ζομένης
2509 4385 2610 4454 τῆς
2654 4384 2946 4454 συμφυΐας,
2989 4385 3023 4454 ἠ
3059 4384 3342 4454 αἴσθησις·
3396 4384 3712 4439 συνίσταται
3748 4384 3794 4436 δὲ

551 4490 676 4530 cum
725 4475 849 4544 ipso
901 4488 1065 4528 sensu
1119 4474 1400 4529 cruciatur
1443 4476 1706 4530 animus:
1761 4477 1855 4547 qui
1902 4477 2029 4533 licet
2057 4479 2126 4534 ab

553 4568 672 4635 ipso
723 4579 956 4635 corpore
1021 4578 1238 4635 semper
1286 4565 1550 4622 adiciatur
1615 4568 1900 4632 molestia,
1966 4571 2023 4625 in
2061 4571 2127 4625 il-

551 4657 645 4712 lud
699 4666 879 4712 tamen
932 4655 1003 4712 ob
1050 4659 1469 4716 consuetudinis
1507 4661 1968 4716 necessitudinem
1999 4678 2127 4733 pro-

551 4765 758 4822 pensus
778 4757 881 4804 est.
915 4748 1282 4816 Quamobrem
1327 4761 1459 4807 tunc
1488 4752 1708 4808 animus
1754 4753 1878 4824 angi
1911 4755 2127 4809 crucia-

549 4846 706 4916 rique
739 4843 942 4900 desinit
967 4887 982 4912 ,
1009 4860 1134 4900 cum
1169 4861 1199 4901 a
1225 4861 1404 4916 pugna
1431 4886 1446 4912 ,
1476 4861 1598 4917 qua:
1627 4863 1692 4901 ex
1721 4847 2124 4902 contrariorum

551 4939 947 4993 elementorum
1015 4937 1406 5007 conjunctione
1482 4940 1806 5009 consurgit,
1866 4941 2121 4994 evaserit.

553 5027 766 5083 Etenim
797 5043 921 5084 cum
965 5029 1049 5084 vel
1111 5028 1368 5099 frigidum
1428 5031 1497 5086 ab
1546 5039 1908 5100 exsuperante
1948 5031 2126 5088 calido

551 5121 756 5175 victum
793 5119 990 5186 fuerit,
1039 5119 1124 5174 vel
1168 5120 1407 5175 calidum
1450 5122 1502 5175 vi
1539 5121 1716 5191 frigidi
1769 5131 2122 5193 superatum,

553 5213 639 5266 vel
668 5213 802 5269 sicci
829 5214 1084 5284 potentia:
1123 5212 1409 5269 humidum
1442 5215 1794 5270 succubuerit
1820 5257 1834 5280 ,
1869 5223 2128 5270 contrave

554 5305 762 5360 siccum
827 5305 1044 5375 ipsum,
1113 5306 1456 5363 humiditatis
1523 5309 1680 5378 copia
1754 5309 2124 5373 dissolutum,

555 5397 803 5460 cesserit,
839 5403 972 5452 tunc
1001 5397 1144 5453 bello
1171 5413 1268 5468 per
1297 5405 1528 5454 mortem
1569 5399 1854 5464 confecto,
1887 5401 2123 5466 animus,

555 5490 750 5545 relicto
774 5488 1149 5546 dimicationis
1181 5505 1376 5563 campo
1396 5531 1410 5556 ,
1465 5489 1520 5548 id
1561 5502 1644 5546 est
1666 5531 1679 5552 ,
1711 5496 1832 5562 ipso
1859 5507 2086 5562 corpore
2109 5533 2124 5558 ,

559 5595 694 5652 pace
719 5579 913 5645 utitur,
937 5589 994 5635 et
1023 5588 1179 5636 extra
1211 5581 1358 5638 acies
1393 5583 1692 5638 instructas
1721 5597 2005 5654 egressus,
2041 5583 2125 5636 vi-

559 5673 821 5744 ribusque
845 5671 996 5738 suis,
1023 5687 1144 5746 quze
1171 5677 1456 5748 complexu
1499 5675 1746 5748 corporis
1796 5675 2008 5732 amictae
2047 5676 2124 5732 la-

2227 4481 2293 4549 τῇ
2339 4475 2591 4546 αἰσθήσει
2626 4473 2686 4528 τὸ
2717 4473 3054 4544 διανοητικὸν
3084 4471 3185 4542 τῆς
3233 4471 3412 4542 ψυχῆς
3449 4472 3584 4542 πρὸς
3616 4473 3682 4526 τὸ
3721 4473 3794 4526 ἀεὶ

2226 4567 2429 4622 λυποῦν
2459 4569 2523 4621 ἐκ
2557 4565 2843 4637 συνηθείας
2870 4565 3298 4634 ὲπικλινόμενον.
3337 4565 3469 4618 Τότε
3499 4559 3592 4618 οὖν
3623 4567 3654 4619 ὀ
3685 4564 3796 4627 νοῦς

2226 4659 2510 4731 δυσφορῶν
2544 4677 2603 4713 τε
2652 4659 2747 4712 καὶ
2791 4657 3088 4728 ἀνιώμενος
3120 4656 3372 4722 παύεται,
3407 4657 3537 4712 ὅταν
3582 4657 3689 4722 ἔξω
3719 4637 3824 4726 γέλ

2227 4768 2383 4822 νηται
2411 4751 2510 4821 τῆς
2545 4750 2724 4822 μάχης
2760 4749 2856 4820 τῆς
2888 4751 2946 4802 ὲν
2981 4751 3045 4819 τῇ
3077 4747 3361 4818 συμπλοκῇ
3389 4748 3497 4800 τῶν
3539 4737 3824 4814 ἀντιστοιοῖ

2227 4841 2463 4914 χούντων
2498 4843 2910 4914 συνισταμένης.
2971 4843 3218 4896 Ἐπειδὰν
3261 4841 3370 4914 γὰρ
3418 4842 3451 4915 ἢ
3496 4843 3556 4896 τὺ
3597 4843 3794 4914 ψυχρὸν

2227 4933 2431 5004 ἡττηθῇ
2491 4932 2585 4986 τοῦ
2637 4934 2838 5006 θερμοῦ
2889 4934 3332 5003 κατισχύσαντος,
3379 4933 3412 5004 ἢ
3463 4933 3525 4988 τὸ
3571 4933 3792 5006 ἔμπαλιν

2229 5027 2405 5097 φεύγῃ
2445 5027 2534 5080 τὸν
2565 5026 2900 5098 πλεονασμὸν
2942 5028 3040 5098 τῆς
3067 5027 3278 5097 ψύξεως
3312 5031 3346 5099 η
3393 5027 3683 5100 θερμότης,
3727 5027 3792 5098 τῷ

2225 5138 2284 5173 τε
2315 5121 2462 5192 ξηρῷ
2486 5121 2572 5174 διὰ
2601 5121 2698 5192 τῆς
2728 5122 3142 5192 ὲπικρατήσεως
3171 5121 3230 5174 τὸ
3263 5121 3427 5192 ὑγρὸν
3449 5123 3788 5194 ὑποχωρήσῃ.

2227 5214 2261 5286 ἢ
2297 5214 2518 5285 διαλυθῇ
2561 5213 2653 5268 τοῦ
2711 5213 2874 5283 ξηροῦ
2925 5214 2985 5268 τὺ
3037 5216 3232 5283 πάγιον
3264 5215 3321 5268 ὲν
3369 5214 3447 5284 τῷ
3481 5211 3790 5284 πλεονασμῷ

2227 5308 2327 5378 τῆς
2358 5308 2674 5376 ὑγρότητος,
2725 5305 2844 5359 τότε
2879 5305 2970 5360 τοῦ
3021 5308 3077 5359 ὲν
3125 5309 3263 5378 ἡμῖν
3300 5305 3535 5377 πολέμου
3581 5307 3668 5361 διὰ
3708 5303 3787 5360 τοῦ

2229 5399 2456 5456 θανάτου
2491 5398 2758 5464 λυθέντος,
2795 5401 3020 5472 εἰρήνην
3069 5399 3097 5452 ὀ
3143 5401 3267 5464 νοῦς
3314 5401 3456 5469 ἄγει,
3491 5398 3786 5455 καταλιπὼν

2227 5493 2288 5548 τὸ
2315 5495 2413 5564 τῆς
2448 5493 2628 5564 μάχης
2676 5493 3017 5564 μεταίχμιον,
3073 5493 3133 5547 τὸ
3165 5493 3322 5564 σῶμα
3371 5493 3532 5562 λέγω,
3564 5495 3656 5548 καὶ
3703 5493 3785 5560 τῆς

2227 5575 2334 5638 τῶν
2378 5583 2653 5654 στοιχείων
2688 5582 2823 5654 πρὸς
2855 5583 3057 5652 ἄλληλα
3095 5583 3453 5654 παρατάξεως
3501 5583 3606 5650 ἔξω
3649 5582 3782 5654 γενό-

2233 5694 2410 5750 μενος,
2464 5675 2584 5740 καθ’
2623 5673 2936 5748 ὲαυτδν.ζῇ,
2971 5679 3340 5746 πεπονηκυῖαν
3377 5677 3433 5730 ἐν
3473 5677 3538 5742 τῆ
3572 5675 3662 5730 τοῦ
3695 5674 3780 5729 sib-
