3844 6402
56 223 169 279 513
1458 238 1546 291 DE
1598 236 1606 290 1

1718 238 1931 296 1TU|S.
3228 252 3331 307 5M

56 357 231 409 ματος
261 345 553 417 συμπλοκῇ
594 348 694 420 τὴν
727 350 880 421 ἰσχὺν
915 352 1109 407 ἑαυτοῦ
1151 356 1217 408 δι’
1259 356 1487 426 ἡσυχίας
1521 357 1606 409 ἀνι

1718 390 1730 422 ,
1759 357 2059 420 borabant,
2096 372 2190 425 per
2222 358 2394 411 otium
2443 361 2817 430 recuperatis,
2853 377 3040 418 secum
3096 362 3214 434 ipse
3246 369 3337 421 vi-.

49 431 379 501 λαμϐάνων.
422 436 608 492 Ταῦτα
641 440 820 493 τοίνυν
867 443 963 495 καί¹
992 443 1059 497 τὰ
1089 443 1310 497 τοιαῦτα
1342 445 1456 507 τοῖς
1486 446 1543 499 ὲν
1578 464 1606 498 τ

1756 450 1853 502 vit.
1881 446 1977 503 His
2009 448 2177 517 igitur
2210 464 2365 505 mens
2390 464 2452 503 ac
2482 452 2756 507 similibus
2792 454 2973 509 verbis
3007 455 3062 508 in
3095 470 3329 527 corpore

54 520 273 590 σώματι
313 522 483 588 ζῶσιν
532 528 561 579 ὁ
618 528 739 590 νοῦς
784 528 1122 599 διαλέγεται,
1158 532 1442 602 μονονουχὶ
1468 532 1606 601 φωνί

1754 542 2001 593 viventes
2030 539 2361 608 alloquitur,
2405 542 2678 611 talemque
2703 544 3101 613 propemodum
3136 520 3329 603 vocem

48 613 259 679 ἀφιεὶς,
294 616 380 669 ὃτι
419 613 490 669 Ὦ
522 617 814 688 ἄνθρωποι,
858 620 981 672 οὕτε
1012 621 1069 672 ἐν
1100 616 1180 684 οἷς
1208 622 1357 686 ἐστε,
1408 623 1606 693 ἀκριϐἇ

1751 630 2006 685 emittens
2034 648 2047 686 :
2086 630 2197 686 Vos
2223 671 2238 693 ,
2267 632 2473 703 inquit,
2513 634 2798 701 homines,
2833 651 2933 691 nec
2957 637 3325 713 plane‘nostis

47 706 257 770 οἴδατε,
292 708 391 761 καὶ
423 711 503 771 είς
524 709 553 760 ὅ
580 725 631 760 τι
673 712 1123 781 μεταχωρήσετε,
1157 712 1309 766 οὔπω
1334 715 1606 768 ἐπίστασθε

1751 722 1973 777 ubinam
2009 724 2174 790 sitis;
2212 732 2300 788 et,
2356 740 2466 796 quo
2509 706 2967 795 proﬁciscendum
3019 729 3092 784 sit
3128 706 3285 786 vobis
3308 771 3324 797 ,

45 796 124 847 Τὸ
154 799 256 866 μὲν
288 798 400 869 γὰρ
427 798 599 869 παρὸν
621 794 731 853 οἷον
757 804 825 871 τῇ
850 802 1008 869 φύσει
1030 804 1194 869 ἐστὶν,
1228 804 1379 859 οὔπω
1408 805 1606 879 ἐξευρεῑ

1749 812 1996 867 nondum
2027 813 2334 885 intelligitis
2359 794 2389 869 ε⁷
2416 794 2539 869 nam
2568 823 2621 870 et
2646 830 2859 881 eorum,
2895 833 3015 886 quae
3052 818 3142 874 hic
3168 829 3319 884 sunt,

2 890 70 939 ,ὁ
112 890 278 957 λόγος
331 891 634 961 δεδύνηται,
683 892 819 946 ἀλλὰ
868 894 1004 966 πρὸς
1054 896 1220 967 μόνην
1265 897 1364 970 τὴν
1406 900 1498 952 τοῦ
1546 900 1606 971 ζῇ

1745 913 2000 960 naturam
2042 906 2193 959 nulla
2242 906 2421 960 adhuc
2480 906 2619 961 ratio
2653 908 2831 976 potuit
2883 909 3184 981 indagare:
3220 912 3325 967 ita-

38 980 345 1052 συνήθειαν
380 981 590 1052 βλέπει,
642 982 717 1053 μὴ
764 983 1060 1054 δυνάμενος
1102 987 1323 1054 γνῶναι,
1372 989 1455 1051 τίς
1487 990 1519 1058 ἠ
1551 987 1643 1055 τοῦ

40 1072 311 1143 σώματος
343 1074 506 1143 φύσις
528 1089 541 1102 ’
572 1072 657 1138 τίς
703 1077 737 1145 ὴ
787 1076 897 1130 τῶν
928 1078 1234 1148 αἰσθήσεων
1270 1078 1530 1150 δύναμις·
1561 1081 1643 1146 τίς

36 1165 71 1232 ἡ
102 1164 220 1217 τῶν
245 1164 558 1235 ὀργανικῶν
599 1164 778 1232 μελῶν
804 1169 1087 1240 διασκευή’
1119 1170 1204 1232 τίς
1231 1173 1264 1243 ἡ
1296 1171 1405 1224 τῶν
1434 1171 1641 1241 σπλάγ-

35 1274 186 1324 χνων
254 1255 572 1326 οἰκονομία·
633 1257 720 1321 τίς
768 1260 802 1330 ή
858 1260 1207 1332 αύτοκίνητος
1269 1264 1377 1315 τῶν
1433 1264 1639 1336 νεύρων

33 1348 300 1418 ἐνέργεια
321 1363 335 1376 ⁸
362 1349 478 1411 πῶς
502 1350 609 1402 τῶν
659 1351 717 1403 ὲν
758 1352 909 1422 ἡμῖν,
943 1353 1014 1406 τὸ
1046 1354 1144 1423 μὲν
1176 1356 1256 1417 είς
1292 1355 1480 1408 ὀστέου
1528 1357 1636 1425 πή-

29 1456 235 1506 γνυται
275 1440 462 1509 φύσιν,
486 1441 549 1494 τὸ
582 1442 639 1494 δὲ
685 1444 764 1508 είς
792 1443 890 1515 τὴν
922 1445 1182 1515 φωτοειδῆ
1225 1446 1318 1498 τοῦ
1357 1446 1634 1517 ὀφθαλμοῦ

23 1533 210 1601 αὐγὴν
246 1534 548 1600 οὐσιοῦται,
581 1534 696 1599 πῶς
736 1538 802 1589 ἐκ
832 1537 931 1608 τῆς
965 1538 1135 1608 αὐτῆς
1173 1538 1380 1609 τροφῆς
1416 1540 1510 1592 καὶ
1540 1540 1633 1592 τοῦ

23 1622 200 1676 αὑτοῦ
236 1624 506 1694 πόματος,
544 1625 606 1678 τὸ
645 1626 744 1696 μὲν
774 1627 854 1690 είς
885 1627 1079 1700 τρίχας
1108 1628 1450 1695 λεπτύνεται,
1480 1629 1541 1682 τὸ
1576 1630 1632 1683 δὲ

1744 1012 1849 1066 que
1900 997 2071 1051 solam
2126 998 2337 1052 vivendi
2398 998 2852 1054 consuetudinem
2889 1000 3183 1071 spectatis,
3220 1016 3323 1057 nec

1744 1089 2049 1158 intelligere
2080 1091 2309 1158 potestis
2331 1130 2346 1155 ,
2383 1105 2503 1159 quae
2538 1089 2611 1144 sit
2653 1092 2902 1161 corporis
2936 1100 3134 1148 natura
3162 1112 3175 1148 :
3200 1110 3321 1165 qua:

1742 1194 2002 1234 sensuum
2034 1181 2152 1235 vis:
2186 1196 2309 1251 qua:
2345 1180 2751 1248 membrorum,
2787 1183 2990 1252 quibils
3025 1191 3086 1238 ut
3113 1184 3322 1241 instru-

1739 1273 1938 1325 mentis
1966 1273 2217 1337 utimini,
2276 1282 2555 1329 structura
2585 1291 2599 1329 :
2634 1289 2758 1345 quae
2790 1289 3083 1331 nervorum
3124 1291 3221 1347 per
3259 1290 3319 1332 se

1738 1366 2071 1419 moventium
2110 1366 2284 1429 actio,
2332 1381 2442 1436 quo
2470 1366 2633 1421 modo
2674 1381 2888 1433 eorum,
2926 1383 3047 1437 qua:
3070 1368 3125 1422 in
3155 1367 3316 1424 nobis

1736 1463 1884 1518 sunt,
1916 1455 2060 1508 aliud
2087 1455 2140 1509 in
2168 1456 2312 1511 ossis
2337 1462 2612 1522 naturam,
2636 1457 2783 1511 aliud
2810 1458 2867 1511 in
2899 1458 3139 1513 lucidum
3167 1459 3313 1515 oculi

1734 1544 2077 1611 splendorem
2143 1545 2451 1612 coalescat;
2508 1561 2617 1616 quo
2664 1548 2828 1602 modo
2873 1547 3120 1617 ejusdem
3167 1551 3313 1616 cibi,

1733 1644 2012 1706 potusque
2045 1651 2174 1706 pars
2200 1648 2531 1693 extenuetur
2553 1640 2609 1693 in
2638 1641 2864 1708 capillos
2888 1682 2902 1708 ,
2944 1658 3072 1712 pars
3116 1642 3173 1697 in
3212 1660 3315 1697 un-

26 1716 103 1779 εἰς
135 1715 350 1786 ὄνυχας
381 1719 492 1781 τοῖς
517 1718 709 1789 ἄκροις
739 1718 850 1773 τῶν
873 1719 1150 1774 δακτύλων
1175 1721 1593 1775 ὲπιπλατύνεται

1732 1744 1867 1799 gucs
1905 1732 1971 1781 ad
2029 1744 2277 1785 summos
2333 1729 2534 1801 digitos
2581 1732 2880 1798 dilatetur;
2938 1749 3048 1804 quo
3103 1735 3305 1799 modo,

24 1806 55 1875 ἦ
100 1806 228 1869 πῶς
277 1807 367 1859 ἀεὶ
401 1806 463 1858 τὸ
509 1806 797 1881 ἐγκάρδιον
837 1810 1201 1880 ἀναφλέγεται
1230 1812 1362 1884 πῦρ,
1398 1813 1486 1868 διά
1518 1812 1627 1866 τῶν

27 1898 316 1969 ἀρτηριῶν
380 1900 467 1967 ἐφ’
528 1899 673 1951 ἅπαν
746 1900 807 1952 τὸ
877 1900 1038 1972 σῶμα
1098 1902 1528 1974 διαφερόμενον’
1587 1905 1621 1977 ἦ

4 1990 144 2053 ’πῶς
183 1990 253 2042 τὸ
291 1992 603 2061 πινόμενον,
650 1992 868 2046 ἐπειδὰν
914 1994 972 2046 ὲν
1026 1992 1104 2064 τῷ
1150 1994 1322 2068 ἥπατι
1373 1995 1622 2067 γένηταιο

25 2080 367 2147 μεταϐάλλει
402 2082 579 2134 καὶτὸ
612 2076 752 2146 εἶδος
781 2084 876 2136 καὶ
920 2083 1021 2153 τὴν
1063 2085 1321 2155 ποιότητα
1356 2085 1443 2139 διά
1481 2105 1625 2152 τινος

14 2172 379 2235 ἀλλοιώσεως
426 2173 753 2243 αὐτομάτως
795 2175 1276 2246 ὲξαιματούμενον.
1310 2172 1409 2233 Ὧν
1453 2180 1624 2234 ἁπάν-

14 2281 126 2333 των
155 2268 190 2334 ἡ
219 2264 453 2332 γνῶσις,
492 2266 653 2338 μέχρι
687 2266 780 2321 τοῦ
809 2269 1073 2340 παρόντος
1100 2270 1248 2323 ἐστὶν
1286 2272 1617 2345 ἀπόρρητος·

19 2357 90 2419 ὡς
116 2359 349 2425 ἀγνοεῖν
386 2360 535 2429 ἡμᾶς
554 2361 652 2431 τὴν
696 2359 840 2432 ζωὴν
883 2364 941 2415 ὲν
1058 2363 1391 2436 βιοτεύομεν.
1424 2366 1527 2421 Τὸν
1564 2368 1619 2421 δὲ

19 2448 113 2515 τῆς
161 2447 486 2517 αἰσθήσεως
539 2451 942 2522 κεχωρισμένον
990 2452 1122 2527 βίον,
1151 2456 1200 2506 οἱ
1251 2458 1317 2527 τῇ
1368 2456 1618 2529 αἰσθήσει

24 2540 320 2603 συζῶντες,
358 2540 681 2594 ἀδυνατοῦσι
714 2543 941 2597 καθόλου
994 2544 1310 2599 θεάσασθαι·
1355 2548 1471 2612 πῶς
1509 2549 1617 2621 γὰρ

18 2635 76 2686 ἀν
105 2650 191 2694 τις
214 2633 288 2685 δι’
307 2634 620 2703 αἰσθήσεως
649 2636 745 2689 ἴδοι
770 2637 827 2689 τὸ
851 2637 955 2702 ἔξω
984 2639 1082 2709 τῆς
1113 2642 1445 2712 αίσθήσεως;
1481 2644 1613 2712 Ἀμ-

21 2721 270 2793 ςοτέρων
290 2722 477 2776 τοίνυν
498 2724 604 2777 τῶν
629 2724 759 2795 βίων
778 2727 978 2798 ὁμοίως
998 2729 1396 2801 ἀγνοουμένων,
1423 2732 1612 2785 τούτου

20 2815 114 2881 μὲν
145 2814 240 2867 διὰ
268 2815 335 2868 τὸ
365 2816 503 2888 πρὸς
532 2818 688 2887 μόνον
730 2819 791 2873 τὸ
821 2821 1142 2891 φαινόμενον
1186 2821 1401 2892 βλέπειν
1432 2824 1576 2893 ὑμᾶς
1595 2841 1610 2856 ⁸

18 2904 230 2957 ἐκείνου
260 2906 346 2969 δὲ,
387 2907 477 2960 διά
510 2909 572 2961 τὸ
607 2909 681 2981 μὴ
710 2910 1081 2967 καθικνεῖσθαι
1116 2914 1214 2985 τὴν
1239 2916 1508 2987 αἴσθησιν.
1550 2916 1613 2969 Τί

17 2998 358 3063 πεπόνθατε,
378 2999 675 3072 ἄνθρωποι,
696 3002 886 3057 τούτου
920 3006 1017 3076 μὲν
1041 3006 1115 3069 ὡς
1139 3007 1345 3075 ἀγαθοῦ
1367 3010 1615 3085 περιεχό-

1736 1822 1829 1892 qui
1872 1836 2085 1891 semper
2119 1822 2173 1875 in
2210 1824 2527 1892 praecordiis
2561 1824 2717 1879 ardet
2748 1825 2889 1896 ignis
2923 1841 3020 1897 per
3078 1829 3312 1883 arterias

1737 1913 1793 1967 in
1825 1922 2001 1967 totum
2033 1927 2234 1983 corpus
2262 1923 2512 1981 emanet;
2546 1917 2824 1985 quomodo
2856 1917 2941 1983 id,
2994 1919 3139 1990 quod
3170 1920 3312 1975 bibi-

1734 2007 1845 2073 tis,
1879 2021 2006 2059 cum
2050 2006 2117 2059 ad
2176 2007 2343 2077 hepar
2387 2008 2722 2071 accesserit,
2781 2010 3017 2079 speciem
3075 2012 3311 2081 qualita-

1732 2110 1952 2170 temque
2013 2112 2350 2169 commutet,
2378 2110 2431 2156 et
2465 2101 2519 2155 in
2564 2103 2895 2173 “sanguinem
2928 2112 3304 2159 convertatur.

1730 2193 1936 2247 Ilorum
1969 2208 2068 2249 vos
2089 2193 2334 2248 omnium
2378 2194 2445 2249 ad
2484 2194 2587 2249 hoc
2622 2211 2796 2266 usque
2822 2204 3038 2268 tempus
3066 2198 3308 2268 cognitio

1730 2286 1930 2349 latuit,
1979 2293 2039 2339 ut
2064 2301 2183 2341 eam
2216 2287 2393 2356 ipsam
2419 2326 2434 2350 ,
2491 2286 2546 2340 in
2573 2302 2680 2356 qua
2739 2287 3038 2342 versamini
3066 2327 3081 2353 ,
3140 2289 3306 2343 vitam

1727 2380 2029 2449 ignoretis,
2064 2380 2267 2435 nedum
2316 2380 2464 2434 illam
2498 2419 2513 2443 ,
2549 2395 2671 2450 quae
2724 2393 2754 2432 a
2790 2380 3046 2437 sensibus
3097 2390 3182 2437 est
3219 2397 3309 2436 rc.

1727 2473 2033 2526 motissima
2054 2513 2070 2535 ,
2105 2488 2229 2528 cum
2261 2471 2516 2528 sensibus
2541 2468 2825 2540 conjuncti
2853 2486 3082 2528 cernere
3114 2474 3303 2527 valea-

1724 2563 1818 2617 tis.
1887 2563 2180 2629 Quomodo
2231 2565 2378 2619 enim
2436 2566 2709 2636 quispiam
2774 2582 2870 2635 per
2930 2583 3190 2633 sensum,
3250 2569 3307 2623 id

1723 2655 1873 2725 quod
1904 2672 2074 2712 sensu
2108 2658 2364 2727 superius
2392 2666 2476 2713 est
2497 2699 2511 2723 ,
2546 2660 2892 2715 intuebitur?
2924 2660 3169 2732 Utraque
3208 2663 3305 2733 igi-

1725 2755 1813 2801 tur
1846 2749 1956 2803 vita
1985 2764 2014 2801 a
2055 2750 2209 2805 vobis
2241 2752 2448 2820 pariter
2482 2752 2785 2821 ignoratur,
2816 2762 2869 2808 et
2901 2769 3141 2823 prmsens
3164 2756 3300 2817 htec,

1722 2839 1979 2908 quoniam
2016 2839 2069 2893 id
2094 2841 2271 2896 solum
2298 2882 2313 2907 ,
2369 2842 2517 2912 quod
2551 2852 2820 2914 apparet,
2882 2846 3190 2916 inspicitis:
3249 2860 3303 2901 et

1721 2930 1895 2985 altera
1920 2932 2012 2987 illa
2038 2972 2054 2996 ,
2086 2933 2215 3002 quia
2254 2951 2451 2991 sensus
2491 2936 2559 2991 ad
2598 2951 2715 2992 eam
2752 2939 3077 3008 vestigando
3108 2955 3300 3009 perve—

1720 3024 1842 3080 nire
1866 3038 1975 3078 non
2005 3032 2206 3094 potest.
2238 3025 2369 3092 Quae
2399 3042 2522 3082 cum
2574 3028 2652 3083 ita
2710 3044 2768 3085 se
2826 3030 3103 3097 habeant,
3161 3046 3298 3097 cur,

19 3107 190 3157 μενοι,
243 3091 430 3145 καίτοι
495 3094 891 3167 ἀγνοουμένουο
958 3101 1161 3154 ἐκεῖνον
1212 3100 1268 3155 δὲ
1321 3100 1606 3166 δεδοικότες

1718 3132 1752 3172 ο
1778 3117 2039 3173 mortales
2060 3158 2076 3183 ,
2109 3118 2193 3174 sic
2242 3118 2425 3175 allecti
2457 3116 2625 3177 estis?
2680 3136 2780 3176 cur
2829 3121 2971 3176 hanc
2997 3163 3012 3187 ,
3054 3123 3183 3179 licet
3216 3125 3301 3178 in-

17 3183 103 3234 καὶ
148 3182 500 3252 φρίττοντες,
547 3184 624 3249 ὼς
668 3188 902 3258 χαλεπὸν
956 3190 1048 3245 καὶ
1102 3191 1265 3260 φόὸου
1313 3192 1495 3257 ἀξιονο
1546 3194 1612 3248 δι’

16 3272 162 3324 οὐδὲν
190 3272 352 3336 ἄλλο,
376 3272 410 3344 ἢ
440 3274 528 3328 διὰ
554 3274 709 3329 τοῦτο
741 3277 919 3348 μόνον,
953 3280 1033 3333 ὅτι
1058 3281 1301 3348 ἀγνοεῖτε
1331 3278 1442 3337 οἶόν
1470 3285 1610 3350 ἐστι;

16 3366 205 3418 Καίτοι
253 3366 434 3419 πολλὰ
474 3369 568 3421 καὶ
608 3369 745 3424 ἄλλα
786 3373 880 3424 καὶ
908 3373 1015 3427 τῶν
1046 3376 1167 3427 κατ’
1195 3376 1446 3447 αἴσθησιν
1478 3380 1612 3449 ἡμῖν

14 3458 478 3527 προφαινομένων
508 3459 602 3512 καὶ
634 3462 1014 3533 ἀγνοουμένων
1052 3466 1113 3519 ού
1139 3465 1471 3538 δεδοίκαμεν.
1515 3470 1612 3533 Τίς

13 3548 111 3617 γὰρ
137 3551 175 3619 ἡ
221 3548 394 3617 φύσις
422 3551 529 3604 τῶν
561 3554 682 3606 κατ’
720 3554 947 3625 οὐρανὸν
982 3559 1339 3629 φαινομένων,
1381 3560 1413 3631 ἢ
1449 3561 1501 3614 τί
1550 3562 1611 3614 τὸ

14 3642 286 3710 περιάγον
316 3643 408 3697 τὸν
434 3644 593 3697 πόλον
619 3643 677 3711 ἐξ
705 3649 946 3703 ἐναντίου
970 3649 1070 3722 τὴν
1104 3651 1338 3722 κίνησιν,
1369 3653 1402 3724 ἢ
1456 3654 1509 3707 τί
1550 3655 1611 3707 τὸ

12 3737 218 3805 ἐρεῖδον
269 3736 373 3805 τὴν
408 3737 508 3808 τῆς
548 3741 651 3808 γῆς
697 3742 998 3813 παγιότητα
1022 3759 1035 3772 °
1090 3743 1207 3807 πῶς
1252 3744 1309 3797 δὲ
1340 3747 1374 3815 ή
1410 3745 1608 3818 ῥευστὴ

12 3830 108 3881 τῶν
162 3829 387 3883 ὑδάτων
422 3830 583 3900 φύσις
631 3833 719 3885 ἀεὶ
760 3834 969 3902 γίνεται
1016 3838 1081 3889 ὲκ
1124 3838 1222 3909 τῆς
1252 3841 1375 3909 γῆς,
1419 3838 1514 3893 καὶ
1546 3840 1606 3891 ού

11 3917 329 3972 δαπανᾶταί
361 3921 395 3989 ή
420 3920 493 3991 γῆ
517 3938 528 3950 ·
555 3924 647 3975 καὶ
674 3923 809 3978 ἄλλα
834 3926 1057 3980 τοιαῦτα
1090 3928 1259 3982 πολλά
1287 3928 1410 3982 οὔτε
1440 3929 1608 3999 ἐγνώ⁴

11 4028 225 4079 καμεν,
278 4010 406 4065 οὔτε
462 4013 642 4080 φόῦων
698 4016 856 4082 ἀξίαν
907 4018 1004 4089 τὴν
1053 4019 1275 4088 ἄγνοιαν
1325 4022 1602 4093 κρίνομεν.

21 4102 187 4153 Ἀλλά
242 4101 342 4154 καὶ
395 4103 563 4174 αὐτὴν
620 4104 717 4177 τὴν
771 4108 947 4161 πάντα
1004 4110 1126 4164 νοῦν
1179 4112 1605 4183 ὑπερϐαίνουσαν

12 4194 201 4259 φύσιν,
236 4194 340 4265 τὴν
374 4195 525 4249 θείαν
556 4215 615 4250 τε
645 4199 740 4252 καὶ
780 4204 1057 4275 μακαρίαν
1082 4205 1176 4257 καὶ
1202 4207 1603 4278 ἀκατάληπτον,

9 4289 84 4338 ὅτι
141 4289 251 4359 μὲν
305 4288 444 4353 ἔστι,
493 4292 957 4365 πεπιστεύκαμεν,
1006 4297 1064 4351 ἐν
1107 4297 1213 4350 τίνι
1245 4298 1302 4352 δὲ
1348 4299 1519 4371 αὐτῆς
1545 4300 1605 4353 τὸ

9 4376 147 4433 εἶναι
186 4381 693 4452 καταλαμϐάνεται,
741 4386 893 4441 οῦπω
920 4405 1006 4453 τις
1038 4390 1232 4463 εὑρέθη
1282 4391 1369 4445 διὰ
1413 4410 1606 4464 στοχα-

1716 3211 2029 3281 cognitam,
2064 3220 2125 3267 ut
2167 3212 2365 3268 bonam
2393 3214 2858 3284 complectimini,
2907 3216 3053 3269 illam
3116 3226 3301 3273 autem

1714 3302 2114 3359 utborribilem
2142 3319 2207 3359 ac
2232 3305 2578 3360 metuendam
2601 3305 2953 3362 formidatis?
2977 3323 3088 3362 non
3135 3308 3297 3362 aliam
3340 3330 3343 3341 ν

1714 3394 1908 3465 utique
1935 3395 2005 3451 ob
2035 3411 2259 3453 causam
2291 3397 2347 3454 id
2392 3398 2585 3468 agitis,
2640 3398 2747 3453 nisi
2778 3400 2941 3469 quia,
2968 3401 3149 3471 qualis
3179 3400 3297 3471 ipsa

1714 3487 1963 3554 sit,non
1996 3489 2352 3558 cognoscitis.
2410 3488 2543 3556 Quae
2599 3499 2783 3547 tamen
2844 3509 2953 3548 non
3006 3503 3091 3550 est
3145 3493 3296 3564 justa

1713 3594 1880 3635 causa
1942 3582 2259 3647 metuendi,
2310 3597 2436 3637 cum
2494 3584 2666 3638 multa
2737 3587 2849 3641 sint
2897 3587 2983 3641 vel
3038 3588 3297 3644 sensibus

1711 3671 1961 3743 exposita
1982 3714 1998 3740 ,
2032 3673 2115 3728 vel
2138 3674 2208 3729 ab
2235 3674 2317 3730 eis
2350 3684 2562 3731 remota
2584 3715 2600 3741 ,
2635 3693 2758 3747 quae
2804 3678 2934 3733 licet
2988 3679 3290 3750 ignoretis,

1710 3779 1823 3819 non
1852 3764 2267 3834 pertimescitis.
2295 3764 2431 3820 Nam
2481 3775 2537 3823 et
2569 3784 2693 3839 qua:
2721 3770 2793 3827 sit
2821 3785 3015 3825 eorum
3055 3779 3251 3826 natura
3271 3813 3289 3837 ,

1710 3869 1833 3924 quae
1888 3853 1946 3908 in
1999 3855 2142 3909 coelo
2201 3857 2565 3927 conspicitis,
2624 3871 2677 3914 et
2723 3859 2854 3930 quid
2915 3861 3061 3916 circa
3107 3862 3293 3931 polum

1709 3963 1877 4004 cursu
1910 3948 2189 4003 contrario
2226 3957 2438 4004 motum
2472 3951 2649 4015 cieat,
2712 3950 2916 4021 quidve
2967 3961 3127 4008 terrae
3161 3954 3293 4010 soli-

1709 4040 1936 4095 ditatem
1974 4050 2280 4108 sustentet,
2341 4051 2437 4097 aut
2480 4058 2590 4113 quo
2624 4043 2787 4099 modo
2821 4042 2964 4098 ﬂuxa
3022 4060 3289 4115 aquarum

1708 4140 1906 4187 natura
1938 4132 2160 4189 assidue
2202 4134 2458 4205 gignatur
2505 4151 2537 4191 e
2566 4145 2760 4214 terra,
2816 4152 2919 4193 nec
2974 4139 3095 4208 ipsa
3144 4147 3291 4193 terra

1708 4222 1963 4289 deﬁciat,
2010 4223 2311 4294 ignoratis,
2345 4240 2447 4280 nec
2478 4234 2662 4281 tamen
2694 4228 2765 4281 ob
2815 4227 3092 4285 inscitiam
3147 4228 3290 4282 hanc

1706 4311 2123 4369 exhorrescitis.
2159 4313 2345 4379 Quid?
2380 4316 2529 4386 quod
2588 4318 2831 4373 divinam
2878 4334 2943 4374 ac
2973 4320 3188 4375 beatam
3223 4320 3289 4375 il-

1706 4405 1833 4460 lam
1869 4413 2125 4460 naturam
2182 4422 2367 4462 rerum
2444 4409 2691 4463 omnium
2738 4412 3288 4481 praestantissimum,

12 4473 152 4540 σμοῦ
195 4475 550 4546 κατανόησις,
586 4480 678 4533 καὶ
700 4480 849 4550 ὅμως
881 4482 1183 4554 ἀγαπῶμεν
1214 4484 1274 4537 τὸ
1306 4487 1602 4558 ἀγνοούμε-

1718 4512 1827 4568 qua;
1853 4511 1953 4551 nec
1983 4497 2316 4568 cogitatione
2336 4537 2353 4564 ,
2381 4514 2484 4554 nec
2514 4500 2699 4555 animo
2723 4540 2739 4565 ,
2774 4510 2869 4557 aut
2920 4512 3102 4559 mente
3133 4504 3289 4575 plene

10 4581 91 4614 νον
149 4562 216 4629 ἐξ
262 4564 395 4636 ὅλης
441 4568 668 4639 καρδίας
705 4589 765 4625 τε
798 4574 892 4626 καὶ
919 4573 1099 4645 ψυχῆς
1122 4576 1216 4630 καὶ
1241 4576 1521 4648 δυνάμεως
1548 4579 1608 4633 τὸ

8 4655 434 4728 καταληφθῆναι
479 4663 590 4725 τοῖς
623 4660 901 4734 λογισμοῖς
941 4667 1000 4719 οὐ
1047 4667 1366 4739 δυνάμενον.
1411 4671 1509 4725 Διά
1553 4672 1607 4725 τί

8 4748 193 4801 τοίνυν
228 4750 491 4804 ἐπιπόνου
534 4753 630 4806 τοῦ
678 4757 817 4825 μετά
863 4758 960 4830 τὴν
990 4759 1134 4832 ζωὴν
1162 4762 1366 4835 ταύτην
1396 4765 1605 4835 ἐκδεχο-

14 4842 177 4909 μένου
204 4845 358 4913 ἡμᾶς
387 4844 525 4913 βίου,
562 4848 592 4900 ὁ
634 4848 827 4919 ἄλογος
869 4846 1022 4916 οὗτος
1073 4855 1383 4912 συνίσταται
1420 4860 1602 4928 φόϐος,

10 4933 91 4986 διὰ
123 4934 304 5006 μόνην
346 4937 447 5008 τὴν
472 4938 693 5006 ἄγνοιαν
736 4942 1047 5000 δεδοικότων
1076 4947 1233 5017 ήμῶν
1262 4948 1291 5001 ὃ
1330 4950 1431 5003 οὐκ
1454 4951 1600 5004 οἴδα·

13 5044 132 5093 μεν,
167 5028 426 5099 καθάπερ
454 5030 548 5083 ἐπὶ
573 5031 680 5085 τῶν
708 5035 917 5106 νηπίων
954 5039 1162 5108 γίνεται
1188 5040 1296 5095 τῶν
1325 5044 1460 5112 πρὸς
1502 5044 1603 5108 τὰς

6 5118 421 5185 ἀνυποστάτους
447 5122 703 5189 ὑπονοίας
727 5126 1197 5202 δειματουμένων;
1238 5134 1295 5187 '0
1326 5135 1435 5205 γὰρ
1467 5135 1603 5206 πρὸς

8 5211 103 5279 τὴν
146 5210 413 5282 ἀλήθειαν
452 5214 560 5269 τῶν
590 5216 759 5274 ὄντων
785 5222 981 5279 ἐθέλων
1018 5224 1256 5295 βλέπειν,
1304 5228 1517 5299 πρῶτον
1545 5231 1603 5281 ὲν

8 5304 266 5375 περινοίᾳ
294 5307 393 5358 τοῦ
419 5309 744 5379 πράγματος
763 5314 972 5382 γίνεται
998 5333 1011 5347 ·
1043 5314 1159 5371 εἶτα
1186 5315 1296 5373 οἷόν
1323 5323 1438 5373 ἐστι
1464 5322 1604 5375 κατά

7 5396 99 5467 τὴν
143 5397 312 5466 φύσιν
360 5399 750 5471 ὲπιλογίζεται,
809 5409 922 5461 εἴτε
970 5429 1021 5463 τι
1064 5412 1332 5484 χρήσιμον
1380 5416 1474 5468 καὶ
1513 5416 1604 5469 εύ-

7 5492 293 5561 πρόσιτον,
330 5494 445 5547 εἴτε
487 5498 722 5567 χαλεπόν
768 5516 819 5553 τι
871 5500 965 5554 καὶ
1012 5500 1401 5575 ἀποτρόπαιον.
1447 5506 1519 5560 Τὸ
1545 5507 1601 5560 δὲ

6 5582 202 5652 ἄδηλον
250 5583 484 5638 καθόλου
536 5588 630 5640 καὶ
679 5590 1070 5662 ἀγνοούμενον,
1120 5593 1238 5658 πῶς
1278 5595 1343 5648 ἄν
1381 5614 1463 5659 τις
1493 5597 1601 5650 τῶν

6 5676 127 5729 νοῦν
151 5675 393 5748 ἐχόντων
427 5677 661 5748 χαλεπὸν
682 5682 818 5737 εἶναι
846 5686 1039 5754 κρίνοι,
1074 5687 1172 5756 τὴν
1192 5688 1287 5756 τῆς
1315 5690 1598 5758 συνηθείας

1704 4591 2097 4662 comprehendi
2120 4599 2303 4662 potest
2325 4634 2340 4657 ,
2371 4608 2500 4649 esse
2528 4592 2760 4664 quidem
2784 4594 3008 4651 creditis
3028 4636 3043 4659 ,
3075 4597 3131 4652 in
3177 4613 3288 4668 quo

1704 4692 1885 4739 autem
1912 4685 2218 4751 consistat,
2262 4686 2464 4755 quidve
2490 4686 2613 4757 ipsa
2642 4688 2749 4751 sit,
2790 4688 2939 4742 nulla
2968 4687 3148 4744 adhuc
3192 4704 3286 4744 ra-

1701 4774 1854 4830 tione
1882 4775 2158 4846 conjicere
2180 4777 2439 4846 potuistis
2460 4817 2475 4843 ,
2508 4786 2674 4848 atque
2704 4794 2826 4835 eam
2862 4789 3046 4835 tamen
3071 4819 3088 4846 ,
3120 4795 3285 4851 quam

1703 4867 1871 4923 nullis
1904 4868 2216 4923 rationibus
2249 4869 2440 4924 valetis
2486 4870 2793 4943 intelligere
2816 4913 2832 4937 ,
2898 4880 3012 4926 toto
3069 4872 3241 4927 corde
3266 4911 3282 4935 ,

1707 4959 1891 5012 animo
1915 4998 1930 5023 ,
1954 4959 2266 5028 virtuteque
2288 4958 2562 5031 diligitis?
2598 4961 2710 5017 Cur
2740 4963 2909 5034 igitur
2966 4964 3082 5017 haec
3118 4964 3283 5017 stulta

1709 5050 1923 5106 timoris
1967 5050 2110 5105 ratio
2162 5051 2305 5106 valet
2338 5052 2396 5107 in
2455 5052 2548 5108 illa
2607 5055 2764 5121 sola,
2815 5070 2937 5126 quae
2996 5070 3097 5110 nos
3159 5063 3282 5124 post

1707 5141 1848 5194 hanc
1901 5148 2198 5210 exceptura
2238 5150 2359 5207 est,
2389 5143 2538 5210 vita,
2570 5152 2667 5209 ιιι,
2704 5161 2826 5216 qua:
2871 5161 2984 5200 non
3028 5145 3283 5201 novimus

1706 5248 2001 5303 puerorum
2029 5234 2207 5290 instar
2229 5277 2245 5300 ,
2285 5237 2381 5307 qui
2411 5238 2674 5294 inanibus
2700 5238 3024 5309 opinionum
3052 5238 3282 5310 ﬁgmen-

1708 5324 1778 5379 tis
1806 5323 2185 5393 deterrentur,
2221 5325 2584 5383 formidemus
2609 5329 2632 5380 ?
2661 5328 2766 5395 Qui
2809 5328 2955 5385 enim
3008 5343 3125 5383 rem
3182 5330 3282 5383 all-

1703 5430 1865 5485 quam
1894 5415 2097 5472 habere
2128 5421 2279 5489 cupit
2319 5429 2660 5491 perspectam
2692 5430 2747 5475 et
2801 5421 3074 5491 cognitam
3096 5460 3113 5486 ,
3168 5423 3280 5491 pri-

1700 5524 1850 5563 mum
1884 5525 2107 5580 Operam
2140 5512 2274 5579 dat,
2318 5522 2378 5569 ut
2400 5556 2415 5582 ,
2446 5531 2569 5585 quae
2603 5516 2676 5569 sit
2702 5514 2825 5583 ejus
2860 5525 3097 5580 natura,
3153 5516 3280 5569 dili-

1701 5611 1888 5670 genter
1927 5602 2278 5667 consideret,
2340 5614 2503 5675 atque
2553 5605 2658 5667 ita,
2712 5612 2898 5660 utrum
2950 5605 3273 5671 commoda,

1700 5701 1754 5748 et
1783 5692 2155 5762 admittenda,
2179 5712 2245 5751 an
2279 5698 2462 5765 gravis
2498 5697 2902 5767 avertendaque
2936 5698 3045 5767 sit,
3076 5698 3276 5755 intelli-
