3844 6414
549 235 653 293 515

3299 161 3328 174 Π

1775 235 1832 290 5.
1874 235 2200 292 GREGORII
2231 237 2520 296 NYSSENI
3687 255 3774 314 516

546 360 658 423 gat.
704 345 860 415 Quod
897 353 1078 401 autem
1141 345 1414 401 incertum
1469 347 1728 411 omnino,
1779 356 1835 402 et
1868 349 2103 418 inc0gni-

2220 349 2564 422 ἀναχώρησιν
2607 355 2793 427 μόνην,
2830 355 2905 419 ὡς
2947 358 3116 426 πυρός
3149 376 3309 426 τινος,
3343 363 3375 434 ἢ
3405 363 3592 434 θηρίου
3623 383 3772 435 προσ-

546 455 660 497 tum
691 451 795 506 est,
830 441 954 510 quis
980 453 1168 494 eorum
1192 478 1207 502 ,
1245 441 1338 508 qui
1389 441 1642 510 sapiunt,
1706 440 1778 494 ob
1840 441 1890 495 id
1937 444 2112 496 solum

545 535 690 605 quod
717 535 786 588 ab
815 547 920 586 usu
949 539 1004 586 et
1034 530 1431 586 consuetudine
1465 541 1728 586 remotum
1761 533 1832 588 sit
1861 575 1876 597 ,
1907 531 2116 603 fugien-

545 623 674 680 dum
699 631 886 695 putet,
917 631 972 678 et
1003 630 1062 675 ut
1091 621 1234 691 ignis
1257 661 1272 688 ,
1309 631 1402 676 aut
1435 621 1564 676 ferae
1607 621 1914 692 cuiuspiam
1946 625 2116 694 impe-

543 727 660 772 tum
703 713 1064 785 suSpicetur?
1101 728 1228 768 cum
1294 714 1412 784 ipsa
1465 729 1568 768 nos
1611 715 1721 768 vita
1775 715 1998 780 doceat,
2051 731 2117 770 ne

545 821 760 877 semper
797 821 960 862 usum
1003 813 1058 858 et
1105 805 1556 860 consuetudinem
1603 806 1971 870 attendanms,
2019 807 2116 861 sed

547 899 614 953 ad
643 913 706 952 ea
733 941 748 964 ,
791 913 914 968 qua:
945 905 1102 952 recta
1150 897 1493 967 honestoque
1547 907 1713 964 sunt,
1777 899 1994 954 animos
2053 915 2118 954 ac

545 990 728 1046 studia
776 999 968 1044 nostra
1023 997 1430 1045 convertamus.
1475 989 1659 1060 Neque
1711 991 1856 1044 enim
1923 991 2112 1046 eadem

547 1097 762 1152 semper
795 1079 1115 1134 hominibus
1143 1089 1228 1134 est
1265 1081 1378 1134 vita
1405 1120 1420 1144 ,
1473 1081 1566 1136 sed
1589 1121 1604 1145 ,
1647 1082 1775 1136 dum
1807 1083 1861 1136 in
1891 1083 2118 1136 visceri-

545 1171 648 1228 bus
671 1171 815 1227 fetus
843 1169 1153 1226 formantur
1179 1213 1194 1238 ,
1225 1171 1504 1244 propriam
1549 1172 1657 1229 illis
1700 1181 1755 1227 et
1783 1175 2116 1228 convenien-

547 1273 656 1320 tem
707 1265 764 1318 in
795 1271 954 1318 utero
983 1264 1153 1317 vitam
1185 1271 1386 1318 natura
1426 1265 1641 1320 tribuit.
1703 1264 1814 1320 Nec
1870 1281 1993 1320 cum
2041 1283 2116 1320 ,εχ

543 1363 702 1411 utero
731 1355 940 1427 egressi
966 1355 1208 1420 fuerint,
1263 1369 1480 1425 semper
1535 1356 1800 1410 inhzerent
1835 1371 2113 1419 mammae,

543 1449 638 1506 sed
687 1449 930 1519 quandiu
963 1447 1295 1518 imperfectae
1337 1447 1557 1501 illorum
1605 1447 1838 1501 aetatulae
1895 1447 1948 1500 id
1985 1463 2116 1502 cou-

541 1543 690 1612 gruit
717 1549 770 1596 et
796 1541 1049 1611 prodest;
1081 1547 1206 1609 post
1233 1547 1414 1593 autem
1449 1537 1516 1591 ad
1551 1537 1654 1591 alia
1681 1545 2077 1592 convertuntur
2097 1580 2111 1603 ,

540 1651 642 1691 nec
675 1636 842 1690 ubera
867 1647 1080 1702 semper
1104 1633 1174 1687 ob
1200 1630 1650 1687 consuetudinem
1680 1639 1960 1700 appetunt.
1985 1629 2115 1685 Post

2222 443 2377 514 ϐολήν
2411 446 2766 510 ὑποπτεύων;
2799 449 2990 501 Καίτοι
3023 447 3382 522 παιδευόμεθα
3419 455 3508 508 διὰ
3539 455 3631 508 τοῦ
3675 458 3774 524 βίου

2221 535 2428 604 σαφῶς,
2479 537 2554 608 μὴ
2609 537 2840 589 πάντοτε
2892 541 3025 607 πρὸς
3065 541 3162 608 τὴν
3209 546 3492 616 συνήθειαν
3551 549 3772 618 βλέπειν,

2217 624 2352 677 ἀλλά
2381 623 2516 694 πρὸς
2559 625 2618 676 τὸ
2667 625 2826 678 καλὸν
2871 631 2988 690 ταῖς
3021 629 3332 699 ἐπιθυμίαις
3376 636 3461 688 ἀεὶ
3507 640 3774 706 μετατίθε-

2221 713 2362 769 σθαι.
2409 713 2544 767 Οὔτε
2579 715 2686 786 γὰρ
2718 715 2816 788 ait
2835 717 3034 780 παντὸς
3072 719 3128 770 ὲν
3159 719 3382 790 ἐμϐρύῳ
3409 726 3519 784 τοῖς
3559 725 3774 779 πλασσο-

2221 805 2402 875 μένοις
2435 807 2580 858 ἐστὶν
2618 809 2649 876 ἡ
2683 807 2817 876 ζωὴ,
2851 807 2964 860 ἀλλ’
2993 808 3096 871 ἓως
3125 809 3190 862 ἂν
3223 811 3279 862 ἐν
3307 815 3420 878 τοῖς
3465 815 3774 886 σπλάγχνοις

2218 891 2374 964 ὦσιν,
2417 899 2598 968 ἡδεῖαν
2643 899 2826 960 αὐτοῖς
2869 899 2962 951 καὶ
3013 900 3402 973 κατάλληλονή
3447 903 3608 973 φύσις
3653 913 3776 962 ποιεῖ

2217 989 2315 1060 τὴν
2351 991 2408 1042 ἐν
2441 993 2504 1060 τῇ
2549 989 2700 1060 νηδύῖ
2747 990 2892 1059 ζωήν
2915 1006 2928 1020 °
2977 989 3099 1042 οὔτε
3129 993 3343 1046 ἐπειδὰν
3374 994 3475 1059 ἔξω
3506 997 3774 1064 γένωνται,

2216 1083 2280 1150 τῇ
2313 1080 2446 1152 θηλῇ
2476 1081 2562 1134 διά
2602 1081 2802 1144 παντὸς
2847 1081 3272 1152 παραμένουσιν,
3302 1084 3414 1136 ἀλλ’
3445 1089 3526 1156 ἐφ’
3553 1089 3675 1140 ὅσον
3711 1091 3778 1160 τῷ

2227 1173 2410 1224 ἀτελεῖ
2443 1174 2538 1242 τῆς
2583 1173 2792 1244 ἡλικίας
2817 1171 2980 1226 καλὸν
2999 1175 3058 1226 τὺ
3081 1175 3316 1228 τοιοῦτον
3344 1178 3456 1229 ἐστι
3479 1182 3570 1232 καὶ
3595 1182 3778 1234 κατάλ-

2217 1263 2394 1336 ληλον.
2441 1265 2584 1317 Μετά
2629 1265 2784 1318 τοῦτο
2825 1265 2901 1330 δὲ,
2935 1266 3068 1336 πρὸς
3115 1267 3278 1337 ἄλλην
3321 1269 3636 1324 ἀκολουθίαν

2221 1357 2586 1427 μετέρχονται,
2619 1357 2770 1410 οὐδὲν
2801 1358 2903 1410 ὑπὸ
2930 1357 3029 1426 τῆς
3061 1359 3342 1429 συνηθείας
3367 1362 3514 1431 ’πρὸς
3538 1363 3598 1414 τὸ
3637 1365 3798 1436 μαζῷ

2218 1448 2662 1518 συμπαραμένειν
2713 1449 3148 1518 ἀναπειθόμενοι.
3201 1445 3332 1504 Εἶτα
3383 1453 3516 1520 μετά
3553 1453 3650 1524 τὴν
3697 1473 3780 1524 νη-

2215 1539 2388 1610 πιώδη
2421 1541 2770 1600 κατάστασιν,
2819 1541 2952 1594 ἄλλα
2991 1541 3100 1594 τῶν
3138 1545 3456 1614 μειρακίων,
3505 1549 3598 1598 καὶ
3659 1549 3778 1601 ἄλλα

2213 1631 2322 1685 τῶν
2351 1631 2831 1702 παρηλικεστέρων
2871 1633 3276 1704 ἐπιτηδεύματα
3309 1638 3536 1703 γίνεται,
3571 1639 3707 1708 πρὸς
3747 1641 3778 1693 ἃ

539 1735 745 1792 autem,
780 1741 906 1781 cum
945 1723 1228 1780 infantiam
1259 1723 1528 1786 exuerint,
1559 1723 1665 1776 alia
1697 1721 2103 1786 adolescentuli,

2222 1723 2531 1794 μεταϐαίνει
2571 1721 2635 1774 δι’
2671 1723 2960 1774 ἀκολούθου
2991 1727 3019 1776 ὁ
3051 1725 3350 1796 ἄνθρωπος,
3383 1729 3601 1794 ἀλύπως
3653 1749 3777 1802 συμ-

537 1820 646 1874 alia
674 1819 788 1890 jam
817 1827 975 1874 aetate
997 1817 1340 1887 provectiore
1369 1825 1674 1886 sequuntur
1695 1817 1896 1882 studia,
1921 1825 1974 1870 et
1997 1815 2117 1870 sine

536 1915 787 1972 molestia
823 1914 987 1969 simul
1027 1927 1151 1967 cum
1185 1917 1345 1966 aetate
1375 1909 1826 1966 consuetudinem
1861 1919 2091 1964 mutant.

609 2001 1077 2072 Quemadmodum
1105 2001 1271 2072 igitur
1301 2003 1394 2072 qui
1425 2001 1482 2056 in
1513 2009 1758 2057 materno
1790 2009 1980 2056 ventre
2007 2017 2110 2053 nu-

536 2099 702 2154 tritur
754 2097 918 2162 fetus,
957 2097 1001 2152 si
1039 2097 1190 2151 vocis
1219 2109 1384 2152 usum
1415 2095 1642 2150 haberet
1692 2095 1954 2166 aliquem,
1979 2097 2106 2149 dum

537 2189 594 2245 in
629 2191 749 2260 ipso
795 2197 922 2243 ortu
963 2203 994 2243 e
1048 2187 1354 2242 visceribus
1434 2187 1723 2256 erpellitur
1750 2226 1766 2252 ,
1807 2203 2112 2257 conquere-

537 2293 690 2336 retur
715 2323 729 2348 ,
757 2295 923 2350 seque
952 2281 1135 2352 gravia
1165 2281 1276 2351 pati
1314 2279 1597 2339 clamaret,
1635 2279 1778 2348 quod
1811 2293 1840 2332 a
1869 2279 2108 2348 jucunda

534 2377 935 2433 distraheretur
1015 2373 1233 2430 vivendi
1327 2370 1722 2428 consuetudine
1757 2411 1772 2436 ,
1833 2371 1886 2425 id
1959 2371 2106 2441 quod

535 2469 702 2524 etiam
731 2467 911 2532 facit,
960 2465 1092 2520 dum
1147 2463 1312 2522 simul
1364 2479 1427 2518 ac
1485 2465 1720 2533 primum
1773 2463 2008 2532 respirat
2051 2465 2106 2518 in

536 2560 679 2615 hanc
710 2561 875 2614 vitam
910 2557 1194 2629 ingressus
1223 2595 1240 2624 ,
1307 2555 1578 2623 lacrymas
1613 2553 1820 2616 fundit,
1859 2561 1912 2607 et
1968 2567 2106 2622 quo-

534 2653 664 2706 dam
695 2647 856 2704 modo
887 2647 1223 2719 indignatur.
1259 2655 1312 2701 et
1351 2645 1494 2700 dolet
1515 2685 1529 2706 ,
1570 2643 1718 2713 quod
1749 2659 1778 2696 a
1811 2644 1970 2697 solita
1997 2643 2106 2696 vita

533 2741 878 2798 discesserit:
917 2739 997 2796 sic
1041 2739 1176 2794 mihi
1197 2736 1450 2792 videntur
1493 2733 1695 2798 facere,
1731 2735 1826 2804 qui
1875 2741 2106 2788 mmrent

535 2835 592 2888 in
643 2835 802 2889 istius
842 2833 964 2888 vitae
999 2830 1428 2886 commutatione
1457 2866 1470 2890 ,
1516 2827 1644 2880 dum
1693 2827 1863 2882 instar
1891 2841 2103 2890 eorum,

531 2926 718 2996 quiin
770 2935 926 2980 utero
975 2931 1126 2988 sunt,
1169 2922 1358 2976 volunt
1405 2933 1618 2989 semper
1659 2920 1712 2972 in
1765 2919 2010 2988 angustis
2043 2933 2106 2972 ac

2222 1812 2571 1878 μεταϐάλλων
2597 1815 2714 1876 ταῖς
2747 1814 2980 1882 ἡλικίαις
3011 1816 3104 1866 καὶ
3141 1816 3238 1885 τὴν
3269 1817 3551 1889 συνήθειαν

2289 1997 2500 2066 Ὥσπερ
2533 1998 2707 2050 τοίνυν
2736 1997 2782 2048 εί
2814 1998 2961 2068 φωνή
2997 2015 3078 2062 τις
3102 1995 3168 2068 ἦν
3194 1999 3270 2069 τῷ
3297 2000 3617 2072 τρεφομένῳ
3641 2003 3696 2056 ἐν
3719 2009 3776 2076 τῇ

2215 2091 2442 2161 μητρῷα
2487 2087 2660 2160 νηδύϊ,
2706 2089 3086 2158 ἠγανάκτησεν
3123 2090 3188 2143 ἂν
3233 2091 3318 2143 διά
3351 2094 3656 2162 γεννήσεως
3681 2097 3777 2150 τῶν
3807 2097 3814 2118 ⁴

2213 2183 2534 2250 σπλάγχνων
2581 2178 2996 2249 ὲξοικιζόμενος,
3049 2181 3142 2233 καὶ
3185 2181 3332 2236 δεινὰ
3379 2183 3610 2254 πάσχειν
3663 2187 3778 2239 ἐϐόα

2209 2277 2310 2345 τῆς
2359 2271 2694 2342 καταθυμίου
2751 2271 3026 2340 διαγωγῆς
3071 2271 3484 2344 ἀποσπώμενος,
3539 2275 3678 2348 ὅπερ
3721 2278 3776 2349 δὴ

2213 2367 2306 2418 κα)⁸
2337 2367 2495 2427 ποιεῖ,
2529 2367 2592 2434 τῇ
2637 2361 2824 2434 πρώτῃ
2872 2365 3112 2432 ἁναπνοῇ
3165 2365 3534 2420 συνεκϐάλλων
3561 2367 3679 2438 ἅμα
3717 2373 3774 2440 τῇ

2211 2458 2459 2526 γεννήσει
2484 2456 2544 2508 τὸ
2565 2455 2812 2526 δάκρυον,
2845 2454 3034 2524 ὥσπερ
3065 2457 3384 2524 ἀγανακτῶν
3421 2475 3480 2510 τε
3529 2459 3624 2512 καὶ
3665 2461 3776 2512 ὀδυ-

2211 2549 2438 2618 ρόμενος
2469 2547 2560 2598 ἐπὶ
2587 2545 2663 2616 τῷ
2691 2547 2955 2618 χωρισμῷ
3003 2549 3100 2618 τῆς
3142 2547 3400 2616 συνήθους
3435 2547 3578 2619 ζωῆς
3601 2567 3616 2579 ·
3647 2550 3777 2604 οὕτω

2211 2655 2300 2709 μοι
2345 2637 2588 2692 δοκοῦσιν
2634 2640 2682 2690 οί
2732 2638 2868 2709 πρὸς
2905 2638 3004 2710 τὴν
3053 2638 3352 2710 μεταϐολὴν
3385 2639 3482 2692 τοῦ
3521 2642 3776 2712 παρόντος

2205 2730 2646 2800 δυσχεραίνοντες
2696 2729 2834 2800 βίου,
2866 2731 2926 2782 τὸ
2969 2729 3074 2783 τῶν
3127 2730 3378 2802 ἐμϐρύων
3424 2731 3679 2802 πάσχειν,
3727 2735 3776 2784 ἐν

2205 2821 2283 2892 τῷ
2305 2823 2391 2876 διὰ
2417 2823 2615 2886 παντὸς
2645 2821 2846 2874 ὲθέλειν
2863 2821 2938 2892 τῷ
2959 2822 3222 2893 χωρισμῷ
3245 2825 3340 2894 τῆς
3365 2823 3552 2896 ὑλικῆς
3581 2825 3780 2894 ταύτης

2205 2913 2395 2983 ἀηδίας
2417 2913 2770 2983 ἐμϐιοτεὺειν.
2811 2913 3058 2966 Ἐπειδὰν
3087 2915 3194 2984 γὰρ
3211 2915 3244 2984 ἡ
3277 2913 3403 2978 ὠδὶς
3425 2915 3520 2969 τοῦ
3547 2916 3776 2970 θανάτου

533 3016 694 3072 tetris
721 3015 893 3085 ipsius
933 3014 987 3067 in
1027 3013 1254 3067 materia
1277 3011 1540 3065 demersae
1573 3011 1696 3064 vita:
1747 3009 1886 3064 locis
1917 3024 2103 3064 versa-

2207 3005 2340 3075 πρὸς
2369 3005 2552 3075 ἕτερον
2601 3004 2711 3074 βίον
2739 3001 2864 3068 τοὺς
2895 3005 3212 3076 ἀνθρώπους
3267 3005 3576 3077 μαιεύηται,
3633 3009 3778 3061 αὐτοὶ

537 3107 607 3159 ri.
655 3103 1022 3174 Posteaquam
1068 3101 1214 3156 enim
1257 3099 1452 3156 mortis
1487 3109 1746 3168 tanquam
1783 3107 1972 3168 partus
2001 3098 2098 3152 do-

535 3195 682 3250 lores
725 3193 886 3265 quasi
929 3189 1279 3248 obstetricem
1313 3189 1632 3253 acciverint,
1668 3195 1726 3240 ut
1773 3189 1830 3240 in
1875 3188 2128 3240 alterum

534 3285 700 3338 vitam
748 3284 996 3337 homines
1043 3279 1350 3334 educantur
1378 3321 1394 3345 ,
1429 3279 1533 3346 ipsi
1569 3275 1786 3346 quidem
1814 3315 1829 3340 ,
1861 3291 1983 3330 cum
2035 3275 2098 3328 ad

533 3373 680 3428 illam
735 3374 910 3427 lucem
957 3371 1348 3442 processerint,
1403 3377 1458 3422 et
1515 3385 1710 3438 purum
1747 3369 1898 3420 illum
1933 3366 2098 3436 spiri-

533 3473 652 3520 tum
681 3464 987 3528 hauserint,
1027 3463 1402 3532 experimento
1439 3467 1797 3532 cognoscunt,
1833 3469 2096 3529 quantum

533 3558 625 3612 iila
659 3561 770 3611 vita
817 3558 884 3610 ab
937 3557 1044 3610 ista
1089 3553 1327 3610 differat.
1377 3557 1446 3610 At
1489 3555 1586 3618 illi,
1637 3553 1730 3623 qui
1789 3555 1842 3608 in
1879 3551 2098 3606 humida

533 3650 860 3721 putridaque
905 3648 1067 3704 istius
1093 3647 1222 3704 vitae
1272 3647 1516 3703 foeditate
1583 3646 1986 3714 relinquuntur,
2041 3655 2098 3698 ut

531 3743 694 3812 plane
730 3742 872 3796 fetus
903 3740 1128 3810 quidam
1166 3741 1224 3796 in
1259 3747 1435 3804 utero,
1463 3753 1570 3793 non
1605 3745 1788 3792 autem
1821 3736 2094 3799 homines,

531 3835 719 3889 dolent
751 3835 925 3888 vicem
983 3833 1132 3888 illius
1164 3871 1179 3898 ,
1210 3832 1304 3902 qui
1338 3831 1490 3902 prior
1519 3847 1584 3886 ex
1635 3830 1782 3895 istis,
1815 3845 1935 3898 quae
1997 3843 2096 3884 nos

531 3922 812 3986 ambiunt,
865 3923 1136 3992 angustiis
1163 3923 1460 3994 egreditur,
1507 3931 1766 3991 tanquam
1813 3922 1882 3994 ab
1913 3921 2096 3991 aliquo

528 4011 672 4066 bono
721 4010 987 4077 discedat,
1059 3993 1373 4069 nescientes
1425 4013 1475 4068 ei
1510 4053 1526 4076 ,
1575 4013 1640 4067 ad
1683 3993 2095 4068 similiiudinem

528 4103 775 4170 infantis,
822 4105 916 4174 qui
965 4119 1060 4174 per
1099 4112 1315 4175 partum
1355 4105 1410 4158 in
1465 4105 1639 4160 lucem
1687 4104 1826 4159 hanc
1871 4104 2090 4168 editur,

527 4194 718 4248 oculos
743 4193 966 4262 aperiri,
998 4194 1210 4266 oculos,
1245 4195 1490 4263 inquam,
1527 4193 1716 4256 animi,
1757 4191 1956 4261 quibus
2003 4207 2094 4246 ve-

529 4286 742 4338 ritatem
786 4299 967 4340 rerum
999 4285 1280 4350 intuetur;
1309 4285 1524 4339 aurium
1563 4299 1784 4339 sensum
1821 4283 2089 4353 pztetieri,

525 4389 639 4444 quo
665 4377 888 4430 exaudit
937 4391 1138 4431 arcana
1171 4377 1334 4430 verba
1359 4415 1374 4438 ,
1412 4391 1534 4445 quae
1575 4391 1682 4428 non
1715 4375 1878 4437 licet,
1916 4383 1974 4428 ut
2015 4376 2090 4429 ait

2207 4381 2252 4430 ιὺ
2307 4377 2543 4448 καθαρόν
2590 4393 2648 4429 τε

527 4467 862 4536 Apostolus,
913 4467 1120 4521 homini
1173 4466 1394 4536 loqui";
1431 4481 1494 4520 os
1541 4467 1954 4536 patelieri,quo
2003 4483 2094 4536 pu-

529 4574 674 4622 tum,
708 4573 738 4611 a
769 4559 1104 4628 materiaque
1141 4559 1378 4612 alienum
1411 4558 1596 4611 haurit
1654 4559 1928 4626 spiritum,
1998 4575 2094 4628 per

529 4665 688 4719 quem
739 4649 808 4704 ad
863 4650 1026 4702 verba
1078 4649 1323 4703 cmlestia
1353 4691 1368 4712 ,
1429 4665 1728 4719 verumque
1785 4665 2092 4704 sermonem

526 4739 798 4796 edendum
823 4737 1197 4800 confirmatur,
1231 4753 1354 4792 cum
1385 4749 1702 4794 sanctorum
1752 4741 2092 4802 canentium,
2127 4777 2130 4782 -

523 4843 582 4886 et
617 4829 818 4885 choros
867 4829 1258 4884 celebrantium
1309 4845 1538 4884 numero
1569 4829 1836 4884 admistus
1889 4829 2091 4883 fuerit:

523 4921 774 4976 divinum
803 4922 932 4972 item
963 4919 1218 4988 gustandi
1251 4933 1474 4974 sensum
1508 4917 1700 4982 tribui,
1751 4931 1880 4986 quo,
1945 4925 2004 4969 ut
2041 4916 2094 4969 in

521 5013 758 5070 Psalmis
779 5009 1056 5082 proditum
1085 5012 1226 5077 est”,
1258 5011 1502 5080 percipit,
1533 5011 1734 5065 bonum
1768 5025 1888 5065 esse
1911 5007 2096 5062 Denti-

521 5119 653 5162 num
685 5123 700 5159 :
735 5105 1026 5160 odoratum
1059 5111 1321 5173 prazterea
1351 5103 1514 5157 talem
1547 5102 1690 5168 dari,
1743 5115 1854 5170 quo
1881 5098 2094 5154 Christi

523 5197 742 5252 fruatur
773 5195 1046 5252 suavitate
1077 5211 1090 5248 :
1133 5207 1358 5264 eamque
1401 5193 1658 5263 tangendi
1697 5191 1826 5256 vim,
1868 5206 1976 5260 qua
2002 5205 2092 5244 ve-

521 5289 742 5344 ritatem
791 5287 1010 5342 animus
1077 5283 1470 5354 apprehendit,
1511 5293 1565 5338 et
1611 5281 1848 5337 Verbum
1909 5284 2088 5352 ipsunt

522 5387 864 5442 contrectat,
921 5383 982 5432 ut
1023 5373 1265 5430 Joannes
1311 5375 1602 5430 testatur“.
1661 5373 1816 5440 Quod
1863 5374 1910 5428 si
1951 5373 2088 5436 haec,

519 5475 578 5526 et
607 5470 716 5524 alia
757 5469 1032 5540 ejusmodi
1081 5478 1206 5540 post
1263 5469 1454 5524 mortis
1499 5477 1712 5537 partum
1771 5465 2086 5522 hominibus

591 5647 682 5704 ‘ll
710 5647 838 5706 Cor.
869 5664 972 5718 xu,
1009 5649 1063 5706 4.
1105 5651 1125 5682 ⁵
1159 5647 1307 5706 Psal.
1344 5662 1508 5716 cxvn,
1543 5647 1596 5716 εἰ,
1630 5649 1684 5702 5.

2210 3094 2306 3163 μὲν
2333 3093 2460 3146 ὅταν
2487 3095 2566 3156 εἰς
2589 3093 2646 3145 τὸ
2671 3093 2782 3160 φῶς
2805 3096 2978 3148 ἐκεῖνο
3001 3095 3348 3165 μετέλθωσιν,
3373 3097 3578 3150 καὶτοῦ
3603 3098 3775 3151 καθα-

2206 3183 2299 3254 ροῦ
2332 3185 2576 3237 σπάσωσι
2614 3183 2940 3252 πνεύματος,
2967 3187 3034 3256 τῇ
3065 3187 3230 3258 πείρα
3267 3186 3632 3256 γινώσκουσιν
3655 3191 3774 3244 ὅσον

2203 3278 2318 3329 ἐστὶ
2343 3277 2441 3346 τῆς
2479 3277 2622 3346 ζωῆς
2655 3277 2866 3347 ἐκείνης
2899 3279 3033 3349 πρὸς
3056 3281 3154 3350 τὴν
3179 3280 3273 3332 νῦν
3301 3281 3358 3332 τὸ
3389 3280 3670 3352 διάφορον.
3715 3283 3773 3340 Oi

2202 3369 2258 3420 δὲ
2287 3369 2700 3438 ὑπολειφθέντες
2741 3368 2816 3439 τῷ
2848 3370 3009 3441 ὑγρῷ.
3027 3372 3200 3441 τούτῳ
3233 3373 3325 3425 καὶ
3361 3372 3632 3427 «rasam
3663 3375 3774 3446 βίῳ,

2201 3461 2414 3533 ἔμϐρυα
2433 3461 2581 3524 ὄντες
2605 3461 2863 3532 ἀτεχνῶς,
2891 3463 2982 3514 καὶ
3003 3465 3103 3517 οὐκ
3119 3463 3214 3518 ἀνθ
3221 3481 3418 3535 ρωποι,
3435 3465 3776 3531 ταλανίζουει

2203 3553 2289 3605 τὸν
2321 3553 2708 3624 προεξελθόντα
2736 3555 2833 3624 τῆς
2859 3555 3218 3626 περιεχούσης
3242 3555 3388 3626 ἡμᾶς
3427 3559 3680 3630 συνοχῆς,
3709 3561 3778 3624 ὡς

2201 3645 2400 3713 ἀγαθοῦ
2451 3663 2592 3709 τινος
2640 3645 2744 3710 ἔξω
2785 3647 3096 3718 γενόμενον⁹
3145 3649 3244 3701 οὐκ
3285 3649 3485 3712 εἰδότες
3527 3651 3608 3703 ὅτι.
3661 3651 3778 3704 καθ’

2203 3737 2492 3808 ὁμοιότητα
2523 3737 2616 3790 τοῦ
2654 3737 2935 3806 τεχθέντος
2974 3737 3225 3810 βρέφους,
3277 3740 3550 3809 ἀνοίγεται
3609 3743 3713 3812 μὲν
3751 3743 3778 3796 ὁ

2198 3827 2500 3898 ὀφθαλμὸς,
2557 3831 2681 3883 ὅταν
2732 3827 2836 3894 ἔξω
2896 3829 2989 3882 τοῦ
3041 3831 3136 3885 νῦν
3196 3831 3506 3902 συνέχοντος
3548 3833 3776 3904 γένηται

2199 3917 2358 3989 (νοεῖν
2403 3919 2460 3972 δὲ
2505 3921 2609 3992 χρὴ
2643 3920 2858 3983 πάντως
2899 3923 2988 3976 τὸν
3032 3923 3306 3994 ὀφθαλμὸν
3355 3927 3456 3996 τῆς
3499 3925 3706 3995 ψυχῆς,
3735 3919 3776 3994 ᾧ

2195 4011 2346 4082 διορᾷ
2385 4012 2482 4084 τὴν
2523 4013 2628 4066 τῶν
2679 4014 2844 4067 δντων
2899 4015 3174 4086 ἀλήθειαν)
3202 4031 3215 4044 ·
3268 4015 3542 4084 ἀνοίγεται
3603 4015 3666 4070 δὲ
3718 4017 3778 4070 τὸ

2195 4103 2510 4156 ἀκουστικὸν
2557 4105 2944 4176 αἰσθητήριον,
3001 4105 3070 4158 δι’
3111 4101 3171 4161 οὗ
3221 4107 3328 4159 τῶν
3370 4105 3630 4179 ἀρρήτων
3683 4109 3776 4160 ἐπ-

2195 4195 2380 4248 ακούει
2411 4194 2688 4266 ῥημάτων,
2713 4195 2746 4248 ἂ
2771 4197 2870 4248 οὐκ
2897 4195 3014 4262 ἐξὸν
3030 4195 3298 4268 ἀνθρώπῳ
3313 4195 3564 4267 λαλῆσαι,
3583 4197 3776 4262 καθώς

2195 4303 2356 4356 φησιν
2385 4288 2414 4339 ὁ
2448 4288 2500 4338 ’Δ
2513 4285 2784 4349 πόστολος’
2818 4286 3087 4354 ἀνοίγεται
3109 4287 3165 4340 δὲ
3195 4287 3254 4340 τὸ
3287 4287 3478 4357 στόμα,
3506 4288 3596 4341 καὶ
3629 4288 3776 4342 ἕλκει

2699 4378 2791 4430 καὶ
2833 4378 2993 4432 ᾶῦλον
3050 4378 3285 4449 πνεῦμα,
3336 4379 3401 4432 δι’
3437 4379 3465 4432 ὃ
3517 4380 3773 4434 τονοῦται

2191 4465 2326 4536 προς
2365 4467 2464 4536 τὴν
2515 4467 2707 4538 νοητὴν
2753 4468 2934 4538 φωνὴν
2989 4469 3082 4522 καὶ
3129 4471 3220 4522 τὸν
3283 4471 3532 4542 ἀληθινὸν
3589 4471 3776 4542 λόγο),

2189 4559 2317 4611 ὃταν
2365 4559 2674 4629 καταμιχθῇ
2725 4561 2802 4631 τῷ
2852 4561 2970 4630 ἤχῳ
3023 4561 3127 4613 τῶν
3175 4561 3536 4632 ἑορταζόντων
3583 4565 3648 4616 ὲν
3702 4563 3778 4632 τῷ

2195 4649 2305 4700 τῶν
2353 4649 2520 4716 ἁγίων
2574 4650 2753 4721 χορῴο
2806 4649 2952 4705 οὕτω
2997 4651 3054 4704 δὲ
3105 4651 3199 4704 καὶ
3243 4653 3480 4720 γεύσεως
3526 4653 3778 4716 ἀξιοῦται

2193 4739 2362 4802 Θείας,
2413 4739 2480 4792 δι’
2526 4733 2594 4810 ἧς
2647 4739 2902 4806 γινώσκει
2967 4741 3107 4794 κατά
3160 4741 3259 4811 τὴν
3303 4741 3642 4812 ψαλμῳδίαν,
3697 4745 3776 4796 ὅτι

2193 4831 2424 4902 χρηστὸς
2453 4833 2480 4884 ὁ
2507 4831 2728 4900 Κύριοςο
2759 4832 2854 4884 καὶ
2875 4831 2962 4886 διὰ
2981 4832 3077 4901 τῆς
3098 4833 3462 4903 ὀσφραντικῆς
3491 4834 3780 4902 ἐνεργείας

2191 4923 2288 4993 τῆς
2319 4921 2411 4974 τοῦ
2457 4922 2690 4992 Χριστοῦ
2735 4922 2960 4986 εὐωδίας
3001 4921 3454 4990 ἀντιλαμϐάνεται
3479 4937 3494 4952 ·
3549 4923 3644 4974 καὶ
3679 4921 3778 4991 τὴν

2192 5014 2426 5083 ἀπτικὴν
2449 5013 2856 5084 προσλαμϐάνει
2885 5013 3134 5084 δύναμιν,
3153 5011 3500 5082 ἐφαπτομένη
3521 5012 3620 5080 τῆς
3651 5012 3778 5082 ἀληο

2195 5103 2345 5166 θείας
2377 5106 2410 5172 ή
2443 5103 2610 5174 ψυχὴ,
2647 5105 2742 5157 καὶ
2783 5103 3087 5174 ψηλαφῶσα
3137 5103 3230 5157 τὸν
3269 5102 3462 5171 Λόγον,
3485 5101 3628 5154 κατά
3679 5103 3778 5172 τὴν

2203 5193 2448 5247 Ἰωάννου
2479 5196 2804 5266 μαρτυρίαν.
2837 5198 2900 5250 Εί
2925 5195 3098 5249 ταῦτα
3127 5194 3306 5247 τοίνυν
3335 5193 3428 5247 καὶ
3449 5193 3520 5246 τὰ
3545 5195 3778 5245 τοιαῦτα

2195 5283 2332 5354 μετά
2369 5283 2459 5338 τὸν
2491 5285 2580 5338 διὰ
2608 5284 2698 5338 τοῦ
2729 5285 2953 5340 θανάτου
2985 5283 3143 5336 τόκον
3169 5285 3283 5346 τοῖς
3306 5281 3608 5351 ἀνθρώποις
3635 5283 3776 5334 ἀπό·

2193 5392 2390 5442 κειται,
2427 5377 2480 5429 τί
2528 5375 2773 5447 βούλεται
2799 5377 2860 5429 τὸ
2888 5375 3102 5438 πένθος,
3139 5373 3236 5428 καὶ
3277 5375 3310 5444 ὴ
3353 5371 3776 5442 σκυθρωπότης.

2191 5468 2287 5522 καὶ
2320 5470 2354 5539 ἡ
2395 5470 2698 5540 maneam;
2733 5461 2845 5522 Νῦν
2867 5471 2996 5540 ἡμῖν
3023 5471 3052 5520 ὁ
3085 5467 3218 5537 πρὸς
3243 5467 3343 5535 τὴν
3369 5465 3477 5520 τῶν
3507 5464 3774 5534 πραγμά-

1763 5649 1782 5679 ⁶
1819 5647 1836 5700 l
1875 5646 2031 5704 Joan.
2069 5663 2110 5714 1,
2143 5645 2193 5701 l.
