3844 6440
92 298 181 352 517
1478 293 1566 348 DE
1606 293 1662 347 Ml

1766 288 1931 345 TUlS.

3236 290 3341 348 5l8

90 432 187 468 των
246 414 410 483 φύσιν
457 413 673 484 βλέπων
718 413 1125 485 ἀποκρινέσθω,
1177 415 1225 465 εἰ
1275 408 1660 478 προτιμότερον

1766 402 2003 471 reposita
2056 408 2202 464 sunt,
2251 378 2383 470 quid
2419 400 2520 455 sibi
2551 402 2666 457 vult
2700 402 2879 458 luctus
2903 442 2917 465 ,
2946 410 3001 458 et
3024 418 3261 469 mceror,
3288 416 3343 461 et

90 508 252 559 οἴεται
280 506 342 558 τὺ
375 508 489 569 τοῖς
523 508 851 574 σωματικοῖς
876 505 1245 574 αἰσθητηρίοις
1285 500 1410 569 περὶ
1448 498 1547 567 τὴν
1571 496 1662 550 τοῦ

91 597 249 651 καλοῦ
280 598 465 669 κρίσιν
489 595 905 654 διαπλανᾶσθαι,
932 594 1021 643 τοῦ
1048 590 1236 660 γυμνῷ
1261 588 1339 658 τῷ
1368 590 1463 659 τῆς
1492 587 1666 657 ψυχῆς

91 689 349 760 ὀφθαλμῷ
391 690 525 761 πρὸς
568 686 736 756 αὐτὴν
778 689 874 755 τὴν
908 684 1015 735 τῶν
1067 680 1405 751 πραγμάτων
1452 680 1667 749 βλέπειν

92 781 363 851 ἀλήθειαν.
413 776 675 831 Ἐνταῦθα
708 775 815 843 γάρ
854 774 1063 843 ἀνάγκη
1094 789 1178 835 τις
1216 772 1403 824 ἔπεστι
1431 775 1493 842 τῇ
1521 771 1663 842 ψυχῇ

92 869 342 939 ἀλλοτρίᾳ
372 866 549 938 κρίσει
582 863 848 917 δουλεύειν
879 864 935 914 ἐν
962 866 1023 932 τῇ
1057 862 1182 931 περὶ
1213 860 1306 914 τοῦ
1340 862 1502 913 καλοῦ
1532 862 1664 913 ὑπο-

91 960 217 1028 νοίᾳ.
264 956 487 1027 Ἐπειδὴ
514 956 620 1023 γάρ
646 953 677 1021 ἡ
714 952 895 1005 τελεία
929 951 1028 1020 τῆς
1051 951 1226 1020 ψυχῆς
1256 950 1479 1020 δύναμις
1519 949 1664 1020 ἀχώ-

92 1049 245 1117 ρητός
290 1048 438 1099 ἐστιν
486 1043 579 1095 ἐπὶ
613 1041 690 1111 τῷ
737 1043 1053 1112 νηπιάζοντι
1099 1040 1331 1111 σώματι,
1364 1045 1397 1111 ἡ
1458 1042 1515 1094 δὲ
1556 1041 1664 1095 τῶν

88 1138 453 1208 αἰσθητηρίων
496 1132 746 1203 ἐνέργεια
788 1132 948 1195 εὐθὺς
983 1133 1163 1186 τελεία
1198 1133 1274 1202 τῷ
1305 1133 1493 1204 βρέφει
1540 1151 1662 1187 συν-

88 1228 465 1282 αποτίκτεται”
519 1223 707 1276 τούτου
745 1223 905 1295 χάριν
954 1224 1393 1294 προλαμϐάνεται
1426 1225 1528 1279 ὑπὸ
1566 1226 1663 1295 τῆς

87 1321 388 1391 αἰσθήσεως
410 1317 445 1385 ή
469 1315 675 1369 διάνοια
708 1316 766 1367 ἐν
804 1319 871 1385 τῇ
900 1315 993 1368 τοῦ
1041 1315 1204 1369 καλοῦ
1238 1316 1432 1387 κρίσει,
1469 1318 1560 1369 καὶ
1601 1318 1662 1371 τὸ

86 1417 186 1472 τοξ
208 1407 590 1479 αἰσθητηρίοις
612 1406 777 1475 φανὲν
802 1408 899 1477 ήδη
922 1407 1016 1460 καὶ
1037 1406 1288 1478 νομισθὲν
1310 1403 1448 1461 εἶναι
1474 1407 1659 1473 καλὸν,

83 1501 166 1554 καὶ
211 1500 301 1552 διὰ
338 1497 629 1569 συνηθείας
660 1498 1115 1569 προειλημμένον,
1165 1497 1539 1561 ἀϐασανίστως
1578 1500 1661 1552 δέ-

80 1608 230 1661 χεται
260 1593 295 1659 ἡ
324 1590 471 1660 ψυχὴ
500 1591 696 1654 ἐκεῖνο,
732 1589 893 1643 καλὸν
925 1584 1061 1643 εἶναι
1092 1591 1391 1658 πεισθεῖσα,
1428 1591 1562 1662 ὅπερ
1594 1590 1658 1645 ἂν

82 1682 427 1755 προλαϐοῦσα
459 1683 977 1754 προσμαρτυρήσῃή
1013 1680 1281 1753 αἴσθησις,
1319 1685 1375 1735 έν
1406 1684 1657 1754 χρώμασί

80 1794 180 1828 τισι
226 1776 325 1829 καὶ
366 1779 561 1846 χυμοῖς
606 1776 837 1837 καὶτοῖς
884 1773 1144 1838 τοιούτοις
1184 1776 1368 1847 λήροις
1408 1776 1467 1829 τὸ
1494 1778 1657 1830 καλὸν

81 1869 361 1939 θεωροῦσα
385 1883 398 1895 ⁶
451 1861 526 1921 ὧν
571 1867 766 1938 μηκέτι
798 1868 1242 1936 προφαινομένων
1278 1870 1415 1937 μετά
1453 1871 1551 1940 τὴν
1596 1873 1659 1926 ἐκ

81 1961 164 2014 τοῦ
194 1959 455 2030 σώματος
482 1958 679 2025 ἔξοδον,
707 1958 919 2031 ἀνάγκη
955 1962 1104 2013 πᾶσα
1131 1961 1191 2013 τὸ
1215 1961 1428 2032 ἀληθῶς
1457 1964 1658 2032 ἀγαθὸν

82 2058 137 2124 τῇ
402 2056 653 2122 φανῆναι,
700 2053 834 2122 πρὸς
883 2053 911 2105 ὃ
972 2053 1111 2107 κατά
1153 2055 1312 2124 φύσιν
1365 2056 1655 2125 ᾠκείωται.

79 2142 208 2197 Οὔτε
243 2142 353 2214 γάρ
386 2141 522 2211 πρὸς
550 2141 609 2192 τὸ
642 2139 868 2212 εύχρουν
908 2142 1044 2212 ἐτιή
1078 2142 1199 2213 ὄψις
1220 2144 1656 2218 δελεασθήσεται,

80 2234 165 2288 τοῦ
191 2233 481 2303 ὀφθαλμοῦ
519 2232 707 2284 τούτου
740 2233 936 2303 μηκέτι
975 2233 1124 2298 ὄντος
1145 2251 1158 2264 ·
1203 2234 1327 2288 οὗτε
1369 2237 1502 2309 πρὸς
1534 2238 1661 2293 ἄλλο

79 2343 125 2377 τι
152 2325 267 2377 τῶν
298 2323 843 2391 καταγλυκαινόντων
870 2324 936 2378 τά
978 2325 1304 2398 αἰσθητήρια
1337 2330 1369 2399 ή
1398 2331 1659 2403 ίσορῤοπὴ

79 2419 168 2490 τῆς
189 2415 572 2487 προαιρέσεως
601 2416 774 2483 ἔσται,
810 2418 987 2489 πάσης
1012 2421 1333 2490 σωματικῆς
1359 2423 1661 2494 αἰσθήσεως

78 2507 515 2577 ἀποσϐεσθείσης
531 2525 543 2538 ·
576 2509 742 2580 μόνης
764 2510 821 2562 δὲ
844 2510 942 2579 τῆς
963 2513 1154 2581 νοερᾶς
1186 2514 1461 2581 ἐνεργείας
1483 2513 1660 2579 ἀΰλως

80 2620 130 2654 τε
156 2602 256 2654 καὶ
295 2599 606 2669 ἀσωμάτως
634 2601 725 2654 τοῦ
757 2601 948 2672 νοητοῦ
996 2602 1225 2666 κάλλους
1257 2606 1659 2676 ἐφαπτομένης,

78 2690 375 2752 ἀκωλύτως
418 2692 452 2759 ἡ
492 2691 651 2759 φύσις
692 2694 751 2745 τὸ
800 2693 926 2745 ἴδιον
967 2693 1305 2764 ἀπολήψεται
1358 2695 1581 2763 ἀγαθὸν,
1633 2696 1660 2749 ὃ

80 2784 213 2853 μήτε
262 2783 488 2854 χρῶμα,
554 2784 690 2853 μήτε
739 2782 944 2853 σχῆμα,
985 2785 1122 2855 μήτε
1170 2786 1470 2850 διάστασις,
1527 2788 1661 2859 μήτε

75 2876 386 2945 πηλικότης
414 2877 582 2939 ἐστὶν,
612 2876 724 2928 ἀλλ’
752 2876 781 2927 ὃ
814 2878 992 2930 πᾶσαν
1022 2879 1375 2950 στοχαστικήν
1418 2881 1662 2933 εἰκασίαν

75 2968 441 3039 παρέρχεται.
474 2967 539 3021 Τί
564 2964 676 3032 οὖν,
710 2968 839 3032 ἴσως
866 2971 979 3040 ἐρεῖ
1008 2987 1091 3033 τις
1129 2969 1488 3041 δυσχεραίνων
1528 2972 1664 3042 πρὸς

1686 1743 1735 1804 Β

1767 492 2041 562 squalor?
2078 492 2463 560 Respondcant
2507 493 2595 547 hic
2626 493 2785 549 nobis
2823 493 2916 564 qui
2958 510 3136 549 rerum
3184 508 3345 550 natu-

1767 599 1884 639 ram
1944 584 2271 653 explorant,
2323 594 2506 638 utrum
2580 586 2776 641 melius
2832 595 3060 656 putent,
3098 588 3152 642 in
3198 589 3344 643 bono

1766 675 2118 746 dijudicando
2152 676 2434 745 corporeis
2484 676 2736 732 sensibus
2790 677 3001 747 decipi,
3047 694 3116 733 an
3167 679 3343 734 oculis

1766 768 1935 822 animi
1966 768 2250 821 veritatem
2276 768 2453 837 ipsam
2486 769 2750 837 aspicere.
2798 766 2897 822 Hic
2935 769 3103 837 enim,
3137 770 3195 824 ni
3242 771 3342 825 bo-

1766 875 1897 912 num
1929 859 2108 928 ipsum
2153 858 2371 912 animus
2413 858 2735 926 discernat,
2789 861 2966 916 alieno
3009 862 3215 931 judicio
3245 880 3342 918 co-

1769 952 1916 1021 gitur
1976 951 2264 1005 inservire.
2330 949 2542 1005 Etenim
2604 966 2726 1005 eum
2802 952 3099 1021 perfectam
3167 954 3342 1024 ipsius

1764 1044 1875 1097 vim
1938 1057 2141 1112 corpus
2224 1057 2417 1098 recens
2488 1053 2831 1112 compactum
2866 1081 2882 1106 ,
2944 1058 3008 1097 ac
3063 1047 3345 1115 pueriliter

1767 1148 1934 1204 agens
1987 1149 2183 1203 capere
2237 1141 2493 1202 nequeat,
2543 1133 2785 1203 perfecta
2846 1141 3025 1189 autem
3085 1151 3343 1190 sensuum

1765 1226 1909 1280 actio
1953 1227 2117 1279 simul
2150 1241 2272 1280 cum
2308 1224 2518 1280 infante
2578 1238 2869 1293 nascatur,
2915 1226 2975 1280 ﬁt
3018 1236 3077 1281 ut
3113 1228 3166 1282 in
3198 1228 3347 1297 judis

1764 1318 1940 1372 cando
1980 1319 2124 1371 bono
2162 1333 2360 1373 sensus
2399 1318 2640 1371 animum
2678 1326 3028 1388 praevertam,
3070 1327 3145 1387 et,
3195 1321 3341 1391 quod

1761 1410 2018 1465 sensibus
2052 1409 2253 1463 bonum
2298 1409 2635 1478 apparuerit,
2670 1408 2853 1463 animo
2902 1424 3117 1479 quoque
3159 1410 3345 1464 videa-

1762 1509 1871 1554 tur.
1955 1498 2142 1569 Itaque
2220 1509 2442 1569 propter
2503 1500 2809 1554 institutam
2890 1499 3344 1555 consuetudinem

1761 1594 1979 1647 animus
2020 1592 2424 1647 inconsiderate
2472 1600 2530 1646 ut
2589 1594 2793 1648 bonum
2846 1594 3191 1662 amplectitur
3238 1592 3292 1648 id
3325 1633 3342 1657 ,

1763 1684 1909 1754 quod
1962 1699 2159 1739 sensus
2204 1684 2425 1746 colore,
2462 1695 2514 1737 et
2555 1700 2742 1751 succo,
2792 1696 2846 1739 et
2900 1685 3025 1739 aliis
3072 1683 3345 1754 ejusmodi

1765 1775 2040 1831 illecebris
2079 1774 2281 1828 bonum
2336 1775 2627 1831 dimetiens
2677 1776 2991 1830 testimonio
3044 1792 3145 1830 suo
3191 1792 3344 1831 com-

1763 1868 2027 1937 probarit.
2062 1866 2272 1933 Quibus
2312 1875 2434 1938 post
2480 1867 2785 1923 discessum
2827 1884 2857 1921 a
2901 1883 3130 1935 corpore
3160 1868 3343 1923 subla-

1762 1960 1861 2021 tis,
1909 1973 2134 2014 necesse
2177 1965 2288 2020 est,
2334 1966 2392 2011 ut
2441 1958 2656 2011 animus
2698 1959 2753 2012 id
2798 1973 2924 2013 vere
2975 1960 3173 2013 bonum
3224 1957 3340 2013 exi-

1763 2051 1987 2113 stimet,
2038 2050 2183 2120 quod
2242 2050 2523 2119 proprium
2579 2050 2685 2120 ipsi
2753 2057 2806 2105 et
2862 2058 3057 2103 natura
3109 2049 3341 2119 conjun-

1762 2147 1912 2194 ctum
1945 2146 2049 2193 est.
2107 2137 2295 2208 Neque
2345 2139 2489 2193 enim
2545 2139 2778 2209 amplius
2831 2139 3060 2209 pulchra
3139 2140 3341 2196 coloris

1763 2231 1944 2300 specie
1970 2229 2234 2284 illicietur
2264 2229 2511 2295 obtutus,
2541 2229 2809 2300 ademptis
2836 2229 2951 2300 jam
2997 2231 3210 2286 oculis:
3240 2246 3341 2286 nec

1763 2321 1912 2375 aliud
1961 2322 2262 2391 quidquam
2293 2338 2506 2388 eorum,
2540 2340 2662 2394 qua:
2711 2340 2933 2380 sensum
2977 2325 3292 2380 demulcent
3320 2366 3336 2392 ,

1761 2414 2021 2485 eligetur,
2056 2415 2313 2469 omnibus
2346 2420 2623 2483 corporeis
2667 2418 2920 2473 sensibus
2971 2417 3170 2472 ablatis
3198 2458 3213 2484 ,
3248 2433 3340 2472 re-

1763 2508 2003 2578 lictaque
2052 2508 2168 2563 sola
2214 2509 2413 2563 mentis
2447 2510 2662 2565 actione
2712 2511 2952 2565 materiae
2988 2521 3042 2565 et
3089 2510 3340 2582 corporis

1765 2610 2012 2668 experte,
2060 2600 2302 2655 divinam
2342 2600 2800 2670 pulchritudinem
2826 2602 3337 2678 comprehendente,

1764 2693 1883 2749 sine
1936 2693 2046 2745 ullo
2092 2693 2482 2762 impedimento
2535 2702 2732 2747 natura
2782 2694 3060 2764 proprium
3128 2694 3335 2748 bonum

1764 2784 2045 2854 percipiet,
2082 2784 2225 2854 quod
2261 2800 2359 2838 nec
2386 2785 2536 2838 color
2563 2795 2645 2839 est
2678 2824 2693 2849 ,
2741 2800 2841 2839 nec
2871 2787 3041 2855 ligura
3074 2825 3088 2850 ,
3125 2800 3227 2840 nec
3255 2787 3341 2840 in-

1763 2876 2073 2941 tervallum,
2136 2890 2237 2930 nec
2266 2877 2546 2946 quantitas
2570 2916 2583 2939 ,
2614 2876 2708 2931 sed
2744 2891 2960 2931 omnem
3008 2876 3340 2946 conjectura:

1766 2967 2177 3022 similitudinem
2212 2977 2454 3037 superat.
2508 2966 2619 3021 Cur
2664 2967 2851 3038 igitur,
2893 2962 3102 3037 inquiet
3131 2969 3337 3040 aliquis

76 3061 167 3127 τὴν
198 3057 488 3128 παροῦσαν
518 3058 695 3130 ζωήν;
730 3060 815 3112 ἵνα
857 3066 909 3112 τί
950 3060 1011 3113 τὸ
1036 3061 1215 3131 σῶμα,
1246 3061 1338 3113 καὶ
1367 3063 1485 3115 ἀντὶ
1518 3062 1660 3127 τίνος

1769 3058 2058 3127 praesentis
2093 3058 2215 3113 vita:
2242 3057 2464 3112 miseria
2494 3058 2706 3123 dolens,
2742 3058 2946 3113 factum
2994 3069 3079 3114 est
3109 3074 3332 3129 corpus,

78 3154 227 3221 ἡμῖν,
261 3151 427 3220 εἴπερ
475 3151 695 3219 ἄμεινον
734 3155 761 3204 6
790 3154 957 3223 χωρὶς
995 3151 1183 3206 τούτου
1217 3153 1329 3224 βίος
1367 3154 1661 3226 ἀπεδείχθη

75 3244 146 3313 τῷ
180 3244 371 3314 λόγῳ;
403 3245 544 3314 Πρὸς
566 3244 624 3297 ὃν
652 3244 914 3315 ἐροῦμεν,
944 3246 1023 3299 ὅτι
1053 3248 1114 3300 οὐ
1146 3248 1339 3318 μικρόν
1363 3248 1476 3301 ἐστι
1515 3250 1575 3302 τὸ
1599 3251 1663 3303 ὲκ

74 3336 284 3389 τούτων
320 3336 510 3405 κέρδος
532 3338 642 3399 τοῖς
670 3336 984 3407 δυναμένοις
1012 3339 1089 3401 εἰς
1115 3340 1295 3392 πᾶσαν
1324 3338 1537 3409 βλέπειν
1565 3340 1662 3410 τὴν

74 3426 397 3498 οἰκονομίαν
446 3428 546 3495 τῆς
592 3428 825 3497 φύσεως.
866 3430 1154 3500 Μακάριος
1200 3431 1298 3500 μὲν
1349 3431 1457 3502 γάρ
1497 3432 1663 3495 ὅντως

74 3522 289 3582 ἐκεῖνος
330 3518 441 3573 τῶν
469 3519 713 3587 ἀγγέλων
742 3523 769 3573 6
793 3520 924 3589 βίος,
955 3523 983 3575 6
1028 3523 1192 3592 μηδὲν
1230 3522 1323 3575 τοῦ
1350 3524 1662 3593 σωματικοῦ

75 3611 481 3683 προσδεόμενος
506 3612 721 3682 βάρους.
767 3614 841 3666 Οὐ
892 3614 998 3683 μὴν
1029 3613 1148 3666 οὐδὲ
1185 3606 1336 3678 οὗτος
1370 3615 1664 3686 ἁσυντελὴς

72 3703 145 3765 ὡς
191 3702 337 3773 πρὸς
368 3704 573 3756 ἐκεῖνόν
602 3705 768 3759 ἐστιν.
814 3705 961 3769 Ὁδὸς
989 3704 1096 3776 γὰρ
1120 3706 1257 3777 πρὸς
1289 3706 1348 3759 τὸ
1372 3706 1664 3776 ἐλπιζόμε-

73 3812 162 3849 νον
211 3797 244 3847 6
286 3793 481 3865 παρὼν
517 3794 721 3863 γίνεται
770 3796 903 3866 βίος.
940 3797 1208 3868 Καθάπερ
1252 3799 1345 3851 ἐπὶ
1386 3799 1492 3851 τῶν
1538 3798 1665 3868 βλα-

74 3886 383 3956 στημάτων
429 3885 573 3939 ἔστιν
625 3887 781 3940 ἰδεῖν
828 3889 913 3957 ἐφ’
961 3883 1037 3943 ὧν
1076 3892 1104 3942 6
1148 3891 1358 3961 καρπὸς
1409 3888 1663 3945 ἀπὸ’τοῦ

75 3978 277 4039 ἄνθους
310 3976 633 4048 ἀρξάμενος,
666 3979 734 4031 δι’
762 3981 925 4034 αὑτοῦ
957 3980 1202 4051 πρόεισιν
1236 3984 1313 4045 είς
1333 3983 1393 4035 τὸ
1414 3983 1664 4051 γενέσθαι

75 4070 320 4142 καρπὸς,
364 4072 467 4125 κᾶν
514 4071 588 4142 μὴ
634 4073 845 4143 καρπὸς
955 4074 1015 4126 τὸ
1055 4073 1232 4136 ἄνθος.
1284 4074 1443 4127 Ἀλλά
1477 4076 1569 4129 καὶ
1597 4076 1666 4129 τά

75 4164 212 4233 λήῐα
260 4162 376 4217 τῶν
423 4165 751 4235 σπερμάτων
784 4166 1119 4235 ὲκφυόμενα,
1160 4167 1259 4219 οὐκ
1299 4166 1457 4229 εὐθὺς
1491 4168 1547 4219 ὲν
1590 4167 1665 4236 τῷ

76 4261 282 4326 στάχυϊ
338 4257 622 4324 φαίνεται,
674 4256 809 4311 ἀλλά
843 4257 1033 4327 χόρτος
1083 4258 1142 4310 τὺ
1198 4258 1414 4329 πρῶτον
1455 4258 1664 4325 γίνεται

76 4348 417 4419 βλάστημα,
465 4345 585 4401 εἷτα
641 4349 747 4402 ἀπὸ
808 4349 998 4411 τούτου
1056 4350 1275 4419 καλάμη
1331 4350 1663 4413 συνίσταται,

1763 3160 1856 3204 aut
1896 3165 1997 3205 cur
2040 3152 2200 3206 nobis
2233 3150 2441 3213 datum,
2476 3151 2745 3223 siquidem
2771 3190 2787 3216 ,
2830 3160 2890 3207 ut
2936 3153 3175 3208 ostendit
3215 3169 3341 3207 ora-

1765 3244 1845 3297 tio
1875 3252 1988 3309 tua,
2023 3244 2133 3298 vita
2158 3243 2227 3297 ab
2258 3244 2349 3297 illo
2379 3243 2624 3312 sejuncta
2669 3246 3012 3314 praestantior
3040 3253 3124 3302 est
3152 3246 3174 3297 ?
3201 3244 3340 3302 Huic

1764 3336 2239 3404 respondebimus,
2288 3350 2399 3390 non
2442 3349 2668 3405 parvum
2708 3352 2772 3390 ex
2815 3336 2906 3390 illo
2936 3335 3147 3389 lucrum
3183 3351 3341 3394 acce-

1764 3428 1913 3491 dere,
1965 3430 2009 3483 si
2050 3431 2172 3498 quis
2206 3446 2423 3485 omnem
2469 3440 2678 3484 naturae
2725 3429 2972 3485 ordinem
2999 3429 3330 3485 consideret.

1764 3524 1931 3577 Beata
1967 3523 2184 3592 quidem
2216 3532 2300 3579 est
2346 3525 2437 3579 illa
2493 3525 2810 3594 angelorum
2846 3523 2992 3589 vita,
3036 3538 3157 3593 qua:
3184 3523 3338 3580 nullo

1764 3624 1885 3685 eget
1939 3617 2184 3685 corporis
2219 3617 2476 3686 pondere.
2518 3618 2771 3671 Attamen
2802 3630 2978 3686 neque
3028 3617 3174 3683 haec,
3205 3632 3341 3687 qua-

1765 3714 1925 3760 tenus
1954 3705 2022 3759 ad
2054 3706 2201 3759 illam
2227 3706 2500 3778 dirigitur,
2542 3714 2627 3761 est
2674 3707 3012 3777 imperfecta.
3045 3706 3140 3762 Est
3189 3708 3339 3762 enim

1769 3813 2009 3868 praesens
2067 3798 2178 3851 vita
2223 3805 2485 3867 tanquam
2538 3798 2626 3851 via
2676 3797 2923 3868 quaedam
2972 3812 3072 3853 nos
3126 3799 3337 3855 ducens

1767 3891 1833 3943 ad
1868 3890 1918 3942 id
1966 3890 2111 3958 quod
2154 3904 2454 3959 speramus.
2503 3888 2573 3944 Ut
2618 3890 2673 3945 in
2722 3889 3007 3944 arboribus
3051 3888 3335 3947 videmus:

1766 3981 1823 4033 in
1853 3980 2054 4050 quibus
2114 3994 2238 4032 cum
2284 3979 2497 4035 fructus
2529 3996 2559 4033 a
2594 3980 2726 4035 ﬂore
2759 3979 3090 4050 principium
3137 3980 3336 4045 ducat,

1766 4087 1864 4142 per
1893 4072 2069 4141 ipsum
2112 4069 2298 4126 liorem
2327 4086 2393 4126 eo
2441 4070 2806 4142 progreditur,
2845 4080 2906 4125 ut
2953 4071 3164 4127 fructus
3202 4072 3294 4126 ﬁat
3318 4116 3334 4138 ,

1769 4166 1891 4220 licet
1917 4164 2016 4219 llos
2057 4179 2164 4218 non
2193 4164 2265 4219 sit
2296 4162 2527 4219 fructus.
2566 4164 2632 4217 Et
2679 4164 2809 4233 ipsae
2839 4171 3047 4233 segetes
3069 4202 3085 4227 ,
3117 4179 3239 4234 quae
3265 4179 3335 4219 ex

1768 4258 2069 4313 seminibus
2113 4256 2472 4326 proveniunt,
2508 4271 2618 4310 non
2659 4255 2840 4310 statim
2898 4256 3103 4325 spicam
3153 4263 3340 4311 osten-

1772 4359 1927 4415 tant,
1968 4351 2061 4405 sed
2106 4348 2274 4404 herba
2308 4350 2542 4419 primum
2592 4348 2909 4413 enascitur,
2959 4348 3155 4404 deinde
3218 4351 3337 4404 cul-

72 4439 521 4511 περιφθαρέντος
546 4439 639 4494 τοῦ
666 4441 858 4512 χόρτου
881 4457 895 4473 ο
932 4441 1025 4493 καὶ
1067 4441 1207 4493 οὕτω
1233 4443 1295 4512 τῇ
1324 4440 1529 4511 κεφαλῇ
1570 4440 1662 4493 τοῦ

1770 4458 1894 4498 inus
1944 4442 2112 4497 herba
2170 4450 2425 4512 corrupta
2476 4441 2803 4513 consurgit,
2838 4448 2955 4494 tum
3012 4440 3068 4495 in
3124 4455 3340 4497 summa

73 4533 358 4603 ἀστάχυος
387 4535 418 4586 6
445 4533 653 4602 καρπὸς
677 4532 1094 4603 ἐμπεπαίνεται.

148 4625 306 4696 Πλὴν
337 4624 440 4678 οὐκ
464 4626 701 4678 αἰτιᾶται
727 4624 822 4696 τὴν
852 4627 1155 4693 ἀναγκαίαν
1182 4626 1384 4697 ταύτην
1419 4625 1667 4697 περίοδόν

74 4737 136 4771 τε
166 4718 266 4771 καὶ
295 4717 618 4771 ἀκολουθίαν
647 4719 674 4769 6
704 4716 989 4786 γεηπόνος,
1008 4717 1105 4771 Διά
1126 4718 1199 4781 τί,
1222 4718 1415 4785 λέγων,
1440 4720 1544 4789 πρὸ
1572 4717 1665 4771 τοῦ

76 4808 304 4882 καρποῦ
336 4809 435 4862 καὶ
470 4808 667 4875 ἄνθος;
706 4808 739 4877 ἢ
777 4808 916 4879 ὑπὲρ
940 4808 1079 4873 τίνος
1101 4812 1129 4863 6
1151 4812 1213 4862 ἐκ
1231 4810 1325 4862 τοῦ
1357 4811 1671 4882 σπέρματος

76 4903 506 4975 προανατέλλων
532 4903 721 4973 χόρτος
739 4941 753 4965 ,
789 4901 842 4953 εί
865 4919 929 4969 γε
966 4902 1058 4954 καὶ
1114 4902 1175 4954 τὸ
1201 4902 1358 4965 ἄνθος
1390 4902 1670 4973 ἀπορρέει,

1772 4537 1925 4608 spica
1956 4550 2182 4607 granum
2225 4536 2526 4607 perﬁcitur.

1844 4629 1975 4695 Quae
2008 4644 2132 4683 cum
2169 4630 2345 4693 ﬁunt,
2384 4627 2754 4684 necessarium
2791 4627 2936 4681 hunc
2973 4625 3253 4691 ordinem,
3288 4635 3344 4681 et

1774 4723 1970 4778 seriem
2021 4736 2133 4775 non
2170 4731 2394 4775 accusat
2443 4719 2716 4790 agricola,
2773 4733 2874 4773 nec
2922 4717 3019 4782 ait,
3069 4722 3344 4783 Quorsum

1772 4811 1871 4866 llos
1909 4820 2034 4866 ante
2073 4810 2357 4866 fructum?
2397 4819 2489 4863 aut
2523 4824 2624 4863 cur
2662 4806 2831 4862 berba
2865 4806 3114 4861 nascitur
3149 4806 3304 4875 prius
3328 4848 3342 4869 ,

1768 4919 1930 4974 quam
1962 4904 2137 4971 ipsum
2166 4918 2395 4973 granum
2422 4941 2437 4967 ,
2469 4915 2594 4956 cum
2626 4909 2680 4954 et
2709 4899 2809 4954 llos
2839 4897 3074 4959 deﬂuat,
3101 4904 3155 4952 et
3178 4896 3346 4950 herba

77 4998 178 5049 καὶ
209 4999 239 5050 6
272 4997 467 5067 χόρτος
500 4995 674 5065 μάτην
703 4995 1039 5065 ξηραίνεται,
1070 4994 1205 5065 πρὸς
1227 4996 1376 5048 οὐδὲν
1407 4995 1662 5047 συντελῶν

1767 4996 2005 5049 inaniter
2029 5001 2346 5057 exareseat,
2390 4993 2741 5060 humanoque
2775 4989 2942 5045 victui
2969 4988 3107 5043 nihil
3131 4985 3345 5057 prosit?

76 5092 146 5156 τῇ
181 5086 505 5156 ἀνθρωπίνῃ
535 5088 745 5157 τροφῇ;
787 5081 940 5139 Οἶδεν
971 5086 1078 5156 γάρ
1118 5088 1146 5138 6
1176 5085 1308 5155 πρὸς
1337 5084 1435 5155 τὴν
1463 5085 1662 5153 θαυμα-

1766 5086 1929 5140 Novit
1961 5088 2107 5141 enim
2130 5126 2144 5149 ,
2178 5086 2271 5155 qui
2302 5085 2551 5139 mirabile
2588 5092 2798 5137 naturae
2835 5078 3128 5135 artiﬁcium
3167 5078 3347 5133 intue-

74 5180 334 5231 τοποιίαν
376 5177 591 5247 βλέπων
625 5178 725 5247 τῆς
757 5178 999 5247 φύσεως,
1028 5179 1107 5231 ὅτι
1145 5179 1245 5230 οὐκ
1284 5178 1349 5229 ἂν
1393 5176 1565 5238 άλλως
1607 5177 1662 5227 ὲκ

1770 5188 1879 5241 tur,
1919 5178 2073 5232 aliter
2113 5177 2229 5232 ﬁeri
2262 5193 2372 5232 non
2413 5193 2606 5248 posse,
2647 5183 2702 5229 ut
2737 5189 2806 5230 ex
2844 5171 3153 5228 seminibus
3183 5170 3345 5240 plan-

75 5272 196 5325 τῶν
231 5269 568 5342 σπερμάτων
614 5286 674 5323 τε
725 5269 820 5324 καὶ
862 5268 1253 5339 βλαστημάτων
1287 5268 1314 5319 ὁ
1349 5267 1559 5337 καρπὸς
1584 5282 1662 5317 τε-

1773 5270 1956 5338 lisque
1996 5269 2209 5324 fructus
2245 5271 2518 5339 gignatur,
2554 5266 2661 5320 nisi
2698 5264 2763 5319 ad
2798 5262 2919 5333 ejus
2953 5260 3344 5333 perfectionem

76 5362 364 5433 λειωθείη,
404 5362 477 5431 μὴ
532 5362 631 5432 τῆς
673 5362 925 5431 τεχνικῆς
969 5359 1171 5430 ταύτης
1218 5358 1537 5420 ἀκολουθίας
1566 5358 1662 5410 660-

1774 5362 2075 5417 artilieioso
2111 5363 2214 5417 boc
2247 5363 2440 5416 ordine
2473 5371 2663 5415 natura
2703 5358 2847 5411 viam
2886 5354 3117 5409 muniat.
3154 5352 3345 5423 Neque

72 5455 354 5525 ποιούσης
390 5453 556 5507 αὐτοῦ
596 5454 693 5524 τὴν
726 5452 1020 5505 τελείωσιν.
1054 5453 1127 5504 Ού
1157 5451 1262 5522 γὰρ
1309 5451 1496 5520 ἐπειδὴ
1544 5450 1662 5518 πρὸς

1775 5453 1957 5521 enim,
1997 5455 2257 5524 quoniam
2315 5454 2520 5515 herba,
2557 5465 2678 5520 igua:
2730 5449 2883 5519 prius
2927 5446 3217 5512 emittitur,
3261 5447 3346 5499 in-

72 5550 395 5603 ἀπόλαυσιν
424 5547 700 5617 ἡμετέραν
724 5548 751 5599 6
784 5544 1277 5615 προεκϐαλλόμενος
1306 5545 1369 5596 ἐκ
1394 5544 1499 5594 τῶν
1523 5560 1662 5613 σπερ

1778 5548 1928 5603 utilis
1959 5557 2063 5612 est,
2108 5561 2278 5616 eaque
2314 5561 2422 5600 non
2454 5545 2745 5606 vescimur,
2785 5540 2988 5595 idcirco
3021 5540 3074 5594 id
3111 5539 3253 5610 quod
3288 5541 3346 5591 lit

76 5644 281 5713 μάτων
318 5641 512 5711 χόρτος
548 5641 837 5710 ἀχρήστως
870 5637 1003 5707 ἔχει,
1037 5636 1124 5690 διὰ
1151 5636 1304 5690 τοῦτο
1336 5637 1584 5706 περιττόν
1613 5654 1662 5689 τε

1778 5651 1863 5696 est
1909 5641 2068 5695 inane
2101 5655 2163 5695 ac
2199 5654 2617 5712 supervacuum.
2661 5634 2793 5688 Nam
2826 5634 2922 5705 qui
2962 5634 3168 5705 indiget
3199 5633 3341 5693 cibo,

78 5734 180 5786 ιαὶ
214 5732 498 5804 παρέλκον
519 5731 633 5783 ἐστὶ
655 5730 714 5782 τὸ
742 5728 1043 5799 γινόμενον.
1078 5727 1138 5785 Ὀ
1167 5728 1264 5799 μὲν
1292 5727 1396 5797 γὰρ
1422 5727 1519 5796 τῆς
1549 5743 1662 5798 “cpe-

1780 5732 1914 5791 nihil
1946 5733 2094 5789 aliud
2126 5733 2231 5789 nisi
2264 5732 2552 5788 utilitatem
2582 5728 2893 5785 considerat
2921 5742 3076 5785 suam
3101 5745 3117 5791 ;
3138 5735 3347 5780 natura:
