3844 6394
487 194 590 249 5l9

1740 181 1797 236 S.
1838 177 2165 234 GREGORII
2203 177 2496 234 NYSSFNI

3623 185 3724 242 520

487 321 619 360 vero
663 316 833 359 unum
875 300 1004 355 illud
1051 299 1388 371 prepositum
1428 307 1547 363 est,
1584 306 1644 352 ut
1681 297 1934 352 instituto
1968 309 2060 347 or-

2186 293 2268 360 ;ἧς
2298 296 2540 362 χρῄζων,
2579 296 2714 367 πρὸς
2742 296 2836 368 τὴν
2865 296 3058 350 ἑαυτοῦ
3089 298 3276 368 χρείαν
3315 300 3416 370 ὁρᾷ
3441 315 3453 327 ·
3491 299 3520 350 6
3548 299 3602 352 δὲ
3631 305 3722 372 τῆς

490 399 616 451 dine
643 395 879 450 fructum
925 393 992 447 ad
1034 392 1433 447 absolutionem
1465 390 1748 460 perducat.
1774 385 2061 440 ltamulti-

489 491 612 562 plex
643 488 878 560 primum
913 501 944 540 e
977 485 1128 555 jncto
1167 484 1376 538 semine
1415 483 1569 537 radix
1620 481 1910 543 emittitur,
1952 491 2061 548 qua

488 598 558 638 ex
608 582 842 635 humore
883 578 1284 632 nutrimentum
1331 575 1658 630 attrahatur.
1707 572 1844 626 Tum
1895 571 2063 626 herba

489 672 756 745 pullulat,
789 683 912 741 quas
946 666 1186 724 radicem
1238 667 1448 738 operit,
1504 682 1573 721 ne
1618 665 1686 719 ab
1723 679 1849 720 aere
1895 661 2062 717 detri-

490 759 1066 830 mentum‘accipiat;
1115 772 1178 814 ac
1229 758 1528 829 licetjipsa
1572 757 1786 811 fructus
1820 771 1928 808 non
1961 754 2062 816 sit,

494 853 641 908 viam
693 859 877 904 tamen
918 847 1124 918 praebet
1157 845 1592 916 quodammodo,
1633 852 1680 898 et
1722 842 1879 897 affert
1912 843 2067 896 auxi-

493 943 626 998 lium
663 956 772 1012 quo
808 940 1024 994 fructus
1059 937 1401 1008 perﬁciatur.
1438 936 1652 991 Etenim
1683 949 1808 989 cum
1845 934 2064 990 insitam

476 1017 690 1090 semini
730 1031 836 1084 vim
868 1029 949 1084 sic
980 1037 1250 1098 expurgat
1280 1036 1510 1089 natura,
1543 1025 1770 1081 herbam
1804 1033 2068 1094 tanquam

495 1126 709 1182 fructus
751 1127 1161 1178 excrementum
1208 1119 1503 1192 projiciens
1525 1159 1540 1182 ,
1578 1125 1693 1173 tum
1726 1133 1790 1173 ea
1825 1117 2066 1171 radicem

493 1216 732 1290 protegit
767 1211 1123 1283 defenditque
1154 1212 1223 1267 ab
1261 1211 1405 1267 aeris
1439 1210 1690 1280 injuriis,
1731 1225 1854 1280 qua:
1883 1206 1965 1262 vel
2002 1223 2069 1261 ex

493 1311 732 1382 frigore.
766 1306 854 1362 vel
896 1320 962 1362 ex
1013 1304 1200 1361 calore
1236 1304 1586 1375 proveniunt.
1635 1303 1705 1357 At
1749 1318 1874 1358 cum
1927 1300 2072 1354 radi-

493 1404 648 1458 cibus
679 1400 738 1455 in
767 1400 880 1454 imo
905 1397 1123 1454 ﬁrmius
1151 1397 1424 1452 munitum
1457 1404 1540 1452 est
1570 1410 1753 1451 semen
1777 1433 1793 1460 ,
1826 1393 2072 1464 neglecta

493 1495 755 1565 deinceps
808 1492 1013 1556 herba,
1071 1489 1216 1562 quod
1269 1489 1425 1544 radix
1482 1503 1590 1542 non
1638 1494 1793 1558 egeat
1837 1486 2073 1556 amplius

494 1587 848 1649 defensione,
899 1593 1014 1639 tota
1065 1584 1151 1640 vis
1192 1582 1257 1638 ad
1297 1584 1538 1636 culmum
1585 1579 1959 1635 extollendum
2008 1593 2072 1632 ac

495 1676 888 1750 perﬁciendum
947 1674 1236 1730 incumbit.
1291 1671 1502 1726 Natura
1563 1671 1711 1726 enim
1769 1671 2072 1725 artiﬁciosa

497 1769 734 1840 quadam
771 1767 1042 1839 sapientia
1079 1766 1371 1821 sublimem
1403 1763 1668 1819 fabricam
1702 1763 2071 1827 machinatur,

496 1877 602 1932 qua
636 1874 859 1931 germen
888 1857 1156 1912 directum
1180 1855 1385 1912 mutuis
1416 1856 1471 1910 in
1507 1855 1742 1910 circuitu
1779 1854 2075 1926 distingui-

496 1963 587 2008 tur
615 1951 823 2008 tunicis
855 1969 869 2005 :
901 1950 954 2004 in
989 1948 1193 2019 quibus
1224 1949 1496 2018 principio
1533 1947 1751 2001 culmus
1783 1947 2072 2011 humidus,

497 2059 563 2100 ac
591 2051 750 2098 tener
781 2041 1088 2096 indolescat
1118 2055 1348 2095 necesse
1370 2047 1454 2095 est
1475 2081 1490 2105 ,
1517 2047 1604 2103 et,
1631 2053 1742 2110 quo
1769 2039 1940 2094 tutior
1967 2040 2074 2104 sit,

499 2134 767 2208 geniculis
792 2148 890 2204 per
922 2132 1163 2188 medium
1195 2139 1456 2202 tanquam
1484 2131 1723 2186 vinculis
1755 2131 2071 2186 muniatur:

499 2228 592 2282 ubi
637 2235 816 2281 autem
856 2223 921 2280 ad
963 2230 1354 2294 congruentem
1397 2222 1741 2280 altitudinem
1784 2224 2078 2292 ascendit,

499 2326 577 2375 ita
608 2319 816 2390 frugem
843 2317 1082 2382 emittit,
1113 2324 1172 2370 ut
1200 2324 1443 2371 extrema
1472 2317 1658 2372 tunica
1687 2333 1753 2373 ex
1781 2333 1842 2372 se
1867 2317 2078 2388 spicam

501 2412 666 2477 edat,
702 2425 824 2480 quae
859 2409 1155 2465 aristarum
1187 2406 1539 2463 multitudine
1567 2415 1824 2478 tauquam
1856 2410 2084 2480 capillo-

500 2519 624 2558 rum
655 2504 797 2557 vallo
829 2500 1087 2556 distincta
1114 2498 1326 2570 frugent
1353 2500 1520 2569 tegit,
1555 2508 1610 2556 et
1635 2501 1760 2558 imis
1787 2503 2079 2555 aristarum

505 2593 869 2666 receptaculis
901 2591 1224 2646 inuutritur.
1262 2590 1395 2645 Cum
1430 2591 1596 2661 igitur
1627 2607 1734 2645 non
1769 2590 2084 2662 indignetur

509 2685 752 2756 agricola
787 2699 890 2739 nec
921 2682 992 2737 ob
1026 2681 1282 2752 stirpium
1319 2681 1522 2742 ﬁbras,
1557 2696 1660 2736 nec
1701 2690 1923 2752 propter
1955 2682 2084 2736 lter-

503 2779 628 2833 bam
656 2816 672 2840 ,
707 2789 812 2831 nec
850 2783 1074 2846 propter
1108 2772 1385 2843 spicarum
1427 2773 1666 2837 aristas,
1703 2788 1824 2842 quae
1861 2772 2083 2843 quidem

503 2866 687 2923 omnia
722 2867 1056 2937 proveniunt
1094 2881 1161 2920 ex
1202 2865 1448 2931 semine,
1489 2865 1585 2921 sed
1627 2865 1681 2920 in
1724 2866 1810 2920 his
1851 2866 2084 2936 singulis

505 2975 668 3015 usum
700 2957 993 3030 quemdam
1023 2957 1286 3028 perspicit
1312 2956 1686 3012 necessarium
1708 2998 1724 3022 ,
1753 2971 1861 3026 quo
1888 2965 2084 3010 natura

507 3057 808 3112 artiﬁciose
841 3053 1237 3125 progrediens,
1268 3060 1322 3108 et
1365 3053 1634 3122 abjiciens
1665 3067 1785 3122 quze
1827 3059 1957 3105 sunt
1997 3051 2083 3105 in-

509 3148 697 3210 utilia,
735 3145 946 3216 frugem
979 3143 1193 3214 perﬁcit
1226 3153 1279 3198 et
1320 3143 1597 3210 absolvit;
1629 3158 1697 3196 nc
1729 3142 1824 3196 tibi
1861 3141 2083 3212 quidem

508 3240 700 3310 iniquo
746 3237 1027 3311 ferendum
1079 3247 1164 3292 est
1213 3236 1430 3299 animo,
1467 3237 1615 3306 quod
1664 3247 1858 3290 natura
1898 3244 2084 3290 nostra

508 3330 854 3388 necessarias
907 3344 1248 3400 persequens
1300 3327 1419 3382 vias
1473 3327 1540 3380 ad
1597 3328 1874 3397 proprium
1925 3328 2085 3381 linem

510 3423 817 3496 perveniat.
853 3421 960 3477 Sed
995 3430 1054 3475 ut
1086 3423 1138 3474 in
1169 3421 1420 3490 exemplo
1451 3420 1718 3475 seminum
1751 3419 1964 3480 cernis.
1997 3419 2090 3472 de-

511 3519 608 3573 bes
641 3514 998 3580 existimare,
1033 3513 1179 3584 quod
1215 3527 1463 3584 prmsens
1495 3519 1615 3573 est,
1650 3510 1717 3565 ad
1753 3512 1884 3566 utiie
1912 3519 1966 3565 et
1996 3527 2091 3566 ne-

516 3608 823 3664 cessarium
853 3605 1060 3676 aliquid
1092 3606 1319 3660 omnino
1354 3605 1550 3660 referri
1581 3621 1646 3659 ac
1673 3603 1872 3674 dirigi,
1914 3617 2091 3672 neque

513 3699 647 3753 illud
681 3713 804 3755 esse
837 3697 999 3766 cujus
1029 3698 1204 3768 gratia
1244 3697 1415 3768 geniti
1450 3712 1664 3750 sumus.
1711 3695 1898 3765 Neque
1943 3697 2088 3749 enim

519 3794 689 3845 fetum
724 3799 942 3847 creator
970 3800 1161 3845 noster
1190 3789 1482 3854 formavit,
1516 3797 1576 3842 ut
1607 3789 1660 3842 in
1705 3789 1900 3842 matris
1934 3798 2090 3841 utero

514 3897 974 3953 permaneremus
1005 3901 1020 3950 ;
1050 3898 1230 3952 neque
1263 3882 1389 3937 inde
1421 3897 1522 3936 nos
1554 3881 1778 3944 educit,
1810 3888 1868 3934 ut
1910 3880 1963 3934 in
2000 3881 2088 3933 in-

516 3973 685 4027 fantia
709 4013 725 4041 ,
762 3980 856 4027 aut
903 3972 972 4028 iis
995 4010 1010 4037 ,
1049 3987 1172 4041 quae
1214 3970 1472 4039 deinceps
1513 3970 1926 4038 subsequuntur
1957 3975 2088 4019 atta-

517 4064 668 4118 tihus
691 4103 706 4126 ,
755 4072 954 4117 natura
1003 4077 1220 4131 semper
1253 4061 1416 4114 aliam
1451 4069 1572 4130 post
1604 4059 1765 4112 aliam
1799 4058 2087 4121 induente,

514 4164 567 4208 ct
608 4154 839 4208 formam
869 4153 1120 4224 corporis
1151 4161 1524 4208 commutante
1544 4193 1559 4216 ,
1601 4151 1925 4221 degeremus
1951 4170 1964 4216 ;
1997 4167 2091 4205 ne-

517 4263 625 4317 que
672 4253 733 4300 ut
783 4260 990 4315 corpus
1039 4244 1220 4313 ipsum
1269 4241 1561 4297 accedente
1604 4253 1781 4297 morte
1824 4242 2090 4297 dissolve-

2162 385 2376 452 φύσεως
2413 383 2566 452 λόγος
2599 389 2660 441 οὐ
2691 390 2827 458 πρὸς
2860 389 2987 442 ἄλλο
3023 407 3074 441 τι
3117 389 3334 458 βλέπει,
3359 389 3471 444 ἀλλ’
3495 391 3638 454 ὅπως
3663 393 3724 444 ἂν

2163 476 2506 544 προσαγάγοι
2553 474 2650 546 τὴν
2704 481 3068 549 καρπογονίαν
3121 481 3210 535 διά
3263 483 3363 552 τῆς
3399 483 3726 554 τεταγμένης

2163 565 2482 628 ἀκολουθίας
2537 566 2630 617 ἐπὶ
2660 565 2721 618 τὸ
2764 567 2985 621 τέλειον.
3019 571 3108 622 Διὸ
3135 573 3364 640 ,πρῶτον
3416 573 3727 644 πολυμερῶς

2164 658 2254 712 διὰ
2300 658 2465 729 ῥιζῶν
2511 657 2603 710 τοῦ
2638 659 2996 729 ὑποκειμένου
3029 661 3292 732 ἐμφύεται
3319 703 3334 727 ,
3374 664 3439 715 δι’
3471 659 3556 718 ὧν
3589 666 3728 719 ἕλκει

2164 751 2263 822 τὴν
2290 751 2622 821 κατάλληλον
2647 750 2828 821 ἑαυτῷ
2851 751 2940 804 διὰ
2966 751 3063 822 τῆς
3087 754 3309 825 ἰκμάδος
3333 756 3568 826 τροφήνο
3595 755 3727 822 εἶτα,

2165 846 2359 917 χόρτον
2391 845 2718 916 βλαστάνει,
2767 843 2855 898 διὰ
2887 843 2986 915 τὴν
3034 845 3098 896 ἐκ
3149 846 3242 896 τοῦ
3298 847 3459 920 ἀέρος
3517 847 3730 919 βλάϐην,

2169 938 2540 1011 προκάλυμμα
2571 936 2671 1006 τῆς
2708 935 2862 1007 ῥίζης
2900 936 2998 1006 τὴν
3033 935 3170 988 πόαν
3225 939 3541 1008 ποιούμενος
3562 956 3574 968 ³
3609 939 3732 1014 ὅπερ

2169 1028 2383 1100 καρπὸς
2411 1028 2508 1099 μὲν
2533 1027 2632 1081 ούκ
2661 1027 2775 1080 ἐστι
2795 1067 2810 1091 ,
2843 1027 3100 1097 συνεργία
3141 1025 3198 1082 δέ
3227 1045 3310 1092 τις
3340 1032 3434 1086 καὶ
3457 1031 3574 1098 ὁδὸς
3601 1033 3736 1102 γίνε.

2169 1140 2259 1177 ται
2305 1123 2402 1189 τῆς
2435 1121 2529 1174 τοῦ
2565 1119 2779 1192 καρποῦ
2808 1118 3158 1183 τελειώσεως.
3194 1119 3414 1192 Πρῶτον
3451 1125 3548 1195 μέν
3582 1127 3736 1179 ἐκκα-

2172 1215 2375 1285 θαίρων
2407 1214 2474 1268 δι’
2503 1212 2695 1267 ἑαυτοῦ
2745 1213 2844 1282 τὴν
2875 1211 3200 1281 ἐγκειμένην
3244 1210 3322 1282 τῷ
3359 1212 3628 1283 σπέρματι
3654 1218 3739 1270 δύ-

2173 1322 2339 1376 ναμιν
2363 1345 2379 1368 ,
2408 1299 2520 1358 οἷόν
2571 1322 2623 1357 τι
2660 1304 2978 1374 περίττωμα
3029 1301 3124 1355 τοῦ
3158 1302 3370 1371 καρποῦ
3417 1301 3508 1356 τὸν
3559 1308 3738 1374 χόρτον

2175 1394 2800 1466 προαποσκευαζομένης
2827 1393 2926 1462 τῆς
2949 1391 3162 1462 φύσεως
3187 1431 3202 1456 ,
3230 1393 3521 1464 σκέπασμα
3543 1393 3744 1462 γίνεται

2173 1489 2240 1558 τῇ
2291 1486 2415 1558 ῥίζῃ
2470 1486 2606 1557 πρὸς
2649 1485 2750 1548 τὰς
2783 1487 2847 1538 ἐκ
2885 1485 2980 1538 τοῦ
3031 1486 3191 1557 ἀέρος
3233 1485 3470 1556 βλάϐας,
3519 1487 3616 1550 τὰς
3663 1488 3744 1541 διὰ

2177 1578 2376 1651 κρύους
2399 1595 2458 1631 τε
2490 1579 2583 1630 καὶ
2625 1577 2859 1639 θάλπους
2890 1577 3266 1647 ἐγγινομένας.
3294 1577 3666 1648 Εύτονῶτερον
3691 1579 3744 1632 δὲ

2105 1649 2152 1710 Β
2178 1649 2280 1742 ἤδη
2316 1669 2407 1724 διὰ
2435 1669 2632 1741 βάθους
2663 1669 2719 1722 ἐν
2767 1671 2885 1732 ταῖς
2916 1669 3094 1738 ῥίζαις
3140 1669 3634 1734 ύποσκευασθέντος
3659 1672 3743 1725 τού

2182 1764 2524 1835 σπέρματος,
2549 1761 2667 1814 τότε
2694 1760 2787 1814 τοῦ
2817 1761 3008 1832 χόρτου
3041 1759 3225 1814 λοιπὸν
3248 1761 3613 1834 ἀμεληθέντος
3631 1806 3645 1829 ,
3665 1763 3745 1817 διὰ

2180 1856 2240 1910 τὸ
2297 1854 2491 1927 μηκέτι
2528 1853 2733 1907 δεῖσθαι
2784 1853 2880 1923 τὴν
2935 1851 3090 1924 ῥίζαν
3138 1852 3231 1906 τοῦ
3272 1854 3744 1926 προκαλύμματος,

2182 1949 2318 2020 πρὸς
2357 1948 2456 2020 τὴν
2488 1948 2586 2020 τῆς
2621 1946 2872 2018 καλάμης
2927 1945 3235 2017 ἀναδρομὴν
3266 1950 3415 2000 πᾶσα
3460 1949 3746 2002 συνδίδοται

2182 2043 2448 2113 δύναμις,
2493 2041 2769 2113 μηχανικῇ
2812 2056 2919 2092 τινι
2954 2038 3114 2110 σοφίᾳ
3159 2038 3256 2108 τὴν
3307 2039 3556 2110 αὑλοειδῆ
3593 2059 3751 2094 κατα·
3806 2103 3807 2112 γ

2186 2135 2386 2204 σκευὴν
2412 2132 2828 2204 φιλοτεχνούσης
2848 2129 2948 2201 τῆς
2975 2129 3218 2200 φύσεως,
3244 2126 3312 2202 ἧς
3334 2130 3626 2204 εύθυτενὴς
3660 2135 3747 2202 μὲν

2185 2227 2220 2298 ἠ
2246 2227 2469 2298 βλάστη,
2493 2225 2716 2298 χιτῶσιν
2745 2223 3069 2294 ἐπαλλήλοις
3101 2223 3160 2275 ἐν
3180 2222 3364 2294 κύκλῳ
3382 2223 3745 2295 διειλημμένη.

2186 2319 2307 2391 Χρὴ
2341 2319 2450 2389 γὰρ
2478 2318 2688 2381 τούτοις
2721 2315 2893 2388 ὑγρὰν
2922 2311 3086 2369 οὖσαν
3113 2315 3207 2368 καὶ
3239 2315 3424 2369 ἄτονον
3465 2317 3566 2389 τὴν
3598 2319 3751 2374 καλά-

2189 2428 2298 2483 μην
2335 2408 2490 2481 παρά
2519 2409 2617 2480 τὴν
2649 2407 2872 2480 πρώτην
2905 2408 3288 2480 ἐντρέφεσθαι,
3330 2411 3442 2472 τοῖς
3471 2407 3566 2462 διὰ
3598 2410 3750 2480 μέσου

2189 2501 2502 2570 συνδέσμοις
2517 2499 2814 2568 ἀσφαλείας
2840 2499 2997 2570 χάριν
3021 2497 3428 2568 ύπεζωσμένην.
3457 2498 3520 2550 Εἰ
3546 2498 3605 2551 δὲ
3629 2501 3750 2571 πρὸς

2187 2594 2248 2648 τὸ
2281 2594 2591 2666 σύμμετρον
2617 2591 2916 2663 άναδράμοι
2948 2594 3126 2663 μῆκος
3149 2633 3164 2657 ,
3192 2589 3312 2644 τότε
3345 2591 3491 2661 κομᾷ
3531 2591 3569 2662 ἡ
3603 2591 3753 2646 καλά-

2193 2703 2268 2758 μη
2288 2726 2305 2752 ,
2332 2685 2427 2738 τοῦ
2456 2684 2767 2738 τελευταίου
2813 2682 3042 2754 χιτῶνος
3089 2683 3180 2753 ἀφ’
3209 2675 3402 2736 ἐαυτοῦ
3435 2682 3527 2735 τὸν
3571 2681 3752 2751 στάχυν

2191 2777 2573 2850 προδείξαντος
2611 2817 2628 2844 ,
2676 2777 2735 2842 ὃς
2789 2779 2867 2841 είς
2920 2775 3147 2839 πολλοὺς
3202 2767 3407 2844 ἀθέρας
3458 2775 3754 2846 τριχοειδῶς

2190 2870 2582 2942 διαιρούμενος,
2636 2868 2868 2942 κρύπτει
2912 2867 3009 2940 τὴν
3062 2867 3237 2938 κόμην
3271 2867 3412 2922 κατά
3455 2867 3558 2936 τήν
3616 2865 3756 2940 βάσιν

2191 2965 2300 3018 τῶν
2333 2962 2543 3032 ἀθέρων
2573 2964 2686 3024 τοῖς
2719 2960 2964 3034 ἐλύτροις
3003 2959 3456 3030 ὑποτρεφόμενος.
3489 2958 3555 3012 ΕΞ
3594 2958 3756 3012 τοίνυν

2191 3055 2315 3110 οὔτε
2348 3055 2484 3126 πρὸς
2509 3054 2607 3118 τὰς
2645 3055 2800 3125 ῥίζας
2829 3053 2938 3107 τῶν
2964 3051 3290 3123 σπερμάτων
3320 3053 3348 3104 6
3377 3050 3625 3120 γεωργὸς
3646 3050 3756 3104 δυσ,

2191 3151 2469 3222 χεραίνει,
2517 3147 2640 3203 οὔτε
2677 3148 2812 3218 πρὸς
2857 3143 2948 3200 τὸν
3009 3143 3509 3216 προεκϐαλλόμενον
3567 3145 3634 3199 ὲκ
3674 3144 3756 3197 τοῦ

2196 3242 2507 3311 σπέρματος
2527 3241 2738 3310 χόρτον,
2761 3237 2887 3291 οὔτε
2913 3239 2991 3302 εἰς
3016 3237 3141 3300 τοὺς
3168 3235 3367 3307 ἀθέρας
3396 3235 3490 3290 τοῦ
3517 3236 3756 3307 στάχυος,

2195 3331 2308 3386 ἀλλ’
2344 3333 2400 3384 ἐν
2433 3331 2647 3400 ἑκάστῳ
2690 3327 2893 3382 τούτων
2943 3327 3200 3394 ἐνθεωρεῖ
3226 3343 3346 3380 τινα
3381 3326 3572 3399 χρείαν
3605 3327 3756 3390 ἀναγ-

2195 3423 2375 3485 καίαν,
2396 3422 2462 3475 δι’
2493 3416 2560 3494 ἧς
2583 3420 2843 3491 τεχνικῶς
2871 3421 2906 3491 ἡ
2931 3419 3090 3490 φύσις
3109 3419 3389 3482 όδεύουσα,
3424 3420 3655 3490 προάγει
3678 3420 3756 3473 τὸν

2195 3514 2406 3586 καρπὸν
2429 3514 2507 3577 είς
2532 3513 2827 3573 τελείωσιν,
2865 3511 2952 3564 διὰ
2972 3513 3070 3583 τῆς
3099 3510 3207 3564 τῶν
3245 3510 3476 3582 ἀχρείων
3503 3512 3758 3581 ἀποποιή-

2196 3623 2332 3670 σεως
2363 3606 2462 3677 τὴν
2503 3605 2723 3676 γόνιμον
2774 3603 3178 3675 ἐκκαθαίρουσα
3222 3602 3481 3675 δύναμινο
3522 3604 3644 3676 ῶρα
3676 3622 3757 3657 κα.

2197 3699 2280 3750 σοὶ
2310 3697 2387 3768 μὴ
2411 3696 2780 3767 δυσχεραίνειν
2811 3695 2898 3749 διά
2918 3695 3024 3748 τῶν
3054 3695 3366 3765 ἀναγκαίων
3387 3695 3520 3750 ὁδῶν
3552 3696 3758 3766 προϊού-

2197 3803 2297 3855 σης
2317 3785 2473 3858 ἡμῶν
2499 3787 2598 3858 τῆς
2624 3785 2837 3856 φύσεως
2873 3786 2964 3840 ἐπὶ
2994 3786 3052 3840 τὸ
3099 3785 3228 3840 [διον
3267 3787 3442 3853 τέλος,
3469 3786 3587 3841 ἀλλ’
3622 3789 3758 3858 ἡγεῖο

2199 3878 2322 3932 σθαι
2361 3879 2502 3934 κατὰ
2534 3879 2632 3949 τὴν
2656 3880 2714 3933 ἐν
2741 3882 2853 3943 τοῖς
2893 3880 3201 3950 σπέρμασιν
3243 3879 3532 3947 ἀναλογίαν
3551 3921 3568 3946 ,
3595 3879 3655 3933 τὸ
3681 3882 3757 3934 ἀεὶ

2197 3967 2372 4039 παρὸν
2397 3969 2532 4039 πρός
2569 3985 2622 4021 τι
2656 3968 2872 4031 πάντως
2899 3968 3184 4040 χρησίμως
3214 3984 3273 4022 τε
3320 3967 3413 4021 καὶ
3458 3967 3756 4037 ἀναγκαίως

2198 4057 2359 4128 ἔχειν,
2389 4059 2448 4110 οὺ
2478 4059 2585 4128 μὴν
2622 4057 2778 4112 τοῦτο
2810 4053 2945 4112 εἶναι
2975 4053 3035 4113 οὗ
3067 4058 3226 4129 χάριν
3257 4059 3336 4121 εἰς
3363 4057 3580 4126 γένεσιν
3617 4056 3758 4128 ἦλθο-

2201 4166 2322 4220 μεν.
2353 4149 2428 4201 06
2455 4149 2565 4219 γάρ
2609 4149 2701 4202 ἐπὶ
2731 4151 2792 4203 τὸ
2819 4150 3053 4221 ἕμὸρυον
3083 4149 3334 4218 γενέσθαι
3367 4149 3518 4220 παρά
3549 4149 3644 4203 τοῦ
3672 4149 3755 4217 6r)-

2201 4240 2630 4312 μιουργήσαντος
2651 4243 2796 4311 ἡμᾶς
2825 4241 3136 4312 ὑπέστημεν
3159 4282 3174 4308 ,
3205 4242 3324 4294 οῖδδέ
3356 4241 3490 4316 πρὸς
3512 4241 3608 4296 τὸν
3649 4241 3758 4312 βρε-

517 4346 693 4399 retur,
731 4335 825 4390 sed
859 4341 920 4388 ut
949 4348 1046 4404 per
1083 4334 1197 4387 lucc
1237 4340 1291 4386 et
1328 4332 1434 4386 alia
1464 4331 1772 4403 ejusmodi,
1815 4349 1936 4402 qua:
1963 4343 2081 4390 sunt

2200 4333 2348 4405 φώδη
2381 4333 2493 4404 βίον
2524 4336 2552 4388 ὁ
2596 4334 2794 4397 σκοπὸς
2829 4333 2930 4403 τῆς
2977 4334 3190 4403 φύσεως
3234 4334 3450 4404 βλέπει,
3484 4334 3606 4388 οὐδὲ
3637 4334 3758 4405 πρὸς

520 4439 782 4496 tanquam
817 4433 1005 4495 partes
1045 4425 1192 4479 illius
1222 4425 1357 4488 vim,
1405 4439 1501 4493 per
1533 4439 1699 4494 quam
1749 4424 2089 4488 incedimus,

523 4518 591 4570 ad
622 4525 822 4570 statqu
853 4526 1102 4570 nostrum
1135 4514 1426 4584 pristinum
1451 4556 1465 4580 ,
1499 4514 1604 4569 hoc
1647 4523 1762 4579 est,
1794 4516 1858 4570 ad
1891 4517 2090 4571 simili-

523 4606 772 4662 tudinem
825 4607 920 4662 Dei
972 4607 1372 4677 perveniamus.
1413 4607 1492 4660 Ac
1533 4606 1989 4676 quemadmodum
2025 4607 2092 4659 ad

520 4688 912 4768 perliciendum
952 4698 1159 4768 spicam
1197 4713 1263 4752 ex
1306 4705 1513 4753 natura:
1559 4699 1812 4754 instituto
1868 4699 2092 4754 herbam

523 4791 873 4846 ostendimus
906 4806 1030 4846 esse
1065 4792 1438 4846 necessariam
1465 4808 1480 4857 ;
1524 4807 1627 4846 nec
1660 4799 1842 4847 tamen
1873 4803 2094 4863 propter

521 4887 699 4955 ipsam
732 4883 956 4938 herbam
980 4922 995 4946 ,
1034 4897 1136 4936 nec
1162 4890 1389 4954 propter
1421 4883 1639 4940 tunicas
1660 4923 1675 4949 ,
1722 4895 1816 4938 aut
1863 4885 2092 4951 aristas,

523 4985 620 5029 aut
667 4976 909 5031 culmum
957 4976 1267 5032 instituitur
1320 4977 1693 5047 agricultura,
1725 4976 1820 5032 sed
1871 4987 2096 5046 propter

523 5067 734 5138 frugem
765 5067 936 5122 victui
971 5067 1438 5123 accommodatam
1462 5109 1476 5133 ,
1513 5068 1580 5123 ad
1615 5069 1772 5138 cujus
1804 5068 2096 5140 perfectio-

524 5173 650 5213 nem
681 5167 880 5213 natura
928 5175 1026 5230 per
1075 5160 1165 5214 illa
1202 5161 1593 5233 progreditur:
1629 5162 1709 5217 sic
1740 5171 2094 5233 exspectatus

525 5248 691 5318 hujus
725 5250 848 5304 vita!
879 5248 1003 5306 ﬁnis
1029 5259 1111 5306 est
1144 5251 1443 5307 beatitudo.
1475 5252 1605 5318 Quae
1635 5268 1766 5307 vero
1799 5271 1943 5308 nunc
1973 5269 2096 5309 cor-

525 5340 645 5407 pori
673 5341 930 5395 eveniunt
949 5383 963 5404 ,
990 5353 1051 5397 ut
1081 5360 1227 5399 mors
1246 5384 1259 5407 ,
1288 5351 1543 5399 senectus
1563 5383 1579 5407 ,
1599 5343 1887 5413 juventus,
1915 5344 2095 5400 infan-

529 5431 602 5482 tia
625 5469 639 5493 ,
676 5429 932 5486 formatio
963 5433 1106 5489 fetus
1139 5439 1194 5488 in
1228 5443 1417 5500 utero,
1457 5444 1516 5489 ut
1547 5435 1763 5501 herbae,
1796 5445 1850 5491 et
1876 5436 2094 5504 aristae,

528 5526 584 5571 et
619 5521 824 5586 culmi,
859 5534 988 5580 sunt
1025 5525 1188 5579 veluti
1222 5528 1357 5591 vim,
1396 5543 1495 5598 per
1525 5544 1664 5599 quas
1697 5527 1764 5582 ad
1798 5527 2092 5598 perfectio-

530 5624 653 5665 nem
687 5623 962 5682 speratam
997 5618 1400 5675 contendimus.
1450 5620 1622 5686 Quam
1670 5619 1771 5675 tibi
1811 5619 1928 5692 ipse
1967 5636 2094 5692 pro-

2195 4427 2294 4492 τάς
2335 4428 2533 4497 ἐφεξῆς
2563 4427 2778 4496 ἡλικίας
2817 4427 2937 4498 ὁρᾷ,
2974 4427 3038 4491 ἃς
3069 4428 3156 4483 ἀεὶ
3179 4427 3267 4482 διὰ
3295 4431 3392 4500 τῆς
3433 4427 3759 4489 ἀλλοιώσεως

2199 4519 2541 4590 μετενδύεται
2560 4519 2635 4590 τῷ
2660 4521 2834 4590 χρόνῳ
2856 4519 2916 4572 τὸ
2935 4514 3074 4582 εἶδος
3102 4518 3622 4583 συνεξαλλάσσουσα,
3651 4518 3758 4571 οὐδὲ

2197 4611 2338 4682 πρὸς
2387 4612 2484 4681 τὴν
2517 4611 2900 4681 ἐπιγινομένην
2950 4611 3040 4664 διὰ
3085 4610 3178 4663 τοῦ
3234 4609 3462 4665 θανάτου
3495 4609 3650 4663 λύσιν
3691 4609 3759 4678 τῷ

2199 4703 2408 4772 σώματι
2433 4719 2445 4730 ο
2488 4701 2622 4755 ἀλλά
2650 4703 2823 4756 πάντα
2853 4701 3026 4756 ταῦτα
3058 4703 3154 4756 καὶ
3182 4703 3249 4756 τά
3275 4704 3494 4758 τοιαῦτα
3522 4704 3624 4775 τῆς
3651 4703 3758 4758 ὁδοῦ

2195 4795 2262 4847 δι’
2292 4791 2361 4867 ἦς
2397 4793 2740 4864 πορευόμεθα
2795 4795 2934 4866 μέρη
2969 4795 3116 4849 ἐστίν
3139 4812 3154 4826 ο
3208 4798 3236 4849 6
3267 4797 3323 4849 δὲ
3364 4797 3562 4862 σκοπὸς
3593 4800 3683 4852 καὶ
3708 4798 3760 4849 τὺ

2196 4889 2369 4957 πέρας
2404 4886 2502 4956 τῆς
2544 4886 2629 4940 διὰ
2675 4885 2875 4940 τούτων
2923 4888 3148 4958 πορείας
3171 4927 3186 4952 ,
3214 4889 3246 4958 ἠ
3281 4889 3416 4960 πρὸς
3441 4888 3501 4942 τὸ
3545 4890 3758 4962 ἀρχαῖον

2194 4981 2656 5043 ἀποκατάστασις,
2679 4981 2814 5052 ὅπερ
2839 4980 2988 5033 οὐδὲν
3022 4981 3226 5052 ἕτερον,
3252 4982 3284 5052 ἢ
3313 4984 3346 5052 ἡ
3375 4985 3511 5054 πρὸς
3535 4983 3598 5036 τὸ
3617 4982 3757 5036 Θεῖόν

2195 5071 2342 5124 ἐστιν
2373 5071 2648 5142 ὁμοίωσις.
2678 5073 2787 5125 Καὶ
2814 5071 3000 5143 ὥσπερ
3029 5074 3122 5125 ἐπὶ
3148 5073 3246 5143 τῆς
3279 5073 3418 5127 κατὰ
3451 5075 3538 5127 τὸν
3568 5074 3756 5143 στάχυν

2195 5165 2432 5229 εἰκόνος,
2474 5164 2768 5232 ἀναγκαῖος
2805 5164 2900 5234 μὲν
2933 5165 3103 5236 ἐφάνη
3135 5164 3213 5236 τῷ
3258 5165 3400 5236 λόγῳ
3430 5167 3528 5236 τῆς
3555 5167 3758 5235 φύσεως

2195 5257 2288 5308 καὶ
2315 5256 2343 5306 6
2375 5255 2876 5326 προεκϐαλλόμενος
2903 5256 3093 5329 χόρτος
3118 5275 3130 5288 ·
3163 5258 3224 5310 ού
3253 5258 3359 5329 μὴν
3391 5257 3446 5310 δὲ
3473 5257 3540 5312 δι’
3563 5259 3757 5312 ἐκεῖνόν

2195 5345 2343 5398 ἐστιν
2379 5345 2699 5415 ὴγεωργία,
2728 5346 2848 5399 οὐδὲ
2871 5345 3097 5416 χιτῶνες
3120 5389 3135 5414 ,
3171 5348 3263 5402 καὶ
3293 5347 3488 5419 ἀθέρες
3506 5391 3522 5415 ,
3554 5350 3645 5403 καὶ
3669 5367 3757 5404 κα-

2195 5438 2340 5509 λάμη
2367 5479 2380 5501 ,
2412 5438 2507 5490 καὶ
2541 5437 2873 5507 ὑποζώματα
2926 5441 3240 5511 πρόκεινται
3271 5444 3337 5513 τῇ
3372 5441 3472 5511 τῆς
3498 5442 3757 5514 γεωργίας

2197 5531 2422 5600 σπουδῇ,
2451 5530 2563 5582 ἀλλ’
2586 5533 2614 5582 6
2639 5531 2901 5601 τρόφιμος
2928 5532 3138 5601 καρπὸς
3164 5535 3193 5587 6
3222 5533 3312 5588 διὰ
3337 5533 3541 5588 τούτων
3563 5532 3754 5606 πρρῖὼν

2196 5623 2277 5686 εἰς
2308 5622 2586 5679 τελείωσιν
2611 5643 2622 5656 ·
2664 5623 2804 5679 οὕτω
2834 5627 2926 5680 καὶ
2950 5626 3047 5697 τῆς
3066 5627 3210 5699 ζωῆς
3236 5629 3299 5683 τὸ
3326 5630 3426 5700 μὲν
3455 5626 3751 5700 προσδοκῶ
