3844 6418
109 304 167 355 ill
1477 284 1561 339 DE
1592 283 1924 339 MOltTUlS.

3231 294 3335 350 592

78 433 232 484 μενον
286 416 456 485 πέρας
490 414 825 479 μακαριότης
860 406 1024 460 ἐστίν.
1053 407 1129 458 Τὰ
1171 404 1227 457 δὲ
1285 404 1383 456 ὅσα
1436 403 1563 473 περὶ
1593 400 1642 452 τὶ

1758 412 2002 466 ponens.
2036 396 2085 450 si
2116 397 2301 465 sapis,
2348 410 2451 450 nec
2501 404 2725 467 propter
2764 399 2880 453 haec
2924 400 3332 471 indignaberis.

80 508 231 577 σῶμα
257 507 355 559 νῦν
382 501 699 570 καθορᾶται,
736 498 961 561 Θάνατος
984 538 999 560 ,
1032 497 1124 550 καὶ
1152 498 1328 565 γῆρας
1354 535 1367 555 ,
1411 494 1507 547 καὶ
1536 493 1652 545 νεό-

74 616 199 667 της,
236 592 335 644 καὶ
394 591 659 660 νηπιότης
680 632 693 653 ,
728 590 820 641 καὶ
873 590 906 657 ἡ
957 590 1015 639 ἐν
1069 586 1295 657 ἐμϐρύῳ
1325 584 1613 646 διάπλασις
1635 625 1649 648 ,

73 694 242 743 πάντα
274 683 450 737 ταῦτα
480 678 590 734 οἷόν
621 698 764 743 τινες
797 680 976 750 χόρτοι
1007 680 1097 732 καὶ
1128 678 1319 748 ἀθέρες
1354 678 1447 730 καὶ
1485 676 1653 730 κόιλα-

74 797 175 847 per,
210 777 332 838 ὁδὸς
360 775 455 827 καὶ
481 772 767 826 ἀκολουθία
800 773 893 824 καὶ
914 771 1141 842 δύναμις
1164 769 1265 839 τῆς
1294 768 1653 837 ἐλπιζομένης

72 871 180 924 ἐστὶ
212 866 577 927 τελειώσεως·
618 864 755 934 πρὸς
790 865 853 934 ἣν
904 862 1117 933 βλέπων
1141 901 1155 923 ,
1204 860 1297 913 ἐὰν
1343 860 1611 930 εὐφρονῇς
1635 897 1649 921 ,

70 962 184 1014 οὗτε
214 957 479 1027 ἀπεχθῶς
523 956 663 1022 ἐξεις
696 955 832 1025 πρὸς
868 953 1040 1006 ταῦτα
1081 952 1204 1004 οὔτε
1248 950 1652 1021 μὴνῆέμπαθῶς

71 1069 122 1103 τε
166 1052 266 1103 καί⁵
307 1046 717 1117 ἐπιθυμητικῶς
749 1045 1069 1115 διατεθήσῃ,
1107 1043 1179 1105 ὠς
1214 1043 1247 1112 ἢ
1282 1042 1652 1113 χωριζόμενος

71 1139 246 1193 αὐτῶν
279 1138 571 1202 ἀνιᾶσθαι,
602 1136 635 1206 ἤ
687 1133 1003 1202 αὐτομολεῖν
1032 1132 1166 1200 πρὸς
1198 1133 1286 1185 τὸν
1314 1133 1561 1187 θάνατον.
1588 1134 1652 1186 Εί

70 1232 118 1283 δὲ
140 1230 250 1301 χρὴ
285 1228 601 1299 προσθεῖναι
632 1228 725 1281 καὶ
750 1223 907 1278 τοῦτο
932 1225 1011 1294 τῷ
1039 1225 1213 1295 λόγῳ,
1239 1226 1339 1279 οὐκ
1380 1226 1650 1296 ἄχρηστον

71 1321 193 1381 ἴσως
238 1318 361 1370 ἐστὶ
386 1358 401 1381 ,
437 1318 541 1372 κᾶν
565 1318 670 1381 ἔξω
703 1315 803 1384 τῆς
835 1314 1154 1378 ἀκολουθίας
1187 1313 1322 1369 εἶναι
1370 1316 1537 1387 δοκῇ,
1571 1318 1651 1372 δτι

72 1411 347 1480 ἐμμελετᾷ
376 1410 450 1477 τῷ
478 1407 692 1477 θανάτῳ
719 1407 809 1461 διὰ
852 1408 1052 1471 παντὸς
1083 1409 1116 1477 ή
1145 1406 1306 1476 φύσις
1325 1449 1338 1471 ,
1385 1408 1479 1461 καὶ
1510 1426 1652 1478 συμ-

71 1504 281 1570 πέφυκε
309 1500 396 1553 διὰ
429 1499 522 1552 τοῦ
575 1499 767 1569 χρόνου
818 1500 1082 1573 προῖούσῃ
1111 1504 1176 1570 τῇ
1224 1501 1335 1571 ζωῇ
1373 1500 1591 1564 πάντως
1622 1502 1651 1553 6

67 1596 315 1654 θάνατος.
372 1591 516 1661 Πρὸς
554 1591 663 1663 γὰρ
689 1590 750 1644 τὸ
786 1591 976 1661 μέλλον
1001 1591 1093 1645 τοῦ
1124 1591 1515 1663 παρῳχηκότος
1551 1593 1650 1662 τῆς

67 1685 208 1751 ζωῆς
256 1683 493 1736 πάντοτε
553 1682 910 1753 κινουμένης,
965 1684 1058 1736 καὶ
1107 1684 1359 1737 οὐδέποτε
1406 1685 1540 1755 πρὸς
1588 1686 1649 1738 τὸ

1757 502 1859 542 nec
1890 486 2000 541 ullo
2032 487 2193 541 modo
2225 490 2306 542 sic
2353 487 2536 541 animo
2583 489 2866 555 allicieris,
2900 500 2960 547 ut
2988 494 3072 548 vel
3115 495 3183 550 ab
3229 497 3331 552 hac

1754 579 1865 633 vita
1897 576 2168 632 decedens
2199 579 2421 648 angaris
2442 617 2456 642 ,
2493 581 2579 634 vel
2612 590 2808 650 sponte
2856 595 3087 641 mortem
3140 592 3335 658 praeri-

1755 671 1896 742 pias.
1935 669 2056 724 Jam
2095 670 2230 724 illud
2254 709 2271 735 ,
2310 670 2437 725 licet
2474 686 2505 725 a
2538 677 2820 744 proposito
2864 684 3053 733 nostro
3089 681 3328 738 alienum

1753 778 1877 818 esse
1903 762 2172 828 videatur,
2205 761 2447 817 fortasse
2474 780 2584 819 non
2612 770 2718 821 erit
2744 769 2940 825 inutile
2967 780 3027 825 ut
3057 774 3331 846 adiunga-

1753 871 1909 917 mus,
1951 869 2148 921 nempe
2191 864 2447 913 naturam
2485 859 2712 915 assidue
2750 860 2806 915 in
2852 872 3080 918 mortem
3120 867 3331 922 incum-

1753 944 1918 1008 bere,
1956 945 2192 1014 vitaeque
2221 955 2468 1015 tempore
2507 950 2856 1006 antecedenti
2901 964 3130 1017 mortem
3175 973 3330 1027 pror-

1757 1053 1852 1091 sus
1891 1038 2101 1093 instare
2131 1047 2294 1107 atque
2327 1039 2610 1096 inhmrere.
2646 1041 2856 1097 Etenim
2888 1058 3013 1099 cum
3050 1049 3158 1101 vita
3190 1065 3330 1118 prte-

1755 1130 1959 1183 teriens
1987 1145 2203 1198 semper
2229 1129 2297 1184 ad
2329 1131 2574 1185 futurum
2602 1134 2931 1199 contendat,
2959 1153 3060 1199 nec
3093 1138 3159 1192 ad
3190 1156 3329 1209 prat-

1754 1220 1976 1273 teritum
2009 1236 2248 1290 unquam
2285 1230 2615 1283 revertatur,
2652 1224 2783 1293 quid
2827 1226 2976 1280 aliud
3010 1238 3130 1292 est,
3161 1248 3327 1300 quam

1754 1325 1906 1364 mors
1928 1349 1942 1371 ,
1977 1310 2027 1363 id
2052 1350 2067 1373 ,
2099 1312 2247 1380 quod
2277 1313 2493 1367 vitalem
2526 1313 2796 1368 actionem
2827 1331 3000 1385 usque
3034 1322 3327 1391 subsequi—

1754 1401 1887 1453 tur?
1915 1400 2096 1467 Quare
2128 1418 2250 1456 cum
2275 1404 2328 1457 in
2367 1412 2629 1473 tempore,
2656 1408 2800 1475 quod
2820 1416 2946 1462 ante
2980 1408 3151 1473 ﬂuxit,
3178 1413 3327 1468 desi-

1754 1502 1849 1547 nat
1880 1502 2060 1551 motus
2089 1496 2269 1551 omnis
2316 1506 2370 1550 et
2410 1500 2556 1552 actio
2599 1500 2780 1554 vitalis
2804 1540 2819 1563 ,
2856 1505 3159 1574 mortisque
3198 1523 3325 1575 pro-

1754 1588 1936 1656 prium
1964 1588 2071 1655 sit,
2097 1602 2185 1643 res
2216 1588 2282 1642 ad
2314 1589 2597 1644 interitum
2622 1630 2635 1652 ,
2667 1593 3011 1663 nihilumque
3040 1596 3324 1666 redigere;

1753 1678 1897 1747 quod
1948 1679 2171 1746 quidem
2230 1694 2445 1747 semper
2498 1681 2701 1735 actioni
2755 1686 3048 1752 praeteritae
3100 1691 3327 1743 omnino

66 1777 296 1829 κατόπιν
335 1775 675 1846 ἀναλυούοης
698 1816 712 1840 ,
748 1776 974 1839 θάνατός
1028 1777 1145 1829 ἐστι
1192 1776 1252 1829 τὸ
1306 1776 1533 1832 πάντοτε
1580 1781 1642 1848 τῇ

1750 1771 2047 1840 contingit,
2095 1787 2205 1824 non
2262 1775 2545 1839 mentitur,
2596 1776 2688 1845 qui
2744 1777 2874 1831 huic
2922 1781 3047 1833 vitae
3094 1792 3325 1837 mortem

66 1866 268 1937 ζωτικῇ
317 1867 570 1937 ἐνεργείᾳ
606 1869 963 1938 συνημμένως
990 1868 1275 1938 ἑπόμενον.
1315 1871 1404 1923 Ἐν
1432 1872 1539 1941 γὰρ
1570 1869 1642 1941 τῷ

1746 1859 1878 1915 dicit
1908 1877 2029 1916 esse
2056 1862 2430 1930 conjunctam.
2465 1864 2578 1919 Hoc
2609 1876 2791 1921 autem
2837 1885 2925 1924 res
2972 1871 3088 1939 ipsa
3132 1889 3321 1927 verum

69 1959 423 2028 παρῳχηκότι
459 1957 549 2010 τοῦ
572 1958 786 2027 χρόνου,
815 1959 1045 2013 παύεται
1071 1960 1286 2024 πάντως
1313 1964 1460 2016 πᾶσα
1492 1961 1642 2033 κίνη-

1746 1965 1870 2005 esse
1919 1950 2241 2015 conﬁrmat,
2280 1952 2761 2024 quandoquidem,
2810 1960 2955 2028 quod
3009 1962 3077 2014 ad
3132 1963 3322 2033 subje-

68 2068 145 2112 τις
188 2050 400 2120 ζωτικὴ
435 2052 526 2103 καὶ
554 2051 820 2121 ἐνέργεια.
868 2053 1020 2104 Ἐπεὶ
1067 2049 1160 2106 οὖν
1217 2053 1348 2107 ίδιόν
1402 2054 1519 2106 ἐστι
1555 2052 1642 2106 τοῦ

1746 2055 1891 2103 etatn
1939 2045 2232 2099 materiam
2267 2047 2542 2115 pertinet,
2580 2047 2746 2102 homo
2783 2065 2890 2102 non
2926 2060 3010 2106 est
3044 2051 3188 2106 idem
3223 2054 3322 2107 ho-

65 2140 293 2193 θανάτου
327 2139 389 2191 τὸ
437 2141 718 2209 ἄπρακτόν
756 2159 814 2194 τε
847 2143 941 2195 καὶ
979 2144 1365 2214 ἀνενέργητον·
1400 2143 1557 2195 τοῦτο
1588 2143 1642 2195 δὲ

1750 2136 1871 2197 die,
1901 2136 1994 2205 qui
2033 2136 2147 2191 heri
2187 2136 2309 2190 fuit.
2344 2137 2565 2205 Aliquid
2609 2137 2754 2192 enim
2800 2153 2866 2193 ex
2913 2156 2979 2193 eo
3027 2143 3322 2198 momentis

64 2232 294 2283 κατόπιν
341 2231 427 2283 ἀεὶ
470 2233 537 2301 τῇ
574 2231 774 2302 ζωτικῇ
808 2233 1054 2305 ἐνεργείᾳ
1090 2234 1303 2295 πάντως
1344 2234 1604 2301 ἐφέπεται
1629 2250 1641 2265 ο

1754 2227 1987 2295 singulis
2016 2226 2268 2289 moritur,
2299 2234 2353 2280 et
2379 2226 2541 2292 fetet,
2574 2236 2630 2281 et
2658 2232 3057 2300 corrumpitur,
3093 2241 3148 2287 et
3179 2233 3321 2303 abji-

62 2322 159 2373 οὐκ
187 2322 295 2386 ἔξω
322 2322 423 2391 τῆς
457 2320 710 2390 ἀληθείας
743 2323 861 2376 ἐστὶ
906 2324 965 2377 τὸ
997 2325 1409 2395 συμπεπλέχθαι
1430 2328 1494 2395 τῇ
1534 2325 1642 2395 ζωῇ

1754 2318 1897 2372 citur
1941 2336 1954 2372 :
2008 2333 2132 2372 cum
2183 2328 2384 2373 tetrum
2420 2329 2618 2374 natura
2668 2320 2894 2375 fetorem
2941 2340 3007 2376 ex
3055 2340 3318 2395 corpore,

64 2412 230 2482 ταύτῃ
262 2412 358 2465 τὸν
386 2412 617 2466 θάνατον
644 2414 838 2480 λέγειν.
869 2415 979 2467 Καὶ
1014 2415 1187 2478 ἄλλως
1215 2415 1257 2467 δ’
1300 2415 1367 2468 ἄν
1389 2433 1472 2478 τις
1500 2414 1642 2486 εὖροι

1757 2420 2013 2478 tanquam
2051 2407 2214 2463 funus
2243 2425 2306 2463 ex
2347 2409 2530 2478 aliqua
2566 2410 2762 2473 domo,
2811 2414 3036 2476 ell‘erat,
3087 2424 3140 2467 et
3172 2417 3319 2484 quod

64 2505 119 2552 εδ
150 2502 394 2555 τοιοῦτον
424 2502 600 2572 νόημα
627 2502 713 2556 διὰ
752 2502 853 2572 τῆς
877 2502 1134 2573 ἀληθείας
1161 2506 1291 2574 ἡμῖν
1314 2502 1642 2575 κρατυνόμε-

1758 2501 1976 2555 vitalem
2009 2499 2324 2557 facultatem
2357 2502 2468 2570 jam
2505 2503 2690 2567 exuit,
2718 2510 2879 2557 terra:
2911 2505 3109 2558 tradat.

64 2611 165 2654 νον,
194 2593 373 2664 αὐτῆς
394 2596 494 2665 τῆς
518 2595 710 2664 πείρας
746 2594 1126 2665 μαρτυρούσης
1152 2595 1229 2666 τῷ
1256 2595 1484 2667 δόγματι
1510 2634 1523 2657 ,
1559 2595 1641 2647 ὃτι
1679 2594 1776 2663 οὐχ
1806 2594 1835 2645 ὁ
1863 2591 2023 2654 αὐτός
2057 2593 2172 2644 ἐστι
2197 2592 2276 2661 τῷ
2296 2591 2467 2662 χθιζῷ
2489 2595 2517 2645 ό
2542 2593 2778 2664 σήμερον
2843 2594 3122 2665 ἄνθρωπος
3182 2599 3321 2652 κατά

62 2689 116 2738 τὸ
156 2687 366 2750 ὑλικῶς
401 2685 756 2755 ὑποκείμενον
782 2728 796 2751 ,
833 2686 965 2741 ἀλλά
1007 2706 1058 2740 τι
1110 2688 1325 2750 πάντως
1404 2687 1568 2739 αὑτοῦ
1628 2687 1713 2739 διὰ
1748 2684 1947 2745 παντὸς
1984 2682 2270 2753 νεκροῦται
2296 2724 2310 2745 ,
2358 2684 2449 2736 καὶ
2489 2684 2600 2747 όζει
2627 2723 2642 2746 ,
2676 2685 2767 2737 καὶ
2802 2686 3191 2756 διατθείρεται,
3227 2693 3320 2744 καὶ

64 2778 383 2831 ἐκϐάλλεται
407 2816 422 2840 ,
460 2777 710 2846 καθάπερ
739 2777 914 2840 οἰκίας
952 2777 1093 2838 τινὸς
1129 2778 1227 2847 τῆς
1270 2775 1363 2830 τοῦ
1391 2776 1640 2845 σώματος
1675 2773 1816 2841 λέγω
1863 2773 2206 2842 κατασκευῆς
2248 2772 2344 2842 τὴν
2368 2773 2608 2845 νεκρώδη
2653 2775 2912 2829 δυσωδίαν
2984 2781 3320 2855 ἐκφερούσης

62 2873 151 2941 τῆς
198 2870 458 2938 φύσεως,
494 2871 585 2923 καὶ
638 2873 704 2941 τῇ
758 2874 825 2942 γῇ
864 2869 1257 2941 παραδιδούσης
1292 2870 1355 2924 τὸ
1394 2870 1495 2940 ήδη
1542 2870 1641 2939 τῆς
1677 2864 1914 2933 ζωτικῆς
1938 2864 2219 2935 δυνάμεως
2248 2862 2351 2927 ἔξω
2379 2865 2683 2935 γενόμενον.

125 2967 220 3019 Διὸ
269 2966 418 3019 κατὰ
466 2965 563 3037 τὴν
596 2965 691 3019 τοῦ
742 2964 976 3035 μεγάλου
1037 2968 1221 3037 φωνὴν
1262 2967 1472 3021 Παύλου
1525 2965 1646 3019 καθ’

1814 2960 2214 3027 Quamobrem,
2248 2969 2306 3014 ut
2332 2960 2537 3017 Paulus
2564 2964 2675 3028 ait,
2706 2964 2948 3033 quotidie
2977 2971 3238 3024 morimur
3260 2973 3314 3027 ⁷;

62 3061 270 3129 ἡμέραν
304 3058 722 3129 ἀποθνήσκομεν
748 3101 762 3124 ,
793 3062 891 3130 οὐχ
939 3062 988 3113 οί
1037 3060 1191 3113 αὐτοὶ
1220 3058 1309 3113 διὰ
1341 3058 1535 3122 παντὸς
1583 3059 1641 3110 ἐν

1745 3053 1944 3123 quippe
1970 3052 2061 3121 qui
2095 3068 2203 3107 non
2236 3052 2397 3107 iidem
2428 3069 2643 3124 semper
2664 3071 2949 3113 manemus
2979 3060 3031 3113 in
3058 3060 3177 3130 ipso
3204 3078 3299 3118 cor

62 3153 131 3221 τῷ
160 3149 318 3220 αὐτῷ
351 3149 696 3220 διαμένοντες
744 3150 878 3221 οίκῳ
931 3150 1026 3204 τοῦ
1060 3148 1340 3222 σώματος,
1376 3151 1492 3206 ἀλλ’
1520 3152 1646 3204 ἐκά-

62 3261 209 3297 ςτοτε
245 3243 401 3296 ἄλλοι
434 3241 493 3306 ἐξ
522 3240 682 3295 ἄλλου
711 3242 985 3312 γινόμενοι
1009 3241 1097 3295 διά
1121 3242 1437 3313 προσθήκης
1468 3258 1527 3293 τε
1552 3243 1645 3293 καὶ

60 3336 449 3405 ἀποποιήσεως
472 3371 485 3394 ,
524 3331 601 3395 ὡς
648 3331 783 3402 πρὸς
811 3332 996 3386 καινὸν
1024 3331 1183 3403 σῶμα
1208 3331 1297 3385 διὰ
1323 3332 1523 3395 παντὸς
1552 3332 1644 3385 ἀλ-

60 3426 384 3495 ὶηιούμενοι.
413 3423 477 3475 Τί
509 3420 601 3477 οὖν
633 3423 949 3494 ξενιζόμεθα
999 3424 1136 3493 πρὸς
1167 3424 1258 3478 τὸν
1292 3423 1553 3486 θάνατον,
1580 3418 1641 3475 οἷ)

58 3518 355 3588 ἀπεδείχθη
386 3516 582 3586 μελέτη
601 3517 882 3587 διηνεκὴς,
903 3518 997 3570 καὶ
1024 3517 1321 3586 γυμνάσιον
1346 3518 1379 3587 ἠ
1404 3514 1491 3570 διὰ
1511 3533 1641 3587 σαρ-

58 3615 144 3673 ac”;
179 3607 323 3664 οὖσα
358 3609 510 3678 ζωή;
543 3608 661 3662 Κᾶν
690 3609 780 3661 τὸν
828 3608 1183 3679 ὕπνονεῖπῃς
1217 3608 1311 3662 καὶ
1351 3608 1450 3679 τὴν
1478 3608 1644 3679 ἐγρή-

57 3720 247 3771 γορσιν
274 3743 290 3767 ,
324 3699 493 3770 ἀλλην
523 3700 751 3755 θανάτου
798 3700 976 3769 λέγεις
1019 3701 1156 3771 πρὸς
1196 3700 1295 3770 τὴν
1328 3700 1475 3771 ζωὴν
1508 3717 1643 3771 συμο

57 3794 264 3863 πλοκὴν
291 3833 307 3856 ,
358 3793 866 3862 κατασϐεννυμένης
916 3794 975 3845 ἐν
1019 3794 1139 3869 ’τοῖς¹
1169 3792 1488 3846 καθεύδουσι
1541 3792 1640 3863 τῆς

56 3886 363 3953 αἰσθήσεως
383 3923 398 3945 ,
434 3882 528 3936 καὶ
574 3882 734 3936 πάλιν
764 3883 863 3952 τῆς
895 3868 1273 3954 ἐγρηγόρσεως
1309 3882 1636 3952 ἐνεργούσης

56 3982 182 4047 ἡμῖν
207 3979 266 4028 ἐν
294 3976 434 4045 αὐτῇ
465 3974 561 4047 τὴν
588 3974 946 4045 ἐλπιζομένην
968 3976 1290 4040 ἀνάστασιν;
1324 3975 1461 4026 Ἀλλ’
1484 3973 1636 4027 οῠπω

54 4072 109 4122 τὸ
150 4067 519 4139 προκείμενον
567 4070 697 4138 ἡμῖν
741 4067 1108 4139 εύσαφηνίσθη
1144 4067 1231 4121 διὰ
1258 4066 1366 4120 τῶν
1411 4068 1636 4137 εἰρημέ-

54 4179 176 4221 νων,
205 4157 302 4210 τοῦ
336 4156 637 4209 ὲπεισοδίου
687 4157 954 4227 νοήματος
983 4157 1117 4227 πρὸς
1162 4156 1353 4227 ἑτέραν
1400 4156 1634 4226 θεωρίαν

55 4249 475 4319 παραγαγόντος
494 4247 584 4300 τὸν
615 4248 789 4313 λόγον.

1743 3146 1895 3214 poris
1922 3144 2206 3198 domicilio
2226 3185 2241 3210 ,
2268 3144 2361 3199 sed
2390 3146 2708 3201 accessione
2734 3147 3162 3221 decessionequc
3186 3170 3316 3208 mn-

1741 3230 1893 3290 tinu'a
1934 3236 2029 3290 alii
2073 3252 2137 3291 ex
2188 3237 2294 3290 alio
2327 3237 2630 3303 reddimur,
2669 3247 2725 3295 et
2756 3240 2811 3293 in
2860 3257 3056 3295 novum
3093 3246 3315 3300 assidue

1739 3338 1940 3397 corpus
1973 3328 2349 3382 immutamur.
2379 3328 2519 3395 Quid
2554 3330 2719 3400 igitur
2748 3346 2871 3385 cum
2906 3342 3081 3389 morte
3114 3351 3217 3392 nos
3256 3346 3314 3393 ut

1738 3418 1951 3488 hospite
1984 3419 2406 3488 peregrinosque
2434 3420 2696 3489 gerimus,
2724 3437 2850 3477 cum
2873 3423 3311 3483 demonstratum

1741 3513 1846 3576 sit,
1875 3512 2041 3565 vitam
2076 3512 2216 3565 hanc
2244 3526 2404 3580 quam
2440 3512 2493 3565 in
2522 3526 2687 3567 carne
2714 3514 2982 3585 degimus,
3010 3518 3143 3572 nihil
3168 3520 3313 3575 aliud

1740 3620 1897 3667 esse,
1946 3603 2054 3658 nisi
2097 3611 2414 3674 perpetuam
2466 3604 2659 3660 mortis
2701 3610 3216 3665 commentationem
3250 3627 3313 3666 ac

1739 3695 2029 3752 studium?
2076 3695 2261 3761 Quid?
2294 3695 2411 3765 ipse
2442 3711 2669 3753 somnus
2703 3708 2867 3768 atque
2921 3700 3107 3769 vigilia
3129 3742 3145 3765 ,
3180 3703 3310 3773 quid

1738 3787 1887 3842 aliud
1923 3796 2085 3850 sunt,
2134 3787 2241 3842 nisi
2292 3788 2484 3849 mortis
2519 3789 2749 3860 vitaeque
2792 3792 3110 3863 complexus
3151 3804 3312 3866 atque

1738 3877 2089 3947 coniunctio?
2114 3892 2239 3931 cum
2279 3886 2333 3931 et
2368 3877 2701 3933 dormientes
2735 3889 2989 3951 tanquam
3016 3886 3309 3943 exstinctos

1739 3983 1935 4023 sensus
1982 3972 2083 4023 nos“
2127 3968 2377 4034 deserat,
2423 3978 2476 4024 et
2525 3971 2795 4025 excitatos
2851 3972 3033 4043 vigilia
3084 3986 3309 4044 sperata’

1740 4060 2169 4116 resurrectionis
2208 4060 2537 4115 admoneat?
2580 4060 2780 4116 Verum
2821 4062 3164 4131 digressione
3205 4068 3309 4123 hac

1741 4151 1809 4205 ad
1846 4151 1949 4204 alia
1984 4151 2383 4207 consideranda
2415 4168 2517 4206 nos
2552 4152 2892 4217 adducente,
2924 4155 3070 4224 quod
3100 4173 3305 4228 propo-

1742 4243 1955 4299 suimus
1988 4242 2229 4296 nondum
2263 4242 2677 4312 explicavimus.

121 4316 297 4391 Πάλιν
329 4336 510 4389 τοίνυν
551 4337 611 4389 τὸ
660 4337 917 4409 προτεθὲν
971 4338 1363 4407 ἀναλάϐωμεν,
1413 4338 1492 4390 ὅτι
1534 4338 1633 4390 οὐκ

1810 4335 1993 4401 Quare
2031 4335 2097 4389 ad
2136 4335 2478 4405 propositum
2516 4344 2879 4402 revertamur,
2916 4340 3307 4396 ostendamus-

51 4432 345 4500 ἀχρήστως
387 4429 524 4501 πρὸς
544 4431 641 4500 τὴν
681 4430 1133 4500 προσδοκωμένην
1163 4430 1272 4482 τῶν
1305 4429 1526 4499 ἀγαθῶν
1553 4430 1635 4483 ἐλ-

56 4524 179 4576 πίδα
204 4562 219 4585 ,
252 4522 379 4575 οὐδὲ
412 4525 445 4592 ἡ
486 4522 578 4575 τοῦ
630 4521 879 4592 σώματος
905 4523 1065 4591 φύσις
1109 4523 1239 4593 ἔχει.
1288 4524 1350 4575 Εἰ
1383 4523 1479 4593 μὲν
1527 4522 1635 4593 γὰρ

51 4607 188 4679 ἦμεν
228 4613 372 4679 ὅπερ
408 4610 468 4675 ἐξ
499 4612 673 4682 ἀρχῆς
703 4611 1027 4679 ἐγενόμεθα,
1066 4611 1165 4663 ούκ
1196 4609 1261 4663 ἂν
1299 4609 1513 4672 πάντως
1542 4609 1634 4662 τοῦ

51 4702 378 4772 δερματίνου
426 4702 651 4771 χιτῶνος
697 4702 1173 4772 προσεδεήθημεν,
1224 4700 1635 4772 ἐπιλαμπούσης

52 4798 179 4862 ἡμῖν
220 4794 327 4863 τῆς
360 4795 502 4864 πρὸς
532 4794 592 4846 τὸ
619 4794 771 4846 Θεῐον
811 4793 1143 4862 ὁμοιώσεως.
1189 4794 1246 4846 Ὀ
1284 4793 1342 4847 δὲ
1377 4792 1516 4854 θεῖος
1545 4811 1639 4863 χα-

55 4886 264 4957 ρακτὴρ
285 4888 315 4938 ό
336 4885 756 4955 ἐπιφαινόμενος
784 4888 816 4955 ἠ
826 4888 915 4954 μίν
939 4886 999 4938 τὸ
1030 4886 1147 4938 κατ’
1177 4884 1370 4957 ἀρχὰς,
1403 4885 1463 4937 οὐ
1485 4884 1635 4938 ποιοῦ

52 4976 335 5045 τχήματός
378 4993 522 5038 τινος
567 4975 598 5045 ἢ
633 4974 919 5046 χρώματος
950 4975 1014 5045 ἦν
1058 4975 1292 5045 ἰδιότης,
1325 4974 1439 5026 ἀλλ’
1468 4971 1549 5036 οἷς
1577 4974 1638 5025 τὸ

48 5070 190 5121 θεῖον
228 5069 518 5138 θεωρεῖται
561 5068 752 5131 κάλλος
777 5107 792 5130 ,
830 5070 1091 5131 τοιούτοις
1124 5064 1521 5130 ἐκαλλωπίζετο
1544 5065 1637 5118 καὶ

48 5163 71 5209 ὁ
100 5160 414 5228 ἄνθρωπος,
454 5159 523 5212 δι’
571 5159 836 5222 ἀπαθείας
863 5178 922 5214 τε
974 5161 1067 5213 καὶ
1110 5159 1505 5231 μακαριότητος
1543 5158 1636 5211 καὶ⁴

45 5248 393 5316 ἀφθαρσίας,
446 5248 544 5320 τὴν
580 5250 895 5320 ἀρχέτυπον
949 5250 1108 5321 χάριν
1166 5246 1630 5318 ἀπομιμούμενος-

58 5341 279 5411 Ἐπειδὴ
316 5342 375 5394 δὲ
426 5341 492 5393 δι’
524 5342 739 5411 ἀπάτης
771 5343 870 5395 τοῦ
896 5343 1089 5413 ἐχθροῦ
1136 5344 1235 5413 τῆς
1271 5341 1417 5409 ζωῆς
1455 5340 1632 5409 ἡμῶν.

46 5433 180 5502 πρὸς
227 5432 291 5485 τὸ
340 5432 615 5503 κτηνῶδες
649 5435 741 5487 καὶ
799 5436 992 5503 ἄλογον
1026 5434 1287 5497 ἑκουσίως
1327 5433 1426 5503 τὴν
1463 5432 1633 5504 ῥοπὴν

45 5523 201 5594 ἔςχεν
251 5527 283 5577 ό
314 5524 599 5596 ἄνθρωπος
623 5566 638 5591 ,
689 5527 749 5579 τὸ
788 5528 882 5587 μὲν
931 5528 1159 5591 ἄκοντας
1201 5529 1505 5599 ἀποστῆναι
1540 5524 1632 5580 τοῦ

163 5699 179 5750 1
223 5700 351 5753 Cor.
386 5716 474 5757 xv.
510 5700 595 5753 51.

374 5792 641 5850 Parnm.
675 5791 793 5849 tiu.
846 5790 1060 5851 XLVI.

1742 4443 1847 4497 que
1880 4443 1949 4481 ne
1984 4428 2235 4496 corporis
2264 4427 2485 4497 quidem
2520 4436 2773 4483 naturam
2811 4430 3061 4487 inutilem
3091 4447 3213 4488 esse
3240 4435 3307 4491 ad

1740 4534 1891 4589 spem
1924 4519 2222 4581 bonorum,
2255 4535 2375 4589 quae
2401 4536 2430 4572 a
2457 4519 2617 4573 nobis
2647 4530 3059 4590 exspectantur.
3098 4524 3306 4582 Etenim

1740 4613 1787 4665 si
1818 4613 1954 4666 tales
1985 4612 2402 4674 mansissemus,
2442 4614 2632 4679 quales
2657 4614 2812 4668 initio
2846 4614 3046 4671 fuimus
3080 4632 3305 4687 procre-

1740 4708 1851 4772 ati,
1902 4706 1996 4763 Dei
2044 4708 2404 4763 similitudine
2445 4710 2500 4762 in
2550 4710 2707 4765 nobis
2748 4713 3033 4777 elucente,
3079 4716 3305 4785 pellicea

1713 4794 1921 4853 'tunica
1958 4801 2272 4868 neutiquam
2306 4799 2758 4868 indignissemns.
2795 4802 2981 4857 Divina
3016 4808 3159 4860 enim
3186 4823 3305 4876 quae

1737 4891 2007 4961 principio
2052 4891 2106 4944 in
2156 4892 2313 4945 nobis
2352 4896 2679 4946 cernebatur
2731 4904 2887 4957 nota,
2932 4913 3036 4949 non
3082 4898 3134 4949 in
3167 4913 3304 4965 qua-

1735 4983 1994 5053 licunque
2029 4984 2214 5052 ligurze
2245 4985 2514 5039 colorisve
2559 4989 2888 5056 proprietate
2932 4991 3302 5053 consistebat,

1735 5074 1828 5127 sed
1858 5073 2057 5142 quibus
2086 5073 2396 5143 insignibus
2422 5073 2513 5130 Dei
2546 5078 2897 5146 pulchritudo
2943 5082 3301 5149 conspicitur,

1734 5166 1927 5220 iisdem
1987 5166 2148 5218 homo
2210 5164 2507 5221 decoratus
2557 5184 2653 5237 per
2702 5170 3094 5224 beatitudinem
3153 5174 3303 5241 aegri-

1736 5257 2043 5311 tudinis'et
2086 5258 2455 5327 corruptionis
2486 5269 2762 5329 expertem
2808 5264 3138 5328 exemplaris
3175 5280 3301 5331 gra-

1734 5350 1864 5401 tiam
1909 5347 2269 5416 exprimebat.
2316 5348 2419 5402 Sed
2465 5361 2819 5421 posteaquam
2865 5369 2892 5404 a
2938 5354 3060 5409 vita:
3100 5363 3302 5407 nostra:

1736 5439 1962 5497 inimico
2001 5439 2139 5495 dolis
2189 5442 2447 5511 deceptus
2508 5443 2574 5496 ad
2642 5443 2939 5499 bestiarum
2990 5448 3300 5519 rationique

1734 5533 2069 5587 contrariam
2128 5532 2293 5587 vitam
2367 5535 2799 5604 amplectendam
2860 5539 3142 5596 voluntate
3201 5554 3299 5596 sua

2984 5809 3054 5870 17
