3844 6428
527 274 632 332 5’23

1764 273 1820 326 s.
1847 272 2176 328 GREGORII
2208 272 2504 329 NYSSENI
2917 267 2919 270 ‘
3670 295 3756 351 εει

533 387 856 458 propensior
914 381 1124 448 evasit,
1181 380 1647 436 inconsideratius
1699 381 1934 437 fortasse
1988 398 2100 438 rem

2207 385 2448 476 χείρονος
2467 424 2482 450 ,
2515 386 2610 438 καὶ
2648 387 2783 456 πρὸς
2811 387 2871 439 τὸ
2911 391 3156 459 κρεῖττον
3181 395 3588 468 ἀναγκαστικῶς
3619 424 3756 476 μετα-

489 493 496 504 ’
531 475 966 548 ηροηάοιιῑίὺυε
995 475 1275 530 videretur
1310 473 1477 538 utile,
1511 482 1570 528 ut
1607 487 1639 526 a
1685 475 1828 527 malo
1863 473 2104 529 discede-

531 585 717 626 remus
752 567 944 631 inviti,
982 565 1271 636 coactique
1305 565 1372 619 ad
1411 566 1614 620 bonum
1649 573 2007 619 revertentur.
2035 564 2104 620 At

529 665 783 718 humanae
831 668 1041 713 naturae
1087 657 1330 713 ellectori
1361 658 1554 711 inutile
1601 657 1777 711 visum
1818 665 1901 712 est
1943 665 2107 726 atque

531 759 779 826 iniquum
804 797 818 822 ,
853 763 913 806 ut
945 753 1017 806 ob
1049 766 1169 806 eam
1202 751 1622 822 dispositionem
1650 759 1848 805 natura
1881 749 2104 803 maximi

530 849 658 903 boni
690 848 966 918 jacturam
1003 844 1223 898 faceret.
1261 840 1396 895 Nam
1430 856 1555 895 cum
1593 839 1701 896 Deo
1731 841 1950 905 similis,
1975 841 2105 894 bea-

530 950 727 1009 tusque
771 952 837 992 ea
882 951 943 991 re
977 942 1125 990 esset
1175 933 1373 998 homo,
1423 933 1569 1002 quod
1621 933 1793 987 libera
1844 932 2105 1002 przeditus

527 1041 646 1085 erat
672 1031 952 1084 voluntate
979 1027 1159 1098 (juris
1187 1026 1332 1081 enim
1359 1040 1483 1080 esse
1512 1025 1629 1089 sui,
1655 1034 1708 1078 et
1735 1025 1941 1080 nullius
1977 1025 2104 1080 sub.

523 1127 728 1194 jectum
759 1119 1011 1192 imperio,
1040 1119 1240 1173 divinae
1263 1127 1348 1174 est
1380 1116 1744 1172 beatitudinis
1771 1117 2102 1189 proprium),

528 1217 574 1272 si
612 1214 942 1270 necessitate
983 1211 1134 1265 illum
1158 1251 1173 1273 ,
1209 1217 1264 1265 et
1304 1211 1356 1263 vi
1396 1208 1465 1262 ad
1503 1209 1710 1278 aliquid
1761 1209 2103 1279 impulisset,

526 1324 591 1364 ea
643 1305 938 1376 spoliasset
990 1304 1167 1373 ipsum
1221 1301 1504 1371 dignitate.
1559 1300 1661 1364 Qui
1713 1301 1858 1353 enim
1913 1308 2107 1369 sponte

529 1411 789 1471 motuque
848 1397 1161 1454 voluntario
1217 1403 1468 1449 naturam
1543 1409 1700 1448 suam
1761 1393 1830 1447 ad
1898 1393 2104 1464 aliquid

527 1513 752 1558 eorum,
804 1509 925 1562 qua!
981 1505 1092 1546 non
1147 1488 1518 1548 conveniunt,
1573 1494 2006 1547 converterunt,
2059 1488 2104 1539 si

526 1602 624 1657 per
648 1587 756 1640 vim
787 1584 853 1636 ab
884 1583 951 1634 iis
973 1621 986 1642 ,
1018 1594 1140 1649 quae
1172 1579 1273 1631 sibi
1310 1577 1412 1646 ipsi
1451 1576 1809 1646 delegerunt,
1839 1575 2106 1630 desistere

526 1685 814 1748 cogantur,
864 1673 1071 1727 bonum
1122 1669 1233 1724 illis
1285 1667 1565 1730 adimitur,
1625 1667 1772 1736 quod
1823 1665 2099 1719 habebant

525 1746 719 1844 prius:
755 1783 928 1837 caque
960 1780 1050 1819 res
1082 1775 1161 1818 est
1205 1761 1440 1832 privatio
1491 1759 1667 1815 divini
1713 1759 1960 1814 honoris.
2010 1757 2100 1811 Li-
2136 1746 2173 1798 Β

526 1869 714 1923 berum
759 1863 905 1919 enim
948 1857 1247 1915 voluntatis
1290 1853 1581 1909 arbitrium
1641 1860 1727 1906 est
1782 1851 1962 1905 honor
2017 1850 2102 1904 di-

523 1959 652 2013 vino
693 1954 942 2026 zequalis.
987 1949 1361 2017 Quamobrem
1414 1954 1476 2000 ut
1523 1945 1689 2000 simul
1746 1951 1800 1998 et
1851 1944 2102 1996 humanae

525 2060 733 2106 natura:
780 2047 1191 2114 relinqueretur
1241 2038 1484 2109 dignitas
1530 2037 1716 2091 libera:
1766 2036 2098 2099 voluntatis,

524 2151 579 2198 et
615 2144 795 2210 ipsum
841 2135 1154 2190 auferretur
1195 2131 1392 2184 malum
1417 2169 1431 2191 ,
1479 2129 1619 2182 hanc
1659 2127 1844 2180 divina
1886 2128 2104 2196 sapien-

527 2236 605 2289 tia
647 2233 914 2287 rationem
949 2217 1311 2294 excogitavit,
1347 2231 1405 2275 ut
1443 2222 1499 2275 in
1545 2220 1612 2274 iis
1661 2218 1934 2273 hominem
1983 2233 2104 2272 esse

527 2327 762 2387 sineret,
799 2336 920 2392 qua:
952 2319 1055 2374 sibi
1091 2317 1209 2386 ipse
1251 2313 1541 2382 elegisset,
1575 2326 1686 2380 quo
1718 2309 1952 2380 gustatis
1989 2324 2102 2360 ma-

528 2424 630 2487 lis,
678 2433 799 2488 qnae
852 2413 1280 2482 concupiverat,
1337 2406 1782 2476 experiendoque
1834 2403 2100 2464 discens,

528 2526 649 2581 quae
690 2507 890 2579 quibus
929 2506 1365 2564 commutasset,
1412 2514 1478 2552 ea
1530 2495 1832 2566 cupiditate
1881 2509 2102 2549 rursum

526 2603 931 2662 incenderetur,
960 2602 1020 2650 ut
1044 2595 1300 2648 vitiorum
1334 2589 1919 2662 perturbationumque
1939 2628 1952 2653 ,
1985 2603 2106 2658 qua:

527 2690 724 2747 rationi
783 2687 1019 2742 inimicae
1071 2691 1236 2748 sunt,
1292 2696 1460 2736 onere
1490 2679 1777 2750 deposito,
1836 2687 1892 2733 et
1923 2679 2007 2732 vel
2049 2679 2103 2732 111

527 2781 785 2856 pmsenti
814 2779 925 2834 vita
954 2777 1211 2847 precibus
1246 2775 1642 2843 sapientiaeque
1689 2772 1872 2826 studio
1905 2786 2106 2842 purga-

522 2885 650 2942 tus,
678 2873 761 2930 vel
791 2882 915 2943 post
943 2871 1156 2924 obitum
1197 2884 1291 2937 per
1325 2865 1686 2935 expurgantis
1732 2864 1874 2934 ignis
1919 2861 2106 2916 forna-

521 2983 641 3023 cem
671 2965 957 3036 expiatus,
1006 2961 1074 3014 ad
1123 2959 1414 3030 pristinam
1447 2959 1609 3012 vellet
1653 2956 1835 3012 redire
1882 2955 2107 3010 felicita-

2206 475 2414 541 θεῖναι,
2448 479 2561 542 τοῖς
2599 478 2698 549 μὲν
2741 480 3116 547 ἀνεξετάστοις
3153 486 3420 556 χρήσιμον
3451 492 3586 549 εἶναι
3611 475 3753 553 δοκεῖ·

2205 569 2281 639 τῷ
2336 569 2392 622 δὲ
2440 569 2653 643 πλάστῃ
2706 572 2806 643 τῆς
2856 573 3070 642 φύσεως
3119 575 3428 642 ἀλυσιτελὲς
3470 582 3638 654 ἐφάνη
3680 593 3760 644 καὶ

2206 662 2426 726 ἄδικον,
2460 661 2560 734 τὴν
2607 661 2700 716 τοῦ
2754 664 3010 733 μεγίστου
3058 666 3167 722 τῶν
3214 668 3435 737 ἀγαθῶν
3467 671 3664 743 ζημίαν
3689 679 3758 734 διὰ

2205 753 2303 823 τῆς
2335 753 2589 824 τοιαύτης
2616 755 2927 826 οἰκονομίας
2954 758 3250 829 ἐμποιῆσαι
3271 763 3337 831 τῇ
3373 761 3550 830 φύσει.
3569 765 3762 838 Ἐπειδὴ

2206 846 2313 915 γὰρ
2342 845 2583 917 θεοειδὴς
2613 847 2642 899 6
2678 847 2965 918 ἄνθρωπος
2992 850 3207 919 ἐγένετο
3231 893 3246 917 ,
3277 856 3371 906 καὶ
3417 857 3678 926 μακάριος
3697 862 3762 929 τῷ

2207 937 2539 1009 αὑτεξουσίῳ
2559 940 2918 1010 τετιμημένος
2951 942 3047 1007 (τὸ
3088 944 3198 1016 γὰρ
3232 946 3568 1017 αὐτοκρατές
3603 967 3658 1002 τε
3686 953 3764 1007 καὶ

2205 1031 2498 1084 ἀδέσποτον
2533 1031 2662 1084 ἴδιόν
2721 1032 2836 1085 ἐστι
2889 1035 2987 1105 τῆς
3037 1035 3186 1100 θείας
3217 1038 3688 1112 μακαριότητος),
3715 1044 3766 1095 τὸ

2205 1119 2272 1172 δι’
2305 1119 2550 1192 ἀνάγκης
2583 1121 2746 1174 αὐτὸν
2773 1123 2863 1175 ἐπί
2911 1141 2964 1176 τι
3006 1126 3334 1198 μεταχθῆναι
3363 1128 3583 1199 βιαίως.
3623 1133 3766 1200 ἀφαί-

2211 1229 2358 1284 ρεσις
2403 1211 2497 1264 τοῦ
2537 1211 2846 1284 ἀξιώματος
2883 1209 2970 1286 ἦν.
3011 1216 3072 1268 Εἰ
3119 1219 3224 1286 γὰρ
3263 1220 3521 1286 ἑκουσίως
3551 1222 3647 1293 τὴν
3685 1225 3766 1277 ἀν-

2208 1304 2486 1375 θρωπίνην
2539 1304 2699 1374 φύσιν
2733 1305 2874 1359 κατὰ
2903 1306 3003 1376 τὴν
3042 1306 3383 1372 αὐτεξούσιον
3426 1313 3640 1384 κίνησιν
3685 1316 3766 1368 ἐπί

2207 1411 2259 1446 τι
2290 1394 2399 1446 τῶν
2429 1395 2490 1447 οὐ
2540 1395 2767 1450 δεόντων
2809 1397 3132 1467 ὁρμήσασαν
3151 1438 3166 1462 ,
3210 1398 3396 1469 βιαίως
3427 1421 3486 1457 τε
3521 1407 3617 1458 καὶ
3647 1424 3766 1458 κατ-

2207 1489 2635 1558 ηναγκασμένως
2650 1489 2760 1542 τῶν
2792 1491 3124 1562 αἱρεσάντων
3152 1493 3476 1566 ἀπέστησεν,
3499 1499 3768 1571 ἀφαίρεσις

2206 1580 2272 1634 ἂν
2300 1577 2368 1652 ἦν
2400 1580 2495 1634 τοῦ
2546 1584 2869 1653 προέχοντος
2901 1583 3106 1652 ἀγαθοῦ
3135 1585 3196 1638 τὸ
3219 1587 3497 1658 γινόμενον
3515 1629 3531 1654 ,
3561 1592 3653 1644 καὶ
3681 1594 3768 1664 τῆς

2211 1673 2415 1727 ἰσοθέου
2437 1675 3019 1747 τιμῆς“ἀποστέρησις,
3059 1677 3285 1731 ’ἰσόθεον
3306 1680 3414 1750 γάρ
3441 1682 3558 1739 ἐστι
3571 1682 3634 1736 τὸ
3661 1685 3769 1738 αὐτο

2203 1762 2461 1827 εξούσιον.
2505 1765 2590 1828 Ὡς
2627 1765 2692 1818 ἂν
2728 1761 2820 1819 οὖν
2857 1767 3008 1838 καὶὴ
3040 1767 3257 1834 ἐξουσία
3299 1771 3449 1839 μένοι
3477 1775 3544 1844 τῇ
3598 1775 3766 1842 φύσει,

2205 1857 2298 1909 καὶ
2329 1857 2391 1910 τὸ
2417 1857 2583 1912 κακὸν
2611 1860 2932 1929 ἀπογένοιτο
2956 1900 2971 1921 ,
3009 1860 3212 1933 ταύτην
3239 1856 3396 1933 εὗρεν
3428 1866 3461 1935 ἡ
3504 1866 3667 1935 σοφία
3686 1867 3767 1920 τοῦ

2204 1948 2340 2003 Θεοῦ
2380 1949 2478 2021 τὴν
2504 1951 2747 2004 ἐπίνοιαν
2770 1991 2784 2015 ,
2816 1951 2876 2004 τὸ
2927 1953 3086 2007 ἐᾶσαι
3123 1954 3212 2007 τὸν
3267 1951 3547 2027 ἄνθρωπον
3599 1961 3658 2012 ἐν
3700 1957 3770 2024 οἷς

2205 2041 2469 2112 ἐῧουλήθη
2499 2042 2748 2110 γενέσθαι
2773 2084 2787 2107 ,
2822 2045 2908 2097 ἵνα
2936 2045 3273 2116 γευσάμενος
3310 2048 3418 2101 τῶν
3455 2050 3644 2104 κακῶν
3666 2094 3681 2117 ,
3705 2047 3769 2107 ὧν

2205 2132 2571 2203 ἐπεθύμησεν,
2601 2134 2693 2187 καὶ
2712 2137 2778 2205 τῇ
2812 2135 2978 2206 πείρᾳ
3017 2135 3205 2206 μαθὼν
3225 2177 3239 2200 ,
3274 2132 3502 2193 οἷαιάνθ’
3530 2141 3660 2195 οἴων
3690 2144 3772 2213 ὴλ-
3810 2157 3822 2172 ·

2204 2223 2399 2288 λάξατο
2425 2262 2439 2286 ,
2487 2223 2897 2297 παλινδρομήσῃ
2933 2226 3024 2279 διὰ
3067 2226 3167 2298 τῆς
3205 2228 3496 2299 ἐπιθυμίας
3521 2232 3771 2296 ἑκουσίως

2207 2316 2342 2386 πρὸς
2365 2315 2463 2386 τὴν
2491 2317 2714 2388 πρώτην
2741 2319 3118 2390 μακαριότητα
3136 2360 3152 2386 ,
3187 2321 3332 2375 ἅπαν
3356 2323 3416 2375 τὸ
3443 2322 3690 2393 ἐμπαθές
3719 2342 3770 2377 τε

2206 2405 2299 2460 καὶ
2328 2405 2520 2474 ἄλογον
2543 2447 2557 2469 ,
2607 2406 2793 2477 ὥσπερ
2825 2425 2874 2460 τι
2919 2408 3081 2478 ἄχθος
3124 2411 3503 2477 ἀποσκευάσας
3543 2413 3645 2484 τῆς
3681 2412 3771 2482 φύ-

2206 2513 2342 2560 σεως
2365 2538 2379 2563 ,
2413 2497 2533 2566 ἦτοι
2565 2497 2704 2550 κατὰ
2734 2498 2831 2568 τὴν
2859 2497 3138 2570 παροῦσαν
3163 2499 3325 2571 ζωὴν,
3355 2501 3444 2554 διὰ
3471 2503 3774 2573 προσευχῆς

2205 2605 2262 2642 τε
2292 2589 2385 2640 καὶ
2418 2587 2733 2657 φιλοσοφίας
2763 2589 3125 2658 ἐκκαθαρθεὶς
3145 2629 3161 2655 ,
3195 2588 3227 2659 ἢ
3261 2590 3396 2660 μετά
3429 2590 3526 2662 τὴν
3571 2591 3773 2645 ἐνθένδε

2209 2680 2622 2750 μετανάστασιν,
2649 2679 2736 2732 διὰ
2762 2680 2865 2748 τῆς
2887 2679 2980 2732 τοῦ
3008 2679 3306 2751 καθαρσίου
3342 2682 3507 2753 πυρὸς
3532 2683 3771 2752 χωνείας.

2208 2771 2419 2842 Ὥσπερ
2447 2772 2556 2842 γὰρ
2585 2771 2638 2824 εί
2654 2788 2737 2835 τις
2776 2771 3014 2842 ἰατρικὸς
3046 2770 3121 2825 ὢν
3145 2812 3160 2837 ,
3200 2774 3298 2826 καὶ
3347 2776 3526 2828 πᾶσαν
3555 2777 3776 2846 ἐπιστή-

2210 2879 2316 2932 μην
2339 2862 2448 2915 τῶν
2475 2879 2537 2914 τε
2567 2863 2868 2933 σωτηρίων,
2897 2863 2990 2916 καὶ
3012 2863 3118 2918 τῶν
3141 2863 3479 2937 δηλητηρίων
3501 2867 3566 2920 ἐκ
3591 2869 3776 2940 τέχνης

2208 2958 2345 3028 ἔχων
2365 2998 2380 3023 ,
2420 2958 2801 3029 συμϐουλεύων
2827 2957 2906 3030 τῷ
2945 2957 3212 3029 μειρακίῳ
3237 2958 3305 3011 τά
3334 2957 3518 3013 δέοντα
3538 3001 3552 3025 ,
3587 2959 3665 3031 μὴ
3699 2959 3777 3012 δυο

523 3070 655 3114 tem.
689 3055 760 3112 Ut
793 3055 940 3111 enim
983 3054 1028 3109 si
1062 3053 1188 3123 quis
1219 3052 1447 3107 medica:
1478 3049 1759 3103 facultatis
1781 3089 1797 3115 ,
1831 3057 1884 3103 et
1911 3063 2100 3102 eorum

2208 3050 2394 3120 νηθείη
2431 3050 2519 3104 διὰ
2568 3051 2874 3122 συμϐουλῆς
2906 3050 3146 3104 κωλύσαι
3185 3051 3277 3104 τὸν
3306 3050 3469 3122 ἀτελῆ
3513 3053 3663 3106 κατὰ
3691 3052 3779 3124 tiri

523 3169 645 3224 quae
670 3147 968 3206 valetudini
993 3146 1076 3200 vel
1109 3145 1322 3214 prosint
1349 3143 1433 3197 vel
1464 3141 1680 3203 obsint,
1710 3139 2100 3210 peritissimus,

532 3241 948 3298 adolescentulo
977 3235 1196 3306 quidem
1244 3231 1562 3287 consuleret
1599 3231 1884 3294 salutaria,
1930 3231 2024 3285 sed
2055 3231 2103 3285 ei

522 3344 708 3388 tamen
741 3335 964 3400 propter
999 3326 1179 3380 aetatis
1216 3323 1628 3394 prudentiaeque
1671 3322 2102 3376 imbecillitatem

523 3424 760 3480 consilio
803 3436 905 3476 suo
952 3418 1286 3490 persuadere
1333 3431 1440 3470 non
1483 3421 1700 3483 posset,
1742 3414 2038 3483 quominus
2073 3428 2103 3466 a

523 3515 706 3570 fructu
727 3553 741 3576 ,
777 3521 871 3565 aut
902 3511 1070 3566 herba
1098 3509 1280 3578 aliqua
1307 3507 1616 3577 perniciosa
1656 3514 2022 3576 temperaret,
2055 3507 2102 3560 is

525 3623 649 3662 cum
683 3621 843 3659 omne
873 3602 1238 3658 remediorum
1269 3615 1442 3668 genus
1475 3600 1528 3653 in
1562 3607 1816 3669 promptu
1849 3599 2098 3662 haberet,

526 3699 867 3771 permitteret
901 3694 1031 3757 filio,
1056 3701 1113 3748 ut
1143 3708 1201 3747 re
1227 3693 1388 3747 noxia
1417 3699 1758 3758 vesceretur,
1782 3707 1893 3762 quo
1927 3692 2101 3746 morbi

523 3790 779 3846 molestia
830 3798 926 3843 aut
973 3786 1163 3841 dolore
1197 3786 1380 3854 aliquo
1428 3783 1718 3849 allectum,
1769 3800 1936 3854 reque
1983 3785 2101 3853 ipsa

521 3881 738 3954 paterni
776 3879 992 3936 consilii
1038 3879 1328 3932 utilitatem
1377 3884 1800 3948 agnoscentem,
1837 3876 2102 3931 valetudi-

522 3976 721 4045 nisque
750 3972 1092 4044 cupidiorem
1124 3970 1545 4025 medicamentis
1571 3969 1688 4025 suis
1719 3969 1772 4023 in
1805 3970 2097 4040 pristinum

521 4067 809 4122 reduceret
851 4070 1054 4119 statum
1073 4103 1086 4127 ,
1117 4061 1262 4115 unde
1290 4068 1513 4130 propter
1539 4060 1761 4115 stultam
1792 4059 1901 4113 cibi
1942 4058 2104 4129 pesti-

522 4161 622 4215 feri
670 4157 1026 4229 cupiditatem
1063 4153 1412 4210 excidisset:
1463 4152 1544 4208 sic
1589 4153 1842 4207 humanae
1893 4159 2100 4206 natth

521 4251 876 4306 dulcissimus
919 4255 1083 4318 atque
1122 4247 1364 4317 Optimus
1409 4254 1583 4314 pater,
1624 4259 1747 4314 quae
1795 4244 2095 4305 salutaria,

521 4358 709 4413 quaeve
744 4340 1051 4412 perniciosa
1100 4347 1286 4393 essent
1335 4337 1579 4400 homini,
1617 4337 1779 4406 plane
1825 4343 2094 4390 noverat:

2207 3143 2420 3213 ἡλικίαν
2471 3160 2530 3194 τε
2578 3143 2672 3195 καὶ
2724 3141 2823 3213 τὴν
2859 3142 3140 3212 φρόνησιν,
3197 3140 3612 3212 ἐπιθυμητικῶς
3654 3145 3780 3214 πρός

2204 3251 2324 3286 τινα
2357 3233 2677 3305 φθοροποιὸν
2712 3233 2978 3305 καρπὸνῆ
3021 3232 3156 3286 πόαν
3193 3232 3525 3298 διατεθέντα,
3557 3235 3704 3305 ἔχων
3729 3235 3780 3288 δὲ

2204 3326 2463 3380 παντοίαν
2491 3326 2600 3379 τῶν
2642 3325 3101 3398 ἀλεξιφαρμάκων
3147 3327 3494 3398 παρασκευὴν
3519 3367 3534 3391 ,
3566 3327 3783 3399 ἐπιτρέο

2202 3416 2322 3484 ψειε
2359 3415 2437 3486 τῷ
2465 3414 2618 3468 παιδὶ
2653 3419 2944 3486 μετασχεῖν
2985 3417 3092 3470 τῶν
3123 3416 3466 3486 βλαπτόντων
3485 3458 3500 3484 ,
3531 3420 3623 3488 ἐφ’
3659 3413 3704 3489 ᾧ
3729 3436 3780 3472 τε

2201 3507 2290 3560 διὰ
2331 3507 2429 3577 τῆς
2461 3504 2568 3558 τῶν
2607 3505 2869 3575 ἀλγεινῶν
2915 3509 3110 3579 πείρας
3150 3509 3210 3564 τὸ
3234 3511 3502 3582 χρήσιμον
3536 3512 3645 3582 τῆς
3687 3531 3784 3566 πα-

2202 3598 2383 3669 τρῴας
2417 3597 2728 3669 συμϐουλῆς
2777 3599 3014 3668 μαθόντα
3044 3641 3058 3665 ,
3114 3604 3207 3656 καὶ⁸
3258 3605 3315 3656 ἐν
3367 3603 3641 3675 ἐπιθυμίᾳ
3694 3606 3784 3674 τῆς

2205 3691 2415 3758 ὑγιείας
2448 3690 2758 3760 γενόμενον,
2797 3693 2960 3746 πάλιν
3009 3693 3098 3747 διὰ
3123 3695 3232 3747 τῶν
3262 3695 3643 3767 ἁλεξητηρίων
3694 3700 3782 3751 ἐπ-

2202 3781 2450 3851 αναγάγῃ
2483 3780 2618 3851 πρὸς
2648 3781 2859 3846 εὐεξίαν
2889 3785 2979 3837 τὸν
3021 3785 3203 3849 παῖδα,
3231 3781 3298 3857 ἦς
3329 3786 3415 3841 διὰ
3441 3786 3542 3858 τῆς
3580 3789 3781 3841 ἀτόπου

2201 3874 2308 3927 τῶν
2329 3873 2666 3944 δηλητηρίων
2694 3875 2988 3946 ἐπιθυμίας
3011 3877 3265 3942 ἐξέπεσεν
3283 3897 3295 3910 ·
3319 3878 3489 3942 οὕτως
3521 3882 3550 3933 6
3584 3880 3786 3950 γλυκύς

2200 3986 2258 4021 τε
2289 3968 2381 4021 καὶ
2410 3967 2612 4034 ἀγαθὸς
2637 3968 2736 4039 τῆς
2765 3969 2977 4037 φύσεως
3005 3971 3162 4042 ἡμῶν
3193 3971 3407 4044 πατὴρ,
3441 3976 3469 4027 ὁ
3498 3973 3665 4038 εἰδὼς
3697 3975 3786 4028 καὶ

2201 4063 2269 4114 δι’
2301 4055 2374 4115 ὧν
2401 4059 2706 4129 σωζόμεθα,
2738 4061 2998 4133 ἐγνώρισε
3056 4063 3152 4133 μὲν
3191 4063 3268 4134 τῷ
3299 4063 3573 4136 ἀνθρώπῳ
3599 4067 3667 4121 τὸ
3696 4068 3786 4137 δη-

2201 4152 2476 4223 λητήριον,
2509 4151 2604 4203 καὶ
2633 4154 2694 4204 τὸ
2730 4151 2805 4223 μὴ
2839 4157 3126 4224 μετασχεῖν
3162 4155 3578 4211 συνεϐούλευσεν
3602 4175 3618 4190 ο
3651 4177 3785 4229 κρα-

2201 4246 2443 4315 τησάσης
2465 4242 2520 4295 δὲ
2549 4243 2648 4312 τῆς
2672 4244 2966 4315 ἐπιθυμίας
2992 4244 3085 4299 τοῦ
3109 4247 3378 4318 χείρονος,
3409 4247 3509 4301 οὐκ
3533 4249 3786 4321 ἠπόρησε

2201 4339 2310 4390 τῶν
2346 4339 2566 4408 ἀγαθῶν
2593 4339 3040 4412 ἀντιφαρμάκων,
3072 4339 3139 4392 δι’
3172 4335 3247 4392 ὧν
3274 4341 3604 4413 ἐπαναγάγῃ
3626 4342 3786 4395 πάλιν

521 4437 706 4503 itaque
739 4433 890 4486 illum
926 4429 1246 4495 admonuit,
1276 4443 1344 4483 ne
1380 4427 1698 4499 perniciosa
1731 4428 2093 4498 contingeret.

2207 4429 2344 4500 πρὸς
2379 4429 2475 4502 τὴν
2516 4431 2616 4500 τῆς
2649 4430 2824 4501 ἀρχῆς
2849 4429 3059 4496 εὐεξίαν
3083 4430 3177 4483 τὸν
3203 4429 3506 4500 ἄνθρωπον.
3533 4431 3656 4503 Τὴν
3684 4432 3788 4503 γὰρ

523 4524 724 4579 Verum
767 4537 891 4578 cum
927 4520 1006 4576 rei
1037 4519 1328 4574 deterioris
1357 4519 1659 4589 cupiditate
1699 4517 1881 4572 victus
1910 4524 2095 4584 esset,

523 4612 938 4669 medicamentis
968 4627 1079 4665 non
1110 4609 1347 4682 indiguit
1368 4651 1382 4675 ,
1419 4609 1626 4680 quibus
1654 4623 1778 4664 eum
1811 4608 1878 4662 ad
1913 4609 2099 4678 pristi-

524 4721 649 4760 nam
685 4706 972 4761 sanitatem
1015 4710 1324 4758 revocaret.
1374 4701 1585 4755 Etenim
1623 4715 1748 4754 eum
1774 4714 2095 4770 corpoream

525 4801 684 4854 istam
714 4797 1052 4867 voluptatem
1103 4793 1272 4850 animi
1309 4794 1510 4849 1101111111
1540 4793 1903 4864 praetulisset,
1949 4793 2097 4847 visus

520 4900 605 4944 est
628 4884 1033 4960 quodammodo
1061 4885 1205 4942 Deus
1229 4885 1564 4956 permittere,
1601 4884 1874 4938 hominem
1906 4898 1972 4938 eo
1999 4884 2099 4936 im-

520 4991 649 5053 petu
683 4979 843 5044 ferri,
878 4987 1099 5049 propter
1125 4980 1365 5034 tunicam
1395 4977 1544 5032 illam
1582 4977 1862 5046 pelliceam
1886 5016 1900 5038 ,
1930 4991 2093 5046 quam

523 5075 593 5128 ob
622 5072 744 5143 ejus
772 5073 1198 5142 propensionem
1230 5071 1297 5124 ad
1329 5070 1530 5124 malum
1564 5069 1738 5124 induit
1769 5070 1921 5124 illum
1941 5111 1955 5132 ,
1989 5084 2094 5139 qua

523 5165 743 5236 quidem
775 5164 961 5218 tunica
992 5171 1202 5217 naturae
1226 5163 1439 5216 ratione
1461 5163 1705 5216 vacantis
1734 5162 2096 5232 proprietates

523 5256 728 5309 homini
767 5253 1016 5309 admistaa
1049 5261 1199 5308 sunt.
1238 5252 1517 5323 Sapientia
1548 5252 1695 5306 enim
1723 5253 1815 5305 illa
1846 5266 1969 5320 qua:
2001 5267 2097 5321 per

521 5346 802 5402 i-ontraria
826 5387 840 5410 ,
869 5346 1015 5417 quod
1047 5345 1242 5399 melius
1271 5353 1356 5399 est
1376 5382 1389 5403 ,
1427 5342 1669 5411 disponit
1697 5383 1712 5406 ,
1755 5350 1965 5396 natura:
2011 5357 2088 5396 ra-

522 5441 670 5494 tione
725 5439 967 5508 prazditaz
1020 5437 1322 5491 bestiarum
1388 5435 1771 5489 indumentum
1829 5434 2090 5490 confecit.

519 5526 656 5581 Nam
687 5530 870 5582 tunica
904 5529 993 5582 illa
1026 5528 1249 5597 pellicea
1285 5540 1471 5579 secum
1506 5522 1688 5579 ferens
1729 5538 1920 5580 omnes
1970 5539 2096 5594 pro-

521 5619 818 5687 prietates,
885 5635 1024 5689 quas
1083 5634 1148 5674 ex
1205 5617 1503 5672 bestiarum
1561 5626 1757 5670 natura
1814 5620 2093 5685 continet,

519 5724 718 5781 nempe
780 5710 1146 5780 voluptatem,
1210 5709 1586 5775 iracundiam,
1652 5710 1894 5781 gutturis
1959 5727 2093 5767 ven-

2205 4520 2395 4594 ὑλικὴν
2422 4521 2624 4593 ταύτην
2673 4520 2865 4592 ἡδονὴν
2912 4521 3016 4592 πρὸ
3058 4521 3156 4592 τῆς
3181 4520 3416 4592 ψυχικῆς
3441 4522 3791 4594 εὐφροσύνης

2199 4610 2294 4664 τοῦ
2325 4613 2612 4684 ἀνθρώπου
2641 4612 3026 4685 προελομένου,
3056 4613 3365 4684 συντρέχειν
3389 4615 3488 4685 μέν
3517 4633 3646 4680 πως
3677 4618 3792 4671 E60-

2203 4701 2290 4764 ξεν
2340 4702 2488 4774 αὐτῷ
2527 4706 2590 4773 τῇ
2635 4705 2776 4774 ὁρμῇ
2826 4701 2912 4756 διὰ
2946 4703 3041 4756 τοῦ
3077 4703 3399 4776 δερματίνου
3432 4706 3707 4775 χιτῶνος,
3737 4709 3793 4762 ὂν

2199 4794 2288 4847 διὰ
2316 4793 2414 4864 τὴν
2442 4793 2576 4866 πρὸς
2614 4793 2675 4846 τὸ
2708 4796 2889 4864 χεῖρον
2917 4793 3066 4865 αὐτῷ
3108 4794 3279 4865 ῥοπὴν
3327 4795 3665 4867 περιέθηκεν
3686 4837 3703 4862 ,
3731 4799 3793 4852 δι’

2199 4883 2258 4942 οὗ
2306 4889 2404 4958 τῆς
2439 4887 2632 4956 ἀλόγου
2691 4887 2903 4958 φύσεως
2954 4888 3220 4959 ἐπεμίχθη
3276 4888 3354 4960 τῷ
3404 4889 3694 4964 ἀνθρώπῳ
3732 4894 3797 4946 τὰ

2204 4979 2488 5049 ἰδιώματα,
2519 4973 2594 5034 ῶν
2617 4980 2725 5034 τῶν
2748 4981 2954 5050 ἀλόγων
2985 4981 3137 5046 ζώων
3179 4982 3279 5052 τῆς
3310 4981 3536 5054 λογικῆς
3567 4985 3796 5055 φύσεως

2203 5074 2404 5143 ἔνδυμα
2436 5074 2845 5144 κατεσκευάσθη
2871 5077 2935 5146 τῇ
2970 5075 3130 5146 σοφίᾳ
3157 5074 3251 5129 τοῦ
3284 5075 3371 5130 διὰ
3386 5075 3495 5129 τῶν
3523 5077 3798 5132 ἐναντίων

2199 5167 2608 5236 οίκονομοῦντος
2650 5166 2718 5220 τὰ
2768 5168 3069 5238 κρείττονα.
3121 5167 3306 5222 Πάντα
3357 5167 3464 5240 γὰρ
3508 5169 3710 5239 φέρων
3745 5173 3798 5223 ἐν

2199 5258 2374 5328 ἐαυτῷ
2420 5258 2486 5312 τὰ
2540 5258 2803 5329 ἰδιώματα
2854 5263 2882 5312 6
2912 5259 3233 5332 δερμάτινος
3274 5259 3438 5330 χιτὼν
3463 5299 3478 5323 ,
3513 5262 3624 5315 ὅσα
3687 5259 3802 5330 εἶχε

2199 5350 2468 5422 περιέχων
2501 5352 2600 5423 τὴν
2629 5352 2820 5422 ἄλογον
2849 5352 3029 5423 φύσιν,
3060 5354 3250 5425 ἡδονήν
3280 5371 3336 5407 τε
3372 5353 3465 5407 καὶ
3491 5354 3679 5424 θυμὸν
3709 5359 3804 5410 καὶ

2199 5445 2642 5515 γαστριμαργίαν
2661 5486 2676 5511 ,
2709 5445 2800 5496 καὶ
2841 5445 3144 5514 ἀπληστίαν
3165 5486 3179 5509 ,
3211 5447 3305 5499 καὶ
3333 5445 3403 5500 τά
3430 5447 3598 5517 ὅμοια
3623 5487 3641 5510 ,
3680 5451 3804 5502 ὁδὸν

2199 5531 2380 5586 δίδωσι
2413 5536 2478 5603 τῇ
2510 5532 2824 5604 ἀνθρωπίνῃ
2862 5533 3176 5604 προαιρέσει
3221 5537 3324 5605 τῆς
3364 5537 3486 5590 καθ’
3519 5539 3801 5610 ἑκάτερον

2203 5624 2374 5694 ῥοπῆς
2399 5668 2411 5687 ,
2441 5627 2518 5686 είς
2546 5625 2744 5695 ἀρετήν
2771 5641 2827 5676 τε
2851 5626 2944 5676 καὶ
2973 5625 3170 5680 κακίαν
3193 5625 3294 5699 ὖλη
3322 5629 3638 5699 γινόμενος.
3662 5633 3805 5684 T023-

2199 5731 2313 5777 τοις
2345 5714 2454 5785 γὰρ
2483 5713 2812 5785 ἐμϐιοτεύων
2845 5715 2987 5770 κατά
3026 5716 3117 5771 τὸν
3146 5718 3270 5789 τῇδε
3305 5718 3415 5790 βίον
3443 5723 3470 5774 ό
3496 5720 3803 5790 ἅνθρωπος
