3844 6446
114 321 208 377 5‘25

1500 315 1587 369 DE
1656 317 1986 385 manus,

3258 331 3363 384 526

113 442 169 511 τῇ
202 435 533 502 αὐτεξουσίῳ
573 436 802 503 κινήσει,
838 433 885 485 εί
925 432 1021 501 μὲν
1068 432 1396 501 διακρίνοιτο
1433 430 1527 485 τοῦ
1566 432 1687 485 ἀλόυ

1815 437 2001 505 risque
2051 438 2221 500 vitia,
2274 447 2327 493 et
2376 440 2481 493 alia
2526 439 2769 508 ejusdem
2826 441 3075 508 generis.
3129 443 3365 511 hominis

115 549 209 600 τω
232 530 296 583 τὸ
316 526 468 586 διον,
502 522 597 576 καὶ
624 522 761 593 πρὸς
792 523 984 574 ἑαυτὸν
1020 522 1207 591 βλέποι
1238 522 1324 576 διὰ
1347 522 1446 591 τῆς
1486 523 1693 575 ἀστειο-

113 624 277 691 τέρας
301 616 487 687 ζωῆς,
514 615 811 686 καθάρσιον
844 615 943 684 τῆς
978 614 1343 687 ὲμμιχθείσης
1372 614 1566 677 κακίας
1602 615 1694 668 τὸν

113 712 350 782 παρόντα
382 708 497 779 βίον
542 708 864 777 ποιήσεται,
906 705 1125 777 κρατῶν
1152 706 1241 761 διὰ
1272 705 1366 759 τοῦ
1410 707 1568 774 λόγου
1593 706 1694 777 τῆς

112 802 345 871 ἀλογίας·
387 801 436 853 εἰ
468 799 525 852 δὲ
559 799 697 869 πρὸς
725 797 822 869 τὴν
843 799 1035 866 ἄλογον
1070 798 1179 850 τῶν
1228 798 1565 869 παθημάτων
1600 800 1692 868 ῥο-

114 895 209 965 πὴν
259 890 567 962 ὲπικλιθείη
596 930 611 950 ,
644 890 721 960 τῷ
773 890 881 942 τῶν
929 889 1139 957 ἀλόγων
1171 889 1401 961 δέρματι
1447 887 1692 957 συνεργῷ

113 985 450 1057 χρησάμενος
494 982 631 1053 πρὸς
660 981 729 1034 τὰ
760 982 927 1051 πάθη,
964 980 1141 1044 ἄλλως
1190 981 1330 1051 μετά
1372 979 1547 1032 ταῦτα
1573 979 1693 1050 βου-

112 1077 353 1130 λεύσεται
398 1075 537 1144 πρὸς
562 1072 624 1124 τὸ
654 1074 901 1143 κρεῖττον
924 1110 939 1136 ,
977 1071 1116 1142 μετὰ
1147 1071 1247 1144 τὴν
1275 1072 1341 1125 ὲκ
1370 1071 1466 1125 τοῦ
1506 1071 1693 1142 σῶμα·

112 1186 193 1231 τος
222 1167 404 1234 ἔξοδον
428 1165 587 1234 γνοὺς
615 1164 715 1232 τῆς
747 1164 947 1237 ἀρετῆς
973 1164 1035 1217 τὸ
1064 1165 1199 1236 πρὸς
1232 1164 1330 1235 τὴν
1353 1163 1549 1218 κακίαν
1573 1164 1691 1219 διά-

114 1276 269 1329 φορον
295 1299 309 1318 ,
351 1259 407 1309 ἐν
433 1254 511 1326 τῷ
544 1255 616 1325 μὴ
647 1253 906 1308 δύνασθαι
938 1256 1225 1325 μετασχεῖν
1252 1255 1352 1325 τῆς
1388 1254 1683 1328 θειότητος,

115 1351 181 1421 μὴ
207 1349 304 1402 τοῦ
354 1347 650 1416 καθαρσίου
699 1348 869 1418 πυρὸς
920 1347 1011 1400 τὸν
1067 1346 1401 1419 ὲμμιχθέντα
1446 1352 1511 1419 τῇ
1540 1347 1685 1420 ψυχῇ

114 1442 277 1512 ῥύπον
312 1439 777 1509 ἀποκαθήραντος.

1792 529 2075 596 pr0posito
2102 530 2310 598 przebet
2341 531 2687 585 occasionem
2713 572 2726 595 ,
2756 542 2810 585 ut
2838 576 2852 597 ,
2885 534 2952 587 ad
2986 544 3167 589 utrum
3197 538 3364 604 velit,

1792 632 1914 672 sese
1940 629 2256 684 convertat,
2302 638 2427 677 cum
2478 623 2698 677 virtutis
2743 633 2797 677 et
2841 626 2957 679 vitii
3003 628 3227 681 materia
3259 630 3366 689 sit.

1791 709 1847 760 in
1875 710 2077 778 quibus
2099 752 2112 773 ,
2145 712 2274 765 dum
2307 713 2397 766 hic
2423 712 2590 774 vivit,
2639 729 2736 782 pro
2785 717 3051 770 arbitratu
3101 734 3203 772 suo
3248 736 3370 773 ver-

1793 809 1967 855 satur.
2002 800 2061 856 Si
2094 804 2372 873 neglecto,
2403 804 2549 874 quod
2595 806 2896 859 bestiarum
2941 815 3059 870 est,
3102 811 3371 863 urbanius

1791 894 2007 950 vivendi
2042 910 2214 962 genus
2247 898 2667 966 complectetur,
2696 899 2907 953 ratione
2931 902 3187 967 vincens,
3220 904 3366 973 quod

1792 986 1994 1039 rationi
2026 989 2365 1042 contrarium
2415 998 2534 1051 est,
2576 993 2831 1058 praesenti
2875 993 2978 1046 hac
3022 993 3130 1046 vita
3177 994 3369 1048 vitium

1791 1076 1897 1130 sibi
1937 1077 2231 1132 admistum
2283 1080 2549 1147 expiabit.
2607 1081 2702 1133 Sin
2750 1098 2858 1151 quo
2897 1084 3368 1151 perturbationum

1791 1167 2027 1235 impetus
2058 1168 2250 1234 ducet,
2285 1171 2605 1235 inclinabit,
2638 1172 3049 1243 bestiarumque
3078 1175 3271 1243 pellent
3303 1174 3371 1228 ad

1790 1260 1925 1313 vitia
1963 1263 2273 1317 ministram
2306 1271 2361 1319 et
2410 1265 2737 1333 adjutricem
2767 1265 3084 1332 adhibebit,
3128 1267 3277 1322 aliud
3316 1268 3369 1323 ei

1794 1352 1995 1407 deinde
2021 1354 2319 1409 ineundum
2348 1355 2454 1409 erit
2482 1357 2774 1410 consilium
2798 1398 2812 1420 ,
2847 1364 2906 1410 ut
2933 1357 2999 1411 ad
3031 1359 3234 1413 bonum
3256 1372 3375 1428 per-

1794 1444 1978 1498 veniat
2023 1460 2146 1499 cum
2185 1462 2213 1499 e
2242 1463 2473 1515 corpore
2503 1464 2761 1517 egressus
2785 1491 2799 1511 ,
2845 1451 3064 1517 cognita
3086 1494 3100 1516 ,
3134 1467 3255 1521 qum
3288 1452 3376 1505 in-

114 1545 189 1586 ter
218 1532 481 1585 virtutem
523 1537 578 1585 et
610 1529 805 1583 vitium
848 1528 1158 1585 diﬂerentia
1202 1538 1309 1597 est,
1361 1546 1473 1586 non
1505 1535 1708 1601 poterit
1744 1532 2051 1591 divinitatis
2109 1538 2381 1607 particeps
2428 1538 2576 1603 ﬁeri,
2610 1541 2717 1596 nisi
2748 1543 2993 1597 maculas
3058 1544 3240 1598 animo
3274 1544 3377 1598 im—

112 1630 300 1684 mistas
334 1627 687 1697 purgatorius
720 1626 863 1695 ignis
894 1626 1205 1681 abstulerit.

174 1718 363 1773 Ταῦτά
399 1720 547 1771 ἐστιν
585 1717 621 1771 ἃ
642 1718 740 1786 τὴν
764 1717 855 1771 τοῦ
889 1716 1142 1786 σώματος
1176 1718 1362 1789 χρείαν
1388 1720 1691 1788 ἀναγκαίαν

1867 1720 1964 1776 llis
2016 1721 2083 1774 de
2138 1719 2324 1774 causis
2376 1721 2627 1788 corporis
2669 1738 2800 1777 usus
2856 1723 3015 1778 nobis
3056 1733 3140 1777 est
3189 1740 3377 1781 neces-

109 1813 237 1881 ήμίν
266 1810 542 1880 ἐποίησεν,
574 1808 640 1863 δι’
669 1801 731 1861 οὗ
769 1808 829 1861 τό
853 1826 913 1861 τε
940 1809 1284 1875 αὐτεξούσιον
1309 1810 1572 1877 σώζεται,
1600 1812 1694 1864 καὶ

111 1906 140 1971 ἡ
167 1901 302 1972 πρὸς
337 1901 398 1954 τὸ
422 1900 625 1968 ἀγαθὸν
654 1900 815 1954 πάλιν
850 1900 1107 1965 ἐπάνοδος
1133 1903 1194 1955 οὐ
1222 1902 1490 1958 κωλύεται
1515 1919 1528 1933 ·
1559 1903 1695 1957 ἀλλὰ

110 1997 170 2063 τῇ
210 1992 491 2064 περιοδικῇ
518 1991 688 2065 ταύτῃ
713 1990 1003 2063 ἀκολουθίᾳ
1025 2034 1039 2056 ,
1061 1992 1150 2047 διὰ
1190 1994 1284 2048 τοῦ
1324 1996 1572 2050 ἑκουσίου
1610 1998 1696 2066 γί-

110 2104 254 2139 νεται
276 2088 409 2157 ἡμῖν
448 2088 481 2157 ἡ
512 2084 647 2157 πρὸς
671 2085 730 2138 τδ
759 2087 1004 2155 κρεῖττον
1035 2084 1175 2158 ῥοπὴ
1200 2125 1215 2151 ,
1244 2087 1354 2141 τῶν
1384 2089 1482 2159 μὲν
1516 2089 1696 2144 ἐντεῦ-

110 2180 197 2231 θεν
224 2179 323 2249 ῆδη
361 2178 450 2231 διὰ
498 2178 598 2246 τῆς
629 2180 685 2229 ὲν
722 2179 884 2250 σαρκὶ
928 2178 1072 2249 ζωῆς
1101 2183 1190 2232 τὸν
1239 2182 1606 2251 πνευματικὸν
1638 2185 1696 2237 ἐν

114 2270 349 2339 ἀπαθείᾳ
381 2268 791 2340 κατορθούντων
829 2268 940 2339 βίον
970 2312 985 2337 ,
1038 2271 1185 2334 οἴους
1215 2274 1541 2343 γεγενῆσθαι
1571 2275 1696 2335 τοὺς

112 2362 456 2433 πατριάρχας
505 2377 565 2411 τε
599 2362 693 2413 καὶ
743 2361 870 2424 τοὺς
919 2365 1203 2433 προφήτας
1254 2362 1564 2433 ἀκούομεν,
1604 2364 1696 2415 καὶ

114 2456 237 2517 τοὺς
278 2456 377 2507 σὺν
415 2454 599 2517 αὐτοῖς
640 2470 697 2506 τε
734 2454 827 2507 καὶ
870 2454 986 2522 μετ’
1016 2455 1255 2518 ἐκείνους
1291 2455 1357 2508 δι’
1392 2455 1592 2525 ἀρετῆς
1637 2472 1695 2507 τε

112 2549 202 2601 καί
228 2546 550 2617 φιλοσοφίας
580 2545 988 2616 ἀναδραμόντας
1023 2546 1115 2598 ἐπὶ
1144 2545 1204 2598 τὸ
1248 2546 1453 2599 τέλειον
1472 2586 1486 2609 ,
1520 2545 1697 2617 μαθηι

112 2636 208 2697 τὰς
241 2634 388 2702 λέγω
414 2634 506 2686 καὶ
534 2633 865 2697 ἀποστόλους
897 2636 991 2686 καὶ
1017 2634 1319 2705 μάρτυρας,
1360 2635 1453 2688 καὶ
1489 2634 1699 2698 πάντας

112 2728 237 2790 τοὺς
264 2726 366 2796 τὴν
390 2724 645 2795 ἐνάρετον
683 2724 828 2794 ζωὴν
856 2724 962 2795 πρὸ
985 2726 1078 2778 τοῦ
1115 2725 1299 2778 ὑλικοῧ
1338 2726 1698 2796 τετιμηκότας

117 2819 229 2888 βίου
252 2860 269 2883 ,
297 2817 347 2870 οἳ
382 2816 485 2870 κᾶν
530 2817 781 2880 ἐλάττους
823 2815 923 2872 ὧσι
961 2817 1038 2887 τῷ
1078 2817 1295 2888 ἀριθμῷ
1325 2818 1419 2870 τοῦ
1465 2819 1698 2889 πλήθους

114 2912 220 2965 τῶν
261 2910 400 2982 πρὸς
456 2910 516 2963 τὸ
562 2912 742 2981 χεῖρον
786 2911 1165 2983 ἀπορρεόντων
1190 2953 1205 2976 ,
1255 2912 1405 2965 οὐδὲν
1436 2907 1596 2982 ἦττον
1638 2913 1699 2965 τὸ

114 3003 334 3056 δυνατὸν
389 2998 530 3055 εἶναι
577 3002 666 3055 διὰ
720 3002 921 3073 σαρκὸς
951 3002 1048 3073 τὴν
1099 3003 1298 3074 ἀρετὴν
1356 3002 1698 3072 κατορθῶσαι

1802 1814 2007 1869 sarius.
2054 1812 2131 1865 Eo
2175 1827 2410 1879 namque
2461 1822 2513 1867 et
2562 1814 2796 1867 liberum
2836 1815 2994 1868 nobis
3029 1815 3183 1870 adest
3229 1818 3379 1872 arbi—

1802 1906 1993 1967 trium,
2035 1912 2089 1957 ct
2124 1904 2331 1959 reditus
2378 1921 2487 1959 non
2522 1906 2927 1967 intercluditur,
2962 1907 3059 1962 sed
3102 1907 3296 1964 ordine
3324 1918 3380 1964 et

1801 2011 1963 2048 versu
2012 1996 2254 2048 volentes
2314 1994 2379 2047 ad
2419 1994 2622 2048 bomun
2659 1997 3034 2064 provehimur,
3097 1996 3221 2053 aliis
3257 1998 3381 2068 qui—

1803 2088 1923 2140 dem
1950 2088 2063 2155 jam
2110 2088 2237 2143 inde
2276 2088 2344 2141 ab
2368 2103 2432 2141 eo
2463 2097 2730 2157 tempore,
2782 2104 2892 2157 quo
2926 2091 3115 2143 vivunt
3142 2091 3231 2145 hic
3263 2092 3381 2160 spi-

1804 2177 2034 2239 ritalem,
2096 2186 2150 2231 et
2216 2193 2247 2230 a
2283 2178 2429 2231 vitiis
2481 2194 2544 2230 ac
2598 2180 3101 2247 perturbationibus
3146 2183 3380 2238 alienam

1803 2271 1970 2322 vitam
2020 2270 2471 2332 instituentibus,
2509 2272 2697 2339 quales
2742 2273 3100 2343 intelligimus
3146 2276 3383 2342 patriar-

1803 2362 1935 2415 chas
1959 2372 2011 2416 et
2038 2362 2336 2432 prophetas
2386 2364 2689 2426 exstitisse,
2723 2376 2777 2418 et
2800 2366 2893 2433 qui
2925 2381 3029 2417 una
3064 2382 3186 2419 eum
3222 2368 3380 2436 ipsis.

1803 2465 1857 2510 et
1892 2464 2013 2524 post
2045 2456 2193 2523 ipsos
2226 2471 2321 2524 per
2356 2456 2612 2509 virtutem
2653 2466 2707 2510 et
2738 2458 3020 2526 sapientiae
3044 2459 3287 2512 studium
3314 2459 3382 2514 ad

1807 2547 2200 2617 perfectionem
2239 2556 2605 2612 reverterunt,
2640 2548 2966 2618 discipulos,
2996 2557 3049 2603 et
3079 2554 3382 2619 apostolos,

1805 2648 1859 2693 et
1874 2646 2139 2707 martyres
2172 2638 2319 2699 dico,
2370 2648 2425 2691 et
2455 2639 2771 2707 quicunque
2802 2654 3068 2707 corporeo
3115 2642 3167 2694 in
3210 2650 3385 2697 mate-

1808 2731 1997 2799 riaque
2026 2730 2277 2783 demerso
2311 2730 2630 2789 honestum,
2663 2740 2717 2783 et
2753 2744 2877 2783 cum
2910 2732 3115 2785 virtute
3150 2733 3386 2801 conjun—

1806 2831 1954 2875 etum
1991 2821 2206 2875 vivendi
2238 2838 2412 2891 genus
2465 2830 2902 2890 anteposucrunt
2937 2843 2948 2877 :
2983 2824 3077 2893 qui
3123 2825 3254 2879 licet
3284 2842 3386 2879 nu-

1804 2930 1959 2969 mero
1984 2916 2272 2984 pauciores
2307 2914 2531 2974 fuerint,
2566 2929 2730 2982 quam
2762 2914 2861 2976 illi,
2892 2917 2986 2984 qui
3020 2916 3086 2970 ad
3111 2918 3385 2973 deteriora

1806 3007 2164 3066 deﬂuxerunt,
2198 3006 2448 3073 exemplo
2484 3017 2662 3058 tamen
2704 3020 2767 3058 ac
2797 3007 3113 3061 testimonio
3151 3023 3252 3062 suo
3276 3008 3386 3062 vir-

119 3093 560 3165 μαρτυροῦνται*
609 3094 718 3147 τῶν
769 3094 825 3147 δὲ
858 3094 1059 3148 λοιπῶν
1091 3095 1178 3148 διά
1208 3097 1307 3165 τῆς
1352 3097 1431 3159 είς
1480 3096 1704 3167 ὕστερόν

1810 3106 1979 3149 tutem
2033 3097 2087 3149 in
2144 3112 2308 3150 carne
2346 3094 2451 3147 coli
2500 3095 2925 3163 comparariquc
2967 3112 3129 3165 posse
3174 3104 3386 3152 testan-

116 3186 343 3255 ἀγωγῆς
368 3188 426 3238 ὲν
447 3184 526 3255 τῷ
556 3186 840 3257 καθαρσίῳ
874 3189 1010 3258 πυρὶ
1033 3188 1412 3241 ἀποϐαλόντων
1440 3189 1536 3259 τὴν
1570 3191 1705 3261 πρὸς

116 3280 214 3346 τὴν
242 3276 379 3345 ὓλην
408 3276 780 3347 προσπάθειαν
806 3316 821 3341 ,
852 3278 945 3331 καὶ
972 3278 1109 3348 πρὸς
1155 3278 1252 3350 τὴν
1283 3280 1341 3346 ἐξ
1369 3281 1544 3351 ἀρχῆς
1572 3283 1707 3334 ἀπο-

118 3369 495 3441 κληρωθεῖσαν
525 3372 594 3441 τῇ
644 3369 802 3440 φύσει
836 3371 995 3441 χάριν
1020 3413 1036 3435 ,
1066 3371 1156 3424 διὰ
1198 3373 1297 3442 τῆς
1331 3372 1438 3425 τῶν
1486 3372 1706 3441 ἀγαθῶν

119 3462 418 3532 ἐπιθυμίας
447 3462 707 3524 ἑκουσίως
739 3463 1087 3515 ἐπανιόντων.
1117 3463 1191 3515 Οὐ
1220 3462 1329 3535 γὰρ
1363 3465 1444 3526 είς
1475 3464 1562 3517 ἀεὶ
1595 3483 1701 3517 πα-

123 3556 349 3627 ραμένει
388 3554 499 3608 τῶν
541 3554 838 3625 ἀλλοτρίων
882 3556 915 3624 ή
952 3555 1218 3625 ἐπιθυμία
1347 3555 1540 3625 φύσειο
1574 3557 1705 3610 διότι

121 3648 396 3718 πλήσμιον
426 3647 638 3717 ἑκάστῳ
671 3647 763 3699 καὶ
794 3646 1096 3717 προσκορές
1130 3649 1245 3700 ἐστι
1272 3647 1333 3702 τὸ
1358 3647 1434 3719 μὴ
1468 3648 1618 3712 ἴδιον,
1647 3643 1707 3702 οὗ

126 3739 200 3809 μὴ
238 3738 362 3790 κατ’
385 3737 560 3809 ἀρχὰς
594 3737 751 3807 ἔσχεν
794 3739 853 3790 ὲν
888 3738 1054 3807 ἑαυτῇ
1095 3738 1192 3808 τὴν
1222 3740 1506 3793 κοινωνίαν
1538 3742 1571 3813 ἡ
1608 3740 1710 3810 φύ-

126 3849 241 3893 σις’
288 3830 451 3899 μόνον
484 3830 540 3882 δὲ
595 3831 655 3882 τὸ
690 3830 951 3898 συγγενὲς
1001 3831 1096 3882 καὶ
1139 3831 1408 3900 ὁμόφυλον
1460 3833 1710 3886 ποθεινὸν

124 3925 215 3975 καὶ
243 3922 509 3991 ἐράσμιον
544 3922 625 3984 είς
670 3922 757 3974 ἀεὶ
793 3922 1057 3991 διαμένει,
1089 3921 1193 3985 ἕως
1225 3922 1291 3975 ἂν
1322 3923 1405 3992 ἐφ’
1440 3924 1633 3994 ἑαυτῆς
1677 3928 1709 3995 ἡ

126 4016 287 4081 φύσις
324 4013 748 4083 ἁπαράτρεπτος
783 4013 939 4085 μένῃ·
984 4016 1031 4065 εί
1073 4013 1130 4066 δέ
1161 4031 1279 4067 τινα
1307 4016 1578 4087 ἐκτροπὴν
1608 4017 1711 4071 πά-

125 4107 205 4157 θοι
234 4104 326 4157 διὰ
372 4105 651 4175 μοχθηρᾶς
682 4106 1051 4175 προαιρέσεως
1071 4146 1085 4167 ,
1114 4107 1236 4158 τότε
1264 4107 1401 4176 αὐτῇ
1428 4106 1536 4160 τῶν
1564 4109 1713 4160 ἀλλο-

123 4202 292 4269 τρίων
319 4199 351 4267 ὴ
385 4197 649 4267 ἐπιθυμία
675 4198 949 4265 ἐγγίνεται
975 4238 989 4260 ,
1021 4190 1096 4250 ὧν
1122 4200 1153 4267 ἡ
1189 4198 1483 4261 ἀπόλαυσις
1509 4198 1710 4268 ἡδύνει,

126 4289 245 4358 οὐχὶ
289 4288 390 4357 τὴν
425 4286 582 4354 φύσιν
606 4327 620 4351 ,
655 4286 792 4340 ἀλλά
820 4286 881 4338 τὸ
924 4287 1096 4349 πάθος
1126 4288 1225 4356 τῆς
1259 4287 1500 4354 φύσεως·
1537 4290 1712 4357 ἐκχω-

130 4382 399 4451 ρήσαντος
428 4378 484 4431 δὲ
512 4378 604 4431 τοῦ
632 4378 837 4440 πάθους
860 4418 873 4442 ,
910 4380 1001 4431 καὶ
1028 4381 1059 4449 ἡ
1086 4378 1192 4431 τῶν
1222 4380 1371 4448 παρά
1408 4380 1567 4448 φύσιν
1589 4381 1711 4433 ἑπι-

1808 3195 1926 3253 tur;
1964 3188 2086 3241 aliis
2122 3197 2301 3242 autem
2352 3196 2475 3257 post
2522 3187 2664 3240 bane
2712 3188 2879 3241 vitam
2917 3189 3235 3257 purgatorio
3265 3189 3388 3260 igne

1810 3283 2053 3334 materiae
2090 3281 2241 3335 labes
2268 3288 2322 3334 et
2359 3280 2786 3350 propensionem
2822 3279 2890 3333 ad
2934 3282 3136 3334 malum
3170 3281 3387 3336 abster-

1808 3371 2086 3439 gentibus,
2122 3379 2174 3424 et
2208 3370 2274 3423 ad
2318 3369 2552 3439 gratiam
2601 3369 2758 3421 initio
2804 3377 3017 3423 naturae
3062 3385 3387 3426 concessam

1810 3463 2116 3517 voluntaria
2166 3463 2437 3515 bonorum
2476 3461 2776 3531 cupiditate
2822 3463 3203 3518 redeuntibus.
3241 3464 3389 3518 Alie-

1810 3568 2005 3607 norum
2066 3553 2211 3605 enim
2259 3553 2531 3621 cupiditas
2595 3552 2646 3605 in
2712 3562 2907 3606 natura
2961 3563 3225 3623 perpetuo
3276 3568 3387 3608 non

1811 3645 2055 3698 inhaeret.
2097 3644 2365 3707 Quoniam
2400 3644 2542 3711 quod
2580 3652 2790 3697 natura:
2823 3660 2929 3696 non
2970 3654 3055 3699 est
3084 3645 3385 3713 proprium,

1811 3733 2065 3804 quodque
2119 3735 2319 3786 nullam
2382 3735 2654 3803 principio
2702 3751 2824 3787 cum
2878 3735 2997 3803 ipso
3060 3736 3382 3790 societatem

1812 3826 2067 3888 habebat,
2108 3826 2406 3894 unicuique
2438 3827 2745 3879 satietatem
2791 3834 2845 3879 et
2896 3826 3174 3881 fastidium
3204 3825 3386 3892 aﬂ‘ert,

1813 3920 2099 3988 solumque
2152 3916 2228 3978 id,
2265 3917 2408 3986 quod
2458 3917 2533 3969 illi
2571 3927 2866 3984 cognatum
2917 3932 2981 3970 ac
3048 3916 3227 3973 simile
3280 3926 3385 3981 est,

1812 4011 2109 4078 optandum
2170 4009 2274 4080 ipsi
2321 4026 2535 4079 semper
2584 4010 2990 4077 amandumque
3040 4010 3386 4079 relinquitur.

1814 4101 1969 4166 Quod
2021 4102 2069 4156 si
2109 4102 2241 4155 vitio
2286 4100 2595 4170 depravata;
2629 4102 2929 4155 voluntatis
2988 4102 3172 4170 aliquo
3226 4100 3391 4155 modo

1814 4195 2180 4262 degeneravit,
2223 4203 2355 4247 tunc
2385 4196 2526 4247 inest
2576 4195 2651 4247 illi
2695 4194 2963 4263 cupiditas
2994 4209 3174 4247 rerum
3209 4206 3391 4247 exter-

1816 4300 2035 4351 narum,
2092 4286 2295 4353 quibus
2352 4285 2602 4339 fruendis
2678 4300 2787 4339 non
2847 4285 2964 4354 ipsa
3026 4295 3236 4347 natura,
3293 4285 3391 4339 sed

1816 4389 2028 4431 naturae
2072 4374 2288 4432 aﬂectio
2317 4376 2621 4431 delec1atur
2654 4397 2666 4431 :
2697 4392 2803 4447 qua
2844 4375 3065 4446 quidem
3106 4375 3394 4432 alfectione

126 4472 299 4541 θυμία
339 4469 781 4541 συνανεχώρησεν
809 4510 824 4534 ,
872 4471 966 4523 καὶ
1017 4471 1223 4537 γίνεται
1260 4471 1420 4524 πάλιν
1466 4472 1602 4543 αὐτῇ
1652 4473 1704 4525 τὲ

1821 4470 2072 4539 depulsa,
2100 4483 2285 4522 rerum
2328 4468 2492 4522 etiam
2518 4476 2868 4523 externarum
2903 4467 3178 4536 cupiditas
3210 4465 3395 4522 disce-

128 4566 329 4617 οἰκεῖον
377 4561 625 4615 ποθεινὸν
660 4563 753 4615 καὶ
788 4562 1137 4632 κατάλληλον.
1184 4563 1353 4616 Τοῦτο
1399 4563 1455 4616 δέ
1500 4566 1614 4617 ἐστι
1656 4565 1716 4617 τὸ

146 4653 371 4723 ιαθαρόν
404 4670 463 4704 τε
500 4652 592 4706 καὶ
620 4652 781 4706 άῦλον
807 4653 901 4705 καὶ
927 4652 1215 4723 ἀσώματον
1235 4694 1250 4719 ,
1294 4655 1431 4725 ὅπερ
1460 4655 1590 4708 ἴδιον
1618 4656 1715 4725 τῆς

136 4746 541 4819 ἰπερκειμένης
583 4745 691 4798 τῶν
742 4746 959 4799 πάντων
994 4746 1245 4815 θεότητος
1293 4746 1461 4803 εἰπών
1498 4766 1582 4811 τις
1620 4750 1717 4819 οὐχ

130 4838 534 4908 ἁμαρτήσεται.
584 4838 671 4901 Ὠς
723 4837 833 4908 γὰρ
874 4840 989 4901 τοῖς
1046 4843 1376 4909 σωματικοῖς
1421 4840 1718 4911 ὀφθαλμοῖς

134 4930 409 4999 ῥεύματός
440 4946 586 4992 τινος
609 4929 938 5001 δριμυτέρου
972 4931 1032 4983 τὸ
1059 4931 1279 4984 όπτικὸν
1303 4932 1518 5001 πνεῦμα
1553 4931 1719 4985 θολώ-

132 5038 325 5082 σαντος
343 5060 358 5084 ,
393 5020 559 5089 ἡδίων
590 5023 617 5074 ὁ
643 5020 805 5089 ζόφος
832 5021 1062 5089 γίνεται,
1087 5023 1176 5075 διὰ
1206 5024 1305 5093 τὴν
1342 5024 1442 5093 τῆς
1483 5024 1719 5096 παχύτη-

128 5130 219 5176 τος
247 5112 390 5182 πρὸς
413 5111 475 5163 τὸ
498 5112 687 5175 σκότος
721 5112 1061 5181 συγγένειαν.
1085 5115 1148 5167 El
1178 5113 1235 5166 δὲ
1273 5114 1605 5186 δαπανηθείη
1632 5116 1720 5169 διά

129 5220 274 5265 τινος
311 5201 612 5272 θεραπείας
653 5203 714 5255 τὸ
771 5202 1058 5274 διοχλῆσαν
1086 5204 1163 5275 τῷ
1214 5204 1516 5275 πνεύματι,
1560 5205 1720 5259 πάλιν

130 5296 187 5347 τὸ
207 5296 329 5364 φῶς
352 5295 553 5347 οἰκεῖον
583 5296 675 5347 καὶ
696 5296 1028 5367 κατάλληλον
1056 5297 1283 5365 γίνεται,
1311 5296 1388 5366 τῷ
1411 5296 1637 5368 καθαρῷ
1660 5315 1720 5351 τε

129 5389 221 5441 καὶ
251 5387 531 5455 αὐγοειδεί
575 5388 673 5457 τῆς
697 5388 866 5459 κόρης
915 5389 1407 5460 καταμιγνύμενον
1442 5390 1533 5443 τὸν
1562 5390 1721 5442 αὐτὸν

126 5479 331 5548 τῴπον
365 5477 555 5547 ἐπειδὴ
611 5477 879 5549 ῥεύματός
918 5496 1061 5542 τινος
1090 5479 1246 5550 δίκην
1275 5480 1342 5531 δι’
1376 5480 1592 5549 ἀπάτης
1629 5479 1720 5531 τοῦ

140 5569 552 5638 Ἀντικειμένου
570 5570 811 5642 ὲπεῤῥύη
834 5570 912 5640 τῷ
933 5570 1142 5641 ὀπτικῷ
1161 5572 1258 5642 τῆς
1277 5572 1451 5641 ψυχῆς
1480 5572 1511 5640 ἡ
1535 5570 1719 5636 κακία,

126 5662 400 5724 ἑκουσίως
450 5662 590 5733 πρὸς
652 5662 743 5717 τὸν
790 5663 1059 5716 σκοτεινὸν
1109 5663 1223 5734 βίον
1259 5666 1287 5715 ὁ
1328 5663 1583 5733 λογισμὸς
1628 5664 1725 5714 ἐπα

126 5756 344 5827 εκλίθη,
376 5753 463 5809 διὰ
491 5752 584 5808 τοῦ
619 5754 822 5821 πάθους
847 5755 1142 5819 οίκειωθεὶς
1167 5756 1243 5827 τῷ
1272 5756 1438 5827 ζόφῳ.
1469 5757 1581 5820 Πᾶς
1616 5756 1724 5827 γὰρ

1817 4561 1939 4625 dit;
1970 4568 2025 4615 et
2062 4561 2209 4630 quod
2259 4560 2337 4614 illi
2373 4576 2531 4615 suum
2580 4575 2644 4613 ac
2687 4561 2966 4629 proprium
3016 4568 3121 4620 est,
3173 4574 3393 4613 rursum

1818 4651 2053 4705 amabile
2104 4659 2292 4704 manet
2368 4657 2422 4705 et
2475 4649 2837 4719 expetendum
2884 4668 2898 4702 :
2958 4649 3011 4703 id
3062 4659 3243 4705 autem
3309 4658 3395 4703 est

1819 4758 2019 4811 purum
2065 4750 2118 4796 et
2160 4758 2190 4796 a
2225 4743 2455 4798 materia
2498 4757 2837 4811 eorporeque
2872 4743 3182 4811 sejunctqu
3205 4782 3219 4804 ,
3248 4742 3396 4810 quod

1820 4835 1865 4889 si
1899 4834 2023 4904 quis
2058 4835 2529 4903 prmstantissimae
2574 4849 2759 4888 rerum
2806 4834 3052 4887 omnium
3091 4832 3397 4887 divinitatis

1821 4927 2106 4997 proprium
2134 4926 2304 4991 dicat,
2336 4942 2446 4981 non
2480 4926 2707 4981 errabit.
2738 4926 3209 4992 Quemadmodum
3248 4927 3395 4978 enim

1821 5018 2069 5087 corporis
2104 5019 2301 5081 oculis,
2348 5018 2395 5072 si
2449 5020 2665 5071 acutior
2706 5019 2886 5087 aliqua
2933 5017 3220 5072 distillatio
3271 5031 3400 5069 ner-

1821 5126 1942 5171 vos,
1977 5109 2195 5164 videndi
2238 5110 2493 5178 spiritum
2552 5110 3060 5169 subministrantes,
3111 5108 3400 5177 perturba-

1822 5204 1982 5262 verit,
2020 5201 2208 5255 amica?
2239 5208 2369 5255 sunt
2404 5204 2665 5263 tenebrae,
2698 5210 2919 5271 propter
2958 5200 3397 5261 similitudinem,
3448 5188 3451 5189 ν

1823 5308 1985 5361 quam
2020 5293 2205 5346 obtusi
2232 5292 2345 5361 jam
2386 5303 2550 5363 atque
2584 5294 2804 5348 hebetes
2833 5308 2956 5345 cum
2993 5292 3103 5345 illis
3147 5292 3352 5371 habent
3383 5312 3397 5347 :

1823 5392 1879 5437 at
1915 5385 1960 5439 si
2002 5385 2290 5440 curatione
2338 5386 2520 5455 aliqua
2552 5386 2900 5450 conﬁciatur,
2945 5400 3008 5439 ac
3041 5386 3293 5440 deleatur
3322 5386 3397 5446 id,

1825 5477 1970 5546 quod
2014 5478 2199 5533 nervis
2234 5479 2346 5532 illis
2373 5479 2662 5540 alliciebat,
2701 5480 2877 5534 lucem
2908 5477 3053 5531 oculi
3089 5492 3307 5531 rursum
3340 5485 3402 5530 ut

1824 5570 2099 5638 prepriam
2130 5570 2349 5638 sibique
2379 5579 2768 5639 congruentem
2797 5578 3001 5635 amant,
3035 5585 3153 5639 qure
3185 5569 3401 5639 pupillae

1827 5676 2017 5730 purae,
2071 5667 2125 5715 et
2161 5648 2271 5730 'per
2338 5677 2396 5716 sc
2445 5661 2650 5715 videnti
2715 5662 3109 5716 eommiscetur
3152 5680 3164 5714 :
3209 5659 3399 5714 eodem

1784 5751 2024 5815 .modo,
2082 5761 2435 5823 posteaquam
2491 5752 2698 5807 inimici
2752 5750 2941 5808 lraude
2988 5750 3403 5809 vitiumtinstar
