3844 6386
432 267 535 319 δεῖ
1701 251 1756 305 s.
1800 243 2127 302 oaecouu
2165 245 2460 302 urssem

3585 249 3688 306 528

432 383 715 451 cujusdam
756 379 1131 433 distillationis
1181 377 1409 431 deﬂuxit
1458 377 1511 428 in
1566 375 1759 429 oculos
1803 370 2041 432 animia

2167 371 2235 425 τὰ
2265 373 2440 440 φαῦλα
2468 369 2747 439 πράσσων,
2781 367 2929 438 μισεῖ
2960 365 3022 418 τὸ
3061 365 3176 433 φῶς
3201 404 3216 425 ,
3262 362 3439 422 καθὼς
3469 382 3633 436 φησιν
3655 369 3689 436 ἡ

434 478 600 528 vitam
645 474 1044 528 tenebricosam
1112 481 1169 524 ut
1219 472 1322 526 sibi
1360 479 1580 541 propter
1629 466 2006 538 azgritudinem

436 566 849 620 convenientem
922 564 1268 618 adamarunt.
1335 562 1598 632 Quisquis
1656 561 1801 615 enim
1870 558 2011 611 male

439 663 568 729 agit,
615 659 730 713 odit
777 660 977 720 lucem,
1029 667 1088 710 ut
1136 673 1240 710 vox
1291 657 1476 710 divina
1523 654 1816 709 testatur“.
1872 649 2012 704 Malo

440 762 620 808 autem
657 761 1011 822 consumpto,
1065 762 1117 806 et
1149 766 1341 806 rursus
1373 751 1439 804 ad
1489 749 1718 803 nihilum
1768 746 2008 807 redacto,

440 857 634 899 natura
673 860 738 899 eo
771 843 1021 914 depulso,
1067 843 1211 913 quod
1256 839 1421 895 animi
1467 838 1658 893 oculos
1698 837 2010 898 hebetabat,

442 952 565 992 cum
613 937 891 1005 voluptate
925 937 1098 990 lucem
1132 935 1328 989 iterum
1367 935 1630 986 intuetur.
1670 930 1745 984 Ex
1787 930 1872 984 his
1910 929 2012 998 igi-

444 1038 532 1081 tur
585 1042 706 1096 quae
747 1027 892 1081 dicta
923 1034 1072 1087 sunt,
1106 1035 1273 1095 patet,
1309 1025 1496 1080 carnis
1541 1031 1792 1077 naturam
1823 1022 2015 1091 iniquo

445 1121 629 1173 animo
681 1119 962 1188 prosequi,
1027 1119 1254 1172 stultum
1311 1132 1451 1172 esse.
1506 1115 1692 1184 Neque
1745 1115 1890 1169 enim
1946 1113 2016 1166 ab

447 1215 534 1268 illa
595 1213 792 1282 pendet
848 1213 1117 1265 malorum
1179 1225 1365 1264 causa.
1420 1208 1553 1262 Nam
1606 1209 1653 1264 si
1713 1209 1794 1264 sic
1833 1214 2014 1268 esset,

447 1306 691 1360 eamdem
745 1305 968 1358 haberet
1022 1304 1077 1356 in
1131 1317 1321 1357 omnes
1367 1302 1498 1364 vim,
1549 1301 1643 1370 qui
1697 1313 2015 1369 corpoream

449 1399 626 1453 sortiti
669 1405 797 1452 sunt
821 1397 1009 1449 vitam.
1653 1445 1658 1448 _

525 1489 721 1544 Verum
762 1503 884 1541 cum
935 1486 993 1547 ii,
1043 1501 1182 1555 quos
1209 1483 1779 1546 commemoravimus,
1829 1480 1908 1536 sic
1955 1495 2016 1533 ex

453 1582 656 1634 virtute
688 1579 944 1636 vixerint.
994 1587 1053 1632 ut
1100 1592 1222 1630 cum
1271 1577 1325 1630 in
1373 1591 1538 1630 carne
1588 1582 1794 1635 essent,
1854 1572 2020 1626 nullis

453 1682 634 1728 tamen
697 1688 756 1727 se
810 1671 958 1724 vitiis
1009 1669 1448 1739 obstringerent,
1513 1667 1866 1737 perspicuum
1931 1672 2020 1718 est

455 1781 652 1834 corpus
685 1779 791 1818 non
829 1778 952 1817 esse
997 1762 1252 1815 vitiorum
1303 1774 1546 1820 causam,
1603 1757 1695 1815 sed
1742 1757 2022 1828 propriam

455 1859 724 1925 cujusque
765 1854 1130 1917 voluntatem,
1185 1868 1307 1921 qum
1360 1866 1419 1905 se
1464 1851 1613 1905 vitiis
1658 1851 2023 1904 contaminat.

455 1949 669 2016 Corpus
719 1946 866 2000 enim
913 1953 1123 1998 natura:
1170 1958 1284 1997 suae
1313 1941 1702 1996 convenienter
1751 1949 2025 1999 movetur,

456 2039 521 2092 ad
558 2053 752 2099 cauue,
782 2036 983 2105 quibus
1029 2043 1235 2088 statum
1278 2048 1437 2088 suum
1477 2039 1658 2084 tuetur
1697 2040 1861 2099 atque
1900 2045 2030 2083 con-

458 2138 658 2191 servat,
701 2126 934 2195 impulsu
969 2124 1190 2195 proprio
1229 2122 1403 2176 fertur
1459 2131 1512 2174 et
1551 2121 1806 2173 trahitur.
1841 2118 2032 2171 Exem-

459 2219 531 2286 pli
581 2215 776 2284 gratia,
838 2214 960 2267 cibo
1027 2212 1358 2281 potioneque
1435 2208 1669 2278 indiget,
1741 2219 1818 2270 ut,
1884 2206 2031 2275 quod

460 2301 779 2371 deperditur
818 2299 1031 2359 vitium,
1088 2299 1429 2354 instauretur
1473 2298 1657 2366 itaque
1707 2297 1889 2351 cibum
1946 2312 2034 2365 po-

463 2394 776 2460 tionemque
827 2389 1056 2460 appetit.
1097 2388 1312 2444 Rursus
1359 2397 1551 2442 natura
1606 2388 1874 2457 corporis,
1913 2402 2034 2456 qua:

459 2480 710 2534 mortalis
761 2487 882 2542 est,
937 2478 1332 2548 procreationis
1381 2479 1522 2533 serie
1567 2478 1624 2531 ﬁt
1665 2462 2030 2532 immortalis:

467 2575 672 2630 idcirco
702 2575 1030 2628 conveniens
1067 2573 1139 2626 illi
1176 2572 1504 2641 procreandi
1533 2572 1806 2642 appetitus
1837 2572 2034 2625 insitus

464 2679 568 2722 est.
600 2666 680 2720 Ad
716 2666 829 2720 haec
855 2679 980 2721 eum
1011 2665 1208 2718 idoneo
1243 2664 1477 2732 pilorum
1509 2662 1764 2732 prazsidio
1806 2677 2037 2732 corpora

470 2766 655 2814 nostra
695 2757 906 2810 inunita
957 2771 1065 2809 non
1125 2756 1257 2818 sint,
1304 2754 1652 2809 vestimentis
1690 2755 2038 2808 extrinsecus

466 2851 698 2904 admotis
729 2849 1068 2918 indigemus;
1100 2860 1336 2917 cumque
1367 2846 1587 2910 caloris,
1615 2853 1669 2898 et
1702 2846 1941 2916 frigoris,
1985 2854 2040 2900 et

469 2945 725 2998 imbrium
791 2943 900 2996 vim
974 2942 1216 3012 perferre
1287 2955 1658 3009 nequeamus,
1724 2939 1916 2994 domos
1986 2948 2041 2994 et

469 3044 608 3091 tecta
642 3037 799 3090 nobis
834 3033 1229 3089 construimus.
1270 3031 1373 3097 Qui
1408 3033 1701 3101 prudenter
1737 3032 2040 3086 necessita-

469 3137 578 3182 tem
622 3127 954 3187 cousiderat,
1001 3126 1120 3194 ejus
1162 3123 1348 3177 habita
1399 3125 1631 3184 ratione,
1688 3123 1800 3177 haec
1838 3132 1887 3178 et
1933 3123 2038 3176 alia

473 3219 742 3289 ejusmodi
786 3219 903 3272 sine
946 3215 1320 3272 sollicitudine
1357 3224 1658 3286 comparat,
1695 3215 2044 3285 appetitioni-

475 3328 580 3382 que
621 3311 910 3366 terminum
950 3309 1260 3370 constituit,
1298 3324 1454 3363 usum
1505 3308 1876 3364 necessarium
1909 3307 2046 3361 :do-

475 3420 623 3458 mum
675 3404 870 3472 igitur,
930 3404 1349 3464 vestimentum,
1403 3399 1714 3470 coniugium
1758 3399 2048 3468 cibumque

477 3506 689 3552 naturae
720 3495 1052 3565 suppeditat,
1092 3506 1151 3548 ut
1195 3495 1361 3550 rebus
1405 3493 1738 3549 necessariis
1782 3500 2050 3548 sustente-

479 3599 588 3644 tur.
645 3587 746 3654 Qui
783 3602 914 3641 vero
954 3587 1290 3655 voluptatum
1339 3594 1423 3640 est
1476 3600 1690 3643 servus,
1729 3599 1826 3652 per
1860 3598 2049 3638 neces-

479 3685 656 3736 sarios
691 3697 823 3736 usus
865 3680 1012 3734 vitiis
1061 3679 1269 3732 aditum
1303 3678 1498 3746 aperit,
1530 3677 1885 3746 alimentique
1927 3674 2052 3729 loco

481 3773 710 3832 delicias
751 3771 978 3842 qumrit;
1028 3786 1128 3840 pro
1179 3770 1505 3824 vestimento
1555 3776 1797 3823 sectatur
1837 3769 2053 3838 elegan-

482 3866 614 3920 tiam
651 3872 1100 3919 oruamentorum
1130 3879 1143 3927 ;
1178 3877 1274 3932 pro
1301 3862 1496 3916 aedium
1531 3877 1636 3917 usu
1661 3862 1793 3916 colit
1825 3861 2055 3930 amplis-

484 3961 621 4012 sima
667 3955 1321 4028 magniﬁcentissimaque
1374 3953 1613 4023 palatia;
1662 3968 1762 4022 pro
1812 3952 2054 4022 legitima

485 4051 782 4105 liberorum
837 4049 1205 4116 susceptione,
1261 4047 1470 4116 legibus
1515 4046 1822 4100 contrarias
1892 4052 2056 4113 atque

487 4141 726 4195 nefarias
776 4140 1034 4194 libidines
1098 4145 1427 4207 aucupatur.
1487 4137 1699 4204 Quibus
1758 4138 1822 4191 de
1872 4137 2058 4191 causis

486 4235 612 4288 latis
646 4234 818 4301 portis
854 4233 1100 4302 ingressa
1133 4240 1218 4286 est
1253 4232 1306 4284 in
1352 4231 1632 4284 hominum
1666 4232 1830 4283 vitam
1877 4230 2058 4282 avari-

491 4325 585 4387 tia,
622 4323 902 4382 mollities.
938 4330 994 4377 et
1035 4322 1227 4380 otium,
1259 4330 1313 4374 et
1359 4321 1636 4390 superbia,
1678 4329 1732 4375 et
1767 4319 2059 4375 ostentatio

2116 465 2233 518 θεία
2277 464 2458 534 φωνή·
2499 458 2960 529 ὲκδαπανηθέντος
3013 455 3070 510 δὲ
3113 453 3208 508 τοῦ
3252 453 3424 508 κακοῦ
3467 455 3533 507 ὲκ
3584 456 3692 511 τῶν

2112 558 2302 617 ὄντων,
2331 556 2425 608 καὶ
2447 556 2527 618 είς
2557 553 2620 606 τὸ
2656 551 2729 622 μὴ
2761 550 2820 603 δν
2849 545 3007 610 αὖθις
3037 545 3519 618 μεταχωρήσαντας
3545 584 3560 608 ,
3589 548 3692 599 πά-

2113 650 2197 701 λιν
2228 646 2345 716 μεθ’
2375 645 2567 716 ἡδονῆς
2591 641 2887 696 ἀναϐλέπει
2910 639 3046 709 πρὸς
3074 636 3136 688 τὸ
3164 636 3279 704 φῶς
3303 635 3338 705 ἡ
3371 634 3532 703 φύσις
3554 674 3568 695 ,
3604 633 3698 687 τοῦ

2115 737 2488 799 ὲπιθολοῢντος
2519 735 2580 788 τὸ
2628 732 2864 803 καθαρὸν
2912 731 3010 800 τῆς
3045 728 3224 797 ψυχῆς
3265 726 3696 796 ἐκχωρήσαντος.

2114 829 2360 883 Μάταιον
2389 827 2568 880 τοίνυν
2597 824 2863 879 δέδεικται
2896 821 2984 874 διά
3023 819 3129 872 τῶν
3158 818 3458 887 εἰρημένων
3493 816 3554 868 τὸ
3576 815 3700 867 δυσ-

2119 919 2295 991 μενῶς
2335 918 2470 990 πρὸς
2512 916 2613 987 τὴν
2662 918 2759 984 τῆς
2809 912 3008 982 σαρκὸς
3060 910 3204 979 ἔχειν
3257 907 3435 975 φύσιν.
3477 908 3550 959 Οὐ
3593 905 3702 975 γὰρ

2116 1011 2320 1080 ταύτης
2348 1012 2581 1081 ἤρτηται
2616 1007 2723 1060 τῶν
2745 1004 2932 1060 κακῶν
2959 1007 2992 1074 ἠ
3025 1002 3194 1057 αἰτία.
3230 996 3307 1052 Ἦ
3336 1000 3442 1070 γὰρ
3465 998 3530 1052 ἂν
3562 1000 3706 1051 κατά

2119 1105 2335 1158 πάντων
2382 1102 2580 1172 ἐπίσης
2620 1101 2747 1171 ἔσχε
2785 1100 2846 1152 τὸ
2885 1098 3085 1168 κράτος
3124 1094 3232 1147 τῶν
3277 1092 3367 1146 τὸν
3399 1091 3706 1162 σωματικὸν

2119 1196 2412 1268 εἰληχότων
2439 1194 2574 1264 βίον.

2212 1458 2352 1512 Ἀλλ’
2379 1454 2570 1524 ἐπειδὴ
2595 1453 2706 1506 τῶν
2731 1453 2817 1504 ἐπ’
2840 1451 3042 1520 ἀρετῆς
3077 1445 3554 1517 μνημονευομένων
3573 1443 3711 1495 ἕκα-

2123 1569 2247 1614 στος
2284 1551 2379 1603 καὶ
2407 1551 2465 1600 ὲν
2496 1545 2660 1616 σαρκὶ
2693 1539 2785 1613 ἦν,
2812 1541 2908 1595 καὶ
2936 1542 2994 1593 έν
3027 1537 3197 1606 κακία
3228 1536 3326 1588 οὐκ
3349 1529 3438 1604 ἦν,
3474 1534 3712 1603 φανερὸν

2123 1640 2211 1694 διὰ
2233 1639 2436 1693 τούτων
2466 1635 2633 1694 ἐστὶν,
2651 1634 2731 1686 ὅτι
2760 1631 2821 1684 ού
2850 1629 2912 1682 τὸ
2943 1628 3102 1698 σῶμα
3125 1625 3232 1679 τῶν
3258 1623 3599 1694 παθημάτων
3628 1624 3712 1675 αί-

2059 1720 2100 1774 Β
2126 1745 2258 1791 τιον,
2284 1726 2398 1779 ἀλλ’
2429 1727 2463 1795 ἡ
2497 1722 2816 1794 προαίρεσις
2842 1720 2876 1788 ἡ
2908 1713 3316 1788 δημιουργοῦσα
3354 1713 3422 1766 τὰ
3445 1711 3617 1782 πάθη.
3641 1711 3716 1763 Τὸ

2132 1821 2228 1890 μὲν
2251 1819 2358 1888 γὰρ
2381 1817 2540 1887 σῶμα
2567 1812 2917 1883 καταλλὴλως
2940 1811 3007 1881 τῇ
3046 1807 3153 1880 ἰδία
3173 1809 3402 1860 κινεῖται
3430 1804 3612 1872 φύσει,
3646 1803 3713 1856 δι’

2127 1907 2201 1965 ὦν
2249 1911 2595 1978 συντηρείται
2628 1906 2765 1977 πρὸς
2801 1902 2899 1974 τὴν
2933 1898 3127 1955 ἑαυτοῦ
3161 1897 3418 1950 σύστασιν
3447 1897 3542 1948 καὶ
3593 1895 3716 1947 δια-

2132 2005 2300 2075 μονήν
2321 2021 2333 2034 ·
2375 2002 2512 2074 πρὸς
2541 2000 2712 2054 ταῦτα
2752 1999 2873 2060 ταῖς
2909 1995 3069 2057 ίδίαις
3101 1993 3299 2064 ὁρμαῖς
3324 1989 3714 2057 διοικούμενον.

2131 2092 2254 2152 Οἷόν
2268 2114 2320 2149 τι
2339 2095 2502 2163 λέγω·
2534 2091 2798 2165 Βρώσεὼς
2821 2094 2967 2144 ἐστιν
2995 2087 3144 2156 αὑτῷ
3171 2086 3325 2156 χρεία
3348 2083 3442 2136 καὶ
3480 2083 3718 2146 πόσεως,

2131 2191 2271 2244 ὥστε
2307 2188 2367 2242 τὸ
2387 2185 2736 2241 διαπνευσθὲν
2757 2186 2855 2252 τῆς
2871 2181 3150 2251 δυνάμεως
3181 2175 3342 2230 πάλιν
3356 2173 3720 2242 ἀντεισαχθῆ-

2133 2299 2221 2334 ναι
2250 2279 2327 2350 τῷ
2352 2279 2592 2331 λείποντι
2611 2292 2623 2304 ·
2657 2274 2793 2344 πρὸς
2822 2272 2980 2326 τοῦτο
3025 2270 3254 2323 κινεῖται
3283 2265 3525 2337 ήδρεξις.
3549 2265 3720 2317 Πάλιν

2131 2371 2220 2425 διὰ
2277 2371 2375 2440 τῆς
2426 2367 2535 2422 τῶν
2567 2366 2866 2434 γινομένων
2896 2361 3166 2431 διαδοχῆς,
3193 2357 3360 2427 θνητὴ
3403 2352 3538 2410 οὖσα
3564 2359 3598 2426 ἡ
3625 2355 3720 2408 τοῦ

2137 2463 2385 2533 σώματος
2409 2458 2570 2528 φύσις
2595 2455 2976 2517 ἀθανατίζεται
3002 2471 3014 2483 ·
3041 2451 3130 2504 διὰ
3151 2449 3305 2503 τοῦτο
3326 2445 3567 2518 καὶπρὸς
3591 2447 3724 2500 ταύ-

2134 2574 2234 2626 την
2279 2555 2378 2625 τὴν
2425 2550 2602 2623 ὁρμὴν
2652 2546 2971 2617 ἐπιτηδείως
3024 2543 3155 2613 ἔχει.
3189 2543 3310 2594 Ἔτι
3339 2540 3475 2611 πρὸς
3508 2539 3721 2601 τούτοις

2137 2649 2340 2720 γυμνὸν
2372 2645 2466 2700 τοῦ
2501 2646 2566 2697 ὲκ
2598 2641 2708 2696 τῶν
2737 2639 2937 2713 τριχῶν
2964 2633 3347 2705 σίιεπάσματος
3366 2634 3427 2687 τὸ
3440 2632 3601 2702 σῶμα
3630 2649 3726 2684 πε-

2138 2743 2378 2812 ποίηται,
2405 2733 2466 2793 οὗ
2499 2735 2657 2809 χάριν
2702 2733 2800 2802 τῆς
2832 2730 3029 2795 ἔξωθεν
3074 2727 3364 2799 περιϐολῆς
3399 2725 3721 2795 ἐδεήθημεν.

2151 2834 2310 2889 Ἀλλὰ
2339 2831 2434 2884 καὶ
2459 2829 2594 2900 πρὸς
2617 2824 2861 2896 φλογμόν
2881 2839 2939 2874 τε
2971 2821 3065 2874 καὶ
3091 2819 3256 2892 κρύος
3295 2817 3389 2872 καὶ
3421 2815 3726 2888 ἐπομϐρίαν

2141 2927 2410 2995 ἀντισχεῖν
2459 2922 2519 2975 οὐ
2567 2917 2876 2987 δυνάμενοι,
2921 2913 3022 2983 τὴν
3055 2913 3120 2965 ὲκ
3142 2910 3250 2964 τῶν
3290 2908 3474 2962 οἰκιῶν
3516 2906 3728 2975 σκέπην

2141 3017 2576 3090 ἐπεζητήσαμεν.
2604 3011 2789 3066 Ταῦτα
2817 3007 2911 3062 καὶ
2941 3006 3010 3060 τὰ
3043 3002 3268 3057 τοιαῦτα
3309 3002 3338 3055 ὁ
3384 3000 3480 3070 μὲν
3521 2998 3730 3090 λελογι-

2090 3089 2108 3130 ;
2144 3089 2518 3181 σμένωςπρὸς
2554 3104 2651 3176 τὴν
2677 3102 2866 3173 χρείαν
2889 3099 3119 3170 βλέπων,
3141 3095 3351 3164 δέχεται
3371 3091 3573 3144 τούτων
3595 3089 3730 3143 ἕκα-

2147 3180 2270 3256 στον
2303 3199 2674 3270 ἀπραγμόνως
2705 3191 2869 3265 ὁρῶν,
2897 3190 2996 3259 τῆς
3015 3187 3245 3259 ὀρέξεως
3270 3184 3362 3236 τὸν
3396 3181 3600 3236 σκοπὸν
3632 3180 3731 3249 τῆς

2144 3296 2332 3368 χρείας
2358 3291 2699 3360 ποιούμενος,
2725 3280 2894 3349 οἷκον,
2923 3280 3159 3349 ἱμάτιον,
3197 3275 3472 3342 συζυγίαν,
3497 3271 3730 3368 τροφὴν,

2243 3388 2473 3442 ἑκάστου
2501 3381 2704 3436 τούτων
2732 3374 3050 3448 θεραπεύων
3071 3372 3132 3425 τὸ
3161 3369 3336 3424 ἐνδέον
3363 3369 3460 3437 τῆς
3489 3364 3730 3433 φύσεως.

2159 3484 2218 3533 '0
2245 3481 2303 3533 δὲ
2352 3475 2459 3530 τῶν
2507 3471 2708 3544 ἡδονῶν
2744 3466 3044 3537 ὑπηρέτης,
3072 3460 3225 3522 ὁδοὺς
3263 3455 3603 3544 παθημάτων
3634 3451 3734 3544 τάς

2149 3571 2450 3642 ἀναγκαίας
2471 3538 2660 3638 χρείας
2690 3560 2944 3630 ἐποίησεν
2961 3573 2975 3587 ο
3003 3554 3126 3610 ἀντὶ
3153 3553 3248 3623 μὲν
3270 3538 3607 3642 τῆςῌτρηῆς,
3635 3543 3735 3642 τὴν

2150 3633 2357 3736 τρυιρὴν
2387 3633 2658 3726 ἐπιξητῶν
2679 3668 2692 3682 ⁸
2746 3649 2866 3703 ἀντὶ
2901 3646 2957 3700 δὲ
3004 3633 3735 3736 τῆς’περι6ολῆς,-τδν-καὲ,-

2151 3725 2430 3824 λωπισμὸν
2479 3743 2910 3820 προαιρούμενος
2937 3753 2952 3768 ⁶
3012 3735 3134 3789 ἀντὶ
3186 3732 3244 3786 δὲ
3286 3730 3384 3798 τῆς
3408 3728 3516 3781 τῶν
3545 3725 3737 3778 οἰκιῶν

2154 3818 2345 3922 χρείας
2399 3843 2498 3913 τὴν
2526 3818 2878 3894 πολυτέλειαν
2904 3849 2917 3862 ·
2975 3827 3094 3882 am
3135 3825 3191 3878 δὲ
3223 3824 3322 3893 τῆς
3366 3818 3735 3922 παιδοποιίας,

2157 3909 2292 4012 πρὸς
2324 3909 2423 4000 τάς
2457 3909 2808 4003 παρανόμους
2839 3941 2900 3978 τε
2939 3921 3035 3975 καὶ
3063 3915 3513 4012 ἀπηγορευμένας
3543 3909 3740 4012 saeva;

2160 4000 2390 4103 βλέπων.
2425 4025 2523 4079 Διά
2547 4000 2708 4076 τοῦτο
2732 4018 2768 4088 ἦ
2790 4033 2849 4070 τε
2868 4009 3150 4074 πλεονεξία
3175 4006 3454 4067 πλατείαις
3479 4005 3601 4063 ταῖς
3639 4000 3743 4052 πύ-

2157 4095 2276 4186 λαις
2309 4123 2374 4192 τῇ
2395 4113 2708 4188 ἀνθρωπίνῃ
2738 4110 2851 4179 ζωῇ
2873 4103 3269 4174 είσεκὼμασεν,
3298 4098 3392 4192 καὶ
3423 4099 3455 4166 ἡ
3468 4095 3741 4192 μαλακία,

2161 4217 2254 4270 καὶ
2285 4216 2314 4266 ὁ
2346 4187 2532 4278 τῦφος,
2585 4205 2680 4260 καὶ
2715 4204 2748 4272 ἡ
2778 4199 3063 4272 χαυνότης,
3097 4195 3190 4247 καὶ
3215 4194 3248 4262 ἡ
3279 4187 3559 4257 πολυειδὴς
3593 4188 3744 4278 ἀσω-

2162 4310 2268 4362 τία.
2308 4303 2491 4358 Ταῦτα
2510 4297 2615 4352 καὶ
2640 4295 2708 4347 τὰ
2729 4290 2970 4352 τοιαῦτα,
3005 4286 3193 4354 ὥσπερ
3218 4281 3362 4344 τινὲς
3390 4279 3502 4342 ὄζοι
3526 4278 3622 4331 καὶ
3653 4276 3746 4343 ξηο

493 4367 585 4387 ....,
940 4367 993 4377 ν-
1360 4367 1636 4390 ---,---.._,
1681 4367 1731 4375 ν-
1770 4367 2041 4375 πωπω.

493 4416 883 4484 multiplexque
923 4412 1164 4467 luxuria.
1201 4410 1327 4465 Haec
1354 4421 1408 4466 et
1442 4413 1634 4465 horum
1678 4411 1878 4466 similia
1904 4411 2033 4464 vitia

2169 4399 2324 4473 ρὰδες
2352 4394 2459 4448 τῶν
2496 4385 2806 4456 ἀναγκαίων
2836 4378 3034 4452 χρειῶν
3067 4373 3542 4484 παρεϐλάστησαν,
3564 4368 3659 4484 διὰ
3686 4367 3746 4476 τὸ

493 4513 552 4558 ιιι
584 4505 846 4568 stolones,
879 4512 973 4557 aut
997 4503 1135 4556 rami
1167 4503 1384 4572 quidam
1422 4504 1666 4567 inutiles,
1703 4510 1900 4573 praeter
1939 4503 2063 4556 vitae

495 4610 630 4649 usus
689 4594 1029 4647 necessarios
1079 4602 1485 4665 provenerunt,
1539 4593 1666 4647 dum
1720 4593 2066 4648 necessitatis

494 4684 762 4737 terminos
809 4682 1048 4736 transilit
1099 4685 1398 4753 appetitus,
1437 4683 1792 4751 hominesque
1825 4697 1933 4736 non
1969 4697 2068 4735 cu.

497 4785 619 4829 rant
659 4776 905 4830 honestis
952 4775 1151 4830 studiis
1195 4775 1437 4830 dilatari.
1487 4776 1630 4842 Quid
1678 4777 1822 4830 enim
1873 4775 2068 4830 alendo

497 4865 718 4933 corpori
769 4872 1000 4933 prosunt
1049 4873 1307 4936 argentea
1354 4881 1516 4931 vasa,
1555 4880 1690 4920 auro
1728 4866 2070 4936 gemmisque

499 4968 757 5027 tauquam
809 4958 1032 5013 ﬂoribus
1080 4957 1339 5012 distincta
1369 4967 1533 5029 atque
1560 4959 1865 5014 exornata?
1895 4958 2068 5024 Quem

503 5065 663 5105 usum
727 5049 960 5103 afferunt
1027 5057 1207 5103 vestes
1261 5049 1443 5103 aureis
1499 5052 1900 5121 purpureisque
1969 5051 2074 5105 ﬁlis

502 5151 791 5204 contextae,
825 5149 879 5195 et
909 5141 1057 5195 varia
1097 5143 1390 5196 elaborata:
1425 5143 1658 5211 pictura,
1707 5158 1814 5212 qua
1851 5151 1905 5196 et
1933 5159 2076 5213 proe-

503 5237 596 5298 lia,
627 5247 679 5288 et
723 5236 1060 5297 venationes,
1097 5245 1149 5288 et
1197 5236 1316 5289 alia:
1349 5250 1437 5288 res
1468 5233 1736 5303 ejusmodi
1773 5237 1826 5288 in
1875 5235 2076 5290 tunicis

505 5337 558 5379 et
600 5327 934 5382 indumentis
985 5326 1056 5380 ab
1109 5326 1413 5380 artiﬁcibus
1469 5325 1900 5380 describuntur?
1945 5326 2077 5392 Qua:

510 5417 728 5484 quidem
769 5418 985 5472 luxuria
1017 5433 1233 5486 semper
1265 5419 1549 5472 avaritiam
1590 5418 1844 5473 comitem
1894 5420 2075 5472 habet.

509 5508 643 5563 Nam
691 5520 747 5564 ut
783 5510 927 5564 vires
979 5510 1082 5565 sibi
1119 5511 1185 5565 ad
1226 5511 1339 5566 hare
1374 5522 1587 5581 parent,
1633 5527 1814 5568 rerum
1865 5512 2079 5582 cupita—

585 5692 605 5722 ⁸
633 5690 788 5746 Joau.
822 5706 901 5756 tu,
938 5691 1024 5745 50.

2163 4460 2453 4563 παρελθεῖν
2478 4482 2604 4544 τοὺς
2628 4481 2726 4549 τῆς
2751 4473 2938 4545 χρείας
2977 4471 3134 4563 δρους
3163 4462 3486 4563 τὴνδρεξιν,
3508 4460 3606 4563 καὶ
3634 4462 3746 4563 τοῖς

2165 4551 2258 4639 ἐπ’.
2274 4579 2447 4637 οὐδενὶ
2471 4573 2728 4646 χρησίμῳ
2771 4561 3228 4631 σπουδαζομένοις
3262 4551 3743 4609 ὲπιπλατύνεσθαι.

2165 4675 2231 4728 Τί
2281 4671 2390 4742 γάρ
2421 4642 2596 4722 κοινὸν
2629 4662 2740 4732 ἔχει
2773 4656 2910 4728 πρὸς
2939 4653 2999 4706 τὸ
3039 4646 3386 4742 τῆς-,τροφῆς
3412 4645 3684 4742 χρησιμον
3722 4642 3751 4693 ὁ

2166 4733 2456 4832 διάγλυιρος
2471 4759 2728 4828 ἄργυρος,
2747 4745 2953 4820 χρυσῷ,
2978 4741 3074 4797 καί
3103 4739 3272 4802 λίθοις
3293 4733 3749 4832 ὲπρινθιζόμενοςς

2173 4857 2240 4910 Ἢ
2269 4822 2416 4914 τίνος
2445 4822 2906 4919 χάρίννὲπεδεήθη
2956 4835 3018 4888 τὸ
3052 4832 3267 4902 ἱμάτιον
3287 4827 3380 4880 τοῦ
3418 4822 3625 4895 χρυσοῦ
3655 4823 3753 4890 νή-

2173 4964 2362 5022 ματος,
2385 4918 2480 4998 xei.
2500 4943 2597 5012 τῆς
2615 4934 2944 5022 εύανθούσης
2966 4923 3313 5022 πορφυρίδοςΪ
3338 4919 3432 5022 καὶ
3456 4918 3554 4988 τῆς
3577 4918 3751 5022 seu:

2169 5008 2332 5110 ἐικῆέ
2373 5008 2708 5105 ζωγράφίας,
2748 5025 2817 5078 δι’
2846 5019 2915 5095 ἦς
2948 5019 3193 5110 πόλεμοι,
3230 5014 3324 5110 καὶ
3351 5011 3533 5080 θῆρες⁹
3564 5008 3662 5110 κξιι
3688 5009 3754 5110 ιΞά

2170 5099 2397 5188 τοιαῦτα
2433 5128 2545 5188 τοῖς
2591 5118 2782 5192 χιτῶσί
2808 5132 2868 5168 τε
2895 5114 2988 5167 καὶ
3033 5111 3146 5171 τοῖς
3180 5105 3440 5174 ἐνδύμασι
3475 5101 3625 5169 παρά
3647 5099 3756 5152 τῶν

2181 5224 2513 5296 ὑφαινόντων
2547 5208 3054 5283 ὲνζωγραφοῦνται;
3079 5198 3173 5265 Οἷς
3196 5195 3557 5296 συμμαχοῦσα
3586 5194 3620 5263 ἡ
3660 5192 3757 5296 τῆς

2185 5279 2498 5378 πλεονεξίας
2545 5279 2746 5374 ἐνεφύη
2779 5302 2954 5361 νόσος.
2992 5295 3111 5347 ’Ὶνα
3163 5291 3270 5360 γὰρ
3295 5285 3590 5378 ἐπιτύχωσι
3626 5279 3758 5351 πρὲς

2183 5410 2357 5464 ταῦτα
2377 5397 2729 5475 παρασκευῆς
2751 5393 2844 5447 καὶ
2880 5387 3182 5456 δυνάμεως,
3210 5381 3308 5444 τὰς
3329 5379 3434 5432 τῶν
3466 5373 3758 5475 ἐπιθυμουζ

2193 5460 2364 5576 μένων
2399 5460 2528 5560 ὔλας
2563 5460 2712 5564 παρά
2764 5485 2862 5557 τῆς
2891 5477 3202 5546 πλεονεξίας
3237 5471 3564 5545 πορίζονται.
3617 5464 3680 5518 'll
3701 5460 3758 5516 δὲ
