  <div class='ocr_page' id='page_1' title='image "/cluster/home/n/w/nwhite01/storage/ocr_20150623/46/hvd.32044014713994/270.png"; bbox 0 0 3844 6388; ppageno 0'>
   <div class='ocr_carea' id='block_1_1' title="bbox 98 276 204 331">
    <p class='ocr_par' dir='ltr' id='par_1_1' title="bbox 98 276 204 331">
     <span class='ocr_line' id='line_1_1' title="bbox 98 276 204 331; baseline 0.009 -1"><span class='ocrx_word' id='word_1_1' title='bbox 98 276 204 331; x_wconf 73' lang='grc'><strong>529</strong></span> 
     </span>
    </p>
   </div>
   <div class='ocr_carea' id='block_1_2' title="bbox 1496 275 1953 332">
    <p class='ocr_par' dir='ltr' id='par_1_2' title="bbox 1496 275 1953 332">
     <span class='ocr_line' id='line_1_2' title="bbox 1496 275 1953 332; baseline 0.004 -3"><span class='ocrx_word' id='word_1_2' title='bbox 1496 276 1587 331; x_wconf 88' lang='lat' dir='ltr'><strong>DE</strong></span> <span class='ocrx_word' id='word_1_3' title='bbox 1624 275 1953 332; x_wconf 79' lang='lat' dir='ltr'><strong>MORTUIS.</strong></span> 
     </span>
    </p>
   </div>
   <div class='ocr_carea' id='block_1_3' title="bbox 3258 289 3361 343">
    <p class='ocr_par' dir='ltr' id='par_1_3' title="bbox 3258 289 3361 343">
     <span class='ocr_line' id='line_1_3' title="bbox 3258 289 3361 343; baseline -0.01 0"><span class='ocrx_word' id='word_1_4' title='bbox 3258 289 3361 343; x_wconf 71' lang='lat'><strong>530</strong></span> 
     </span>
    </p>
   </div>
   <div class='ocr_carea' id='block_1_4' title="bbox 98 392 1698 471">
    <p class='ocr_par' dir='ltr' id='par_1_4' title="bbox 98 392 1673 470">
     <span class='ocr_line' id='line_1_4' title="bbox 98 392 1673 470; baseline 0.004 -24"><span class='ocrx_word' id='word_1_5' title='bbox 98 392 383 457; x_wconf 77' lang='grc' dir='ltr'><strong>πλεονεξία</strong></span> <span class='ocrx_word' id='word_1_6' title='bbox 409 395 473 463; x_wconf 81' lang='grc' dir='ltr'><strong>τῇ</strong></span> <span class='ocrx_word' id='word_1_7' title='bbox 500 394 726 465; x_wconf 76' lang='grc' dir='ltr'><strong>ἀπιστίᾳ</strong></span> <span class='ocrx_word' id='word_1_8' title='bbox 764 396 863 465; x_wconf 86' lang='grc' dir='ltr'>τὴν</span> <span class='ocrx_word' id='word_1_9' title='bbox 890 396 1093 449; x_wconf 82' lang='grc' dir='ltr'>εἴσοδον</span> <span class='ocrx_word' id='word_1_10' title='bbox 1130 396 1359 466; x_wconf 78' lang='grc' dir='ltr'>ἤνοιξεν,</span> <span class='ocrx_word' id='word_1_11' title='bbox 1405 400 1523 470; x_wconf 75' lang='grc' dir='ltr'>ἥτις</span> <span class='ocrx_word' id='word_1_12' title='bbox 1558 401 1673 453; x_wconf 75' lang='grc' dir='ltr'>ἐστὶ</span> 
     </span>
    </p>
   </div>
   <div class='ocr_carea' id='block_1_5' title="bbox 1802 392 3363 471">
    <p class='ocr_par' dir='ltr' id='par_1_5' title="bbox 1802 399 3363 471">
     <span class='ocr_line' id='line_1_5' title="bbox 1802 399 3363 471; baseline 0.001 -20"><span class='ocrx_word' id='word_1_13' title='bbox 1802 414 1897 451; x_wconf 91' lang='lat' dir='ltr'><strong>um</strong></span> <span class='ocrx_word' id='word_1_14' title='bbox 1959 400 2243 453; x_wconf 76' lang='lat' dir='ltr'><strong>materiam</strong></span> <span class='ocrx_word' id='word_1_15' title='bbox 2300 399 2530 452; x_wconf 70' lang='lat' dir='ltr'><strong>avaritia</strong></span> <span class='ocrx_word' id='word_1_16' title='bbox 2577 400 2961 454; x_wconf 85' lang='lat' dir='ltr'><strong>subministrat</strong></span> <span class='ocrx_word' id='word_1_17' title='bbox 3005 420 3017 453; x_wconf 86' lang='lat'>:</span> <span class='ocrx_word' id='word_1_18' title='bbox 3062 401 3363 471; x_wconf 79' lang='lat' dir='ltr'><strong>eademque</strong></span> 
     </span>
    </p>
   </div>
   <div class='ocr_carea' id='block_1_6' title="bbox 100 488 1684 561">
    <p class='ocr_par' dir='ltr' id='par_1_6' title="bbox 100 488 1684 561">
     <span class='ocr_line' id='line_1_6' title="bbox 100 488 1684 561; baseline 0.002 -18"><span class='ocrx_word' id='word_1_19' title='bbox 100 490 242 543; x_wconf 80' lang='grc' dir='ltr'><strong>κατὰ</strong></span> <span class='ocrx_word' id='word_1_20' title='bbox 281 489 373 541; x_wconf 77' lang='grc' dir='ltr'><strong>τὸν</strong></span> <span class='ocrx_word' id='word_1_21' title='bbox 410 488 747 558; x_wconf 85' lang='grc' dir='ltr'>Σολομῶντα,</span> <span class='ocrx_word' id='word_1_22' title='bbox 796 490 825 541; x_wconf 99' lang='lat'><strong>6</strong></span> <span class='ocrx_word' id='word_1_23' title='bbox 860 491 1191 561; x_wconf 81' lang='grc' dir='ltr'><strong>τετρημένος</strong></span> <span class='ocrx_word' id='word_1_24' title='bbox 1235 492 1407 556; x_wconf 90' lang='grc' dir='ltr'>πίθος,</span> <span class='ocrx_word' id='word_1_25' title='bbox 1440 493 1527 546; x_wconf 80' lang='grc' dir='ltr'><strong>ἀεὶ</strong></span> <span class='ocrx_word' id='word_1_26' title='bbox 1572 495 1684 556; x_wconf 87' lang='grc' dir='ltr'>τοῖς</span> 
     </span>
    </p>
   </div>
   <div class='ocr_carea' id='block_1_7' title="bbox 98 579 1687 653">
    <p class='ocr_par' dir='ltr' id='par_1_7' title="bbox 98 579 1687 653">
     <span class='ocr_line' id='line_1_7' title="bbox 98 579 1687 653; baseline 0.002 -18"><span class='ocrx_word' id='word_1_27' title='bbox 98 579 433 635; x_wconf 84' lang='grc' dir='ltr'>ἁπαντλοῦσι</span> <span class='ocrx_word' id='word_1_28' title='bbox 469 580 692 643; x_wconf 83' lang='grc' dir='ltr'>λείπων,</span> <span class='ocrx_word' id='word_1_29' title='bbox 734 582 828 633; x_wconf 81' lang='grc' dir='ltr'>καὶ</span> <span class='ocrx_word' id='word_1_30' title='bbox 854 582 1006 645; x_wconf 83' lang='grc' dir='ltr'>κενὸς</span> <span class='ocrx_word' id='word_1_31' title='bbox 1041 582 1447 653; x_wconf 78' lang='grc' dir='ltr'>εὑρισκόμενος.</span> <span class='ocrx_word' id='word_1_32' title='bbox 1477 585 1687 639; x_wconf 79' lang='grc' dir='ltr'>Οὐκοῦν</span> 
     </span>
    </p>
   </div>
   <div class='ocr_carea' id='block_1_8' title="bbox 99 671 1687 751">
    <p class='ocr_par' dir='ltr' id='par_1_8' title="bbox 99 671 1687 751">
     <span class='ocr_line' id='line_1_8' title="bbox 99 671 1687 751; baseline 0.005 -26"><span class='ocrx_word' id='word_1_33' title='bbox 99 675 158 725; x_wconf 77' lang='grc' dir='ltr'><strong>οὐ</strong></span> <span class='ocrx_word' id='word_1_34' title='bbox 188 672 253 724; x_wconf 82' lang='grc' dir='ltr'>τὸ</span> <span class='ocrx_word' id='word_1_35' title='bbox 294 672 454 741; x_wconf 77' lang='grc' dir='ltr'>σῶμα</span> <span class='ocrx_word' id='word_1_36' title='bbox 480 671 580 735; x_wconf 78' lang='grc' dir='ltr'>τὰς</span> <span class='ocrx_word' id='word_1_37' title='bbox 608 671 716 725; x_wconf 86' lang='grc' dir='ltr'><strong>τῶν</strong></span> <span class='ocrx_word' id='word_1_38' title='bbox 748 673 934 727; x_wconf 83' lang='grc' dir='ltr'><strong>κακῶν</strong></span> <span class='ocrx_word' id='word_1_39' title='bbox 974 676 1249 747; x_wconf 80' lang='grc' dir='ltr'>ἀφορμὰς,</span> <span class='ocrx_word' id='word_1_40' title='bbox 1281 678 1453 749; x_wconf 71' lang='grc' dir='ltr'>ἀλλ’ἢ</span> <span class='ocrx_word' id='word_1_41' title='bbox 1490 679 1687 751; x_wconf 76' lang='grc' dir='ltr'>προαί‹</span> 
     </span>
    </p>
   </div>
   <div class='ocr_carea' id='block_1_9' title="bbox 104 762 1687 840">
    <p class='ocr_par' dir='ltr' id='par_1_9' title="bbox 104 762 1687 840">
     <span class='ocr_line' id='line_1_9' title="bbox 104 762 1687 840; baseline 0.006 -27"><span class='ocrx_word' id='word_1_42' title='bbox 104 779 254 833; x_wconf 85' lang='grc' dir='ltr'>ρεσις</span> <span class='ocrx_word' id='word_1_43' title='bbox 289 764 531 831; x_wconf 78' lang='grc' dir='ltr'>ἐμποιεῖ,</span> <span class='ocrx_word' id='word_1_44' title='bbox 576 762 667 816; x_wconf 79' lang='grc' dir='ltr'><strong>τὸν</strong></span> <span class='ocrx_word' id='word_1_45' title='bbox 718 764 922 817; x_wconf 83' lang='grc' dir='ltr'>σκοπὸν</span> <span class='ocrx_word' id='word_1_46' title='bbox 977 766 1078 835; x_wconf 81' lang='grc' dir='ltr'>τῆς</span> <span class='ocrx_word' id='word_1_47' title='bbox 1118 768 1307 837; x_wconf 79' lang='grc' dir='ltr'>χρείας</span> <span class='ocrx_word' id='word_1_48' title='bbox 1336 770 1417 832; x_wconf 88' lang='grc' dir='ltr'><strong>είς</strong></span> <span class='ocrx_word' id='word_1_49' title='bbox 1442 769 1539 840; x_wconf 81' lang='grc' dir='ltr'>τὴν</span> <span class='ocrx_word' id='word_1_50' title='bbox 1578 770 1687 823; x_wconf 87' lang='grc' dir='ltr'><strong>τῶν</strong></span> 
     </span>
    </p>
   </div>
   <div class='ocr_carea' id='block_1_10' title="bbox 104 854 1689 931">
    <p class='ocr_par' dir='ltr' id='par_1_10' title="bbox 104 854 1689 931">
     <span class='ocr_line' id='line_1_10' title="bbox 104 854 1689 931; baseline 0.006 -25"><span class='ocrx_word' id='word_1_51' title='bbox 104 854 324 906; x_wconf 82' lang='grc' dir='ltr'><strong>ἀτόπων</strong></span> <span class='ocrx_word' id='word_1_52' title='bbox 344 854 644 923; x_wconf 79' lang='grc' dir='ltr'><strong>ἐπιθυμίαν</strong></span> <span class='ocrx_word' id='word_1_53' title='bbox 660 856 1025 927; x_wconf 79' lang='grc' dir='ltr'>ἐκτρέπουσα.</span> <span class='ocrx_word' id='word_1_54' title='bbox 1056 859 1148 931; x_wconf 87' lang='grc' dir='ltr'><strong>Μὴ</strong></span> <span class='ocrx_word' id='word_1_55' title='bbox 1176 861 1356 915; x_wconf 82' lang='grc' dir='ltr'>τοίνυν</span> <span class='ocrx_word' id='word_1_56' title='bbox 1379 862 1689 927; x_wconf 79' lang='grc' dir='ltr'>κακιζέσθω</span> 
     </span>
    </p>
   </div>
   <div class='ocr_carea' id='block_1_11' title="bbox 105 946 1689 1024">
    <p class='ocr_par' dir='ltr' id='par_1_11' title="bbox 105 946 1689 1024">
     <span class='ocr_line' id='line_1_11' title="bbox 105 946 1689 1024; baseline 0.005 -24"><span class='ocrx_word' id='word_1_57' title='bbox 105 948 257 1018; x_wconf 76' lang='grc' dir='ltr'>παρὰ</span> <span class='ocrx_word' id='word_1_58' title='bbox 285 947 396 999; x_wconf 87' lang='grc' dir='ltr'><strong>τῶν</strong></span> <span class='ocrx_word' id='word_1_59' title='bbox 427 948 849 1019; x_wconf 84' lang='grc' dir='ltr'>ἀπερισκέπτων</span> <span class='ocrx_word' id='word_1_60' title='bbox 873 949 936 1003; x_wconf 81' lang='grc' dir='ltr'>τὸ</span> <span class='ocrx_word' id='word_1_61' title='bbox 974 951 1153 1021; x_wconf 87' lang='grc' dir='ltr'>σῶμα,</span> <span class='ocrx_word' id='word_1_62' title='bbox 1176 946 1220 1020; x_wconf 83' lang='grc' dir='ltr'>ᾧ</span> <span class='ocrx_word' id='word_1_63' title='bbox 1249 954 1384 1024; x_wconf 84' lang='grc' dir='ltr'>μετὰ</span> <span class='ocrx_word' id='word_1_64' title='bbox 1409 953 1581 1007; x_wconf 81' lang='grc' dir='ltr'>ταῦτα</span> <span class='ocrx_word' id='word_1_65' title='bbox 1602 954 1689 1008; x_wconf 87' lang='grc' dir='ltr'>διὰ</span> 
     </span>
    </p>
   </div>
   <div class='ocr_carea' id='block_1_12' title="bbox 104 1040 1691 1117">
    <p class='ocr_par' dir='ltr' id='par_1_12' title="bbox 104 1040 1691 1117">
     <span class='ocr_line' id='line_1_12' title="bbox 104 1040 1691 1117; baseline 0.005 -25"><span class='ocrx_word' id='word_1_66' title='bbox 104 1041 200 1110; x_wconf 84' lang='grc' dir='ltr'>τῆς</span> <span class='ocrx_word' id='word_1_67' title='bbox 231 1040 655 1108; x_wconf 79' lang='grc' dir='ltr'>παλιγγενεσίας</span> <span class='ocrx_word' id='word_1_68' title='bbox 679 1044 1378 1117; x_wconf 59' lang='grc' dir='ltr'>μεταστοιχειωθίντιςπρὸς</span> <span class='ocrx_word' id='word_1_69' title='bbox 1401 1047 1461 1100; x_wconf 81' lang='grc' dir='ltr'><strong>τὸ</strong></span> <span class='ocrx_word' id='word_1_70' title='bbox 1494 1048 1691 1101; x_wconf 84' lang='grc' dir='ltr'>θειότε-</span> 
     </span>
    </p>
   </div>
   <div class='ocr_carea' id='block_1_13' title="bbox 107 1133 1690 1211">
    <p class='ocr_par' dir='ltr' id='par_1_13' title="bbox 107 1133 1690 1211">
     <span class='ocr_line' id='line_1_13' title="bbox 107 1133 1690 1211; baseline 0.006 -26"><span class='ocrx_word' id='word_1_71' title='bbox 107 1151 199 1205; x_wconf 85' lang='grc' dir='ltr'><strong>ρον</strong></span> <span class='ocrx_word' id='word_1_72' title='bbox 223 1134 259 1203; x_wconf 86' lang='grc' dir='ltr'><strong>ἡ</strong></span> <span class='ocrx_word' id='word_1_73' title='bbox 310 1133 458 1204; x_wconf 79' lang='grc' dir='ltr'>ψυχὴ</span> <span class='ocrx_word' id='word_1_74' title='bbox 488 1134 909 1201; x_wconf 80' lang='grc' dir='ltr'>καλλωπίσεται,</span> <span class='ocrx_word' id='word_1_75' title='bbox 940 1137 1009 1190; x_wconf 82' lang='grc' dir='ltr'>τὰ</span> <span class='ocrx_word' id='word_1_76' title='bbox 1044 1139 1273 1209; x_wconf 83' lang='grc' dir='ltr'>περιττά</span> <span class='ocrx_word' id='word_1_77' title='bbox 1300 1156 1359 1192; x_wconf 88' lang='grc' dir='ltr'><strong>τε</strong></span> <span class='ocrx_word' id='word_1_78' title='bbox 1391 1140 1483 1194; x_wconf 74' lang='grc' dir='ltr'><strong>καὶ</strong></span> <span class='ocrx_word' id='word_1_79' title='bbox 1516 1141 1690 1211; x_wconf 84' lang='grc' dir='ltr'>ἀχρη-</span> 
     </span>
    </p>
   </div>
   <div class='ocr_carea' id='block_1_14' title="bbox 107 1226 1689 1305">
    <p class='ocr_par' dir='ltr' id='par_1_14' title="bbox 107 1226 1689 1305">
     <span class='ocr_line' id='line_1_14' title="bbox 107 1226 1689 1305; baseline 0.005 -27"><span class='ocrx_word' id='word_1_80' title='bbox 107 1242 227 1288; x_wconf 90' lang='grc' dir='ltr'>στα,</span> <span class='ocrx_word' id='word_1_81' title='bbox 253 1226 330 1289; x_wconf 85' lang='grc' dir='ltr'><strong>ὡς</strong></span> <span class='ocrx_word' id='word_1_82' title='bbox 356 1226 490 1296; x_wconf 80' lang='grc' dir='ltr'>πρὸς</span> <span class='ocrx_word' id='word_1_83' title='bbox 518 1226 617 1296; x_wconf 79' lang='grc' dir='ltr'><strong>τὴν</strong></span> <span class='ocrx_word' id='word_1_84' title='bbox 643 1227 941 1282; x_wconf 81' lang='grc' dir='ltr'>ἀπόλαυσιν</span> <span class='ocrx_word' id='word_1_85' title='bbox 962 1230 1063 1300; x_wconf 84' lang='grc' dir='ltr'>τῆς</span> <span class='ocrx_word' id='word_1_86' title='bbox 1089 1231 1387 1303; x_wconf 76' lang='grc' dir='ltr'>μελλούσης</span> <span class='ocrx_word' id='word_1_87' title='bbox 1404 1233 1568 1305; x_wconf 77' lang='grc' dir='ltr'>ζωῆς,</span> <span class='ocrx_word' id='word_1_88' title='bbox 1594 1233 1689 1286; x_wconf 81' lang='grc' dir='ltr'>τοῦ</span> 
     </span>
    </p>
   </div>
   <div class='ocr_carea' id='block_1_15' title="bbox 106 1316 1691 1391">
    <p class='ocr_par' dir='ltr' id='par_1_15' title="bbox 106 1316 1691 1391">
     <span class='ocr_line' id='line_1_15' title="bbox 106 1316 1691 1391; baseline 0.004 -24"><span class='ocrx_word' id='word_1_89' title='bbox 106 1316 337 1369; x_wconf 81' lang='grc' dir='ltr'>Θανάτου</span> <span class='ocrx_word' id='word_1_90' title='bbox 383 1316 854 1386; x_wconf 82' lang='grc' dir='ltr'>ἀποκαθάραντος.</span> <span class='ocrx_word' id='word_1_91' title='bbox 884 1318 958 1371; x_wconf 83' lang='grc' dir='ltr'><strong>Οὐ</strong></span> <span class='ocrx_word' id='word_1_92' title='bbox 990 1320 1097 1390; x_wconf 82' lang='grc' dir='ltr'>γὰρ</span> <span class='ocrx_word' id='word_1_93' title='bbox 1126 1320 1262 1391; x_wconf 79' lang='grc' dir='ltr'>πρὸς</span> <span class='ocrx_word' id='word_1_94' title='bbox 1310 1319 1347 1373; x_wconf 79' lang='grc' dir='ltr'>ἂ</span> <span class='ocrx_word' id='word_1_95' title='bbox 1380 1321 1473 1373; x_wconf 83' lang='grc' dir='ltr'>νῦν</span> <span class='ocrx_word' id='word_1_96' title='bbox 1503 1322 1691 1390; x_wconf 83' lang='grc' dir='ltr'>ἐπιτη-</span> 
     </span>
    </p>
   </div>
   <div class='ocr_carea' id='block_1_16' title="bbox 104 1408 1691 1486">
    <p class='ocr_par' dir='ltr' id='par_1_16' title="bbox 104 1408 1691 1486">
     <span class='ocr_line' id='line_1_16' title="bbox 104 1408 1691 1486; baseline 0.006 -27"><span class='ocrx_word' id='word_1_97' title='bbox 104 1408 262 1471; x_wconf 80' lang='grc' dir='ltr'>δείως</span> <span class='ocrx_word' id='word_1_98' title='bbox 286 1408 421 1478; x_wconf 79' lang='grc' dir='ltr'>ἔχει,</span> <span class='ocrx_word' id='word_1_99' title='bbox 453 1408 522 1461; x_wconf 77' lang='grc' dir='ltr'>τὰ</span> <span class='ocrx_word' id='word_1_100' title='bbox 551 1408 691 1462; x_wconf 75' lang='grc' dir='ltr'>αὐτὰ.</span> <span class='ocrx_word' id='word_1_101' title='bbox 729 1410 823 1463; x_wconf 74' lang='grc' dir='ltr'><strong>καὶ</strong></span> <span class='ocrx_word' id='word_1_102' title='bbox 845 1412 903 1464; x_wconf 82' lang='grc' dir='ltr'>ὲν</span> <span class='ocrx_word' id='word_1_103' title='bbox 935 1411 1013 1482; x_wconf 83' lang='grc' dir='ltr'>τῷ</span> <span class='ocrx_word' id='word_1_104' title='bbox 1040 1413 1177 1481; x_wconf 78' lang='grc' dir='ltr'>μετὰ</span> <span class='ocrx_word' id='word_1_105' title='bbox 1201 1413 1372 1467; x_wconf 79' lang='grc' dir='ltr'>ταῦτα</span> <span class='ocrx_word' id='word_1_106' title='bbox 1392 1415 1691 1486; x_wconf 76' lang='grc' dir='ltr'>χρησιμεύο</span> 
     </span>
    </p>
   </div>
   <div class='ocr_carea' id='block_1_17' title="bbox 106 1500 1695 1581">
    <p class='ocr_par' dir='ltr' id='par_1_17' title="bbox 106 1500 1695 1581">
     <span class='ocr_line' id='line_1_17' title="bbox 106 1500 1695 1581; baseline 0.006 -28"><span class='ocrx_word' id='word_1_107' title='bbox 106 1518 185 1553; x_wconf 83' lang='grc' dir='ltr'><strong>σει</strong></span> <span class='ocrx_word' id='word_1_108' title='bbox 218 1500 342 1571; x_wconf 80' lang='grc' dir='ltr'>βίῳ,</span> <span class='ocrx_word' id='word_1_109' title='bbox 378 1501 494 1555; x_wconf 86' lang='grc' dir='ltr'>ἀλλ’</span> <span class='ocrx_word' id='word_1_110' title='bbox 521 1504 694 1556; x_wconf 76' lang='grc' dir='ltr'>οἰκεία</span> <span class='ocrx_word' id='word_1_111' title='bbox 729 1506 823 1557; x_wconf 76' lang='grc' dir='ltr'><strong>καὶ</strong></span> <span class='ocrx_word' id='word_1_112' title='bbox 846 1504 1181 1577; x_wconf 84' lang='grc' dir='ltr'>κατάλληλος</span> <span class='ocrx_word' id='word_1_113' title='bbox 1198 1507 1349 1562; x_wconf 73' lang='grc' dir='ltr'>ἔσται</span> <span class='ocrx_word' id='word_1_114' title='bbox 1370 1513 1435 1581; x_wconf 85' lang='grc' dir='ltr'>τῇ</span> <span class='ocrx_word' id='word_1_115' title='bbox 1463 1510 1695 1563; x_wconf 82' lang='grc' dir='ltr'>ἀπολαύ-</span> 
     </span>
    </p>
   </div>
   <div class='ocr_carea' id='block_1_18' title="bbox 106 1592 1694 1673">
    <p class='ocr_par' dir='ltr' id='par_1_18' title="bbox 106 1592 1694 1673">
     <span class='ocr_line' id='line_1_18' title="bbox 106 1592 1694 1673; baseline 0.006 -28"><span class='ocrx_word' id='word_1_116' title='bbox 106 1610 187 1646; x_wconf 89' lang='grc' dir='ltr'><strong>σει</strong></span> <span class='ocrx_word' id='word_1_117' title='bbox 214 1594 317 1663; x_wconf 79' lang='grc' dir='ltr'>τῆς</span> <span class='ocrx_word' id='word_1_118' title='bbox 350 1592 498 1663; x_wconf 81' lang='grc' dir='ltr'>ζωῆς</span> <span class='ocrx_word' id='word_1_119' title='bbox 536 1594 751 1667; x_wconf 78' lang='grc' dir='ltr'>ἐκείνης</span> <span class='ocrx_word' id='word_1_120' title='bbox 799 1598 831 1667; x_wconf 80' lang='grc' dir='ltr'><strong>ἡ</strong></span> <span class='ocrx_word' id='word_1_121' title='bbox 879 1596 975 1650; x_wconf 82' lang='grc' dir='ltr'>τοῦ</span> <span class='ocrx_word' id='word_1_122' title='bbox 1019 1600 1269 1669; x_wconf 87' lang='grc' dir='ltr'>σώματος</span> <span class='ocrx_word' id='word_1_123' title='bbox 1316 1601 1473 1672; x_wconf 83' lang='grc' dir='ltr'>ἡμῶν</span> <span class='ocrx_word' id='word_1_124' title='bbox 1516 1619 1694 1673; x_wconf 85' lang='grc' dir='ltr'>παρα-</span> 
     </span>
    </p>
   </div>
   <div class='ocr_carea' id='block_1_19' title="bbox 106 1684 1695 1762">
    <p class='ocr_par' dir='ltr' id='par_1_19' title="bbox 106 1684 1695 1762">
     <span class='ocr_line' id='line_1_19' title="bbox 106 1684 1695 1762; baseline 0.006 -25"><span class='ocrx_word' id='word_1_125' title='bbox 106 1684 298 1755; x_wconf 81' lang='grc' dir='ltr'>σκευὴ,</span> <span class='ocrx_word' id='word_1_126' title='bbox 323 1685 598 1756; x_wconf 82' lang='grc' dir='ltr'>ἁρμοδίως</span> <span class='ocrx_word' id='word_1_127' title='bbox 631 1687 764 1758; x_wconf 85' lang='grc' dir='ltr'>πρὸς</span> <span class='ocrx_word' id='word_1_128' title='bbox 783 1689 881 1757; x_wconf 83' lang='grc' dir='ltr'><strong>τὴν</strong></span> <span class='ocrx_word' id='word_1_129' title='bbox 909 1688 1018 1742; x_wconf 87' lang='grc' dir='ltr'><strong>τῶν</strong></span> <span class='ocrx_word' id='word_1_130' title='bbox 1031 1690 1248 1759; x_wconf 80' lang='grc' dir='ltr'>ἀγαθῶν</span> <span class='ocrx_word' id='word_1_131' title='bbox 1269 1693 1553 1762; x_wconf 87' lang='grc' dir='ltr'>μετουσίαν</span> <span class='ocrx_word' id='word_1_132' title='bbox 1581 1695 1695 1746; x_wconf 65' lang='grc' dir='ltr'>διααι</span> 
     </span>
    </p>
   </div>
   <div class='ocr_carea' id='block_1_20' title="bbox 1786 489 3363 560">
    <p class='ocr_par' dir='ltr' id='par_1_20' title="bbox 1786 489 3363 560">
     <span class='ocr_line' id='line_1_20' title="bbox 1786 489 3363 560; baseline 0.003 -19"><span class='ocrx_word' id='word_1_133' title='bbox 1786 489 2015 543; x_wconf 88' lang='lat' dir='ltr'><strong>avaritia</strong></span> <span class='ocrx_word' id='word_1_134' title='bbox 2064 490 2367 544; x_wconf 84' lang='lat' dir='ltr'><strong>infidelitati</strong></span> <span class='ocrx_word' id='word_1_135' title='bbox 2402 490 2605 543; x_wconf 78' lang='lat' dir='ltr'><strong>aditum</strong></span> <span class='ocrx_word' id='word_1_136' title='bbox 2641 492 2900 560; x_wconf 91' lang='lat' dir='ltr'><strong>patefacit</strong></span> <span class='ocrx_word' id='word_1_137' title='bbox 2930 510 2943 545; x_wconf 88' lang='lat'><strong>:</strong></span> <span class='ocrx_word' id='word_1_138' title='bbox 2968 501 3052 546; x_wconf 90' lang='lat' dir='ltr'><strong>est</strong></span> <span class='ocrx_word' id='word_1_139' title='bbox 3094 494 3263 556; x_wconf 92' lang='lat' dir='ltr'><strong>enim,</strong></span> <span class='ocrx_word' id='word_1_140' title='bbox 3308 504 3363 546; x_wconf 87' lang='grc' dir='ltr'><strong>ιιι</strong></span> 
     </span>
    </p>
   </div>
   <div class='ocr_carea' id='block_1_21' title="bbox 1787 578 3364 655">
    <p class='ocr_par' dir='ltr' id='par_1_21' title="bbox 1787 578 3364 655">
     <span class='ocr_line' id='line_1_21' title="bbox 1787 578 3364 655; baseline 0.003 -22"><span class='ocrx_word' id='word_1_141' title='bbox 1787 579 1863 633; x_wconf 89' lang='lat' dir='ltr'><strong>ait</strong></span> <span class='ocrx_word' id='word_1_142' title='bbox 1891 578 2214 643; x_wconf 66' lang='lat' dir='ltr'><strong>Solomon”,</strong></span> <span class='ocrx_word' id='word_1_143' title='bbox 2257 580 2465 635; x_wconf 91' lang='lat' dir='ltr'><strong>dolium</strong></span> <span class='ocrx_word' id='word_1_144' title='bbox 2505 589 2811 650; x_wconf 89' lang='lat' dir='ltr'><strong>pertusum,</strong></span> <span class='ocrx_word' id='word_1_145' title='bbox 2845 584 2990 652; x_wconf 83' lang='lat' dir='ltr'><strong>quod</strong></span> <span class='ocrx_word' id='word_1_146' title='bbox 3026 583 3118 655; x_wconf 90' lang='lat' dir='ltr'><strong>qui</strong></span> <span class='ocrx_word' id='word_1_147' title='bbox 3157 600 3364 638; x_wconf 91' lang='lat' dir='ltr'><strong>conan-</strong></span> 
     </span>
    </p>
   </div>
   <div class='ocr_carea' id='block_1_22' title="bbox 1786 671 3362 745">
    <p class='ocr_par' dir='ltr' id='par_1_22' title="bbox 1786 671 3362 745">
     <span class='ocr_line' id='line_1_22' title="bbox 1786 671 3362 745; baseline 0.002 -21"><span class='ocrx_word' id='word_1_148' title='bbox 1786 679 1877 724; x_wconf 88' lang='lat' dir='ltr'><strong>tur</strong></span> <span class='ocrx_word' id='word_1_149' title='bbox 1923 671 2168 742; x_wconf 90' lang='lat' dir='ltr'><strong>implere,</strong></span> <span class='ocrx_word' id='word_1_150' title='bbox 2205 671 2411 727; x_wconf 81' lang='lat' dir='ltr'><strong>frustra</strong></span> <span class='ocrx_word' id='word_1_151' title='bbox 2458 672 2728 739; x_wconf 90' lang='lat' dir='ltr'><strong>laborant,</strong></span> <span class='ocrx_word' id='word_1_152' title='bbox 2774 683 2827 728; x_wconf 92' lang='lat' dir='ltr'><strong>et</strong></span> <span class='ocrx_word' id='word_1_153' title='bbox 2872 690 3104 729; x_wconf 88' lang='lat' dir='ltr'><strong>vacuum</strong></span> <span class='ocrx_word' id='word_1_154' title='bbox 3146 692 3362 745; x_wconf 86' lang='lat' dir='ltr'><strong>semper</strong></span> 
     </span>
    </p>
   </div>
   <div class='ocr_carea' id='block_1_23' title="bbox 1788 762 3359 835">
    <p class='ocr_par' dir='ltr' id='par_1_23' title="bbox 1788 762 3359 835">
     <span class='ocr_line' id='line_1_23' title="bbox 1788 762 3359 835; baseline 0.003 -19"><span class='ocrx_word' id='word_1_155' title='bbox 1788 762 2093 819; x_wconf 86' lang='lat' dir='ltr'><strong>inveniunt.</strong></span> <span class='ocrx_word' id='word_1_156' title='bbox 2117 764 2332 833; x_wconf 89' lang='lat' dir='ltr'><strong>Corpus</strong></span> <span class='ocrx_word' id='word_1_157' title='bbox 2358 780 2491 835; x_wconf 85' lang='lat' dir='ltr'><strong>ergo</strong></span> <span class='ocrx_word' id='word_1_158' title='bbox 2520 780 2629 819; x_wconf 89' lang='lat' dir='ltr'><strong>non</strong></span> <span class='ocrx_word' id='word_1_159' title='bbox 2659 765 2815 819; x_wconf 74' lang='lat' dir='ltr'><strong>affert</strong></span> <span class='ocrx_word' id='word_1_160' title='bbox 2842 768 3105 821; x_wconf 85' lang='lat' dir='ltr'><strong>malorum</strong></span> <span class='ocrx_word' id='word_1_161' title='bbox 3139 783 3359 827; x_wconf 84' lang='lat' dir='ltr'><strong>causas,</strong></span> 
     </span>
    </p>
   </div>
   <div class='ocr_carea' id='block_1_24' title="bbox 1789 854 3361 926">
    <p class='ocr_par' dir='ltr' id='par_1_24' title="bbox 1789 854 3361 926">
     <span class='ocr_line' id='line_1_24' title="bbox 1789 854 3361 926; baseline 0.002 -17"><span class='ocrx_word' id='word_1_162' title='bbox 1789 854 1885 909; x_wconf 91' lang='lat' dir='ltr'><strong>sed</strong></span> <span class='ocrx_word' id='word_1_163' title='bbox 1948 855 2069 925; x_wconf 89' lang='lat' dir='ltr'><strong>ipsa</strong></span> <span class='ocrx_word' id='word_1_164' title='bbox 2122 857 2407 922; x_wconf 84' lang='lat' dir='ltr'><strong>voluntas,</strong></span> <span class='ocrx_word' id='word_1_165' title='bbox 2467 872 2589 926; x_wconf 70' lang='lat' dir='ltr'><strong>qua:</strong></span> <span class='ocrx_word' id='word_1_166' title='bbox 2645 860 3018 913; x_wconf 90' lang='lat' dir='ltr'><strong>necessarium</strong></span> <span class='ocrx_word' id='word_1_167' title='bbox 3071 875 3231 914; x_wconf 89' lang='lat' dir='ltr'><strong>usum</strong></span> <span class='ocrx_word' id='word_1_168' title='bbox 3294 861 3361 913; x_wconf 88' lang='lat' dir='ltr'><strong>ad</strong></span> 
     </span>
    </p>
   </div>
   <div class='ocr_carea' id='block_1_25' title="bbox 1789 947 3364 1019">
    <p class='ocr_par' dir='ltr' id='par_1_25' title="bbox 1789 947 3364 1019">
     <span class='ocr_line' id='line_1_25' title="bbox 1789 947 3364 1019; baseline 0.002 -18"><span class='ocrx_word' id='word_1_169' title='bbox 1789 947 2057 1002; x_wconf 89' lang='lat' dir='ltr'><strong>absurdas</strong></span> <span class='ocrx_word' id='word_1_170' title='bbox 2103 957 2158 1003; x_wconf 90' lang='lat' dir='ltr'><strong>et</strong></span> <span class='ocrx_word' id='word_1_171' title='bbox 2201 949 2425 1005; x_wconf 88' lang='lat' dir='ltr'><strong>inutiles</strong></span> <span class='ocrx_word' id='word_1_172' title='bbox 2474 950 2801 1019; x_wconf 85' lang='lat' dir='ltr'><strong>cupiditates</strong></span> <span class='ocrx_word' id='word_1_173' title='bbox 2839 952 3149 1019; x_wconf 76' lang='lat' dir='ltr'><strong>detorquet.</strong></span> <span class='ocrx_word' id='word_1_174' title='bbox 3195 950 3364 1006; x_wconf 84' lang='lat' dir='ltr'><strong>Nemo</strong></span> 
     </span>
    </p>
   </div>
   <div class='ocr_carea' id='block_1_26' title="bbox 1790 1038 3365 1109">
    <p class='ocr_par' dir='ltr' id='par_1_26' title="bbox 1790 1038 3365 1109">
     <span class='ocr_line' id='line_1_26' title="bbox 1790 1038 3365 1109; baseline 0.002 -18"><span class='ocrx_word' id='word_1_175' title='bbox 1790 1038 1958 1109; x_wconf 80' lang='lat' dir='ltr'><strong>igitur</strong></span> <span class='ocrx_word' id='word_1_176' title='bbox 2015 1048 2219 1095; x_wconf 87' lang='lat' dir='ltr'><strong>temere</strong></span> <span class='ocrx_word' id='word_1_177' title='bbox 2265 1050 2321 1095; x_wconf 91' lang='lat' dir='ltr'><strong>et</strong></span> <span class='ocrx_word' id='word_1_178' title='bbox 2370 1041 2778 1096; x_wconf 86' lang='lat' dir='ltr'><strong>inconsiderate</strong></span> <span class='ocrx_word' id='word_1_179' title='bbox 2835 1053 3084 1097; x_wconf 88' lang='lat' dir='ltr'><strong>nostrum</strong></span> <span class='ocrx_word' id='word_1_180' title='bbox 3146 1050 3365 1097; x_wconf 88' lang='lat' dir='ltr'><strong>accuset</strong></span> 
     </span>
    </p>
   </div>
   <div class='ocr_carea' id='block_1_27' title="bbox 1789 1133 3361 1203">
    <p class='ocr_par' dir='ltr' id='par_1_27' title="bbox 1789 1133 3361 1203">
     <span class='ocr_line' id='line_1_27' title="bbox 1789 1133 3361 1203; baseline 0 -19"><span class='ocrx_word' id='word_1_181' title='bbox 1789 1145 2009 1200; x_wconf 88' lang='lat' dir='ltr'><strong>corpus,</strong></span> <span class='ocrx_word' id='word_1_182' title='bbox 2053 1147 2162 1201; x_wconf 92' lang='lat' dir='ltr'><strong>quo</strong></span> <span class='ocrx_word' id='word_1_183' title='bbox 2195 1141 2383 1202; x_wconf 91' lang='lat' dir='ltr'><strong>postea</strong></span> <span class='ocrx_word' id='word_1_184' title='bbox 2416 1149 2513 1203; x_wconf 89' lang='lat' dir='ltr'><strong>per</strong></span> <span class='ocrx_word' id='word_1_185' title='bbox 2557 1135 3026 1203; x_wconf 80' lang='lat' dir='ltr'><strong>regenerationem</strong></span> <span class='ocrx_word' id='word_1_186' title='bbox 3075 1133 3130 1187; x_wconf 91' lang='lat' dir='ltr'><strong>in</strong></span> <span class='ocrx_word' id='word_1_187' title='bbox 3162 1141 3361 1187; x_wconf 89' lang='lat' dir='ltr'><strong>statum</strong></span> 
     </span>
    </p>
   </div>
   <div class='ocr_carea' id='block_1_28' title="bbox 1791 1220 3366 1286">
    <p class='ocr_par' dir='ltr' id='par_1_28' title="bbox 1791 1220 3366 1286">
     <span class='ocr_line' id='line_1_28' title="bbox 1791 1220 3366 1286; baseline 0.001 -13"><span class='ocrx_word' id='word_1_188' title='bbox 1791 1220 2118 1276; x_wconf 86' lang='lat' dir='ltr'><strong>diviniorem</strong></span> <span class='ocrx_word' id='word_1_189' title='bbox 2143 1232 2476 1277; x_wconf 89' lang='lat' dir='ltr'><strong>commutato</strong></span> <span class='ocrx_word' id='word_1_190' title='bbox 2500 1224 2715 1279; x_wconf 90' lang='lat' dir='ltr'><strong>animus</strong></span> <span class='ocrx_word' id='word_1_191' title='bbox 2740 1222 3115 1286; x_wconf 88' lang='lat' dir='ltr'><strong>deeorabitur,</strong></span> <span class='ocrx_word' id='word_1_192' title='bbox 3150 1238 3273 1276; x_wconf 93' lang='lat' dir='ltr'><strong>eum</strong></span> <span class='ocrx_word' id='word_1_193' title='bbox 3298 1224 3366 1276; x_wconf 87' lang='lat' dir='ltr'><strong>ab</strong></span> 
     </span>
    </p>
   </div>
   <div class='ocr_carea' id='block_1_29' title="bbox 1792 1314 3367 1386">
    <p class='ocr_par' dir='ltr' id='par_1_29' title="bbox 1792 1314 3367 1386">
     <span class='ocr_line' id='line_1_29' title="bbox 1792 1314 3367 1386; baseline -0.001 -18"><span class='ocrx_word' id='word_1_194' title='bbox 1792 1314 2081 1369; x_wconf 92' lang='lat' dir='ltr'><strong>inutilibus</strong></span> <span class='ocrx_word' id='word_1_195' title='bbox 2127 1314 2260 1369; x_wconf 92' lang='lat' dir='ltr'><strong>illud</strong></span> <span class='ocrx_word' id='word_1_196' title='bbox 2298 1323 2352 1370; x_wconf 90' lang='lat' dir='ltr'><strong>et</strong></span> <span class='ocrx_word' id='word_1_197' title='bbox 2402 1316 2829 1386; x_wconf 85' lang='lat' dir='ltr'><strong>supervacaneis</strong></span> <span class='ocrx_word' id='word_1_198' title='bbox 2878 1316 3133 1370; x_wconf 83' lang='lat' dir='ltr'><strong>sordibus</strong></span> <span class='ocrx_word' id='word_1_199' title='bbox 3180 1324 3234 1369; x_wconf 89' lang='lat' dir='ltr'><strong>et</strong></span> <span class='ocrx_word' id='word_1_200' title='bbox 3282 1316 3367 1367; x_wconf 90' lang='lat' dir='ltr'><strong>in-</strong></span> 
     </span>
    </p>
   </div>
   <div class='ocr_carea' id='block_1_30' title="bbox 1794 1404 3368 1477">
    <p class='ocr_par' dir='ltr' id='par_1_30' title="bbox 1794 1404 3368 1477">
     <span class='ocr_line' id='line_1_30' title="bbox 1794 1404 3368 1477; baseline 0 -20"><span class='ocrx_word' id='word_1_201' title='bbox 1794 1404 2103 1460; x_wconf 88' lang='lat' dir='ltr'><strong>eommodis</strong></span> <span class='ocrx_word' id='word_1_202' title='bbox 2151 1421 2302 1462; x_wconf 91' lang='lat' dir='ltr'><strong>mors</strong></span> <span class='ocrx_word' id='word_1_203' title='bbox 2340 1408 2746 1477; x_wconf 80' lang='lat' dir='ltr'><strong>expurgaverit,</strong></span> <span class='ocrx_word' id='word_1_204' title='bbox 2781 1415 2840 1459; x_wconf 93' lang='lat' dir='ltr'><strong>ut</strong></span> <span class='ocrx_word' id='word_1_205' title='bbox 2872 1406 2985 1459; x_wconf 84' lang='lat' dir='ltr'><strong>vita</strong></span> <span class='ocrx_word' id='word_1_206' title='bbox 3032 1406 3215 1460; x_wconf 89' lang='lat' dir='ltr'><strong>futura</strong></span> <span class='ocrx_word' id='word_1_207' title='bbox 3245 1420 3368 1474; x_wconf 88' lang='lat' dir='ltr'><strong>pcr-</strong></span> 
     </span>
    </p>
   </div>
   <div class='ocr_carea' id='block_1_31' title="bbox 1796 1484 3367 1572">
    <p class='ocr_par' dir='ltr' id='par_1_31' title="bbox 1796 1484 3367 1572">
     <span class='ocr_line' id='line_1_31' title="bbox 1796 1484 3367 1572; baseline 0.002 -21"><span class='ocrx_word' id='word_1_208' title='bbox 1796 1496 2027 1551; x_wconf 90' lang='lat' dir='ltr'><strong>fruatur.</strong></span> <span class='ocrx_word' id='word_1_209' title='bbox 2071 1497 2206 1553; x_wconf 81' lang='lat' dir='ltr'><strong>Nam</strong></span> <span class='ocrx_word' id='word_1_210' title='bbox 2244 1516 2364 1569; x_wconf 71' lang='lat' dir='ltr'><strong>qua:</strong></span> <span class='ocrx_word' id='word_1_211' title='bbox 2397 1500 2476 1554; x_wconf 94' lang='lat' dir='ltr'><strong>illi</strong></span> <span class='ocrx_word' id='word_1_212' title='bbox 2520 1484 2669 1556; x_wconf 90' lang='lat' dir='ltr'><strong>nunc</strong></span> <span class='ocrx_word' id='word_1_213' title='bbox 2700 1502 3057 1572; x_wconf 80' lang='lat' dir='ltr'><strong>congruentia</strong></span> <span class='ocrx_word' id='word_1_214' title='bbox 3114 1508 3262 1564; x_wconf 91' lang='lat' dir='ltr'><strong>sunt,</strong></span> <span class='ocrx_word' id='word_1_215' title='bbox 3300 1500 3367 1554; x_wconf 87' lang='lat' dir='ltr'><strong>iis</strong></span> 
     </span>
    </p>
   </div>
   <div class='ocr_carea' id='block_1_32' title="bbox 1797 1590 3369 1661">
    <p class='ocr_par' dir='ltr' id='par_1_32' title="bbox 1797 1590 3369 1661">
     <span class='ocr_line' id='line_1_32' title="bbox 1797 1590 3369 1661; baseline 0.002 -20"><span class='ocrx_word' id='word_1_216' title='bbox 1797 1605 1904 1642; x_wconf 89' lang='lat' dir='ltr'><strong>non</strong></span> <span class='ocrx_word' id='word_1_217' title='bbox 1939 1596 2123 1643; x_wconf 90' lang='lat' dir='ltr'><strong>utetur</strong></span> <span class='ocrx_word' id='word_1_218' title='bbox 2165 1590 2220 1643; x_wconf 90' lang='lat' dir='ltr'><strong>in</strong></span> <span class='ocrx_word' id='word_1_219' title='bbox 2256 1592 2428 1646; x_wconf 89' lang='lat' dir='ltr'><strong>altera</strong></span> <span class='ocrx_word' id='word_1_220' title='bbox 2459 1592 2588 1656; x_wconf 73' lang='lat' dir='ltr'><strong>vita,</strong></span> <span class='ocrx_word' id='word_1_221' title='bbox 2644 1592 2711 1646; x_wconf 89' lang='lat' dir='ltr'><strong>ad</strong></span> <span class='ocrx_word' id='word_1_222' title='bbox 2758 1593 2919 1661; x_wconf 87' lang='lat' dir='ltr'><strong>cujus</strong></span> <span class='ocrx_word' id='word_1_223' title='bbox 2953 1592 3177 1647; x_wconf 89' lang='lat' dir='ltr'><strong>fruenda</strong></span> <span class='ocrx_word' id='word_1_224' title='bbox 3226 1592 3369 1645; x_wconf 89' lang='lat' dir='ltr'><strong>bona</strong></span> 
     </span>
    </p>
   </div>
   <div class='ocr_carea' id='block_1_33' title="bbox 1801 1680 3368 1753">
    <p class='ocr_par' dir='ltr' id='par_1_33' title="bbox 1801 1680 3368 1753">
     <span class='ocr_line' id='line_1_33' title="bbox 1801 1680 3368 1753; baseline 0.001 -20"><span class='ocrx_word' id='word_1_225' title='bbox 1801 1680 1888 1734; x_wconf 89' lang='lat' dir='ltr'><strong>fiet</strong></span> <span class='ocrx_word' id='word_1_226' title='bbox 1921 1689 2047 1751; x_wconf 88' lang='lat' dir='ltr'><strong>apta</strong></span> <span class='ocrx_word' id='word_1_227' title='bbox 2094 1682 2615 1752; x_wconf 88' lang='lat' dir='ltr'><strong>accommodataque</strong></span> <span class='ocrx_word' id='word_1_228' title='bbox 2648 1685 2895 1753; x_wconf 88' lang='lat' dir='ltr'><strong>corporis</strong></span> <span class='ocrx_word' id='word_1_229' title='bbox 2943 1684 3115 1738; x_wconf 89' lang='lat' dir='ltr'><strong>nostri</strong></span> <span class='ocrx_word' id='word_1_230' title='bbox 3158 1684 3368 1736; x_wconf 74' lang='lat' dir='ltr'><strong>consti-</strong></span> 
     </span>
    </p>
   </div>
   <div class='ocr_carea' id='block_1_34' title="bbox 105 1759 1698 1854">
    <p class='ocr_par' dir='ltr' id='par_1_34' title="bbox 105 1759 1692 1854">
     <span class='ocr_line' id='line_1_34' title="bbox 105 1759 1692 1854; baseline 0.005 -24"><span class='ocrx_word' id='word_1_231' title='bbox 105 1777 344 1830; x_wconf 79' lang='grc' dir='ltr'>τεθεῖσα.</span> <span class='ocrx_word' id='word_1_232' title='bbox 371 1773 497 1831; x_wconf 76' lang='grc' dir='ltr'>Οἴόν</span> <span class='ocrx_word' id='word_1_233' title='bbox 512 1795 566 1832; x_wconf 91' lang='grc' dir='ltr'><strong>τι</strong></span> <span class='ocrx_word' id='word_1_234' title='bbox 583 1778 728 1846; x_wconf 80' lang='grc' dir='ltr'>λέγω</span> <span class='ocrx_word' id='word_1_235' title='bbox 768 1782 1042 1851; x_wconf 85' lang='grc' dir='ltr'>(κρεῖττον</span> <span class='ocrx_word' id='word_1_236' title='bbox 1072 1782 1179 1852; x_wconf 78' lang='grc' dir='ltr'>γὰρ</span> <span class='ocrx_word' id='word_1_237' title='bbox 1208 1759 1561 1854; x_wconf 82' lang='grc' dir='ltr'>ὑποδείγματι</span> <span class='ocrx_word' id='word_1_238' title='bbox 1584 1786 1692 1838; x_wconf 75' lang='grc' dir='ltr'><strong>τῶν</strong></span> 
     </span>
    </p>
   </div>
   <div class='ocr_carea' id='block_1_35' title="bbox 1802 1759 3367 1854">
    <p class='ocr_par' dir='ltr' id='par_1_35' title="bbox 1802 1771 3367 1845">
     <span class='ocr_line' id='line_1_35' title="bbox 1802 1771 3367 1845; baseline 0.001 -19"><span class='ocrx_word' id='word_1_239' title='bbox 1802 1773 1955 1826; x_wconf 86' lang='lat' dir='ltr'><strong>tutio.</strong></span> <span class='ocrx_word' id='word_1_240' title='bbox 1996 1771 2115 1828; x_wconf 84' lang='lat' dir='ltr'><strong>Non</strong></span> <span class='ocrx_word' id='word_1_241' title='bbox 2160 1774 2397 1829; x_wconf 88' lang='lat' dir='ltr'><strong>alienum</strong></span> <span class='ocrx_word' id='word_1_242' title='bbox 2450 1784 2631 1829; x_wconf 89' lang='lat' dir='ltr'><strong>autem</strong></span> <span class='ocrx_word' id='word_1_243' title='bbox 2677 1776 2805 1841; x_wconf 89' lang='lat' dir='ltr'><strong>erit,</strong></span> <span class='ocrx_word' id='word_1_244' title='bbox 2854 1784 2913 1828; x_wconf 92' lang='lat' dir='ltr'><strong>ut</strong></span> <span class='ocrx_word' id='word_1_245' title='bbox 2953 1774 3098 1845; x_wconf 89' lang='lat' dir='ltr'><strong>quod</strong></span> <span class='ocrx_word' id='word_1_246' title='bbox 3133 1774 3367 1829; x_wconf 84' lang='lat' dir='ltr'><strong>dicimus</strong></span> 
     </span>
    </p>
   </div>
   <div class='ocr_carea' id='block_1_36' title="bbox 104 1869 1692 1948">
    <p class='ocr_par' dir='ltr' id='par_1_36' title="bbox 104 1869 1692 1948">
     <span class='ocr_line' id='line_1_36' title="bbox 104 1869 1692 1948; baseline 0.005 -25"><span class='ocrx_word' id='word_1_247' title='bbox 104 1869 403 1941; x_wconf 82' lang='grc' dir='ltr'>γνωρίμων</span> <span class='ocrx_word' id='word_1_248' title='bbox 427 1870 533 1923; x_wconf 76' lang='grc' dir='ltr'>τινὶ</span> <span class='ocrx_word' id='word_1_249' title='bbox 554 1870 939 1943; x_wconf 83' lang='grc' dir='ltr'>διασαφηνίσαι</span> <span class='ocrx_word' id='word_1_250' title='bbox 956 1874 1017 1927; x_wconf 68' lang='grc' dir='ltr'>τὸ</span> <span class='ocrx_word' id='word_1_251' title='bbox 1038 1875 1130 1945; x_wconf 86' lang='grc' dir='ltr'><strong>νόη</strong></span> <span class='ocrx_word' id='word_1_252' title='bbox 1140 1876 1256 1945; x_wconf 89' lang='grc' dir='ltr'>μα)·</span> <span class='ocrx_word' id='word_1_253' title='bbox 1276 1874 1338 1927; x_wconf 81' lang='grc' dir='ltr'><strong><em>Ἠ</em></strong></span> <span class='ocrx_word' id='word_1_254' title='bbox 1352 1875 1444 1929; x_wconf 82' lang='grc' dir='ltr'>τοῦ</span> <span class='ocrx_word' id='word_1_255' title='bbox 1474 1878 1692 1948; x_wconf 79' lang='grc' dir='ltr'>σιδήρου</span> 
     </span>
    </p>
   </div>
   <div class='ocr_carea' id='block_1_37' title="bbox 107 1960 1695 2039">
    <p class='ocr_par' dir='ltr' id='par_1_37' title="bbox 107 1960 1695 2039">
     <span class='ocr_line' id='line_1_37' title="bbox 107 1960 1695 2039; baseline 0.006 -27"><span class='ocrx_word' id='word_1_256' title='bbox 107 1960 279 2031; x_wconf 75' lang='grc' dir='ltr'>βῶλος</span> <span class='ocrx_word' id='word_1_257' title='bbox 322 1961 648 2032; x_wconf 82' lang='grc' dir='ltr'>χρησιμεύει</span> <span class='ocrx_word' id='word_1_258' title='bbox 691 1964 757 2034; x_wconf 79' lang='grc' dir='ltr'>τῇ</span> <span class='ocrx_word' id='word_1_259' title='bbox 790 1962 1120 2035; x_wconf 80' lang='grc' dir='ltr'>χαλκευτικῇ</span> <span class='ocrx_word' id='word_1_260' title='bbox 1164 1965 1324 2037; x_wconf 82' lang='grc' dir='ltr'>τέχνῃ</span> <span class='ocrx_word' id='word_1_261' title='bbox 1346 2007 1361 2032; x_wconf 92' lang='grc'><strong>,</strong></span> <span class='ocrx_word' id='word_1_262' title='bbox 1388 1966 1695 2039; x_wconf 86' lang='grc' dir='ltr'>ἀκατέργα-</span> 
     </span>
    </p>
   </div>
   <div class='ocr_carea' id='block_1_38' title="bbox 108 2054 1696 2127">
    <p class='ocr_par' dir='ltr' id='par_1_38' title="bbox 108 2054 1696 2127">
     <span class='ocr_line' id='line_1_38' title="bbox 108 2054 1696 2127; baseline 0.004 -21"><span class='ocrx_word' id='word_1_263' title='bbox 108 2072 232 2118; x_wconf 80' lang='grc' dir='ltr'>στος</span> <span class='ocrx_word' id='word_1_264' title='bbox 260 2054 458 2125; x_wconf 74' lang='grc' dir='ltr'>ἄκμων</span> <span class='ocrx_word' id='word_1_265' title='bbox 490 2057 757 2125; x_wconf 68' lang='grc' dir='ltr'>γενομένη</span> <span class='ocrx_word' id='word_1_266' title='bbox 791 2056 885 2109; x_wconf 74' lang='grc' dir='ltr'>τοῦ</span> <span class='ocrx_word' id='word_1_267' title='bbox 929 2057 1345 2127; x_wconf 86' lang='grc' dir='ltr'>τεχνιτεύοντος.</span> <span class='ocrx_word' id='word_1_268' title='bbox 1390 2059 1528 2112; x_wconf 82' lang='grc' dir='ltr'>Ἀλλ’</span> <span class='ocrx_word' id='word_1_269' title='bbox 1568 2063 1696 2114; x_wconf 82' lang='grc' dir='ltr'>ὅταν</span> 
     </span>
    </p>
   </div>
   <div class='ocr_carea' id='block_1_39' title="bbox 105 2143 1693 2216">
    <p class='ocr_par' dir='ltr' id='par_1_39' title="bbox 105 2143 1693 2216">
     <span class='ocr_line' id='line_1_39' title="bbox 105 2143 1693 2216; baseline 0.002 -20"><span class='ocrx_word' id='word_1_270' title='bbox 105 2144 182 2196; x_wconf 85' lang='grc' dir='ltr'><strong>δεῖ</strong></span> <span class='ocrx_word' id='word_1_271' title='bbox 215 2144 357 2214; x_wconf 85' lang='grc' dir='ltr'>πρός</span> <span class='ocrx_word' id='word_1_272' title='bbox 396 2160 448 2197; x_wconf 90' lang='grc' dir='ltr'><strong>τι</strong></span> <span class='ocrx_word' id='word_1_273' title='bbox 492 2143 815 2214; x_wconf 88' lang='grc' dir='ltr'>λεπτότερον</span> <span class='ocrx_word' id='word_1_274' title='bbox 852 2144 1285 2215; x_wconf 84' lang='grc' dir='ltr'>μετεργασθῆναι</span> <span class='ocrx_word' id='word_1_275' title='bbox 1334 2146 1424 2197; x_wconf 79' lang='grc' dir='ltr'><strong>τὸν</strong></span> <span class='ocrx_word' id='word_1_276' title='bbox 1458 2146 1693 2216; x_wconf 84' lang='grc' dir='ltr'>σίδηρον,</span> 
     </span>
    </p>
   </div>
   <div class='ocr_carea' id='block_1_40' title="bbox 105 2235 1695 2310">
    <p class='ocr_par' dir='ltr' id='par_1_40' title="bbox 105 2235 1695 2310">
     <span class='ocr_line' id='line_1_40' title="bbox 105 2235 1695 2310; baseline 0.001 -20"><span class='ocrx_word' id='word_1_277' title='bbox 105 2236 228 2290; x_wconf 81' lang='grc' dir='ltr'>τότε</span> <span class='ocrx_word' id='word_1_278' title='bbox 251 2236 320 2288; x_wconf 82' lang='grc' dir='ltr'>δι’</span> <span class='ocrx_word' id='word_1_279' title='bbox 344 2235 663 2308; x_wconf 77' lang='grc' dir='ltr'>ἐπιμελείας</span> <span class='ocrx_word' id='word_1_280' title='bbox 690 2235 790 2307; x_wconf 84' lang='grc' dir='ltr'>τὴν</span> <span class='ocrx_word' id='word_1_281' title='bbox 822 2235 993 2307; x_wconf 87' lang='grc' dir='ltr'>βῶλον</span> <span class='ocrx_word' id='word_1_282' title='bbox 1023 2235 1118 2289; x_wconf 80' lang='grc' dir='ltr'>τοῦ</span> <span class='ocrx_word' id='word_1_283' title='bbox 1150 2238 1321 2309; x_wconf 83' lang='grc' dir='ltr'>πυρὸς</span> <span class='ocrx_word' id='word_1_284' title='bbox 1350 2238 1695 2310; x_wconf 79' lang='grc' dir='ltr'>ἐκκαθήραν-</span> 
     </span>
    </p>
   </div>
   <div class='ocr_carea' id='block_1_41' title="bbox 105 2324 1694 2402">
    <p class='ocr_par' dir='ltr' id='par_1_41' title="bbox 105 2324 1694 2402">
     <span class='ocr_line' id='line_1_41' title="bbox 105 2324 1694 2402; baseline 0.003 -21"><span class='ocrx_word' id='word_1_285' title='bbox 105 2346 218 2394; x_wconf 87' lang='grc' dir='ltr'>τος,</span> <span class='ocrx_word' id='word_1_286' title='bbox 248 2328 398 2383; x_wconf 74' lang='grc' dir='ltr'>ἅπαν</span> <span class='ocrx_word' id='word_1_287' title='bbox 428 2324 748 2383; x_wconf 82' lang='grc' dir='ltr'>ἀποτίθεται</span> <span class='ocrx_word' id='word_1_288' title='bbox 786 2328 848 2383; x_wconf 86' lang='grc' dir='ltr'>τὺ</span> <span class='ocrx_word' id='word_1_289' title='bbox 886 2329 1085 2398; x_wconf 81' lang='grc' dir='ltr'>γεῶδες</span> <span class='ocrx_word' id='word_1_290' title='bbox 1116 2331 1211 2383; x_wconf 72' lang='grc' dir='ltr'><strong>καὶ</strong></span> <span class='ocrx_word' id='word_1_291' title='bbox 1252 2331 1543 2402; x_wconf 79' lang='grc' dir='ltr'>ἄχρηστον,</span> <span class='ocrx_word' id='word_1_292' title='bbox 1581 2332 1609 2385; x_wconf 87' lang='grc' dir='ltr'>ὃ</span> <span class='ocrx_word' id='word_1_293' title='bbox 1631 2332 1694 2402; x_wconf 79' lang='grc' dir='ltr'><strong>δὴ</strong></span> 
     </span>
    </p>
   </div>
   <div class='ocr_carea' id='block_1_42' title="bbox 110 2420 1695 2493">
    <p class='ocr_par' dir='ltr' id='par_1_42' title="bbox 110 2420 1695 2493">
     <span class='ocr_line' id='line_1_42' title="bbox 110 2420 1695 2493; baseline 0.001 -18"><span class='ocrx_word' id='word_1_294' title='bbox 110 2422 357 2492; x_wconf 81' lang='grc' dir='ltr'>σκωρίαν</span> <span class='ocrx_word' id='word_1_295' title='bbox 380 2424 431 2474; x_wconf 80' lang='grc' dir='ltr'>οἱ</span> <span class='ocrx_word' id='word_1_296' title='bbox 461 2424 705 2491; x_wconf 83' lang='grc' dir='ltr'>τεχνῖται</span> <span class='ocrx_word' id='word_1_297' title='bbox 734 2424 832 2492; x_wconf 84' lang='grc' dir='ltr'><strong>τῆς</strong></span> <span class='ocrx_word' id='word_1_298' title='bbox 869 2420 1129 2492; x_wconf 75' lang='grc' dir='ltr'>ἐργασίας</span> <span class='ocrx_word' id='word_1_299' title='bbox 1158 2421 1363 2493; x_wconf 85' lang='grc' dir='ltr'>ταύτης</span> <span class='ocrx_word' id='word_1_300' title='bbox 1393 2424 1695 2493; x_wconf 86' lang='grc' dir='ltr'>κατονομά-</span> 
     </span>
    </p>
   </div>
   <div class='ocr_carea' id='block_1_43' title="bbox 106 2512 1695 2587">
    <p class='ocr_par' dir='ltr' id='par_1_43' title="bbox 106 2512 1695 2587">
     <span class='ocr_line' id='line_1_43' title="bbox 106 2512 1695 2587; baseline -0.001 -18"><span class='ocrx_word' id='word_1_301' title='bbox 106 2515 300 2579; x_wconf 75' lang='grc' dir='ltr'>ζουσιο</span> <span class='ocrx_word' id='word_1_302' title='bbox 354 2517 447 2569; x_wconf 70' lang='grc' dir='ltr'>καὶ</span> <span class='ocrx_word' id='word_1_303' title='bbox 478 2512 651 2579; x_wconf 77' lang='grc' dir='ltr'>οὓτως</span> <span class='ocrx_word' id='word_1_304' title='bbox 696 2517 725 2568; x_wconf 92' lang='lat'><strong>6</strong></span> <span class='ocrx_word' id='word_1_305' title='bbox 777 2516 909 2568; x_wconf 80' lang='grc' dir='ltr'>ποτὲ</span> <span class='ocrx_word' id='word_1_306' title='bbox 951 2514 1143 2587; x_wconf 80' lang='grc' dir='ltr'>ἄκμων</span> <span class='ocrx_word' id='word_1_307' title='bbox 1180 2514 1622 2587; x_wconf 65' lang='grc' dir='ltr'>λεπτουργηθεὶς,</span> <span class='ocrx_word' id='word_1_308' title='bbox 1662 2514 1695 2587; x_wconf 83' lang='grc' dir='ltr'>ἦ</span> 
     </span>
    </p>
   </div>
   <div class='ocr_carea' id='block_1_44' title="bbox 109 2606 1693 2681">
    <p class='ocr_par' dir='ltr' id='par_1_44' title="bbox 109 2606 1693 2681">
     <span class='ocr_line' id='line_1_44' title="bbox 109 2606 1693 2681; baseline -0.003 -17"><span class='ocrx_word' id='word_1_309' title='bbox 109 2609 319 2681; x_wconf 83' lang='grc' dir='ltr'>θώραξ,</span> <span class='ocrx_word' id='word_1_310' title='bbox 350 2609 384 2678; x_wconf 76' lang='grc' dir='ltr'>ἢ</span> <span class='ocrx_word' id='word_1_311' title='bbox 415 2609 542 2663; x_wconf 80' lang='grc' dir='ltr'>ἄλλο</span> <span class='ocrx_word' id='word_1_312' title='bbox 574 2626 626 2662; x_wconf 87' lang='grc' dir='ltr'><strong>τι</strong></span> <span class='ocrx_word' id='word_1_313' title='bbox 646 2606 755 2661; x_wconf 84' lang='grc' dir='ltr'><strong>τῶν</strong></span> <span class='ocrx_word' id='word_1_314' title='bbox 783 2606 994 2661; x_wconf 84' lang='grc' dir='ltr'>λεπτῶν</span> <span class='ocrx_word' id='word_1_315' title='bbox 1015 2607 1554 2677; x_wconf 82' lang='grc' dir='ltr'>κατασκευασμάτων</span> <span class='ocrx_word' id='word_1_316' title='bbox 1578 2608 1693 2677; x_wconf 67' lang='grc' dir='ltr'>ὲγέυ</span> 
     </span>
    </p>
   </div>
   <div class='ocr_carea' id='block_1_45' title="bbox 108 2698 1699 2771">
    <p class='ocr_par' dir='ltr' id='par_1_45' title="bbox 108 2698 1699 2771">
     <span class='ocr_line' id='line_1_45' title="bbox 108 2698 1699 2771; baseline -0.001 -16"><span class='ocrx_word' id='word_1_317' title='bbox 108 2720 251 2768; x_wconf 87' lang='grc' dir='ltr'>νετο,</span> <span class='ocrx_word' id='word_1_318' title='bbox 284 2699 381 2754; x_wconf 75' lang='grc' dir='ltr'><strong>τοῦ</strong></span> <span class='ocrx_word' id='word_1_319' title='bbox 407 2698 648 2754; x_wconf 88' lang='grc' dir='ltr'>τοιούτου</span> <span class='ocrx_word' id='word_1_320' title='bbox 678 2698 1090 2771; x_wconf 85' lang='grc' dir='ltr'>περιττώματος</span> <span class='ocrx_word' id='word_1_321' title='bbox 1114 2699 1474 2770; x_wconf 72' lang='grc' dir='ltr'>ὲκκαθαρθεὶς</span> <span class='ocrx_word' id='word_1_322' title='bbox 1493 2700 1577 2753; x_wconf 82' lang='grc' dir='ltr'>διὰ</span> <span class='ocrx_word' id='word_1_323' title='bbox 1601 2704 1699 2771; x_wconf 80' lang='grc' dir='ltr'><strong>τῆς</strong></span> 
     </span>
    </p>
   </div>
   <div class='ocr_carea' id='block_1_46' title="bbox 110 2786 1701 2865">
    <p class='ocr_par' dir='ltr' id='par_1_46' title="bbox 110 2786 1701 2865">
     <span class='ocr_line' id='line_1_46' title="bbox 110 2786 1701 2865; baseline -0.001 -18"><span class='ocrx_word' id='word_1_324' title='bbox 110 2794 367 2865; x_wconf 82' lang='grc' dir='ltr'>χωνείας,</span> <span class='ocrx_word' id='word_1_325' title='bbox 424 2793 560 2865; x_wconf 83' lang='grc' dir='ltr'>ὅπερ</span> <span class='ocrx_word' id='word_1_326' title='bbox 615 2791 722 2855; x_wconf 77' lang='grc' dir='ltr'>ἓως</span> <span class='ocrx_word' id='word_1_327' title='bbox 758 2792 887 2845; x_wconf 83' lang='grc' dir='ltr'>ποτὲ</span> <span class='ocrx_word' id='word_1_328' title='bbox 933 2791 1127 2863; x_wconf 78' lang='grc' dir='ltr'>ἄκμων</span> <span class='ocrx_word' id='word_1_329' title='bbox 1154 2786 1242 2863; x_wconf 83' lang='grc' dir='ltr'>ἦν,</span> <span class='ocrx_word' id='word_1_330' title='bbox 1287 2792 1387 2845; x_wconf 86' lang='grc' dir='ltr'><strong>ούκ</strong></span> <span class='ocrx_word' id='word_1_331' title='bbox 1424 2790 1701 2863; x_wconf 75' lang='grc' dir='ltr'>ἐνομίζετο</span> 
     </span>
    </p>
   </div>
   <div class='ocr_carea' id='block_1_47' title="bbox 110 2878 1699 2957">
    <p class='ocr_par' dir='ltr' id='par_1_47' title="bbox 110 2878 1699 2957">
     <span class='ocr_line' id='line_1_47' title="bbox 110 2878 1699 2957; baseline 0.001 -20"><span class='ocrx_word' id='word_1_332' title='bbox 110 2887 251 2957; x_wconf 79' lang='grc' dir='ltr'>πρὸς</span> <span class='ocrx_word' id='word_1_333' title='bbox 266 2884 366 2956; x_wconf 81' lang='grc' dir='ltr'>τὴν</span> <span class='ocrx_word' id='word_1_334' title='bbox 386 2883 511 2937; x_wconf 84' lang='grc' dir='ltr'>τότε</span> <span class='ocrx_word' id='word_1_335' title='bbox 542 2883 733 2955; x_wconf 86' lang='grc' dir='ltr'>χρείαν</span> <span class='ocrx_word' id='word_1_336' title='bbox 761 2878 899 2936; x_wconf 79' lang='grc' dir='ltr'>εἶναι</span> <span class='ocrx_word' id='word_1_337' title='bbox 929 2881 1268 2953; x_wconf 87' lang='grc' dir='ltr'>περίττωμα.</span> <span class='ocrx_word' id='word_1_338' title='bbox 1294 2883 1568 2937; x_wconf 87' lang='grc' dir='ltr'>Συνετέλει</span> <span class='ocrx_word' id='word_1_339' title='bbox 1594 2885 1699 2957; x_wconf 89' lang='grc' dir='ltr'><strong>γάρ</strong></span> 
     </span>
    </p>
   </div>
   <div class='ocr_carea' id='block_1_48' title="bbox 108 2970 1702 3046">
    <p class='ocr_par' dir='ltr' id='par_1_48' title="bbox 108 2970 1702 3046">
     <span class='ocr_line' id='line_1_48' title="bbox 108 2970 1702 3046; baseline -0.001 -17"><span class='ocrx_word' id='word_1_340' title='bbox 108 2994 159 3029; x_wconf 86' lang='grc' dir='ltr'><strong>τι</strong></span> <span class='ocrx_word' id='word_1_341' title='bbox 183 2978 283 3029; x_wconf 75' lang='grc' dir='ltr'><strong>καὶ</strong></span> <span class='ocrx_word' id='word_1_342' title='bbox 324 2976 356 3046; x_wconf 81' lang='grc' dir='ltr'>ἡ</span> <span class='ocrx_word' id='word_1_343' title='bbox 382 2974 590 3043; x_wconf 86' lang='grc' dir='ltr'>σκωρία</span> <span class='ocrx_word' id='word_1_344' title='bbox 609 2973 747 3044; x_wconf 82' lang='grc' dir='ltr'>πρὸς</span> <span class='ocrx_word' id='word_1_345' title='bbox 777 2972 867 3027; x_wconf 82' lang='grc' dir='ltr'><strong>τὸν</strong></span> <span class='ocrx_word' id='word_1_346' title='bbox 900 2972 1064 3041; x_wconf 75' lang='grc' dir='ltr'>ὄγκον</span> <span class='ocrx_word' id='word_1_347' title='bbox 1095 2970 1187 3025; x_wconf 80' lang='grc' dir='ltr'><strong>τοῦ</strong></span> <span class='ocrx_word' id='word_1_348' title='bbox 1218 2974 1435 3044; x_wconf 77' lang='grc' dir='ltr'>σιδήρου</span> <span class='ocrx_word' id='word_1_349' title='bbox 1468 2975 1702 3043; x_wconf 69' lang='grc' dir='ltr'>ἔγκατα·-</span> 
     </span>
    </p>
   </div>
   <div class='ocr_carea' id='block_1_49' title="bbox 114 3060 1700 3137">
    <p class='ocr_par' dir='ltr' id='par_1_49' title="bbox 114 3060 1700 3137">
     <span class='ocr_line' id='line_1_49' title="bbox 114 3060 1700 3137; baseline -0.003 -18"><span class='ocrx_word' id='word_1_350' title='bbox 114 3065 436 3137; x_wconf 86' lang='grc' dir='ltr'>μεμιγμένη</span> <span class='ocrx_word' id='word_1_351' title='bbox 469 3066 534 3134; x_wconf 86' lang='grc' dir='ltr'>τῇ</span> <span class='ocrx_word' id='word_1_352' title='bbox 597 3062 774 3133; x_wconf 85' lang='grc' dir='ltr'>βώλῳ.</span> <span class='ocrx_word' id='word_1_353' title='bbox 805 3060 946 3131; x_wconf 85' lang='grc' dir='ltr'><strong>Ἤδη</strong></span> <span class='ocrx_word' id='word_1_354' title='bbox 997 3060 1243 3131; x_wconf 81' lang='grc' dir='ltr'>νενόηται</span> <span class='ocrx_word' id='word_1_355' title='bbox 1298 3064 1431 3132; x_wconf 80' lang='grc' dir='ltr'>ἡμῖν</span> <span class='ocrx_word' id='word_1_356' title='bbox 1470 3062 1533 3115; x_wconf 85' lang='grc' dir='ltr'><strong>τὸ</strong></span> <span class='ocrx_word' id='word_1_357' title='bbox 1570 3063 1700 3115; x_wconf 74' lang='grc' dir='ltr'>ὑπό‹</span> 
     </span>
    </p>
   </div>
   <div class='ocr_carea' id='block_1_50' title="bbox 110 3152 1700 3229">
    <p class='ocr_par' dir='ltr' id='par_1_50' title="bbox 110 3152 1700 3229">
     <span class='ocr_line' id='line_1_50' title="bbox 110 3152 1700 3229; baseline -0.003 -17"><span class='ocrx_word' id='word_1_358' title='bbox 110 3161 348 3229; x_wconf 73' lang='grc' dir='ltr'>δειγμασ</span> <span class='ocrx_word' id='word_1_359' title='bbox 408 3154 702 3227; x_wconf 69' lang='grc' dir='ltr'>μετακτέω</span> <span class='ocrx_word' id='word_1_360' title='bbox 743 3152 843 3225; x_wconf 71' lang='grc' dir='ltr'>ήδη</span> <span class='ocrx_word' id='word_1_361' title='bbox 878 3154 1012 3224; x_wconf 82' lang='grc' dir='ltr'>πρὸς</span> <span class='ocrx_word' id='word_1_362' title='bbox 1045 3154 1107 3207; x_wconf 74' lang='grc' dir='ltr'><strong>τὸ</strong></span> <span class='ocrx_word' id='word_1_363' title='bbox 1135 3154 1493 3225; x_wconf 82' lang='grc' dir='ltr'>προκείμενον</span> <span class='ocrx_word' id='word_1_364' title='bbox 1523 3154 1700 3226; x_wconf 89' lang='grc' dir='ltr'>νόημα</span> 
     </span>
    </p>
   </div>
   <div class='ocr_carea' id='block_1_51' title="bbox 111 3241 1702 3320">
    <p class='ocr_par' dir='ltr' id='par_1_51' title="bbox 111 3241 1702 3320">
     <span class='ocr_line' id='line_1_51' title="bbox 111 3241 1702 3320; baseline -0.004 -17"><span class='ocrx_word' id='word_1_365' title='bbox 111 3251 211 3320; x_wconf 86' lang='grc' dir='ltr'><strong>τὴν</strong></span> <span class='ocrx_word' id='word_1_366' title='bbox 236 3250 298 3302; x_wconf 82' lang='grc' dir='ltr'><strong>ὲν</strong></span> <span class='ocrx_word' id='word_1_367' title='bbox 325 3247 405 3318; x_wconf 85' lang='grc' dir='ltr'>τῷ</span> <span class='ocrx_word' id='word_1_368' title='bbox 433 3245 793 3316; x_wconf 84' lang='grc' dir='ltr'>ὑποδείγματι</span> <span class='ocrx_word' id='word_1_369' title='bbox 835 3243 1203 3315; x_wconf 86' lang='grc' dir='ltr'>θεωρηθεῖσαν</span> <span class='ocrx_word' id='word_1_370' title='bbox 1235 3244 1489 3299; x_wconf 81' lang='grc' dir='ltr'>διάνοιαν.</span> <span class='ocrx_word' id='word_1_371' title='bbox 1523 3244 1589 3297; x_wconf 91' lang='grc' dir='ltr'>Τί</span> <span class='ocrx_word' id='word_1_372' title='bbox 1610 3241 1702 3298; x_wconf 80' lang='grc' dir='ltr'><strong>οὖν</strong></span> 
     </span>
    </p>
   </div>
   <div class='ocr_carea' id='block_1_52' title="bbox 111 3335 1704 3409">
    <p class='ocr_par' dir='ltr' id='par_1_52' title="bbox 111 3335 1704 3409">
     <span class='ocr_line' id='line_1_52' title="bbox 111 3335 1704 3409; baseline -0.003 -13"><span class='ocrx_word' id='word_1_373' title='bbox 111 3345 231 3396; x_wconf 84' lang='grc' dir='ltr'>ἐστι</span> <span class='ocrx_word' id='word_1_374' title='bbox 278 3339 470 3403; x_wconf 60' lang='lat' dir='ltr'><strong>teuto;</strong></span> <span class='ocrx_word' id='word_1_375' title='bbox 510 3338 718 3402; x_wconf 87' lang='grc' dir='ltr'>Πολλὰς</span> <span class='ocrx_word' id='word_1_376' title='bbox 762 3337 875 3407; x_wconf 73' lang='grc' dir='ltr'>ἔχει</span> <span class='ocrx_word' id='word_1_377' title='bbox 907 3335 1004 3391; x_wconf 85' lang='grc' dir='ltr'>νῦν</span> <span class='ocrx_word' id='word_1_378' title='bbox 1035 3336 1374 3407; x_wconf 87' lang='grc' dir='ltr'>σκωρεώδεις</span> <span class='ocrx_word' id='word_1_379' title='bbox 1414 3337 1704 3409; x_wconf 85' lang='grc' dir='ltr'>ποιότητας</span> 
     </span>
    </p>
   </div>
   <div class='ocr_carea' id='block_1_53' title="bbox 114 3429 1703 3504">
    <p class='ocr_par' dir='ltr' id='par_1_53' title="bbox 114 3429 1703 3504">
     <span class='ocr_line' id='line_1_53' title="bbox 114 3429 1703 3504; baseline -0.003 -19"><span class='ocrx_word' id='word_1_380' title='bbox 114 3434 145 3504; x_wconf 78' lang='grc' dir='ltr'><strong>ἡ</strong></span> <span class='ocrx_word' id='word_1_381' title='bbox 205 3430 303 3485; x_wconf 77' lang='grc' dir='ltr'>τοῦ</span> <span class='ocrx_word' id='word_1_382' title='bbox 346 3430 597 3501; x_wconf 85' lang='grc' dir='ltr'>σώματος</span> <span class='ocrx_word' id='word_1_383' title='bbox 643 3429 827 3500; x_wconf 83' lang='grc' dir='ltr'>φύσις,</span> <span class='ocrx_word' id='word_1_384' title='bbox 868 3431 924 3483; x_wconf 81' lang='grc' dir='ltr'>αἳ</span> <span class='ocrx_word' id='word_1_385' title='bbox 968 3429 1111 3483; x_wconf 76' lang='grc' dir='ltr'>κατὰ</span> <span class='ocrx_word' id='word_1_386' title='bbox 1160 3430 1259 3499; x_wconf 80' lang='grc' dir='ltr'><strong>μὲν</strong></span> <span class='ocrx_word' id='word_1_387' title='bbox 1295 3429 1393 3499; x_wconf 80' lang='grc' dir='ltr'>τὴν</span> <span class='ocrx_word' id='word_1_388' title='bbox 1425 3429 1703 3500; x_wconf 78' lang='grc' dir='ltr'>παροῦσαν</span> 
     </span>
    </p>
   </div>
   <div class='ocr_carea' id='block_1_54' title="bbox 115 3521 1703 3597">
    <p class='ocr_par' dir='ltr' id='par_1_54' title="bbox 115 3521 1703 3597">
     <span class='ocr_line' id='line_1_54' title="bbox 115 3521 1703 3597; baseline -0.001 -21"><span class='ocrx_word' id='word_1_389' title='bbox 115 3524 283 3597; x_wconf 77' lang='grc' dir='ltr'>ζωὴν,</span> <span class='ocrx_word' id='word_1_390' title='bbox 324 3522 460 3593; x_wconf 84' lang='grc' dir='ltr'>πρός</span> <span class='ocrx_word' id='word_1_391' title='bbox 504 3539 557 3575; x_wconf 88' lang='grc' dir='ltr'><strong>τι</strong></span> <span class='ocrx_word' id='word_1_392' title='bbox 610 3524 880 3592; x_wconf 81' lang='grc' dir='ltr'>χρήσιμον</span> <span class='ocrx_word' id='word_1_393' title='bbox 914 3521 1279 3585; x_wconf 79' lang='grc' dir='ltr'>συντελοῦσιν,</span> <span class='ocrx_word' id='word_1_394' title='bbox 1316 3522 1604 3591; x_wconf 81' lang='grc' dir='ltr'>ἀχρήστως</span> <span class='ocrx_word' id='word_1_395' title='bbox 1646 3522 1703 3574; x_wconf 83' lang='grc' dir='ltr'><strong>δὲ</strong></span> 
     </span>
    </p>
   </div>
   <div class='ocr_carea' id='block_1_55' title="bbox 116 3614 1703 3686">
    <p class='ocr_par' dir='ltr' id='par_1_55' title="bbox 116 3614 1703 3686">
     <span class='ocr_line' id='line_1_55' title="bbox 116 3614 1703 3686; baseline -0.003 -13"><span class='ocrx_word' id='word_1_396' title='bbox 116 3617 437 3673; x_wconf 77' lang='grc' dir='ltr'>παντάπασι</span> <span class='ocrx_word' id='word_1_397' title='bbox 466 3616 559 3668; x_wconf 78' lang='grc' dir='ltr'><strong>καὶ</strong></span> <span class='ocrx_word' id='word_1_398' title='bbox 576 3614 872 3685; x_wconf 74' lang='grc' dir='ltr'>ἀλλοτρίως</span> <span class='ocrx_word' id='word_1_399' title='bbox 888 3614 1071 3685; x_wconf 75' lang='grc' dir='ltr'>έχουσι</span> <span class='ocrx_word' id='word_1_400' title='bbox 1100 3614 1237 3686; x_wconf 85' lang='grc' dir='ltr'>πρὸς</span> <span class='ocrx_word' id='word_1_401' title='bbox 1261 3615 1360 3684; x_wconf 84' lang='grc' dir='ltr'>τὴν</span> <span class='ocrx_word' id='word_1_402' title='bbox 1378 3614 1517 3684; x_wconf 88' lang='grc' dir='ltr'><strong>μετὰ</strong></span> <span class='ocrx_word' id='word_1_403' title='bbox 1532 3614 1703 3668; x_wconf 81' lang='grc' dir='ltr'>ταῦτα</span> 
     </span>
    </p>
   </div>
   <div class='ocr_carea' id='block_1_56' title="bbox 117 3702 1705 3785">
    <p class='ocr_par' dir='ltr' id='par_1_56' title="bbox 117 3702 1705 3785">
     <span class='ocr_line' id='line_1_56' title="bbox 117 3702 1705 3785; baseline -0.004 -17"><span class='ocrx_word' id='word_1_404' title='bbox 117 3710 582 3785; x_wconf 75' lang='grc' dir='ltr'>προσδοκωμένην</span> <span class='ocrx_word' id='word_1_405' title='bbox 609 3708 1005 3781; x_wconf 86' lang='grc' dir='ltr'>μακαριότητα.</span> <span class='ocrx_word' id='word_1_406' title='bbox 1038 3708 1215 3779; x_wconf 81' lang='grc' dir='ltr'>Ὅπερ</span> <span class='ocrx_word' id='word_1_407' title='bbox 1245 3702 1337 3760; x_wconf 83' lang='grc' dir='ltr'><strong>οὖν</strong></span> <span class='ocrx_word' id='word_1_408' title='bbox 1380 3709 1436 3760; x_wconf 80' lang='grc' dir='ltr'><strong>ἐν</strong></span> <span class='ocrx_word' id='word_1_409' title='bbox 1462 3706 1541 3777; x_wconf 83' lang='grc' dir='ltr'>τῷ</span> <span class='ocrx_word' id='word_1_410' title='bbox 1573 3708 1705 3779; x_wconf 74' lang='grc' dir='ltr'>πυρὶ</span> 
     </span>
    </p>
   </div>
   <div class='ocr_carea' id='block_1_57' title="bbox 116 3799 1704 3879">
    <p class='ocr_par' dir='ltr' id='par_1_57' title="bbox 116 3799 1704 3879">
     <span class='ocr_line' id='line_1_57' title="bbox 116 3799 1704 3879; baseline -0.004 -19"><span class='ocrx_word' id='word_1_411' title='bbox 116 3807 247 3879; x_wconf 75' lang='grc' dir='ltr'>περὶ</span> <span class='ocrx_word' id='word_1_412' title='bbox 275 3805 370 3859; x_wconf 79' lang='grc' dir='ltr'><strong>τὸν</strong></span> <span class='ocrx_word' id='word_1_413' title='bbox 403 3803 620 3874; x_wconf 90' lang='grc' dir='ltr'>σίδηρον</span> <span class='ocrx_word' id='word_1_414' title='bbox 644 3802 871 3871; x_wconf 86' lang='grc' dir='ltr'>γίνεται,</span> <span class='ocrx_word' id='word_1_415' title='bbox 901 3800 961 3853; x_wconf 80' lang='grc' dir='ltr'><strong>τὸ</strong></span> <span class='ocrx_word' id='word_1_416' title='bbox 998 3801 1266 3871; x_wconf 79' lang='grc' dir='ltr'>ἄχρηστον</span> <span class='ocrx_word' id='word_1_417' title='bbox 1292 3799 1437 3855; x_wconf 78' lang='grc' dir='ltr'>ἆπαν</span> <span class='ocrx_word' id='word_1_418' title='bbox 1468 3804 1566 3870; x_wconf 85' lang='grc' dir='ltr'><strong>τῆς</strong></span> <span class='ocrx_word' id='word_1_419' title='bbox 1594 3818 1704 3871; x_wconf 89' lang='grc' dir='ltr'>χω-</span> 
     </span>
    </p>
   </div>
   <div class='ocr_carea' id='block_1_58' title="bbox 116 3891 1706 3965">
    <p class='ocr_par' dir='ltr' id='par_1_58' title="bbox 116 3891 1706 3965">
     <span class='ocr_line' id='line_1_58' title="bbox 116 3891 1706 3965; baseline -0.005 -13"><span class='ocrx_word' id='word_1_420' title='bbox 116 3900 266 3962; x_wconf 87' lang='grc' dir='ltr'>νείας</span> <span class='ocrx_word' id='word_1_421' title='bbox 296 3894 687 3965; x_wconf 84' lang='grc' dir='ltr'>ἁποποιούσης,</span> <span class='ocrx_word' id='word_1_422' title='bbox 722 3892 879 3947; x_wconf 83' lang='grc' dir='ltr'>τοῦτο</span> <span class='ocrx_word' id='word_1_423' title='bbox 905 3892 994 3947; x_wconf 74' lang='grc' dir='ltr'>διὰ</span> <span class='ocrx_word' id='word_1_424' title='bbox 1018 3892 1111 3946; x_wconf 82' lang='grc' dir='ltr'>τοῦ</span> <span class='ocrx_word' id='word_1_425' title='bbox 1151 3892 1382 3947; x_wconf 83' lang='grc' dir='ltr'>θανάτου</span> <span class='ocrx_word' id='word_1_426' title='bbox 1413 3891 1706 3963; x_wconf 79' lang='grc' dir='ltr'>κατορθοῦ-</span> 
     </span>
    </p>
   </div>
   <div class='ocr_carea' id='block_1_59' title="bbox 118 3984 1703 4060">
    <p class='ocr_par' dir='ltr' id='par_1_59' title="bbox 118 3984 1703 4060">
     <span class='ocr_line' id='line_1_59' title="bbox 118 3984 1703 4060; baseline -0.005 -17"><span class='ocrx_word' id='word_1_427' title='bbox 118 4008 203 4043; x_wconf 87' lang='grc' dir='ltr'><strong>ται</strong></span> <span class='ocrx_word' id='word_1_428' title='bbox 232 3989 315 4060; x_wconf 76' lang='grc' dir='ltr'>τῷ</span> <span class='ocrx_word' id='word_1_429' title='bbox 348 3987 583 4058; x_wconf 85' lang='grc' dir='ltr'>σώματι,</span> <span class='ocrx_word' id='word_1_430' title='bbox 609 3986 807 4049; x_wconf 86' lang='grc' dir='ltr'>παντὸς</span> <span class='ocrx_word' id='word_1_431' title='bbox 826 3984 1240 4056; x_wconf 80' lang='grc' dir='ltr'>περιττώματος</span> <span class='ocrx_word' id='word_1_432' title='bbox 1269 3984 1703 4054; x_wconf 83' lang='grc' dir='ltr'>ἀποποιουμένου</span> 
     </span>
    </p>
   </div>
   <div class='ocr_carea' id='block_1_60' title="bbox 118 4073 1705 4151">
    <p class='ocr_par' dir='ltr' id='par_1_60' title="bbox 118 4073 1705 4151">
     <span class='ocr_line' id='line_1_60' title="bbox 118 4073 1705 4151; baseline -0.005 -14"><span class='ocrx_word' id='word_1_433' title='bbox 118 4081 321 4151; x_wconf 78' lang='grc' dir='ltr'>διὰτῆς</span> <span class='ocrx_word' id='word_1_434' title='bbox 351 4082 409 4133; x_wconf 82' lang='grc' dir='ltr'>ὲν</span> <span class='ocrx_word' id='word_1_435' title='bbox 436 4081 501 4151; x_wconf 81' lang='grc' dir='ltr'>τῇ</span> <span class='ocrx_word' id='word_1_436' title='bbox 527 4078 813 4148; x_wconf 84' lang='grc' dir='ltr'>νεκρότητι</span> <span class='ocrx_word' id='word_1_437' title='bbox 842 4076 1068 4139; x_wconf 81' lang='grc' dir='ltr'>λύσεως.</span> <span class='ocrx_word' id='word_1_438' title='bbox 1091 4076 1305 4146; x_wconf 68' lang='grc' dir='ltr'>Φανερέι</span> <span class='ocrx_word' id='word_1_439' title='bbox 1336 4075 1435 4147; x_wconf 86' lang='grc' dir='ltr'>μὲν</span> <span class='ocrx_word' id='word_1_440' title='bbox 1466 4073 1559 4128; x_wconf 76' lang='grc' dir='ltr'>οὖν</span> <span class='ocrx_word' id='word_1_441' title='bbox 1589 4078 1705 4129; x_wconf 71' lang='grc' dir='ltr'>ἐστι</span> 
     </span>
    </p>
   </div>
   <div class='ocr_carea' id='block_1_61' title="bbox 120 4160 1707 4239">
    <p class='ocr_par' dir='ltr' id='par_1_61' title="bbox 120 4160 1707 4239">
     <span class='ocr_line' id='line_1_61' title="bbox 120 4160 1707 4239; baseline -0.004 -13"><span class='ocrx_word' id='word_1_442' title='bbox 120 4174 342 4235; x_wconf 74' lang='grc' dir='ltr'>παντως</span> <span class='ocrx_word' id='word_1_443' title='bbox 356 4173 468 4233; x_wconf 85' lang='grc' dir='ltr'>τοῖς</span> <span class='ocrx_word' id='word_1_444' title='bbox 483 4168 914 4239; x_wconf 84' lang='grc' dir='ltr'>ὲπεσκεμμένοις</span> <span class='ocrx_word' id='word_1_445' title='bbox 944 4170 1073 4220; x_wconf 83' lang='grc' dir='ltr'>ποῖα</span> <span class='ocrx_word' id='word_1_446' title='bbox 1091 4167 1263 4221; x_wconf 81' lang='grc' dir='ltr'>ταῦτά</span> <span class='ocrx_word' id='word_1_447' title='bbox 1277 4168 1446 4233; x_wconf 79' lang='grc' dir='ltr'>ἐστιν,</span> <span class='ocrx_word' id='word_1_448' title='bbox 1476 4160 1551 4221; x_wconf 83' lang='grc' dir='ltr'>ὧν</span> <span class='ocrx_word' id='word_1_449' title='bbox 1572 4167 1707 4220; x_wconf 87' lang='grc' dir='ltr'>ἁπο-</span> 
     </span>
    </p>
   </div>
   <div class='ocr_carea' id='block_1_62' title="bbox 121 4258 1703 4334">
    <p class='ocr_par' dir='ltr' id='par_1_62' title="bbox 121 4258 1703 4334">
     <span class='ocr_line' id='line_1_62' title="bbox 121 4258 1703 4334; baseline -0.004 -16"><span class='ocrx_word' id='word_1_450' title='bbox 121 4263 447 4334; x_wconf 85' lang='grc' dir='ltr'>καθαίρεται</span> <span class='ocrx_word' id='word_1_451' title='bbox 470 4262 529 4315; x_wconf 81' lang='grc' dir='ltr'>τὸ</span> <span class='ocrx_word' id='word_1_452' title='bbox 552 4260 709 4330; x_wconf 86' lang='grc' dir='ltr'>σῶμα</span> <span class='ocrx_word' id='word_1_453' title='bbox 742 4262 821 4325; x_wconf 87' lang='grc' dir='ltr'><strong>είς</strong></span> <span class='ocrx_word' id='word_1_454' title='bbox 848 4258 1071 4332; x_wconf 81' lang='grc' dir='ltr'>ὕστερον</span> <span class='ocrx_word' id='word_1_455' title='bbox 1089 4276 1103 4290; x_wconf 75' lang='grc' dir='ltr'><strong>ο</strong></span> <span class='ocrx_word' id='word_1_456' title='bbox 1140 4261 1283 4330; x_wconf 82' lang='grc' dir='ltr'>ἆπερ</span> <span class='ocrx_word' id='word_1_457' title='bbox 1314 4260 1362 4313; x_wconf 86' lang='grc' dir='ltr'><strong>εί</strong></span> <span class='ocrx_word' id='word_1_458' title='bbox 1385 4258 1483 4331; x_wconf 78' lang='grc' dir='ltr'><strong>’μὴ</strong></span> <span class='ocrx_word' id='word_1_459' title='bbox 1502 4260 1703 4330; x_wconf 85' lang='grc' dir='ltr'>παρείη</span> 
     </span>
    </p>
   </div>
   <div class='ocr_carea' id='block_1_63' title="bbox 122 4350 1703 4425">
    <p class='ocr_par' dir='ltr' id='par_1_63' title="bbox 122 4350 1703 4425">
     <span class='ocr_line' id='line_1_63' title="bbox 122 4350 1703 4425; baseline -0.006 -14"><span class='ocrx_word' id='word_1_460' title='bbox 122 4356 266 4411; x_wconf 68' lang='grc' dir='ltr'>κατὰ</span> <span class='ocrx_word' id='word_1_461' title='bbox 309 4355 409 4425; x_wconf 78' lang='grc' dir='ltr'><strong>τὴν</strong></span> <span class='ocrx_word' id='word_1_462' title='bbox 462 4352 746 4424; x_wconf 82' lang='grc' dir='ltr'>παροῦσαν</span> <span class='ocrx_word' id='word_1_463' title='bbox 794 4354 960 4425; x_wconf 80' lang='grc' dir='ltr'>ζωὴν,</span> <span class='ocrx_word' id='word_1_464' title='bbox 1003 4352 1175 4423; x_wconf 80' lang='grc' dir='ltr'>ζημία</span> <span class='ocrx_word' id='word_1_465' title='bbox 1217 4352 1426 4420; x_wconf 84' lang='grc' dir='ltr'>γίνεται</span> <span class='ocrx_word' id='word_1_466' title='bbox 1456 4350 1549 4404; x_wconf 80' lang='grc' dir='ltr'>τοῦ</span> <span class='ocrx_word' id='word_1_467' title='bbox 1586 4350 1703 4420; x_wconf 86' lang='grc' dir='ltr'>βίου</span> 
     </span>
    </p>
   </div>
   <div class='ocr_carea' id='block_1_64' title="bbox 1796 1865 3368 1937">
    <p class='ocr_par' dir='ltr' id='par_1_64' title="bbox 1796 1865 3368 1937">
     <span class='ocr_line' id='line_1_64' title="bbox 1796 1865 3368 1937; baseline 0.001 -20"><span class='ocrx_word' id='word_1_468' title='bbox 1796 1872 1937 1918; x_wconf 72' lang='lat' dir='ltr'><strong>nota:</strong></span> <span class='ocrx_word' id='word_1_469' title='bbox 1973 1865 2413 1937; x_wconf 62' lang='lat' dir='ltr'><strong>pervulgatazque</strong></span> <span class='ocrx_word' id='word_1_470' title='bbox 2448 1869 2527 1921; x_wconf 90' lang='lat' dir='ltr'><strong>rei</strong></span> <span class='ocrx_word' id='word_1_471' title='bbox 2558 1867 2865 1937; x_wconf 88' lang='lat' dir='ltr'><strong>cujuspiam</strong></span> <span class='ocrx_word' id='word_1_472' title='bbox 2899 1868 3146 1936; x_wconf 76' lang='lat' dir='ltr'><strong>exemplo</strong></span> <span class='ocrx_word' id='word_1_473' title='bbox 3186 1867 3368 1921; x_wconf 85' lang='lat' dir='ltr'><strong>decla-</strong></span> 
     </span>
    </p>
   </div>
   <div class='ocr_carea' id='block_1_65' title="bbox 1797 1957 3369 2014">
    <p class='ocr_par' dir='ltr' id='par_1_65' title="bbox 1797 1957 3369 2014">
     <span class='ocr_line' id='line_1_65' title="bbox 1797 1957 3369 2014; baseline 0.001 -5"><span class='ocrx_word' id='word_1_474' title='bbox 1797 1971 2003 2013; x_wconf 86' lang='lat' dir='ltr'><strong>remus.</strong></span> <span class='ocrx_word' id='word_1_475' title='bbox 2042 1957 2164 2010; x_wconf 86' lang='lat' dir='ltr'><strong>Arti</strong></span> <span class='ocrx_word' id='word_1_476' title='bbox 2213 1959 2420 2013; x_wconf 66' lang='lat' dir='ltr'><strong>aeraria:</strong></span> <span class='ocrx_word' id='word_1_477' title='bbox 2454 1960 2605 2014; x_wconf 90' lang='lat' dir='ltr'><strong>utilis</strong></span> <span class='ocrx_word' id='word_1_478' title='bbox 2643 1968 2729 2014; x_wconf 90' lang='lat' dir='ltr'><strong>est</strong></span> <span class='ocrx_word' id='word_1_479' title='bbox 2771 1959 2903 2013; x_wconf 89' lang='lat' dir='ltr'><strong>ferri</strong></span> <span class='ocrx_word' id='word_1_480' title='bbox 2936 1958 3127 2013; x_wconf 85' lang='lat' dir='ltr'><strong>infecti</strong></span> <span class='ocrx_word' id='word_1_481' title='bbox 3177 1959 3369 2012; x_wconf 84' lang='lat' dir='ltr'><strong>illabo-</strong></span> 
     </span>
    </p>
   </div>
   <div class='ocr_carea' id='block_1_66' title="bbox 1796 2047 3365 2120">
    <p class='ocr_par' dir='ltr' id='par_1_66' title="bbox 1796 2047 3365 2120">
     <span class='ocr_line' id='line_1_66' title="bbox 1796 2047 3365 2120; baseline -0.001 -19"><span class='ocrx_word' id='word_1_482' title='bbox 1796 2048 2013 2118; x_wconf 87' lang='lat' dir='ltr'><strong>ratique</strong></span> <span class='ocrx_word' id='word_1_483' title='bbox 2052 2063 2255 2114; x_wconf 88' lang='lat' dir='ltr'><strong>massa,</strong></span> <span class='ocrx_word' id='word_1_484' title='bbox 2299 2049 2428 2103; x_wconf 91' lang='lat' dir='ltr'><strong>dum</strong></span> <span class='ocrx_word' id='word_1_485' title='bbox 2485 2065 2549 2105; x_wconf 89' lang='lat' dir='ltr'><strong>ea</strong></span> <span class='ocrx_word' id='word_1_486' title='bbox 2591 2065 2691 2120; x_wconf 91' lang='lat' dir='ltr'><strong>pro</strong></span> <span class='ocrx_word' id='word_1_487' title='bbox 2748 2050 2947 2104; x_wconf 87' lang='lat' dir='ltr'><strong>incude</strong></span> <span class='ocrx_word' id='word_1_488' title='bbox 2977 2047 3132 2104; x_wconf 83' lang='lat' dir='ltr'><strong>faber</strong></span> <span class='ocrx_word' id='word_1_489' title='bbox 3170 2050 3365 2102; x_wconf 79' lang='lat' dir='ltr'><strong>utitur.</strong></span> 
     </span>
    </p>
   </div>
   <div class='ocr_carea' id='block_1_67' title="bbox 1796 2138 3370 2211">
    <p class='ocr_par' dir='ltr' id='par_1_67' title="bbox 1796 2138 3370 2211">
     <span class='ocr_line' id='line_1_67' title="bbox 1796 2138 3370 2211; baseline 0.001 -19"><span class='ocrx_word' id='word_1_490' title='bbox 1796 2139 1865 2193; x_wconf 88' lang='lat' dir='ltr'><strong>At</strong></span> <span class='ocrx_word' id='word_1_491' title='bbox 1891 2154 2017 2195; x_wconf 91' lang='lat' dir='ltr'><strong>cum</strong></span> <span class='ocrx_word' id='word_1_492' title='bbox 2053 2154 2193 2210; x_wconf 88' lang='lat' dir='ltr'><strong>opus</strong></span> <span class='ocrx_word' id='word_1_493' title='bbox 2225 2149 2309 2195; x_wconf 91' lang='lat' dir='ltr'><strong>est</strong></span> <span class='ocrx_word' id='word_1_494' title='bbox 2342 2141 2489 2196; x_wconf 88' lang='lat' dir='ltr'><strong>ferro</strong></span> <span class='ocrx_word' id='word_1_495' title='bbox 2539 2142 2606 2195; x_wconf 92' lang='lat' dir='ltr'><strong>ad</strong></span> <span class='ocrx_word' id='word_1_496' title='bbox 2651 2156 2792 2211; x_wconf 90' lang='lat' dir='ltr'><strong>opus</strong></span> <span class='ocrx_word' id='word_1_497' title='bbox 2843 2140 3063 2208; x_wconf 85' lang='lat' dir='ltr'><strong>aliquod</strong></span> <span class='ocrx_word' id='word_1_498' title='bbox 3114 2138 3370 2193; x_wconf 89' lang='lat' dir='ltr'><strong>subtilius</strong></span> 
     </span>
    </p>
   </div>
   <div class='ocr_carea' id='block_1_68' title="bbox 1796 2230 3373 2302">
    <p class='ocr_par' dir='ltr' id='par_1_68' title="bbox 1796 2230 3373 2302">
     <span class='ocr_line' id='line_1_68' title="bbox 1796 2230 3373 2302; baseline -0.003 -16"><span class='ocrx_word' id='word_1_499' title='bbox 1796 2241 1851 2286; x_wconf 90' lang='lat' dir='ltr'><strong>et</strong></span> <span class='ocrx_word' id='word_1_500' title='bbox 1885 2230 2063 2302; x_wconf 87' lang='lat' dir='ltr'><strong>magis</strong></span> <span class='ocrx_word' id='word_1_501' title='bbox 2094 2232 2438 2287; x_wconf 88' lang='lat' dir='ltr'><strong>elaboratum</strong></span> <span class='ocrx_word' id='word_1_502' title='bbox 2465 2232 2889 2296; x_wconf 88' lang='lat' dir='ltr'><strong>conficiendum,</strong></span> <span class='ocrx_word' id='word_1_503' title='bbox 2928 2241 3061 2287; x_wconf 92' lang='lat' dir='ltr'><strong>tunc</strong></span> <span class='ocrx_word' id='word_1_504' title='bbox 3090 2233 3215 2301; x_wconf 85' lang='lat' dir='ltr'><strong>igne</strong></span> <span class='ocrx_word' id='word_1_505' title='bbox 3250 2230 3373 2283; x_wconf 89' lang='lat' dir='ltr'><strong>dili-</strong></span> 
     </span>
    </p>
   </div>
   <div class='ocr_carea' id='block_1_69' title="bbox 1798 2324 3373 2395">
    <p class='ocr_par' dir='ltr' id='par_1_69' title="bbox 1798 2324 3373 2395">
     <span class='ocr_line' id='line_1_69' title="bbox 1798 2324 3373 2395; baseline -0.002 -18"><span class='ocrx_word' id='word_1_506' title='bbox 1798 2332 1991 2393; x_wconf 84' lang='lat' dir='ltr'><strong>genter</strong></span> <span class='ocrx_word' id='word_1_507' title='bbox 2050 2333 2428 2395; x_wconf 78' lang='lat' dir='ltr'><strong>expurgantur</strong></span> <span class='ocrx_word' id='word_1_508' title='bbox 2489 2338 2688 2380; x_wconf 72' lang='lat' dir='ltr'><strong>masstn</strong></span> <span class='ocrx_word' id='word_1_509' title='bbox 2754 2324 2901 2378; x_wconf 92' lang='lat' dir='ltr'><strong>illius</strong></span> <span class='ocrx_word' id='word_1_510' title='bbox 2961 2332 3155 2377; x_wconf 78' lang='lat' dir='ltr'><strong>terrea:</strong></span> <span class='ocrx_word' id='word_1_511' title='bbox 3210 2329 3373 2391; x_wconf 89' lang='lat' dir='ltr'><strong>atque</strong></span> 
     </span>
    </p>
   </div>
   <div class='ocr_carea' id='block_1_70' title="bbox 1799 2414 3371 2486">
    <p class='ocr_par' dir='ltr' id='par_1_70' title="bbox 1799 2414 3371 2486">
     <span class='ocr_line' id='line_1_70' title="bbox 1799 2414 3371 2486; baseline -0.002 -17"><span class='ocrx_word' id='word_1_512' title='bbox 1799 2415 2022 2470; x_wconf 86' lang='lat' dir='ltr'><strong>inutiles</strong></span> <span class='ocrx_word' id='word_1_513' title='bbox 2062 2414 2246 2478; x_wconf 74' lang='lat' dir='ltr'><strong>faeces,</strong></span> <span class='ocrx_word' id='word_1_514' title='bbox 2300 2431 2457 2485; x_wconf 87' lang='lat' dir='ltr'><strong>quas.</strong></span> <span class='ocrx_word' id='word_1_515' title='bbox 2503 2416 2597 2486; x_wconf 87' lang='lat' dir='ltr'><strong>qui</strong></span> <span class='ocrx_word' id='word_1_516' title='bbox 2654 2416 2789 2469; x_wconf 88' lang='lat' dir='ltr'><strong>artis</strong></span> <span class='ocrx_word' id='word_1_517' title='bbox 2843 2416 2963 2485; x_wconf 91' lang='lat' dir='ltr'><strong>ejus</strong></span> <span class='ocrx_word' id='word_1_518' title='bbox 3019 2415 3178 2485; x_wconf 88' lang='lat' dir='ltr'><strong>periti</strong></span> <span class='ocrx_word' id='word_1_519' title='bbox 3223 2422 3371 2479; x_wconf 88' lang='lat' dir='ltr'><strong>sunt,</strong></span> 
     </span>
    </p>
   </div>
   <div class='ocr_carea' id='block_1_71' title="bbox 1800 2507 3374 2580">
    <p class='ocr_par' dir='ltr' id='par_1_71' title="bbox 1800 2507 3374 2580">
     <span class='ocr_line' id='line_1_71' title="bbox 1800 2507 3374 2580; baseline -0.004 -15"><span class='ocrx_word' id='word_1_520' title='bbox 1800 2509 2039 2565; x_wconf 89' lang='lat' dir='ltr'><strong>seoriam</strong></span> <span class='ocrx_word' id='word_1_521' title='bbox 2075 2509 2373 2580; x_wconf 87' lang='lat' dir='ltr'><strong>appellant.</strong></span> <span class='ocrx_word' id='word_1_522' title='bbox 2417 2509 2595 2578; x_wconf 82' lang='lat' dir='ltr'><strong>Atque</strong></span> <span class='ocrx_word' id='word_1_523' title='bbox 2647 2509 2721 2563; x_wconf 90' lang='lat' dir='ltr'><strong>ita</strong></span> <span class='ocrx_word' id='word_1_524' title='bbox 2758 2508 2906 2577; x_wconf 86' lang='lat' dir='ltr'><strong>quod</strong></span> <span class='ocrx_word' id='word_1_525' title='bbox 2946 2508 3076 2561; x_wconf 90' lang='lat' dir='ltr'><strong>olim</strong></span> <span class='ocrx_word' id='word_1_526' title='bbox 3114 2514 3231 2561; x_wconf 88' lang='lat' dir='ltr'><strong>erat</strong></span> <span class='ocrx_word' id='word_1_527' title='bbox 3287 2507 3374 2559; x_wconf 88' lang='lat' dir='ltr'><strong>in-</strong></span> 
     </span>
    </p>
   </div>
   <div class='ocr_carea' id='block_1_72' title="bbox 1800 2599 3375 2665">
    <p class='ocr_par' dir='ltr' id='par_1_72' title="bbox 1800 2599 3375 2665">
     <span class='ocr_line' id='line_1_72' title="bbox 1800 2599 3375 2665; baseline -0.001 -11"><span class='ocrx_word' id='word_1_528' title='bbox 1800 2616 1898 2656; x_wconf 91' lang='lat' dir='ltr'><strong>eus</strong></span> <span class='ocrx_word' id='word_1_529' title='bbox 1952 2599 2173 2655; x_wconf 89' lang='lat' dir='ltr'><strong>rudisve</strong></span> <span class='ocrx_word' id='word_1_530' title='bbox 2233 2600 2360 2654; x_wconf 90' lang='lat' dir='ltr'><strong>ferri</strong></span> <span class='ocrx_word' id='word_1_531' title='bbox 2410 2616 2630 2665; x_wconf 88' lang='lat' dir='ltr'><strong>massa,</strong></span> <span class='ocrx_word' id='word_1_532' title='bbox 2694 2601 2970 2657; x_wconf 87' lang='lat' dir='ltr'><strong>subtiliter</strong></span> <span class='ocrx_word' id='word_1_533' title='bbox 3035 2600 3375 2654; x_wconf 89' lang='lat' dir='ltr'><strong>elaboratum</strong></span> 
     </span>
    </p>
   </div>
   <div class='ocr_carea' id='block_1_73' title="bbox 1800 2690 3377 2761">
    <p class='ocr_par' dir='ltr' id='par_1_73' title="bbox 1800 2690 3377 2761">
     <span class='ocr_line' id='line_1_73' title="bbox 1800 2690 3377 2761; baseline -0.001 -17"><span class='ocrx_word' id='word_1_534' title='bbox 1800 2691 1970 2744; x_wconf 90' lang='lat' dir='ltr'><strong>lorica</strong></span> <span class='ocrx_word' id='word_1_535' title='bbox 2004 2690 2084 2755; x_wconf 85' lang='lat' dir='ltr'><strong>fit,</strong></span> <span class='ocrx_word' id='word_1_536' title='bbox 2130 2699 2224 2744; x_wconf 91' lang='lat' dir='ltr'><strong>aut</strong></span> <span class='ocrx_word' id='word_1_537' title='bbox 2264 2690 2485 2760; x_wconf 89' lang='lat' dir='ltr'><strong>aliquod</strong></span> <span class='ocrx_word' id='word_1_538' title='bbox 2523 2690 2672 2744; x_wconf 88' lang='lat' dir='ltr'><strong>aliud</strong></span> <span class='ocrx_word' id='word_1_539' title='bbox 2707 2706 2847 2760; x_wconf 90' lang='lat' dir='ltr'><strong>opus</strong></span> <span class='ocrx_word' id='word_1_540' title='bbox 2878 2691 3155 2761; x_wconf 85' lang='lat' dir='ltr'><strong>egregium</strong></span> <span class='ocrx_word' id='word_1_541' title='bbox 3200 2700 3253 2745; x_wconf 87' lang='lat' dir='ltr'><strong>et</strong></span> <span class='ocrx_word' id='word_1_542' title='bbox 3284 2707 3377 2743; x_wconf 78' lang='lat' dir='ltr'><strong>ex-</strong></span> 
     </span>
    </p>
   </div>
   <div class='ocr_carea' id='block_1_74' title="bbox 1801 2780 3380 2851">
    <p class='ocr_par' dir='ltr' id='par_1_74' title="bbox 1801 2780 3380 2851">
     <span class='ocr_line' id='line_1_74' title="bbox 1801 2780 3380 2851; baseline 0.001 -17"><span class='ocrx_word' id='word_1_543' title='bbox 1801 2781 2053 2851; x_wconf 89' lang='lat' dir='ltr'><strong>politum,</strong></span> <span class='ocrx_word' id='word_1_544' title='bbox 2104 2780 2527 2850; x_wconf 80' lang='lat' dir='ltr'><strong>supervacaneis</strong></span> <span class='ocrx_word' id='word_1_545' title='bbox 2580 2782 2634 2835; x_wconf 93' lang='lat' dir='ltr'><strong>in</strong></span> <span class='ocrx_word' id='word_1_546' title='bbox 2668 2780 2891 2836; x_wconf 85' lang='lat' dir='ltr'><strong>fornace</strong></span> <span class='ocrx_word' id='word_1_547' title='bbox 2939 2782 3181 2835; x_wconf 85' lang='lat' dir='ltr'><strong>excoctis</strong></span> <span class='ocrx_word' id='word_1_548' title='bbox 3230 2782 3380 2849; x_wconf 84' lang='lat' dir='ltr'><strong>abje-</strong></span> 
     </span>
    </p>
   </div>
   <div class='ocr_carea' id='block_1_75' title="bbox 1801 2872 3379 2943">
    <p class='ocr_par' dir='ltr' id='par_1_75' title="bbox 1801 2872 3379 2943">
     <span class='ocr_line' id='line_1_75' title="bbox 1801 2872 3379 2943; baseline -0.001 -16"><span class='ocrx_word' id='word_1_549' title='bbox 1801 2873 2015 2942; x_wconf 86' lang='lat' dir='ltr'><strong>ctisque</strong></span> <span class='ocrx_word' id='word_1_550' title='bbox 2058 2872 2336 2937; x_wconf 87' lang='lat' dir='ltr'><strong>sordibus,</strong></span> <span class='ocrx_word' id='word_1_551' title='bbox 2388 2888 2508 2942; x_wconf 79' lang='lat' dir='ltr'><strong>qua:</strong></span> <span class='ocrx_word' id='word_1_552' title='bbox 2538 2881 2723 2927; x_wconf 86' lang='lat' dir='ltr'><strong>tamen</strong></span> <span class='ocrx_word' id='word_1_553' title='bbox 2780 2873 2832 2926; x_wconf 89' lang='lat' dir='ltr'><strong>in</strong></span> <span class='ocrx_word' id='word_1_554' title='bbox 2869 2873 2987 2943; x_wconf 89' lang='lat' dir='ltr'><strong>ipsa</strong></span> <span class='ocrx_word' id='word_1_555' title='bbox 3043 2872 3238 2926; x_wconf 88' lang='lat' dir='ltr'><strong>incude</strong></span> <span class='ocrx_word' id='word_1_556' title='bbox 3286 2882 3379 2925; x_wconf 85' lang='lat' dir='ltr'><strong>aut</strong></span> 
     </span>
    </p>
   </div>
   <div class='ocr_carea' id='block_1_76' title="bbox 1804 2964 3377 3035">
    <p class='ocr_par' dir='ltr' id='par_1_76' title="bbox 1804 2964 3377 3035">
     <span class='ocr_line' id='line_1_76' title="bbox 1804 2964 3377 3035; baseline -0.002 -15"><span class='ocrx_word' id='word_1_557' title='bbox 1804 2982 1987 3022; x_wconf 87' lang='lat' dir='ltr'><strong>massa</strong></span> <span class='ocrx_word' id='word_1_558' title='bbox 2037 2965 2404 3021; x_wconf 74' lang='lat' dir='ltr'><strong>considerata:</strong></span> <span class='ocrx_word' id='word_1_559' title='bbox 2454 2978 2809 3035; x_wconf 66' lang='lat' dir='ltr'><strong>supervacua:</strong></span> <span class='ocrx_word' id='word_1_560' title='bbox 2861 2979 2969 3017; x_wconf 90' lang='lat' dir='ltr'><strong>non</strong></span> <span class='ocrx_word' id='word_1_561' title='bbox 3017 2964 3377 3033; x_wconf 88' lang='lat' dir='ltr'><strong>putabantur.</strong></span> 
     </span>
    </p>
   </div>
   <div class='ocr_carea' id='block_1_77' title="bbox 1802 3056 3380 3126">
    <p class='ocr_par' dir='ltr' id='par_1_77' title="bbox 1802 3056 3380 3126">
     <span class='ocr_line' id='line_1_77' title="bbox 1802 3056 3380 3126; baseline -0.002 -15"><span class='ocrx_word' id='word_1_562' title='bbox 1802 3058 2031 3113; x_wconf 80' lang='lat' dir='ltr'><strong>Confert</strong></span> <span class='ocrx_word' id='word_1_563' title='bbox 2072 3057 2217 3113; x_wconf 91' lang='lat' dir='ltr'><strong>enim</strong></span> <span class='ocrx_word' id='word_1_564' title='bbox 2252 3056 2457 3126; x_wconf 89' lang='lat' dir='ltr'><strong>aliquid</strong></span> <span class='ocrx_word' id='word_1_565' title='bbox 2493 3057 2561 3110; x_wconf 89' lang='lat' dir='ltr'><strong>ad</strong></span> <span class='ocrx_word' id='word_1_566' title='bbox 2594 3056 2722 3111; x_wconf 89' lang='lat' dir='ltr'><strong>ferri</strong></span> <span class='ocrx_word' id='word_1_567' title='bbox 2762 3056 2958 3110; x_wconf 91' lang='lat' dir='ltr'><strong>molem</strong></span> <span class='ocrx_word' id='word_1_568' title='bbox 2995 3056 3161 3110; x_wconf 85' lang='lat' dir='ltr'><strong>etiam</strong></span> <span class='ocrx_word' id='word_1_569' title='bbox 3200 3057 3380 3112; x_wconf 84' lang='lat' dir='ltr'><strong>scoria</strong></span> 
     </span>
    </p>
   </div>
   <div class='ocr_carea' id='block_1_78' title="bbox 1803 3146 3383 3220">
    <p class='ocr_par' dir='ltr' id='par_1_78' title="bbox 1803 3146 3383 3220">
     <span class='ocr_line' id='line_1_78' title="bbox 1803 3146 3383 3220; baseline -0.001 -16"><span class='ocrx_word' id='word_1_570' title='bbox 1803 3152 1859 3204; x_wconf 91' lang='lat' dir='ltr'><strong>in</strong></span> <span class='ocrx_word' id='word_1_571' title='bbox 1917 3164 2097 3205; x_wconf 88' lang='lat' dir='ltr'><strong>massa</strong></span> <span class='ocrx_word' id='word_1_572' title='bbox 2157 3149 2441 3220; x_wconf 85' lang='lat' dir='ltr'><strong>permista.</strong></span> <span class='ocrx_word' id='word_1_573' title='bbox 2502 3147 2859 3218; x_wconf 89' lang='lat' dir='ltr'><strong>Perspicuum</strong></span> <span class='ocrx_word' id='word_1_574' title='bbox 2930 3146 3033 3200; x_wconf 88' lang='lat' dir='ltr'><strong>hoe</strong></span> <span class='ocrx_word' id='word_1_575' title='bbox 3082 3147 3239 3202; x_wconf 88' lang='lat' dir='ltr'><strong>nobis</strong></span> <span class='ocrx_word' id='word_1_576' title='bbox 3299 3158 3383 3202; x_wconf 86' lang='lat' dir='ltr'><strong>est</strong></span> 
     </span>
    </p>
   </div>
   <div class='ocr_carea' id='block_1_79' title="bbox 1801 3240 3382 3311">
    <p class='ocr_par' dir='ltr' id='par_1_79' title="bbox 1801 3240 3382 3311">
     <span class='ocr_line' id='line_1_79' title="bbox 1801 3240 3382 3311; baseline -0.003 -15"><span class='ocrx_word' id='word_1_577' title='bbox 1801 3242 2111 3311; x_wconf 84' lang='lat' dir='ltr'><strong>exemplum</strong></span> <span class='ocrx_word' id='word_1_578' title='bbox 2148 3258 2163 3294; x_wconf 85' lang='lat'><strong>;</strong></span> <span class='ocrx_word' id='word_1_579' title='bbox 2195 3240 2673 3295; x_wconf 89' lang='lat' dir='ltr'><strong>aeeommodemus</strong></span> <span class='ocrx_word' id='word_1_580' title='bbox 2698 3254 2843 3293; x_wconf 91' lang='lat' dir='ltr'><strong>nunc</strong></span> <span class='ocrx_word' id='word_1_581' title='bbox 2885 3249 3204 3308; x_wconf 66' lang='lat' dir='ltr'><strong>prmsentem</strong></span> <span class='ocrx_word' id='word_1_582' title='bbox 3250 3254 3382 3293; x_wconf 88' lang='lat' dir='ltr'><strong>eon-</strong></span> 
     </span>
    </p>
   </div>
   <div class='ocr_carea' id='block_1_80' title="bbox 1804 3331 3384 3401">
    <p class='ocr_par' dir='ltr' id='par_1_80' title="bbox 1804 3331 3384 3401">
     <span class='ocr_line' id='line_1_80' title="bbox 1804 3331 3384 3401; baseline -0.001 -15"><span class='ocrx_word' id='word_1_583' title='bbox 1804 3332 2200 3387; x_wconf 89' lang='lat' dir='ltr'><strong>siderationem</strong></span> <span class='ocrx_word' id='word_1_584' title='bbox 2249 3332 2314 3385; x_wconf 88' lang='lat' dir='ltr'><strong>ad</strong></span> <span class='ocrx_word' id='word_1_585' title='bbox 2360 3347 2481 3385; x_wconf 89' lang='lat' dir='ltr'><strong>eam</strong></span> <span class='ocrx_word' id='word_1_586' title='bbox 2516 3346 2637 3401; x_wconf 68' lang='lat' dir='ltr'><strong>qua:</strong></span> <span class='ocrx_word' id='word_1_587' title='bbox 2670 3331 2723 3384; x_wconf 92' lang='lat' dir='ltr'><strong>in</strong></span> <span class='ocrx_word' id='word_1_588' title='bbox 2755 3331 3005 3400; x_wconf 80' lang='lat' dir='ltr'><strong>exemplo</strong></span> <span class='ocrx_word' id='word_1_589' title='bbox 3047 3331 3384 3401; x_wconf 86' lang='lat' dir='ltr'><strong>conspicitur</strong></span> 
     </span>
    </p>
   </div>
   <div class='ocr_carea' id='block_1_81' title="bbox 1809 3420 3383 3493">
    <p class='ocr_par' dir='ltr' id='par_1_81' title="bbox 1809 3420 3383 3493">
     <span class='ocr_line' id='line_1_81' title="bbox 1809 3420 3383 3493; baseline -0.001 -17"><span class='ocrx_word' id='word_1_590' title='bbox 1809 3421 2267 3493; x_wconf 87' lang='lat' dir='ltr'><strong>intelligentiam:</strong></span> <span class='ocrx_word' id='word_1_591' title='bbox 2300 3421 2561 3491; x_wconf 89' lang='lat' dir='ltr'><strong>quidnam</strong></span> <span class='ocrx_word' id='word_1_592' title='bbox 2609 3420 2775 3491; x_wconf 80' lang='lat' dir='ltr'><strong>igitur</strong></span> <span class='ocrx_word' id='word_1_593' title='bbox 2808 3420 2955 3475; x_wconf 85' lang='lat' dir='ltr'><strong>istud</strong></span> <span class='ocrx_word' id='word_1_594' title='bbox 3008 3422 3125 3476; x_wconf 85' lang='lat' dir='ltr'><strong>est?</strong></span> <span class='ocrx_word' id='word_1_595' title='bbox 3160 3422 3263 3475; x_wconf 88' lang='lat' dir='ltr'><strong>hoc</strong></span> <span class='ocrx_word' id='word_1_596' title='bbox 3298 3423 3383 3475; x_wconf 84' lang='lat' dir='ltr'><strong>ni-</strong></span> 
     </span>
    </p>
   </div>
   <div class='ocr_carea' id='block_1_82' title="bbox 1804 3512 3380 3583">
    <p class='ocr_par' dir='ltr' id='par_1_82' title="bbox 1804 3512 3380 3583">
     <span class='ocr_line' id='line_1_82' title="bbox 1804 3512 3380 3583; baseline 0.002 -17"><span class='ocrx_word' id='word_1_597' title='bbox 1804 3512 2027 3567; x_wconf 79' lang='lat' dir='ltr'><strong>mirum.</strong></span> <span class='ocrx_word' id='word_1_598' title='bbox 2062 3512 2257 3567; x_wconf 84' lang='lat' dir='ltr'><strong>Multas</strong></span> <span class='ocrx_word' id='word_1_599' title='bbox 2284 3527 2430 3566; x_wconf 91' lang='lat' dir='ltr'><strong>nunc</strong></span> <span class='ocrx_word' id='word_1_600' title='bbox 2456 3513 2619 3566; x_wconf 85' lang='lat' dir='ltr'><strong>habet</strong></span> <span class='ocrx_word' id='word_1_601' title='bbox 2643 3521 2839 3566; x_wconf 89' lang='lat' dir='ltr'><strong>natura</strong></span> <span class='ocrx_word' id='word_1_602' title='bbox 2880 3514 3129 3583; x_wconf 87' lang='lat' dir='ltr'><strong>corporis</strong></span> <span class='ocrx_word' id='word_1_603' title='bbox 3169 3515 3380 3577; x_wconf 86' lang='lat' dir='ltr'><strong>sordes,</strong></span> 
     </span>
    </p>
   </div>
   <div class='ocr_carea' id='block_1_83' title="bbox 1805 3604 3383 3675">
    <p class='ocr_par' dir='ltr' id='par_1_83' title="bbox 1805 3604 3383 3675">
     <span class='ocr_line' id='line_1_83' title="bbox 1805 3604 3383 3675; baseline 0.003 -18"><span class='ocrx_word' id='word_1_604' title='bbox 1805 3618 1871 3657; x_wconf 89' lang='lat' dir='ltr'><strong>ae</strong></span> <span class='ocrx_word' id='word_1_605' title='bbox 1912 3604 2079 3659; x_wconf 85' lang='lat' dir='ltr'><strong>veluti</strong></span> <span class='ocrx_word' id='word_1_606' title='bbox 2126 3605 2395 3669; x_wconf 88' lang='lat' dir='ltr'><strong>scoriam,</strong></span> <span class='ocrx_word' id='word_1_607' title='bbox 2444 3604 2741 3675; x_wconf 89' lang='lat' dir='ltr'><strong>quamdam</strong></span> <span class='ocrx_word' id='word_1_608' title='bbox 2786 3607 3045 3674; x_wconf 70' lang='lat' dir='ltr'><strong>prtesenti</strong></span> <span class='ocrx_word' id='word_1_609' title='bbox 3102 3608 3225 3662; x_wconf 69' lang='lat' dir='ltr'><strong>vita:</strong></span> <span class='ocrx_word' id='word_1_610' title='bbox 3276 3624 3383 3661; x_wconf 91' lang='lat' dir='ltr'><strong>non</strong></span> 
     </span>
    </p>
   </div>
   <div class='ocr_carea' id='block_1_84' title="bbox 1806 3696 3384 3766">
    <p class='ocr_par' dir='ltr' id='par_1_84' title="bbox 1806 3696 3384 3766">
     <span class='ocr_line' id='line_1_84' title="bbox 1806 3696 3384 3766; baseline 0.001 -16"><span class='ocrx_word' id='word_1_611' title='bbox 1806 3697 2055 3750; x_wconf 89' lang='lat' dir='ltr'><strong>inutilem</strong></span> <span class='ocrx_word' id='word_1_612' title='bbox 2102 3696 2250 3750; x_wconf 88' lang='lat' dir='ltr'><strong>illam</strong></span> <span class='ocrx_word' id='word_1_613' title='bbox 2312 3697 2533 3766; x_wconf 86' lang='lat' dir='ltr'><strong>quidem</strong></span> <span class='ocrx_word' id='word_1_614' title='bbox 2591 3697 2775 3765; x_wconf 88' lang='lat' dir='ltr'><strong>aliquo</strong></span> <span class='ocrx_word' id='word_1_615' title='bbox 2820 3698 3004 3761; x_wconf 89' lang='lat' dir='ltr'><strong>modo,</strong></span> <span class='ocrx_word' id='word_1_616' title='bbox 3058 3699 3151 3752; x_wconf 91' lang='lat' dir='ltr'><strong>sed</strong></span> <span class='ocrx_word' id='word_1_617' title='bbox 3202 3707 3384 3753; x_wconf 89' lang='lat' dir='ltr'><strong>tamen</strong></span> 
     </span>
    </p>
   </div>
   <div class='ocr_carea' id='block_1_85' title="bbox 1806 3784 3381 3857">
    <p class='ocr_par' dir='ltr' id='par_1_85' title="bbox 1806 3784 3381 3857">
     <span class='ocr_line' id='line_1_85' title="bbox 1806 3784 3381 3857; baseline 0.002 -18"><span class='ocrx_word' id='word_1_618' title='bbox 1806 3786 2037 3840; x_wconf 83' lang='lat' dir='ltr'><strong>alienam</strong></span> <span class='ocrx_word' id='word_1_619' title='bbox 2080 3800 2312 3856; x_wconf 89' lang='lat' dir='ltr'><strong>prorsus</strong></span> <span class='ocrx_word' id='word_1_620' title='bbox 2347 3789 2417 3839; x_wconf 87' lang='lat' dir='ltr'><strong>ab</strong></span> <span class='ocrx_word' id='word_1_621' title='bbox 2446 3801 2509 3840; x_wconf 89' lang='lat' dir='ltr'><strong>ea</strong></span> <span class='ocrx_word' id='word_1_622' title='bbox 2559 3784 2842 3849; x_wconf 85' lang='lat' dir='ltr'><strong>felicitate,</strong></span> <span class='ocrx_word' id='word_1_623' title='bbox 2882 3801 3043 3853; x_wconf 89' lang='lat' dir='ltr'><strong>quam</strong></span> <span class='ocrx_word' id='word_1_624' title='bbox 3096 3798 3381 3857; x_wconf 81' lang='lat' dir='ltr'><strong>exspecta—</strong></span> 
     </span>
    </p>
   </div>
   <div class='ocr_carea' id='block_1_86' title="bbox 1806 3876 3385 3950">
    <p class='ocr_par' dir='ltr' id='par_1_86' title="bbox 1806 3876 3385 3950">
     <span class='ocr_line' id='line_1_86' title="bbox 1806 3876 3385 3950; baseline 0.001 -18"><span class='ocrx_word' id='word_1_625' title='bbox 1806 3892 1950 3932; x_wconf 90' lang='lat' dir='ltr'><strong>mus.</strong></span> <span class='ocrx_word' id='word_1_626' title='bbox 1974 3876 2442 3943; x_wconf 87' lang='lat' dir='ltr'><strong>Quemadmodum</strong></span> <span class='ocrx_word' id='word_1_627' title='bbox 2476 3878 2641 3949; x_wconf 82' lang='lat' dir='ltr'><strong>igitur</strong></span> <span class='ocrx_word' id='word_1_628' title='bbox 2684 3878 2738 3931; x_wconf 91' lang='lat' dir='ltr'><strong>in</strong></span> <span class='ocrx_word' id='word_1_629' title='bbox 2770 3878 2993 3934; x_wconf 89' lang='lat' dir='ltr'><strong>fornace</strong></span> <span class='ocrx_word' id='word_1_630' title='bbox 3035 3878 3175 3950; x_wconf 87' lang='lat' dir='ltr'><strong>ignis</strong></span> <span class='ocrx_word' id='word_1_631' title='bbox 3207 3882 3385 3935; x_wconf 88' lang='lat' dir='ltr'><strong>aufert</strong></span> 
     </span>
    </p>
   </div>
   <div class='ocr_carea' id='block_1_87' title="bbox 1805 3967 3382 4039">
    <p class='ocr_par' dir='ltr' id='par_1_87' title="bbox 1805 3967 3382 4039">
     <span class='ocr_line' id='line_1_87' title="bbox 1805 3967 3382 4039; baseline 0.001 -15"><span class='ocrx_word' id='word_1_632' title='bbox 1805 3976 1859 4024; x_wconf 87' lang='lat' dir='ltr'><strong>et</strong></span> <span class='ocrx_word' id='word_1_633' title='bbox 1901 3967 2139 4023; x_wconf 88' lang='lat' dir='ltr'><strong>absumit</strong></span> <span class='ocrx_word' id='word_1_634' title='bbox 2184 3968 2450 4039; x_wconf 88' lang='lat' dir='ltr'><strong>quidquid</strong></span> <span class='ocrx_word' id='word_1_635' title='bbox 2506 3970 2564 4021; x_wconf 94' lang='lat' dir='ltr'><strong>in</strong></span> <span class='ocrx_word' id='word_1_636' title='bbox 2618 3968 2766 4024; x_wconf 88' lang='lat' dir='ltr'><strong>ferro</strong></span> <span class='ocrx_word' id='word_1_637' title='bbox 2820 3979 2904 4025; x_wconf 90' lang='lat' dir='ltr'><strong>est</strong></span> <span class='ocrx_word' id='word_1_638' title='bbox 2934 3970 3151 4034; x_wconf 90' lang='lat' dir='ltr'><strong>inutile,</strong></span> <span class='ocrx_word' id='word_1_639' title='bbox 3201 3972 3280 4025; x_wconf 85' lang='lat' dir='ltr'><strong>sic</strong></span> <span class='ocrx_word' id='word_1_640' title='bbox 3329 3974 3382 4025; x_wconf 89' lang='lat' dir='ltr'><strong>in</strong></span> 
     </span>
    </p>
   </div>
   <div class='ocr_carea' id='block_1_88' title="bbox 1807 4060 3384 4131">
    <p class='ocr_par' dir='ltr' id='par_1_88' title="bbox 1807 4060 3384 4131">
     <span class='ocr_line' id='line_1_88' title="bbox 1807 4060 3384 4131; baseline 0.002 -17"><span class='ocrx_word' id='word_1_641' title='bbox 1807 4060 1929 4131; x_wconf 87' lang='lat' dir='ltr'><strong>ipsa</strong></span> <span class='ocrx_word' id='word_1_642' title='bbox 1956 4069 2131 4113; x_wconf 87' lang='lat' dir='ltr'><strong>morte</strong></span> <span class='ocrx_word' id='word_1_643' title='bbox 2161 4073 2359 4128; x_wconf 89' lang='lat' dir='ltr'><strong>corpus</strong></span> <span class='ocrx_word' id='word_1_644' title='bbox 2391 4060 2458 4113; x_wconf 90' lang='lat' dir='ltr'><strong>ab</strong></span> <span class='ocrx_word' id='word_1_645' title='bbox 2487 4060 2637 4113; x_wconf 92' lang='lat' dir='ltr'><strong>omni</strong></span> <span class='ocrx_word' id='word_1_646' title='bbox 2672 4075 2730 4115; x_wconf 90' lang='lat' dir='ltr'><strong>re</strong></span> <span class='ocrx_word' id='word_1_647' title='bbox 2767 4075 3176 4130; x_wconf 84' lang='lat' dir='ltr'><strong>supervacanea</strong></span> <span class='ocrx_word' id='word_1_648' title='bbox 3219 4070 3384 4127; x_wconf 84' lang='lat' dir='ltr'><strong>atque</strong></span> 
     </span>
    </p>
   </div>
   <div class='ocr_carea' id='block_1_89' title="bbox 1808 4151 3385 4221">
    <p class='ocr_par' dir='ltr' id='par_1_89' title="bbox 1808 4151 3385 4221">
     <span class='ocr_line' id='line_1_89' title="bbox 1808 4151 3385 4221; baseline 0.002 -16"><span class='ocrx_word' id='word_1_649' title='bbox 1808 4151 1991 4205; x_wconf 91' lang='lat' dir='ltr'><strong>inutili</strong></span> <span class='ocrx_word' id='word_1_650' title='bbox 2034 4166 2134 4221; x_wconf 89' lang='lat' dir='ltr'><strong>per</strong></span> <span class='ocrx_word' id='word_1_651' title='bbox 2173 4151 2526 4206; x_wconf 87' lang='lat' dir='ltr'><strong>mortalitatis</strong></span> <span class='ocrx_word' id='word_1_652' title='bbox 2556 4152 2888 4207; x_wconf 85' lang='lat' dir='ltr'><strong>solutionem</strong></span> <span class='ocrx_word' id='word_1_653' title='bbox 2923 4153 3210 4207; x_wconf 86' lang='lat' dir='ltr'><strong>liberatur.</strong></span> <span class='ocrx_word' id='word_1_654' title='bbox 3252 4156 3385 4219; x_wconf 65' lang='lat' dir='ltr'><strong>Qua:</strong></span> 
     </span>
    </p>
   </div>
   <div class='ocr_carea' id='block_1_90' title="bbox 1807 4242 3382 4315">
    <p class='ocr_par' dir='ltr' id='par_1_90' title="bbox 1807 4242 3382 4315">
     <span class='ocr_line' id='line_1_90' title="bbox 1807 4242 3382 4315; baseline 0.003 -19"><span class='ocrx_word' id='word_1_655' title='bbox 1807 4249 1990 4297; x_wconf 87' lang='lat' dir='ltr'><strong>autem</strong></span> <span class='ocrx_word' id='word_1_656' title='bbox 2025 4243 2137 4297; x_wconf 92' lang='lat' dir='ltr'><strong>sint</strong></span> <span class='ocrx_word' id='word_1_657' title='bbox 2180 4257 2267 4309; x_wconf 90' lang='lat' dir='ltr'><strong>ea,</strong></span> <span class='ocrx_word' id='word_1_658' title='bbox 2302 4257 2333 4295; x_wconf 95' lang='lat' dir='ltr'><strong>a</strong></span> <span class='ocrx_word' id='word_1_659' title='bbox 2377 4242 2579 4312; x_wconf 91' lang='lat' dir='ltr'><strong>quibus</strong></span> <span class='ocrx_word' id='word_1_660' title='bbox 2619 4257 2819 4313; x_wconf 88' lang='lat' dir='ltr'><strong>corpus</strong></span> <span class='ocrx_word' id='word_1_661' title='bbox 2870 4245 2923 4296; x_wconf 88' lang='lat' dir='ltr'><strong>itt</strong></span> <span class='ocrx_word' id='word_1_662' title='bbox 2956 4254 3232 4315; x_wconf 89' lang='lat' dir='ltr'><strong>posterum</strong></span> <span class='ocrx_word' id='word_1_663' title='bbox 3285 4262 3382 4300; x_wconf 78' lang='lat' dir='ltr'><strong>ex-</strong></span> 
     </span>
    </p>
   </div>
   <div class='ocr_carea' id='block_1_91' title="bbox 1808 4336 3384 4407">
    <p class='ocr_par' dir='ltr' id='par_1_91' title="bbox 1808 4336 3384 4407">
     <span class='ocr_line' id='line_1_91' title="bbox 1808 4336 3384 4407; baseline 0.003 -18"><span class='ocrx_word' id='word_1_664' title='bbox 1808 4336 2152 4407; x_wconf 80' lang='lat' dir='ltr'><strong>purgabitur,</strong></span> <span class='ocrx_word' id='word_1_665' title='bbox 2195 4351 2317 4406; x_wconf 69' lang='lat' dir='ltr'><strong>qua:</strong></span> <span class='ocrx_word' id='word_1_666' title='bbox 2361 4337 2470 4391; x_wconf 89' lang='lat' dir='ltr'><strong>nisi</strong></span> <span class='ocrx_word' id='word_1_667' title='bbox 2526 4337 2615 4391; x_wconf 89' lang='lat' dir='ltr'><strong>hic</strong></span> <span class='ocrx_word' id='word_1_668' title='bbox 2668 4339 2944 4401; x_wconf 88' lang='lat' dir='ltr'><strong>adessent,</strong></span> <span class='ocrx_word' id='word_1_669' title='bbox 2982 4353 3224 4407; x_wconf 58' lang='lat' dir='ltr'><strong>prasens</strong></span> <span class='ocrx_word' id='word_1_670' title='bbox 3272 4340 3384 4394; x_wconf 79' lang='lat' dir='ltr'><strong>haec</strong></span> 
     </span>
    </p>
   </div>
   <div class='ocr_carea' id='block_1_92' title="bbox 120 4428 1698 4518">
    <p class='ocr_par' dir='ltr' id='par_1_92' title="bbox 120 4441 1698 4518">
     <span class='ocr_line' id='line_1_92' title="bbox 120 4441 1698 4518; baseline -0.006 -15"><span class='ocrx_word' id='word_1_671' title='bbox 120 4450 337 4503; x_wconf 83' lang='grc' dir='ltr'>τούτου.</span> <span class='ocrx_word' id='word_1_672' title='bbox 374 4446 519 4518; x_wconf 83' lang='grc' dir='ltr'>Πλὴν</span> <span class='ocrx_word' id='word_1_673' title='bbox 545 4445 682 4500; x_wconf 82' lang='grc' dir='ltr'>ἀλλὰ</span> <span class='ocrx_word' id='word_1_674' title='bbox 731 4447 824 4499; x_wconf 72' lang='grc' dir='ltr'>καὶ</span> <span class='ocrx_word' id='word_1_675' title='bbox 872 4445 1004 4516; x_wconf 77' lang='grc' dir='ltr'>παρ’</span> <span class='ocrx_word' id='word_1_676' title='bbox 1033 4444 1191 4515; x_wconf 77' lang='grc' dir='ltr'>ἡμῶν</span> <span class='ocrx_word' id='word_1_677' title='bbox 1221 4443 1518 4516; x_wconf 80' lang='grc' dir='ltr'>σαφηνείας</span> <span class='ocrx_word' id='word_1_678' title='bbox 1546 4441 1698 4514; x_wconf 82' lang='grc' dir='ltr'>χάριν</span> 
     </span>
    </p>
   </div>
   <div class='ocr_carea' id='block_1_93' title="bbox 1802 4428 3386 4518">
    <p class='ocr_par' dir='ltr' id='par_1_93' title="bbox 1811 4428 3386 4495">
     <span class='ocr_line' id='line_1_93' title="bbox 1811 4428 3386 4495; baseline 0.002 -12"><span class='ocrx_word' id='word_1_679' title='bbox 1811 4428 1920 4483; x_wconf 84' lang='lat' dir='ltr'><strong>vita</strong></span> <span class='ocrx_word' id='word_1_680' title='bbox 1950 4430 2211 4483; x_wconf 89' lang='lat' dir='ltr'><strong>damnum</strong></span> <span class='ocrx_word' id='word_1_681' title='bbox 2242 4428 2467 4495; x_wconf 87' lang='lat' dir='ltr'><strong>faceret,</strong></span> <span class='ocrx_word' id='word_1_682' title='bbox 2507 4430 2633 4485; x_wconf 85' lang='lat' dir='ltr'><strong>licet</strong></span> <span class='ocrx_word' id='word_1_683' title='bbox 2656 4431 2831 4486; x_wconf 88' lang='lat' dir='ltr'><strong>cuivis</strong></span> <span class='ocrx_word' id='word_1_684' title='bbox 2854 4430 3097 4486; x_wconf 85' lang='lat' dir='ltr'><strong>studiose</strong></span> <span class='ocrx_word' id='word_1_685' title='bbox 3129 4433 3386 4487; x_wconf 88' lang='lat' dir='ltr'><strong>conside-</strong></span> 
     </span>
    </p>
   </div>
   <div class='ocr_carea' id='block_1_94' title="bbox 122 4538 747 4611">
    <p class='ocr_par' dir='ltr' id='par_1_94' title="bbox 122 4538 747 4611">
     <span class='ocr_line' id='line_1_94' title="bbox 122 4538 747 4611; baseline -0.005 -18"><span class='ocrx_word' id='word_1_686' title='bbox 122 4542 188 4594; x_wconf 82' lang='grc' dir='ltr'>δι’</span> <span class='ocrx_word' id='word_1_687' title='bbox 218 4538 419 4610; x_wconf 84' lang='grc' dir='ltr'>ὀλίγων</span> <span class='ocrx_word' id='word_1_688' title='bbox 446 4540 747 4611; x_wconf 71' lang='grc' dir='ltr'>εἰρήσεται.</span> 
     </span>
    </p>
   </div>
   <div class='ocr_carea' id='block_1_95' title="bbox 197 4796 1707 4871">
    <p class='ocr_par' dir='ltr' id='par_1_95' title="bbox 197 4796 1707 4871">
     <span class='ocr_line' id='line_1_95' title="bbox 197 4796 1707 4871; baseline -0.003 -16"><span class='ocrx_word' id='word_1_689' title='bbox 197 4802 403 4866; x_wconf 83' lang='grc' dir='ltr'>Ἔστω,</span> <span class='ocrx_word' id='word_1_690' title='bbox 427 4800 550 4854; x_wconf 76' lang='grc' dir='ltr'>καθ’</span> <span class='ocrx_word' id='word_1_691' title='bbox 573 4800 849 4864; x_wconf 84' lang='grc' dir='ltr'>ὑπόθεσιν,</span> <span class='ocrx_word' id='word_1_692' title='bbox 869 4796 987 4853; x_wconf 78' lang='grc' dir='ltr'>ἀντὶ</span> <span class='ocrx_word' id='word_1_693' title='bbox 1011 4800 1108 4870; x_wconf 82' lang='grc' dir='ltr'>μὲν</span> <span class='ocrx_word' id='word_1_694' title='bbox 1120 4802 1219 4871; x_wconf 78' lang='grc' dir='ltr'>τῆς</span> <span class='ocrx_word' id='word_1_695' title='bbox 1248 4799 1441 4870; x_wconf 86' lang='grc' dir='ltr'>βώλου,</span> <span class='ocrx_word' id='word_1_696' title='bbox 1472 4801 1504 4871; x_wconf 83' lang='grc' dir='ltr'>ἡ</span> <span class='ocrx_word' id='word_1_697' title='bbox 1530 4798 1707 4871; x_wconf 77' lang='grc' dir='ltr'>ὄρεξις</span> 
     </span>
    </p>
   </div>
   <div class='ocr_carea' id='block_1_96' title="bbox 125 4892 1709 4967">
    <p class='ocr_par' dir='ltr' id='par_1_96' title="bbox 125 4892 1709 4967">
     <span class='ocr_line' id='line_1_96' title="bbox 125 4892 1709 4967; baseline -0.001 -19"><span class='ocrx_word' id='word_1_698' title='bbox 125 4898 157 4967; x_wconf 76' lang='grc' dir='ltr'>ἡ</span> <span class='ocrx_word' id='word_1_699' title='bbox 181 4894 427 4965; x_wconf 82' lang='grc' dir='ltr'>φυσικῶς</span> <span class='ocrx_word' id='word_1_700' title='bbox 448 4895 542 4947; x_wconf 75' lang='grc' dir='ltr'><strong>ἐπὶ</strong></span> <span class='ocrx_word' id='word_1_701' title='bbox 571 4894 787 4948; x_wconf 79' lang='grc' dir='ltr'>πάντων</span> <span class='ocrx_word' id='word_1_702' title='bbox 804 4893 1165 4964; x_wconf 74' lang='grc' dir='ltr'>ἐνεργουμένη</span> <span class='ocrx_word' id='word_1_703' title='bbox 1188 4909 1199 4923; x_wconf 91' lang='grc'><strong>·</strong></span> <span class='ocrx_word' id='word_1_704' title='bbox 1222 4894 1343 4947; x_wconf 74' lang='grc' dir='ltr'>ἀντὶ</span> <span class='ocrx_word' id='word_1_705' title='bbox 1362 4892 1417 4946; x_wconf 84' lang='grc' dir='ltr'>δὲ</span> <span class='ocrx_word' id='word_1_706' title='bbox 1445 4896 1542 4964; x_wconf 82' lang='grc' dir='ltr'><strong>τῆς</strong></span> <span class='ocrx_word' id='word_1_707' title='bbox 1567 4910 1709 4947; x_wconf 88' lang='grc' dir='ltr'>σκω-</span> 
     </span>
    </p>
   </div>
   <div class='ocr_carea' id='block_1_97' title="bbox 130 4983 1706 5057">
    <p class='ocr_par' dir='ltr' id='par_1_97' title="bbox 130 4983 1706 5057">
     <span class='ocr_line' id='line_1_97' title="bbox 130 4983 1706 5057; baseline -0.004 -15"><span class='ocrx_word' id='word_1_708' title='bbox 130 4988 249 5057; x_wconf 75' lang='lat' dir='ltr'><strong>pia;</strong></span> <span class='ocrx_word' id='word_1_709' title='bbox 269 4985 462 5046; x_wconf 73' lang='grc' dir='ltr'>ταῦτα,</span> <span class='ocrx_word' id='word_1_710' title='bbox 490 4985 629 5056; x_wconf 82' lang='grc' dir='ltr'>πρὸς</span> <span class='ocrx_word' id='word_1_711' title='bbox 653 4984 690 5039; x_wconf 79' lang='grc' dir='ltr'><strong>ἃ.</strong></span> <span class='ocrx_word' id='word_1_712' title='bbox 720 4983 817 5037; x_wconf 80' lang='grc' dir='ltr'>νῦν</span> <span class='ocrx_word' id='word_1_713' title='bbox 844 4986 941 5046; x_wconf 79' lang='grc' dir='ltr'>τὰς</span> <span class='ocrx_word' id='word_1_714' title='bbox 965 4984 1141 5055; x_wconf 76' lang='grc' dir='ltr'>ὁρμὰς</span> <span class='ocrx_word' id='word_1_715' title='bbox 1164 4984 1275 5055; x_wconf 79' lang='grc' dir='ltr'>ἔχει</span> <span class='ocrx_word' id='word_1_716' title='bbox 1306 4986 1338 5054; x_wconf 87' lang='grc' dir='ltr'><strong>ἡ</strong></span> <span class='ocrx_word' id='word_1_717' title='bbox 1363 4984 1562 5055; x_wconf 78' lang='grc' dir='ltr'>ὄρεξις,</span> <span class='ocrx_word' id='word_1_718' title='bbox 1582 4984 1706 5055; x_wconf 75' lang='grc' dir='ltr'>ἡδο-</span> 
     </span>
    </p>
   </div>
   <div class='ocr_carea' id='block_1_98' title="bbox 126 5075 1708 5145">
    <p class='ocr_par' dir='ltr' id='par_1_98' title="bbox 126 5075 1708 5145">
     <span class='ocr_line' id='line_1_98' title="bbox 126 5075 1708 5145; baseline -0.001 -14"><span class='ocrx_word' id='word_1_719' title='bbox 126 5081 234 5143; x_wconf 74' lang='grc' dir='ltr'>ναὶ,</span> <span class='ocrx_word' id='word_1_720' title='bbox 263 5078 359 5131; x_wconf 71' lang='grc' dir='ltr'><strong>καὶ</strong></span> <span class='ocrx_word' id='word_1_721' title='bbox 398 5076 643 5141; x_wconf 79' lang='grc' dir='ltr'>πλοῦτοι,</span> <span class='ocrx_word' id='word_1_722' title='bbox 674 5076 768 5129; x_wconf 72' lang='grc' dir='ltr'><strong>καὶ</strong></span> <span class='ocrx_word' id='word_1_723' title='bbox 797 5075 1113 5145; x_wconf 78' lang='grc' dir='ltr'>φιλοδοξίαι,</span> <span class='ocrx_word' id='word_1_724' title='bbox 1136 5078 1227 5129; x_wconf 72' lang='grc' dir='ltr'><strong>καὶ</strong></span> <span class='ocrx_word' id='word_1_725' title='bbox 1254 5077 1583 5138; x_wconf 78' lang='grc' dir='ltr'>δυναστεῖαι,</span> <span class='ocrx_word' id='word_1_726' title='bbox 1614 5077 1708 5129; x_wconf 80' lang='grc' dir='ltr'><strong>καὶ</strong></span> 
     </span>
    </p>
   </div>
   <div class='ocr_carea' id='block_1_99' title="bbox 127 5169 1707 5240">
    <p class='ocr_par' dir='ltr' id='par_1_99' title="bbox 127 5169 1707 5240">
     <span class='ocr_line' id='line_1_99' title="bbox 127 5169 1707 5240; baseline 0 -18"><span class='ocrx_word' id='word_1_727' title='bbox 127 5170 310 5240; x_wconf 72' lang='grc' dir='ltr'>θυμοὶ,</span> <span class='ocrx_word' id='word_1_728' title='bbox 355 5170 452 5223; x_wconf 80' lang='grc' dir='ltr'><strong>καὶ</strong></span> <span class='ocrx_word' id='word_1_729' title='bbox 479 5169 658 5238; x_wconf 80' lang='grc' dir='ltr'>τῦφοι,</span> <span class='ocrx_word' id='word_1_730' title='bbox 690 5169 783 5223; x_wconf 70' lang='grc' dir='ltr'><strong>καὶ</strong></span> <span class='ocrx_word' id='word_1_731' title='bbox 818 5170 888 5223; x_wconf 82' lang='grc' dir='ltr'>τὰ</span> <span class='ocrx_word' id='word_1_732' title='bbox 926 5169 1169 5225; x_wconf 79' lang='grc' dir='ltr'>τοιαῦτα.</span> <span class='ocrx_word' id='word_1_733' title='bbox 1206 5169 1421 5224; x_wconf 83' lang='grc' dir='ltr'>Τούτων</span> <span class='ocrx_word' id='word_1_734' title='bbox 1456 5170 1707 5223; x_wconf 84' lang='grc' dir='ltr'>ἁπάντων</span> 
     </span>
    </p>
   </div>
   <div class='ocr_carea' id='block_1_100' title="bbox 127 5261 1709 5334">
    <p class='ocr_par' dir='ltr' id='par_1_100' title="bbox 127 5261 1709 5334">
     <span class='ocr_line' id='line_1_100' title="bbox 127 5261 1709 5334; baseline -0.001 -18"><span class='ocrx_word' id='word_1_735' title='bbox 127 5264 219 5316; x_wconf 67' lang='grc' dir='ltr'><strong>καλ⁸</strong></span> <span class='ocrx_word' id='word_1_736' title='bbox 237 5262 347 5315; x_wconf 86' lang='grc' dir='ltr'><strong>τῶν</strong></span> <span class='ocrx_word' id='word_1_737' title='bbox 368 5261 648 5325; x_wconf 88' lang='grc' dir='ltr'>τοιούτων,</span> <span class='ocrx_word' id='word_1_738' title='bbox 690 5262 984 5334; x_wconf 87' lang='grc' dir='ltr'>καθάρσιον</span> <span class='ocrx_word' id='word_1_739' title='bbox 1016 5261 1241 5333; x_wconf 77' lang='grc' dir='ltr'>ἀκριϐὲς</span> <span class='ocrx_word' id='word_1_740' title='bbox 1258 5263 1287 5315; x_wconf 91' lang='lat'><strong>6</strong></span> <span class='ocrx_word' id='word_1_741' title='bbox 1310 5262 1535 5323; x_wconf 86' lang='grc' dir='ltr'>θάνατος</span> <span class='ocrx_word' id='word_1_742' title='bbox 1564 5262 1709 5330; x_wconf 85' lang='grc' dir='ltr'>γίνε-</span> 
     </span>
    </p>
   </div>
   <div class='ocr_carea' id='block_1_101' title="bbox 128 5345 1705 5424">
    <p class='ocr_par' dir='ltr' id='par_1_101' title="bbox 128 5345 1705 5424">
     <span class='ocr_line' id='line_1_101' title="bbox 128 5345 1705 5424; baseline -0.003 -17"><span class='ocrx_word' id='word_1_743' title='bbox 128 5370 215 5407; x_wconf 87' lang='grc' dir='ltr'><strong>ται</strong></span> <span class='ocrx_word' id='word_1_744' title='bbox 238 5370 254 5383; x_wconf 67' lang='grc'><strong><em>⁸</em></strong></span> <span class='ocrx_word' id='word_1_745' title='bbox 278 5345 357 5405; x_wconf 82' lang='grc' dir='ltr'>ὧν</span> <span class='ocrx_word' id='word_1_746' title='bbox 402 5350 756 5423; x_wconf 85' lang='grc' dir='ltr'>γυμνωθεῖσὰ</span> <span class='ocrx_word' id='word_1_747' title='bbox 793 5369 855 5405; x_wconf 89' lang='grc' dir='ltr'><strong>τε</strong></span> <span class='ocrx_word' id='word_1_748' title='bbox 900 5352 995 5405; x_wconf 74' lang='grc' dir='ltr'><strong>καὶ</strong></span> <span class='ocrx_word' id='word_1_749' title='bbox 1042 5351 1375 5424; x_wconf 84' lang='grc' dir='ltr'>καθαρθεῖσα</span> <span class='ocrx_word' id='word_1_750' title='bbox 1410 5352 1629 5405; x_wconf 83' lang='grc' dir='ltr'>πάντων</span> <span class='ocrx_word' id='word_1_751' title='bbox 1672 5353 1705 5421; x_wconf 83' lang='grc' dir='ltr'>ἡ</span> 
     </span>
    </p>
   </div>
   <div class='ocr_carea' id='block_1_102' title="bbox 128 5444 1708 5517">
    <p class='ocr_par' dir='ltr' id='par_1_102' title="bbox 128 5444 1708 5517">
     <span class='ocr_line' id='line_1_102' title="bbox 128 5444 1708 5517; baseline -0.001 -20"><span class='ocrx_word' id='word_1_752' title='bbox 128 5444 327 5515; x_wconf 74' lang='grc' dir='ltr'>δρεξις,</span> <span class='ocrx_word' id='word_1_753' title='bbox 364 5444 501 5516; x_wconf 74' lang='grc' dir='ltr'>πρὸς</span> <span class='ocrx_word' id='word_1_754' title='bbox 528 5444 589 5498; x_wconf 85' lang='grc' dir='ltr'>τὺ</span> <span class='ocrx_word' id='word_1_755' title='bbox 620 5445 777 5515; x_wconf 89' lang='grc' dir='ltr'>μόνον</span> <span class='ocrx_word' id='word_1_756' title='bbox 798 5445 1021 5517; x_wconf 85' lang='grc' dir='ltr'>ὀρεκτόν</span> <span class='ocrx_word' id='word_1_757' title='bbox 1057 5462 1115 5498; x_wconf 90' lang='grc' dir='ltr'><strong>τε</strong></span> <span class='ocrx_word' id='word_1_758' title='bbox 1140 5446 1233 5499; x_wconf 77' lang='grc' dir='ltr'>καὶ</span> <span class='ocrx_word' id='word_1_759' title='bbox 1258 5444 1590 5515; x_wconf 77' lang='grc' dir='ltr'>ἐπιθυμητὸν</span> <span class='ocrx_word' id='word_1_760' title='bbox 1616 5444 1708 5496; x_wconf 75' lang='grc' dir='ltr'><strong>καὶ</strong></span> 
     </span>
    </p>
   </div>
   <div class='ocr_carea' id='block_1_103' title="bbox 128 5536 1710 5610">
    <p class='ocr_par' dir='ltr' id='par_1_103' title="bbox 128 5536 1710 5610">
     <span class='ocr_line' id='line_1_103' title="bbox 128 5536 1710 5610; baseline 0.001 -20"><span class='ocrx_word' id='word_1_761' title='bbox 128 5538 390 5609; x_wconf 78' lang='grc' dir='ltr'>ἐράσμιον</span> <span class='ocrx_word' id='word_1_762' title='bbox 438 5538 504 5607; x_wconf 82' lang='grc' dir='ltr'>τῇ</span> <span class='ocrx_word' id='word_1_763' title='bbox 552 5536 800 5609; x_wconf 77' lang='grc' dir='ltr'>ἐνεργείᾳ</span> <span class='ocrx_word' id='word_1_764' title='bbox 840 5540 1195 5610; x_wconf 79' lang='grc' dir='ltr'>τραπήσεται,</span> <span class='ocrx_word' id='word_1_765' title='bbox 1223 5540 1320 5592; x_wconf 72' lang='grc' dir='ltr'><strong>οὐκ</strong></span> <span class='ocrx_word' id='word_1_766' title='bbox 1362 5536 1710 5593; x_wconf 73' lang='grc' dir='ltr'>ἁποσϐέσασα</span> 
     </span>
    </p>
   </div>
   <div class='ocr_carea' id='block_1_104' title="bbox 198 5718 716 5785">
    <p class='ocr_par' dir='ltr' id='par_1_104' title="bbox 198 5718 716 5785">
     <span class='ocr_line' id='line_1_104' title="bbox 198 5718 716 5785; baseline 0 -12"><span class='ocrx_word' id='word_1_767' title='bbox 198 5720 222 5752; x_wconf 81' lang='grc'><strong><em>⁸</em></strong></span> <span class='ocrx_word' id='word_1_768' title='bbox 279 5718 451 5775; x_wconf 81' lang='lat' dir='ltr'><strong>Ecclt.</strong></span> <span class='ocrx_word' id='word_1_769' title='bbox 481 5735 598 5785; x_wconf 80' lang='lat' dir='ltr'><strong>xxi,</strong></span> <span class='ocrx_word' id='word_1_770' title='bbox 631 5720 716 5773; x_wconf 76' lang='grc' dir='ltr'><strong>Π.</strong></span> 
     </span>
    </p>
   </div>
   <div class='ocr_carea' id='block_1_105' title="bbox 1815 4520 3385 4594">
    <p class='ocr_par' dir='ltr' id='par_1_105' title="bbox 1815 4520 3385 4594">
     <span class='ocr_line' id='line_1_105' title="bbox 1815 4520 3385 4594; baseline 0.002 -20"><span class='ocrx_word' id='word_1_771' title='bbox 1815 4520 1959 4575; x_wconf 90' lang='lat' dir='ltr'><strong>ranti</strong></span> <span class='ocrx_word' id='word_1_772' title='bbox 2006 4520 2166 4575; x_wconf 88' lang='lat' dir='ltr'><strong>facile</strong></span> <span class='ocrx_word' id='word_1_773' title='bbox 2214 4520 2767 4594; x_wconf 80' lang='lat' dir='ltr'><strong>intelligereztamen</strong></span> <span class='ocrx_word' id='word_1_774' title='bbox 2803 4540 2914 4593; x_wconf 87' lang='lat' dir='ltr'><strong>quo</strong></span> <span class='ocrx_word' id='word_1_775' title='bbox 2961 4525 3178 4593; x_wconf 85' lang='lat' dir='ltr'><strong>planius</strong></span> <span class='ocrx_word' id='word_1_776' title='bbox 3223 4527 3385 4579; x_wconf 88' lang='lat' dir='ltr'><strong>etiam</strong></span> 
     </span>
    </p>
   </div>
   <div class='ocr_carea' id='block_1_106' title="bbox 1816 4615 3385 4684">
    <p class='ocr_par' dir='ltr' id='par_1_106' title="bbox 1816 4615 3385 4684">
     <span class='ocr_line' id='line_1_106' title="bbox 1816 4615 3385 4684; baseline 0.003 -18"><span class='ocrx_word' id='word_1_777' title='bbox 1816 4621 2050 4678; x_wconf 81' lang='lat' dir='ltr'><strong>conStet,</strong></span> <span class='ocrx_word' id='word_1_778' title='bbox 2085 4624 2206 4667; x_wconf 91' lang='lat' dir='ltr'><strong>uta</strong></span> <span class='ocrx_word' id='word_1_779' title='bbox 2255 4615 2538 4684; x_wconf 87' lang='lat' dir='ltr'><strong>proposito</strong></span> <span class='ocrx_word' id='word_1_780' title='bbox 2589 4616 2839 4683; x_wconf 76' lang='lat' dir='ltr'><strong>exemplo</strong></span> <span class='ocrx_word' id='word_1_781' title='bbox 2879 4631 2987 4670; x_wconf 88' lang='lat' dir='ltr'><strong>non</strong></span> <span class='ocrx_word' id='word_1_782' title='bbox 3042 4616 3385 4679; x_wconf 87' lang='lat' dir='ltr'><strong>recedamus,</strong></span> 
     </span>
    </p>
   </div>
   <div class='ocr_carea' id='block_1_107' title="bbox 1816 4703 2979 4762">
    <p class='ocr_par' dir='ltr' id='par_1_107' title="bbox 1816 4703 2979 4762">
     <span class='ocr_line' id='line_1_107' title="bbox 1816 4703 2979 4762; baseline 0.002 -3"><span class='ocrx_word' id='word_1_783' title='bbox 1816 4703 2054 4760; x_wconf 85' lang='lat' dir='ltr'><strong>breviter</strong></span> <span class='ocrx_word' id='word_1_784' title='bbox 2079 4721 2106 4760; x_wconf 90' lang='lat' dir='ltr'><strong>a</strong></span> <span class='ocrx_word' id='word_1_785' title='bbox 2141 4708 2300 4761; x_wconf 92' lang='lat' dir='ltr'><strong>nobis</strong></span> <span class='ocrx_word' id='word_1_786' title='bbox 2323 4707 2487 4762; x_wconf 91' lang='lat' dir='ltr'><strong>etiam</strong></span> <span class='ocrx_word' id='word_1_787' title='bbox 2522 4708 2979 4762; x_wconf 87' lang='lat' dir='ltr'><strong>recensebuntur.</strong></span> 
     </span>
    </p>
   </div>
   <div class='ocr_carea' id='block_1_108' title="bbox 1886 4797 3387 4871">
    <p class='ocr_par' dir='ltr' id='par_1_108' title="bbox 1886 4797 3387 4871">
     <span class='ocr_line' id='line_1_108' title="bbox 1886 4797 3387 4871; baseline 0.001 -19"><span class='ocrx_word' id='word_1_788' title='bbox 1886 4797 2066 4853; x_wconf 77' lang='lat' dir='ltr'><strong>Massa</strong></span> <span class='ocrx_word' id='word_1_789' title='bbox 2098 4800 2264 4869; x_wconf 81' lang='lat' dir='ltr'><strong>igitur</strong></span> <span class='ocrx_word' id='word_1_790' title='bbox 2311 4800 2382 4855; x_wconf 91' lang='lat' dir='ltr'><strong>sit</strong></span> <span class='ocrx_word' id='word_1_791' title='bbox 2413 4801 2693 4869; x_wconf 87' lang='lat' dir='ltr'><strong>appetitio,</strong></span> <span class='ocrx_word' id='word_1_792' title='bbox 2748 4816 2869 4871; x_wconf 83' lang='lat' dir='ltr'><strong>quae</strong></span> <span class='ocrx_word' id='word_1_793' title='bbox 2926 4804 3251 4856; x_wconf 85' lang='lat' dir='ltr'><strong>naturaliter</strong></span> <span class='ocrx_word' id='word_1_794' title='bbox 3306 4812 3387 4856; x_wconf 87' lang='lat' dir='ltr'><strong>est</strong></span> 
     </span>
    </p>
   </div>
   <div class='ocr_carea' id='block_1_109' title="bbox 1816 4891 3385 4959">
    <p class='ocr_par' dir='ltr' id='par_1_109' title="bbox 1816 4891 3385 4959">
     <span class='ocr_line' id='line_1_109' title="bbox 1816 4891 3385 4959; baseline -0.001 -12"><span class='ocrx_word' id='word_1_795' title='bbox 1816 4892 2071 4947; x_wconf 91' lang='lat' dir='ltr'><strong>omnibus</strong></span> <span class='ocrx_word' id='word_1_796' title='bbox 2124 4892 2309 4959; x_wconf 88' lang='lat' dir='ltr'><strong>insita,</strong></span> <span class='ocrx_word' id='word_1_797' title='bbox 2372 4891 2553 4946; x_wconf 90' lang='lat' dir='ltr'><strong>scoria</strong></span> <span class='ocrx_word' id='word_1_798' title='bbox 2588 4900 2793 4956; x_wconf 89' lang='lat' dir='ltr'><strong>autem,</strong></span> <span class='ocrx_word' id='word_1_799' title='bbox 2847 4903 2900 4947; x_wconf 89' lang='lat' dir='ltr'><strong>et</strong></span> <span class='ocrx_word' id='word_1_800' title='bbox 2960 4894 3141 4958; x_wconf 67' lang='lat' dir='ltr'><strong>fames,</strong></span> <span class='ocrx_word' id='word_1_801' title='bbox 3183 4908 3266 4956; x_wconf 87' lang='lat' dir='ltr'><strong>ea,</strong></span> <span class='ocrx_word' id='word_1_802' title='bbox 3320 4896 3385 4946; x_wconf 80' lang='lat' dir='ltr'><strong>ad</strong></span> 
     </span>
    </p>
   </div>
   <div class='ocr_carea' id='block_1_110' title="bbox 1806 4985 3389 5062">
    <p class='ocr_par' dir='ltr' id='par_1_110' title="bbox 1806 4985 3389 5062">
     <span class='ocr_line' id='line_1_110' title="bbox 1806 4985 3389 5062; baseline -0.004 -20"><span class='ocrx_word' id='word_1_803' title='bbox 1806 5003 1930 5062; x_wconf 65' lang='lat' dir='ltr'><strong>quae</strong></span> <span class='ocrx_word' id='word_1_804' title='bbox 1957 5001 2100 5041; x_wconf 91' lang='lat' dir='ltr'><strong>nunc</strong></span> <span class='ocrx_word' id='word_1_805' title='bbox 2128 4988 2329 5056; x_wconf 89' lang='lat' dir='ltr'><strong>impetu</strong></span> <span class='ocrx_word' id='word_1_806' title='bbox 2356 4986 2579 5041; x_wconf 90' lang='lat' dir='ltr'><strong>ducitur</strong></span> <span class='ocrx_word' id='word_1_807' title='bbox 2595 4994 2647 5041; x_wconf 90' lang='lat' dir='ltr'><strong>et</strong></span> <span class='ocrx_word' id='word_1_808' title='bbox 2676 4986 2911 5040; x_wconf 85' lang='lat' dir='ltr'><strong>trahitur</strong></span> <span class='ocrx_word' id='word_1_809' title='bbox 2928 4985 3208 5055; x_wconf 89' lang='lat' dir='ltr'><strong>appetitio,</strong></span> <span class='ocrx_word' id='word_1_810' title='bbox 3237 5001 3389 5038; x_wconf 85' lang='lat' dir='ltr'><strong>nem-</strong></span> 
     </span>
    </p>
   </div>
   <div class='ocr_carea' id='block_1_111' title="bbox 1806 5078 3388 5149">
    <p class='ocr_par' dir='ltr' id='par_1_111' title="bbox 1806 5078 3388 5149">
     <span class='ocr_line' id='line_1_111' title="bbox 1806 5078 3388 5149; baseline -0.004 -14"><span class='ocrx_word' id='word_1_811' title='bbox 1806 5095 1873 5149; x_wconf 88' lang='lat' dir='ltr'><strong>pe</strong></span> <span class='ocrx_word' id='word_1_812' title='bbox 1903 5079 2229 5149; x_wconf 87' lang='lat' dir='ltr'><strong>voluptates,</strong></span> <span class='ocrx_word' id='word_1_813' title='bbox 2257 5078 2481 5141; x_wconf 53' lang='lat' dir='ltr'><strong>divitia»,</strong></span> <span class='ocrx_word' id='word_1_814' title='bbox 2518 5079 2712 5149; x_wconf 82' lang='lat' dir='ltr'><strong>gloria,</strong></span> <span class='ocrx_word' id='word_1_815' title='bbox 2758 5078 3119 5148; x_wconf 90' lang='lat' dir='ltr'><strong>principatus,</strong></span> <span class='ocrx_word' id='word_1_816' title='bbox 3172 5078 3388 5131; x_wconf 86' lang='lat' dir='ltr'><strong>iracun-</strong></span> 
     </span>
    </p>
   </div>
   <div class='ocr_carea' id='block_1_112' title="bbox 1807 5168 3388 5241">
    <p class='ocr_par' dir='ltr' id='par_1_112' title="bbox 1807 5168 3388 5241">
     <span class='ocr_line' id='line_1_112' title="bbox 1807 5168 3388 5241; baseline 0 -18"><span class='ocrx_word' id='word_1_817' title='bbox 1807 5171 1921 5232; x_wconf 90' lang='lat' dir='ltr'><strong>dia,</strong></span> <span class='ocrx_word' id='word_1_818' title='bbox 1957 5179 2159 5234; x_wconf 89' lang='lat' dir='ltr'><strong>tumor,</strong></span> <span class='ocrx_word' id='word_1_819' title='bbox 2193 5171 2523 5240; x_wconf 83' lang='lat' dir='ltr'><strong>arrogantia,</strong></span> <span class='ocrx_word' id='word_1_820' title='bbox 2553 5179 2608 5225; x_wconf 89' lang='lat' dir='ltr'><strong>et</strong></span> <span class='ocrx_word' id='word_1_821' title='bbox 2640 5171 2690 5225; x_wconf 90' lang='lat' dir='ltr'><strong>id</strong></span> <span class='ocrx_word' id='word_1_822' title='bbox 2724 5185 2897 5241; x_wconf 83' lang='lat' dir='ltr'><strong>genus</strong></span> <span class='ocrx_word' id='word_1_823' title='bbox 2936 5169 3064 5230; x_wconf 88' lang='lat' dir='ltr'><strong>alia,</strong></span> <span class='ocrx_word' id='word_1_824' title='bbox 3113 5184 3144 5222; x_wconf 93' lang='lat' dir='ltr'><strong>a</strong></span> <span class='ocrx_word' id='word_1_825' title='bbox 3188 5168 3388 5239; x_wconf 86' lang='lat' dir='ltr'><strong>quibus</strong></span> 
     </span>
    </p>
   </div>
   <div class='ocr_carea' id='block_1_113' title="bbox 1807 5261 3388 5332">
    <p class='ocr_par' dir='ltr' id='par_1_113' title="bbox 1807 5261 3388 5332">
     <span class='ocr_line' id='line_1_113' title="bbox 1807 5261 3388 5332; baseline -0.001 -18"><span class='ocrx_word' id='word_1_826' title='bbox 1807 5262 2063 5315; x_wconf 91' lang='lat' dir='ltr'><strong>omnibus</strong></span> <span class='ocrx_word' id='word_1_827' title='bbox 2099 5278 2200 5318; x_wconf 84' lang='lat' dir='ltr'><strong>nos</strong></span> <span class='ocrx_word' id='word_1_828' title='bbox 2231 5263 2481 5332; x_wconf 78' lang='lat' dir='ltr'><strong>expiatos</strong></span> <span class='ocrx_word' id='word_1_829' title='bbox 2514 5278 2659 5317; x_wconf 90' lang='lat' dir='ltr'><strong>mors</strong></span> <span class='ocrx_word' id='word_1_830' title='bbox 2690 5277 2751 5315; x_wconf 89' lang='lat' dir='ltr'><strong>ac</strong></span> <span class='ocrx_word' id='word_1_831' title='bbox 2775 5263 2931 5332; x_wconf 89' lang='lat' dir='ltr'><strong>plane</strong></span> <span class='ocrx_word' id='word_1_832' title='bbox 2952 5261 3156 5317; x_wconf 90' lang='lat' dir='ltr'><strong>liberos</strong></span> <span class='ocrx_word' id='word_1_833' title='bbox 3189 5261 3388 5316; x_wconf 88' lang='lat' dir='ltr'><strong>reddit.</strong></span> 
     </span>
    </p>
   </div>
   <div class='ocr_carea' id='block_1_114' title="bbox 1815 5352 3388 5427">
    <p class='ocr_par' dir='ltr' id='par_1_114' title="bbox 1815 5352 3388 5427">
     <span class='ocr_line' id='line_1_114' title="bbox 1815 5352 3388 5427; baseline -0.002 -19"><span class='ocrx_word' id='word_1_834' title='bbox 1815 5352 1911 5408; x_wconf 83' lang='lat' dir='ltr'><strong>His</strong></span> <span class='ocrx_word' id='word_1_835' title='bbox 1936 5355 2079 5408; x_wconf 88' lang='lat' dir='ltr'><strong>enim</strong></span> <span class='ocrx_word' id='word_1_836' title='bbox 2105 5363 2266 5409; x_wconf 82' lang='lat' dir='ltr'><strong>exuta</strong></span> <span class='ocrx_word' id='word_1_837' title='bbox 2283 5371 2562 5425; x_wconf 88' lang='lat' dir='ltr'><strong>vacuaque</strong></span> <span class='ocrx_word' id='word_1_838' title='bbox 2585 5356 2843 5427; x_wconf 89' lang='lat' dir='ltr'><strong>appetitio</strong></span> <span class='ocrx_word' id='word_1_839' title='bbox 2869 5356 2935 5408; x_wconf 91' lang='lat' dir='ltr'><strong>ad</strong></span> <span class='ocrx_word' id='word_1_840' title='bbox 2966 5353 3018 5407; x_wconf 83' lang='lat' dir='ltr'><strong>id</strong></span> <span class='ocrx_word' id='word_1_841' title='bbox 3045 5354 3189 5424; x_wconf 91' lang='lat' dir='ltr'><strong>quod</strong></span> <span class='ocrx_word' id='word_1_842' title='bbox 3215 5354 3388 5408; x_wconf 85' lang='lat' dir='ltr'><strong>solum</strong></span> 
     </span>
    </p>
   </div>
   <div class='ocr_carea' id='block_1_115' title="bbox 1815 5446 3389 5520">
    <p class='ocr_par' dir='ltr' id='par_1_115' title="bbox 1815 5446 3389 5520">
     <span class='ocr_line' id='line_1_115' title="bbox 1815 5446 3389 5520; baseline -0.003 -19"><span class='ocrx_word' id='word_1_843' title='bbox 1815 5448 2199 5517; x_wconf 79' lang='lat' dir='ltr'><strong>expetendum,</strong></span> <span class='ocrx_word' id='word_1_844' title='bbox 2258 5448 2577 5520; x_wconf 90' lang='lat' dir='ltr'><strong>optandum,</strong></span> <span class='ocrx_word' id='word_1_845' title='bbox 2651 5449 3051 5517; x_wconf 81' lang='lat' dir='ltr'><strong>amandumque</strong></span> <span class='ocrx_word' id='word_1_846' title='bbox 3117 5458 3218 5507; x_wconf 86' lang='lat' dir='ltr'><strong>est,</strong></span> <span class='ocrx_word' id='word_1_847' title='bbox 3285 5446 3389 5497; x_wconf 83' lang='lat' dir='ltr'><strong>vim</strong></span> 
     </span>
    </p>
   </div>
   <div class='ocr_carea' id='block_1_116' title="bbox 1822 5538 3389 5609">
    <p class='ocr_par' dir='ltr' id='par_1_116' title="bbox 1822 5538 3389 5609">
     <span class='ocr_line' id='line_1_116' title="bbox 1822 5538 3389 5609; baseline -0.003 -16"><span class='ocrx_word' id='word_1_848' title='bbox 1822 5539 2081 5596; x_wconf 87' lang='lat' dir='ltr'><strong>transfert</strong></span> <span class='ocrx_word' id='word_1_849' title='bbox 2122 5556 2301 5609; x_wconf 87' lang='lat' dir='ltr'><strong>suam,</strong></span> <span class='ocrx_word' id='word_1_850' title='bbox 2366 5556 2475 5597; x_wconf 86' lang='lat' dir='ltr'><strong>non</strong></span> <span class='ocrx_word' id='word_1_851' title='bbox 2508 5538 2862 5609; x_wconf 82' lang='lat' dir='ltr'><strong>exstingucns</strong></span> <span class='ocrx_word' id='word_1_852' title='bbox 2920 5540 3137 5608; x_wconf 87' lang='lat' dir='ltr'><strong>penitus</strong></span> <span class='ocrx_word' id='word_1_853' title='bbox 3195 5538 3389 5591; x_wconf 75' lang='lat' dir='ltr'><strong>insitos</strong></span> 
     </span>
    </p>
   </div>
  </div>
