3844 6404
491 272 566 327 ῑ31
1695 278 1749 329 S.
1791 273 2115 330 CllEGOllll
2156 271 2434 327 NYSSENI

3611 273 3710 332 539

470 386 535 437 ad
571 385 684 440 haec
724 385 962 456 impetus
995 403 1023 441 a
1066 395 1282 447 natura.
1326 388 1421 443 sed
1461 403 1555 444 eos
1594 399 1919 446 convertens
1968 391 2034 444 ad

2157 387 2366 440 ιαθόλου
2391 386 2492 450 τὰς
2519 387 2841 457 ὲγκειμένας
2859 389 3100 457 φυσικῶς
3125 389 3256 459 ἡμῖν
3284 389 3375 442 ἐπὶ⁵
3406 386 3476 440 τὰ
3493 391 3711 444 τοιαῦτα

470 479 560 532 illa
596 479 735 533 bona
763 478 1110 548 perfruenda,
1141 497 1262 550 qua:
1297 497 1327 534 a
1359 484 1588 537 materia
1614 484 1860 553 sejuncta
1884 492 2034 541 sunt.

470 566 604 621 Nam
633 569 743 622 illic
779 569 922 638 viget
947 586 1085 626 verte
1109 573 1531 642 pulchritudinis
1555 589 1728 641 amor,
1763 575 1857 644 qui
1898 591 2038 629 nun-

473 674 636 726 quam
683 663 1070 732 exstinguitur.
1126 663 1240 720 lllic
1296 665 1590 722 laudabilis
1637 667 1793 722 adest
1825 669 2042 738 sapien-

471 752 562 806 tia:
591 751 903 807 divitiarum
951 756 1244 826 cupiditas,
1278 767 1330 812 et
1363 760 1682 828 praeclarum
1730 773 1794 813 ac
1839 759 2038 814 bonum

471 840 658 908 gloria;
697 843 962 907 studium,
1007 845 1152 914 quod
1187 845 1239 898 in
1293 845 1386 900 Dei
1422 847 1572 916 regni
1611 847 1870 901 societate
1908 861 2043 900 con-

472 935 730 996 sumitur,
784 935 1182 1004 bouestumque
1207 936 1518 992 divinarum
1547 938 1836 1008 epularum
1893 937 2041 992 desi-

472 1026 708 1089 derium,
751 1043 873 1097 quae
917 1028 1216 1099 degustatae
1256 1030 1462 1083 nullam
1524 1044 1763 1100 unquam
1811 1029 2044 1085 afferunt

475 1120 803 1176 satietatem.
841 1122 1206 1188 Quamobrem
1239 1123 1332 1192 qui
1364 1123 1513 1177 novit
1551 1125 1719 1180 totius
1752 1123 1904 1178 orbis
1941 1138 2041 1176 au-

475 1220 681 1264 ctorem
711 1217 765 1265 et
795 1210 1041 1280 opiﬁcem
1073 1210 1240 1266 Deum
1264 1222 1824 1283 Opportunotempore
1845 1229 2041 1284 corpo-

477 1300 557 1356 ris
589 1302 789 1356 molem
821 1317 884 1356 ac
905 1317 1142 1358 massam
1178 1304 1230 1356 in
1265 1319 1414 1357 arma
1445 1305 1599 1359 bonae
1638 1306 1900 1360 voluntati
1932 1321 2045 1360 suae

478 1397 630 1460 grata
663 1399 992 1461 acceptaque
1019 1392 1404 1458 ronﬂaturum,
1445 1404 1498 1448 et
1545 1396 1768 1451 loricam
1796 1397 2043 1465 justitiae,

479 1487 543 1533 ut
571 1480 748 1550 inquit
774 1481 1072 1552 Apostolus
1100 1483 1168 1546 ‘°,
1197 1484 1546 1554 gladiumque
1575 1487 1822 1555 spiritus,
1861 1496 1914 1543 et
1953 1504 2047 1558 ga-

481 1571 622 1627 leam
654 1573 792 1642 spei.
826 1582 988 1644 atque
1030 1590 1245 1629 omnem
1279 1576 1518 1630 divinam
1555 1585 1888 1632 armaturam
1929 1595 2048 1648 per-

481 1660 775 1726 fecturum,
808 1663 985 1733 diligit
1023 1679 1226 1734 corpus
1260 1681 1420 1720 suum
1451 1683 1516 1721 ex
1549 1670 1868 1738 prmscripto
1891 1671 2043 1738 legis,

2139 478 2336 548 όρμάς,
2369 477 2504 532 ἀλλά
2537 479 2673 550 πρὸς
2711 479 2809 548 τὴν
2843 479 3004 533 ἀῦλον
3038 479 3147 532 τῶν
3182 480 3400 547 ἀγαθῶν
3430 482 3713 551 μετουσίαν

2144 570 2579 640 μεταποιήσασα.
2629 571 2776 623 Ἐκεῖ
2818 571 2927 640 γὰρ
2956 573 2984 624 ό
3013 570 3152 641 ἔρως
3176 569 3271 622 τοῦ
3309 569 3559 639 ἀληθινοῦ
3587 572 3708 625 κάλα

2139 660 2284 724 λους,
2318 663 2347 714 ό
2387 662 2662 724 ἄπαυστος
2682 675 2697 690 ·
2747 662 2865 714 ἐκεῖ
2901 660 2960 730 ή’
2977 659 3233 730 ἐπαινετὴ
3255 660 3360 713 τῶν
3385 660 3485 728 τῆς
3524 660 3712 729 σοφίας

2142 751 2428 821 θησαυρῶν
2462 750 2760 816 πλεονεξία,
2785 752 2880 804 καὶ
2903 754 2935 822 ή
2969 752 3106 821 καλή
3135 768 3193 803 τε
3210 751 3302 803 καὶ
3320 749 3496 820 ἀγαθὴ
3511 751 3711 818 φιλοδο-

2143 841 2230 908 ξία
2259 844 2292 912 ἡ
2327 844 2392 912 τῇ
2427 840 2681 911 κοινωνίᾳ
2703 844 2803 910 τῆς
2827 841 2923 894 τοῦ
2949 841 3084 894 Θεοῦ
3117 841 3390 910 βασιλείας
3421 842 3714 912 κατορθω-

2147 933 2302 1002 μένη,
2341 931 2520 986 καὶτὸ
2549 931 2711 986 καλὸν
2740 932 2911 995 πάθος
2956 932 3054 1002 τῆς
3094 931 3416 997 ἀπληστίας,
3465 932 3714 986 οὐδέποτε

2143 1027 2290 1095 κόρῳ
2315 1025 2423 1077 τῶν
2446 1023 2856 1096 ὑπερκειμένων
2891 1022 3026 1091 πρὸς
3055 1023 3146 1076 τὸν
3187 1023 3390 1090 ἀγαθὸν
3416 1023 3580 1076 πόθον
3601 1026 3715 1077 ἐπι·

2144 1116 2492 1186 κοπτόμενον.
2509 1115 2714 1170 Οὐκοῦν
2734 1113 2941 1186 μαθὼν,
2965 1115 3045 1168 ὃτι
3071 1117 3180 1176 τοῖς
3197 1113 3494 1183 καθήκουσι
3511 1115 3717 1186 χρόνοις

2144 1211 2172 1260 ὁ
2213 1208 2307 1260 τοῦ
2349 1207 2549 1269 παντὸς
2589 1206 2840 1277 τεχνίτης
2882 1206 2981 1276 τὴν
3031 1205 3126 1260 τοῦ
3166 1205 3415 1275 σώματος
3447 1205 3616 1276 βῶλον
3643 1209 3718 1270 είς

2145 1298 2306 1352 ὂπλον
2323 1299 2633 1368 εὐδοκιμίας
2652 1296 3098 1368 μεταχαλκεύσει,
3111 1295 3337 1368 θώρακα
3356 1296 3718 1366 δικαιοσύνης,

2147 1390 2327 1454 καθώς
2351 1408 2514 1462 φησιν
2543 1393 2572 1444 ό
2599 1390 2942 1455 Ἀπόστολος,
2970 1389 3063 1442 καὶ
3097 1389 3368 1460 μάχαιραν
3394 1388 3718 1459 πνεύματος,

2148 1484 2240 1536 καὶ
2274 1483 2702 1554 περικεφαλαίαν
2735 1483 2968 1547 ἐλπίδος,
3009 1482 3106 1534 καὶ
3145 1482 3323 1535 πᾶσαν
3350 1481 3446 1552 τὴν
3471 1481 3568 1535 τοῦ
3589 1481 3721 1537 Θεοῦ

2150 1575 2445 1628 πανοπλίαν
2507 1575 3009 1646 κατεργασάμενος,
3065 1574 3255 1643 ἀγαπᾷ
3305 1573 3366 1625 τὸ
3397 1573 3528 1626 ίδιον
3569 1574 3719 1644 σῶμα

2149 1667 2288 1720 κατά
2303 1665 2392 1718 τὸν
2415 1665 2509 1719 τοῦ
2545 1666 2866 1720 Ἀποστὸλου
2890 1665 3073 1736 νόμον,
3099 1666 3158 1728 ὅς
3180 1681 3362 1735 φησιν,
3401 1667 3481 1719 ὅτι
3521 1667 3719 1732 Οὐδεὶς

483 1765 647 1820 quam
691 1751 820 1805 tulit
869 1733 1185 1822 Apostolus,
1229 1771 1406 1820 nemo,
1456 1733 1736 1826 inquiens,
1777 1733 2048 1826 proprium

2157 1759 2216 1812 τὸ
2245 1758 2461 1812 ἑαυτοῦ
2485 1757 2656 1826 σῶμα
2677 1733 2990 1827 monesi.
3009 1758 3084 1811 Τὸ
3106 1733 3264 1829 σῶμα
3292 1757 3351 1812 δὲ
3379 1758 3439 1811 τδ
3461 1759 3707 1830 κεκαθαρ

484 1857 672 1912 corpus
700 1843 811 1898 odit
847 1844 913 1898 ¹¹.
962 1843 1165 1900 Purum
1203 1846 1368 1916 igitur
1403 1863 1468 1902 ac
1527 1849 1788 1904 mundum
1846 1866 2050 1922 corpus

481 1941 698 2003 oportet
724 1934 969 2007 diligere,
1000 1951 1108 1991 non
1133 1945 1312 1992 autem
1344 1939 1621 1994 sordidam
1644 1941 1762 2009 ejus
1790 1942 2049 2006 scoriam,

485 2039 606 2094 quae
635 2027 958 2096 repudiatur
983 2035 1037 2082 et
1069 2027 1343 2098 abjicitur.
1379 2027 1577 2084 Verum
1613 2040 1698 2085 cst
1719 2032 2050 2102 enim,quod

486 2116 733 2171 continet
756 2115 941 2171 divina
975 2117 1260 2189 Scriptura
1289 2120 1356 2184 υ,
1386 2135 1507 2185 nos,
1543 2122 1588 2175 si
1625 2122 1904 2176 terrestris
1950 2121 2054 2176 do-

486 2220 612 2259 mus
669 2217 856 2262 nostra
917 2207 1082 2278 hujus
1130 2209 1470 2264 tabernaculi
1523 2211 1861 2275 destruatur,
1922 2222 2054 2269 tunc

487 2294 662 2363 ipsam
694 2297 1012 2355 inventuros
1045 2299 1460 2358 aediﬁcationem
1496 2318 1526 2356 a
1561 2302 1671 2358 Deo
1702 2302 1922 2370 factam,
1959 2305 2057 2358 do-

488 2403 637 2442 mum
678 2403 786 2444 non
827 2405 990 2444 manu
1029 2401 1428 2460 constructam,
1480 2403 1742 2450 aeternam
1790 2397 1845 2450 in
1896 2396 2055 2452 caelis

487 2480 706 2549 dignam
739 2497 861 2552 qua
918 2481 1012 2538 Dei
1047 2485 1116 2538 sit
1160 2486 1492 2542 domicilium
1522 2489 1575 2542 in
1601 2490 1815 2558 spiritu.
1849 2489 1928 2544 Ac
1966 2490 2056 2545 do—

487 2586 611 2627 mus
646 2573 862 2642 quidem
895 2575 1042 2630 illius
1065 2591 1172 2629 non
1201 2578 1527 2634 manufactze
1557 2579 1806 2650 ﬁguram,
1837 2590 1891 2637 et
1953 2581 2054 2637 for-

487 2679 655 2726 mam.
685 2671 740 2718 et
769 2666 1073 2734 exemplum
1108 2668 1238 2720 mihi
1281 2684 1441 2723 nemo
1473 2671 1746 2725 describat
1795 2672 1860 2725 ad
1906 2674 2058 2728 simi-

489 2753 773 2809 litudinem
808 2771 1018 2823 earum,
1049 2759 1252 2826 quibus
1292 2760 2053 2831 proprietatedistinguimur.

477 2839 702 2894 Etenim
735 2859 854 2896 cum
870 2843 1092 2901 ‘divinis
1118 2849 1358 2903 oraculis
1391 2865 1496 2902 non
1528 2851 1703 2904 solum
1738 2853 2055 2921 prmdictum

491 2932 563 2984 sit
589 2933 767 2999 nobis,
801 2950 901 2991 nos
933 2935 1184 3002 invitam
1232 2955 1354 2996 esse
1393 2943 1750 3004 revocandos,
1783 2955 1836 2998 et
1887 2961 2061 3001 resur-

2154 1849 2314 1918 μένον
2339 1846 2656 1916 ἀγαπᾶσθαι
2703 1847 2828 1918 χρὴ,
2869 1848 2930 1900 ού
2975 1847 3073 1918 τὴν
3115 1848 3555 1918 ἀποποιουμένην
3591 1865 3722 1902 σκωο

2155 1935 2294 2005 ρίαν.
2343 1934 2566 2006 Ἀληθές
2593 1937 2702 2007 γάρ
2735 1952 2922 2007 φησιν,
2947 1936 3023 2001 ὥς
3052 1954 3216 2009 φησιν
3235 1939 3270 2008 ή
3303 1937 3421 1990 θεία
3450 1937 3624 2004 φωνὴ,
3647 1939 3720 1991 ὅτι

2153 2026 2308 2096 ἐὰνὴ
2359 2025 2598 2095 ἐπίγειος
2633 2026 2792 2096 ήμῶν
2833 2027 2981 2081 οἰκία
3035 2026 3128 2080 τοῦ
3175 2028 3403 2096 σκήνους
3429 2027 3722 2097 καταλυθῇ,

2151 2115 2274 2168 τότε
2307 2115 2477 2184 αὐτὴν
2506 2113 2814 2184 εὑρήσομεν
2833 2115 3123 2186 οἰκοδομὴν
3151 2115 3216 2168 ἐκ
3243 2114 3378 2168 Θεοῦ
3421 2115 3720 2187 γενομένην

2153 2208 2327 2261 οἰκίαν
2347 2207 2780 2278 ἀχειροποίητον,
2808 2207 3027 2262 αἰώνιον
3049 2207 3108 2262 ἐν
3137 2209 3250 2271 τοῖς
3275 2207 3548 2279 οὐρανοῖς,
3577 2207 3724 2274 ἀξίαν

2152 2298 2248 2352 τοῦ
2281 2295 2418 2352 εἶναι
2437 2297 2606 2369 αὐτὴν
2624 2298 2758 2352 Θεοῦ
2781 2299 3196 2370 κατοικητήριον
3226 2299 3284 2352 ἐν
3305 2299 3597 2371 πνεύματι.
3622 2303 3725 2355 Καί

2158 2406 2248 2460 μοι
2277 2389 2463 2460 μηδεὶς
2495 2389 2948 2461 χαρακτῆρα,καὶ
2965 2389 3174 2460 σχῆμα,
3202 2390 3296 2444 καὶ
3318 2385 3456 2455 εῐδος
3487 2391 3723 2461 ὑπογρα-

2157 2480 2305 2550 φέτω
2331 2482 2428 2552 τῆς
2459 2481 2871 2556 ἀχειροποιήτω
2914 2482 3127 2554 ἐκείνης
3155 2481 3352 2546 οἰκίας,
3401 2482 3528 2536 καθ’
3558 2483 3724 2552 ὁμοιό-

2155 2589 2294 2645 τητα
2333 2573 2440 2627 τῶν
2493 2573 2588 2628 νῦν
2645 2575 3079 2645 ἐπιφαινομένων
3141 2575 3270 2645 ἡμῖν
3321 2574 3724 2646 χαρακτήρων.

2157 2667 2253 2720 καὶ
2280 2666 2663 2737 διακρινόντων
2706 2668 2855 2738 ἡμᾶς
2880 2665 2975 2719 ἀπ’
3002 2665 3246 2738 ἀλλήλων
3271 2668 3385 2731 τοῖς
3428 2663 3725 2738 ίδιώμασιν.

2159 2757 2236 2810 Οὐ
2256 2755 2367 2828 γὰρ
2399 2757 2567 2829 μόνης
2594 2759 2694 2830 τῆς
2721 2757 3070 2821 ἀναστάσεως
3109 2759 3241 2828 ἡμῖν
3271 2757 3420 2829 παρά
3450 2759 3562 2811 τῶν
3582 2759 3724 2812 θείων

2157 2849 2355 2920 λογίων
2400 2851 2839 2923 κεκηρυγμένης,
2883 2849 3018 2904 ἀλλά
3065 2851 3161 2904 καὶ
3201 2849 3264 2904 τὸ
3303 2850 3414 2904 δεῖν
3439 2850 3726 2921 ἀλλαγῆναι

2159 2944 2287 3006 τοὺς
2318 2941 2796 3005 ἀνακαινισθέντας
2830 2939 2920 2994 διά
2944 2941 3045 3010 τῆς
3073 2939 3440 3010 ἀναστάσεως,
3465 2940 3567 3010 τῆς
3596 2939 3727 3002 θείας

489 3030 768 3103 recturus,
787 3043 976 3082 verum
1021 3031 1183 3085 etiam
1213 3034 1564 3109 promittatur
1611 3036 1664 3089 in
1727 3037 1842 3106 ipsa
1875 3038 2055 3093 divina

2160 3034 2566 3106 διεγγυωμένης
2582 3033 2825 3103 Γραφῆς,
2863 3031 3078 3102 ἀνάγκη
3098 3033 3250 3086 πᾶσα
3268 3031 3574 3104 κεκρύφθαι
3600 3047 3726 3084 παν.

493 3113 776 3186 Scriptura
807 3136 904 3188 per
931 3122 1106 3191 ipsam
1135 3127 1616 3189 resurrectionem,
1651 3128 1927 3184 immutari
1971 3141 2058 3184 at-

493 3226 598 3277 que
639 3215 888 3266 renovari
918 3229 1019 3268 nos
1041 3222 1314 3285 oportere.
1347 3220 1571 3274 omnino
1595 3235 1819 3277 necesse
1851 3231 1956 3284 est,
1978 3231 2057 3287 ut,

489 3301 549 3372 in
571 3303 699 3370 quid
731 3303 1052 3360 immutandi
1082 3323 1294 3375 sumus,
1328 3309 1450 3365 ideo
1475 3327 1701 3380 prorsus
1724 3315 2058 3384 ignoremus,

495 3391 638 3460 quod
673 3394 879 3448 nullum
918 3411 1107 3451 eorum
1138 3415 1259 3470 quae
1305 3417 1612 3472 speramus,
1647 3407 1954 3477 exemplum
2005 3409 2058 3462 in

497 3483 598 3536 hac
619 3485 726 3538 vita
759 3487 938 3542 simile
966 3502 1310 3550 coutuemur.
1342 3493 1497 3550 Nunc
1518 3500 1686 3559 enim,
1734 3514 1854 3568 qua:
1873 3514 2060 3556 crassa

493 3583 550 3629 et
578 3575 749 3630 solida
770 3588 916 3644 sunt,
949 3589 1144 3635 natura
1173 3583 1431 3640 deorsum
1459 3585 1724 3642 feruntur.
1769 3587 1924 3645 Tunc
1964 3605 2062 3645 au-

401 3719 410 3724 ,
498 3674 606 3720 tein
653 3667 733 3722 sic
780 3669 1233 3740 immutabuntur,
1267 3685 1326 3730 ut
1373 3694 1593 3734 sursum
1625 3680 1890 3736 tendant.
1952 3681 2063 3738 Nos

497 3759 663 3824 enim,
691 3768 752 3816 ut
775 3762 1039 3834 scriptum
1083 3775 1188 3827 est,
1220 3776 1574 3840 posteaquam
1632 3780 1826 3826 natura
1857 3787 1955 3843 per
1987 3789 2065 3830 re-

498 3853 893 3910 surrectionem
919 3855 974 3910 in
1001 3857 1256 3914 omnibus
1283 3861 1336 3914 iu
1374 3861 1539 3914 vitam
1574 3864 1841 3920 revocatis
1900 3864 2064 3922 fuerit

497 3955 862 4002 commutata:
903 3949 1192 4018 Rapiemur
1231 3953 1285 4006 in
1327 3953 1549 4009 nubibus
1580 3955 1786 4010 obviam
1829 3957 2056 4012 Domino

497 4038 553 4090 in
590 4054 717 4092 aera
749 4048 906 4110 atque
962 4043 1037 4095 ita
1088 4059 1290 4112 semper
1342 4061 1456 4098 cum
1504 4045 1750 4100 Domino'
1778 4049 1972 4103 erimus
1997 4050 2060 4104 ¹³,

499 4128 558 4182 Si
599 4129 764 4200 igitur
790 4133 882 4202 qui
923 4135 1302 4199 immutantur,
1327 4139 1576 4208 corporis
1605 4139 1817 4208 pondus
1840 4156 1948 4195 non
1973 4155 2064 4194 re»

501 4223 698 4288 tinent,
719 4224 812 4278 sed
826 4225 1148 4281 diviniorem
1173 4229 1226 4281 in
1257 4237 1458 4282 statum
1491 4231 1742 4285 translati
1765 4230 2063 4286 simulcum

501 4325 696 4370 natura
728 4318 1046 4387 incorporea
1078 4320 1132 4374 in
1161 4321 1382 4375 sublimi
1415 4331 1736 4389 versantur;
1766 4323 1924 4393 plane
1942 4337 2067 4378 con-

2160 3127 2364 3180 τάπασι
2411 3127 2506 3180 καὶ
2547 3124 2857 3194 ἀγνοεῖσθαι
2890 3123 3026 3196 πρὸς
3053 3124 3082 3176 ὃ
3113 3140 3166 3176 τι
3195 3123 3633 3192 ἀλλαγησόμεθα,
3660 3123 3729 3192 τῷ

2165 3220 2332 3291 μηδὲν
2352 3220 2654 3289 ὑπόδειγμα
2667 3216 2775 3270 τῶν
2805 3215 3172 3287 ἐλπιζομένων
3201 3217 3258 3269 ἐν
3278 3215 3353 3287 τῷ
3381 3215 3476 3268 νῦν
3504 3216 3723 3286 καθορᾶ-

2164 3315 2287 3370 σθαι
2313 3313 2431 3383 βίῳ.
2467 3311 2580 3364 Νῦν
2615 3312 2711 3382 μὲν
2740 3309 2849 3382 γάρ
2877 3311 2986 3364 πᾶν
3013 3310 3074 3363 τὸ
3101 3309 3248 3380 παχὺ
3271 3309 3366 3362 καὶ
3397 3310 3729 3380 στερέμνιον,

2163 3407 2226 3460 ἐκ
2259 3407 2471 3474 φύσεως
2499 3405 2610 3474 ἔχει
2643 3403 2741 3474 τὴν
2765 3404 2857 3456 ἐπὶ
2881 3404 2942 3456 τὸ
2961 3403 3110 3457 κάτω
3140 3401 3329 3472 φοράν.
3361 3401 3494 3454 Τότε
3527 3401 3582 3455 δέ
3609 3402 3730 3466 πρὸς

2161 3498 2222 3551 τὸ
2258 3495 2533 3567 ἀνωφερὲς
2583 3497 2618 3566 ἡ
2667 3494 3023 3566 μεταποίησις
3070 3493 3164 3548 τοῦ
3217 3492 3465 3564 σώματος
3511 3493 3730 3561 γίνεται,

2162 3588 2334 3652 οὓτως
2354 3587 2595 3651 εἰπόντος
2625 3587 2720 3640 τοῦ
2752 3587 2933 3656 λόγου,
2963 3588 3048 3640 ὅτι
3085 3583 3224 3656 μετά
3250 3585 3311 3639 τὸ
3329 3585 3628 3656 ἀλλαγῆναι
3645 3584 3733 3655 τὴν

2165 3681 2344 3751 φύσιν,
2387 3683 2447 3734 ἐν
2481 3682 2614 3734 πᾶσι
2663 3682 2774 3742 τοῖς
2842 3677 3237 3732 ἀναϐεϐιωκόσι
3259 3677 3348 3732 διὰ
3371 3677 3472 3747 τῆς
3505 3677 3732 3732 ἀναστά-

2166 3791 2320 3836 σεως,
2397 3773 2877 3841 Ἀρπαγησόμεθα
2904 3772 2973 3826 ἐν
2992 3772 3272 3840 νεφέλαις
3295 3772 3381 3836 είς
3402 3770 3732 3838 ἀπάντησιν

2163 3866 2268 3920 τοῦ
2301 3865 2521 3933 Κυρίου
2550 3866 2634 3929 εις
2662 3863 2827 3932 ἀέραο
2860 3863 2959 3917 καὶ
2992 3863 3145 3916 οὕτω
3174 3862 3430 3916 πάντοτε
3459 3863 3585 3918 σὺν
3631 3865 3734 3915 Κυ-

2156 3957 2267 4026 ρίῳ
2289 3957 2566 4025 ἐσόμεθα,
2600 3955 2666 4010 El
2698 3954 2878 4009 τοίνυν
2931 3954 3024 4007 ἐπὶ
3052 3953 3160 4007 τῶν
3191 3953 3536 4023 ἀλλαγέντων
3564 3955 3623 4008 τὸ
3648 3953 3732 4024 βά-

2167 4066 2258 4119 ρος
2292 4047 2353 4102 ού
2383 4047 2683 4118 παραμένει
2716 4046 2792 4116 τῷ
2849 4045 3080 4117 σώματι,
3108 4044 3243 4099 ἀλλὰ
3283 4061 3732 4116 συμμετεωροπο-

2169 4140 2318 4212 ροῦσι
2370 4142 2437 4212 τῇ
2486 4139 2763 4210 ἀσωμάτῳ
2818 4138 2975 4208 φύσει
3013 4139 3064 4191 οἱ
3125 4135 3260 4208 πρὸς
3323 4135 3420 4206 τὴν
3463 4135 3732 4205 θειοτέραν

2168 4231 2740 4303 μεταστοιχειωθέντες
2798 4231 3149 4285 κατάστασιν⁹
3181 4227 3398 4290 πάντως
3433 4228 3520 4281 ὅτι
3554 4228 3644 4281 καὶ
3669 4227 3730 4279 τὰ

2165 4323 2324 4377 λοιπά
2347 4323 2453 4376 τῶν
2479 4323 2779 4394 ἰδιωμάτων
2809 4321 2901 4376 τοῦ
2930 4321 3199 4392 σώματος,
3228 4319 3364 4391 πρός
3392 4338 3443 4372 τι
3470 4320 3581 4372 τῶν
3605 4318 3732 4372 θειο-

503 4415 825 4463 sentaneum
855 4419 960 4473 est,
997 4419 1054 4464 ut
1084 4411 1254 4472 color,
1285 4414 1478 4482 ﬁgura,
1515 4413 1976 4484 circumscriptio,
2013 4423 2055 4469 el

2170 4413 2343 4484 τέρων
2373 4413 2848 4484 συμμετατίθεται,
2879 4411 2941 4464 τὸ
2966 4410 3184 4481 χρῶμα,
3215 4409 3276 4462 τὺ
3306 4411 3510 4480 σχῆμα,
3534 4411 3567 4479 ἡ
3592 4426 3732 4480 περι-

498 4501 728 4570 γειίῳιω
769 4503 1019 4570 corporis
1049 4503 1408 4572 preprietatcs
1447 4504 1630 4569 aliqua
1676 4504 1889 4560 ratione
1933 4505 2055 4560 divi-

2167 4505 2376 4576 γραφὴ,
2442 4504 2536 4557 καὶ
2585 4504 2653 4557 τά
2699 4503 2820 4556 καθ’
2853 4504 3082 4556 ἕκαστον
3121 4502 3320 4556 πάντα.
3351 4501 3557 4554 Τούτου
3585 4499 3731 4571 χάριν

503 4593 653 4647 nitus
701 4601 1125 4648 commutentur.
1179 4594 1385 4649 Idcirco
1415 4595 1629 4650 tametsi
1681 4596 1930 4652 videmus
1961 4611 2055 4651 nor

2167 4595 2423 4665 οὐδεμίαν
2453 4595 2697 4666 ἀνάγκην
2713 4593 2928 4667 ὁρῶμεν
2959 4596 3070 4658 τοῖς
3091 4594 3368 4662 ἀλλαγεῖσι
3389 4591 3475 4645 διὰ
3493 4592 3592 4662 τῆς
3613 4592 3731 4644 ἀναο

502 4699 625 4737 esse
652 4685 1044 4747 necessarium,
1085 4693 1141 4738 ut
1172 4686 1224 4739 in
1279 4687 1366 4751 iis,
1396 4687 1489 4754 qui
1523 4689 1929 4742 resurrectione
1963 4687 2067 4741 im-

505 4775 882 4842 mutabuntur,
938 4777 1046 4832 ulla
1103 4777 1373 4848 ejusmodi
1431 4787 1688 4847 appareat
1743 4778 2068 4846 differentia,

503 4867 717 4937 qualem
765 4877 986 4939 propter
1022 4885 1233 4935 eorum,
1277 4871 1372 4939 qui
1418 4871 1744 4938 succedunt,
1798 4870 2063 4937 ordinem,

505 4962 818 5017 necessario
852 4973 1047 5017 natura
1088 4977 1235 5018 nunc
1268 4963 1449 5029 habet,
1482 4979 1589 5018 non
1646 4971 1827 5018 tamen
1873 4978 2069 5033 possu-

506 5069 629 5109 mus
654 5053 928 5123 explicare
956 5055 1144 5124 quales
1176 5055 1342 5110 futuri
1372 5056 1482 5109 sint
1507 5056 1559 5109 in
1619 5056 1708 5108 illa
1766 5063 2066 5109 commuta-

453 5207 460 5216 ι
505 5145 669 5199 tione.
706 5142 884 5198 Unum
915 5145 1134 5215 quidem
1163 5145 1278 5200 fore
1304 5145 1546 5199 omnium
1574 5160 1766 5214 genus,
1792 5159 2068 5213 unumque

452 5244 457 5248 '
503 5233 710 5290 Christi
761 5249 962 5305 corpus
994 5235 1207 5290 futuros
1237 5249 1450 5298 omnes,
1505 5242 1668 5302 atque
1701 5249 1862 5288 unam
1896 5237 2072 5289 omni-

508 5323 611 5379 bus
681 5323 910 5380 formam
978 5325 1414 5395 imprimendam,
1489 5324 1673 5378 divina
1739 5325 1796 5379 in
1855 5325 2073 5379 cunctis

509 5415 744 5486 imagine
771 5419 1048 5488 mqualitcr
1085 5419 1352 5486 elucente,
1382 5433 1487 5473 non
1521 5418 1864 5488 ambigimus.
1888 5418 2072 5487 quue,

507 5509 654 5576 quod
688 5510 873 5563 talium
907 5513 1295 5583 proprietatum
1334 5513 1453 5566 loco
1513 5513 1566 5564 in
1621 5518 1828 5565 natura:
1889 5512 2079 5566 immu-

586 5695 626 5724 "
663 5696 855 5767 Eplics.
900 5715 973 5764 vi,
1008 5697 1072 5752 l3
1102 5716 1221 5769 sqq.

1301 5700 1338 5731 ¹¹
1371 5699 1568 5770 Ephcs.
1602 5718 1652 5766 v,
1681 5701 1770 5756 29.
1851 5704 1892 5735 ¹²
1922 5701 1964 5756 11
1991 5703 2115 5760 Cor.
2139 5717 2192 5771 ν,
2228 5701 2281 5756 1.

2169 4688 2407 4750 στάσεως
2437 4687 2817 4759 ὲνθεωρεῖσθαι
2841 4687 2937 4757 τὴν
2968 4686 3221 4756 τοιαύτην
3241 4683 3526 4755 διαφορὰν,
3546 4684 3612 4753 ῆν
3645 4680 3731 4734 νῦν

2166 4778 2254 4832 διὰ
2314 4779 2413 4849 τὴν
2454 4777 2563 4831 τῶν
2626 4779 3020 4848 ἐπιγινομένων
3070 4775 3386 4831 ἀκολουθίαν
3431 4771 3731 4842 ἀναγκαίως

2173 4869 2330 4941 ἔσχεν
2363 4871 2396 4940 ή
2421 4869 2600 4939 φύσις.
2635 4869 2771 4923 Οὑτε
2807 4872 2932 4940 μὴν,
2960 4871 3042 4922 ὅτι
3065 4869 3164 4923 οὑκ
3187 4867 3357 4931 ἔσται,
3389 4865 3572 4934 σαφῶς
3599 4863 3730 4916 ἐστιν

2173 4960 2571 5032 ἀποφήνασθαι,
2601 4960 2937 5030 ἀγνοούντων
2977 4959 3138 5030 ήμῶν
3163 4962 3242 5022 είς
3289 4959 3318 5011 ὃ
3364 4975 3417 5010 τι
3452 4955 3618 5009 ταῦτα
3653 4951 3731 5006 διὰ

2171 5055 2271 5124 τῆς
2292 5052 2530 5124 ἀλλαγῆς
2555 5054 2942 5123 μεταϐήσεται.
3001 5051 3142 5104 Ἀλλ’
3174 5053 3256 5104 ὅτι
3285 5051 3381 5120 μὲν
3408 5049 3560 5117 γένος
3591 5046 3730 5098 ἔσται

2171 5146 2279 5200 τῶν
2319 5146 2534 5201 πάντων
2575 5146 2651 5210 ἓν,
2707 5147 2834 5199 ὅταν
2901 5144 2959 5198 ἓν
3012 5144 3168 5215 σῶμα
3209 5141 3444 5214 Χριστοῦ
3471 5142 3518 5196 οί
3548 5139 3732 5198 πάντες

2170 5237 2478 5308 γενώμεθα.
2501 5238 2578 5310 τῷ
2605 5238 2684 5292 ἐνὶ
2711 5239 3020 5308 χαρακτῆρι
3048 5234 3488 5307 μεμορφωμένοι,
3512 5231 3610 5284 οὐκ
3635 5230 3729 5298 ἀμ·-

2172 5329 2522 5400 φιϐἀλλομεν,
2550 5331 2684 5383 πᾶσι
2706 5329 2849 5382 κατά
2879 5329 2940 5381 τὸ
2955 5329 3069 5380 ἴσον
3085 5329 3185 5396 τῆς
3214 5324 3363 5386 θείας
3392 5321 3594 5382 εἰκόνος
3621 5318 3727 5368 ἐπι-

2172 5421 2515 5492 λαμπούσης.
2541 5421 2606 5475 Τί
2631 5423 2688 5474 δὲ
2706 5423 2840 5491 ἡμῖν
2877 5421 2998 5475 ἀντὶ
3027 5419 3136 5472 τῶν
3159 5415 3414 5472 τοιούτων
3440 5409 3728 5480 ίδιωμάτων

2175 5515 2234 5566 ἐν
2261 5515 2328 5585 τῇ
2358 5512 2566 5584 ἀλλοιγῇ
2612 5512 2712 5583 τῆς
2741 5512 2956 5582 φύσεως
2995 5509 3442 5585 προσγενήσεται,
3500 5503 3729 5628 Ἲοείττον

2360 5702 2402 5734 ¹³
2433 5700 2450 5753 1
2486 5698 2680 5755 Thess.
2713 5711 2786 5762 tv,
2851 5694 2936 5746 l3.
