  <div class='ocr_page' id='page_1' title='image "/cluster/home/n/w/nwhite01/storage/ocr_20150623/46/hvd.32044014713994/272.png"; bbox 0 0 3844 6400; ppageno 0'>
   <div class='ocr_carea' id='block_1_1' title="bbox 57 269 161 326">
    <p class='ocr_par' dir='ltr' id='par_1_1' title="bbox 57 269 161 326">
     <span class='ocr_line' id='line_1_1' title="bbox 57 269 161 326; baseline -0.01 0"><span class='ocrx_word' id='word_1_1' title='bbox 57 269 161 326; x_wconf 71' lang='lat'><strong>535</strong></span> 
     </span>
    </p>
   </div>
   <div class='ocr_carea' id='block_1_2' title="bbox 1476 267 1944 324">
    <p class='ocr_par' dir='ltr' id='par_1_2' title="bbox 1476 267 1944 324">
     <span class='ocr_line' id='line_1_2' title="bbox 1476 267 1944 324; baseline 0.006 -4"><span class='ocrx_word' id='word_1_2' title='bbox 1476 267 1565 321; x_wconf 79' lang='lat' dir='ltr'><strong>DE</strong></span> <span class='ocrx_word' id='word_1_3' title='bbox 1615 267 1944 324; x_wconf 78' lang='lat' dir='ltr'><strong>MORTUIS.</strong></span> 
     </span>
    </p>
   </div>
   <div class='ocr_carea' id='block_1_3' title="bbox 3221 280 3327 337">
    <p class='ocr_par' dir='ltr' id='par_1_3' title="bbox 3221 280 3327 337">
     <span class='ocr_line' id='line_1_3' title="bbox 3221 280 3327 337; baseline 0 0"><span class='ocrx_word' id='word_1_4' title='bbox 3221 280 3327 337; x_wconf 64' lang='lat' dir='ltr'><strong>53l-</strong></span> 
     </span>
    </p>
   </div>
   <div class='ocr_carea' id='block_1_4' title="bbox 58 378 1663 462">
    <p class='ocr_par' dir='ltr' id='par_1_4' title="bbox 58 378 1657 456">
     <span class='ocr_line' id='line_1_4' title="bbox 58 378 1657 456; baseline -0.003 -20"><span class='ocrx_word' id='word_1_5' title='bbox 58 382 198 438; x_wconf 76' lang='grc' dir='ltr'>εἷναι</span> <span class='ocrx_word' id='word_1_6' title='bbox 235 386 421 456; x_wconf 73' lang='grc' dir='ltr'>πάσης</span> <span class='ocrx_word' id='word_1_7' title='bbox 460 383 817 455; x_wconf 76' lang='grc' dir='ltr'>στοχαστικῆς</span> <span class='ocrx_word' id='word_1_8' title='bbox 840 382 1047 446; x_wconf 83' lang='grc' dir='ltr'>ἐννοίας</span> <span class='ocrx_word' id='word_1_9' title='bbox 1088 380 1526 451; x_wconf 84' lang='grc' dir='ltr'>ἀποφαινόμεθα.</span> <span class='ocrx_word' id='word_1_10' title='bbox 1570 378 1657 442; x_wconf 83' lang='grc' dir='ltr'>Ὠς</span> 
     </span>
    </p>
   </div>
   <div class='ocr_carea' id='block_1_5' title="bbox 1767 378 3322 462">
    <p class='ocr_par' dir='ltr' id='par_1_5' title="bbox 1767 384 3322 462">
     <span class='ocr_line' id='line_1_5' title="bbox 1767 384 3322 462; baseline 0.006 -24"><span class='ocrx_word' id='word_1_11' title='bbox 1767 384 1965 439; x_wconf 77' lang='lat' dir='ltr'><strong>Latione</strong></span> <span class='ocrx_word' id='word_1_12' title='bbox 1998 400 2188 440; x_wconf 90' lang='lat' dir='ltr'><strong>sumus</strong></span> <span class='ocrx_word' id='word_1_13' title='bbox 2219 385 2483 451; x_wconf 83' lang='lat' dir='ltr'><strong>habituri,</strong></span> <span class='ocrx_word' id='word_1_14' title='bbox 2508 388 2856 457; x_wconf 71' lang='lat' dir='ltr'><strong>prrestantins</strong></span> <span class='ocrx_word' id='word_1_15' title='bbox 2899 404 3020 446; x_wconf 88' lang='lat' dir='ltr'><strong>esse</strong></span> <span class='ocrx_word' id='word_1_16' title='bbox 3066 391 3322 462; x_wconf 81' lang='lat' dir='ltr'><strong>dicimus,</strong></span> 
     </span>
    </p>
   </div>
   <div class='ocr_carea' id='block_1_6' title="bbox 58 471 1648 548">
    <p class='ocr_par' dir='ltr' id='par_1_6' title="bbox 58 471 1648 548">
     <span class='ocr_line' id='line_1_6' title="bbox 58 471 1648 548; baseline -0.002 -20"><span class='ocrx_word' id='word_1_17' title='bbox 58 478 99 528; x_wconf 77' lang='grc' dir='ltr'>δ’</span> <span class='ocrx_word' id='word_1_18' title='bbox 123 476 193 530; x_wconf 76' lang='grc' dir='ltr'><strong>ἂν</strong></span> <span class='ocrx_word' id='word_1_19' title='bbox 223 478 307 548; x_wconf 81' lang='grc' dir='ltr'><strong>μή</strong></span> <span class='ocrx_word' id='word_1_20' title='bbox 340 475 463 530; x_wconf 85' lang='grc' dir='ltr'>καθ’</span> <span class='ocrx_word' id='word_1_21' title='bbox 519 476 641 529; x_wconf 84' lang='grc' dir='ltr'>ὅλου</span> <span class='ocrx_word' id='word_1_22' title='bbox 697 475 1043 546; x_wconf 80' lang='grc' dir='ltr'>ἀγύμναστος</span> <span class='ocrx_word' id='word_1_23' title='bbox 1081 477 1215 545; x_wconf 87' lang='grc' dir='ltr'>ἡμῖν</span> <span class='ocrx_word' id='word_1_24' title='bbox 1254 475 1283 527; x_wconf 98' lang='lat'><strong>6</strong></span> <span class='ocrx_word' id='word_1_25' title='bbox 1310 472 1437 545; x_wconf 73' lang='grc' dir='ltr'>περὶ</span> <span class='ocrx_word' id='word_1_26' title='bbox 1460 471 1648 526; x_wconf 90' lang='grc' dir='ltr'>τούτου</span> 
     </span>
    </p>
   </div>
   <div class='ocr_carea' id='block_1_7' title="bbox 58 565 1652 639">
    <p class='ocr_par' dir='ltr' id='par_1_7' title="bbox 58 565 1652 639">
     <span class='ocr_line' id='line_1_7' title="bbox 58 565 1652 639; baseline -0.001 -20"><span class='ocrx_word' id='word_1_27' title='bbox 58 569 217 637; x_wconf 82' lang='grc' dir='ltr'>λόγος</span> <span class='ocrx_word' id='word_1_28' title='bbox 250 567 667 639; x_wconf 75' lang='grc' dir='ltr'><strong>καταλειφθείη,</strong></span> <span class='ocrx_word' id='word_1_29' title='bbox 718 568 876 621; x_wconf 79' lang='grc' dir='ltr'>τοῦτό</span> <span class='ocrx_word' id='word_1_30' title='bbox 904 586 1103 639; x_wconf 83' lang='grc' dir='ltr'>φαμεν,</span> <span class='ocrx_word' id='word_1_31' title='bbox 1133 569 1213 621; x_wconf 80' lang='grc' dir='ltr'><strong>ὅτι</strong></span> <span class='ocrx_word' id='word_1_32' title='bbox 1235 569 1313 631; x_wconf 82' lang='grc' dir='ltr'><strong>είς</strong></span> <span class='ocrx_word' id='word_1_33' title='bbox 1350 566 1504 620; x_wconf 81' lang='grc' dir='ltr'>οὐδὲν</span> <span class='ocrx_word' id='word_1_34' title='bbox 1536 565 1652 619; x_wconf 78' lang='grc' dir='ltr'>ἓτε-</span> 
     </span>
    </p>
   </div>
   <div class='ocr_carea' id='block_1_8' title="bbox 65 658 1652 733">
    <p class='ocr_par' dir='ltr' id='par_1_8' title="bbox 65 658 1652 733">
     <span class='ocr_line' id='line_1_8' title="bbox 65 658 1652 733; baseline -0.003 -16"><span class='ocrx_word' id='word_1_35' title='bbox 65 680 156 733; x_wconf 89' lang='grc' dir='ltr'><strong>ρον</strong></span> <span class='ocrx_word' id='word_1_36' title='bbox 174 663 280 733; x_wconf 76' lang='grc' dir='ltr'><strong>τῆς</strong></span> <span class='ocrx_word' id='word_1_37' title='bbox 302 662 520 716; x_wconf 80' lang='grc' dir='ltr'>κατὰτὸ</span> <span class='ocrx_word' id='word_1_38' title='bbox 541 663 707 732; x_wconf 78' lang='grc' dir='ltr'>ἄρρεν</span> <span class='ocrx_word' id='word_1_39' title='bbox 730 662 826 715; x_wconf 79' lang='grc' dir='ltr'>καὶ</span> <span class='ocrx_word' id='word_1_40' title='bbox 847 661 981 730; x_wconf 86' lang='grc' dir='ltr'>θῆλυ</span> <span class='ocrx_word' id='word_1_41' title='bbox 1002 663 1263 732; x_wconf 79' lang='grc' dir='ltr'>διαφορᾶς</span> <span class='ocrx_word' id='word_1_42' title='bbox 1289 658 1652 731; x_wconf 83' lang='grc' dir='ltr'><strong>συνεργούσης</strong></span> 
     </span>
    </p>
   </div>
   <div class='ocr_carea' id='block_1_9' title="bbox 62 751 1652 825">
    <p class='ocr_par' dir='ltr' id='par_1_9' title="bbox 62 751 1652 825">
     <span class='ocr_line' id='line_1_9' title="bbox 62 751 1652 825; baseline -0.003 -18"><span class='ocrx_word' id='word_1_43' title='bbox 62 756 128 825; x_wconf 79' lang='grc' dir='ltr'>τῇ</span> <span class='ocrx_word' id='word_1_44' title='bbox 146 754 335 823; x_wconf 80' lang='grc' dir='ltr'>φύσει,</span> <span class='ocrx_word' id='word_1_45' title='bbox 356 754 497 824; x_wconf 87' lang='grc' dir='ltr'>πλὴν</span> <span class='ocrx_word' id='word_1_46' title='bbox 515 754 618 823; x_wconf 83' lang='grc' dir='ltr'>τῆς</span> <span class='ocrx_word' id='word_1_47' title='bbox 650 753 1009 820; x_wconf 81' lang='grc' dir='ltr'>παιδοποιίας,</span> <span class='ocrx_word' id='word_1_48' title='bbox 1040 754 1180 824; x_wconf 83' lang='grc' dir='ltr'><strong>τάχα</strong></span> <span class='ocrx_word' id='word_1_49' title='bbox 1198 752 1321 805; x_wconf 83' lang='grc' dir='ltr'>τινὰ</span> <span class='ocrx_word' id='word_1_50' title='bbox 1348 751 1652 822; x_wconf 82' lang='grc' dir='ltr'>στοχασμὸν</span> 
     </span>
    </p>
   </div>
   <div class='ocr_carea' id='block_1_10' title="bbox 66 842 1651 916">
    <p class='ocr_par' dir='ltr' id='par_1_10' title="bbox 66 842 1651 916">
     <span class='ocr_line' id='line_1_10' title="bbox 66 842 1651 916; baseline -0.001 -21"><span class='ocrx_word' id='word_1_51' title='bbox 66 845 216 897; x_wconf 78' lang='grc' dir='ltr'>ἔστιν</span> <span class='ocrx_word' id='word_1_52' title='bbox 248 844 542 898; x_wconf 64' lang='grc' dir='ltr'>ἀναλαᾶεῖν</span> <span class='ocrx_word' id='word_1_53' title='bbox 560 844 657 915; x_wconf 80' lang='grc' dir='ltr'>τῆς</span> <span class='ocrx_word' id='word_1_54' title='bbox 678 843 1093 916; x_wconf 78' lang='grc' dir='ltr'><strong>ἐπηγγελμένης</strong></span> <span class='ocrx_word' id='word_1_55' title='bbox 1112 844 1204 897; x_wconf 83' lang='grc' dir='ltr'>τοῦ</span> <span class='ocrx_word' id='word_1_56' title='bbox 1224 843 1360 897; x_wconf 89' lang='grc' dir='ltr'><strong>Θεοῦ</strong></span> <span class='ocrx_word' id='word_1_57' title='bbox 1380 842 1489 895; x_wconf 87' lang='grc' dir='ltr'><strong>τῶν</strong></span> <span class='ocrx_word' id='word_1_58' title='bbox 1516 843 1651 908; x_wconf 79' lang='grc' dir='ltr'>ἁγαο</span> 
     </span>
    </p>
   </div>
   <div class='ocr_carea' id='block_1_11' title="bbox 66 933 1652 1007">
    <p class='ocr_par' dir='ltr' id='par_1_11' title="bbox 66 933 1652 1007">
     <span class='ocr_line' id='line_1_11' title="bbox 66 933 1652 1007; baseline -0.001 -22"><span class='ocrx_word' id='word_1_59' title='bbox 66 934 176 987; x_wconf 85' lang='grc' dir='ltr'><strong>θῶν</strong></span> <span class='ocrx_word' id='word_1_60' title='bbox 226 934 482 1004; x_wconf 80' lang='grc' dir='ltr'><strong>εὐλογίας</strong></span> <span class='ocrx_word' id='word_1_61' title='bbox 534 934 754 1003; x_wconf 75' lang='grc' dir='ltr'><strong>ἐπάξιον</strong></span> <span class='ocrx_word' id='word_1_62' title='bbox 787 936 845 990; x_wconf 86' lang='grc' dir='ltr'><strong>ἐν</strong></span> <span class='ocrx_word' id='word_1_63' title='bbox 880 936 960 1007; x_wconf 83' lang='grc' dir='ltr'><strong>τῷ</strong></span> <span class='ocrx_word' id='word_1_64' title='bbox 988 936 1117 1007; x_wconf 75' lang='grc' dir='ltr'>περὶ</span> <span class='ocrx_word' id='word_1_65' title='bbox 1142 934 1333 988; x_wconf 86' lang='grc' dir='ltr'>τούτου</span> <span class='ocrx_word' id='word_1_66' title='bbox 1383 933 1546 1002; x_wconf 87' lang='grc' dir='ltr'>λόγῳ,</span> <span class='ocrx_word' id='word_1_67' title='bbox 1571 933 1652 985; x_wconf 82' lang='grc' dir='ltr'><strong>ὅτι</strong></span> 
     </span>
    </p>
   </div>
   <div class='ocr_carea' id='block_1_12' title="bbox 66 1023 1651 1097">
    <p class='ocr_par' dir='ltr' id='par_1_12' title="bbox 66 1023 1651 1097">
     <span class='ocr_line' id='line_1_12' title="bbox 66 1023 1651 1097; baseline 0 -22"><span class='ocrx_word' id='word_1_68' title='bbox 66 1027 144 1087; x_wconf 78' lang='grc' dir='ltr'><strong>εἰς</strong></span> <span class='ocrx_word' id='word_1_69' title='bbox 166 1025 272 1094; x_wconf 75' lang='grc' dir='ltr'><strong>τήν</strong></span> <span class='ocrx_word' id='word_1_70' title='bbox 291 1026 503 1079; x_wconf 86' lang='grc' dir='ltr'>ἐκείνου</span> <span class='ocrx_word' id='word_1_71' title='bbox 562 1025 658 1079; x_wconf 80' lang='grc' dir='ltr'>τοῦ</span> <span class='ocrx_word' id='word_1_72' title='bbox 699 1025 861 1079; x_wconf 83' lang='grc' dir='ltr'>τόκου</span> <span class='ocrx_word' id='word_1_73' title='bbox 888 1027 1191 1097; x_wconf 79' lang='grc' dir='ltr'>ὑπηρεσίαν</span> <span class='ocrx_word' id='word_1_74' title='bbox 1229 1024 1596 1097; x_wconf 81' lang='grc' dir='ltr'>μεταϐήσεται</span> <span class='ocrx_word' id='word_1_75' title='bbox 1616 1023 1651 1089; x_wconf 81' lang='grc' dir='ltr'><strong>ἡ</strong></span> 
     </span>
    </p>
   </div>
   <div class='ocr_carea' id='block_1_13' title="bbox 66 1110 1655 1190">
    <p class='ocr_par' dir='ltr' id='par_1_13' title="bbox 66 1110 1655 1190">
     <span class='ocr_line' id='line_1_13' title="bbox 66 1110 1655 1190; baseline 0.008 -23"><span class='ocrx_word' id='word_1_76' title='bbox 66 1117 365 1188; x_wconf 69' lang='grc' dir='ltr'>γεννητική</span> <span class='ocrx_word' id='word_1_77' title='bbox 387 1120 488 1189; x_wconf 86' lang='grc' dir='ltr'>τῆς</span> <span class='ocrx_word' id='word_1_78' title='bbox 508 1118 720 1186; x_wconf 87' lang='grc' dir='ltr'>φύσεως</span> <span class='ocrx_word' id='word_1_79' title='bbox 768 1118 1015 1189; x_wconf 88' lang='grc' dir='ltr'>δύναμις,</span> <span class='ocrx_word' id='word_1_80' title='bbox 1051 1110 1112 1171; x_wconf 78' lang='grc' dir='ltr'>οὗ</span> <span class='ocrx_word' id='word_1_81' title='bbox 1144 1118 1403 1190; x_wconf 81' lang='grc' dir='ltr'>μετέσχεν</span> <span class='ocrx_word' id='word_1_82' title='bbox 1427 1118 1455 1170; x_wconf 90' lang='lat'><strong>6</strong></span> <span class='ocrx_word' id='word_1_83' title='bbox 1482 1117 1655 1187; x_wconf 82' lang='grc' dir='ltr'>μέγας</span> 
     </span>
    </p>
   </div>
   <div class='ocr_carea' id='block_1_14' title="bbox 78 1207 1657 1279">
    <p class='ocr_par' dir='ltr' id='par_1_14' title="bbox 78 1207 1657 1279">
     <span class='ocr_line' id='line_1_14' title="bbox 78 1207 1657 1279; baseline 0 -19"><span class='ocrx_word' id='word_1_84' title='bbox 78 1209 309 1272; x_wconf 73' lang='grc' dir='ltr'>Ἡσαΐας</span> <span class='ocrx_word' id='word_1_85' title='bbox 332 1209 522 1272; x_wconf 71' lang='grc' dir='ltr'>εἰπὼν,</span> <span class='ocrx_word' id='word_1_86' title='bbox 548 1210 627 1263; x_wconf 83' lang='grc' dir='ltr'><strong>ὅτι</strong></span> <span class='ocrx_word' id='word_1_87' title='bbox 661 1210 793 1264; x_wconf 78' lang='grc' dir='ltr'><strong>Ἀπὸ</strong></span> <span class='ocrx_word' id='word_1_88' title='bbox 830 1211 935 1264; x_wconf 79' lang='grc' dir='ltr'><strong>τοῦ</strong></span> <span class='ocrx_word' id='word_1_89' title='bbox 964 1212 1153 1279; x_wconf 69' lang='grc' dir='ltr'>φόϐου</span> <span class='ocrx_word' id='word_1_90' title='bbox 1191 1223 1329 1273; x_wconf 86' lang='grc' dir='ltr'>σου,</span> <span class='ocrx_word' id='word_1_91' title='bbox 1363 1209 1556 1276; x_wconf 81' lang='grc' dir='ltr'>Κύριε,</span> <span class='ocrx_word' id='word_1_92' title='bbox 1586 1207 1657 1261; x_wconf 80' lang='grc' dir='ltr'>ἐν</span> 
     </span>
    </p>
   </div>
   <div class='ocr_carea' id='block_1_15' title="bbox 72 1298 1655 1370">
    <p class='ocr_par' dir='ltr' id='par_1_15' title="bbox 72 1298 1655 1370">
     <span class='ocr_line' id='line_1_15' title="bbox 72 1298 1655 1370; baseline -0.001 -17"><span class='ocrx_word' id='word_1_93' title='bbox 72 1299 284 1368; x_wconf 65' lang='grc' dir='ltr'>ττιστρι</span> <span class='ocrx_word' id='word_1_94' title='bbox 319 1299 634 1370; x_wconf 74' lang='grc' dir='ltr'>ἐλάϐομεν,</span> <span class='ocrx_word' id='word_1_95' title='bbox 666 1301 765 1354; x_wconf 81' lang='grc' dir='ltr'>καὶ</span> <span class='ocrx_word' id='word_1_96' title='bbox 814 1301 1195 1369; x_wconf 78' lang='grc' dir='ltr'>ὼδινήσαμεν</span> <span class='ocrx_word' id='word_1_97' title='bbox 1231 1300 1327 1354; x_wconf 81' lang='grc' dir='ltr'>καὶ</span> <span class='ocrx_word' id='word_1_98' title='bbox 1351 1298 1655 1369; x_wconf 70' lang='grc' dir='ltr'>ἑτέκομενδ</span> 
     </span>
    </p>
   </div>
   <div class='ocr_carea' id='block_1_16' title="bbox 69 1390 1657 1462">
    <p class='ocr_par' dir='ltr' id='par_1_16' title="bbox 69 1390 1657 1462">
     <span class='ocr_line' id='line_1_16' title="bbox 69 1390 1657 1462; baseline 0.001 -18"><span class='ocrx_word' id='word_1_99' title='bbox 69 1392 309 1461; x_wconf 74' lang='grc' dir='ltr'>πνεῦμα</span> <span class='ocrx_word' id='word_1_100' title='bbox 340 1392 637 1460; x_wconf 78' lang='grc' dir='ltr'><strong>σωτηρίας</strong></span> <span class='ocrx_word' id='word_1_101' title='bbox 675 1408 791 1447; x_wconf 88' lang='grc' dir='ltr'><strong>σου</strong></span> <span class='ocrx_word' id='word_1_102' title='bbox 819 1393 1190 1462; x_wconf 81' lang='grc' dir='ltr'><strong>ἐποιήσαμεν</strong></span> <span class='ocrx_word' id='word_1_103' title='bbox 1206 1392 1302 1445; x_wconf 77' lang='grc' dir='ltr'>ἐπὶ</span> <span class='ocrx_word' id='word_1_104' title='bbox 1320 1391 1430 1460; x_wconf 85' lang='grc' dir='ltr'>τῆς</span> <span class='ocrx_word' id='word_1_105' title='bbox 1445 1390 1571 1461; x_wconf 77' lang='grc' dir='ltr'>γῆς.</span> <span class='ocrx_word' id='word_1_106' title='bbox 1593 1390 1657 1445; x_wconf 81' lang='grc' dir='ltr'><strong>Εἰ</strong></span> 
     </span>
    </p>
   </div>
   <div class='ocr_carea' id='block_1_17' title="bbox 70 1483 1657 1556">
    <p class='ocr_par' dir='ltr' id='par_1_17' title="bbox 70 1483 1657 1556">
     <span class='ocr_line' id='line_1_17' title="bbox 70 1483 1657 1556; baseline 0 -20"><span class='ocrx_word' id='word_1_107' title='bbox 70 1484 177 1555; x_wconf 78' lang='grc' dir='ltr'>γὰρ</span> <span class='ocrx_word' id='word_1_108' title='bbox 197 1483 449 1552; x_wconf 78' lang='grc' dir='ltr'>ἁγαθδςὸ</span> <span class='ocrx_word' id='word_1_109' title='bbox 473 1483 711 1548; x_wconf 86' lang='grc' dir='ltr'>τοιοῦτος</span> <span class='ocrx_word' id='word_1_110' title='bbox 730 1484 907 1550; x_wconf 83' lang='grc' dir='ltr'><strong>τόκος,</strong></span> <span class='ocrx_word' id='word_1_111' title='bbox 928 1485 1024 1537; x_wconf 77' lang='grc' dir='ltr'>καὶ</span> <span class='ocrx_word' id='word_1_112' title='bbox 1052 1486 1323 1556; x_wconf 75' lang='grc' dir='ltr'><strong>σωτηρίας</strong></span> <span class='ocrx_word' id='word_1_113' title='bbox 1342 1484 1491 1538; x_wconf 76' lang='grc' dir='ltr'>αἰτία</span> <span class='ocrx_word' id='word_1_114' title='bbox 1512 1484 1657 1553; x_wconf 88' lang='grc' dir='ltr'>γίνε-</span> 
     </span>
    </p>
   </div>
   <div class='ocr_carea' id='block_1_18' title="bbox 68 1574 1656 1646">
    <p class='ocr_par' dir='ltr' id='par_1_18' title="bbox 68 1574 1656 1646">
     <span class='ocr_line' id='line_1_18' title="bbox 68 1574 1656 1646; baseline 0.001 -21"><span class='ocrx_word' id='word_1_115' title='bbox 68 1593 160 1628; x_wconf 81' lang='grc' dir='ltr'><strong>ται</strong></span> <span class='ocrx_word' id='word_1_116' title='bbox 180 1575 217 1645; x_wconf 80' lang='grc' dir='ltr'><strong>ἡ</strong></span> <span class='ocrx_word' id='word_1_117' title='bbox 232 1575 574 1643; x_wconf 87' lang='grc' dir='ltr'>τεκνογονία,</span> <span class='ocrx_word' id='word_1_118' title='bbox 593 1574 774 1638; x_wconf 84' lang='grc' dir='ltr'>καθώς</span> <span class='ocrx_word' id='word_1_119' title='bbox 794 1592 955 1646; x_wconf 77' lang='grc' dir='ltr'>φησιν</span> <span class='ocrx_word' id='word_1_120' title='bbox 974 1578 1003 1629; x_wconf 84' lang='grc' dir='ltr'><strong>ὁ</strong></span> <span class='ocrx_word' id='word_1_121' title='bbox 1029 1575 1370 1640; x_wconf 84' lang='grc' dir='ltr'>Ἀπόστολος,</span> <span class='ocrx_word' id='word_1_122' title='bbox 1402 1574 1656 1628; x_wconf 83' lang='grc' dir='ltr'>οὐδέποτε</span> 
     </span>
    </p>
   </div>
   <div class='ocr_carea' id='block_1_19' title="bbox 68 1664 1657 1736">
    <p class='ocr_par' dir='ltr' id='par_1_19' title="bbox 68 1664 1657 1736">
     <span class='ocr_line' id='line_1_19' title="bbox 68 1664 1657 1736; baseline -0.001 -18"><span class='ocrx_word' id='word_1_123' title='bbox 68 1666 127 1718; x_wconf 80' lang='grc' dir='ltr'>τὸ</span> <span class='ocrx_word' id='word_1_124' title='bbox 143 1664 368 1735; x_wconf 82' lang='grc' dir='ltr'>πνεῦμα</span> <span class='ocrx_word' id='word_1_125' title='bbox 386 1665 486 1736; x_wconf 84' lang='grc' dir='ltr'>τῆς</span> <span class='ocrx_word' id='word_1_126' title='bbox 498 1666 772 1736; x_wconf 81' lang='grc' dir='ltr'>σωτηρίας</span> <span class='ocrx_word' id='word_1_127' title='bbox 787 1667 990 1734; x_wconf 81' lang='grc' dir='ltr'>γεννῶν</span> <span class='ocrx_word' id='word_1_128' title='bbox 1004 1684 1086 1729; x_wconf 83' lang='grc' dir='ltr'><strong>τις</strong></span> <span class='ocrx_word' id='word_1_129' title='bbox 1099 1666 1383 1729; x_wconf 87' lang='grc' dir='ltr'>παύεται,ό</span> <span class='ocrx_word' id='word_1_130' title='bbox 1403 1665 1548 1731; x_wconf 73' lang='grc' dir='ltr'>ἅπαξ</span> <span class='ocrx_word' id='word_1_131' title='bbox 1567 1664 1657 1719; x_wconf 84' lang='grc' dir='ltr'>διὰ</span> 
     </span>
    </p>
   </div>
   <div class='ocr_carea' id='block_1_20' title="bbox 1756 472 3325 544">
    <p class='ocr_par' dir='ltr' id='par_1_20' title="bbox 1756 472 3325 544">
     <span class='ocr_line' id='line_1_20' title="bbox 1756 472 3325 544; baseline 0.007 -20"><span class='ocrx_word' id='word_1_132' title='bbox 1756 486 1919 542; x_wconf 91' lang='lat' dir='ltr'><strong>quam</strong></span> <span class='ocrx_word' id='word_1_133' title='bbox 1943 480 2003 525; x_wconf 92' lang='lat' dir='ltr'><strong>ut</strong></span> <span class='ocrx_word' id='word_1_134' title='bbox 2032 473 2141 526; x_wconf 90' lang='lat' dir='ltr'><strong>ulla</strong></span> <span class='ocrx_word' id='word_1_135' title='bbox 2181 472 2514 544; x_wconf 73' lang='lat' dir='ltr'><strong>cogitatione</strong></span> <span class='ocrx_word' id='word_1_136' title='bbox 2567 478 2838 543; x_wconf 85' lang='lat' dir='ltr'><strong>conjicere</strong></span> <span class='ocrx_word' id='word_1_137' title='bbox 2888 479 3187 535; x_wconf 83' lang='lat' dir='ltr'><strong>valeamus.</strong></span> <span class='ocrx_word' id='word_1_138' title='bbox 3249 481 3325 535; x_wconf 80' lang='lat' dir='ltr'><strong>Ac</strong></span> 
     </span>
    </p>
   </div>
   <div class='ocr_carea' id='block_1_21' title="bbox 1757 563 3326 640">
    <p class='ocr_par' dir='ltr' id='par_1_21' title="bbox 1757 563 3326 640">
     <span class='ocr_line' id='line_1_21' title="bbox 1757 563 3326 640; baseline 0.006 -24"><span class='ocrx_word' id='word_1_139' title='bbox 1757 577 1827 617; x_wconf 91' lang='lat' dir='ltr'><strong>ne</strong></span> <span class='ocrx_word' id='word_1_140' title='bbox 1853 563 1949 616; x_wconf 94' lang='lat' dir='ltr'><strong>tali</strong></span> <span class='ocrx_word' id='word_1_141' title='bbox 1989 564 2042 617; x_wconf 90' lang='lat' dir='ltr'><strong>in</strong></span> <span class='ocrx_word' id='word_1_142' title='bbox 2071 579 2129 618; x_wconf 92' lang='lat' dir='ltr'><strong>re</strong></span> <span class='ocrx_word' id='word_1_143' title='bbox 2160 574 2345 619; x_wconf 89' lang='lat' dir='ltr'><strong>nostra</strong></span> <span class='ocrx_word' id='word_1_144' title='bbox 2382 566 2540 638; x_wconf 82' lang='lat' dir='ltr'><strong>plane</strong></span> <span class='ocrx_word' id='word_1_145' title='bbox 2574 568 2725 623; x_wconf 86' lang='lat' dir='ltr'><strong>rudis</strong></span> <span class='ocrx_word' id='word_1_146' title='bbox 2746 569 2923 623; x_wconf 88' lang='lat' dir='ltr'><strong>oratio</strong></span> <span class='ocrx_word' id='word_1_147' title='bbox 2950 570 3326 640; x_wconf 85' lang='lat' dir='ltr'><strong>deprehenda-</strong></span> 
     </span>
    </p>
   </div>
   <div class='ocr_carea' id='block_1_22' title="bbox 1756 653 3326 720">
    <p class='ocr_par' dir='ltr' id='par_1_22' title="bbox 1756 653 3326 720">
     <span class='ocr_line' id='line_1_22' title="bbox 1756 653 3326 720; baseline 0.006 -13"><span class='ocrx_word' id='word_1_148' title='bbox 1756 660 1867 717; x_wconf 93' lang='lat' dir='ltr'><strong>tur,</strong></span> <span class='ocrx_word' id='word_1_149' title='bbox 1902 653 2159 720; x_wconf 83' lang='lat' dir='ltr'><strong>dicimus,</strong></span> <span class='ocrx_word' id='word_1_150' title='bbox 2191 657 2360 711; x_wconf 91' lang='lat' dir='ltr'><strong>maris</strong></span> <span class='ocrx_word' id='word_1_151' title='bbox 2383 665 2436 710; x_wconf 88' lang='lat' dir='ltr'><strong>et</strong></span> <span class='ocrx_word' id='word_1_152' title='bbox 2484 658 2697 712; x_wconf 79' lang='lat' dir='ltr'><strong>feminae</strong></span> <span class='ocrx_word' id='word_1_153' title='bbox 2725 659 3085 715; x_wconf 74' lang='lat' dir='ltr'><strong>differentiam</strong></span> <span class='ocrx_word' id='word_1_154' title='bbox 3117 663 3326 717; x_wconf 90' lang='lat' dir='ltr'><strong>nullum</strong></span> 
     </span>
    </p>
   </div>
   <div class='ocr_carea' id='block_1_23' title="bbox 1759 748 3327 822">
    <p class='ocr_par' dir='ltr' id='par_1_23' title="bbox 1759 748 3327 822">
     <span class='ocr_line' id='line_1_23' title="bbox 1759 748 3327 822; baseline 0.005 -23"><span class='ocrx_word' id='word_1_155' title='bbox 1759 754 1971 800; x_wconf 71' lang='lat' dir='ltr'><strong>natura:</strong></span> <span class='ocrx_word' id='word_1_156' title='bbox 2033 762 2192 802; x_wconf 92' lang='lat' dir='ltr'><strong>usum</strong></span> <span class='ocrx_word' id='word_1_157' title='bbox 2231 748 2620 818; x_wconf 78' lang='lat' dir='ltr'><strong>praebituram;</strong></span> <span class='ocrx_word' id='word_1_158' title='bbox 2674 751 2779 806; x_wconf 89' lang='lat' dir='ltr'><strong>nisi</strong></span> <span class='ocrx_word' id='word_1_159' title='bbox 2836 753 3127 822; x_wconf 77' lang='lat' dir='ltr'><strong>quamdam</strong></span> <span class='ocrx_word' id='word_1_160' title='bbox 3160 757 3327 811; x_wconf 82' lang='lat' dir='ltr'><strong>veluti</strong></span> 
     </span>
    </p>
   </div>
   <div class='ocr_carea' id='block_1_24' title="bbox 1760 834 3327 914">
    <p class='ocr_par' dir='ltr' id='par_1_24' title="bbox 1760 834 3327 914">
     <span class='ocr_line' id='line_1_24' title="bbox 1760 834 3327 914; baseline 0.008 -26"><span class='ocrx_word' id='word_1_161' title='bbox 1760 834 1994 890; x_wconf 80' lang='lat' dir='ltr'><strong>ﬁliorum</strong></span> <span class='ocrx_word' id='word_1_162' title='bbox 2025 839 2392 909; x_wconf 90' lang='lat' dir='ltr'><strong>susceptionis</strong></span> <span class='ocrx_word' id='word_1_163' title='bbox 2443 840 2857 896; x_wconf 82' lang='lat' dir='ltr'><strong>similitudinem</strong></span> <span class='ocrx_word' id='word_1_164' title='bbox 2917 847 3187 914; x_wconf 88' lang='lat' dir='ltr'><strong>promissa</strong></span> <span class='ocrx_word' id='word_1_165' title='bbox 3234 848 3327 901; x_wconf 87' lang='lat' dir='ltr'><strong>illa</strong></span> 
     </span>
    </p>
   </div>
   <div class='ocr_carea' id='block_1_25' title="bbox 1759 926 3328 1009">
    <p class='ocr_par' dir='ltr' id='par_1_25' title="bbox 1759 926 3328 1009">
     <span class='ocr_line' id='line_1_25' title="bbox 1759 926 3328 1009; baseline 0.009 -28"><span class='ocrx_word' id='word_1_166' title='bbox 1759 943 1791 981; x_wconf 89' lang='lat' dir='ltr'><strong>a</strong></span> <span class='ocrx_word' id='word_1_167' title='bbox 1853 926 1962 982; x_wconf 92' lang='lat' dir='ltr'><strong>Deo</strong></span> <span class='ocrx_word' id='word_1_168' title='bbox 2016 929 2283 983; x_wconf 91' lang='lat' dir='ltr'><strong>bonorum</strong></span> <span class='ocrx_word' id='word_1_169' title='bbox 2340 934 2495 1000; x_wconf 89' lang='lat' dir='ltr'><strong>copia</strong></span> <span class='ocrx_word' id='word_1_170' title='bbox 2551 933 2769 1002; x_wconf 81' lang='lat' dir='ltr'><strong>dignam</strong></span> <span class='ocrx_word' id='word_1_171' title='bbox 2828 936 3213 1009; x_wconf 82' lang='lat' dir='ltr'><strong>intelligamus,</strong></span> <span class='ocrx_word' id='word_1_172' title='bbox 3269 950 3328 995; x_wconf 93' lang='lat' dir='ltr'><strong>ut</strong></span> 
     </span>
    </p>
   </div>
   <div class='ocr_carea' id='block_1_26' title="bbox 1760 1019 3325 1096">
    <p class='ocr_par' dir='ltr' id='par_1_26' title="bbox 1760 1019 3325 1096">
     <span class='ocr_line' id='line_1_26' title="bbox 1760 1019 3325 1096; baseline 0.009 -23"><span class='ocrx_word' id='word_1_173' title='bbox 1760 1019 2033 1089; x_wconf 88' lang='lat' dir='ltr'><strong>ejusmodi</strong></span> <span class='ocrx_word' id='word_1_174' title='bbox 2068 1022 2247 1089; x_wconf 89' lang='lat' dir='ltr'><strong>partui</strong></span> <span class='ocrx_word' id='word_1_175' title='bbox 2281 1024 2537 1093; x_wconf 80' lang='lat' dir='ltr'><strong>gignendi</strong></span> <span class='ocrx_word' id='word_1_176' title='bbox 2588 1027 2671 1082; x_wconf 85' lang='lat' dir='ltr'><strong>vis</strong></span> <span class='ocrx_word' id='word_1_177' title='bbox 2721 1030 2985 1084; x_wconf 84' lang='lat' dir='ltr'><strong>naturalis</strong></span> <span class='ocrx_word' id='word_1_178' title='bbox 3038 1032 3325 1096; x_wconf 82' lang='lat' dir='ltr'><strong>inserviat,</strong></span> 
     </span>
    </p>
   </div>
   <div class='ocr_carea' id='block_1_27' title="bbox 1760 1110 3329 1182">
    <p class='ocr_par' dir='ltr' id='par_1_27' title="bbox 1760 1110 3329 1182">
     <span class='ocr_line' id='line_1_27' title="bbox 1760 1110 3329 1182; baseline 0.011 -20"><span class='ocrx_word' id='word_1_179' title='bbox 1760 1110 1978 1180; x_wconf 90' lang='lat' dir='ltr'><strong>qualem</strong></span> <span class='ocrx_word' id='word_1_180' title='bbox 2011 1113 2283 1169; x_wconf 84' lang='lat' dir='ltr'><strong>sentiebat</strong></span> <span class='ocrx_word' id='word_1_181' title='bbox 2333 1114 2522 1182; x_wconf 89' lang='lat' dir='ltr'><strong>Isaias,</strong></span> <span class='ocrx_word' id='word_1_182' title='bbox 2548 1133 2672 1173; x_wconf 88' lang='lat' dir='ltr'><strong>cum</strong></span> <span class='ocrx_word' id='word_1_183' title='bbox 2710 1117 2955 1177; x_wconf 88' lang='lat' dir='ltr'><strong>diceret:</strong></span> <span class='ocrx_word' id='word_1_184' title='bbox 3010 1122 3095 1176; x_wconf 80' lang='lat' dir='ltr'><strong>Ea:</strong></span> <span class='ocrx_word' id='word_1_185' title='bbox 3144 1126 3329 1179; x_wconf 76' lang='lat' dir='ltr'><strong>timore</strong></span> 
     </span>
    </p>
   </div>
   <div class='ocr_carea' id='block_1_28' title="bbox 1764 1201 3331 1286">
    <p class='ocr_par' dir='ltr' id='par_1_28' title="bbox 1764 1201 3331 1286">
     <span class='ocr_line' id='line_1_28' title="bbox 1764 1201 3331 1286; baseline 0.012 -33"><span class='ocrx_word' id='word_1_186' title='bbox 1764 1208 1876 1268; x_wconf 85' lang='lat' dir='ltr'><strong>tuo,</strong></span> <span class='ocrx_word' id='word_1_187' title='bbox 1899 1201 2138 1269; x_wconf 83' lang='lat' dir='ltr'><strong>Domine,</strong></span> <span class='ocrx_word' id='word_1_188' title='bbox 2173 1208 2523 1276; x_wconf 80' lang='lat' dir='ltr'><strong>concepimus,</strong></span> <span class='ocrx_word' id='word_1_189' title='bbox 2550 1217 2600 1263; x_wconf 86' lang='lat' dir='ltr'><strong>et</strong></span> <span class='ocrx_word' id='word_1_190' title='bbox 2626 1212 3024 1278; x_wconf 80' lang='lat' dir='ltr'><strong>parturivimus,</strong></span> <span class='ocrx_word' id='word_1_191' title='bbox 3047 1225 3097 1269; x_wconf 85' lang='lat' dir='ltr'><strong>et</strong></span> <span class='ocrx_word' id='word_1_192' title='bbox 3125 1219 3331 1286; x_wconf 85' lang='lat' dir='ltr'><strong>peperi-</strong></span> 
     </span>
    </p>
   </div>
   <div class='ocr_carea' id='block_1_29' title="bbox 1760 1293 3425 1368">
    <p class='ocr_par' dir='ltr' id='par_1_29' title="bbox 1760 1293 3425 1368">
     <span class='ocr_line' id='line_1_29' title="bbox 1760 1293 3425 1368; baseline 0.012 -26"><span class='ocrx_word' id='word_1_193' title='bbox 1760 1306 1901 1354; x_wconf 77' lang='lat' dir='ltr'><strong>mus,</strong></span> <span class='ocrx_word' id='word_1_194' title='bbox 1930 1293 2275 1364; x_wconf 79' lang='lat' dir='ltr'><strong>spiritumque</strong></span> <span class='ocrx_word' id='word_1_195' title='bbox 2299 1297 2490 1352; x_wconf 82' lang='lat' dir='ltr'><strong>salutis</strong></span> <span class='ocrx_word' id='word_1_196' title='bbox 2510 1305 2614 1352; x_wconf 76' lang='lat' dir='ltr'><strong>tua:</strong></span> <span class='ocrx_word' id='word_1_197' title='bbox 2638 1300 2856 1368; x_wconf 77' lang='lat' dir='ltr'><strong>fecimus</strong></span> <span class='ocrx_word' id='word_1_198' title='bbox 2879 1304 2931 1356; x_wconf 80' lang='lat' dir='ltr'><strong>in</strong></span> <span class='ocrx_word' id='word_1_199' title='bbox 2957 1308 3170 1361; x_wconf 77' lang='lat' dir='ltr'><strong>terra”.</strong></span> <span class='ocrx_word' id='word_1_200' title='bbox 3194 1304 3328 1361; x_wconf 86' lang='lat' dir='ltr'><strong>Nam</strong></span> <span class='ocrx_word' id='word_1_201' title='bbox 3422 1350 3425 1351; x_wconf 46' lang='grc' dir='ltr'><em>ν</em></span> 
     </span>
    </p>
   </div>
   <div class='ocr_carea' id='block_1_30' title="bbox 1763 1378 3331 1464">
    <p class='ocr_par' dir='ltr' id='par_1_30' title="bbox 1763 1378 3331 1464">
     <span class='ocr_line' id='line_1_30' title="bbox 1763 1378 3331 1464; baseline 0.012 -32"><span class='ocrx_word' id='word_1_202' title='bbox 1763 1378 1809 1432; x_wconf 89' lang='lat' dir='ltr'><strong>si</strong></span> <span class='ocrx_word' id='word_1_203' title='bbox 1833 1378 2010 1434; x_wconf 88' lang='lat' dir='ltr'><strong>bonus</strong></span> <span class='ocrx_word' id='word_1_204' title='bbox 2041 1391 2124 1435; x_wconf 91' lang='lat' dir='ltr'><strong>est</strong></span> <span class='ocrx_word' id='word_1_205' title='bbox 2172 1393 2362 1452; x_wconf 90' lang='lat' dir='ltr'><strong>partus</strong></span> <span class='ocrx_word' id='word_1_206' title='bbox 2424 1387 2759 1457; x_wconf 89' lang='lat' dir='ltr'><strong>bujusmodi,</strong></span> <span class='ocrx_word' id='word_1_207' title='bbox 2813 1392 3118 1464; x_wconf 88' lang='lat' dir='ltr'><strong>salutisque</strong></span> <span class='ocrx_word' id='word_1_208' title='bbox 3166 1411 3331 1453; x_wconf 88' lang='lat' dir='ltr'><strong>causa</strong></span> 
     </span>
    </p>
   </div>
   <div class='ocr_carea' id='block_1_31' title="bbox 1761 1475 3333 1552">
    <p class='ocr_par' dir='ltr' id='par_1_31' title="bbox 1761 1475 3333 1552">
     <span class='ocr_line' id='line_1_31' title="bbox 1761 1475 3333 1552; baseline 0.014 -29"><span class='ocrx_word' id='word_1_209' title='bbox 1761 1478 1846 1524; x_wconf 89' lang='lat' dir='ltr'><strong>est</strong></span> <span class='ocrx_word' id='word_1_210' title='bbox 1881 1476 2187 1539; x_wconf 88' lang='lat' dir='ltr'><strong>procreatio</strong></span> <span class='ocrx_word' id='word_1_211' title='bbox 2220 1475 2478 1542; x_wconf 85' lang='lat' dir='ltr'><strong>filiorum,</strong></span> <span class='ocrx_word' id='word_1_212' title='bbox 2516 1489 2576 1534; x_wconf 87' lang='lat' dir='ltr'><strong>ut</strong></span> <span class='ocrx_word' id='word_1_213' title='bbox 2605 1482 2680 1536; x_wconf 86' lang='lat' dir='ltr'><strong>ait</strong></span> <span class='ocrx_word' id='word_1_214' title='bbox 2706 1483 3000 1552; x_wconf 84' lang='lat' dir='ltr'><strong>Apostolus</strong></span> <span class='ocrx_word' id='word_1_215' title='bbox 3042 1487 3106 1552; x_wconf 84' lang='grc'>¹⁵,</span> <span class='ocrx_word' id='word_1_216' title='bbox 3147 1490 3333 1545; x_wconf 88' lang='lat' dir='ltr'><strong>nullus</strong></span> 
     </span>
    </p>
   </div>
   <div class='ocr_carea' id='block_1_32' title="bbox 1763 1564 3332 1647">
    <p class='ocr_par' dir='ltr' id='par_1_32' title="bbox 1763 1564 3332 1647">
     <span class='ocr_line' id='line_1_32' title="bbox 1763 1564 3332 1647; baseline 0.015 -34"><span class='ocrx_word' id='word_1_217' title='bbox 1763 1576 2001 1629; x_wconf 84' lang='lat' dir='ltr'><strong>unquam</strong></span> <span class='ocrx_word' id='word_1_218' title='bbox 2025 1564 2135 1619; x_wconf 90' lang='lat' dir='ltr'><strong>illic</strong></span> <span class='ocrx_word' id='word_1_219' title='bbox 2165 1568 2413 1635; x_wconf 82' lang='lat' dir='ltr'><strong>gignendi</strong></span> <span class='ocrx_word' id='word_1_220' title='bbox 2443 1573 2634 1630; x_wconf 81' lang='lat' dir='ltr'><strong>salutis</strong></span> <span class='ocrx_word' id='word_1_221' title='bbox 2664 1576 2918 1646; x_wconf 87' lang='lat' dir='ltr'><strong>spiritum</strong></span> <span class='ocrx_word' id='word_1_222' title='bbox 2954 1579 3113 1636; x_wconf 82' lang='lat' dir='ltr'><strong>finem</strong></span> <span class='ocrx_word' id='word_1_223' title='bbox 3153 1582 3332 1647; x_wconf 77' lang='lat' dir='ltr'><strong>faciet,</strong></span> 
     </span>
    </p>
   </div>
   <div class='ocr_carea' id='block_1_33' title="bbox 1762 1650 3331 1741">
    <p class='ocr_par' dir='ltr' id='par_1_33' title="bbox 1762 1650 3331 1741">
     <span class='ocr_line' id='line_1_33' title="bbox 1762 1650 3331 1741; baseline 0.013 -38"><span class='ocrx_word' id='word_1_224' title='bbox 1762 1650 1855 1720; x_wconf 91' lang='lat' dir='ltr'><strong>qui</strong></span> <span class='ocrx_word' id='word_1_225' title='bbox 1886 1652 1978 1705; x_wconf 87' lang='lat' dir='ltr'><strong>tali</strong></span> <span class='ocrx_word' id='word_1_226' title='bbox 2008 1664 2164 1723; x_wconf 90' lang='lat' dir='ltr'><strong>partu</strong></span> <span class='ocrx_word' id='word_1_227' title='bbox 2190 1658 2289 1711; x_wconf 86' lang='lat' dir='ltr'><strong>sibi</strong></span> <span class='ocrx_word' id='word_1_228' title='bbox 2321 1660 2534 1730; x_wconf 88' lang='lat' dir='ltr'><strong>c0piam</strong></span> <span class='ocrx_word' id='word_1_229' title='bbox 2566 1662 2834 1719; x_wconf 91' lang='lat' dir='ltr'><strong>bonorum</strong></span> <span class='ocrx_word' id='word_1_230' title='bbox 2854 1669 3022 1723; x_wconf 87' lang='lat' dir='ltr'><strong>semel</strong></span> <span class='ocrx_word' id='word_1_231' title='bbox 3039 1674 3331 1741; x_wconf 88' lang='lat' dir='ltr'><strong>pepererit.</strong></span> 
     </span>
    </p>
   </div>
   <div class='ocr_carea' id='block_1_34' title="bbox 68 1741 1663 1827">
    <p class='ocr_par' dir='ltr' id='par_1_34' title="bbox 68 1755 1660 1827">
     <span class='ocr_line' id='line_1_34' title="bbox 68 1755 1660 1827; baseline 0.001 -19"><span class='ocrx_word' id='word_1_232' title='bbox 68 1756 162 1810; x_wconf 79' lang='grc' dir='ltr'>τοῦ</span> <span class='ocrx_word' id='word_1_233' title='bbox 185 1756 440 1809; x_wconf 87' lang='grc' dir='ltr'>τοιούτου</span> <span class='ocrx_word' id='word_1_234' title='bbox 470 1756 629 1810; x_wconf 87' lang='grc' dir='ltr'>τόκου</span> <span class='ocrx_word' id='word_1_235' title='bbox 647 1755 737 1810; x_wconf 76' lang='grc' dir='ltr'><strong>τὸν</strong></span> <span class='ocrx_word' id='word_1_236' title='bbox 766 1756 1082 1827; x_wconf 82' lang='grc' dir='ltr'>πληθυσμδν</span> <span class='ocrx_word' id='word_1_237' title='bbox 1106 1757 1213 1809; x_wconf 87' lang='grc' dir='ltr'><strong>τῶν</strong></span> <span class='ocrx_word' id='word_1_238' title='bbox 1238 1757 1459 1827; x_wconf 79' lang='grc' dir='ltr'>ἀγαθῶν</span> <span class='ocrx_word' id='word_1_239' title='bbox 1484 1755 1660 1826; x_wconf 84' lang='grc' dir='ltr'>ἑαυτῷ</span> 
     </span>
    </p>
   </div>
   <div class='ocr_carea' id='block_1_35' title="bbox 1767 1741 3335 1827">
    <p class='ocr_par' dir='ltr' id='par_1_35' title="bbox 1767 1741 3335 1825">
     <span class='ocr_line' id='line_1_35' title="bbox 1767 1741 3335 1825; baseline 0.018 -29"><span class='ocrx_word' id='word_1_240' title='bbox 1767 1741 1858 1797; x_wconf 88' lang='lat' dir='ltr'><strong>Sin</strong></span> <span class='ocrx_word' id='word_1_241' title='bbox 1885 1744 2083 1815; x_wconf 86' lang='lat' dir='ltr'><strong>aliquis</strong></span> <span class='ocrx_word' id='word_1_242' title='bbox 2114 1749 2359 1804; x_wconf 87' lang='lat' dir='ltr'><strong>eamdem</strong></span> <span class='ocrx_word' id='word_1_243' title='bbox 2394 1751 2623 1809; x_wconf 85' lang='lat' dir='ltr'><strong>formam</strong></span> <span class='ocrx_word' id='word_1_244' title='bbox 2667 1758 2824 1815; x_wconf 91' lang='lat' dir='ltr'><strong>nobis</strong></span> <span class='ocrx_word' id='word_1_245' title='bbox 2878 1763 3335 1825; x_wconf 85' lang='lat' dir='ltr'><strong>reviviscentibus</strong></span> 
     </span>
    </p>
   </div>
   <div class='ocr_carea' id='block_1_36' title="bbox 70 1840 1658 1923">
    <p class='ocr_par' dir='ltr' id='par_1_36' title="bbox 70 1840 1658 1923">
     <span class='ocr_line' id='line_1_36' title="bbox 70 1840 1658 1923; baseline 0.001 -24"><span class='ocrx_word' id='word_1_246' title='bbox 70 1848 684 1917; x_wconf 76' lang='grc' dir='ltr'>τεκνωσάμενος.Ἀλλα</span> <span class='ocrx_word' id='word_1_247' title='bbox 716 1848 818 1903; x_wconf 76' lang='grc' dir='ltr'>κᾶν</span> <span class='ocrx_word' id='word_1_248' title='bbox 848 1849 939 1901; x_wconf 86' lang='grc' dir='ltr'><strong>τὸν</strong></span> <span class='ocrx_word' id='word_1_249' title='bbox 970 1850 1293 1921; x_wconf 82' lang='grc' dir='ltr'>χαρακτῆρα</span> <span class='ocrx_word' id='word_1_250' title='bbox 1323 1848 1457 1923; x_wconf 82' lang='grc' dir='ltr'>λέγῃ</span> <span class='ocrx_word' id='word_1_251' title='bbox 1479 1867 1589 1913; x_wconf 93' lang='grc' dir='ltr'>τις,</span> <span class='ocrx_word' id='word_1_252' title='bbox 1613 1840 1658 1916; x_wconf 82' lang='grc' dir='ltr'>ᾦ</span> 
     </span>
    </p>
   </div>
   <div class='ocr_carea' id='block_1_37' title="bbox 75 1938 1660 2011">
    <p class='ocr_par' dir='ltr' id='par_1_37' title="bbox 75 1938 1660 2011">
     <span class='ocr_line' id='line_1_37' title="bbox 75 1938 1660 2011; baseline -0.001 -20"><span class='ocrx_word' id='word_1_253' title='bbox 75 1938 515 2010; x_wconf 84' lang='grc' dir='ltr'>μεμορφώμεθα,</span> <span class='ocrx_word' id='word_1_254' title='bbox 543 1939 704 1994; x_wconf 86' lang='grc' dir='ltr'>πάλιν</span> <span class='ocrx_word' id='word_1_255' title='bbox 735 1941 865 2011; x_wconf 85' lang='grc' dir='ltr'>ἡμῖν</span> <span class='ocrx_word' id='word_1_256' title='bbox 892 1940 951 1991; x_wconf 86' lang='grc' dir='ltr'><strong>ὲν</strong></span> <span class='ocrx_word' id='word_1_257' title='bbox 968 1942 1038 2011; x_wconf 80' lang='grc' dir='ltr'>τῇ</span> <span class='ocrx_word' id='word_1_258' title='bbox 1062 1939 1357 1994; x_wconf 78' lang='grc' dir='ltr'>ἀναϐιώσει</span> <span class='ocrx_word' id='word_1_259' title='bbox 1380 1941 1471 1993; x_wconf 84' lang='grc' dir='ltr'><strong>τὸν</strong></span> <span class='ocrx_word' id='word_1_260' title='bbox 1496 1939 1660 1993; x_wconf 79' lang='grc' dir='ltr'>αὐτὸν</span> 
     </span>
    </p>
   </div>
   <div class='ocr_carea' id='block_1_38' title="bbox 76 2031 1660 2104">
    <p class='ocr_par' dir='ltr' id='par_1_38' title="bbox 76 2031 1660 2104">
     <span class='ocr_line' id='line_1_38' title="bbox 76 2031 1660 2104; baseline 0.001 -19"><span class='ocrx_word' id='word_1_261' title='bbox 76 2031 550 2103; x_wconf 79' lang='grc' dir='ltr'>συμπαρέσεσθαι,</span> <span class='ocrx_word' id='word_1_262' title='bbox 567 2032 687 2086; x_wconf 78' lang='grc' dir='ltr'>οὐδὲ</span> <span class='ocrx_word' id='word_1_263' title='bbox 700 2032 838 2104; x_wconf 86' lang='grc' dir='ltr'>πρὸς</span> <span class='ocrx_word' id='word_1_264' title='bbox 860 2032 1018 2086; x_wconf 77' lang='grc' dir='ltr'>τοῦτο</span> <span class='ocrx_word' id='word_1_265' title='bbox 1031 2034 1321 2104; x_wconf 80' lang='grc' dir='ltr'>πρόχειρος</span> <span class='ocrx_word' id='word_1_266' title='bbox 1337 2034 1494 2104; x_wconf 86' lang='grc' dir='ltr'>ἡμῶν</span> <span class='ocrx_word' id='word_1_267' title='bbox 1515 2034 1660 2087; x_wconf 84' lang='grc' dir='ltr'>ἐστιν</span> 
     </span>
    </p>
   </div>
   <div class='ocr_carea' id='block_1_39' title="bbox 74 2123 1661 2196">
    <p class='ocr_par' dir='ltr' id='par_1_39' title="bbox 74 2123 1661 2196">
     <span class='ocr_line' id='line_1_39' title="bbox 74 2123 1661 2196; baseline 0 -19"><span class='ocrx_word' id='word_1_268' title='bbox 74 2128 106 2196; x_wconf 84' lang='grc' dir='ltr'><strong>ή</strong></span> <span class='ocrx_word' id='word_1_269' title='bbox 135 2125 369 2187; x_wconf 80' lang='grc' dir='ltr'>διάνοια,</span> <span class='ocrx_word' id='word_1_270' title='bbox 399 2123 571 2189; x_wconf 76' lang='grc' dir='ltr'>οὕτως</span> <span class='ocrx_word' id='word_1_271' title='bbox 594 2126 626 2195; x_wconf 82' lang='grc' dir='ltr'>ἢ</span> <span class='ocrx_word' id='word_1_272' title='bbox 649 2126 851 2196; x_wconf 84' lang='grc' dir='ltr'>ἑτέρως</span> <span class='ocrx_word' id='word_1_273' title='bbox 873 2123 1015 2195; x_wconf 82' lang='grc' dir='ltr'>ἔχειν</span> <span class='ocrx_word' id='word_1_274' title='bbox 1061 2124 1377 2193; x_wconf 81' lang='grc' dir='ltr'>ὑπονοῆσαι.</span> <span class='ocrx_word' id='word_1_275' title='bbox 1403 2124 1525 2177; x_wconf 80' lang='grc' dir='ltr'>Εἴτε</span> <span class='ocrx_word' id='word_1_276' title='bbox 1552 2124 1661 2196; x_wconf 87' lang='grc' dir='ltr'><strong>γὰρ</strong></span> 
     </span>
    </p>
   </div>
   <div class='ocr_carea' id='block_1_40' title="bbox 73 2212 1659 2285">
    <p class='ocr_par' dir='ltr' id='par_1_40' title="bbox 73 2212 1659 2285">
     <span class='ocr_line' id='line_1_40' title="bbox 73 2212 1659 2285; baseline 0 -20"><span class='ocrx_word' id='word_1_277' title='bbox 73 2214 163 2267; x_wconf 75' lang='grc' dir='ltr'>ἐπὶ</span> <span class='ocrx_word' id='word_1_278' title='bbox 185 2212 283 2266; x_wconf 83' lang='grc' dir='ltr'>τοῦ</span> <span class='ocrx_word' id='word_1_279' title='bbox 314 2212 484 2266; x_wconf 81' lang='grc' dir='ltr'>αὐτοῦ</span> <span class='ocrx_word' id='word_1_280' title='bbox 512 2213 659 2282; x_wconf 81' lang='grc' dir='ltr'>λέγοι</span> <span class='ocrx_word' id='word_1_281' title='bbox 682 2232 766 2278; x_wconf 88' lang='grc' dir='ltr'><strong>τις</strong></span> <span class='ocrx_word' id='word_1_282' title='bbox 793 2214 969 2279; x_wconf 76' lang='grc' dir='ltr'>εἴδους</span> <span class='ocrx_word' id='word_1_283' title='bbox 992 2213 1090 2285; x_wconf 84' lang='grc' dir='ltr'>τὴν</span> <span class='ocrx_word' id='word_1_284' title='bbox 1111 2214 1407 2267; x_wconf 79' lang='grc' dir='ltr'>ἀναϐίωσιν</span> <span class='ocrx_word' id='word_1_285' title='bbox 1421 2213 1659 2279; x_wconf 80' lang='grc' dir='ltr'>ἔσεσθαι,</span> 
     </span>
    </p>
   </div>
   <div class='ocr_carea' id='block_1_41' title="bbox 74 2304 1662 2377">
    <p class='ocr_par' dir='ltr' id='par_1_41' title="bbox 74 2304 1662 2377">
     <span class='ocr_line' id='line_1_41' title="bbox 74 2304 1662 2377; baseline -0.002 -17"><span class='ocrx_word' id='word_1_286' title='bbox 74 2310 153 2371; x_wconf 74' lang='grc' dir='ltr'>εἰς</span> <span class='ocrx_word' id='word_1_287' title='bbox 179 2305 390 2377; x_wconf 81' lang='grc' dir='ltr'>πολλὴν</span> <span class='ocrx_word' id='word_1_288' title='bbox 434 2306 746 2376; x_wconf 82' lang='grc' dir='ltr'>ἀμηχανίαν</span> <span class='ocrx_word' id='word_1_289' title='bbox 779 2308 1090 2360; x_wconf 77' lang='grc' dir='ltr'>ἐκπεσεῖται</span> <span class='ocrx_word' id='word_1_290' title='bbox 1128 2309 1156 2359; x_wconf 90' lang='lat'><strong>6</strong></span> <span class='ocrx_word' id='word_1_291' title='bbox 1182 2306 1357 2374; x_wconf 80' lang='grc' dir='ltr'>λόγος,</span> <span class='ocrx_word' id='word_1_292' title='bbox 1386 2304 1473 2359; x_wconf 85' lang='grc' dir='ltr'>διὰ</span> <span class='ocrx_word' id='word_1_293' title='bbox 1501 2306 1561 2358; x_wconf 84' lang='grc' dir='ltr'><strong>τὸ</strong></span> <span class='ocrx_word' id='word_1_294' title='bbox 1588 2304 1662 2376; x_wconf 84' lang='grc' dir='ltr'>μὴ</span> 
     </span>
    </p>
   </div>
   <div class='ocr_carea' id='block_1_42' title="bbox 74 2395 1665 2470">
    <p class='ocr_par' dir='ltr' id='par_1_42' title="bbox 74 2395 1665 2470">
     <span class='ocr_line' id='line_1_42' title="bbox 74 2395 1665 2470; baseline -0.001 -19"><span class='ocrx_word' id='word_1_295' title='bbox 74 2400 164 2453; x_wconf 83' lang='grc' dir='ltr'><strong>τὸν</strong></span> <span class='ocrx_word' id='word_1_296' title='bbox 185 2399 356 2453; x_wconf 79' lang='grc' dir='ltr'>αὐτὸν</span> <span class='ocrx_word' id='word_1_297' title='bbox 382 2398 562 2470; x_wconf 83' lang='grc' dir='ltr'>ἑαυτῷ</span> <span class='ocrx_word' id='word_1_298' title='bbox 592 2399 731 2453; x_wconf 79' lang='grc' dir='ltr'>κατὰ</span> <span class='ocrx_word' id='word_1_299' title='bbox 764 2401 826 2453; x_wconf 86' lang='grc' dir='ltr'><strong>τὸ</strong></span> <span class='ocrx_word' id='word_1_300' title='bbox 869 2395 1009 2463; x_wconf 82' lang='grc' dir='ltr'>εἶδος</span> <span class='ocrx_word' id='word_1_301' title='bbox 1034 2397 1127 2452; x_wconf 78' lang='grc' dir='ltr'>τοῦ</span> <span class='ocrx_word' id='word_1_302' title='bbox 1152 2398 1500 2469; x_wconf 82' lang='grc' dir='ltr'>χαρακτῆρος</span> <span class='ocrx_word' id='word_1_303' title='bbox 1530 2397 1665 2450; x_wconf 87' lang='grc' dir='ltr'>πάν-</span> 
     </span>
    </p>
   </div>
   <div class='ocr_carea' id='block_1_43' title="bbox 74 2488 1665 2561">
    <p class='ocr_par' dir='ltr' id='par_1_43' title="bbox 74 2488 1665 2561">
     <span class='ocr_line' id='line_1_43' title="bbox 74 2488 1665 2561; baseline -0.003 -16"><span class='ocrx_word' id='word_1_304' title='bbox 74 2508 193 2545; x_wconf 77' lang='grc' dir='ltr'>τοτε</span> <span class='ocrx_word' id='word_1_305' title='bbox 222 2490 503 2560; x_wconf 81' lang='grc' dir='ltr'>διαμένειν</span> <span class='ocrx_word' id='word_1_306' title='bbox 525 2489 619 2544; x_wconf 76' lang='grc' dir='ltr'>τὸν</span> <span class='ocrx_word' id='word_1_307' title='bbox 646 2491 952 2561; x_wconf 82' lang='grc' dir='ltr'>ἄνθρωπον,</span> <span class='ocrx_word' id='word_1_308' title='bbox 976 2489 1079 2542; x_wconf 89' lang='grc' dir='ltr'><strong>ύπό</strong></span> <span class='ocrx_word' id='word_1_309' title='bbox 1100 2507 1160 2543; x_wconf 92' lang='grc' dir='ltr'><strong>τε</strong></span> <span class='ocrx_word' id='word_1_310' title='bbox 1179 2488 1288 2543; x_wconf 90' lang='grc' dir='ltr'><strong>τῶν</strong></span> <span class='ocrx_word' id='word_1_311' title='bbox 1318 2489 1543 2560; x_wconf 82' lang='grc' dir='ltr'>ἡλικιῶν</span> <span class='ocrx_word' id='word_1_312' title='bbox 1572 2489 1665 2543; x_wconf 78' lang='grc' dir='ltr'><strong>καὶ</strong></span> 
     </span>
    </p>
   </div>
   <div class='ocr_carea' id='block_1_44' title="bbox 77 2576 1665 2653">
    <p class='ocr_par' dir='ltr' id='par_1_44' title="bbox 77 2576 1665 2653">
     <span class='ocr_line' id='line_1_44' title="bbox 77 2576 1665 2653; baseline -0.003 -16"><span class='ocrx_word' id='word_1_313' title='bbox 77 2583 184 2637; x_wconf 83' lang='grc' dir='ltr'><strong>τῶν</strong></span> <span class='ocrx_word' id='word_1_314' title='bbox 218 2581 566 2653; x_wconf 83' lang='grc' dir='ltr'>παθημάτων</span> <span class='ocrx_word' id='word_1_315' title='bbox 598 2581 785 2636; x_wconf 79' lang='grc' dir='ltr'>ἄλλοτε</span> <span class='ocrx_word' id='word_1_316' title='bbox 814 2582 951 2652; x_wconf 81' lang='grc' dir='ltr'>πρὸς</span> <span class='ocrx_word' id='word_1_317' title='bbox 974 2581 1101 2636; x_wconf 80' lang='grc' dir='ltr'>ἄλλο</span> <span class='ocrx_word' id='word_1_318' title='bbox 1122 2576 1260 2645; x_wconf 74' lang='grc' dir='ltr'>εἶδος</span> <span class='ocrx_word' id='word_1_319' title='bbox 1289 2581 1665 2651; x_wconf 85' lang='grc' dir='ltr'>μεταπλασσό-</span> 
     </span>
    </p>
   </div>
   <div class='ocr_carea' id='block_1_45' title="bbox 81 2671 1667 2746">
    <p class='ocr_par' dir='ltr' id='par_1_45' title="bbox 81 2671 1667 2746">
     <span class='ocr_line' id='line_1_45' title="bbox 81 2671 1667 2746; baseline -0.003 -19"><span class='ocrx_word' id='word_1_320' title='bbox 81 2692 260 2746; x_wconf 77' lang='grc' dir='ltr'>μενον.</span> <span class='ocrx_word' id='word_1_321' title='bbox 296 2674 510 2737; x_wconf 78' lang='grc' dir='ltr'>’Λλλως</span> <span class='ocrx_word' id='word_1_322' title='bbox 532 2674 641 2745; x_wconf 88' lang='grc' dir='ltr'>γὰρ</span> <span class='ocrx_word' id='word_1_323' title='bbox 674 2672 973 2745; x_wconf 80' lang='grc' dir='ltr'>μορφοῦται</span> <span class='ocrx_word' id='word_1_324' title='bbox 1011 2673 1071 2726; x_wconf 85' lang='grc' dir='ltr'>τὸ</span> <span class='ocrx_word' id='word_1_325' title='bbox 1116 2673 1307 2744; x_wconf 84' lang='grc' dir='ltr'>νήπιον</span> <span class='ocrx_word' id='word_1_326' title='bbox 1345 2671 1521 2725; x_wconf 78' lang='grc' dir='ltr'>καὶτὸ</span> <span class='ocrx_word' id='word_1_327' title='bbox 1549 2688 1667 2743; x_wconf 85' lang='grc' dir='ltr'>μει-</span> 
     </span>
    </p>
   </div>
   <div class='ocr_carea' id='block_1_46' title="bbox 82 2759 1688 2838">
    <p class='ocr_par' dir='ltr' id='par_1_46' title="bbox 82 2759 1688 2838">
     <span class='ocr_line' id='line_1_46' title="bbox 82 2759 1688 2838; baseline -0.012 -15"><span class='ocrx_word' id='word_1_328' title='bbox 82 2767 274 2838; x_wconf 74' lang='grc' dir='ltr'>ρὰκιον</span> <span class='ocrx_word' id='word_1_329' title='bbox 297 2778 312 2791; x_wconf 81' lang='grc'><strong><em>⁸</em></strong></span> <span class='ocrx_word' id='word_1_330' title='bbox 339 2764 518 2827; x_wconf 77' lang='grc' dir='ltr'>ἄλλως</span> <span class='ocrx_word' id='word_1_331' title='bbox 544 2766 574 2817; x_wconf 88' lang='grc' dir='ltr'><strong>ὁ</strong></span> <span class='ocrx_word' id='word_1_332' title='bbox 615 2765 765 2826; x_wconf 83' lang='grc' dir='ltr'>παῖς,</span> <span class='ocrx_word' id='word_1_333' title='bbox 791 2763 821 2815; x_wconf 87' lang='lat'><strong>6</strong></span> <span class='ocrx_word' id='word_1_334' title='bbox 844 2761 1004 2833; x_wconf 84' lang='grc' dir='ltr'>ἀνὴρ,</span> <span class='ocrx_word' id='word_1_335' title='bbox 1030 2763 1059 2814; x_wconf 87' lang='grc' dir='ltr'>ὁ</span> <span class='ocrx_word' id='word_1_336' title='bbox 1092 2759 1337 2832; x_wconf 82' lang='grc' dir='ltr'>μεσῆλιξ,</span> <span class='ocrx_word' id='word_1_337' title='bbox 1361 2762 1390 2813; x_wconf 87' lang='grc' dir='ltr'>ὁ</span> <span class='ocrx_word' id='word_1_338' title='bbox 1418 2759 1688 2829; x_wconf 76' lang='grc' dir='ltr'>γηραιὸς,-</span> 
     </span>
    </p>
   </div>
   <div class='ocr_carea' id='block_1_47' title="bbox 78 2850 1668 2926">
    <p class='ocr_par' dir='ltr' id='par_1_47' title="bbox 78 2850 1668 2926">
     <span class='ocr_line' id='line_1_47' title="bbox 78 2850 1668 2926; baseline -0.003 -18"><span class='ocrx_word' id='word_1_339' title='bbox 78 2857 107 2908; x_wconf 88' lang='lat'><strong>6</strong></span> <span class='ocrx_word' id='word_1_340' title='bbox 141 2854 411 2926; x_wconf 79' lang='grc' dir='ltr'>πρέσσυς.</span> <span class='ocrx_word' id='word_1_341' title='bbox 455 2853 620 2907; x_wconf 79' lang='grc' dir='ltr'>Οὐδὲν</span> <span class='ocrx_word' id='word_1_342' title='bbox 640 2851 847 2905; x_wconf 87' lang='grc' dir='ltr'>τούτων</span> <span class='ocrx_word' id='word_1_343' title='bbox 868 2850 1129 2914; x_wconf 81' lang='grc' dir='ltr'>ὡσαύτως</span> <span class='ocrx_word' id='word_1_344' title='bbox 1149 2850 1263 2922; x_wconf 78' lang='grc' dir='ltr'>ἔχει</span> <span class='ocrx_word' id='word_1_345' title='bbox 1292 2850 1429 2922; x_wconf 82' lang='grc' dir='ltr'>πρὸς</span> <span class='ocrx_word' id='word_1_346' title='bbox 1461 2850 1521 2903; x_wconf 86' lang='grc' dir='ltr'><strong>τὸ</strong></span> <span class='ocrx_word' id='word_1_347' title='bbox 1552 2851 1668 2903; x_wconf 78' lang='grc' dir='ltr'>ἓτε-</span> 
     </span>
    </p>
   </div>
   <div class='ocr_carea' id='block_1_48' title="bbox 79 2940 1669 3018">
    <p class='ocr_par' dir='ltr' id='par_1_48' title="bbox 79 2940 1669 3018">
     <span class='ocr_line' id='line_1_48' title="bbox 79 2940 1669 3018; baseline -0.004 -18"><span class='ocrx_word' id='word_1_348' title='bbox 79 2964 170 3018; x_wconf 62' lang='grc' dir='ltr'><strong>ρον</strong></span> <span class='ocrx_word' id='word_1_349' title='bbox 189 2963 206 2978; x_wconf 90' lang='grc'><strong>·</strong></span> <span class='ocrx_word' id='word_1_350' title='bbox 230 2946 372 3000; x_wconf 74' lang='grc' dir='ltr'>ἀλλὰ</span> <span class='ocrx_word' id='word_1_351' title='bbox 397 2946 491 3000; x_wconf 78' lang='grc' dir='ltr'><strong>καὶ</strong></span> <span class='ocrx_word' id='word_1_352' title='bbox 536 2946 566 2998; x_wconf 88' lang='grc' dir='ltr'><strong>ὁ</strong></span> <span class='ocrx_word' id='word_1_353' title='bbox 592 2942 670 3013; x_wconf 83' lang='grc' dir='ltr'>τῷ</span> <span class='ocrx_word' id='word_1_354' title='bbox 696 2944 894 3015; x_wconf 82' lang='grc' dir='ltr'>ίκτέρῳ</span> <span class='ocrx_word' id='word_1_355' title='bbox 924 2942 1230 3008; x_wconf 77' lang='grc' dir='ltr'>κατιωθεὶς,</span> <span class='ocrx_word' id='word_1_356' title='bbox 1260 2944 1354 2996; x_wconf 70' lang='grc' dir='ltr'>καὶ</span> <span class='ocrx_word' id='word_1_357' title='bbox 1381 2940 1669 3013; x_wconf 81' lang='grc' dir='ltr'>ἐξῳδηκὼς</span> 
     </span>
    </p>
   </div>
   <div class='ocr_carea' id='block_1_49' title="bbox 79 3037 1739 3139">
    <p class='ocr_par' dir='ltr' id='par_1_49' title="bbox 79 3037 1739 3139">
     <span class='ocr_line' id='line_1_49' title="bbox 79 3037 1739 3139; baseline -0.004 -44"><span class='ocrx_word' id='word_1_358' title='bbox 79 3042 153 3113; x_wconf 81' lang='grc' dir='ltr'><strong>τῷ</strong></span> <span class='ocrx_word' id='word_1_359' title='bbox 174 3040 377 3112; x_wconf 82' lang='grc' dir='ltr'>ὑδέρῳ,</span> <span class='ocrx_word' id='word_1_360' title='bbox 427 3040 455 3092; x_wconf 86' lang='grc' dir='ltr'><strong>ὃ</strong></span> <span class='ocrx_word' id='word_1_361' title='bbox 502 3056 561 3092; x_wconf 87' lang='grc' dir='ltr'><strong>τε</strong></span> <span class='ocrx_word' id='word_1_362' title='bbox 609 3037 898 3110; x_wconf 76' lang='grc' dir='ltr'>ξηρανθεὶς</span> <span class='ocrx_word' id='word_1_363' title='bbox 921 3038 980 3091; x_wconf 86' lang='grc' dir='ltr'><strong>ἐν</strong></span> <span class='ocrx_word' id='word_1_364' title='bbox 1004 3037 1251 3107; x_wconf 79' lang='grc' dir='ltr'>τηκεδόνι</span> <span class='ocrx_word' id='word_1_365' title='bbox 1274 3076 1289 3102; x_wconf 97' lang='grc'><strong>,</strong></span> <span class='ocrx_word' id='word_1_366' title='bbox 1319 3037 1411 3090; x_wconf 74' lang='grc' dir='ltr'>καὶ</span> <span class='ocrx_word' id='word_1_367' title='bbox 1450 3038 1478 3089; x_wconf 90' lang='grc' dir='ltr'>ὁ</span> <span class='ocrx_word' id='word_1_368' title='bbox 1509 3037 1669 3139; x_wconf 75' lang='grc' dir='ltr'>πολυ-</span> <span class='ocrx_word' id='word_1_369' title='bbox 1694 3079 1739 3139; x_wconf 76' lang='lat' dir='ltr'>c</span> 
     </span>
    </p>
   </div>
   <div class='ocr_carea' id='block_1_50' title="bbox 82 3128 1667 3203">
    <p class='ocr_par' dir='ltr' id='par_1_50' title="bbox 82 3128 1667 3203">
     <span class='ocr_line' id='line_1_50' title="bbox 82 3128 1667 3203; baseline -0.003 -18"><span class='ocrx_word' id='word_1_370' title='bbox 82 3133 367 3203; x_wconf 85' lang='grc' dir='ltr'>σαρκήσας</span> <span class='ocrx_word' id='word_1_371' title='bbox 396 3129 460 3183; x_wconf 77' lang='grc' dir='ltr'><strong>ἐκ</strong></span> <span class='ocrx_word' id='word_1_372' title='bbox 497 3147 642 3193; x_wconf 90' lang='grc' dir='ltr'>τινος</span> <span class='ocrx_word' id='word_1_373' title='bbox 662 3128 1018 3201; x_wconf 84' lang='grc' dir='ltr'>δυσκρασίας,</span> <span class='ocrx_word' id='word_1_374' title='bbox 1036 3130 1065 3181; x_wconf 88' lang='grc' dir='ltr'>ὁ</span> <span class='ocrx_word' id='word_1_375' title='bbox 1092 3128 1412 3199; x_wconf 84' lang='grc' dir='ltr'>κατάχολος,</span> <span class='ocrx_word' id='word_1_376' title='bbox 1441 3130 1470 3181; x_wconf 89' lang='lat'><strong>6</strong></span> <span class='ocrx_word' id='word_1_377' title='bbox 1499 3128 1667 3197; x_wconf 84' lang='grc' dir='ltr'>αἱμα-</span> 
     </span>
    </p>
   </div>
   <div class='ocr_carea' id='block_1_51' title="bbox 78 3217 1675 3295">
    <p class='ocr_par' dir='ltr' id='par_1_51' title="bbox 78 3217 1675 3295">
     <span class='ocr_line' id='line_1_51' title="bbox 78 3217 1675 3295; baseline -0.005 -18"><span class='ocrx_word' id='word_1_378' title='bbox 78 3224 273 3295; x_wconf 82' lang='grc' dir='ltr'>τώδης,</span> <span class='ocrx_word' id='word_1_379' title='bbox 309 3224 340 3276; x_wconf 87' lang='lat'><strong>6</strong></span> <span class='ocrx_word' id='word_1_380' title='bbox 364 3220 707 3292; x_wconf 75' lang='grc' dir='ltr'>φλεγματίας</span> <span class='ocrx_word' id='word_1_381' title='bbox 730 3236 746 3252; x_wconf 92' lang='grc'><strong>·</strong></span> <span class='ocrx_word' id='word_1_382' title='bbox 782 3220 1016 3273; x_wconf 81' lang='grc' dir='ltr'>ἑκάστου</span> <span class='ocrx_word' id='word_1_383' title='bbox 1043 3218 1246 3272; x_wconf 86' lang='grc' dir='ltr'>τούτων</span> <span class='ocrx_word' id='word_1_384' title='bbox 1275 3217 1408 3289; x_wconf 77' lang='grc' dir='ltr'>πρὸς</span> <span class='ocrx_word' id='word_1_385' title='bbox 1438 3218 1535 3289; x_wconf 82' lang='grc' dir='ltr'><strong>τὴν</strong></span> <span class='ocrx_word' id='word_1_386' title='bbox 1556 3218 1675 3269; x_wconf 88' lang='grc' dir='ltr'>ἑπι-</span> 
     </span>
    </p>
   </div>
   <div class='ocr_carea' id='block_1_52' title="bbox 81 3308 1677 3388">
    <p class='ocr_par' dir='ltr' id='par_1_52' title="bbox 81 3308 1677 3388">
     <span class='ocr_line' id='line_1_52' title="bbox 81 3308 1677 3388; baseline -0.006 -19"><span class='ocrx_word' id='word_1_387' title='bbox 81 3314 393 3388; x_wconf 79' lang='grc' dir='ltr'>κρατοῦσαν</span> <span class='ocrx_word' id='word_1_388' title='bbox 424 3313 760 3384; x_wconf 88' lang='grc' dir='ltr'>δυσκρασίαν</span> <span class='ocrx_word' id='word_1_389' title='bbox 792 3310 1318 3383; x_wconf 80' lang='grc' dir='ltr'>συμμορφουμὲνου,</span> <span class='ocrx_word' id='word_1_390' title='bbox 1352 3308 1475 3361; x_wconf 71' lang='grc' dir='ltr'>οὔτε</span> <span class='ocrx_word' id='word_1_391' title='bbox 1504 3326 1677 3379; x_wconf 87' lang='grc' dir='ltr'>παρα-</span> 
     </span>
    </p>
   </div>
   <div class='ocr_carea' id='block_1_53' title="bbox 84 3400 1676 3480">
    <p class='ocr_par' dir='ltr' id='par_1_53' title="bbox 84 3400 1676 3480">
     <span class='ocr_line' id='line_1_53' title="bbox 84 3400 1676 3480; baseline -0.008 -18"><span class='ocrx_word' id='word_1_392' title='bbox 84 3409 265 3480; x_wconf 80' lang='grc' dir='ltr'>μένειν</span> <span class='ocrx_word' id='word_1_393' title='bbox 288 3405 467 3461; x_wconf 80' lang='grc' dir='ltr'>ταῦτα</span> <span class='ocrx_word' id='word_1_394' title='bbox 503 3404 641 3476; x_wconf 85' lang='grc' dir='ltr'>μετὰ</span> <span class='ocrx_word' id='word_1_395' title='bbox 683 3404 745 3457; x_wconf 80' lang='grc' dir='ltr'><strong>τὸ</strong></span> <span class='ocrx_word' id='word_1_396' title='bbox 775 3402 1072 3459; x_wconf 81' lang='grc' dir='ltr'>ἀναϐιῶναι</span> <span class='ocrx_word' id='word_1_397' title='bbox 1116 3400 1297 3463; x_wconf 89' lang='grc' dir='ltr'>καλῶς</span> <span class='ocrx_word' id='word_1_398' title='bbox 1328 3400 1439 3470; x_wconf 77' lang='grc' dir='ltr'>ἔχει</span> <span class='ocrx_word' id='word_1_399' title='bbox 1467 3400 1676 3467; x_wconf 86' lang='grc' dir='ltr'>λογίσα-</span> 
     </span>
    </p>
   </div>
   <div class='ocr_carea' id='block_1_54' title="bbox 82 3489 1675 3568">
    <p class='ocr_par' dir='ltr' id='par_1_54' title="bbox 82 3489 1675 3568">
     <span class='ocr_line' id='line_1_54' title="bbox 82 3489 1675 3568; baseline -0.006 -17"><span class='ocrx_word' id='word_1_400' title='bbox 82 3502 226 3563; x_wconf 82' lang='grc' dir='ltr'>σθαι,</span> <span class='ocrx_word' id='word_1_401' title='bbox 256 3501 362 3568; x_wconf 83' lang='grc' dir='ltr'><strong>τῆς</strong></span> <span class='ocrx_word' id='word_1_402' title='bbox 394 3496 635 3564; x_wconf 83' lang='grc' dir='ltr'>ἀλλαγῆς</span> <span class='ocrx_word' id='word_1_403' title='bbox 670 3495 847 3548; x_wconf 82' lang='grc' dir='ltr'>πάντα</span> <span class='ocrx_word' id='word_1_404' title='bbox 894 3492 1263 3562; x_wconf 79' lang='grc' dir='ltr'>σκευαζούσης</span> <span class='ocrx_word' id='word_1_405' title='bbox 1293 3491 1426 3561; x_wconf 75' lang='grc' dir='ltr'>πρὸς</span> <span class='ocrx_word' id='word_1_406' title='bbox 1452 3491 1513 3542; x_wconf 82' lang='grc' dir='ltr'><strong>τὸ</strong></span> <span class='ocrx_word' id='word_1_407' title='bbox 1543 3489 1675 3542; x_wconf 84' lang='grc' dir='ltr'>θειό-</span> 
     </span>
    </p>
   </div>
   <div class='ocr_carea' id='block_1_55' title="bbox 80 3578 1674 3660">
    <p class='ocr_par' dir='ltr' id='par_1_55' title="bbox 80 3578 1674 3660">
     <span class='ocr_line' id='line_1_55' title="bbox 80 3578 1674 3660; baseline -0.005 -18"><span class='ocrx_word' id='word_1_408' title='bbox 80 3607 256 3660; x_wconf 82' lang='grc' dir='ltr'>τερον,</span> <span class='ocrx_word' id='word_1_409' title='bbox 282 3587 411 3641; x_wconf 77' lang='grc' dir='ltr'>οὔτε</span> <span class='ocrx_word' id='word_1_410' title='bbox 441 3580 553 3640; x_wconf 79' lang='grc' dir='ltr'>οῖον</span> <span class='ocrx_word' id='word_1_411' title='bbox 581 3588 712 3656; x_wconf 88' lang='grc' dir='ltr'>ήμῖν</span> <span class='ocrx_word' id='word_1_412' title='bbox 738 3584 1032 3654; x_wconf 86' lang='grc' dir='ltr'>ἐπανθήσει</span> <span class='ocrx_word' id='word_1_413' title='bbox 1049 3582 1109 3635; x_wconf 82' lang='grc' dir='ltr'><strong>τὸ</strong></span> <span class='ocrx_word' id='word_1_414' title='bbox 1134 3578 1268 3645; x_wconf 84' lang='grc' dir='ltr'>εἶδος</span> <span class='ocrx_word' id='word_1_415' title='bbox 1290 3581 1506 3635; x_wconf 77' lang='grc' dir='ltr'>εὔκολόν</span> <span class='ocrx_word' id='word_1_416' title='bbox 1530 3582 1674 3634; x_wconf 84' lang='grc' dir='ltr'>ἐστιν</span> 
     </span>
    </p>
   </div>
   <div class='ocr_carea' id='block_1_56' title="bbox 80 3673 1674 3748">
    <p class='ocr_par' dir='ltr' id='par_1_56' title="bbox 80 3673 1674 3748">
     <span class='ocr_line' id='line_1_56' title="bbox 80 3673 1674 3748; baseline -0.006 -15"><span class='ocrx_word' id='word_1_417' title='bbox 80 3677 532 3748; x_wconf 70' lang='grc' dir='ltr'>ἐναλογίσασθαι,</span> <span class='ocrx_word' id='word_1_418' title='bbox 584 3676 695 3729; x_wconf 87' lang='grc' dir='ltr'><strong>τῶν</strong></span> <span class='ocrx_word' id='word_1_419' title='bbox 746 3678 866 3729; x_wconf 85' lang='grc' dir='ltr'>κατ’</span> <span class='ocrx_word' id='word_1_420' title='bbox 913 3674 1105 3727; x_wconf 81' lang='grc' dir='ltr'>ἐλπίδα</span> <span class='ocrx_word' id='word_1_421' title='bbox 1138 3676 1267 3743; x_wconf 82' lang='grc' dir='ltr'>ἡμῖν</span> <span class='ocrx_word' id='word_1_422' title='bbox 1303 3673 1674 3743; x_wconf 81' lang='grc' dir='ltr'>προκειμένων</span> 
     </span>
    </p>
   </div>
   <div class='ocr_carea' id='block_1_57' title="bbox 81 3759 1673 3841">
    <p class='ocr_par' dir='ltr' id='par_1_57' title="bbox 81 3759 1673 3841">
     <span class='ocr_line' id='line_1_57' title="bbox 81 3759 1673 3841; baseline -0.006 -16"><span class='ocrx_word' id='word_1_423' title='bbox 81 3770 327 3841; x_wconf 67' lang='grc' dir='ltr'>ἀγαθῶν,</span> <span class='ocrx_word' id='word_1_424' title='bbox 352 3769 495 3840; x_wconf 79' lang='grc' dir='ltr'>ὑπὲρ</span> <span class='ocrx_word' id='word_1_425' title='bbox 516 3767 814 3837; x_wconf 73' lang='grc' dir='ltr'>ὀφθαλμὸν,</span> <span class='ocrx_word' id='word_1_426' title='bbox 840 3768 933 3819; x_wconf 76' lang='grc' dir='ltr'>καὶ</span> <span class='ocrx_word' id='word_1_427' title='bbox 954 3766 1143 3836; x_wconf 78' lang='grc' dir='ltr'>ἀκοὴν,</span> <span class='ocrx_word' id='word_1_428' title='bbox 1170 3765 1261 3818; x_wconf 79' lang='grc' dir='ltr'>καὶ</span> <span class='ocrx_word' id='word_1_429' title='bbox 1281 3765 1517 3818; x_wconf 85' lang='grc' dir='ltr'>διάνοιαν</span> <span class='ocrx_word' id='word_1_430' title='bbox 1538 3759 1673 3816; x_wconf 86' lang='grc' dir='ltr'>εἶναι</span> 
     </span>
    </p>
   </div>
   <div class='ocr_carea' id='block_1_58' title="bbox 82 3852 1672 3932">
    <p class='ocr_par' dir='ltr' id='par_1_58' title="bbox 82 3852 1672 3932">
     <span class='ocr_line' id='line_1_58' title="bbox 82 3852 1672 3932; baseline -0.006 -16"><span class='ocrx_word' id='word_1_431' title='bbox 82 3861 558 3932; x_wconf 83' lang='grc' dir='ltr'>πεπιστευμένων.</span> <span class='ocrx_word' id='word_1_432' title='bbox 590 3861 660 3912; x_wconf 86' lang='grc' dir='ltr'><em>Ἢ</em></span> <span class='ocrx_word' id='word_1_433' title='bbox 714 3859 855 3929; x_wconf 85' lang='grc' dir='ltr'>τάχα</span> <span class='ocrx_word' id='word_1_434' title='bbox 886 3857 1243 3929; x_wconf 86' lang='grc' dir='ltr'>γνωριστικὸν</span> <span class='ocrx_word' id='word_1_435' title='bbox 1274 3852 1413 3920; x_wconf 74' lang='grc' dir='ltr'>εἶδος</span> <span class='ocrx_word' id='word_1_436' title='bbox 1444 3856 1672 3909; x_wconf 79' lang='grc' dir='ltr'>ἑκάστου</span> 
     </span>
    </p>
   </div>
   <div class='ocr_carea' id='block_1_59' title="bbox 82 3947 1672 4029">
    <p class='ocr_par' dir='ltr' id='par_1_59' title="bbox 82 3947 1672 4029">
     <span class='ocr_line' id='line_1_59' title="bbox 82 3947 1672 4029; baseline -0.006 -20"><span class='ocrx_word' id='word_1_437' title='bbox 82 3958 179 4029; x_wconf 76' lang='grc' dir='ltr'><strong>τὴν</strong></span> <span class='ocrx_word' id='word_1_438' title='bbox 212 3955 383 4009; x_wconf 81' lang='grc' dir='ltr'>ποιὰν</span> <span class='ocrx_word' id='word_1_439' title='bbox 422 3953 659 4024; x_wconf 80' lang='grc' dir='ltr'>ἰδιότητα</span> <span class='ocrx_word' id='word_1_440' title='bbox 683 3952 792 4004; x_wconf 90' lang='grc' dir='ltr'><strong>τῶν</strong></span> <span class='ocrx_word' id='word_1_441' title='bbox 830 3949 974 4019; x_wconf 70' lang='grc' dir='ltr'>ἠθῶν</span> <span class='ocrx_word' id='word_1_442' title='bbox 1000 3947 1167 4001; x_wconf 87' lang='grc' dir='ltr'>εἰπών</span> <span class='ocrx_word' id='word_1_443' title='bbox 1200 3966 1303 4010; x_wconf 84' lang='grc' dir='ltr'>τις,</span> <span class='ocrx_word' id='word_1_444' title='bbox 1332 3949 1392 4001; x_wconf 85' lang='grc' dir='ltr'><strong>οὐ</strong></span> <span class='ocrx_word' id='word_1_445' title='bbox 1418 3947 1509 4000; x_wconf 83' lang='grc' dir='ltr'>τοῦ</span> <span class='ocrx_word' id='word_1_446' title='bbox 1536 3964 1672 4001; x_wconf 90' lang='grc' dir='ltr'>παν-</span> 
     </span>
    </p>
   </div>
   <div class='ocr_carea' id='block_1_60' title="bbox 83 4039 1673 4119">
    <p class='ocr_par' dir='ltr' id='par_1_60' title="bbox 83 4039 1673 4119">
     <span class='ocr_line' id='line_1_60' title="bbox 83 4039 1673 4119; baseline -0.006 -19"><span class='ocrx_word' id='word_1_447' title='bbox 83 4050 171 4112; x_wconf 80' lang='grc' dir='ltr'><strong>τὸς</strong></span> <span class='ocrx_word' id='word_1_448' title='bbox 203 4046 611 4119; x_wconf 84' lang='grc' dir='ltr'>ἁμαρτήσεται.</span> <span class='ocrx_word' id='word_1_449' title='bbox 648 4044 916 4113; x_wconf 84' lang='grc' dir='ltr'>Καθάπερ</span> <span class='ocrx_word' id='word_1_450' title='bbox 952 4041 1059 4111; x_wconf 85' lang='grc' dir='ltr'>γὰρ</span> <span class='ocrx_word' id='word_1_451' title='bbox 1094 4039 1186 4093; x_wconf 78' lang='grc' dir='ltr'>νῦν</span> <span class='ocrx_word' id='word_1_452' title='bbox 1217 4043 1248 4109; x_wconf 85' lang='grc' dir='ltr'>ὴ</span> <span class='ocrx_word' id='word_1_453' title='bbox 1281 4040 1421 4093; x_wconf 84' lang='grc' dir='ltr'>κατά</span> <span class='ocrx_word' id='word_1_454' title='bbox 1450 4058 1500 4093; x_wconf 89' lang='grc' dir='ltr'><strong>τι</strong></span> <span class='ocrx_word' id='word_1_455' title='bbox 1534 4055 1673 4108; x_wconf 84' lang='grc' dir='ltr'><strong>παρ⁴</strong></span> 
     </span>
    </p>
   </div>
   <div class='ocr_carea' id='block_1_61' title="bbox 84 4131 1671 4211">
    <p class='ocr_par' dir='ltr' id='par_1_61' title="bbox 84 4131 1671 4211">
     <span class='ocr_line' id='line_1_61' title="bbox 84 4131 1671 4211; baseline -0.009 -16"><span class='ocrx_word' id='word_1_456' title='bbox 84 4140 291 4211; x_wconf 83' lang='grc' dir='ltr'>αλλαγὴ</span> <span class='ocrx_word' id='word_1_457' title='bbox 319 4138 429 4193; x_wconf 87' lang='grc' dir='ltr'><strong>τῶν</strong></span> <span class='ocrx_word' id='word_1_458' title='bbox 477 4139 535 4190; x_wconf 90' lang='grc' dir='ltr'><strong>ἐν</strong></span> <span class='ocrx_word' id='word_1_459' title='bbox 568 4138 701 4207; x_wconf 88' lang='grc' dir='ltr'>ήμίν</span> <span class='ocrx_word' id='word_1_460' title='bbox 740 4134 1015 4204; x_wconf 87' lang='grc' dir='ltr'>στοιχείων</span> <span class='ocrx_word' id='word_1_461' title='bbox 1046 4132 1145 4195; x_wconf 86' lang='grc' dir='ltr'>τὰς</span> <span class='ocrx_word' id='word_1_462' title='bbox 1172 4131 1281 4185; x_wconf 87' lang='grc' dir='ltr'><strong>τῶν</strong></span> <span class='ocrx_word' id='word_1_463' title='bbox 1312 4131 1671 4201; x_wconf 81' lang='grc' dir='ltr'>χαρακτήρων</span> 
     </span>
    </p>
   </div>
   <div class='ocr_carea' id='block_1_62' title="bbox 84 4222 1670 4301">
    <p class='ocr_par' dir='ltr' id='par_1_62' title="bbox 84 4222 1670 4301">
     <span class='ocr_line' id='line_1_62' title="bbox 84 4222 1670 4301; baseline -0.007 -15"><span class='ocrx_word' id='word_1_464' title='bbox 84 4238 140 4286; x_wconf 84' lang='grc' dir='ltr'>ὲν</span> <span class='ocrx_word' id='word_1_465' title='bbox 157 4232 382 4301; x_wconf 81' lang='grc' dir='ltr'>ἑκάστῳ</span> <span class='ocrx_word' id='word_1_466' title='bbox 418 4228 681 4298; x_wconf 79' lang='grc' dir='ltr'>διαφορὰς</span> <span class='ocrx_word' id='word_1_467' title='bbox 727 4226 1101 4297; x_wconf 80' lang='grc' dir='ltr'>ἐξεργάζεται,</span> <span class='ocrx_word' id='word_1_468' title='bbox 1147 4222 1287 4277; x_wconf 86' lang='grc' dir='ltr'>κατὰ</span> <span class='ocrx_word' id='word_1_469' title='bbox 1334 4222 1670 4291; x_wconf 89' lang='grc' dir='ltr'>πλεονασμὸν</span> 
     </span>
    </p>
   </div>
   <div class='ocr_carea' id='block_1_63' title="bbox 86 4313 1668 4394">
    <p class='ocr_par' dir='ltr' id='par_1_63' title="bbox 86 4313 1668 4394">
     <span class='ocr_line' id='line_1_63' title="bbox 86 4313 1668 4394; baseline -0.008 -17"><span class='ocrx_word' id='word_1_470' title='bbox 86 4323 443 4394; x_wconf 76' lang='grc' dir='ltr'>ῆὲλάττωσιν</span> <span class='ocrx_word' id='word_1_471' title='bbox 492 4318 601 4370; x_wconf 85' lang='grc' dir='ltr'><strong>τῶν</strong></span> <span class='ocrx_word' id='word_1_472' title='bbox 650 4314 1130 4384; x_wconf 85' lang='grc' dir='ltr'>ἀντιστοιχούντων</span> <span class='ocrx_word' id='word_1_473' title='bbox 1166 4313 1308 4375; x_wconf 82' lang='grc' dir='ltr'>τινὸς</span> <span class='ocrx_word' id='word_1_474' title='bbox 1339 4313 1668 4383; x_wconf 80' lang='grc' dir='ltr'>σχηματιζο-</span> 
     </span>
    </p>
   </div>
   <div class='ocr_carea' id='block_1_64' title="bbox 1760 1832 3333 1917">
    <p class='ocr_par' dir='ltr' id='par_1_64' title="bbox 1760 1832 3333 1917">
     <span class='ocr_line' id='line_1_64' title="bbox 1760 1832 3333 1917; baseline 0.019 -31"><span class='ocrx_word' id='word_1_475' title='bbox 1760 1832 1998 1889; x_wconf 88' lang='lat' dir='ltr'><strong>futuram</strong></span> <span class='ocrx_word' id='word_1_476' title='bbox 2034 1838 2198 1903; x_wconf 89' lang='lat' dir='ltr'><strong>dicat,</strong></span> <span class='ocrx_word' id='word_1_477' title='bbox 2233 1855 2358 1910; x_wconf 86' lang='lat' dir='ltr'><strong>ego,</strong></span> <span class='ocrx_word' id='word_1_478' title='bbox 2404 1860 2507 1898; x_wconf 90' lang='lat' dir='ltr'><strong>nec</strong></span> <span class='ocrx_word' id='word_1_479' title='bbox 2538 1854 2597 1900; x_wconf 91' lang='lat' dir='ltr'><strong>ut</strong></span> <span class='ocrx_word' id='word_1_480' title='bbox 2627 1846 2746 1917; x_wconf 88' lang='lat' dir='ltr'><strong>ejus</strong></span> <span class='ocrx_word' id='word_1_481' title='bbox 2780 1856 3059 1911; x_wconf 70' lang='lat' dir='ltr'><strong>sententia:</strong></span> <span class='ocrx_word' id='word_1_482' title='bbox 3087 1859 3333 1915; x_wconf 88' lang='lat' dir='ltr'><strong>subscri-</strong></span> 
     </span>
    </p>
   </div>
   <div class='ocr_carea' id='block_1_65' title="bbox 1758 1926 3338 2008">
    <p class='ocr_par' dir='ltr' id='par_1_65' title="bbox 1758 1926 3338 2008">
     <span class='ocr_line' id='line_1_65' title="bbox 1758 1926 3338 2008; baseline 0.018 -28"><span class='ocrx_word' id='word_1_483' title='bbox 1758 1926 1907 1994; x_wconf 83' lang='lat' dir='ltr'><strong>bam,</strong></span> <span class='ocrx_word' id='word_1_484' title='bbox 1938 1928 2098 1985; x_wconf 83' lang='lat' dir='ltr'><strong>facile</strong></span> <span class='ocrx_word' id='word_1_485' title='bbox 2123 1931 2317 1987; x_wconf 82' lang='lat' dir='ltr'><strong>adduci</strong></span> <span class='ocrx_word' id='word_1_486' title='bbox 2350 1950 2566 2005; x_wconf 89' lang='lat' dir='ltr'><strong>queam,</strong></span> <span class='ocrx_word' id='word_1_487' title='bbox 2603 1956 2705 1996; x_wconf 90' lang='lat' dir='ltr'><strong>nec</strong></span> <span class='ocrx_word' id='word_1_488' title='bbox 2733 1952 2916 2000; x_wconf 90' lang='lat' dir='ltr'><strong>utrum</strong></span> <span class='ocrx_word' id='word_1_489' title='bbox 2946 1964 3036 2006; x_wconf 89' lang='lat' dir='ltr'><strong>res</strong></span> <span class='ocrx_word' id='word_1_490' title='bbox 3060 1950 3219 2007; x_wconf 87' lang='lat' dir='ltr'><strong>aliter</strong></span> <span class='ocrx_word' id='word_1_491' title='bbox 3237 1954 3338 2008; x_wconf 81' lang='lat' dir='ltr'><strong>ha-</strong></span> 
     </span>
    </p>
   </div>
   <div class='ocr_carea' id='block_1_66' title="bbox 1761 2020 3337 2115">
    <p class='ocr_par' dir='ltr' id='par_1_66' title="bbox 1761 2020 3337 2115">
     <span class='ocr_line' id='line_1_66' title="bbox 1761 2020 3337 2115; baseline 0.016 -40"><span class='ocrx_word' id='word_1_492' title='bbox 1761 2020 1905 2085; x_wconf 86' lang='lat' dir='ltr'><strong>beat,</strong></span> <span class='ocrx_word' id='word_1_493' title='bbox 1943 2025 2201 2093; x_wconf 83' lang='lat' dir='ltr'><strong>cogitare.</strong></span> <span class='ocrx_word' id='word_1_494' title='bbox 2229 2026 2395 2082; x_wconf 86' lang='lat' dir='ltr'><strong>Multa</strong></span> <span class='ocrx_word' id='word_1_495' title='bbox 2424 2033 2568 2086; x_wconf 89' lang='lat' dir='ltr'><strong>enim</strong></span> <span class='ocrx_word' id='word_1_496' title='bbox 2614 2035 2852 2093; x_wconf 88' lang='lat' dir='ltr'><strong>absurda</strong></span> <span class='ocrx_word' id='word_1_497' title='bbox 2892 2039 3061 2107; x_wconf 89' lang='lat' dir='ltr'><strong>illius,</strong></span> <span class='ocrx_word' id='word_1_498' title='bbox 3117 2045 3211 2115; x_wconf 91' lang='lat' dir='ltr'><strong>qui</strong></span> <span class='ocrx_word' id='word_1_499' title='bbox 3261 2047 3337 2101; x_wconf 88' lang='lat' dir='ltr'><strong>ita</strong></span> 
     </span>
    </p>
   </div>
   <div class='ocr_carea' id='block_1_67' title="bbox 1763 2113 3335 2193">
    <p class='ocr_par' dir='ltr' id='par_1_67' title="bbox 1763 2113 3335 2193">
     <span class='ocr_line' id='line_1_67' title="bbox 1763 2113 3335 2193; baseline 0.016 -27"><span class='ocrx_word' id='word_1_500' title='bbox 1763 2113 1949 2179; x_wconf 88' lang='lat' dir='ltr'><strong>sentit,</strong></span> <span class='ocrx_word' id='word_1_501' title='bbox 1981 2117 2293 2185; x_wconf 87' lang='lat' dir='ltr'><strong>opinionem</strong></span> <span class='ocrx_word' id='word_1_502' title='bbox 2324 2134 2755 2193; x_wconf 90' lang='lat' dir='ltr'><strong>consequuntur,</strong></span> <span class='ocrx_word' id='word_1_503' title='bbox 2783 2144 2909 2185; x_wconf 91' lang='lat' dir='ltr'><strong>cum</strong></span> <span class='ocrx_word' id='word_1_504' title='bbox 2971 2147 3083 2190; x_wconf 91' lang='lat' dir='ltr'><strong>non</strong></span> <span class='ocrx_word' id='word_1_505' title='bbox 3139 2113 3335 2193; x_wconf 78' lang='lat' dir='ltr'><strong>eadem</strong></span> 
     </span>
    </p>
   </div>
   <div class='ocr_carea' id='block_1_68' title="bbox 1764 2210 3336 2297">
    <p class='ocr_par' dir='ltr' id='par_1_68' title="bbox 1764 2210 3336 2297">
     <span class='ocr_line' id='line_1_68' title="bbox 1764 2210 3336 2297; baseline 0.018 -35"><span class='ocrx_word' id='word_1_506' title='bbox 1764 2222 1979 2279; x_wconf 88' lang='lat' dir='ltr'><strong>semper</strong></span> <span class='ocrx_word' id='word_1_507' title='bbox 2006 2210 2062 2264; x_wconf 93' lang='lat' dir='ltr'><strong>in</strong></span> <span class='ocrx_word' id='word_1_508' title='bbox 2087 2211 2277 2267; x_wconf 91' lang='lat' dir='ltr'><strong>eodem</strong></span> <span class='ocrx_word' id='word_1_509' title='bbox 2306 2214 2524 2273; x_wconf 84' lang='lat' dir='ltr'><strong>homine</strong></span> <span class='ocrx_word' id='word_1_510' title='bbox 2563 2222 2773 2289; x_wconf 88' lang='lat' dir='ltr'><strong>species</strong></span> <span class='ocrx_word' id='word_1_511' title='bbox 2797 2222 3080 2297; x_wconf 78' lang='lat' dir='ltr'><strong>formaque</strong></span> <span class='ocrx_word' id='word_1_512' title='bbox 3099 2242 3336 2290; x_wconf 86' lang='lat' dir='ltr'><strong>maneat.</strong></span> 
     </span>
    </p>
   </div>
   <div class='ocr_carea' id='block_1_69' title="bbox 1765 2298 3340 2383">
    <p class='ocr_par' dir='ltr' id='par_1_69' title="bbox 1765 2298 3340 2383">
     <span class='ocr_line' id='line_1_69' title="bbox 1765 2298 3340 2383; baseline 0.017 -31"><span class='ocrx_word' id='word_1_513' title='bbox 1765 2298 1858 2353; x_wconf 89' lang='lat' dir='ltr'><strong>sed</strong></span> <span class='ocrx_word' id='word_1_514' title='bbox 1894 2314 1995 2369; x_wconf 91' lang='lat' dir='ltr'><strong>pro</strong></span> <span class='ocrx_word' id='word_1_515' title='bbox 2029 2310 2250 2358; x_wconf 69' lang='lat' dir='ltr'><strong>aetatum</strong></span> <span class='ocrx_word' id='word_1_516' title='bbox 2309 2307 2769 2383; x_wconf 70' lang='lat' dir='ltr'><strong>affectionumque</strong></span> <span class='ocrx_word' id='word_1_517' title='bbox 2823 2318 3089 2375; x_wconf 84' lang='lat' dir='ltr'><strong>varietate</strong></span> <span class='ocrx_word' id='word_1_518' title='bbox 3122 2322 3340 2378; x_wconf 84' lang='lat' dir='ltr'><strong>assidue</strong></span> 
     </span>
    </p>
   </div>
   <div class='ocr_carea' id='block_1_70' title="bbox 1765 2393 3340 2471">
    <p class='ocr_par' dir='ltr' id='par_1_70' title="bbox 1765 2393 3340 2471">
     <span class='ocr_line' id='line_1_70' title="bbox 1765 2393 3340 2471; baseline 0.015 -31"><span class='ocrx_word' id='word_1_519' title='bbox 1765 2397 2149 2447; x_wconf 85' lang='lat' dir='ltr'><strong>commutetur.</strong></span> <span class='ocrx_word' id='word_1_520' title='bbox 2186 2393 2394 2451; x_wconf 88' lang='lat' dir='ltr'><strong>Etenim</strong></span> <span class='ocrx_word' id='word_1_521' title='bbox 2409 2399 2500 2465; x_wconf 92' lang='lat' dir='ltr'><strong>qui</strong></span> <span class='ocrx_word' id='word_1_522' title='bbox 2527 2416 2673 2457; x_wconf 92' lang='lat' dir='ltr'><strong>nunc</strong></span> <span class='ocrx_word' id='word_1_523' title='bbox 2694 2410 2779 2459; x_wconf 91' lang='lat' dir='ltr'><strong>est</strong></span> <span class='ocrx_word' id='word_1_524' title='bbox 2795 2404 3137 2471; x_wconf 89' lang='lat' dir='ltr'><strong>adolescens,</strong></span> <span class='ocrx_word' id='word_1_525' title='bbox 3157 2410 3340 2465; x_wconf 87' lang='lat' dir='ltr'><strong>infans</strong></span> 
     </span>
    </p>
   </div>
   <div class='ocr_carea' id='block_1_71' title="bbox 1766 2482 3341 2556">
    <p class='ocr_par' dir='ltr' id='par_1_71' title="bbox 1766 2482 3341 2556">
     <span class='ocr_line' id='line_1_71' title="bbox 1766 2482 3341 2556; baseline 0.013 -23"><span class='ocrx_word' id='word_1_526' title='bbox 1766 2494 2009 2551; x_wconf 87' lang='lat' dir='ltr'><strong>puerque</strong></span> <span class='ocrx_word' id='word_1_527' title='bbox 2041 2482 2161 2549; x_wconf 86' lang='lat' dir='ltr'><strong>fuit,</strong></span> <span class='ocrx_word' id='word_1_528' title='bbox 2195 2500 2319 2540; x_wconf 85' lang='lat' dir='ltr'><strong>mox</strong></span> <span class='ocrx_word' id='word_1_529' title='bbox 2346 2489 2448 2544; x_wconf 85' lang='lat' dir='ltr'><strong>erit</strong></span> <span class='ocrx_word' id='word_1_530' title='bbox 2478 2491 2580 2555; x_wconf 87' lang='lat' dir='ltr'><strong>vir,</strong></span> <span class='ocrx_word' id='word_1_531' title='bbox 2609 2492 2803 2549; x_wconf 89' lang='lat' dir='ltr'><strong>deimle</strong></span> <span class='ocrx_word' id='word_1_532' title='bbox 2825 2495 2893 2548; x_wconf 89' lang='lat' dir='ltr'><strong>ad</strong></span> <span class='ocrx_word' id='word_1_533' title='bbox 2926 2497 3049 2552; x_wconf 73' lang='lat' dir='ltr'><strong>vitae</strong></span> <span class='ocrx_word' id='word_1_534' title='bbox 3102 2499 3341 2556; x_wconf 87' lang='lat' dir='ltr'><strong>medium</strong></span> 
     </span>
    </p>
   </div>
   <div class='ocr_carea' id='block_1_72' title="bbox 1766 2569 3340 2659">
    <p class='ocr_par' dir='ltr' id='par_1_72' title="bbox 1766 2569 3340 2659">
     <span class='ocr_line' id='line_1_72' title="bbox 1766 2569 3340 2659; baseline 0.016 -38"><span class='ocrx_word' id='word_1_535' title='bbox 1766 2569 2064 2626; x_wconf 89' lang='lat' dir='ltr'><strong>terminum</strong></span> <span class='ocrx_word' id='word_1_536' title='bbox 2088 2574 2288 2640; x_wconf 87' lang='lat' dir='ltr'><strong>veniet,</strong></span> <span class='ocrx_word' id='word_1_537' title='bbox 2319 2585 2441 2645; x_wconf 89' lang='lat' dir='ltr'><strong>post</strong></span> <span class='ocrx_word' id='word_1_538' title='bbox 2472 2579 2626 2634; x_wconf 92' lang='lat' dir='ltr'><strong>illum</strong></span> <span class='ocrx_word' id='word_1_539' title='bbox 2656 2584 2930 2649; x_wconf 86' lang='lat' dir='ltr'><strong>transibit,</strong></span> <span class='ocrx_word' id='word_1_540' title='bbox 2974 2588 3173 2659; x_wconf 87' lang='lat' dir='ltr'><strong>fietque</strong></span> <span class='ocrx_word' id='word_1_541' title='bbox 3225 2591 3340 2659; x_wconf 82' lang='lat' dir='ltr'><strong>jam</strong></span> 
     </span>
    </p>
   </div>
   <div class='ocr_carea' id='block_1_73' title="bbox 1767 2669 3342 2754">
    <p class='ocr_par' dir='ltr' id='par_1_73' title="bbox 1767 2669 3342 2754">
     <span class='ocr_line' id='line_1_73' title="bbox 1767 2669 3342 2754; baseline 0.012 -38"><span class='ocrx_word' id='word_1_542' title='bbox 1767 2669 1925 2716; x_wconf 71' lang='lat' dir='ltr'><strong>aetate</strong></span> <span class='ocrx_word' id='word_1_543' title='bbox 1963 2674 2255 2732; x_wconf 82' lang='lat' dir='ltr'><strong>provectus</strong></span> <span class='ocrx_word' id='word_1_544' title='bbox 2306 2676 2360 2723; x_wconf 92' lang='lat' dir='ltr'><strong>et</strong></span> <span class='ocrx_word' id='word_1_545' title='bbox 2390 2686 2579 2727; x_wconf 84' lang='lat' dir='ltr'><strong>senex.</strong></span> <span class='ocrx_word' id='word_1_546' title='bbox 2621 2673 2688 2727; x_wconf 88' lang='lat' dir='ltr'><strong>Et</strong></span> <span class='ocrx_word' id='word_1_547' title='bbox 2716 2678 2808 2746; x_wconf 92' lang='lat' dir='ltr'><strong>qui</strong></span> <span class='ocrx_word' id='word_1_548' title='bbox 2841 2677 3036 2733; x_wconf 87' lang='lat' dir='ltr'><strong>horum</strong></span> <span class='ocrx_word' id='word_1_549' title='bbox 3073 2682 3127 2736; x_wconf 91' lang='lat' dir='ltr'><strong>in</strong></span> <span class='ocrx_word' id='word_1_550' title='bbox 3158 2683 3342 2754; x_wconf 88' lang='lat' dir='ltr'><strong>aliquo</strong></span> 
     </span>
    </p>
   </div>
   <div class='ocr_carea' id='block_1_74' title="bbox 1770 2757 3339 2837">
    <p class='ocr_par' dir='ltr' id='par_1_74' title="bbox 1770 2757 3339 2837">
     <span class='ocr_line' id='line_1_74' title="bbox 1770 2757 3339 2837; baseline 0.012 -29"><span class='ocrx_word' id='word_1_551' title='bbox 1770 2764 1899 2809; x_wconf 89' lang='lat' dir='ltr'><strong>sunt</strong></span> <span class='ocrx_word' id='word_1_552' title='bbox 1927 2757 2102 2812; x_wconf 67' lang='lat' dir='ltr'><strong>anatis</strong></span> <span class='ocrx_word' id='word_1_553' title='bbox 2132 2760 2322 2828; x_wconf 85' lang='lat' dir='ltr'><strong>gradu,</strong></span> <span class='ocrx_word' id='word_1_554' title='bbox 2366 2776 2475 2815; x_wconf 92' lang='lat' dir='ltr'><strong>non</strong></span> <span class='ocrx_word' id='word_1_555' title='bbox 2508 2773 2635 2817; x_wconf 89' lang='lat' dir='ltr'><strong>sunt</strong></span> <span class='ocrx_word' id='word_1_556' title='bbox 2667 2766 2811 2822; x_wconf 89' lang='lat' dir='ltr'><strong>inter</strong></span> <span class='ocrx_word' id='word_1_557' title='bbox 2842 2784 2901 2823; x_wconf 88' lang='lat' dir='ltr'><strong>se</strong></span> <span class='ocrx_word' id='word_1_558' title='bbox 2948 2772 3182 2837; x_wconf 88' lang='lat' dir='ltr'><strong>similes,</strong></span> <span class='ocrx_word' id='word_1_559' title='bbox 3244 2779 3339 2830; x_wconf 86' lang='lat' dir='ltr'><strong>sed</strong></span> 
     </span>
    </p>
   </div>
   <div class='ocr_carea' id='block_1_75' title="bbox 1769 2846 3342 2932">
    <p class='ocr_par' dir='ltr' id='par_1_75' title="bbox 1769 2846 3342 2932">
     <span class='ocr_line' id='line_1_75' title="bbox 1769 2846 3342 2932; baseline 0.012 -33"><span class='ocrx_word' id='word_1_560' title='bbox 1769 2846 1909 2901; x_wconf 91' lang='lat' dir='ltr'><strong>alius</strong></span> <span class='ocrx_word' id='word_1_561' title='bbox 1941 2850 2092 2918; x_wconf 80' lang='lat' dir='ltr'><strong>regio</strong></span> <span class='ocrx_word' id='word_1_562' title='bbox 2122 2851 2314 2906; x_wconf 91' lang='lat' dir='ltr'><strong>morbo</strong></span> <span class='ocrx_word' id='word_1_563' title='bbox 2349 2855 2636 2923; x_wconf 89' lang='lat' dir='ltr'><strong>squalidus</strong></span> <span class='ocrx_word' id='word_1_564' title='bbox 2668 2867 2775 2923; x_wconf 88' lang='lat' dir='ltr'><strong>est,</strong></span> <span class='ocrx_word' id='word_1_565' title='bbox 2810 2860 2955 2915; x_wconf 89' lang='lat' dir='ltr'><strong>alius</strong></span> <span class='ocrx_word' id='word_1_566' title='bbox 2983 2878 3123 2932; x_wconf 90' lang='lat' dir='ltr'><strong>aqua</strong></span> <span class='ocrx_word' id='word_1_567' title='bbox 3172 2864 3342 2921; x_wconf 50' lang='lat' dir='ltr'><strong>inter-</strong></span> 
     </span>
    </p>
   </div>
   <div class='ocr_carea' id='block_1_76' title="bbox 1770 2937 3342 3022">
    <p class='ocr_par' dir='ltr' id='par_1_76' title="bbox 1770 2937 3342 3022">
     <span class='ocr_line' id='line_1_76' title="bbox 1770 2937 3342 3022; baseline 0.013 -32"><span class='ocrx_word' id='word_1_568' title='bbox 1770 2943 1895 2992; x_wconf 89' lang='lat' dir='ltr'><strong>cute</strong></span> <span class='ocrx_word' id='word_1_569' title='bbox 1924 2937 2159 3004; x_wconf 82' lang='lat' dir='ltr'><strong>inflatus,</strong></span> <span class='ocrx_word' id='word_1_570' title='bbox 2189 2941 2330 2997; x_wconf 89' lang='lat' dir='ltr'><strong>alius</strong></span> <span class='ocrx_word' id='word_1_571' title='bbox 2355 2943 2639 3002; x_wconf 89' lang='lat' dir='ltr'><strong>confectus</strong></span> <span class='ocrx_word' id='word_1_572' title='bbox 2680 2948 2822 3012; x_wconf 89' lang='lat' dir='ltr'><strong>tabe,</strong></span> <span class='ocrx_word' id='word_1_573' title='bbox 2858 2950 2999 3007; x_wconf 90' lang='lat' dir='ltr'><strong>alius</strong></span> <span class='ocrx_word' id='word_1_574' title='bbox 3037 2969 3201 3022; x_wconf 79' lang='lat' dir='ltr'><strong>prava</strong></span> <span class='ocrx_word' id='word_1_575' title='bbox 3218 2970 3342 3011; x_wconf 62' lang='lat' dir='ltr'><strong>caro</strong></span> 
     </span>
    </p>
   </div>
   <div class='ocr_carea' id='block_1_77' title="bbox 1771 3028 3343 3109">
    <p class='ocr_par' dir='ltr' id='par_1_77' title="bbox 1771 3028 3343 3109">
     <span class='ocr_line' id='line_1_77' title="bbox 1771 3028 3343 3109; baseline 0.015 -27"><span class='ocrx_word' id='word_1_576' title='bbox 1771 3028 1857 3085; x_wconf 91' lang='lat' dir='ltr'><strong>nis</strong></span> <span class='ocrx_word' id='word_1_577' title='bbox 1892 3031 2256 3086; x_wconf 89' lang='lat' dir='ltr'><strong>redundantia</strong></span> <span class='ocrx_word' id='word_1_578' title='bbox 2286 3037 2661 3105; x_wconf 89' lang='lat' dir='ltr'><strong>corpulentus,</strong></span> <span class='ocrx_word' id='word_1_579' title='bbox 2697 3040 2838 3096; x_wconf 91' lang='lat' dir='ltr'><strong>alius</strong></span> <span class='ocrx_word' id='word_1_580' title='bbox 2875 3043 3019 3109; x_wconf 89' lang='lat' dir='ltr'><strong>bilis,</strong></span> <span class='ocrx_word' id='word_1_581' title='bbox 3052 3046 3195 3102; x_wconf 89' lang='lat' dir='ltr'><strong>alius</strong></span> <span class='ocrx_word' id='word_1_582' title='bbox 3210 3065 3343 3104; x_wconf 69' lang='lat' dir='ltr'><strong>san-</strong></span> 
     </span>
    </p>
   </div>
   <div class='ocr_carea' id='block_1_78' title="bbox 1776 3121 3344 3211">
    <p class='ocr_par' dir='ltr' id='par_1_78' title="bbox 1776 3121 3344 3211">
     <span class='ocr_line' id='line_1_78' title="bbox 1776 3121 3344 3211; baseline 0.015 -39"><span class='ocrx_word' id='word_1_583' title='bbox 1776 3121 1979 3188; x_wconf 75' lang='lat' dir='ltr'><strong>guinis,</strong></span> <span class='ocrx_word' id='word_1_584' title='bbox 2037 3123 2179 3178; x_wconf 90' lang='lat' dir='ltr'><strong>alius</strong></span> <span class='ocrx_word' id='word_1_585' title='bbox 2240 3124 2448 3194; x_wconf 74' lang='lat' dir='ltr'><strong>pituitae</strong></span> <span class='ocrx_word' id='word_1_586' title='bbox 2496 3128 2663 3183; x_wconf 91' lang='lat' dir='ltr'><strong>nimia</strong></span> <span class='ocrx_word' id='word_1_587' title='bbox 2730 3130 2942 3187; x_wconf 91' lang='lat' dir='ltr'><strong>laborat</strong></span> <span class='ocrx_word' id='word_1_588' title='bbox 2996 3137 3189 3205; x_wconf 84' lang='lat' dir='ltr'><strong>cepia:</strong></span> <span class='ocrx_word' id='word_1_589' title='bbox 3249 3144 3344 3211; x_wconf 85' lang='lat' dir='ltr'><strong>qni</strong></span> 
     </span>
    </p>
   </div>
   <div class='ocr_carea' id='block_1_79' title="bbox 1774 3211 3343 3287">
    <p class='ocr_par' dir='ltr' id='par_1_79' title="bbox 1774 3211 3343 3287">
     <span class='ocr_line' id='line_1_79' title="bbox 1774 3211 3343 3287; baseline 0.017 -25"><span class='ocrx_word' id='word_1_590' title='bbox 1774 3211 1993 3281; x_wconf 87' lang='lat' dir='ltr'><strong>quidem</strong></span> <span class='ocrx_word' id='word_1_591' title='bbox 2026 3226 2238 3280; x_wconf 89' lang='lat' dir='ltr'><strong>omnes,</strong></span> <span class='ocrx_word' id='word_1_592' title='bbox 2270 3223 2329 3269; x_wconf 91' lang='lat' dir='ltr'><strong>ut</strong></span> <span class='ocrx_word' id='word_1_593' title='bbox 2357 3216 2496 3273; x_wconf 89' lang='lat' dir='ltr'><strong>tales</strong></span> <span class='ocrx_word' id='word_1_594' title='bbox 2529 3219 2880 3287; x_wconf 88' lang='lat' dir='ltr'><strong>reviviscant,</strong></span> <span class='ocrx_word' id='word_1_595' title='bbox 2911 3232 2963 3278; x_wconf 92' lang='lat' dir='ltr'><strong>et</strong></span> <span class='ocrx_word' id='word_1_596' title='bbox 2992 3226 3182 3283; x_wconf 86' lang='lat' dir='ltr'><strong>iisdem</strong></span> <span class='ocrx_word' id='word_1_597' title='bbox 3215 3246 3343 3287; x_wconf 91' lang='lat' dir='ltr'><strong>cum</strong></span> 
     </span>
    </p>
   </div>
   <div class='ocr_carea' id='block_1_80' title="bbox 1774 3303 3345 3387">
    <p class='ocr_par' dir='ltr' id='par_1_80' title="bbox 1774 3303 3345 3387">
     <span class='ocr_line' id='line_1_80' title="bbox 1774 3303 3345 3387; baseline 0.017 -32"><span class='ocrx_word' id='word_1_598' title='bbox 1774 3303 1982 3359; x_wconf 85' lang='lat' dir='ltr'><strong>morbis</strong></span> <span class='ocrx_word' id='word_1_599' title='bbox 2012 3314 2287 3373; x_wconf 88' lang='lat' dir='ltr'><strong>maneant,</strong></span> <span class='ocrx_word' id='word_1_600' title='bbox 2320 3309 2543 3366; x_wconf 90' lang='lat' dir='ltr'><strong>minime</strong></span> <span class='ocrx_word' id='word_1_601' title='bbox 2568 3314 2872 3381; x_wconf 87' lang='lat' dir='ltr'><strong>putandum</strong></span> <span class='ocrx_word' id='word_1_602' title='bbox 2902 3327 2988 3372; x_wconf 85' lang='lat' dir='ltr'><strong>est</strong></span> <span class='ocrx_word' id='word_1_603' title='bbox 3016 3337 3031 3387; x_wconf 86' lang='lat'><strong>;</strong></span> <span class='ocrx_word' id='word_1_604' title='bbox 3066 3337 3189 3377; x_wconf 89' lang='lat' dir='ltr'><strong>cum</strong></span> <span class='ocrx_word' id='word_1_605' title='bbox 3228 3340 3345 3380; x_wconf 83' lang='lat' dir='ltr'><strong>om-</strong></span> 
     </span>
    </p>
   </div>
   <div class='ocr_carea' id='block_1_81' title="bbox 1775 3393 3343 3478">
    <p class='ocr_par' dir='ltr' id='par_1_81' title="bbox 1775 3393 3343 3478">
     <span class='ocr_line' id='line_1_81' title="bbox 1775 3393 3343 3478; baseline 0.016 -32"><span class='ocrx_word' id='word_1_606' title='bbox 1775 3393 1864 3447; x_wconf 89' lang='lat' dir='ltr'><strong>nia</strong></span> <span class='ocrx_word' id='word_1_607' title='bbox 1895 3401 2025 3450; x_wconf 92' lang='lat' dir='ltr'><strong>tunc</strong></span> <span class='ocrx_word' id='word_1_608' title='bbox 2052 3397 2107 3450; x_wconf 92' lang='lat' dir='ltr'><strong>in</strong></span> <span class='ocrx_word' id='word_1_609' title='bbox 2134 3399 2414 3456; x_wconf 90' lang='lat' dir='ltr'><strong>meliorem</strong></span> <span class='ocrx_word' id='word_1_610' title='bbox 2440 3401 2878 3478; x_wconf 91' lang='lat' dir='ltr'><strong>divinioremque</strong></span> <span class='ocrx_word' id='word_1_611' title='bbox 2909 3420 3110 3467; x_wconf 90' lang='lat' dir='ltr'><strong>statum</strong></span> <span class='ocrx_word' id='word_1_612' title='bbox 3145 3414 3343 3471; x_wconf 91' lang='lat' dir='ltr'><strong>immu-</strong></span> 
     </span>
    </p>
   </div>
   <div class='ocr_carea' id='block_1_82' title="bbox 1773 3486 3346 3563">
    <p class='ocr_par' dir='ltr' id='par_1_82' title="bbox 1773 3486 3346 3563">
     <span class='ocr_line' id='line_1_82' title="bbox 1773 3486 3346 3563; baseline 0.017 -26"><span class='ocrx_word' id='word_1_613' title='bbox 1773 3486 1980 3542; x_wconf 88' lang='lat' dir='ltr'><strong>tatione</strong></span> <span class='ocrx_word' id='word_1_614' title='bbox 2030 3488 2139 3543; x_wconf 88' lang='lat' dir='ltr'><strong>sint</strong></span> <span class='ocrx_word' id='word_1_615' title='bbox 2188 3494 2577 3563; x_wconf 89' lang='lat' dir='ltr'><strong>convertenda,</strong></span> <span class='ocrx_word' id='word_1_616' title='bbox 2618 3514 2720 3554; x_wconf 91' lang='lat' dir='ltr'><strong>nec</strong></span> <span class='ocrx_word' id='word_1_617' title='bbox 2778 3500 2937 3556; x_wconf 84' lang='lat' dir='ltr'><strong>facile</strong></span> <span class='ocrx_word' id='word_1_618' title='bbox 2986 3521 3204 3561; x_wconf 91' lang='lat' dir='ltr'><strong>rursum</strong></span> <span class='ocrx_word' id='word_1_619' title='bbox 3259 3518 3346 3563; x_wconf 83' lang='lat' dir='ltr'><strong>est</strong></span> 
     </span>
    </p>
   </div>
   <div class='ocr_carea' id='block_1_83' title="bbox 1773 3580 3345 3669">
    <p class='ocr_par' dir='ltr' id='par_1_83' title="bbox 1773 3580 3345 3669">
     <span class='ocr_line' id='line_1_83' title="bbox 1773 3580 3345 3669; baseline 0.015 -38"><span class='ocrx_word' id='word_1_620' title='bbox 1773 3580 2066 3647; x_wconf 79' lang='lat' dir='ltr'><strong>explicare,</strong></span> <span class='ocrx_word' id='word_1_621' title='bbox 2094 3581 2273 3651; x_wconf 90' lang='lat' dir='ltr'><strong>qualis</strong></span> <span class='ocrx_word' id='word_1_622' title='bbox 2303 3582 2487 3640; x_wconf 87' lang='lat' dir='ltr'><strong>futura</strong></span> <span class='ocrx_word' id='word_1_623' title='bbox 2522 3587 2594 3643; x_wconf 90' lang='lat' dir='ltr'><strong>sit</strong></span> <span class='ocrx_word' id='word_1_624' title='bbox 2621 3591 2880 3658; x_wconf 63' lang='lat' dir='ltr'><strong>praeclara</strong></span> <span class='ocrx_word' id='word_1_625' title='bbox 2913 3594 3212 3661; x_wconf 82' lang='lat' dir='ltr'><strong>illaforma,</strong></span> <span class='ocrx_word' id='word_1_626' title='bbox 3236 3615 3345 3669; x_wconf 84' lang='lat' dir='ltr'><strong>qua</strong></span> 
     </span>
    </p>
   </div>
   <div class='ocr_carea' id='block_1_84' title="bbox 1774 3672 3344 3761">
    <p class='ocr_par' dir='ltr' id='par_1_84' title="bbox 1774 3672 3344 3761">
     <span class='ocr_line' id='line_1_84' title="bbox 1774 3672 3344 3761; baseline 0.016 -38"><span class='ocrx_word' id='word_1_627' title='bbox 1774 3672 2181 3739; x_wconf 88' lang='lat' dir='ltr'><strong>decorabimur,</strong></span> <span class='ocrx_word' id='word_1_628' title='bbox 2208 3690 2331 3730; x_wconf 89' lang='lat' dir='ltr'><strong>cum</strong></span> <span class='ocrx_word' id='word_1_629' title='bbox 2348 3693 2445 3747; x_wconf 88' lang='lat' dir='ltr'><strong>spe</strong></span> <span class='ocrx_word' id='word_1_630' title='bbox 2473 3679 2634 3736; x_wconf 87' lang='lat' dir='ltr'><strong>nobis</strong></span> <span class='ocrx_word' id='word_1_631' title='bbox 2646 3685 2926 3755; x_wconf 90' lang='lat' dir='ltr'><strong>proposita</strong></span> <span class='ocrx_word' id='word_1_632' title='bbox 2944 3689 3054 3743; x_wconf 90' lang='lat' dir='ltr'><strong>sint</strong></span> <span class='ocrx_word' id='word_1_633' title='bbox 3078 3706 3141 3744; x_wconf 91' lang='lat' dir='ltr'><strong>ea</strong></span> <span class='ocrx_word' id='word_1_634' title='bbox 3177 3692 3344 3761; x_wconf 88' lang='lat' dir='ltr'><strong>bona,</strong></span> 
     </span>
    </p>
   </div>
   <div class='ocr_carea' id='block_1_85' title="bbox 1774 3767 3346 3853">
    <p class='ocr_par' dir='ltr' id='par_1_85' title="bbox 1774 3767 3346 3853">
     <span class='ocr_line' id='line_1_85' title="bbox 1774 3767 3346 3853; baseline 0.015 -37"><span class='ocrx_word' id='word_1_635' title='bbox 1774 3780 1895 3835; x_wconf 71' lang='lat' dir='ltr'><strong>quae</strong></span> <span class='ocrx_word' id='word_1_636' title='bbox 1916 3780 2018 3820; x_wconf 90' lang='lat' dir='ltr'><strong>nec</strong></span> <span class='ocrx_word' id='word_1_637' title='bbox 2041 3767 2240 3834; x_wconf 91' lang='lat' dir='ltr'><strong>oculis,</strong></span> <span class='ocrx_word' id='word_1_638' title='bbox 2273 3784 2375 3824; x_wconf 92' lang='lat' dir='ltr'><strong>nec</strong></span> <span class='ocrx_word' id='word_1_639' title='bbox 2400 3771 2651 3840; x_wconf 75' lang='lat' dir='ltr'><strong>auribus,</strong></span> <span class='ocrx_word' id='word_1_640' title='bbox 2680 3790 2783 3831; x_wconf 92' lang='lat' dir='ltr'><strong>nec</strong></span> <span class='ocrx_word' id='word_1_641' title='bbox 2832 3779 3159 3849; x_wconf 82' lang='lat' dir='ltr'><strong>cogitatione</strong></span> <span class='ocrx_word' id='word_1_642' title='bbox 3218 3799 3346 3853; x_wconf 85' lang='lat' dir='ltr'><strong>pos-</strong></span> 
     </span>
    </p>
   </div>
   <div class='ocr_carea' id='block_1_86' title="bbox 1774 3861 3344 3947">
    <p class='ocr_par' dir='ltr' id='par_1_86' title="bbox 1774 3861 3344 3947">
     <span class='ocr_line' id='line_1_86' title="bbox 1774 3861 3344 3947; baseline 0.013 -36"><span class='ocrx_word' id='word_1_643' title='bbox 1774 3872 1965 3913; x_wconf 90' lang='lat' dir='ltr'><strong>sumus</strong></span> <span class='ocrx_word' id='word_1_644' title='bbox 1996 3861 2480 3929; x_wconf 86' lang='lat' dir='ltr'><strong>comprehendere.</strong></span> <span class='ocrx_word' id='word_1_645' title='bbox 2512 3864 2668 3930; x_wconf 87' lang='lat' dir='ltr'><strong>Quod</strong></span> <span class='ocrx_word' id='word_1_646' title='bbox 2698 3869 2744 3923; x_wconf 89' lang='lat' dir='ltr'><strong>si</strong></span> <span class='ocrx_word' id='word_1_647' title='bbox 2774 3871 2897 3940; x_wconf 91' lang='lat' dir='ltr'><strong>quis</strong></span> <span class='ocrx_word' id='word_1_648' title='bbox 2929 3871 3183 3941; x_wconf 86' lang='lat' dir='ltr'><strong>formam,</strong></span> <span class='ocrx_word' id='word_1_649' title='bbox 3234 3892 3344 3947; x_wconf 88' lang='lat' dir='ltr'><strong>qua</strong></span> 
     </span>
    </p>
   </div>
   <div class='ocr_carea' id='block_1_87' title="bbox 1773 3950 3347 4036">
    <p class='ocr_par' dir='ltr' id='par_1_87' title="bbox 1773 3950 3347 4036">
     <span class='ocr_line' id='line_1_87' title="bbox 1773 3950 3347 4036; baseline 0.015 -32"><span class='ocrx_word' id='word_1_650' title='bbox 1773 3950 2019 4022; x_wconf 82' lang='lat' dir='ltr'><strong>dignosci</strong></span> <span class='ocrx_word' id='word_1_651' title='bbox 2050 3954 2350 4021; x_wconf 87' lang='lat' dir='ltr'><strong>valeamus,</strong></span> <span class='ocrx_word' id='word_1_652' title='bbox 2386 3957 2440 4012; x_wconf 91' lang='lat' dir='ltr'><strong>in</strong></span> <span class='ocrx_word' id='word_1_653' title='bbox 2476 3966 2625 4014; x_wconf 88' lang='lat' dir='ltr'><strong>certa</strong></span> <span class='ocrx_word' id='word_1_654' title='bbox 2673 3976 2886 4019; x_wconf 91' lang='lat' dir='ltr'><strong>morum</strong></span> <span class='ocrx_word' id='word_1_655' title='bbox 2942 3969 3204 4036; x_wconf 91' lang='lat' dir='ltr'><strong>qualitate</strong></span> <span class='ocrx_word' id='word_1_656' title='bbox 3257 3970 3347 4026; x_wconf 89' lang='lat' dir='ltr'><strong>di-</strong></span> 
     </span>
    </p>
   </div>
   <div class='ocr_carea' id='block_1_88' title="bbox 1772 4042 3345 4126">
    <p class='ocr_par' dir='ltr' id='par_1_88' title="bbox 1772 4042 3345 4126">
     <span class='ocr_line' id='line_1_88' title="bbox 1772 4042 3345 4126; baseline 0.014 -32"><span class='ocrx_word' id='word_1_657' title='bbox 1772 4048 1920 4096; x_wconf 91' lang='lat' dir='ltr'><strong>ceret</strong></span> <span class='ocrx_word' id='word_1_658' title='bbox 1945 4042 2107 4098; x_wconf 88' lang='lat' dir='ltr'><strong>sitam</strong></span> <span class='ocrx_word' id='word_1_659' title='bbox 2135 4045 2569 4118; x_wconf 88' lang='lat' dir='ltr'><strong>collocatamque</strong></span> <span class='ocrx_word' id='word_1_660' title='bbox 2592 4048 2728 4115; x_wconf 92' lang='lat' dir='ltr'><strong>fore,</strong></span> <span class='ocrx_word' id='word_1_661' title='bbox 2754 4051 2802 4107; x_wconf 88' lang='lat' dir='ltr'><strong>is</strong></span> <span class='ocrx_word' id='word_1_662' title='bbox 2827 4069 2937 4109; x_wconf 94' lang='lat' dir='ltr'><strong>non</strong></span> <span class='ocrx_word' id='word_1_663' title='bbox 2978 4072 3209 4126; x_wconf 85' lang='lat' dir='ltr'><strong>prorsus</strong></span> <span class='ocrx_word' id='word_1_664' title='bbox 3232 4059 3345 4116; x_wconf 90' lang='lat' dir='ltr'><strong>for-</strong></span> 
     </span>
    </p>
   </div>
   <div class='ocr_carea' id='block_1_89' title="bbox 1774 4131 3339 4220">
    <p class='ocr_par' dir='ltr' id='par_1_89' title="bbox 1774 4131 3339 4220">
     <span class='ocr_line' id='line_1_89' title="bbox 1774 4131 3339 4220; baseline 0.015 -35"><span class='ocrx_word' id='word_1_665' title='bbox 1774 4131 1913 4186; x_wconf 92' lang='lat' dir='ltr'><strong>sitan</strong></span> <span class='ocrx_word' id='word_1_666' title='bbox 1947 4134 2243 4192; x_wconf 87' lang='lat' dir='ltr'><strong>aberraret.</strong></span> <span class='ocrx_word' id='word_1_667' title='bbox 2276 4137 2347 4193; x_wconf 92' lang='lat' dir='ltr'><strong>Ut</strong></span> <span class='ocrx_word' id='word_1_668' title='bbox 2393 4142 2851 4210; x_wconf 88' lang='lat' dir='ltr'><strong>quemadmodum</strong></span> <span class='ocrx_word' id='word_1_669' title='bbox 2901 4163 3048 4203; x_wconf 91' lang='lat' dir='ltr'><strong>nunc</strong></span> <span class='ocrx_word' id='word_1_670' title='bbox 3106 4152 3339 4220; x_wconf 89' lang='lat' dir='ltr'><strong>quadam</strong></span> 
     </span>
    </p>
   </div>
   <div class='ocr_carea' id='block_1_90' title="bbox 1772 4222 3342 4299">
    <p class='ocr_par' dir='ltr' id='par_1_90' title="bbox 1772 4222 3342 4299">
     <span class='ocr_line' id='line_1_90' title="bbox 1772 4222 3342 4299; baseline 0.015 -23"><span class='ocrx_word' id='word_1_671' title='bbox 1772 4222 2166 4280; x_wconf 88' lang='lat' dir='ltr'><strong>elementorum</strong></span> <span class='ocrx_word' id='word_1_672' title='bbox 2192 4227 2247 4281; x_wconf 92' lang='lat' dir='ltr'><strong>in</strong></span> <span class='ocrx_word' id='word_1_673' title='bbox 2278 4229 2440 4285; x_wconf 89' lang='lat' dir='ltr'><strong>nobis</strong></span> <span class='ocrx_word' id='word_1_674' title='bbox 2464 4234 2762 4290; x_wconf 89' lang='lat' dir='ltr'><strong>mutatione</strong></span> <span class='ocrx_word' id='word_1_675' title='bbox 2784 4236 3098 4296; x_wconf 82' lang='lat' dir='ltr'><strong>differentes</strong></span> <span class='ocrx_word' id='word_1_676' title='bbox 3124 4242 3176 4295; x_wconf 93' lang='lat' dir='ltr'><strong>in</strong></span> <span class='ocrx_word' id='word_1_677' title='bbox 3200 4259 3342 4299; x_wconf 87' lang='lat' dir='ltr'><strong>uno-</strong></span> 
     </span>
    </p>
   </div>
   <div class='ocr_carea' id='block_1_91' title="bbox 1773 4318 3342 4404">
    <p class='ocr_par' dir='ltr' id='par_1_91' title="bbox 1773 4318 3342 4404">
     <span class='ocr_line' id='line_1_91' title="bbox 1773 4318 3342 4404; baseline 0.015 -37"><span class='ocrx_word' id='word_1_678' title='bbox 1773 4328 1989 4384; x_wconf 90' lang='lat' dir='ltr'><strong>quoque</strong></span> <span class='ocrx_word' id='word_1_679' title='bbox 2022 4324 2180 4373; x_wconf 89' lang='lat' dir='ltr'><strong>notas</strong></span> <span class='ocrx_word' id='word_1_680' title='bbox 2210 4318 2506 4389; x_wconf 91' lang='lat' dir='ltr'><strong>impressas</strong></span> <span class='ocrx_word' id='word_1_681' title='bbox 2538 4324 2838 4394; x_wconf 90' lang='lat' dir='ltr'><strong>cernimus,</strong></span> <span class='ocrx_word' id='word_1_682' title='bbox 2888 4339 3049 4398; x_wconf 91' lang='lat' dir='ltr'><strong>prout</strong></span> <span class='ocrx_word' id='word_1_683' title='bbox 3107 4332 3342 4404; x_wconf 88' lang='lat' dir='ltr'><strong>alicujus</strong></span> 
     </span>
    </p>
   </div>
   <div class='ocr_carea' id='block_1_92' title="bbox 89 4404 1663 4496">
    <p class='ocr_par' dir='ltr' id='par_1_92' title="bbox 89 4404 1663 4484">
     <span class='ocr_line' id='line_1_92' title="bbox 89 4404 1663 4484; baseline -0.007 -17"><span class='ocrx_word' id='word_1_684' title='bbox 89 4415 252 4484; x_wconf 81' lang='grc' dir='ltr'>μένου</span> <span class='ocrx_word' id='word_1_685' title='bbox 274 4429 334 4464; x_wconf 86' lang='grc' dir='ltr'><strong>τε</strong></span> <span class='ocrx_word' id='word_1_686' title='bbox 355 4412 452 4463; x_wconf 71' lang='grc' dir='ltr'>καὶ</span> <span class='ocrx_word' id='word_1_687' title='bbox 472 4409 851 4481; x_wconf 85' lang='grc' dir='ltr'>χρωννυμένου</span> <span class='ocrx_word' id='word_1_688' title='bbox 878 4405 969 4459; x_wconf 81' lang='grc' dir='ltr'>τοῦ</span> <span class='ocrx_word' id='word_1_689' title='bbox 988 4406 1126 4459; x_wconf 84' lang='grc' dir='ltr'>κατὰ</span> <span class='ocrx_word' id='word_1_690' title='bbox 1151 4405 1248 4475; x_wconf 85' lang='grc' dir='ltr'><strong>τὴν</strong></span> <span class='ocrx_word' id='word_1_691' title='bbox 1281 4405 1493 4475; x_wconf 79' lang='grc' dir='ltr'>μορφήν</span> <span class='ocrx_word' id='word_1_692' title='bbox 1524 4404 1663 4456; x_wconf 76' lang='grc' dir='ltr'>ἰδιώ-</span> 
     </span>
    </p>
   </div>
   <div class='ocr_carea' id='block_1_93' title="bbox 1767 4404 3341 4496">
    <p class='ocr_par' dir='ltr' id='par_1_93' title="bbox 1772 4409 3341 4496">
     <span class='ocr_line' id='line_1_93' title="bbox 1772 4409 3341 4496; baseline 0.013 -35"><span class='ocrx_word' id='word_1_693' title='bbox 1772 4422 1960 4461; x_wconf 91' lang='lat' dir='ltr'><strong>eorum</strong></span> <span class='ocrx_word' id='word_1_694' title='bbox 1990 4409 2196 4479; x_wconf 89' lang='lat' dir='ltr'><strong>majore</strong></span> <span class='ocrx_word' id='word_1_695' title='bbox 2218 4412 2500 4469; x_wconf 86' lang='lat' dir='ltr'><strong>minoreve</strong></span> <span class='ocrx_word' id='word_1_696' title='bbox 2557 4418 2733 4486; x_wconf 87' lang='lat' dir='ltr'><strong>cepia,</strong></span> <span class='ocrx_word' id='word_1_697' title='bbox 2787 4423 3008 4491; x_wconf 92' lang='lat' dir='ltr'><strong>propria</strong></span> <span class='ocrx_word' id='word_1_698' title='bbox 3074 4426 3341 4496; x_wconf 88' lang='lat' dir='ltr'><strong>cujusque</strong></span> 
     </span>
    </p>
   </div>
   <div class='ocr_carea' id='block_1_94' title="bbox 89 4497 1672 4576">
    <p class='ocr_par' dir='ltr' id='par_1_94' title="bbox 89 4497 1672 4576">
     <span class='ocr_line' id='line_1_94' title="bbox 89 4497 1672 4576; baseline -0.005 -17"><span class='ocrx_word' id='word_1_699' title='bbox 89 4523 257 4576; x_wconf 81' lang='grc' dir='ltr'>ματος</span> <span class='ocrx_word' id='word_1_700' title='bbox 276 4521 293 4537; x_wconf 74' lang='grc' dir='ltr'><strong><em>ο</em></strong></span> <span class='ocrx_word' id='word_1_701' title='bbox 318 4502 465 4557; x_wconf 83' lang='grc' dir='ltr'>οὓτω</span> <span class='ocrx_word' id='word_1_702' title='bbox 488 4519 580 4572; x_wconf 83' lang='grc' dir='ltr'><strong>μοι</strong></span> <span class='ocrx_word' id='word_1_703' title='bbox 611 4503 757 4554; x_wconf 86' lang='grc' dir='ltr'>δοκεῖ</span> <span class='ocrx_word' id='word_1_704' title='bbox 784 4500 848 4553; x_wconf 84' lang='grc' dir='ltr'><strong>τὰ</strong></span> <span class='ocrx_word' id='word_1_705' title='bbox 888 4497 1250 4552; x_wconf 85' lang='grc' dir='ltr'>εἰδοποιοῦντα</span> <span class='ocrx_word' id='word_1_706' title='bbox 1274 4497 1394 4551; x_wconf 88' lang='grc' dir='ltr'>τότε</span> <span class='ocrx_word' id='word_1_707' title='bbox 1419 4497 1516 4568; x_wconf 86' lang='grc' dir='ltr'>τὴν</span> <span class='ocrx_word' id='word_1_708' title='bbox 1544 4498 1672 4551; x_wconf 89' lang='grc' dir='ltr'>ἑκά-</span> 
     </span>
    </p>
   </div>
   <div class='ocr_carea' id='block_1_95' title="bbox 88 4588 1671 4667">
    <p class='ocr_par' dir='ltr' id='par_1_95' title="bbox 88 4588 1671 4667">
     <span class='ocr_line' id='line_1_95' title="bbox 88 4588 1671 4667; baseline -0.006 -16"><span class='ocrx_word' id='word_1_709' title='bbox 88 4616 209 4651; x_wconf 82' lang='grc' dir='ltr'>στου</span> <span class='ocrx_word' id='word_1_710' title='bbox 252 4595 469 4667; x_wconf 79' lang='grc' dir='ltr'>μορφὴν</span> <span class='ocrx_word' id='word_1_711' title='bbox 493 4594 555 4645; x_wconf 92' lang='grc' dir='ltr'><strong>ού</strong></span> <span class='ocrx_word' id='word_1_712' title='bbox 583 4592 755 4646; x_wconf 78' lang='grc' dir='ltr'>ταῦτα</span> <span class='ocrx_word' id='word_1_713' title='bbox 781 4592 848 4645; x_wconf 86' lang='grc' dir='ltr'>τὰ</span> <span class='ocrx_word' id='word_1_714' title='bbox 882 4592 1117 4661; x_wconf 86' lang='grc' dir='ltr'>στοιχεῖα</span> <span class='ocrx_word' id='word_1_715' title='bbox 1146 4588 1413 4658; x_wconf 84' lang='grc' dir='ltr'>γίνεσθαι,</span> <span class='ocrx_word' id='word_1_716' title='bbox 1434 4589 1568 4642; x_wconf 72' lang='grc' dir='ltr'>ἀλλὰ</span> <span class='ocrx_word' id='word_1_717' title='bbox 1601 4589 1671 4642; x_wconf 84' lang='grc' dir='ltr'>τὰ</span> 
     </span>
    </p>
   </div>
   <div class='ocr_carea' id='block_1_96' title="bbox 86 4674 1669 4759">
    <p class='ocr_par' dir='ltr' id='par_1_96' title="bbox 86 4674 1669 4759">
     <span class='ocr_line' id='line_1_96' title="bbox 86 4674 1669 4759; baseline -0.003 -20"><span class='ocrx_word' id='word_1_718' title='bbox 86 4690 183 4759; x_wconf 81' lang='grc' dir='ltr'>τῆς</span> <span class='ocrx_word' id='word_1_719' title='bbox 220 4685 477 4756; x_wconf 83' lang='grc' dir='ltr'>κακίαςῆ</span> <span class='ocrx_word' id='word_1_720' title='bbox 510 4685 611 4754; x_wconf 85' lang='grc' dir='ltr'><strong>τῆς</strong></span> <span class='ocrx_word' id='word_1_721' title='bbox 661 4684 863 4756; x_wconf 79' lang='grc' dir='ltr'>ἀρετῆς</span> <span class='ocrx_word' id='word_1_722' title='bbox 902 4682 1185 4751; x_wconf 83' lang='grc' dir='ltr'>ἰδιώματα,</span> <span class='ocrx_word' id='word_1_723' title='bbox 1216 4674 1291 4735; x_wconf 83' lang='grc' dir='ltr'>ὧν</span> <span class='ocrx_word' id='word_1_724' title='bbox 1321 4683 1355 4752; x_wconf 80' lang='grc' dir='ltr'>ἡ</span> <span class='ocrx_word' id='word_1_725' title='bbox 1380 4681 1507 4733; x_wconf 84' lang='grc' dir='ltr'>ποιὰ</span> <span class='ocrx_word' id='word_1_726' title='bbox 1534 4681 1669 4751; x_wconf 82' lang='grc' dir='ltr'>πρὸς</span> 
     </span>
    </p>
   </div>
   <div class='ocr_carea' id='block_1_97' title="bbox 87 4770 1667 4853">
    <p class='ocr_par' dir='ltr' id='par_1_97' title="bbox 87 4770 1667 4853">
     <span class='ocr_line' id='line_1_97' title="bbox 87 4770 1667 4853; baseline -0.006 -18"><span class='ocrx_word' id='word_1_727' title='bbox 87 4781 290 4853; x_wconf 79' lang='grc' dir='ltr'>ἄλληλα</span> <span class='ocrx_word' id='word_1_728' title='bbox 319 4781 486 4851; x_wconf 81' lang='grc' dir='ltr'>μίξις,</span> <span class='ocrx_word' id='word_1_729' title='bbox 519 4778 552 4848; x_wconf 82' lang='grc' dir='ltr'>ἢ</span> <span class='ocrx_word' id='word_1_730' title='bbox 588 4776 759 4840; x_wconf 78' lang='grc' dir='ltr'>οὕτως</span> <span class='ocrx_word' id='word_1_731' title='bbox 781 4777 814 4847; x_wconf 80' lang='grc' dir='ltr'><strong>ἢ</strong></span> <span class='ocrx_word' id='word_1_732' title='bbox 835 4776 1036 4846; x_wconf 82' lang='grc' dir='ltr'>ἑτέρως</span> <span class='ocrx_word' id='word_1_733' title='bbox 1068 4774 1128 4827; x_wconf 85' lang='grc' dir='ltr'><strong>τὸ</strong></span> <span class='ocrx_word' id='word_1_734' title='bbox 1156 4770 1294 4837; x_wconf 80' lang='grc' dir='ltr'>εἶδος</span> <span class='ocrx_word' id='word_1_735' title='bbox 1324 4775 1667 4844; x_wconf 81' lang='grc' dir='ltr'>παρασκευά-</span> 
     </span>
    </p>
   </div>
   <div class='ocr_carea' id='block_1_98' title="bbox 91 4862 1663 4943">
    <p class='ocr_par' dir='ltr' id='par_1_98' title="bbox 91 4862 1663 4943">
     <span class='ocr_line' id='line_1_98' title="bbox 91 4862 1663 4943; baseline -0.006 -16"><span class='ocrx_word' id='word_1_736' title='bbox 91 4875 171 4936; x_wconf 76' lang='grc' dir='ltr'><strong>ζει</strong></span> <span class='ocrx_word' id='word_1_737' title='bbox 222 4868 742 4943; x_wconf 82' lang='grc' dir='ltr'>χαρακτηρίζεσθαι.</span> <span class='ocrx_word' id='word_1_738' title='bbox 788 4862 911 4921; x_wconf 78' lang='grc' dir='ltr'>Οἷον</span> <span class='ocrx_word' id='word_1_739' title='bbox 940 4868 1002 4937; x_wconf 87' lang='grc' dir='ltr'><strong>δή</strong></span> <span class='ocrx_word' id='word_1_740' title='bbox 1026 4885 1079 4919; x_wconf 88' lang='grc' dir='ltr'><strong>τι</strong></span> <span class='ocrx_word' id='word_1_741' title='bbox 1110 4866 1296 4936; x_wconf 80' lang='grc' dir='ltr'>σχεδὸν</span> <span class='ocrx_word' id='word_1_742' title='bbox 1328 4866 1419 4917; x_wconf 78' lang='grc' dir='ltr'>καὶ</span> <span class='ocrx_word' id='word_1_743' title='bbox 1456 4866 1548 4918; x_wconf 78' lang='grc' dir='ltr'><strong>ἐπὶ</strong></span> <span class='ocrx_word' id='word_1_744' title='bbox 1570 4865 1663 4918; x_wconf 82' lang='grc' dir='ltr'>τοῦ</span> 
     </span>
    </p>
   </div>
   <div class='ocr_carea' id='block_1_99' title="bbox 91 4956 1662 5036">
    <p class='ocr_par' dir='ltr' id='par_1_99' title="bbox 91 4956 1662 5036">
     <span class='ocr_line' id='line_1_99' title="bbox 91 4956 1662 5036; baseline -0.003 -20"><span class='ocrx_word' id='word_1_745' title='bbox 91 4966 356 5036; x_wconf 78' lang='grc' dir='ltr'>παρόντος</span> <span class='ocrx_word' id='word_1_746' title='bbox 388 4963 595 5031; x_wconf 85' lang='grc' dir='ltr'>γίνεται</span> <span class='ocrx_word' id='word_1_747' title='bbox 632 4961 745 5031; x_wconf 85' lang='grc' dir='ltr'>βίου</span> <span class='ocrx_word' id='word_1_748' title='bbox 771 5000 786 5023; x_wconf 87' lang='grc'><strong>,</strong></span> <span class='ocrx_word' id='word_1_749' title='bbox 821 4960 947 5013; x_wconf 82' lang='grc' dir='ltr'>ὅταν</span> <span class='ocrx_word' id='word_1_750' title='bbox 975 4962 1009 5029; x_wconf 85' lang='grc' dir='ltr'><strong>ἡ</strong></span> <span class='ocrx_word' id='word_1_751' title='bbox 1029 4957 1223 5023; x_wconf 75' lang='grc' dir='ltr'>ἔξωθεν</span> <span class='ocrx_word' id='word_1_752' title='bbox 1251 4958 1343 5010; x_wconf 78' lang='grc' dir='ltr'>τοῦ</span> <span class='ocrx_word' id='word_1_753' title='bbox 1373 4956 1662 5027; x_wconf 83' lang='grc' dir='ltr'>προσώπου</span> 
     </span>
    </p>
   </div>
   <div class='ocr_carea' id='block_1_100' title="bbox 91 5046 1665 5124">
    <p class='ocr_par' dir='ltr' id='par_1_100' title="bbox 91 5046 1665 5124">
     <span class='ocr_line' id='line_1_100' title="bbox 91 5046 1665 5124; baseline -0.005 -17"><span class='ocrx_word' id='word_1_754' title='bbox 91 5057 326 5118; x_wconf 71' lang='grc' dir='ltr'>διάθεσις</span> <span class='ocrx_word' id='word_1_755' title='bbox 363 5055 463 5124; x_wconf 79' lang='grc' dir='ltr'>τὴν</span> <span class='ocrx_word' id='word_1_756' title='bbox 502 5054 559 5105; x_wconf 85' lang='grc' dir='ltr'><strong>ἐν</strong></span> <span class='ocrx_word' id='word_1_757' title='bbox 603 5050 681 5121; x_wconf 80' lang='grc' dir='ltr'><strong>τῷ</strong></span> <span class='ocrx_word' id='word_1_758' title='bbox 727 5048 954 5121; x_wconf 83' lang='grc' dir='ltr'>κρυπτῷ</span> <span class='ocrx_word' id='word_1_759' title='bbox 994 5049 1091 5117; x_wconf 82' lang='grc' dir='ltr'>τῆς</span> <span class='ocrx_word' id='word_1_760' title='bbox 1114 5047 1289 5118; x_wconf 80' lang='grc' dir='ltr'>ψυχῆς</span> <span class='ocrx_word' id='word_1_761' title='bbox 1339 5046 1665 5118; x_wconf 83' lang='grc' dir='ltr'>καταμηνύῃ</span> 
     </span>
    </p>
   </div>
   <div class='ocr_carea' id='block_1_101' title="bbox 90 5137 1665 5213">
    <p class='ocr_par' dir='ltr' id='par_1_101' title="bbox 90 5137 1665 5213">
     <span class='ocr_line' id='line_1_101' title="bbox 90 5137 1665 5213; baseline -0.006 -15"><span class='ocrx_word' id='word_1_762' title='bbox 90 5147 346 5199; x_wconf 71' lang='grc' dir='ltr'>διάθεσινο</span> <span class='ocrx_word' id='word_1_763' title='bbox 372 5144 494 5197; x_wconf 84' lang='grc' dir='ltr'>ὅθεν</span> <span class='ocrx_word' id='word_1_764' title='bbox 535 5141 732 5213; x_wconf 77' lang='grc' dir='ltr'>ῥᾳδίως</span> <span class='ocrx_word' id='word_1_765' title='bbox 771 5139 1203 5209; x_wconf 85' lang='grc' dir='ltr'>ἑπιγινώσκομεν</span> <span class='ocrx_word' id='word_1_766' title='bbox 1224 5140 1314 5191; x_wconf 86' lang='grc' dir='ltr'><strong>τόν</strong></span> <span class='ocrx_word' id='word_1_767' title='bbox 1346 5157 1404 5191; x_wconf 87' lang='grc' dir='ltr'><strong>τε</strong></span> <span class='ocrx_word' id='word_1_768' title='bbox 1432 5141 1495 5210; x_wconf 87' lang='grc' dir='ltr'>τῇ</span> <span class='ocrx_word' id='word_1_769' title='bbox 1519 5137 1665 5211; x_wconf 83' lang='grc' dir='ltr'>λύπῃ</span> 
     </span>
    </p>
   </div>
   <div class='ocr_carea' id='block_1_102' title="bbox 92 5228 1667 5305">
    <p class='ocr_par' dir='ltr' id='par_1_102' title="bbox 92 5228 1667 5305">
     <span class='ocr_line' id='line_1_102' title="bbox 92 5228 1667 5305; baseline -0.002 -20"><span class='ocrx_word' id='word_1_770' title='bbox 92 5235 480 5305; x_wconf 81' lang='grc' dir='ltr'>κρατούμενον,</span> <span class='ocrx_word' id='word_1_771' title='bbox 512 5233 605 5283; x_wconf 73' lang='grc' dir='ltr'><strong>καὶ</strong></span> <span class='ocrx_word' id='word_1_772' title='bbox 624 5228 807 5301; x_wconf 85' lang='grc' dir='ltr'>τὸντῷ</span> <span class='ocrx_word' id='word_1_773' title='bbox 840 5229 995 5300; x_wconf 82' lang='grc' dir='ltr'>θυμῷ</span> <span class='ocrx_word' id='word_1_774' title='bbox 1023 5230 1426 5300; x_wconf 84' lang='grc' dir='ltr'>διανεστηκότα,</span> <span class='ocrx_word' id='word_1_775' title='bbox 1452 5231 1544 5284; x_wconf 78' lang='grc' dir='ltr'>καὶ</span> <span class='ocrx_word' id='word_1_776' title='bbox 1576 5231 1667 5283; x_wconf 81' lang='grc' dir='ltr'><strong>τὸν</strong></span> 
     </span>
    </p>
   </div>
   <div class='ocr_carea' id='block_1_103' title="bbox 90 5321 1665 5396">
    <p class='ocr_par' dir='ltr' id='par_1_103' title="bbox 90 5321 1665 5396">
     <span class='ocr_line' id='line_1_103' title="bbox 90 5321 1665 5396; baseline -0.001 -19"><span class='ocrx_word' id='word_1_777' title='bbox 90 5330 146 5378; x_wconf 84' lang='grc' dir='ltr'>ὲν</span> <span class='ocrx_word' id='word_1_778' title='bbox 169 5324 442 5396; x_wconf 80' lang='grc' dir='ltr'>ἐπιθυμίᾳ</span> <span class='ocrx_word' id='word_1_779' title='bbox 490 5322 767 5394; x_wconf 80' lang='grc' dir='ltr'>λυόμενον’</span> <span class='ocrx_word' id='word_1_780' title='bbox 796 5322 890 5375; x_wconf 73' lang='grc' dir='ltr'><strong>καὶ</strong></span> <span class='ocrx_word' id='word_1_781' title='bbox 917 5323 982 5375; x_wconf 86' lang='grc' dir='ltr'><strong>ἐκ</strong></span> <span class='ocrx_word' id='word_1_782' title='bbox 1006 5321 1098 5375; x_wconf 81' lang='grc' dir='ltr'>τοῦ</span> <span class='ocrx_word' id='word_1_783' title='bbox 1143 5323 1403 5389; x_wconf 84' lang='grc' dir='ltr'>ἐναντίου,</span> <span class='ocrx_word' id='word_1_784' title='bbox 1438 5324 1528 5376; x_wconf 78' lang='grc' dir='ltr'><strong>τὸν</strong></span> <span class='ocrx_word' id='word_1_785' title='bbox 1550 5340 1665 5393; x_wconf 81' lang='grc' dir='ltr'>φαι-</span> 
     </span>
    </p>
   </div>
   <div class='ocr_carea' id='block_1_104' title="bbox 90 5413 1664 5487">
    <p class='ocr_par' dir='ltr' id='par_1_104' title="bbox 90 5413 1664 5487">
     <span class='ocr_line' id='line_1_104' title="bbox 90 5413 1664 5487; baseline 0.001 -18"><span class='ocrx_word' id='word_1_786' title='bbox 90 5418 230 5487; x_wconf 84' lang='grc' dir='ltr'>δρὸν,</span> <span class='ocrx_word' id='word_1_787' title='bbox 255 5418 350 5471; x_wconf 79' lang='grc' dir='ltr'><strong>τὸν</strong></span> <span class='ocrx_word' id='word_1_788' title='bbox 379 5416 671 5487; x_wconf 81' lang='grc' dir='ltr'>ἀόργητον,</span> <span class='ocrx_word' id='word_1_789' title='bbox 697 5414 790 5469; x_wconf 84' lang='grc' dir='ltr'><strong>τὸν</strong></span> <span class='ocrx_word' id='word_1_790' title='bbox 802 5413 879 5484; x_wconf 86' lang='grc' dir='ltr'>τῷ</span> <span class='ocrx_word' id='word_1_791' title='bbox 900 5414 1081 5485; x_wconf 84' lang='grc' dir='ltr'>σεμνῷ</span> <span class='ocrx_word' id='word_1_792' title='bbox 1107 5414 1415 5487; x_wconf 83' lang='grc' dir='ltr'>χαρακτῆρι</span> <span class='ocrx_word' id='word_1_793' title='bbox 1441 5416 1538 5487; x_wconf 80' lang='grc' dir='ltr'>τῆς</span> <span class='ocrx_word' id='word_1_794' title='bbox 1570 5434 1664 5470; x_wconf 90' lang='grc' dir='ltr'>σω-</span> 
     </span>
    </p>
   </div>
   <div class='ocr_carea' id='block_1_105' title="bbox 94 5506 888 5581">
    <p class='ocr_par' dir='ltr' id='par_1_105' title="bbox 94 5506 888 5581">
     <span class='ocr_line' id='line_1_105' title="bbox 94 5506 888 5581; baseline -0.004 -18"><span class='ocrx_word' id='word_1_795' title='bbox 94 5510 362 5581; x_wconf 62' lang='grc' dir='ltr'>ψροσύνης</span> <span class='ocrx_word' id='word_1_796' title='bbox 395 5506 888 5578; x_wconf 78' lang='grc' dir='ltr'>καλλωπιζόμενον.</span> 
     </span>
    </p>
   </div>
   <div class='ocr_carea' id='block_1_106' title="bbox 164 5684 1229 5754">
    <p class='ocr_par' dir='ltr' id='par_1_106' title="bbox 164 5684 1229 5754">
     <span class='ocr_line' id='line_1_106' title="bbox 164 5684 1229 5754; baseline -0.002 -11"><span class='ocrx_word' id='word_1_797' title='bbox 164 5692 204 5722; x_wconf 52' lang='grc' dir='ltr'>’λ</span> <span class='ocrx_word' id='word_1_798' title='bbox 245 5690 345 5744; x_wconf 79' lang='lat' dir='ltr'><strong>lsa.</strong></span> <span class='ocrx_word' id='word_1_799' title='bbox 393 5704 542 5754; x_wconf 60' lang='lat' dir='ltr'><strong>xxvr,</strong></span> <span class='ocrx_word' id='word_1_800' title='bbox 582 5687 665 5743; x_wconf 79' lang='lat'><strong>18.</strong></span> <span class='ocrx_word' id='word_1_801' title='bbox 747 5687 787 5717; x_wconf 76' lang='grc'><strong>³³</strong></span> <span class='ocrx_word' id='word_1_802' title='bbox 822 5686 837 5739; x_wconf 95' lang='lat' dir='ltr'><strong>l</strong></span> <span class='ocrx_word' id='word_1_803' title='bbox 870 5686 1004 5739; x_wconf 86' lang='lat' dir='ltr'><strong>Tim.</strong></span> <span class='ocrx_word' id='word_1_804' title='bbox 1047 5700 1105 5751; x_wconf 91' lang='lat' dir='ltr'><strong>ll,</strong></span> <span class='ocrx_word' id='word_1_805' title='bbox 1137 5684 1229 5739; x_wconf 78' lang='grc'><strong>15.</strong></span> 
     </span>
    </p>
   </div>
   <div class='ocr_carea' id='block_1_107' title="bbox 1771 4500 3342 4587">
    <p class='ocr_par' dir='ltr' id='par_1_107' title="bbox 1771 4500 3342 4587">
     <span class='ocr_line' id='line_1_107' title="bbox 1771 4500 3342 4587; baseline 0.012 -34"><span class='ocrx_word' id='word_1_806' title='bbox 1771 4500 1943 4553; x_wconf 90' lang='lat' dir='ltr'><strong>forma</strong></span> <span class='ocrx_word' id='word_1_807' title='bbox 1978 4504 2237 4574; x_wconf 91' lang='lat' dir='ltr'><strong>colorque</strong></span> <span class='ocrx_word' id='word_1_808' title='bbox 2269 4504 2528 4576; x_wconf 81' lang='lat' dir='ltr'><strong>fingitur:</strong></span> <span class='ocrx_word' id='word_1_809' title='bbox 2592 4509 2667 4564; x_wconf 91' lang='lat' dir='ltr'><strong>ita</strong></span> <span class='ocrx_word' id='word_1_810' title='bbox 2720 4526 2841 4581; x_wconf 67' lang='lat' dir='ltr'><strong>qua:</strong></span> <span class='ocrx_word' id='word_1_811' title='bbox 2875 4523 3006 4569; x_wconf 87' lang='lat' dir='ltr'><strong>tunc</strong></span> <span class='ocrx_word' id='word_1_812' title='bbox 3064 4518 3342 4587; x_wconf 83' lang='lat' dir='ltr'><strong>propriam</strong></span> 
     </span>
    </p>
   </div>
   <div class='ocr_carea' id='block_1_108' title="bbox 1768 4592 3342 4670">
    <p class='ocr_par' dir='ltr' id='par_1_108' title="bbox 1768 4592 3342 4670">
     <span class='ocr_line' id='line_1_108' title="bbox 1768 4592 3342 4670; baseline 0.011 -24"><span class='ocrx_word' id='word_1_813' title='bbox 1768 4592 2109 4663; x_wconf 82' lang='lat' dir='ltr'><strong>singulorum</strong></span> <span class='ocrx_word' id='word_1_814' title='bbox 2154 4595 2383 4651; x_wconf 84' lang='lat' dir='ltr'><strong>formam</strong></span> <span class='ocrx_word' id='word_1_815' title='bbox 2418 4599 2749 4670; x_wconf 82' lang='lat' dir='ltr'><strong>exprimant,</strong></span> <span class='ocrx_word' id='word_1_816' title='bbox 2792 4619 2901 4658; x_wconf 93' lang='lat' dir='ltr'><strong>non</strong></span> <span class='ocrx_word' id='word_1_817' title='bbox 2939 4606 3208 4662; x_wconf 88' lang='lat' dir='ltr'><strong>elementa</strong></span> <span class='ocrx_word' id='word_1_818' title='bbox 3261 4608 3342 4664; x_wconf 83' lang='lat' dir='ltr'><strong>fu-</strong></span> 
     </span>
    </p>
   </div>
   <div class='ocr_carea' id='block_1_109' title="bbox 1767 4683 3338 4763">
    <p class='ocr_par' dir='ltr' id='par_1_109' title="bbox 1767 4683 3338 4763">
     <span class='ocr_line' id='line_1_109' title="bbox 1767 4683 3338 4763; baseline 0.011 -30"><span class='ocrx_word' id='word_1_819' title='bbox 1767 4689 1888 4735; x_wconf 87' lang='lat' dir='ltr'><strong>tura</strong></span> <span class='ocrx_word' id='word_1_820' title='bbox 1917 4683 2050 4748; x_wconf 88' lang='lat' dir='ltr'><strong>sint,</strong></span> <span class='ocrx_word' id='word_1_821' title='bbox 2078 4686 2173 4739; x_wconf 90' lang='lat' dir='ltr'><strong>sed</strong></span> <span class='ocrx_word' id='word_1_822' title='bbox 2208 4686 2462 4741; x_wconf 89' lang='lat' dir='ltr'><strong>vitiorum</strong></span> <span class='ocrx_word' id='word_1_823' title='bbox 2493 4697 2588 4742; x_wconf 90' lang='lat' dir='ltr'><strong>aut</strong></span> <span class='ocrx_word' id='word_1_824' title='bbox 2620 4690 2882 4745; x_wconf 90' lang='lat' dir='ltr'><strong>virtutum</strong></span> <span class='ocrx_word' id='word_1_825' title='bbox 2915 4695 3162 4763; x_wconf 88' lang='lat' dir='ltr'><strong>quaedam</strong></span> <span class='ocrx_word' id='word_1_826' title='bbox 3195 4696 3338 4752; x_wconf 91' lang='lat' dir='ltr'><strong>inter</strong></span> 
     </span>
    </p>
   </div>
   <div class='ocr_carea' id='block_1_110' title="bbox 1766 4776 3342 4857">
    <p class='ocr_par' dir='ltr' id='par_1_110' title="bbox 1766 4776 3342 4857">
     <span class='ocr_line' id='line_1_110' title="bbox 1766 4776 3342 4857; baseline 0.01 -28"><span class='ocrx_word' id='word_1_827' title='bbox 1766 4790 1826 4830; x_wconf 90' lang='lat' dir='ltr'><strong>se</strong></span> <span class='ocrx_word' id='word_1_828' title='bbox 1849 4776 1952 4830; x_wconf 85' lang='lat' dir='ltr'><strong>hoc</strong></span> <span class='ocrx_word' id='word_1_829' title='bbox 1987 4780 2696 4838; x_wconf 85' lang='lat' dir='ltr'><strong>autillomodocommisto:</strong></span> <span class='ocrx_word' id='word_1_830' title='bbox 2732 4799 2839 4854; x_wconf 92' lang='lat' dir='ltr'><strong>qua</strong></span> <span class='ocrx_word' id='word_1_831' title='bbox 2862 4801 3119 4857; x_wconf 79' lang='lat' dir='ltr'><strong>expressa</strong></span> <span class='ocrx_word' id='word_1_832' title='bbox 3151 4790 3342 4845; x_wconf 86' lang='lat' dir='ltr'><strong>unius-</strong></span> 
     </span>
    </p>
   </div>
   <div class='ocr_carea' id='block_1_111' title="bbox 1773 4870 3342 4950">
    <p class='ocr_par' dir='ltr' id='par_1_111' title="bbox 1773 4870 3342 4950">
     <span class='ocr_line' id='line_1_111' title="bbox 1773 4870 3342 4950; baseline 0.009 -29"><span class='ocrx_word' id='word_1_833' title='bbox 1773 4870 2041 4940; x_wconf 88' lang='lat' dir='ltr'><strong>cujusque</strong></span> <span class='ocrx_word' id='word_1_834' title='bbox 2112 4874 2321 4941; x_wconf 88' lang='lat' dir='ltr'><strong>species</strong></span> <span class='ocrx_word' id='word_1_835' title='bbox 2350 4876 2651 4943; x_wconf 89' lang='lat' dir='ltr'><strong>apparebit.</strong></span> <span class='ocrx_word' id='word_1_836' title='bbox 2682 4875 2853 4946; x_wconf 83' lang='lat' dir='ltr'><strong>Cujus</strong></span> <span class='ocrx_word' id='word_1_837' title='bbox 2879 4880 2953 4933; x_wconf 89' lang='lat' dir='ltr'><strong>rei</strong></span> <span class='ocrx_word' id='word_1_838' title='bbox 2984 4880 3163 4935; x_wconf 85' lang='lat' dir='ltr'><strong>simile</strong></span> <span class='ocrx_word' id='word_1_839' title='bbox 3179 4882 3342 4950; x_wconf 51' lang='lat' dir='ltr'><strong>quid“</strong></span> 
     </span>
    </p>
   </div>
   <div class='ocr_carea' id='block_1_112' title="bbox 1773 4960 3345 5038">
    <p class='ocr_par' dir='ltr' id='par_1_112' title="bbox 1773 4960 3345 5038">
     <span class='ocr_line' id='line_1_112' title="bbox 1773 4960 3345 5038; baseline 0.007 -25"><span class='ocrx_word' id='word_1_840' title='bbox 1773 4960 1897 5013; x_wconf 90' lang='lat' dir='ltr'><strong>dam</strong></span> <span class='ocrx_word' id='word_1_841' title='bbox 1952 4961 2341 5030; x_wconf 89' lang='lat' dir='ltr'><strong>propemodum</strong></span> <span class='ocrx_word' id='word_1_842' title='bbox 2397 4963 2485 5017; x_wconf 88' lang='lat' dir='ltr'><strong>hic</strong></span> <span class='ocrx_word' id='word_1_843' title='bbox 2540 4965 2703 5019; x_wconf 84' lang='lat' dir='ltr'><strong>etiam</strong></span> <span class='ocrx_word' id='word_1_844' title='bbox 2743 4968 2993 5038; x_wconf 75' lang='lat' dir='ltr'><strong>contigit,</strong></span> <span class='ocrx_word' id='word_1_845' title='bbox 3050 4984 3171 5021; x_wconf 78' lang='lat' dir='ltr'><strong>cum</strong></span> <span class='ocrx_word' id='word_1_846' title='bbox 3228 4970 3345 5038; x_wconf 87' lang='lat' dir='ltr'><strong>ipse</strong></span> 
     </span>
    </p>
   </div>
   <div class='ocr_carea' id='block_1_113' title="bbox 1775 5052 3341 5121">
    <p class='ocr_par' dir='ltr' id='par_1_113' title="bbox 1775 5052 3341 5121">
     <span class='ocr_line' id='line_1_113' title="bbox 1775 5052 3341 5121; baseline 0.006 -17"><span class='ocrx_word' id='word_1_847' title='bbox 1775 5052 1957 5105; x_wconf 88' lang='lat' dir='ltr'><strong>vultus</strong></span> <span class='ocrx_word' id='word_1_848' title='bbox 1987 5052 2229 5105; x_wconf 88' lang='lat' dir='ltr'><strong>intimam</strong></span> <span class='ocrx_word' id='word_1_849' title='bbox 2263 5054 2427 5107; x_wconf 90' lang='lat' dir='ltr'><strong>animi</strong></span> <span class='ocrx_word' id='word_1_850' title='bbox 2479 5053 2818 5111; x_wconf 74' lang='lat' dir='ltr'><strong>affectionem</strong></span> <span class='ocrx_word' id='word_1_851' title='bbox 2849 5058 3072 5121; x_wconf 88' lang='lat' dir='ltr'><strong>indicat,</strong></span> <span class='ocrx_word' id='word_1_852' title='bbox 3097 5068 3154 5112; x_wconf 92' lang='lat' dir='ltr'><strong>ut</strong></span> <span class='ocrx_word' id='word_1_853' title='bbox 3194 5058 3341 5113; x_wconf 85' lang='lat' dir='ltr'><strong>hunc</strong></span> 
     </span>
    </p>
   </div>
   <div class='ocr_carea' id='block_1_114' title="bbox 1773 5144 3339 5214">
    <p class='ocr_par' dir='ltr' id='par_1_114' title="bbox 1773 5144 3339 5214">
     <span class='ocr_line' id='line_1_114' title="bbox 1773 5144 3339 5214; baseline 0.006 -19"><span class='ocrx_word' id='word_1_854' title='bbox 1773 5157 2007 5198; x_wconf 62' lang='lat' dir='ltr'><strong>maerore</strong></span> <span class='ocrx_word' id='word_1_855' title='bbox 2030 5144 2196 5211; x_wconf 90' lang='lat' dir='ltr'><strong>vinci,</strong></span> <span class='ocrx_word' id='word_1_856' title='bbox 2230 5145 2379 5199; x_wconf 89' lang='lat' dir='ltr'><strong>illum</strong></span> <span class='ocrx_word' id='word_1_857' title='bbox 2424 5146 2602 5201; x_wconf 72' lang='lat' dir='ltr'><strong>ederri</strong></span> <span class='ocrx_word' id='word_1_858' title='bbox 2660 5148 2963 5214; x_wconf 88' lang='lat' dir='ltr'><strong>iracundia,</strong></span> <span class='ocrx_word' id='word_1_859' title='bbox 3018 5150 3182 5203; x_wconf 89' lang='lat' dir='ltr'><strong>alium</strong></span> <span class='ocrx_word' id='word_1_860' title='bbox 3241 5150 3339 5204; x_wconf 80' lang='lat' dir='ltr'><strong>ila-</strong></span> 
     </span>
    </p>
   </div>
   <div class='ocr_carea' id='block_1_115' title="bbox 1774 5238 3335 5307">
    <p class='ocr_par' dir='ltr' id='par_1_115' title="bbox 1774 5238 3335 5307">
     <span class='ocr_line' id='line_1_115' title="bbox 1774 5238 3335 5307; baseline 0.004 -17"><span class='ocrx_word' id='word_1_861' title='bbox 1774 5251 1932 5305; x_wconf 83' lang='lat' dir='ltr'><strong>grare</strong></span> <span class='ocrx_word' id='word_1_862' title='bbox 1956 5238 2273 5306; x_wconf 80' lang='lat' dir='ltr'><strong>cupiditate,</strong></span> <span class='ocrx_word' id='word_1_863' title='bbox 2310 5249 2401 5294; x_wconf 89' lang='lat' dir='ltr'><strong>aut</strong></span> <span class='ocrx_word' id='word_1_864' title='bbox 2428 5248 2618 5294; x_wconf 87' lang='lat' dir='ltr'><strong>contra</strong></span> <span class='ocrx_word' id='word_1_865' title='bbox 2680 5242 2826 5295; x_wconf 87' lang='lat' dir='ltr'><strong>hunc</strong></span> <span class='ocrx_word' id='word_1_866' title='bbox 2886 5249 3083 5295; x_wconf 89' lang='lat' dir='ltr'><strong>natura</strong></span> <span class='ocrx_word' id='word_1_867' title='bbox 3134 5243 3335 5307; x_wconf 65' lang='lat' dir='ltr'><strong>laetum,</strong></span> 
     </span>
    </p>
   </div>
   <div class='ocr_carea' id='block_1_116' title="bbox 1769 5329 3337 5404">
    <p class='ocr_par' dir='ltr' id='par_1_116' title="bbox 1769 5329 3337 5404">
     <span class='ocr_line' id='line_1_116' title="bbox 1769 5329 3337 5404; baseline 0.005 -22"><span class='ocrx_word' id='word_1_868' title='bbox 1769 5329 1919 5383; x_wconf 91' lang='lat' dir='ltr'><strong>illum</strong></span> <span class='ocrx_word' id='word_1_869' title='bbox 1976 5332 2193 5385; x_wconf 90' lang='lat' dir='ltr'><strong>minime</strong></span> <span class='ocrx_word' id='word_1_870' title='bbox 2247 5332 2589 5397; x_wconf 85' lang='lat' dir='ltr'><strong>iracundum,</strong></span> <span class='ocrx_word' id='word_1_871' title='bbox 2634 5334 2797 5387; x_wconf 90' lang='lat' dir='ltr'><strong>alium</strong></span> <span class='ocrx_word' id='word_1_872' title='bbox 2851 5333 3045 5403; x_wconf 82' lang='lat' dir='ltr'><strong>insigni</strong></span> <span class='ocrx_word' id='word_1_873' title='bbox 3102 5334 3337 5404; x_wconf 83' lang='lat' dir='ltr'><strong>quadam</strong></span> 
     </span>
    </p>
   </div>
   <div class='ocr_carea' id='block_1_117' title="bbox 1769 5422 3023 5494">
    <p class='ocr_par' dir='ltr' id='par_1_117' title="bbox 1769 5422 3023 5494">
     <span class='ocr_line' id='line_1_117' title="bbox 1769 5422 3023 5494; baseline 0.002 -17"><span class='ocrx_word' id='word_1_874' title='bbox 1769 5422 2031 5479; x_wconf 87' lang='lat' dir='ltr'><strong>modestia</strong></span> <span class='ocrx_word' id='word_1_875' title='bbox 2072 5423 2373 5494; x_wconf 66' lang='lat' dir='ltr'><strong>prmditnm,</strong></span> <span class='ocrx_word' id='word_1_876' title='bbox 2414 5424 2569 5479; x_wconf 78' lang='lat' dir='ltr'><strong>facile</strong></span> <span class='ocrx_word' id='word_1_877' title='bbox 2606 5439 3023 5494; x_wconf 77' lang='lat' dir='ltr'><strong>cognoscamus.</strong></span> 
     </span>
    </p>
   </div>
  </div>
