3754 6292
523 203 630 266 555

593 323 1066 394 Quemadmodum
1099 324 1268 395 igitur
1305 325 1362 380 in
1385 323 1492 380 hac
1539 323 1646 378 vita
1688 323 1858 377 animi
1895 321 2109 376 allectio
2138 327 2184 381 Α

521 425 606 474 est.
637 417 806 472 veluti
867 416 1040 468 forma
1076 414 1324 485 quadam
1370 415 1432 468 in
1475 413 1650 480 vultu,
1702 423 1868 484 atque
1933 413 2112 466 oculis

517 521 798 578 expressa,
828 521 956 576 qua,
1001 521 1112 575 quo
1145 505 1310 560 modo
1369 522 1428 561 se
1481 507 1631 561 intus
1691 505 1890 559 habeat
1923 505 2109 568 homo,

517 601 838 656 declaratur
869 617 881 652 :
915 599 998 652 sic
1033 599 1166 652 mihi
1193 599 1428 666 videtur,
1453 613 1577 653 eum
1621 607 1816 652 natura
1873 597 2112 652 hominis

517 691 1056 760 diviniorem,adcpta
1078 694 1149 745 sit
1162 701 1462 754 statum,ex
1483 691 1728 746 moribus
1743 691 1979 760 quisque
1995 689 2111 744 suis

516 781 714 852 eﬂingi,
735 797 836 836 nec
861 782 1008 836 aliud
1023 798 1166 844 esse,
1188 782 1337 836 aliud
1353 783 1542 845 videri,
1566 783 1658 838 sed
1673 782 1849 852 qualis
1867 792 1972 844 est,
1987 781 2111 836 talis

517 875 740 928 omnino
771 874 1057 944 cognosci,
1111 883 1168 927 ut
1207 875 1299 944 qui
1334 885 1544 940 castus,
1604 874 1699 944 qui
1751 874 1956 944 justus,
2015 873 2110 942 qui

519 975 867 1033 mansuetus,
893 967 990 1037 qui
1033 981 1228 1037 purus,
1283 967 1377 1036 qui
1444 968 1739 1038 benignus,
1807 967 1900 1037 qui
1961 968 2106 1036 pius,

515 1067 684 1128 atque
719 1058 868 1112 inter
896 1059 998 1112 hos
1042 1059 1137 1128 qui
1175 1059 1334 1114 bonis
1385 1061 1665 1123 omnibus,
1716 1067 1811 1114 aut
1863 1057 1956 1128 qui
1999 1073 2110 1112 uno

519 1157 734 1204 tantum
775 1160 869 1204 aut
899 1151 1153 1220 pluribus
1185 1159 1436 1214 ornatus,
1485 1151 1691 1222 quique
1739 1152 1792 1204 in
1826 1165 1937 1204 uno
1987 1150 2110 1219 qui-

513 1241 639 1296 dem
674 1241 912 1297 inl'erior
948 1243 1042 1306 sit,
1075 1242 1130 1295 in
1164 1243 1272 1296 alio
1312 1253 1492 1296 autem
1554 1243 1808 1313 superior
1866 1251 2105 1297 constet.

516 1331 594 1386 Ex
629 1331 716 1388 his
742 1333 888 1388 enim
921 1333 1308 1404 similibusque
1341 1334 1515 1405 magis
1553 1339 1802 1390 minusve
1841 1343 2109 1404 praestan-

517 1421 664 1476 tibus
693 1423 1146 1493 proprietatibus,
1181 1441 1300 1495 qua:
1343 1426 1399 1479 in
1437 1426 1572 1494 ipsis
1621 1426 1922 1495 conspicue
1953 1433 2104 1490 sunt,

513 1513 682 1567 vatim
709 1515 1056 1585 singulorum
1090 1515 1411 1572 diﬂ‘erentiae
1447 1518 1887 1590 distinguuntur,
1931 1517 2107 1572 donec

515 1605 816 1660 novissima
843 1607 1090 1671 tandem,
1139 1619 1196 1662 ut
1219 1607 1422 1663 Paulus
1453 1607 1528 1661 ait
1557 1609 1626 1673 ¹⁸,
1661 1610 1884 1664 inimica
1921 1617 2099 1664 morte

512 1695 816 1762 destructa,
849 1699 1104 1769 maloque
1133 1701 1350 1756 cunctis
1379 1715 1410 1755 e
1451 1702 1615 1756 rebus
1655 1702 1876 1770 penitus
1908 1711 2098 1755 extur-

513 1790 639 1844 bato
660 1799 825 1860 atque
857 1791 1056 1856 deleto,
1087 1807 1194 1846 una
1227 1793 1280 1846 in
1302 1794 1558 1848 omnibus
1608 1793 1792 1848 divina
1847 1795 2094 1864 pulchri-

511 1881 646 1938 tudo
699 1883 948 1954 fulgebit,
1002 1885 1070 1939 ad
1119 1887 1278 1954 cujus
1329 1888 1610 1956 exemplar
1661 1888 1818 1942 initio
1875 1889 2092 1944 formati

515 1989 730 2030 sumus.
775 1975 903 2030 [late
953 1985 1134 2032 autem
1167 1986 1252 2032 est
1280 1979 1396 2042 lux,
1430 1979 1665 2048 puritas,
1699 1981 2092 2035 immortalitas

513 2066 620 2120 vita
661 2073 715 2122 et
741 2067 966 2131 veritas,
1003 2077 1057 2122 et
1086 2067 1192 2120 alia
1215 2069 1462 2137 ejusdem
1481 2071 1718 2140 generis.
1740 2070 1927 2140 Neque
1943 2073 2090 2125 enim

511 2157 760 2222 dedecet,
795 2157 902 2212 diei
933 2159 1184 2228 lucisque
1209 2159 1350 2217 ﬁlios
1382 2170 1435 2216 et
1461 2177 1584 2218 esse
1618 2171 1674 2215 et
1703 2162 1894 2218 videri.
1927 2161 2094 2219 Lucis

513 2257 718 2312 autem,
747 2259 801 2303 et
842 2251 1120 2318 puritatis,
1153 2261 1209 2304 et
1237 2251 1673 2308 immortalitatis
1715 2253 1864 2307 nulla
1910 2263 2090 2309 muta-

513 2341 590 2394 tio
623 2341 1000 2396 dillereittiave
1046 2343 1098 2395 it.
1130 2343 1322 2396 eodem
1355 2359 1555 2414 genere
1607 2346 1927 2414 reperietur,
1995 2349 2090 2401 sed

516 2447 622 2484 una
653 2432 898 2502 gratiain
917 2434 1176 2488 omnibus
1199 2435 1455 2499 elucebit,
1489 2450 1612 2488 cum
1647 2436 1895 2491 liliilucis
1915 2436 2090 2491 effecti

515 2522 796 2591 fulgebunt
826 2531 886 2575 ut
930 2523 1035 2588 sol,
1077 2525 1542 2592 quemadmodum
1589 2539 1722 2580 voce
1763 2540 1862 2580 sua
1918 2529 2092 2581 veris-

513 2615 652 2667 sima
683 2613 948 2668 Dominus
982 2613 1098 2682 ipse
1121 2614 1411 2670 denuntiat
1453 2617 1493 2647 "
1515 2635 1527 2670 :
1551 2631 1787 2686 cumque
1819 2633 1883 2672 ex
1906 2618 2090 2672 divina

511 2705 882 2776 promissione
911 2707 1139 2777 perfecti
1169 2715 1354 2771 erunt,
1385 2707 1642 2777 idemque
1673 2709 1932 2774 sentient,
1979 2723 2088 2764 una

509 2794 808 2864 eademque
834 2797 890 2850 in
923 2799 1180 2852 omnibus
1210 2799 1384 2868 gratia
1421 2801 1503 2853 sic
1533 2799 1842 2870 etTngente,
1875 2813 1934 2855 ut
1957 2817 2088 2871 pro-

513 2889 657 2940 xime
683 2889 918 2957 quisque
973 2905 1075 2944 suo
1132 2891 1376 2944 lattitiam
1413 2892 1777 2961 impertiatur.
1840 2891 1918 2947 Ex
1978 2909 2090 2964 quo

513 2979 621 3044 lict,
649 2987 709 3032 ut
766 2981 998 3034 aliorum
1059 2983 1152 3035 alii
1212 2983 1681 3050 pulchritudinem
1733 2994 2065 3042 contuentes

2195 2982 2382 3035 σεσθαι
2411 2983 2592 3054 χάριν,
2621 2983 2697 3044 ὼς
2733 2983 2832 3054 τὴν
2867 2983 3034 3054 αὐτὴν
3073 2983 3420 3054 εὐφροσύνην
3441 2985 3648 3036 ἕκαστος
3667 3001 3684 3032 :

510 3073 716 3126 mutuis
751 3074 892 3128 inter
917 3087 976 3128 se
1013 3075 1229 3144 gaudiis
1277 3076 1520 3131 vicissim
1557 3075 1882 3140 aﬂlciantur,
1937 3081 2090 3133 nulla

512 3163 664 3226 mali,
707 3173 799 3217 aut
825 3165 962 3228 vitii,
991 3173 1086 3218 aut
1113 3167 1475 3236 turpitudinis
1505 3170 1720 3223 macula
1750 3170 1922 3227 decus
1951 3171 2088 3226 illud

513 3254 568 3308 in
597 3255 1148 3326 deformemspeciem
1176 3267 1568 3314 commutante.
1597 3257 1720 3316 Haec
1749 3263 1911 3319 nobis
1933 3279 2088 3320 mens

511 3355 699 3401 nostra
733 3363 831 3418 pro
855 3349 1248 3406 decedentibus
1283 3365 1349 3405 ex
1383 3351 1486 3406 hac
1527 3353 1658 3418 vita,
1685 3369 1846 3409 voces
1895 3371 2084 3410 eorum

511 3438 692 3505 nobis,
713 3449 772 3493 ut
804 3429 916 3493 ﬁeri
949 3448 1150 3510 potest,
1173 3441 1447 3507 indicans,
1471 3443 1751 3500 disseruit.
1777 3443 1887 3501 Nos
1902 3457 2084 3502 autem

513 3526 668 3580 Pauli
715 3529 898 3584 verbis
944 3539 1184 3594 utentes,
1246 3533 1536 3588 consilium
1580 3544 1829 3590 nostrum
1867 3539 1933 3592 ad
1990 3554 2086 3593 eos

508 3620 602 3689 qui
629 3620 682 3675 in
723 3621 980 3690 squalore
1017 3623 1278 3693 luctuque
1314 3636 1608 3681 versantur
1652 3629 2082 3686 concludemus:

509 3711 653 3766 Nolo
685 3729 772 3767 vos
800 3717 1062 3785 ignorare,
1090 3715 1306 3783 fratres,
1340 3717 1404 3772 de
1439 3719 1842 3786 dormientibus,
1881 3738 1943 3775 ne
1959 3738 2083 3776 con-

508 3805 812 3870 tristetm‘ni,
841 3807 975 3860 sicut
1000 3815 1050 3860 et
1081 3809 1278 3873 ueteri,
1315 3810 1408 3878 qui
1463 3825 1606 3879 apem
1637 3827 1742 3864 non
1788 3811 1977 3866 habent
2015 3813 2080 3866 ³⁸.

575 3981 788 4054 Siquid
835 3999 968 4055 ergo
993 3987 1178 4040 studio
1239 3985 1462 4058 dignum
1513 3987 1580 4044 de
1631 3989 1698 4044 iis
1727 3989 1816 4060 qui
1845 3989 2082 4046 dormie-

504 4082 654 4137 runt,
714 4073 1046 4143 didicimus,
1109 4078 1433 4148 degenerem
1490 4081 1654 4135 istum
1717 4081 2082 4152 servilemque

503 4181 792 4221 man-orem
829 4170 1066 4238 amplius
1097 4185 1169 4226 ne
1213 4172 1624 4242 suscipiamus;
1667 4181 1762 4228 aut
1796 4176 1842 4230 si
1893 4176 2052 4246 lugen

501 4255 629 4309 dum
677 4267 781 4321 est,
823 4259 1148 4314 laudabilem
1192 4261 1344 4315 illum
1377 4265 1806 4334 complectamur
1845 4269 2075 4332 luctum,

1766 201 1824 256 S.
1865 197 2194 256 GREGORII
2241 197 2526 254 NYSSEM

2132 1672 2171 1724 Β

3643 211 3668 222 .I
3701 197 3706 210 l

2285 321 2495 392 Ὥσπερ
2535 321 2714 374 τοίνυν
2750 320 2890 374 κατὰ
2925 321 3022 392 τὴν
3075 322 3380 376 ἐνεστῶσαν
3417 323 3552 394 ζωὴν
3591 345 3684 394 p23.-

2215 413 2420 479 γινεται
2451 415 2484 484 ἡ
2513 413 2642 466 ποιὰ
2669 413 2906 477 διάθεσις
2927 413 3026 482 τῆς
3064 413 3310 485 καρδίας.
3329 415 3422 466 καὶ
3453 415 3573 482 πρὸς
3595 419 3634 468 τι

2215 505 2464 574 κείμενον
2499 505 2670 568 πάθος
2687 506 2748 558 τὸ
2769 504 2863 558 τοῦ
2881 503 3170 576 ἀνθρώπου
3191 502 3330 570 εἶδος
3357 508 3674 572 ἀπεικονίςετε.

2213 595 2475 666 οὖτωξμοι
2503 597 2651 650 δοκεῖ
2691 597 2828 668 πρὸς
2861 597 2924 650 τὸ
2955 597 3226 668 θειότερον
3265 598 3674 670 ὐπαλλαγείετιςτέ

2214 687 2449 754 φύσεως,
2482 688 2864 742 εἰδοποιεῖσθαι
2901 689 2990 742 διὰ
3015 688 3110 742 τοῦ
3133 688 3294 760 ἡθους
3313 690 3344 740 ὁ
3363 688 3660 759 ἄνθ

2213 777 2339 830 ἄλλο
2355 795 2407 830 τι
2429 776 2506 831 ὢν
2527 779 2620 830 καὶ
2639 778 2768 833 ἄλλο
2791 779 3134 849 φαινόμενος,
3177 779 3292 832 ἀλλ’
3325 781 3462 850 ὅπερ
3489 782 3590 832 ἐπὶ
3609 785 3678 834 τιζῖ
3701 791 3710 850 ι

2212 870 2306 922 καὶ
2338 871 2760 939 γινωσκόμενος,
2791 871 2868 932 ὡς
2891 872 2921 922 6
2947 869 3198 939 σώφρων,
3226 873 3254 924 6
3275 871 3506 933 δίκαιος,
3529 871 3554 922 6
3581 877 3684 940 πρέι,

2211 963 2240 1014 6
2267 963 2523 1033 καθαρὸς,
2563 966 2592 1016 6
2625 964 2988 1034 ἀγαπητικὸς,
3029 966 3058 1016 6
3097 965 3366 1034 φιλόθεος,
3409 968 3502 1020 καὶ
3535 969 3650 1018 πάλ-ι

2211 1055 2436 1098 τούτοις-
2477 1053 2510 1098 ἦ
2539 1057 2568 1098 ὁ
2597 1055 2771 1098 πάντα
2812 1056 2950 1098 ἔνων
2987 1056 3052 1098 τὰ
3101 1058 3282 1098 ἀνι-ιθιᾶ
3343 1059 3376 1098 ἦ
3405 1061 3436 1098 Α
3467 1061 3600 1098 ἑαξεῒ
3635 1081 3680 1098 ut

2210 1055 2439 1120 τούτοις,
2477 1053 2510 1124 ἢ
2539 1057 2568 1107 6
2597 1055 2772 1108 πάντα
2811 1056 2950 1126 ἔχων
2987 1056 3056 1110 τὰ
3101 1058 3302 1126 ἀγαθὰ,
3343 1059 3377 1128 ἢ
3405 1061 3436 1112 6
3467 1061 3522 1112 ἐν
3541 1061 3680 1127 Erige:-

2211 1144 2601 1216 κοσμούμενος,
2627 1147 2661 1217 ἦ
2701 1149 2730 1200 6
2755 1150 2814 1200 ἐν
2841 1151 2956 1211 τοῖς
2987 1148 3227 1202 πλείοσιν
3259 1151 3670 1221 εὑρισκόμενκ.ᾗ

2209 1239 2268 1289 ἐν
2309 1237 2442 1308 τῷδε
2489 1239 2588 1309 μὲν
2626 1239 3036 1310 ἐλαττούμενος,
3083 1239 3424 1294 πλεονεκτῶν
3461 1243 3516 1294 δὲ
3545 1261 3646 1295 κατι

2208 1328 2294 1380 ἓτε
2303 1345 2412 1399 ρον.
2453 1329 2549 1384 Ἐκ
2567 1329 2772 1383 τούτων
2787 1331 2896 1402 γὰρ
2919 1332 3013 1384 καὶ
3033 1331 3141 1384 τῶν
3167 1333 3430 1386 τοιούτων
3453 1334 3554 1386 τῶν
3567 1353 3608 1386 τε
3621 1354 3709 1416 na

2207 1421 2268 1473 16
2283 1424 2530 1492 κρεῖττον
2551 1424 2644 1476 καὶ
2661 1423 2768 1476 τῶν
2793 1423 2936 1476 κατὰ
2961 1424 3022 1478 16
3043 1425 3284 1478 ἐναντίον
3305 1425 3680 1496 ἐπιθεωρουξιεν.

2213 1514 2540 1583 ἰδιωμάτων,
2575 1517 2655 1580 είς
2691 1516 2984 1586 διαφόρους
3013 1515 3154 1579 ἰδέας
3195 1517 3248 1569 οἱ
3291 1516 3416 1570 καθ’
3443 1519 3688 1572 ἐκπιπτειν

2209 1603 2452 1674 ἀλλήλων
2493 1604 2822 1675 μερίζονται,
2878 1606 2984 1670 ἕως
3033 1605 3099 1658 ἂν
3145 1605 3238 1658 τοῦ
3273 1607 3506 1676 ἐσχάτου
3557 1611 3684 1678 Ἐχέςκ

2201 1695 2658 1767 καταργηθὲντος,
2683 1696 2758 1760 ὥς
2793 1713 2956 1768 φησιν
2981 1701 3009 1751 6
3054 1697 3403 1762 ’Δπόστολος,
3433 1699 3526 1750 καί
3553 1703 3632 1766 τῆς
3653 1721 3686 1752 r.

2197 1787 2322 1851 κίας
2343 1788 2568 1842 καθόλου
2596 1789 2814 1844 πάντων
2835 1789 2944 1842 τῶν
2981 1789 3149 1842 ὄντων
3175 1790 3588 1858 ἐξοικισθείτης,
3617 1793 3654 1844 ἒι
3671 1815 3692 1842 τ

2196 1879 2426 1943 θεοειδές
2445 1880 2640 1943 κάλλος
2673 1881 2996 1953 ὲπαστράψῃ
3023 1884 3135 1944 τοῖς
3163 1883 3352 1944 πᾶσιν,
3380 1877 3426 1949 ᾧ
3455 1885 3570 1934 κατ’
3601 1885 3690 1952 δεμ

2193 1971 2617 2042 ἐμορφὼθημεν.
2675 1971 2844 2025 Τοῦτο
2889 1973 2948 2024 δέ
2989 1974 3106 2025 ἐστι
3151 1972 3290 2042 φῶς,
3321 1973 3424 2026 καὶ
3457 1975 3690 2043 καθαρὰς.

2195 2061 2290 2114 καὶ
2311 2061 2606 2131 ἀφθαρσία,
2645 2063 2739 2115 καὶ
2765 2061 2900 2133 ζωὴ,
2927 2063 3020 2115 καὶ
3049 2063 3298 2134 ἀλήθεια,
3317 2065 3418 2116 καὶ
3443 2065 3514 2117 τὰ
3539 2061 3709 2130 τοιεΞ-εξ

2194 2155 2330 2208 Οὑδέ
2343 2155 2450 2227 γὰρ
2473 2155 2696 2218 ἀπεικός
2715 2157 2862 2208 ἐστιν
2892 2155 3104 2225 ἡμέρας
3125 2155 3294 2208 τέκνα
3323 2156 3422 2208 καὶ
3445 2157 3612 2222 φωτὸς
3625 2153 3688 2210 εἶπε

2192 2264 2252 2300 τε
2297 2249 2391 2300 καὶ
2439 2246 2766 2316 φαίνεσθαιο
2825 2247 3002 2315 φωτὸς
3051 2246 3110 2300 δὲ
3157 2247 3256 2300 καὶ
3285 2248 3688 2321 καθαρότηταςε

2192 2341 2523 2413 ἀφθαρσίας,
2553 2341 2774 2411 οὐδεμία
2799 2339 3122 2414 παραλλαγὴ
3151 2340 3276 2394 οὑδέ
3299 2341 3538 2412 διαφορὰ.
3563 2347 3684 2414 πριιςτ

2194 2433 2448 2502 ὁμογενὲς
2499 2431 2892 2502 εὑρεθήσεται·
2927 2430 3064 2484 ἀλλὰ
3115 2429 3214 2498 μία
3271 2431 3436 2501 χάρις
3491 2431 3690 2498 esset;

2192 2527 2302 2587 τοῖς
2331 2527 2516 2590 πᾶσιν,
2548 2526 2677 2580 ὅταν
2703 2523 2809 2576 υἱοὶ
2863 2522 3040 2590 φωτὸς
3061 2523 3336 2592 γινόμενοι
3377 2523 3638 2594 λάμψει-τι.
3669 2567 3684 2572 ,

2191 2615 2220 2667 ὁ
2271 2615 2442 2686 ἣλιος,
2476 2616 2616 2670 κατὰ
2650 2615 2746 2686 τὴν
2773 2613 2976 2684 ἀψευδῆ
3015 2612 3110 2666 τοῦ
3147 2614 3358 2684 κυρίου
3391 2617 3570 2682 φωνήν
3591 2632 3602 2642 .
3627 2617 3664 2664 1-,.

2193 2709 2285 2761 καὶ
2311 2708 2372 2761 16
2403 2708 2608 2770 πάντας
2638 2705 2857 2760 ἔσεσθαι
2887 2704 3344 2774 τετελειωμένους
3370 2708 3454 2768 εἰς
3477 2706 3538 2758 16
3559 2707 3604 2756 ἐν
3621 2723 3680 2757 2:-

2191 2801 2289 2871 τὴν
2318 2800 2652 2868 ἐπαγγελίαν
2705 2800 2800 2853 τοῦ
2829 2799 2964 2853 Θεοῦ
3001 2801 3200 2868 Λόγου,
3232 2799 3334 2868 τῆς
3391 2800 3562 2868 αὐτῆς

2191 2891 2449 2954 διανοίας,
2491 2892 2554 2944 16
2589 2891 2716 2961 μίαν
2746 2891 2840 2944 καὶ
2859 2891 2957 2961 τὴν
2983 2892 3154 2960 αὐτὴν
3181 2892 3294 2954 τοῖς
3321 2891 3494 2943 πᾶσιν
3517 2892 3694 2958 ἐπιζητέ-

2194 3074 2362 3139 πέλας
2383 3076 2847 3146 ἀντιχαρίζεσθαι.
2885 3078 2962 3128 Δι’
2993 3069 3070 3128 ὧν
3093 3076 3325 3138 ἕκαστος
3363 3079 3462 3130 καὶ
3489 3077 3684 3148 εὐφρὼεε

2190 3181 2280 3220 ται
2307 3167 2398 3221 τοῦ
2433 3167 2624 3239 ἐτέρου
2653 3168 2713 3221 16
2751 3167 2948 3231 κάλλος
2977 3168 3209 3238 βλέπων,
3241 3170 3338 3222 καὶ
3367 3170 3682 3239 ἀντευφραὶιῖ

2193 3259 2460 3332 μηδεμιᾶς
2491 3261 2689 3324 κακίας
2711 3261 3170 3335 μεταμορφούσης
3197 3262 3258 3315 16
3287 3257 3434 3326 εἶδος
3457 3265 3542 3326 εἰς
3567 3263 3684 3330 εξςὶ-ῖε

2187 3353 2526 3424 χαρακτῆρα.
2559 3351 2746 3406 Ταῦτα
2775 3353 2907 3424 ἡμῖν
2943 3355 2972 3406 6
3001 3353 3124 3417 νοῦς
3147 3355 3176 3407 6
3213 3355 3494 3424 ἡμέτερος

2187 3442 2587 3513 κατοιχομένων
2615 3443 2926 3510 διείλεκται,
2956 3444 3056 3508 τὰς
3095 3446 3280 3512 φωνὰς
3316 3447 3554 3498 iamiam
3583 3449 3642 3510 ὡς
3663 3449 3684 3496 Ξ.

2185 3533 2343 3586 νατδν
2370 3536 2504 3606 ἡμῖν
2541 3535 2988 3608 ὑποκρινόμενος.
3018 3538 3207 3608 Ἡμεῖς
3235 3538 3294 3590 δὲ
3315 3542 3386 3609 τῇ
3417 3539 3520 3591 τοῦ
3547 3542 3682 3608 μετει-

2185 3625 2396 3680 Παύλου
2429 3631 2577 3699 φωνῇ
2593 3627 2690 3699 τὴν
2721 3627 2857 3698 πρὸς
2878 3631 3004 3693 τοὺς
3033 3630 3522 3701 βαρυπενθοῦντας
3549 3633 3676 3700 σνμᾶ

2183 3713 2281 3789 λὴν
2330 3717 2780 3788 περιγράψωμεν,
2829 3719 2910 3772 ὃτι
2965 3721 3047 3773 Οὐ
3098 3721 3250 3774 θέλω
3307 3721 3476 3788 ὑμᾶς

2180 3809 2453 3878 ἀδελφοὶ,
2489 3811 2620 3878 περὶ
2659 3810 2778 3864 τῶν
2821 3811 3290 3880 κεκοιμημένων,
3331 3815 3444 3868 ἵνα
3465 3815 3556 3884 μὴ
3585 3817 3694 3868 ,ιιτὲ

2181 3905 2310 3967 σθε,
2342 3903 2422 3969 ὡς
2448 3903 2548 3959 καί
2573 3906 2628 3957 οἱ
2664 3903 2884 3968 λοιποὶ,
2907 3907 2964 3957 οἱ
2983 3905 3066 3974 μὴ
3088 3903 3336 3973 ἔχοντες
3361 3907 3608 3960 ἐλπίδα.

2251 3995 2314 4047 Εἰ
2344 3991 2438 4050 οὖν
2467 4013 2520 4048 τι
2571 3995 2973 4066 μεμαθήκαμεν
3023 3997 3260 4066 σπουδῆς
3297 3997 3462 4062 ἄξιον
3515 3991 3709 4068 περὶ

2181 4088 2617 4159 κεκοιμημένων,
2652 4087 2719 4140 δι’
2749 4082 2824 4142 ὦν
2869 4090 3002 4159 ἡμῖν
3033 4088 3061 4140 6
3084 4089 3240 4157 λόγος
3271 4091 3340 4142 τὰ
3391 4091 3530 4163 περὶ
3573 4091 3684 4142 ταὲτι

2180 4180 2536 4252 ἐφιλοσόφησε
2559 4220 2574 4242 ,
2623 4181 2817 4250 μηκέτι
2873 4179 2969 4250 τὴν
2999 4181 3230 4250 δυσγενῆ
3271 4182 3494 4254 ταύτην
3533 4185 3616 4236 zz".
3653 4199 3694 4234 :-

2178 4270 2490 4343 δραποδώδη
2529 4271 2707 4342 λύπην
2755 4271 3208 4342 παραδεξὼμεθα.
3255 4273 3408 4326 Ἀλλ’
3443 4277 3498 4328 εἰ
3539 4277 3632 4344 χρὴ
3657 4289 3694 4324 ε

498 4346 594 4415 qui
627 4360 752 4400 cum
792 4350 993 4404 virtute
1033 4351 1362 4420 conjunetus
1391 4363 1495 4408 est.
1527 4353 1597 4409 Ut
1635 4361 1782 4412 enim
1825 4359 2067 4430 voluptas

2192 4363 2483 4429 tunsis-eat,
2507 4363 2722 4434 ἐκείνην
2763 4363 3012 4433 ἑλώμεθα
3049 4363 3146 4434 τὴν
3169 4363 3346 4434 λύπην
3365 4405 3384 4430 ,
3425 4366 3530 4436 τὴν
3553 4369 3694 4418 ἐπι-ς-

500 4439 608 4492 alia
634 4440 937 4510 pecudibus
965 4444 1222 4497 convenit
1261 4447 1570 4516 rationique
1596 4449 1936 4516 adversatur,
1969 4453 2074 4506 alia

499 4545 638 4598 pura
677 4539 780 4595 est,
833 4543 888 4587 et
917 4549 944 4586 a
981 4536 1222 4589 materiae
1274 4537 1532 4593 sordibus
1587 4548 1831 4607 remota;
1881 4545 1960 4599 sie
1998 4544 2072 4611 id,

497 4621 644 4692 quod
680 4625 940 4694 voluptati
971 4629 1310 4682 contrarium
1343 4637 1446 4693 est,
1483 4633 1535 4684 in
1571 4633 1760 4686 vitium
1794 4636 2076 4689 virtutem-

496 4729 604 4784 que
633 4714 917 4770 dividitur.
955 4715 1050 4772 Est
1073 4715 1238 4786 igitur
1259 4720 1474 4789 lugendi
1507 4737 1677 4791 genus
1709 4737 1900 4785 unum,
1929 4724 2074 4793 quod

495 4807 712 4860 beatum
749 4817 997 4872 vocatur,
1049 4821 1104 4862 et
1151 4809 1207 4864 in
1251 4811 1547 4866 excolenda
1582 4815 1934 4886 parandaque
1968 4817 2076 4870 vir-

495 4905 609 4952 tute
659 4911 766 4952 non
801 4898 1080 4968 abjicilur,
1127 4903 1273 4973 quod
1325 4903 1543 4972 quidem
1601 4906 1668 4960 ab
1721 4907 1912 4972 insana
1968 4909 2072 4962 ista

491 4989 788 5058 servilique
805 4992 1241 5064 mmstitialonge
1260 4994 1535 5050 diversum
1573 4999 1752 5052 cst.ln
1793 4999 1894 5054 hac
1928 5001 2072 5054 enim

490 5081 808 5151 quicunque
831 5093 1100 5148 versatur,
1135 5087 1190 5138 in
1221 5095 1500 5155 posterum
1529 5091 1838 5158 pmnitebit,
1870 5093 2071 5161 quippe

489 5176 581 5244 qui
613 5191 641 5229 c
680 5177 1003 5232 constantiae
1031 5179 1204 5248 gradu
1235 5180 1496 5250 depulsus
1517 5199 1576 5237 se
1599 5199 1628 5236 a
1657 5187 2066 5254 perturbatione

491 5265 739 5331 superari
781 5265 1108 5333 permiserit.
1142 5265 1212 5320 At
1255 5267 1446 5323 beatus
1492 5271 1582 5325 ille
1629 5272 1807 5328 luctus
1843 5275 2065 5328 minime

489 5356 882 5423 repudiandum
947 5357 1325 5427 pudendamve
1381 5361 1658 5416 tristitiam
1717 5368 1919 5434 praebet
1973 5367 2060 5430 iis,

488 5448 582 5515 qui
633 5461 726 5516 per
772 5449 924 5502 illum
975 5465 1040 5505 ex
1087 5451 1284 5506 virtute
1319 5453 1486 5507 vitam
1541 5471 1694 5510 suam
1745 5457 2058 5513 instituunt.

565 5621 606 5656 “
633 5621 656 5681 ι
690 5627 818 5685 Cor.
850 5647 940 5700 xv,
968 5635 1056 5689 26.

2175 4454 2272 4526 τὴν
2302 4456 2396 4508 καὶ
2445 4455 2714 4526 ἐνάρετον.
2754 4455 2843 4518 Ὡς
2871 4453 2981 4525 γὰρ
3019 4453 3120 4522 τῆς
3147 4455 3340 4524 ἡδονῆς
3387 4455 3458 4508 16
3507 4457 3604 4524 μέν

2175 4547 2444 4619 κτηνῶδες
2493 4549 2588 4600 καὶ
2636 4548 2848 4614 ἄλογον,
2880 4547 2944 4598 16
2977 4545 3034 4599 δὲ
3059 4545 3300 4618 καθαρόν
3327 4564 3394 4599 τε
3445 4549 3540 4600 καὶ
3567 4547 3696 4600 65;:-

2173 4639 2317 4692 οὕτω
2341 4639 2436 4692 καὶ
2461 4638 2522 4691 16
2551 4638 2926 4708 ἀντικείμενον
3055 4637 3216 4708 ἡδονῇ
3249 4639 3392 4708 πρδς
3435 4641 3626 4692 κακξαυ
3655 4655 3709 4704 1:,

2173 4731 2376 4803 ἀρετὴν
2405 4731 2789 4784 διαστέλλεται.
2812 4727 3000 4782 Ἔστιν
3025 4725 3118 4782 οὖν
3144 4747 3198 4784 τι
3229 4733 3322 4784 καὶ
3351 4733 3592 4793 πένθους

2177 4823 2629 4893 μακαριζόμενον,
2659 4822 2750 4874 καὶ
2781 4821 2916 4892 πρὸς
2947 4821 3136 4890 κτῆσιν
3167 4823 3372 4891 ἀρετῆς
3391 4823 3498 4875 οὐκ
3521 4823 3680 4875 ἁτε-«ἓνκ-

2171 4931 2282 4978 τον,
2307 4915 2442 4984 ὅπερ
2467 4913 2722 4976 ἐναντίως
2755 4913 2866 4982 ἔχει
2915 4909 3052 4982 πρὸς
3075 4913 3176 4982 τὴν
3209 4913 3410 4978 ἄλογον
3431 4912 3626 4976 ταύτης·
3653 4909 3709 4976 ῑιέ

2170 5003 2554 5076 ἀνδραποδώδη
2580 5007 2905 5076 κατήφειαν.
2952 5005 3012 5058 'U
3035 5004 3132 5074 μὲν
3165 5003 3272 5074 γὰρ
3293 5006 3348 5056 ἐν
3393 5005 3572 5073 ταύτῃ
3603 5017 3680 5064 γειλ
3707 5003 3709 5036 i

2173 5115 2351 5168 μενος,
2377 5097 2575 5151 ἑαυτοῦ
2614 5099 2754 5167 μετὰ
2779 5099 2950 5150 ταῦτα
2995 5099 3082 5152 διὰ
3125 5097 3498 5168 μεταμελεὴς
3527 5095 3709 5168 animi}

2171 5203 2282 5250 ται,
2314 5185 2390 5251 ὡς
2424 5187 2528 5252 ἔξω
2555 5187 2648 5241 τοῦ
2701 5189 3040 5252 καθεστῶτος
3087 5189 3452 5260 παρενεχθεὶς
3475 5229 3492 5251 ,
3523 5189 3606 5238 ὅτε
3647 5199 3692 5228 τ-

2173 5281 2376 5344 πὰθους
2407 5282 2584 5351 ἥττων
2617 5282 2848 5349 ἐγένετο.
2867 5282 2942 5334 Τὸ
2969 5281 3026 5334 δὲ
3066 5281 3514 5352 μακαριζόμενον
3543 5273 3684 5326 1:351—

2171 5372 2582 5442 ἁμεταμέλητον
2615 5374 2708 5425 καὶ
2755 5372 3180 5442 ἀνεπαίσχυντον
3229 5372 3336 5442 ἔχει
3365 5373 3478 5439 τὴν
3511 5367 3692 5428 σπι-ἐξει-

2172 5463 2398 5534 πότητα,
2429 5467 2539 5528 τοῖς
2563 5465 2629 5518 δι’
2661 5464 2824 5518 αὑτοῦ
2853 5463 2944 5518 τὸν
2977 5465 3228 5536 ἐνάρετον
3250 5459 3584 5530 κατορθοῦσι
3613 5457 3682 5524 ξμς

1136 5635 1174 5666 ⁸⁷
1219 5633 1410 5688 Matth.
1438 5649 1554 5698 xm,
1589 5634 1680 5688 45.
1754 5635 1796 5666 ίθ
1827 5635 1846 5688 1
1882 5633 2080 5692 Thess.
2108 5651 2186 5704 tv,
2217 5635 2304 5690 l9.

3707 5155 3709 5216 1

3707 5699 3709 5737 l
