3754 6292
448 192 483 211 ρ

75 254 137 309 37
1417 241 1505 297 ns
1545 241 1873 298 uomens.

3162 246 3268 302 533

71 366 222 423 [ενθεί
243 363 348 433 γάρ
380 362 452 425 ὡς
472 361 685 433 ἀληθῶς
716 364 743 415 6
776 363 833 414 ὲν
858 362 1203 433 συναισθήσει
1236 362 1343 416 τῶν
1379 360 1600 429 ἀγαθῶν

1707 357 1859 413 Dolet
1882 361 2025 412 enim
2045 374 2107 412 ex
2137 359 2340 422 animo,
2373 372 2605 429 vereque
2629 357 2774 429 luget
2805 359 2851 415 is
2878 363 2969 431 qui
3005 359 3094 413 illa
3124 361 3267 414 bona

72 460 247 513 κείνων
290 455 596 524 γενόμενος,
626 448 701 507 ὧν
748 454 1143 507 ἀποπέπτωκεν
1164 496 1178 516 ,
1210 454 1597 525 ἀντιπαραθεὶς

72 552 131 621 ὴν
161 546 417 615 ἐπίκηρον
444 544 645 615 ταύτην
660 547 751 598 καὶ
777 544 1031 616 ῥυπῶσαν
1058 545 1199 618 ζωὴν
1244 549 1309 617 τῇ
1339 548 1598 616 ἀκηράτῳ

72 642 210 710 κείνῃ
246 638 620 708 μακαριότητι,
652 632 718 707 ἧς
744 640 800 689 ἐν
831 637 1049 709 ἐξουσίᾳ
1069 634 1165 708 ἦν,
1198 638 1325 707 πρὶν
1348 639 1415 707 τῇ
1446 635 1598 700 ἐξου-

72 732 128 803 ’ίᾳ
157 731 232 792 είς
257 727 420 780 κακὸν
454 727 869 797 ἀποχρήσασθαι
910 743 923 755 ’
952 728 1046 780 καὶ
1066 728 1175 797 ὅσῳ
1208 727 1369 780 πλέον
1398 728 1490 779 ἐπὶ
1522 725 1600 797 τῷ

72 820 252 889 οιούτῳ
280 817 378 889 βίῳ
402 816 622 890 βαρύνει
654 817 715 869 τὸ
738 818 952 883 πένθος,
976 818 1213 888 τοσούτῳ
1246 818 1442 888 μᾶλλον
1478 818 1600 870 έπι-

74 908 250 979 αχύνει
288 907 464 975 ἑαυτῷ
488 906 584 975 τὴν
608 905 715 958 τῶν
748 904 1092 976 ποθουμένων
1133 904 1353 972 ἀγαθῶν
1386 906 1597 975 κτῆσιν.

72 1004 115 1053 li
141 999 242 1068 γάρ
272 997 368 1066 τῆς
390 996 480 1049 τοῦ
512 996 676 1049 καλοῦ
711 997 910 1067 ζημίας
942 996 1287 1065 συναίσθησις
1306 1036 1321 1059 ,
1351 996 1448 1066 τῆς
1474 998 1600 1067 περὶ

73 1094 99 1145 ὸ
139 1087 459 1157 ποθούμενον
502 1087 737 1157 σπουδῆς
772 1088 1099 1158 ὑπέκκαυμα
1136 1088 1363 1156 γίνεται.
1393 1087 1601 1140 Οὐκοῦν

75 1181 216 1250 πειδή
251 1178 355 1250 πέρ
380 1180 495 1231 ἐστι
535 1180 629 1232 καὶ
664 1181 925 1249 σωτήριον
961 1179 1175 1243 πένθος,
1198 1177 1381 1241 καθὼς
1400 1179 1429 1230 6
1448 1178 1601 1246 λόγος

72 1270 335 1335 ιπέδειξεν,
362 1269 629 1324 ἀκούσατε
650 1271 700 1323 οἱ
730 1270 865 1342 πρὸς
895 1272 954 1323 τὸ
986 1270 1085 1341 τῆς
1109 1269 1285 1340 λύπης
1315 1269 1485 1333 πάθος
1512 1271 1603 1322 εύ-

71 1364 205 1424 όλως
236 1361 682 1433 καταφερόμενοι,
717 1362 798 1415 ὅτι
829 1362 890 1414 ού
938 1361 1215 1432 κωλύομεν
1262 1361 1359 1433 τὴν
1406 1360 1601 1431 λύπην,

71 1458 151 1509 ιλλ’
185 1455 303 1507 ἀντὶ
345 1454 445 1523 τῆς
492 1455 944 1526 κατεγνωσμένης
984 1455 1082 1525 τὴν
1128 1454 1336 1525 ἀγαθὴν
1364 1454 1602 1525 συμϐου-

74 1548 281 1618 εύομεν.
315 1547 405 1616 Μὴ
434 1546 685 1600 λυπεῖσθε
709 1547 887 1599 τοίνυν
919 1547 1016 1617 τὴν
1052 1546 1144 1600 τοῦ
1192 1548 1395 1617 κόσμου
1429 1546 1604 1616 λύπην

75 1639 137 1708 ὴν
191 1634 666 1706 κατεργαζομένην
714 1636 805 1688 τὸν
858 1635 1118 1699 θάνατον,
1156 1636 1338 1699 καθώς
1387 1653 1550 1707 φησιν
1575 1639 1603 1689 6

1700 452 2031 515 considerat,
2096 466 2125 504 a
2169 452 2369 521 quibus
2418 451 2740 517 excidimus,
2800 453 2928 507 dum
2985 455 3259 508 mortalem

1699 542 1856 595 istam
1894 557 1958 595 ac
1980 541 2254 596 sordidam
2292 544 2457 597 vitam
2502 551 2781 612 comparat
2817 559 2940 598 cum
2977 544 3265 598 immortali

1699 632 1790 684 illa
1823 630 2176 695 beatitudine,
2206 648 2312 702 qua
2340 634 2647 703 potiebatur
2677 645 2968 704 antequam
3005 643 3269 704 potestate

1701 724 1764 778 ad
1795 725 1995 778 bonum
2024 725 2358 787 abuteretur,
2394 734 2708 795 quantoque
2734 728 2907 796 magis
2938 727 2992 780 in
3022 728 3124 780 hac
3157 730 3269 780 vita

1698 816 1966 884 ejusmodi
1999 816 2205 870 luctum
2254 816 2508 877 intendit,
2555 826 2707 870 tanto
2737 818 2971 873 celerius
3018 818 3085 872 ad
3116 829 3271 887 opta-

1702 911 1809 956 tam
1841 902 2110 957 bonorum
2147 906 2547 974 possessionem
2590 906 2816 974 aspirat.
2842 905 2973 960 Nam
3010 908 3102 977 (iui
3143 909 3269 962 boni

1695 994 1967 1063 jacturam
1998 996 2399 1061 animadvertit,
2433 997 2499 1050 ad
2544 997 2676 1051 illud
2713 1000 3143 1066 recuperandum
3180 1015 3272 1051 ar—

1701 1086 1948 1141 dentiore
1999 1088 2182 1142 studio
2215 1088 2538 1142 concitatur.
2569 1086 2820 1153 Proinde,
2864 1104 2991 1143 c'Jm
3036 1089 3275 1142 salutare

1702 1178 1918 1245 lugendi
1950 1194 2144 1248 genus,
2179 1188 2236 1233 ut
2262 1178 2621 1245 ostendimus,
2672 1180 3003 1245 inveniatur,
3029 1181 3274 1234 animad-

1704 1271 1919 1335 vertite,
1951 1271 2081 1340 quid
2113 1271 2178 1325 ad
2224 1286 2511 1326 maerorem
2546 1280 2600 1325 et
2629 1272 2829 1325 luctum
2865 1272 2999 1328 estis
3032 1288 3258 1342 propen-

1704 1364 1901 1428 siores,
1932 1378 2035 1418 nos
2088 1378 2196 1417 non
2234 1364 2581 1425 interdicere,
2615 1379 2721 1432 quo
2765 1364 2946 1420 minus
2999 1367 3269 1419 moereatiz.

1703 1464 1756 1509 et
1788 1456 2122 1525 lacrymetis,
2177 1456 2271 1511 sed
2316 1457 2467 1513 vobis
2514 1460 2824 1523 consulere,
2866 1466 2924 1511 ut
2979 1473 3077 1527 pro
3130 1460 3274 1511 malo

1705 1544 2068 1615 damnatoque
2094 1545 2243 1601 luctu
2272 1547 2475 1603 bonum
2510 1557 2564 1603 et
2588 1550 2909 1603 laudabilem
2943 1549 3275 1617 complecta-

1708 1634 1863 1687 mini.
1917 1633 2103 1704 Itaque
2162 1636 2332 1692 nolite
2388 1639 2577 1692 mundi
2637 1638 2839 1693 luctum
2889 1638 3277 1707 tristitiamque

71 1697 385 1790 Ᾰπόστολος,
409 1697 543 1780 ἀλλά
579 1697 677 1797 την
720 1729 859 1781 κατά
896 1727 1046 1791 Θεὸν,
1072 1697 1139 1799 ἦνς
1167 1728 1227 1780 ’ίέὸ
1252 1697 1423 1798 πέ-ραξ
1507 1728 1606 1798 τῆς

1708 1724 2003 1793 suscipere,
2031 1740 2173 1795 quae,
2212 1735 2272 1781 ut
2302 1728 2479 1797 inquit
2508 1728 2803 1797 Apostolus
2827 1728 2893 1791 ",
2925 1731 3117 1783 mortis
3148 1697 3276 1782 cau-

71 1817 212 1888 δοχῆς
242 1817 361 1869 ἐστι
415 1817 676 1889 σωτηρία.
723 1818 795 1869 Τὸ
826 1817 934 1887 γάρ
969 1818 1092 1887 είκῆ
1140 1818 1233 1871 καὶ
1279 1819 1453 1887 μάτην
1495 1821 1607 1881 τοῖς

71 1908 458 1977 εεκοιμημένοις
490 1906 838 1977 ἐπιχεόμενον
872 1907 1123 1978 δάκρυον,
1162 1908 1298 1979 τάχα
1323 1909 1414 1961 καὶ
1438 1924 1607 1960 κατα-

71 2000 272 2069 ιρίσεως
304 1999 473 2051 αἴτιον
522 1998 727 2066 γίνεται
778 1999 855 2069 τῷ
899 1999 1081 2063 κακῶς
1134 1998 1501 2069 οἰκονομοῦντι
1549 1999 1610 2051 τὸ

71 2090 328 2160 ζρήσιμον.
365 2086 552 2158 Είγάρ
581 2089 674 2141 ἐπὶ
709 2086 881 2157 τούτῳ
924 2087 1173 2159 λυπηρὰν
1206 2087 1409 2157 ταύτην
1430 2086 1611 2139 διάθε-

71 2197 126 2231 rw
153 2178 537 2246 ὲνετεκτήνατο
568 2180 633 2249 τῇ
665 2178 865 2246 φύσειὸ
896 2179 1069 2233 πάντα
1096 2180 1153 2232 ὲν
1180 2178 1340 2250 σοφίᾳ
1361 2179 1608 2249 ποιήσας,

78 2270 128 2338 φ’
152 2263 195 2336 ᾧ
221 2286 280 2321 τε
320 2270 611 2340 καθάρσιον
636 2272 734 2342 μὲν
758 2272 929 2342 αὐτὴν
959 2267 1096 2325 εἶναι
1126 2272 1614 2343 προκατασχούσης

71 2356 275 2419 ιακίας,
312 2357 520 2425 ἑφόδιον
564 2358 621 2411 δὲ
669 2359 767 2426 τῆς
817 2360 924 2413 τῶν
976 2360 1345 2430 ἐλπιζομένων
1395 2362 1615 2429 ἀγαθῶν

71 2446 337 2511 ιετουσίας
375 2465 389 2480 ο
426 2448 563 2519 τάχα
594 2452 621 2502 6
662 2452 836 2521 μάτην
868 2453 962 2503 καὶ
1001 2453 1290 2521 ἀνωφελῶς
1318 2455 1523 2525 ὲκχέων
1556 2456 1616 2508 τὸ

71 2539 309 2608 ιάκρυον,
339 2538 752 2612 διαϐληθήσεται
799 2541 878 2613 τῷ
928 2544 1041 2614 ἰδίῳ
1066 2544 1321 2617 δεσπότῃ,
1355 2545 1497 2598 κατὰ
1526 2545 1619 2599 τὸν

72 2629 402 2697 ,ὐαγγελικὺν
433 2631 610 2701 λόγον,
646 2634 722 2695 ὼς
768 2635 934 2698 κακὸς
967 2636 1244 2705 οἰκονόμος
1288 2638 1617 2709 διασπείρων

71 2723 336 2792 ιχρήστως
360 2723 450 2776 τὸν
483 2724 837 2779 πιστευθέντα
858 2725 1101 2780 πλοῦτον.
1142 2729 1257 2781 Πᾶν
1292 2731 1402 2799 γάρ
1448 2729 1510 2783 τὸ
1532 2731 1618 2784 ἐπ’

71 2813 235 2884 ὶγαθῷ
282 2814 654 2885 χρησιμεῦον,
687 2817 913 2881 πλοῦτός
958 2820 1073 2872 ἐστι
1119 2822 1231 2883 τοῖς
1280 2817 1480 2891 τιμίοις
1511 2822 1619 2875 τῶν

71 2904 350 2976 ιειμηλίων
367 2906 550 2975 ἐναριθ
559 2906 657 2974 μού
666 2925 841 2977 μενος.
861 2910 934 2961 Οὐ
954 2910 1092 2962 θέλω
1113 2906 1205 2964 οὖν
1227 2912 1370 2981 ὑμᾶς
1385 2914 1617 2981 ἀγνοεῖν,

1703 1828 1818 1868 sam
1855 1814 2028 1879 atl'ert,
2078 1815 2171 1869 sed
2213 1831 2331 1869 eam
2379 1817 2696 1871 mmstitiam
2747 1818 2966 1883 sumite,
3019 1833 3139 1887 qua:
3170 1816 3275 1870 Deo

1706 1905 1904 1973 placet,
1950 1907 2106 1973 cujus
2139 1906 2263 1961 ﬁnis
2294 1915 2381 1962 est
2428 1909 2593 1962 animi
2630 1909 2799 1964 salus.
2829 1907 3041 1963 Etenim
3088 1907 3277 1961 inanes

1707 2006 2018 2065 temereque
2059 1999 2243 2053 effusa:
2289 2013 2386 2068 pro
2422 1999 2698 2055 defunctis
2744 2000 2997 2070 lacrymze
3050 1999 3282 2054 fortasse

1709 2100 1873 2140 causa
1904 2087 2274 2141 damnationis
2299 2095 2462 2142 erunt
2491 2089 2588 2153 illi,
2630 2089 2721 2158 qui
2758 2105 2817 2144 re
2845 2090 3087 2143 abutitur
3116 2089 3278 2143 bona.

1682 2174 1843 2231 ,Nam
1906 2177 1952 2231 si
2007 2177 2216 2231 tristem
2268 2179 2409 2232 hanc
2466 2179 2636 2233 animi
2690 2178 3029 2236 aﬂ'ectionem
3076 2180 3283 2233 idcirco

1711 2269 1875 2324 nobis
1907 2270 2134 2324 inservit
2185 2271 2231 2341 is
2285 2269 2378 2339 qui
2420 2278 2617 2325 cuncta
2670 2272 2946 2334 sapienter
2974 2272 3101 2341 egit,
3158 2280 3216 2323 nt
3252 2287 3280 2321 a

1714 2360 1879 2424 malo,
1916 2360 2059 2429 quod
2108 2375 2209 2415 nos
2246 2360 2464 2427 invasit,
2513 2362 2778 2431 expiaret,
2826 2372 2879 2415 et
2910 2362 2973 2414 ad
3025 2377 3086 2415 ea
3119 2362 3280 2422 bona,

1715 2466 1836 2519 qua:
1866 2465 2173 2520 speramus,
2211 2451 2439 2505 fruenda
2478 2452 2794 2521 perduceret
2825 2470 2836 2505 :
2870 2452 3007 2507 forte
3032 2453 3122 2522 qui
3166 2452 3283 2505 fru-

1717 2551 1830 2597 stra
1890 2551 2053 2611 atque
2082 2544 2317 2598 inaniter
2358 2543 2625 2613 lacrymas
2663 2545 2917 2607 fundunt,
2952 2544 3287 2598 vocabuntur

1717 2633 1773 2686 in
1800 2633 2007 2687 crimen
2036 2634 2178 2704 apud
2210 2633 2491 2688 dominum
2519 2644 2699 2697 suum,
2730 2645 2787 2688 ut
2818 2636 2992 2689 malus
3026 2635 3116 2691 ille
3149 2636 3287 2688 villi-

1720 2738 1841 2789 cus,
1875 2725 1989 2792 qui,
2035 2732 2092 2777 ut
2130 2724 2180 2777 in
2216 2724 2508 2795 Evangelia
2550 2726 2869 2795 legimus”,
2910 2726 3129 2781 divitias
3184 2727 3286 2781 sibi

1719 2816 1959 2870 creditas
1993 2816 2255 2871 inutiliter
2310 2816 2695 2887 dissipaverat.
2742 2817 3094 2887 Quaecunque
3143 2820 3288 2873 enim

1721 2907 1787 2962 ad
1826 2908 1998 2963 bonos
2026 2924 2161 2964 usus
2192 2908 2383 2963 referri
2420 2920 2666 2980 possunt,
2694 2910 2896 2965 divitiae
2930 2923 3055 2966 sunt
3085 2912 3139 2965 in
3169 2910 3291 2963 the-

71 2995 285 3062 ίδελφοὶ,
316 2996 442 3066 περὶ
461 2995 567 3048 τῶν
596 2998 1033 3069 κεκοιμημένων,
1057 2997 1278 3054 ταῦταᾶ
1301 3004 1611 3074 μεμαθήκα-

1725 2996 1903 3051 sauris
1933 2997 2247 3053 caelestibus
2276 3010 2625 3053 ennmeratm.
2658 2998 2795 3055 Nolo
2846 3001 3013 3070 igitur
3042 3002 3294 3071 ignorare

71 3100 173 3147 1.5V,
208 3086 307 3137 καὶ
335 3086 387 3136 εί
408 3103 458 3137 τι
483 3085 609 3139 ἀλλο
637 3087 771 3157 πρὸς
794 3089 1001 3153 τούτοις
1029 3090 1179 3162 παρά
1201 3091 1292 3146 τοῦ
1310 3094 1621 3165 Πνεύματος

71 3176 145 3227 τοῦ
169 3176 330 3243 ἁγίου
360 3179 472 3239 τοῖς
509 3178 860 3249 τελειοτέροις
898 3183 1335 3238 ἀποκαλύπτεται
1376 3187 1620 3258 μάθημα,

71 3267 139 3319 ἵνα
168 3269 241 3337 μὴ
274 3267 542 3338 λυπῆσθε,
570 3270 645 3332 ὡς
694 3273 786 3323 καὶ
816 3272 864 3324 οἱ
898 3273 1072 3327 λοιποὶ
1104 3276 1152 3327 οἱ
1183 3276 1256 3347 μὴ
1289 3276 1501 3347 ἔχοντες
1540 3279 1625 3331 έλ-

71 3361 200 3412 πίδα.
236 3360 434 3413 Μόνων
482 3362 588 3430 γάρ
616 3364 731 3416 ἐστι
776 3364 884 3416 τῶν
930 3366 1172 3419 ἀπίστων
1203 3368 1265 3420 τὸ
1290 3368 1366 3438 τῷ
1399 3370 1625 3440 παρόντι

71 3449 153 3519 Βίῳ
180 3450 279 3514 τὰς
310 3450 404 3503 τοῦ
439 3450 537 3523 ζῇν
582 3453 799 3516 ἐλπίδας
830 3456 1177 3525 περιορίζειν,
1210 3459 1304 3512 καὶ
1336 3459 1423 3512 διὰ
1467 3459 1627 3513 τοῦτο

71 3546 343 3615 τυμφορᾶς
370 3544 515 3610 ἀξιον
544 3545 817 3599 ποιοῦνται
845 3547 935 3601 τὸν
980 3547 1225 3613 θάνατον,
1254 3550 1336 3603 ὄτι
1357 3551 1539 3615 αὐτοῖς
1565 3552 1628 3605 τὸ

71 3638 450 3706 πιστευόμενον
493 3637 622 3707 παρ’
650 3637 807 3707 ἡμῶν
859 3640 959 3692 οὐκ
995 3639 1293 3704 ὲλπίζεται.
1350 3642 1539 3712 Ἡμεῖς
1569 3643 1627 3696 δὲ

71 3726 127 3797 τῷ
160 3729 389 3797 μεγάλῳ
412 3731 649 3800 ἐγγυητῇ
683 3730 782 3799 τῆς
814 3731 878 3783 ἐκ
905 3732 1114 3801 νεκρῶν
1154 3732 1500 3797 ἀναστάσεως
1534 3751 1630 3786 πε-

71 3820 433 3883 πιστευκότες,
465 3821 610 3890 αὐτῷ
660 3820 737 3891 τῷ
764 3822 1004 3893 Δεσπότῃ
1040 3824 1219 3893 πάσης
1237 3825 1336 3895 τῆς
1378 3825 1627 3890 κτίσεως,

71 3910 110 3972 ἃς
126 3910 215 3962 διά
233 3909 399 3962 τοῦτο
429 3911 521 3964 καὶ
543 3911 778 3964 ἀπέθανε
806 3914 898 3965 καί
924 3914 1142 3984 ἀνέστη,
1166 3915 1252 3967 ἵνα
1274 3914 1352 3984 τῷ
1381 3916 1524 3986 ἔργῳ
1539 3917 1630 3969 τὸν

71 4001 182 4071 περὶ
202 4000 305 4070 τῆς
355 4001 698 4065 ἀναστάσεως
722 4002 877 4071 λόγον
932 4004 1289 4074 πιστώσηται,
1325 4007 1631 4077 ἀναμφιϐόο

72 4108 159 4155 te);
180 4091 400 4163 ἔχωμεν
427 4092 533 4145 τῶν
578 4093 796 4161 ἀγαθῶν
828 4096 926 4161 τὴν
962 4095 1170 4158 ἐλπίδα,
1194 4092 1261 4167 ἧς
1292 4097 1568 4166 παρούσης
1595 4100 1628 4168 ὴ

71 4184 148 4235 επὶ
183 4187 300 4246 τοῖς
329 4183 734 4251 κατοιχομένοις
764 4182 905 4253 λύπη
946 4183 1128 4253 χώραν
1155 4185 1253 4254 ούχ
1302 4184 1432 4249 ἕξει.
1471 4187 1527 4239 Ὀ
1577 4186 1633 4240 δὲ

71 4273 186 4336 θεὸς
217 4273 381 4344 ἡμῶν
423 4274 516 4325 καὶ
543 4273 744 4343 Κύριος
780 4273 981 4344 Ἰησοῦς
1026 4276 1276 4346 Χριστὸς,
1311 4277 1340 4328 ὁ
1383 4295 1633 4348 παρακα-

1723 3102 1843 3152 vos,
1872 3087 2092 3150 fratres,
2123 3103 2243 3157 qua:
2274 3089 2343 3142 de
2372 3090 2441 3143 iis
2472 3091 2564 3159 qui
2597 3091 2954 3154 dormierunt,
2982 3092 3288 3150 didicimus.

1724 3185 1847 3235 etsi
1880 3180 2009 3249 quid
2045 3190 2305 3250 pneterea
2347 3182 2583 3251 Spiritus
2619 3194 2843 3238 sanctus
2876 3183 3296 3252 perfectioribus

1725 3269 2002 3339 patefacit,
2060 3287 2127 3325 ne
2174 3272 2397 3325 tristitia
2474 3288 2814 3343 mmroreque
2852 3274 3183 3339 alliciamini,
3238 3285 3294 3324 ut

1725 3362 1906 3416 caeteri
1953 3363 2047 3432 qui
2078 3377 2227 3433 Spem
2262 3377 2368 3417 non
2415 3363 2635 3419 habent.
2666 3363 2776 3418 Soli
2803 3365 2969 3427 enim,
2999 3366 3089 3433 qui
3127 3381 3153 3417 a
3186 3364 3289 3417 title

1725 3454 1885 3508 alieni
1943 3464 2087 3521 sunt,
2146 3456 2428 3525 prmsentis
2466 3458 2588 3509 vita:
2642 3455 2840 3510 ﬁnibus
2882 3456 3092 3509 vivendi
3143 3463 3292 3524 spem

1726 3546 2024 3600 terminant
2057 3555 2111 3602 et
2140 3548 2623 3610 circumscribunt,
2673 3548 2905 3617 ideoque
2939 3557 3164 3601 mortem
3205 3547 3299 3599 de-

1728 3639 2046 3708 plorandam
2104 3647 2319 3708 putant,
2372 3640 2516 3709 quod
2565 3654 2648 3703 ea,
2704 3656 2823 3710 quae
2858 3655 2957 3695 nos
2998 3639 3294 3703 credimus,

1728 3745 1839 3783 non
1882 3737 2122 3799 sperant.
2158 3729 2269 3786 Nos
2305 3738 2508 3795 autem,
2553 3732 2645 3800 qui
2683 3746 2881 3801 magno
2935 3733 3301 3801 locupletique

1729 3821 2152 3876 resurrectionis
2190 3835 2223 3875 a
2268 3822 2498 3877 mortuis
2537 3824 2791 3892 sponsori
2842 3822 3075 3892 vadique
3120 3823 3299 3876 credi-

1732 3926 1876 3974 mus,
1928 3910 2033 3980 ipsi
2082 3924 2264 3965 rerum
2301 3913 2547 3966 omnium
2602 3920 3011 3981 procreatarum
3049 3909 3297 3972 Domino,

1732 4000 1826 4070 qui
1876 4000 1947 4055 ob
1996 3999 2051 4053 id
2098 4008 2349 4055 mortuus
2400 4008 2485 4055 est
2526 4007 2581 4055 et
2614 4000 2932 4063 resurrexit,
2989 4007 3046 4052 ut
3095 4014 3153 4052 re
3184 4000 3301 4065 ipsa

1732 4091 2152 4146 resurrectionis
2166 4090 2434 4145 rationem
2455 4090 2804 4146 conﬁrmaret
2819 4099 2871 4143 et
2894 4091 3298 4161 comprobaret,

1733 4193 1937 4239 certam
1957 4191 2121 4251 atque
2138 4183 2473 4252 exploratam
2503 4183 2769 4237 bonorum
2801 4197 2950 4248 spem
2975 4182 3301 4247 habeamus,

1734 4290 1842 4345 qua
1889 4282 2158 4344 prasente
2195 4275 2374 4329 luctus
2429 4274 2484 4327 in
2514 4289 2705 4328 eorum
2741 4273 2913 4336 obitu,
2972 4274 3061 4342 qui
3096 4287 3161 4325 ex
3201 4274 3303 4326 hac

71 4365 163 4418 ιῶν
188 4369 321 4429 τοὺς
348 4366 656 4429 ταπεινοὺς,
680 4366 1041 4438 παρακαλέσῃ
1078 4367 1227 4437 ὑμῶν
1260 4367 1357 4431 τάς
1387 4371 1610 4439 καρδίας

1704 4412 1708 4439 ,
1736 4364 1843 4418 vita
1864 4362 2153 4425 decedunt,
2204 4363 2412 4416 nullum
2445 4362 2663 4417 habebit
2698 4363 2897 4416 locum.
2944 4359 3085 4415 Deus
3117 4370 3300 4414 autent

71 4458 150 4509 (αἱ
183 4455 418 4530 στηρίξῃ
445 4459 524 4519 εἰς
568 4457 665 4527 τὴν
692 4456 883 4510 ἑαυτοῦ
916 4458 1136 4529 ἀγάπην
1162 4459 1250 4512 διὰ
1297 4461 1404 4513 τῶν
1432 4464 1634 4532 οἰκτιρ-

71 4548 177 4617 μῶν
215 4548 419 4612 αὐτοῦ,
454 4549 534 4601 ὅτι
580 4548 728 4619 αύτῷ
758 4551 790 4620 ἡ
824 4549 947 4614 δόξα
986 4551 1067 4614 είς
1120 4553 1247 4614 τοὺς
1288 4552 1489 4618 αἰῶνας
1529 4554 1634 4608 τῶν

71 4640 296 4696 ιξώνων.
344 4642 400 4692 Ἀ
410 4642 533 4711 ιιήν.

132 4985 175 5018 ⁸⁸
205 4987 248 5041 ll
278 4984 409 5043 Cor.
446 5003 539 5055 vn,
573 4990 654 5043 10.
734 4990 777 5020 ²⁰
802 4989 932 5043 Luc.
968 5007 1073 5054 M‘l,
1112 4992 1161 5056 Ἰ,
1205 5007 1325 5059 sqq.

1740 4464 1947 4519 noster,
1978 4455 2242 4510 Dominus
2268 4454 2428 4510 Jesus
2455 4453 2729 4517 Christus,
2762 4454 2851 4523 qui
2888 4452 3116 4507 amictus
3144 4462 3311 4521 atque

1744 4546 1975 4600 humiles
2020 4545 2354 4610 consolatur,
2393 4544 2707 4598 consoletur
2731 4544 2942 4597 animos
2982 4551 3212 4607 vestros,
3253 4553 3308 4596 ιιι

1743 4635 2118 4690 misericordia
2136 4635 2577 4704 benignitateque
2594 4648 2693 4687 sua
2708 4648 2805 4688 vos
2823 4632 2888 4686 ad
2906 4647 2965 4687 se
2980 4632 3309 4702 diligendum

1742 4727 2037 4783 inflammet
2068 4737 2229 4797 atque
2251 4726 2588 4789 corroboret,
2617 4726 2869 4796 quoniam
2897 4723 2999 4796 ipsi
3025 4731 3107 4778 est
3136 4722 3312 4793 gloria

1742 4820 1796 4873 in
1828 4820 2024 4873 saecula
2055 4818 2396 4873 swculorum.
2422 4818 2615 4873 Amen.
