3844 6404
54 291 138 337 an
1328 280 1607 337 CONTRA
1651 279 2094 335 MANICHIEOS.

64 434 865 464 ωε

3210 274 3318 329 542

868 426 3265 463 m

1357 596 1583 681 ΤΟΥ
1663 592 2040 681 ΑΥΤΟΥ

688 785 1106 898 ΚΑΤΑ
1190 787 2071 903 ΜΑΝΙΧΑΙΩΝ
2166 777 2693 898 ΛΟΓΟΣ

61 998 291 1054 Δώδεκα
320 992 777 1065 συλλογισμῶν,
810 992 902 1047 ὅτι
936 994 1006 1048 τὸ
1035 994 1244 1060 κακὸν,
1275 994 1543 1069 φθαρτρν
1572 993 1670 1069 καί
1699 993 1992 1069 γεννητὸν
2024 991 2123 1045 καί
2158 992 2563 1060 ἀνύπαρκτον,
2597 991 2693 1046 καί
2712 964 2752 1046 id
2781 992 2993 1048 τούτου
3022 994 3093 1049 δὲ
3123 999 3321 1069 πατὴρ

1289 1064 1568 1131 διάϐολος
1612 1066 1723 1117 οὐκ
1747 1064 2092 1134 ἁγέννητος.

1638 1182 1711 1194 ——

1417 1326 1951 1417 EJUSDEM

563 1546 1141 1664 CONTRA
1297 1539 2181 1719 MANICHXEOS
2309 1540 2846 1656 ORATIO

66 1780 247 1836 Decem
271 1786 522 1834 constans
560 1774 901 1849 syllogismis,
930 1792 1031 1846 qua
1050 1767 1567 1849 probatur,__M_alttm
1602 1766 1941 1849 corruptibili:
1978 1783 2089 1821 esse
2135 1776 2184 1817 et
2214 1775 2462 1849 [creatum
2500 1775 2549 1820 et
2586 1784 2690 1821 non
2732 1762 3044 1834 subsistens,
3104 1769 3322 1839 ejusque

1078 1854 1279 1915 patrem
1312 1840 1581 1894 diabolum
1618 1839 1908 1891 increatum
1937 1854 2039 1892 non
2075 1853 2185 1891 esse
2209 1837 2306 1905 (ll.

132 2163 198 2218 Εῐ
218 2180 275 2216 τι
301 2159 373 2215 ἂν
400 2158 568 2215 κακὸν
590 2198 606 2222 ,
640 2154 926 2211 κολαστέον
944 2171 959 2185 ο
1005 2153 1155 2208 οὐδὲν
1189 2152 1247 2206 δὲ
1278 2149 1636 2223 κολαζόμενον

1813 2145 1868 2202 Si
1911 2143 2043 2217 quid
2076 2144 2147 2201 sit
2179 2144 2403 2209 malum,
2432 2144 2763 2215 puniendum
2790 2154 2872 2199 est
2914 2162 2927 2198 :
2968 2146 3100 2200 nihil
3139 2154 3318 2202 autem

68 2251 358 2326 ἄφθαρτον.
389 2251 555 2305 Οὐδὲν
586 2249 694 2320 ἄρα
721 2246 891 2302 κακὸν
918 2245 1213 2317 ἄφθαρτον.

129 2430 299 2485 Οὐδὲν
334 2426 568 2501 φθαρτὸν
597 2426 888 2497 ἀγέννητον
911 2442 927 2458 ⁸
956 2425 1069 2480 ἔστι
1099 2424 1155 2478 δὲ
1182 2424 1242 2477 τὸ
1279 2424 1446 2477 κακὸν
1473 2422 1647 2492 φθαρ·

66 2520 167 2573 τόν.
203 2520 279 2573 Τὸ
312 2522 423 2590 ἄρα
451 2517 621 2572 κακὸν
650 2517 748 2570 οὑκ
776 2517 1088 2585 ἀγέννητον.

130 2608 301 2660 Οὐδὲν
335 2607 457 2661 κατ’
483 2606 670 2659 οὐσίαν
702 2605 869 2659 κακόν
889 2620 903 2634 ·
931 2602 1009 2674 τῷ
1036 2603 1096 2656 τὸ
1121 2602 1289 2656 κακὸν
1311 2602 1461 2655 ποιὸν
1487 2597 1644 2653 εἶναι.

70 2698 227 2750 056’s:
256 2698 315 2750 δὲ
349 2696 502 2750 ποιὸν
527 2696 701 2749 οὑσία.
743 2696 817 2748 Τὸ
846 2696 953 2765 ἀρα
983 2695 1151 2748 κακὸν
1182 2696 1283 2747 οὑκ
1314 2693 1490 2747 οὑσία.

134 2871 326 2924 Πάντα
346 2870 416 2923 τὰ
438 2867 654 2922 ἐναντία
677 2866 921 2937 ἀλλήλων
946 2867 1161 2939 φθαρτά
1177 2884 1191 2898 ·
1212 2868 1281 2921 τὰ
1301 2867 1355 2920 δὲ
1380 2864 1648 2936 ἀγέννητα

72 2963 191 3016 ὑντα
220 2962 283 3015 οὑ
316 2959 551 3032 φθαρτά.
582 2958 661 3012 Τά
696 2958 804 3030 ἀρα
838 2959 1057 3012 ἐναντία
1085 2959 1186 3011 οὑκ
1215 2958 1484 3029 ἄφθαρτα.

134 3140 305 3195 Οὑδὲν
338 3139 630 3209 ἀγέννητον
663 3138 915 3210 τρεπτόν·
967 3137 1227 3209 τρέπεται
1260 3138 1317 3191 δὲ
1353 3139 1412 3191 τὸ
1444 3138 1651 3205 ἀγαθὸν

76 3229 342 3302 κρατηθὲν
366 3229 472 3283 ὑπὸ
490 3228 584 3282 τοῦ
631 3229 819 3284 κακοῦ.
863 3229 935 3282 Τὸ
975 3230 1084 3300 ἄρα
1118 3228 1317 3298 ἀγαθον
1347 3230 1447 3282 οὐκ
1496 3230 1653 3297 ἀγέν-

75 3337 249 3391 νητον.

138 3412 213 3465 Τὸ
242 3410 538 3481 ἀγέννητον
566 3410 665 3462 οὑκ
711 3408 855 3463 ἔστιν
891 3411 1173 3481 ὀρεκτικὸν
1227 3412 1432 3483 φθορᾶς
1485 3431 1649 3476 τινος,

1746 2238 1890 2310 quod
1922 2237 2149 2307 punitur
2176 2236 2597 2307 incorruptibile
2626 2244 2730 2292 est.
2764 2235 2905 2290 Nihil
2930 2236 3096 2306 igitur
3120 2238 3321 2291 malum

1751 2341 1835 2388 est
1866 2329 2296 2399 iucorruptibile.

1818 2420 1961 2475 Nihil
1996 2417 2353 2487 corruptibile
2373 2425 2458 2471 est
2491 2417 2793 2473 increatum
2835 2438 2847 2472 :
2880 2420 3080 2473 malum
3139 2427 3321 2474 autem

1745 2521 1831 2568 est
1856 2510 2231 2580 corruptibile.
2262 2507 2403 2579 Ergo
2437 2509 2637 2562 malum
2671 2525 2779 2563 non
2806 2521 2889 2565 est
2918 2511 3245 2565 inercatum.

1816 2600 1961 2655 Nihil
1989 2600 2291 2656 secundum
2332 2601 2704 2655 substantiam
2748 2602 2947 2654 malum
3004 2610 3089 2657 est
3128 2620 3142 2656 :
3176 2602 3325 2671 quod

1748 2694 1957 2747 malitia
1987 2694 2059 2747 sit
2091 2693 2349 2762 qualitas.
2386 2690 2544 2745 Nulla
2586 2707 2753 2762 porro
2789 2694 3025 2761 qualitas
3075 2701 3159 2749 est
3191 2694 3325 2748 sub-

1750 2785 1974 2847 stantia,
2013 2784 2215 2837 malum
2250 2782 2416 2852 igitur
2448 2798 2554 2836 nou
2587 2791 2671 2837 est
2700 2784 3031 2837 substantia.

1818 2873 2012 2928 Omnia
2042 2872 2318 2927 contraria
2354 2887 2384 2924 a
2449 2889 2506 2927 se
2542 2872 2773 2927 invicem
2835 2884 3267 2945 corrumpuntur
3306 2890 3322 2927 :

1749 2978 1871 3031 quze
1895 2970 2073 3017 autem
2110 2962 2352 3016 increata
2382 2970 2534 3026 sunt,
2585 2978 2692 3018 non
2740 2973 2869 3018 sunt
2923 2968 3322 3039 corruptibilis.

1752 3052 1890 3122 Ergo
1918 3054 2191 3107 contraria
2224 3067 2330 3105 non
2362 3060 2489 3108 sunt
2518 3053 2971 3122 incorruptibilia.

1821 3144 1964 3197 Nihil
2003 3144 2311 3197 increatum
2343 3143 2680 3197 immutabile
2720 3154 2805 3199 est
2835 3163 2850 3198 :
2903 3145 3104 3198 bonum
3140 3152 3321 3199 autem

1753 3247 1783 3286 a
1814 3234 1957 3285 malo
1984 3241 2305 3301 superatum
2339 3239 2603 3285 mutatur.
2632 3230 2842 3285 Bonum
2887 3233 3053 3303 igitur
3085 3250 3194 3289 non
3236 3246 3321 3291 est

1755 3322 2085 3376 increatum.

1824 3414 1975 3480 Quod
2014 3414 2313 3467 increatum
2346 3422 2450 3476 est,
2484 3429 2593 3466 non
2628 3423 2712 3468 est
2748 3414 3040 3481 ejusmodi.
3066 3424 3124 3469 ut
3152 3417 3327 3472 inter-

76 3503 189 3556 οοδὲ
209 3518 273 3569 γε
308 3500 606 3571 φθαρτικόν
624 3518 638 3532 ·
669 3501 729 3553 τὸ
754 3501 809 3554 δέ
835 3519 899 3569 γε
931 3504 1097 3555 κακὸν
1122 3504 1401 3574 ὀρεκτικὸν
1426 3504 1651 3574 φθορᾶς.

1778 3514 1889 3557 tum
1939 3512 2176 3573 appetat,
2216 3511 2313 3573 aut
2358 3505 2637 3559 interitum
2689 3505 2885 3560 alTerrc
2928 3509 3135 3576 possit:
3176 3510 3325 3579 atqui

78 3590 146 3643 Τὸ
172 3591 282 3663 ἀρα
314 3590 484 3644 κακὸν
520 3591 619 3644 οὑκ
646 3592 958 3660 ἀγέννητον.

140 3772 207 3825 Αἱ
240 3771 385 3826 θεῖαι
413 3772 628 3845 Γραφαὶ
682 3774 803 3836 ταῖς
849 3772 1103 3826 κολάσεσι
1152 3773 1536 3844 παραδίδοσθαι
1588 3772 1649 3826 οὑ

78 3865 192 3927 τοὺς
255 3864 451 3928 ἄλλους
504 3864 696 3933 μόνους
732 3865 969 3931 κακοὺς,
1010 3864 1147 3917 ἀλλά
1204 3866 1298 3918 καὶ
1348 3865 1511 3918 αὑτὸν
1562 3866 1651 3917 τὸν

77 3956 317 4009 διάϐολον
343 3956 600 4025 λέγουσι·
636 3957 745 4010 πᾶν
776 3956 833 4009 δὲ
874 3956 934 4009 τὸ
982 3956 1196 4010 κολάσει
1230 3957 1651 4027 παραδιδόμενον

80 4050 306 4117 τρεπτόν
326 4066 339 4079 ·
374 4048 525 4102 οὐδὲν
553 4048 608 4101 δὲ
634 4049 865 4119 τρεπτὺν
887 4048 1199 4121 ἀγέννητον.
1216 4048 1379 4100 Οὑδὲν
1410 4046 1518 4116 ἄρα
1545 4046 1651 4099 τῶν

82 4137 264 4192 κακῶν
290 4137 607 4209 ἀγέννητον.

147 4229 269 4284 Τῶν
301 4230 371 4284 δι’
399 4231 519 4284 ὅλου
562 4229 986 4300 ἐναντιουμένων
1008 4268 1025 4293 ,
1069 4229 1220 4283 οὐδὲν
1260 4229 1454 4283 κοινόν.
1490 4229 1651 4281 Ὥστε

85 4325 226 4375 πᾶσα
254 4322 471 4391 ἀνάγκη
510 4320 572 4375 τὸ
619 4320 866 4395 [ἀγαθὸν]
922 4321 1174 4391 ὑπάρχει,
1232 4320 1304 4391 μὴ
1350 4319 1409 4372 ὃν
1437 4318 1545 4389 ἄρα
1590 4318 1650 4370 τὸ

84 4427 145 4463 κα
152 4408 269 4464 κόν.

150 4503 268 4565 Πᾶς
294 4502 324 4554 ὁ
358 4500 594 4570 εὐλόγως
630 4498 953 4571 ὀρεγόμενός
1012 4516 1154 4562 τινος
1193 4497 1652 4567 ὲπιτετευγμένην

88 4593 191 4663 ἔχει
229 4595 332 4666 τὴν
361 4594 541 4663 ὄρεξιν
564 4632 578 4657 ,
686 4594 918 4662 εὐλόγως
948 4593 1196 4665 ὀρέγεται
1221 4606 1234 4619 ·
1268 4592 1375 4645 τῶν
1402 4592 1653 4661 φθαρτῶν

87 4687 185 4757 ἄρα
210 4686 361 4740 ἐστὶν
388 4688 421 4757 ἡ
461 4685 626 4739 κακία
646 4701 660 4715 ο
694 4685 802 4738 τῶν
848 4685 1101 4756 φθαρτῶν
1130 4680 1263 4739 οὖσα
1288 4682 1653 4753 ἀφανισθήσε-

87 4795 187 4835 ται.
224 4776 621 4848 ’Λφανιζομένη
653 4776 732 4841 δὲ,
755 4777 855 4830 οὑκ
888 4775 1031 4828 ἔστιν
1058 4774 1371 4846 ἀγέννητος.

161 4951 486 5022 Ἀγέννητον
533 4950 595 5004 τὸ
626 4949 793 5003 κακὸν
813 4991 827 5014 ,
861 4950 1002 5003 κατά
1052 4949 1211 5018 φύσιν
1245 4949 1394 5020 αὑτῷ
1423 4950 1655 5019 ὑπάρχει

88 5045 141 5097 τὸ
168 5044 342 5098 κακὸν
369 5037 528 5098 εἶναι.
558 5043 745 5106 Οὐδεὶς
767 5043 823 5096 δὲ
858 5044 998 5096 κατά
1026 5042 1186 5111 φύσιν
1216 5042 1453 5110 ἐνεργῶν
1480 5042 1660 5111 ἀμαρ-

88 5136 267 5186 τάνει·
318 5132 381 5186 τὸ
442 5133 548 5205 ἄρα
602 5134 893 5203 ἀγέννητον
939 5134 1036 5203 οὐχ
1095 5134 1417 5203 ἁμαρτάνει.
1470 5132 1543 5184 Τὸ
1588 5132 1661 5200 μὴ

89 5226 399 5297 ἁμαρτάνον
420 5225 517 5295 οὐχ
546 5225 793 5279 ὑπαίτιον
813 5243 827 5256 υ
856 5224 1103 5289 ὑπαίτιος
1130 5224 1187 5278 δὲ
1215 5227 1243 5278 ὁ
1260 5225 1519 5286 Σατανᾶς.
1548 5222 1663 5277 Οὐκ

89 5318 191 5369 ᾶοα
232 5316 551 5388 ἀγέννητον.

156 5589 235 5654 (l)
263 5588 728 5661 Fragmentaha’c
744 5588 800 5661 S.
826 5588 1087 5654 Gregorio
1112 5588 1271 5661 Nyss.
1296 5590 1657 5656 abjudicantla

92 5660 365 5717 videntur.
423 5660 859 5728 quamloquitleut
928 5661 1132 5729 integra
1198 5676 1295 5714 nec
1340 5663 1449 5714 ullo
1493 5663 1658 5717 verbo

94 5737 303 5783 mutato
354 5729 415 5784 in
468 5729 607 5784 libro
659 5729 861 5784 Didvmi
895 5730 1048 5785 Alex.
1106 5729 1303 5785 Contra
1339 5730 1657 5787 Manio/uvas

1755 3594 1955 3647 malum
1991 3594 2272 3649 interitum
2310 3596 2535 3665 appetit.
2574 3596 2774 3649 Malum
2812 3612 2943 3667 ergo
2976 3614 3085 3653 non
3120 3608 3206 3655 est
3239 3602 3322 3655 in-

1754 3696 2019 3738 creatum.

1830 3774 2120 3845 Suppliciis
2150 3776 2309 3843 plecti
2342 3789 2449 3828 non
2510 3776 2647 3831 alios
2699 3786 2908 3831 tantum
2978 3780 3171 3844 malos,
3231 3781 3325 3837 sed

1757 3864 1935 3933 ipsum
1972 3866 2246 3919 diabolum
2279 3866 2579 3936 Scriptura:
2613 3884 2785 3922 sacra:
2819 3877 3129 3934 testantur;
3164 3872 3327 3941 quid-

1756 3957 1885 4026 quid
1933 3966 2110 4010 autem
2150 3957 2421 4026 supplicio
2470 3959 2726 4026 plectitur
2762 3972 2846 4016 εει
2893 3962 3159 4017 mutabile
3193 3963 3326 4017 nihil

1758 4061 1924 4114 porro
1955 4046 2217 4099 mutabile
2244 4046 2545 4100 increatum
2574 4056 2677 4102 est.
2706 4047 2850 4102 Nihil
2878 4049 3044 4118 igitur
3072 4066 3139 4104 ex
3166 4051 3326 4107 malis

1758 4135 2057 4189 increatum
2090 4146 2195 4193 est.

1828 4226 1972 4280 Nihil
2006 4242 2297 4282 commune
2321 4236 2405 4283 est
2440 4229 2528 4290 iis.
2572 4244 2692 4299 qua!
2738 4230 2959 4297 penitus
3009 4242 3137 4286 sunt
3189 4248 3324 4289 con-

1757 4320 1949 4372 traria.
1994 4318 2177 4387 Itaque
2211 4319 2579 4373 necessarium
2641 4320 2864 4373 omnino
2910 4328 3035 4385 est,
3096 4330 3154 4376 ut
3202 4338 3324 4379 cum

1760 4411 1961 4465 bonum
1991 4412 2240 4469 exsistat.
2279 4410 2329 4463 iul
2360 4409 2506 4479 quod
2537 4411 2737 4463 malum
2779 4422 2864 4466 est
2892 4427 2999 4466 non
3038 4414 3288 4470 exsistat.

1830 4502 2153 4573 Quicunque
2184 4518 2307 4557 cum
2342 4504 2555 4557 ratione
2588 4503 2796 4571 appetit
2822 4504 3120 4573 appetitum
3162 4522 3322 4562 suum

1760 4592 1963 4662 expleri
1993 4609 2054 4646 ac
2082 4594 2264 4663 perﬁci
2301 4593 2469 4656 videt,
2502 4602 2772 4663 quatenus
2810 4609 2934 4649 cum
2975 4596 3187 4651 ratione
3229 4612 3325 4667 ap-

1760 4685 1891 4753 petit
1917 4702 1930 4737 :
1962 4699 2086 4738 cum
2117 4693 2299 4738 autem
2334 4686 2768 4754 corruptibilium
2796 4689 3034 4756 appetitu
3078 4684 3327 4742 teneatur

1763 4777 1989 4840 malitia,
2031 4777 2318 4832 delebitur.
2356 4776 2412 4832 Si
2448 4786 2629 4832 autem
2664 4778 2929 4843 deleatur,
2958 4796 3068 4833 non
3115 4790 3200 4835 est
3235 4780 3324 4835 in-

1683 4882 1725 4936 c
1760 4877 1963 4923 creata.

1835 4959 2136 5015 lncreatum
2169 4960 2213 5014 si
2252 4960 2320 5012 sit
2365 4960 2566 5013 malum
2617 4962 2916 5015 secundum
2956 4972 3226 5029 naturam,
3258 4979 3325 5018 eo

1758 5050 1878 5119 ipso
1905 5049 2124 5104 exsistit
2157 5051 2303 5118 quod
2337 5050 2537 5104 malum
2587 5059 2693 5106 est.
2726 5051 2890 5122 Atqui
2943 5068 3103 5107 nemo
3128 5069 3323 5108 secun-

1757 5143 1886 5196 dum
1919 5150 2165 5195 naturam
2194 5158 2362 5211 agens
2392 5149 2583 5211 peccat
2615 5161 2627 5196 :
2654 5144 2799 5213 quod
2841 5160 2972 5213 ergo
3019 5145 3319 5199 increatum

1757 5244 1873 5299 est,
1904 5250 2013 5287 non
2054 5242 2279 5303 peccat:
2309 5233 2452 5301 quod
2486 5248 2596 5287 non
2635 5242 2846 5303 peccat,
2887 5249 2991 5287 non
3026 5244 3110 5288 est
3150 5234 3323 5288 obno-

1760 5324 1907 5377 xium
1949 5324 2242 5394 supplicio.
2270 5322 2502 5378 Satanas
2529 5332 2707 5378 autem
2741 5331 2827 5378 est
2858 5324 3125 5393 supplicio
3148 5324 3326 5379 obno-

1761 5415 1912 5469 xius.
1947 5413 2065 5469 Non
2091 5429 2223 5486 ergo
2250 5430 2339 5471 res
2366 5424 2450 5470 est
2480 5414 2740 5470 increata.

1757 5589 2026 5646 contineri
2080 5590 2277 5647 detexi.
2333 5588 2574 5645 Fassuzn
2630 5588 2810 5644 lnstit.
2868 5589 3020 5643 Patr.
3069 5589 3123 5651 l,
3180 5589 3321 5655 595,

1756 5669 1973 5714 not.—
2012 5660 2148 5716 Vide
2207 5659 2534 5731 Palrologia:
2591 5659 2819 5729 hujusce
2873 5672 3004 5717 tom.
3068 5656 3328 5727 XXXIX,

1756 5731 1858 5787 col.
1902 5731 2033 5787 1087
2063 5732 2125 5787 C.
