3842 6418
527 279 558 332 5

561 279 588 331 εί

596 278 628 332 ’5

521 421 1604 458 W

1759 265 1816 320 S.
1843 260 2171 319 bREGOBIl
2200 257 2492 314 NYSSENI
3640 251 3724 305 5i:

1497 399 3707 446 Mm

1421 623 1646 708 ΤΟΥ
1737 621 2112 708 ΑΥΤΟΥ
2219 615 2839 704 ΓΡΗΓΟΡΙΟΥ

1783 825 2182 881 ΕΠΙΣΚΟΠΟΥ
2228 821 2502 878 ΝΥΣΣΗΣ

938 1002 1176 1114 ΕΙΣ
1214 1005 1526 1118 ΤΗΝ
1575 997 2161 1118 ΕΑΥΤΟΥ
2236 988 3331 1107 ΧΕΙΡΟΤΟΝΙΑΝ.

1437 1425 1983 1518 EJUSDEM
2079 1425 2174 1515 S.
2254 1420 2832 1526 GREGOBII

1817 1634 2123 1693 EPISCOPI
2183 1635 2226 1690 Ν
2239 1635 2475 1692 YSSENI

1233 1834 1384 1948 IN
1449 1834 1827 1951 SUAM
1904 1831 3045 1949 ORDINATIONEM.

1809 2059 1893 2110 Fr.
1918 2057 2089 2107 ουσαεο
2115 2051 2393 2115 interprete.

595 2374 674 2429 Ad
703 2389 802 2429 nos
827 2376 990 2430 etiam
1017 2375 1318 2445 spiritualis
1345 2376 1652 2434 instruendi
1683 2378 1920 2432 convivii
1952 2394 2073 2434 sors
2125 2385 2172 2441 Α

523 2475 578 2522 et
612 2466 850 2521 ofﬁcium
905 2465 1216 2521 devolutum
1262 2480 1366 2531 est,
1421 2470 1634 2525 tametsi
1677 2471 1858 2525 idonei
1915 2473 2098 2541 patius

526 2557 719 2619 simus.
775 2565 836 2610 ut
877 2557 1176 2611 alienorum
1226 2558 1520 2628 participes
1557 2559 1752 2614 ﬁamus
1803 2560 2092 2624 bonorum,

526 2662 692 2715 quam
725 2658 782 2702 ut
817 2647 919 2716 ipsi
952 2657 1137 2702 nostra
1175 2649 1489 2718 largiamur.
1520 2648 1783 2718 Equidem
1816 2649 1964 2705 omni
1994 2666 2097 2721 ope

523 2749 833 2809 eonatuque
873 2739 1152 2802 contendi,
1188 2750 1248 2794 ut
1275 2741 1341 2794 ab
1365 2741 1633 2810 ejusmodi
1667 2742 1970 2812 pendendis
1999 2744 2097 2798 tri-

527 2831 673 2885 bulis
704 2837 928 2901 propter
959 2846 1134 2886 meam
1172 2833 1225 2886 in
1253 2830 1490 2887 dicendo
1516 2833 1799 2902 penuriam
1835 2835 2098 2890 immunis

524 2938 724 3009 essem,
765 2932 926 2992 prout
951 2923 1115 2978 etiam
1143 2921 1250 2978 fert
1280 2923 1365 2978 lex
1395 2924 1662 2993 quapiam
1697 2926 2094 2980 conviviorum.

527 3015 620 3069 Sic
665 3017 810 3069 enim
843 3015 1026 3083 accepi
1079 3015 1348 3080 homines,
1393 3018 1486 3085 qui
1520 3017 1665 3071 lauta
1707 3025 1764 3072 et
1809 3018 2098 3088 magnifica

526 3106 702 3157 victus
735 3105 942 3157 ratione
965 3110 1210 3168 utuntur,
1242 3119 1368 3158 cum
1393 3105 1777 3160 communibus
1805 3122 2100 3176 compran-

527 3194 750 3250 soribus
783 3194 1038 3250 omnibus
1092 3195 1146 3249 in
1181 3196 1370 3250 orbem
1412 3196 1662 3250 convivia
1694 3199 2095 3261 instruxerunt,

529 3288 575 3341 si
611 3286 734 3356 quis
763 3302 830 3340 ex
859 3300 1089 3340 numero
1122 3287 1477 3341 convivarum
1519 3287 1591 3342 sit
1621 3289 1953 3358 angustioris
1983 3289 2098 3342 for-

530 3386 698 3440 tunae,
729 3377 1065 3431 solitos'eum
1114 3391 1145 3430 a
1182 3379 1459 3432 communi
1492 3380 1734 3449 symbols
1761 3381 2094 3437 conferenda

531 3470 824 3522 immunem
868 3482 1071 3522 mensa:
1097 3461 1306 3522 socium
1337 3483 1443 3523 non
1487 3470 1794 3540 repudiare.
1834 3473 1910 3526 Ita
1949 3489 2091 3543 quo-

531 3575 638 3628 que
666 3559 924 3628 optabam
957 3560 1074 3629 ipse
1101 3559 1359 3616 ditiorum
1389 3563 1565 3631 epulis
1595 3571 1854 3632 tanquam
1881 3579 2099 3620 mensa-

533 3666 654 3706 rum
709 3651 918 3706 assccla
954 3651 1222 3706 adhiberi.
1268 3650 1494 3718 Quando
1547 3661 1725 3707 autem
1782 3655 2014 3712 eximius
2047 3666 2100 3711 et

2269 2374 2439 2432 Ἦλθε
2477 2378 2569 2430 καὶ
2597 2377 2680 2445 ἐφ’
2702 2375 2847 2446 ἡμᾶς
2876 2376 2910 2446 ή
2942 2373 3041 2445 τῆς
3063 2375 3434 2444 πνευματικῆς
3472 2373 3743 2435 ἑστιάσεως

2201 2471 2526 2542 λειτουργία,
2548 2469 2798 2540 μετέχειν
2827 2467 3024 2539 μᾶλλον
3060 2467 3280 2536 ἐτέρων,
3320 2465 3350 2534 ἤ
3383 2467 3607 2530 ἑαυτοὺς
3626 2484 3743 2538 παρ-

2202 2563 2346 2634 έχειν
2397 2561 2596 2624 ἄλλοις,
2633 2559 2792 2623 ὄντας
2842 2558 3197 2628 ἐπιτηδείους.
3236 2558 3426 2611 Καίτοι
3471 2575 3538 2627 γε
3594 2557 3743 2626 ἔγωγε

2201 2655 2294 2708 καὶ
2328 2652 2603 2716 παντελῶς
2643 2652 2825 2722 ἠξίουν
2856 2649 3050 2719 ἀτελὴς
3077 2644 3214 2702 εἶναι
3253 2649 3360 2702 τῶν
3396 2650 3647 2704 τοιούτων
3675 2651 3732 2719 φι

2203 2761 2334 2816 ρων,
2355 2744 2442 2797 διὰ
2465 2743 2562 2814 τὴν
2591 2742 2684 2796 τοῦ
2707 2741 2883 2810 λέγειν
2904 2740 3112 2801 πενίαν,
3131 2740 3270 2793 κατά
3304 2757 3424 2793 τινα
3443 2740 3606 2810 νόμον
3631 2757 3720 2805 cup
3735 2771 3746 2779 -

2203 2835 2442 2889 ποτικόν.
2489 2833 2695 2887 Ἀκούω
2738 2833 2846 2905 γὰρ
2886 2833 3012 2896 τοὺς
3044 2832 3371 2903 ἀκροτέρους
3410 2831 3511 2902 τὴν
3540 2831 3746 2896 δίαιταν,

2204 2928 2332 2980 ὅταν
2361 2929 2425 2980 ὲκ
2469 2925 2716 2995 περιόδου
2766 2922 2845 2993 τῷ
2894 2923 3057 2994 κοινῷ
3100 2922 3356 2992 συσσιτίῳ
3393 2922 3492 2986 τὰς
3542 2923 3748 2994 εὐωχίας

2203 3015 2714 3087 παρασκευάσωσιν,
2737 3014 2790 3066 εἴ
2805 3031 2889 3078 τις
2915 3015 2981 3066 ὲκ
3016 3013 3109 3066 τοῦ
3133 3013 3430 3081 καταλόγου
3457 3014 3567 3067 τῶν
3592 3015 3750 3068 δαιτυ-

2207 3110 2382 3181 μόνων
2410 3106 2731 3176 πενέστερος
2757 3105 2865 3176 εῐη,
2886 3103 3076 3157 τοῦτον
3094 3103 3278 3173 κοινῆς
3306 3103 3578 3174 συνθήκης
3607 3104 3753 3170 ἀτελῆ

2206 3201 2516 3255 σύνδειπνον
2567 3198 2730 3268 ἔχειν.
2779 3195 2935 3250 Οὕτω
2981 3195 3074 3250 καὶ
3111 3195 3271 3259 αὐτὸς
3310 3195 3610 3268 ὲῦουλόμην
3652 3199 3751 3250 tm-

2206 3293 2371 3355 σίτιος
2399 3286 2534 3344 εἶναι
2559 3289 2658 3358 τῆς
2690 3285 2799 3340 τῶν
2826 3285 3093 3339 πλουσίων
3114 3286 3348 3357 τροφῆςο
3381 3285 3500 3339 ἀλλ’
3530 3287 3704 3357 ἐπειδὴ
3729 3289 3754 3340 ὁ

2206 3382 2372 3445 καλός
2414 3398 2474 3434 τε
2512 3379 2607 3432 καὶ
2654 3377 2903 3440 πλούσιος
2933 3376 3199 3447 ἑστιάτωρ
3249 3369 3402 3438 οὗτος
3440 3375 3565 3430 οὐδὲ
3619 3377 3752 3447 ήμῶν

2205 3473 2460 3542 φείδεται,
2490 3473 2762 3526 διακονεῖν
2807 3469 2864 3522 δὲ
2896 3469 3222 3540 προστάττει
3241 3507 3256 3532 ,
3282 3467 3392 3538 ἐρῶ
3420 3469 3560 3539 πρὸς
3589 3469 3752 3529 αὐτὸν,

2205 3564 2366 3626 Φίλε,
2393 3559 2628 3630 χρῆσόν
2643 3577 2744 3628 μοι
2769 3558 2886 3612 τῶν
2915 3556 3042 3612 σῶν
3068 3558 3260 3626 ἄρτων
3283 3572 3298 3587 ·
3326 3556 3526 3627 ἄρτους
3556 3557 3613 3611 δὲ
3633 3556 3755 3624 λέγω

2205 3654 2302 3726 τὴν
2337 3653 2425 3707 διὰ
2459 3652 2568 3706 τῶν
2601 3651 2773 3721 εὐχῶν
2815 3650 3150 3721 συμμαχίαν.
3202 3649 3324 3712 Πῶς
3350 3647 3459 3720 γὰρ
3505 3649 3619 3703 ἐστι
3662 3649 3757 3712 τοῖς

532 3741 824 3812 opulentus
859 3740 945 3795 hic
975 3741 1212 3796 convivii
1259 3741 1515 3798 dominus
1567 3757 1635 3798 ne
1689 3743 1848 3798 nobis
1879 3743 2096 3814 quidem

2207 3743 2592 3811 πνευματικοῖς
2616 3739 2826 3801 τούτοις
2850 3738 3060 3809 κηρίοις
3090 3739 3186 3808 τὴν
3213 3738 3378 3808 ἀκοὴν
3408 3737 3563 3808 ὑμῶν
3589 3739 3732 3809 ὲντρυ

536 3835 649 3889 vult
675 3847 920 3905 parcere,
951 3833 1047 3890 sed
1072 3840 1126 3888 et
1159 3831 1471 3888 ministrare
1497 3849 1599 3888 nos
1624 3834 1811 3903 jubet:
1845 3836 1926 3890 sic
1947 3851 2102 3904 agam

533 3937 657 3976 cum
688 3921 803 3986 illo,
831 3921 1036 3982 Amice,
1071 3919 1348 3974 commoda
1384 3919 1514 3974 mihi
1548 3923 1749 3992 aliquot
1777 3937 1842 3976 ex
1871 3922 2095 3989 panibus

536 4015 642 4068 tuis
668 4013 736 4077 '°,
778 4027 944 4084 panes
973 4019 1152 4066 autem
1210 4012 1442 4083 appello,
1474 4012 1617 4082 quod
1654 4013 1902 4083 precibus
1935 4015 2104 4068 fertur

538 4105 820 4161 auxilium.
859 4103 1000 4169 Quid
1047 4103 1191 4158 enim
1241 4104 1433 4158 attinet
1482 4119 1643 4160 aures
1691 4113 1926 4167 vestras,
1980 4121 2101 4176 qua:

536 4194 910 4265 spiritualibus
966 4193 1090 4248 istis
1135 4193 1273 4248 favis
1330 4208 1452 4249 sese
1500 4194 1864 4260 oblectaruut,
1912 4195 2100 4265 jejuna

537 4299 818 4355 cgenaque
845 4285 1096 4354 excipere
1118 4285 1400 4340 oratione?
1432 4285 1510 4338 Ac
1550 4285 1786 4343 fortasse
1816 4287 2010 4342 melius
2041 4303 2101 4342 se

537 4377 752 4444 habeat,
793 4377 839 4432 si
868 4374 1322 4446 quemadmodum
1354 4377 1409 4431 in
1431 4379 1698 4448 gymnicis
1713 4379 2104 4434 certaminibus

539 4473 756 4526 illorum
805 4477 890 4526 est
937 4469 1198 4534 stadium,
1245 4471 1338 4539 qui
1372 4471 1581 4527 viribus
1609 4473 1858 4542 corporis
1901 4473 1958 4527 in
1999 4474 2104 4528 illis

537 4564 738 4628 valent,
779 4562 959 4618 casteri
990 4575 1118 4617 vero
1143 4561 1538 4616 decertantium
1576 4562 1711 4618 ﬁunt
1743 4572 2104 4634 spectatores:

539 4657 614 4710 ita
659 4655 716 4708 in
758 4653 862 4707 hoc
891 4652 1178 4722 spirituale
1216 4652 1455 4707 stadium
1510 4653 1587 4707 illi
1621 4655 1744 4716 soli,
1776 4655 1868 4724 qui
1903 4657 2105 4709 virtute

540 4751 856 4799 sanctorum
911 4756 976 4796 ac
1022 4742 1220 4798 robore
1273 4743 1496 4812 pollent,
1559 4744 1821 4798 adversus
1872 4744 2106 4798 athletas

539 4835 802 4902 prodeant
840 4850 853 4886 :
909 4831 956 4887 si
988 4833 1113 4902 quis
1148 4841 1329 4887 autem
1363 4832 1433 4886 sit
1461 4849 1526 4886 ex
1563 4832 1652 4891 iis.
1697 4847 1929 4903 quorum
1963 4849 2107 4888 unus

536 4940 639 4994 ego
676 4937 819 4988 sum,
871 4923 961 4977 cui
1011 4923 1134 4978 cani
1166 4923 1278 4977 sint
1324 4923 1526 4989 crines,
1586 4924 1773 4980 fracta:
1814 4931 1995 4980 autem
2037 4926 2107 4980 ob

537 5022 750 5070 aatatem
778 5014 944 5078 vires,
981 5015 1211 5070 tremula
1239 5013 1404 5068 etiam
1431 5023 1485 5068 et
1510 5015 1760 5069 nonnihil
1788 5015 2105 5071 claudicans

2205 3834 2478 3902 φήσασαν,
2494 3830 2732 3903 πενιχρῷ
2760 3830 2853 3884 καὶ
2873 3829 3203 3900 πτωχεύοντι
3224 3829 3579 3895 δεξιώσασθαι
3601 3829 3756 3898 λόγῳ;

2204 3924 2312 3978 Καὶ
2342 3925 2484 3993 τάχα
2522 3921 2701 3985 καλῶς
2736 3915 2902 3990 εἶχεν,
2927 3921 2992 3973 ἵν’
3011 3919 3199 3990 ῶσπερ
3231 3919 3322 3972 ἐπὶ
3359 3919 3465 3973 τῶν
3497 3918 3757 3986 γυμνικῶν

2202 4013 2456 4082 ἀγώνων·
2482 4012 2656 4083 μόνων
2691 4010 2800 4083 γὰρ
2828 4012 2936 4064 τῶν
2969 4011 3257 4081 ἰσχυόντων
3297 4011 3356 4064 ὲν
3391 4009 3620 4074 ἐκείνοις
3656 4009 3758 4062 ἐστὶ

2205 4105 2267 4158 τὸ
2301 4104 2531 4168 στάδιον,
2563 4104 2612 4158 οἱ
2639 4103 2697 4156 δὲ
2719 4103 2894 4156 λοιποὶ
2943 4103 3131 4156 θεαταὶ
3158 4103 3395 4171 γίνονται
3426 4101 3541 4156 τῶν
3579 4102 3758 4170 ἀγωνι-

2204 4195 2444 4266 ζομένων
2464 4213 2478 4228 ο
2511 4194 2656 4250 οὓτω
2679 4196 2772 4250 καὶ
2798 4197 2878 4258 είς
2900 4194 2960 4248 τὸ
2982 4194 3348 4264 πνευματικὸν
3379 4194 3540 4248 τοῦτο
3568 4194 3758 4248 στάδιον

2207 4288 2399 4358 μόνους
2411 4287 2537 4350 τοὺς
2554 4286 2893 4357 σφριγῶντας
2911 4286 2971 4339 ὲν
2985 4287 3050 4356 τῇ
3075 4285 3299 4354 δυνάμει
3318 4285 3425 4338 τῶν
3450 4285 3625 4354 ἁγίων
3641 4287 3759 4356 πρὸς

2203 4379 2328 4442 τοὺς
2372 4377 2673 4447 ἀγωνιστὰς
2715 4375 3040 4430 ἀποδύεσθαι
3068 4391 3084 4406 ο
3116 4377 3165 4428 εί
3199 4375 3256 4428 δέ
3296 4392 3380 4438 τις
3415 4375 3503 4446 εἴη
3536 4374 3644 4428 τῶν
3667 4370 3758 4435 οἷος

2205 4462 2396 4538 ὲγὼ,ᾧ
2425 4469 2587 4522 πολιὰ
2623 4470 2720 4540 μὲν
2748 4469 2783 4538 ἡ
2810 4465 2952 4537 θρὶξ,
2971 4466 3153 4538 νωθρὰ
3175 4466 3230 4519 δὲ
3264 4466 3366 4518 ὑπὸ
3391 4465 3484 4519 τοῦ
3514 4466 3700 4537 χρόνου
3729 4465 3755 4529 ή

2202 4562 2428 4633 δύναμις
2449 4603 2465 4625 ,
2489 4561 2793 4630 ὑπότρομος
2823 4559 2880 4612 δὲ
2925 4559 3020 4612 καὶ⁸
3052 4557 3373 4622 ὑποσκάζων
3400 4559 3430 4610 ὁ
3455 4557 3631 4626 λόγος,
3659 4555 3760 4610 τοῦ·

2202 4671 2294 4708 τον
2316 4655 2410 4724 ὲᾷν
2441 4655 2552 4716 τοῖς
2579 4651 2764 4724 ἱδρῶσι
2797 4650 2905 4705 τῶν
2944 4648 3260 4717 ἀγωνιστῶν
3295 4647 3757 4720 ὲπευφραίνεσθαι.

2205 4740 2319 4793 Οὐκ
2349 4735 2442 4793 οὖν
2474 4738 2798 4811 μηκύνωμεν
2830 4739 2978 4807 ὑμῖν,
3005 4735 3241 4804 ἀδελφοὶ,
3272 4736 3332 4789 τὸ
3366 4737 3671 4807 προοίμιον,
3686 4737 3760 4788 ὲν-

2205 4833 2586 4904 ασχολούμενοι
2626 4831 2704 4902 τῷ
2747 4830 2983 4900 θαύματι
3031 4828 3139 4880 τῶν
3188 4827 3588 4900 προλαϐόντων.
3638 4826 3761 4893 Ἤδη

2206 4921 2590 4992 κεκορεσμένοι
2618 4919 2760 4986 ἐστὲ,
2791 4919 2890 4989 ήδη
2919 4917 3284 4988 ἐπλουτήσατε
3307 4935 3322 4948 ο
3349 4918 3380 4970 ὸ
3401 4917 3457 4971 δὲ
3484 4918 3644 4989 κόρος
3669 4917 3763 4970 ἀπὸ

2205 5008 2602 5079 γλυκασμάτων
2629 5007 2774 5061 ἐστίν
2811 5022 2824 5036 °
2852 5005 3062 5069 τούτοις
3089 5007 3198 5076 γάρ
3232 5007 3375 5077 ὑμᾶς
3417 5009 3445 5062 ὁ
3491 5006 3762 5078 προλαϐὼν

538 5108 738 5170 oratio,
767 5106 896 5160 huic
911 5107 1278 5176 permittatur,
1299 5114 1357 5160 ut
1375 5122 1434 5160 se
1460 5106 1785 5161 athletarum
1803 5107 2102 5162 contentio-

2207 5100 2362 5169 λόγος
2391 5100 2688 5172 ὲτιθήνατο.
2714 5100 2864 5170 Τάχα
2894 5095 2988 5152 οὖν
3025 5099 3294 5169 ἄχρηστον
3327 5099 3486 5170 κόρον
3516 5099 3761 5153 inﬁdus

540 5199 704 5252 nibus
729 5199 1039 5267 spectandis
1066 5199 1312 5254 oblectet.
1355 5198 1432 5256 Nc
1456 5201 1624 5270 igitur
1667 5199 1880 5270 longius
1925 5198 2101 5262 vobis,

542 5283 759 5351 fratres,
814 5290 1086 5345 sermonis
1139 5291 1422 5345 exordium
1496 5289 1915 5359 protrahamus,
1979 5305 2103 5343 cum

541 5380 786 5434 miriﬁcis
814 5395 1002 5434 eorum
1033 5382 1125 5450 qui
1159 5394 1284 5438 ante
1331 5399 1431 5438 nos
1458 5383 1718 5436 dixerunt
1764 5381 2104 5436 orationibus

541 5485 761 5539 operam
792 5471 1078 5530 dederitis;
1127 5471 1244 5528 Jam
1290 5474 1520 5530 saturati
1557 5473 1691 5529 estis
1711 5513 1726 5538 ,
1759 5473 1873 5544 jam
1906 5471 2106 5527 divites

545 5564 670 5618 facti
700 5565 864 5631 estis;
895 5579 926 5618 a
950 5566 1119 5624 rebus
1145 5569 1346 5640 quippe
1375 5569 1631 5625 dulcibus
1670 5569 1893 5624 satietas
1923 5567 2102 5640 gigni-

616 5736 666 5769 “
727 5737 860 5793 Luc.
890 5753 967 5806 χι,
997 5739 1051 5793 5.

2212 5194 2359 5264 κόρῳ
2377 5191 2560 5245 ἐπάνω
2581 5191 2688 5244 τῶν
2711 5190 2922 5262 χρυσῶν
2951 5191 3141 5258 λόγων,
3173 5184 3285 5243 οἷόν
3309 5207 3419 5244 τισι
3448 5190 3763 5260 μολυϐδίνοις

2215 5284 2505 5354 νομίσμασι
2535 5282 2635 5352 τὴν
2669 5284 2886 5353 μνήμην
2914 5281 3325 5351 ἐπιφορτίξοντα
3345 5298 3356 5309 ·
3379 5282 3520 5350 πλὴν
3544 5282 3626 5334 ὅτι
3654 5297 3764 5332 συν-

2215 5375 2357 5430 τελεῖ
2389 5373 2644 5436 πολλάκις
2680 5374 2758 5436 είς
2797 5373 3111 5442 συνέργειαν
3133 5372 3357 5436 κάλλους
3392 5373 3483 5426 καὶ
3525 5375 3559 5443 ἡ
3589 5372 3765 5442 χείρων

2216 5466 2314 5537 ὕλη
2345 5464 2740 5535 καταμιχθεῖσα
2776 5465 2840 5532 τῇ
2889 5462 3185 5532 κρείττονι,
3219 5463 3382 5530 ἐγγυς
3422 5465 3456 5534 ή
3487 5461 3762 5524 ἀπόδειξις.

2225 5561 2387 5632 Ὁρᾷς
2427 5558 2518 5611 τὸν
2562 5557 2718 5628 ὑπὲρζ
2743 5553 2981 5624 κεφαλῆς
3024 5552 3210 5608 τοῦτον
3245 5553 3467 5624 ὄροφον,
3495 5553 3576 5618 ὡς
3621 5551 3765 5610 καλὸς

2275 5805 2450 5846 ft"

2271 5845 2282 5852 ρ
