3842 6436
1236 250 1244 259 ’
1282 285 1347 340 IN
1386 286 1574 343 suam
1631 287 2167 345 onomnioNEtt

3236 292 3343 346 5w

86 407 231 463 ἰδεῖν,
256 402 333 464 ὡς
357 398 633 470 γλαφυρὸς
662 399 780 462 ταῖς
803 398 1031 465 γλυφαῖς
1063 397 1287 451 ἐπανθεῖ
1310 398 1370 451 τὸ
1399 398 1617 469 χρυσίον
1644 417 1659 465 ;

1772 409 1884 455 tur:
1921 403 2119 472 quibus
2154 401 2411 457 nimirum
2436 419 2531 459 vos
2555 405 2771 462 abunde
2796 408 3108 477 przccedens
3130 417 3335 465 tracta-

82 490 246 554 Οὗτος
283 494 510 563 χρύσεος
538 489 613 545 ὣν
637 490 755 555 ὅλος
785 490 880 561 τὴν
930 489 1268 558 ἐπιφάνειαν,
1299 490 1517 553 κύκλοις
1548 491 1657 543 τισὶ

86 584 435 651 πολυγωνίοις
472 581 651 652 κυανῷ
701 581 1148 653 διακεχρισμένος
1195 580 1658 649 ὑποκεχάρακται.

82 679 141 730 Τί
168 674 265 730 οὖν
295 674 540 745 βούλεται
568 673 645 744 τῷ
670 674 886 745 τεχνίτῃ
916 677 948 743 ἡ
982 673 1204 739 κυανὸς;
1248 673 1334 735 Ὧς
1361 672 1447 734 ἂν,
1478 666 1661 741 οἶμαι,

84 768 155 839 τῷ
200 768 583 822 ἐναλλάσσοντι
629 766 729 829 τὰς
754 766 922 836 χρόας
953 764 1600 837 ἀντιπαραθεωρούμενος
1628 765 1660 817 6

85 861 278 931 χρυσὸς
307 860 471 912 πλέον
504 859 792 928 ἐκλάμποι.
820 852 883 910 Εἰ
915 853 1007 911 οὖν
1034 859 1068 928 ή
1100 857 1293 919 κυανδς
1332 856 1661 926 ἐμμιχθείσα

85 954 155 1022 τῷ
183 949 371 1021 χρυσῷ
400 949 892 1021 περικαλλεστέραν
922 950 1021 1017 τὴν
1058 948 1232 1019 αὐγὴν
1262 946 1658 1010 ἀποδείκνυσιν,

84 1046 173 1096 οὐκ
200 1044 434 1112 ἄκαιρον
477 1042 607 1104 ἴσως
639 1042 705 1111 τῇ
751 1039 1053 1109 λαμπηδόνι
1089 1037 1197 1091 τῶν
1240 1037 1661 1109 προρρηθέντων

86 1135 251 1199 λόγων
295 1133 391 1184 καὶ
450 1130 548 1200 τὴν
599 1129 874 1199 ἡμετέραν
922 1125 1352 1199 παραγραφῆναι
1402 1125 1657 1194 μελάνην.

88 1227 200 1276 Ἔτι
255 1225 384 1294 ύμῖν
436 1223 494 1274 ἐν
541 1219 844 1291 προοιμίοις
892 1217 1304 1289 άὼλεσχοῦμεν,
1342 1216 1455 1270 ἀλλ’
1497 1216 1661 1269 ἁκού-

88 1333 208 1367 σατε
219 1356 232 1367 .

1764 497 1853 545 tus
1872 492 2153 545 enutrivit.
2181 493 2364 562 Itaque
2384 492 2496 563 jam
2525 495 2657 549 nihil
2684 497 2831 552 aliud
2857 498 3092 555 fortasse
3119 512 3329 573 agetur,

1766 598 1930 651 quam
1962 591 2022 637 ut
2056 584 2283 637 satietas
2303 585 2546 639 satietati
2580 587 2889 656 adjiciatur,
2925 606 2987 644 ac
3014 593 3179 646 veluti
3214 604 3335 663 post

1767 688 1962 727 aureos
1993 690 2273 730 sermones
2300 682 2621 731 memoriam
2666 691 2898 734 vestram
2928 684 3198 753 plumbeis
3230 702 3333 739 nu-

1762 764 2111 820 mismatibus
2167 781 2493 835 oneremus;
2555 768 2660 825 nisi
2696 770 2856 834 forte,
2891 776 3147 843 quoniam
3188 793 3331 846 szepe

1767 856 2017 910 nonnihil
2048 856 2112 911 ad
2157 858 2559 915 conciliandam
2618 862 3076 932 pulchritudinem
3120 867 3335 922 confert

1768 948 1929 1001 etiam
1961 949 2190 1002 materia
2230 950 2465 1005 deterior
2497 953 2727 1008 admista
2760 956 3004 1017 meliori,
3059 959 3216 1025 cujus
3253 962 3331 1014 rei

1768 1037 2164 1092 demonstratio
2218 1055 2323 1094 non
2377 1042 2533 1112 longe
2569 1046 2675 1113 peti
2737 1051 2935 1115 potbst.
2986 1046 3146 1104 Vides
3192 1050 3333 1105 hanc

1765 1128 2318 1194 concamerationem,
2346 1147 2466 1201 quae
2498 1134 2772 1202 capitibus
2802 1137 3009 1191 nostris
3044 1138 3335 1193 imminet?

1765 1230 1926 1283 quam
1978 1216 2202 1284 pulchra
2262 1220 2334 1272 sit
2363 1220 2646 1290 adspectu,
2699 1237 2861 1291 quam
2919 1223 3123 1278 allabre
3174 1225 3334 1282 factis

1766 1306 2059 1376 sculpturis
2091 1324 2283 1364 aurum
2308 1312 2771 1383 intersplendeat?
2799 1314 2923 1369 llaec
2950 1331 3075 1370 cum
3109 1325 3219 1370 tota
3252 1318 3332 1372 vi-

86 1410 275 1462 deatur
302 1422 493 1468 aurea,
545 1404 772 1460 circulis
801 1402 1128 1475 quibusdam
1159 1402 1454 1456 multorum
1487 1400 1808 1472 angulorum
1842 1404 2089 1459 caeruleis
2159 1406 2301 1475 picta
2366 1407 2737 1478 distinguitur.
2813 1409 3096 1476 Quodnam
3172 1412 3336 1482 igitur

86 1502 178 1553 fuit
232 1500 526 1555 consilium
581 1497 833 1559 artincis,
883 1497 1012 1551 dum
1065 1495 1357 1551 caeruleum
1415 1496 1654 1549 colorem
1696 1494 2296 1563 adjecit2utefllceret,
2325 1500 2540 1569 opinor,
2586 1501 2714 1554 dum
2764 1502 2978 1557 colores
3028 1504 3333 1567 variantur,

85 1600 137 1642 ut
181 1605 381 1645 aurum
427 1589 584 1643 alteri
628 1589 886 1643 collatum
937 1586 1209 1642 illustrius
1248 1584 1546 1655 effulgeret.
1597 1583 1655 1637 Si
1694 1599 1829 1653 ergo
1853 1585 2007 1639 color
2030 1588 2295 1643 caeruleus
2351 1589 2622 1645 immistus
2652 1605 2787 1646 auro
2849 1592 3020 1647 efﬁcit
3081 1602 3139 1647 ut
3165 1593 3337 1649 multo

83 1683 363 1752 pulchrior
388 1681 507 1750 ejus
534 1678 795 1748 splendor
816 1677 1054 1741 emicet,
1098 1690 1206 1729 non
1255 1673 1687 1739 incommodum,
1721 1674 1938 1742 opinor,
1990 1672 2190 1740 fuerit,
2222 1676 2268 1729 si
2313 1677 2426 1745 jam
2476 1680 2950 1748 pronuntiatorum
3020 1697 3336 1739 sermonum

85 1778 276 1847 fulgori
339 1784 652 1831 nostrorum
712 1772 866 1828 color
932 1771 1022 1827 hic
1082 1771 1237 1841 niger
1302 1770 1657 1841 appingatur.
1697 1767 1891 1823 Adhuc
1932 1771 2213 1838 procemiis
2252 1772 2453 1841 garruli
2507 1788 2605 1829 vos
2677 1774 3013 1842 detinemus,
3076 1777 3172 1833 sed
3242 1792 3341 1833 au—

84 1870 210 1923 dite.

160 1956 373 2009 Ἀκούω
416 1953 655 2010 Μωῦσέα
686 1954 779 2007 τὸν
816 1953 987 2024 μέγαν
1011 1990 1027 2014 ,
1057 1952 1143 2004 ὅτε
1188 1948 1287 2020 τὴν
1321 1950 1523 2019 σκηνὴν
1555 1950 1666 2010 τοῖς

1838 1945 2089 2015 Magnum
2128 1945 2275 1998 illum
2320 1945 2556 2017 Moysem
2598 1948 2784 2013 audio,
2820 1965 2929 2019 quo
2974 1958 3219 2022 tempore
3250 1959 3339 2005 ta-

95 2048 458 2120 Ἰσραηλίταις
487 2046 779 2117 ἐπήγνυτο,
810 2045 906 2096 καὶ
944 2041 1036 2094 τὸν
1068 2039 1330 2110 Βεζελεὴλ
1359 2041 1587 2100 ἐκεῖνον,
1605 2036 1663 2099 ὃς

86 2129 367 2201 ῙΙνεύματι
394 2136 525 2205 θείῳ
555 2136 653 2206 τὴν
681 2133 873 2202 σοφίαν
904 2131 1059 2203 ἔσχεν
1089 2132 1187 2202 τῆς
1217 2127 1664 2199 ἀρχιτεκτονικῆς

86 2228 483 2289 αὐτοδίδακτον,
515 2228 664 2296 κοινῇ
718 2223 999 2295 προθεῖναι
1027 2222 1125 2293 τὴν
1154 2219 1463 2291 φιλοτιμίαν
1501 2216 1665 2270 πλου-

85 2323 218 2384 σίοις
243 2320 345 2373 καὶ
366 2319 586 2389 πένησι,
608 2317 715 2371 τῶν
740 2316 836 2387 μὲν
873 2314 1138 2369 πλουσίων
1162 2314 1380 2385 χρυσὸν,
1409 2311 1504 2366 καὶ
1530 2328 1665 2382 πορ·

86 2414 256 2484 φύραν
297 2410 550 2473 καὶτοὺς
598 2409 812 2479 τιμίους
847 2409 957 2463 τῶν
994 2408 1157 2461 λίθων
1188 2404 1533 2473 ἐκλέγοντας,
1558 2402 1665 2456 τῶν

82 2504 135 2555 δὲ
191 2501 446 2571 πενήτων
481 2499 615 2563 ξύλα
665 2498 759 2552 καὶ
795 2493 1040 2570 δέρματα
1074 2497 1167 2550 καὶ
1205 2494 1302 2558 τάς
1353 2494 1462 2547 τῶν
1492 2494 1664 2562 αίγῶν

82 2594 271 2664 τρίχας
321 2592 424 2645 οὐκ
476 2588 897 2653 ἀποϐάλλοντας.
959 2587 1095 2640 Ἀλλ’
1144 2588 1243 2640 οὐκ
1292 2587 1517 2655 ἄκαιρος
1565 2586 1666 2654 τῆς

86 2686 326 2756 ἱστορίας
357 2685 488 2746 ἴσως
515 2685 548 2753 ή
602 2682 789 2753 μνήμη
816 2696 829 2709 °
862 2680 890 2733 ὃ
911 2679 1018 2750 γάρ
1047 2696 1148 2749 μου
1187 2677 1287 2746 τὴν
1316 2675 1541 2746 καρδίαν
1564 2675 1665 2726 ἐπ-

86 2779 284 2848 έδραμε
327 2776 541 2845 νόημα,
569 2773 825 2844 βούλομαι
848 2772 942 2825 καὶ
980 2770 1054 2841 τῷ
1092 2767 1253 2839 κοινῷ
1302 2764 1662 2838 παραθέσθαι.

86 2871 366 2941 Πνεύματι
395 2867 526 2937 θείῳ
546 2868 575 2919 6
594 2862 857 2935 Βεζελεὴλ
896 2861 1057 2932 σοφὸς
1083 2861 1139 2927 ἐξ
1176 2857 1383 2913 ίδιὼτου
1414 2856 1629 2925 ἐγένετο
1648 2870 1665 2885 ⁶

84 2968 222 3020 οὕτω
248 2965 360 3036 γάρ
388 2966 423 3034 ἡ
463 2961 671 3033 ἱστορία
703 2947 885 3029 φησίν.
936 2956 1204 3009 Ἀκουέτω
1232 2953 1409 3007 τοίνυν
1448 2952 1476 3005 6
1502 2966 1665 3036 πνευ-

86 3034 421 3130 ματομάχος·
448 3058 478 3109 ὁ
505 3054 646 3107 θεῖον
686 3052 854 3104 εἰπὼν
885 3050 947 3101 τὸ
978 3047 1200 3118 Πνεῦμα
1230 3046 1292 3098 τὸ
1328 3046 1504 3113 ἅγιον,
1530 3034 1591 3095 οὗ
1629 3042 1663 3111 ή

86 3152 336 3212 ἐπίϐασις
360 3142 472 3202 οἷόν
500 3163 552 3199 τι
582 3145 726 3215 ἴχνος
747 3144 845 3212 τὴν
882 3141 981 3211 τῆς
1010 3139 1203 3208 σοφίας
1236 3138 1393 3208 χάριν
1419 3136 1486 3205 τῇ
1522 3133 1664 3205 ψυχῇ

86 3240 511 3312 ἐνσημαίνεται,
549 3234 657 3307 ἆρα
700 3232 1021 3303 καθυϐρίζει
1054 3234 1120 3303 τῇ
1163 3228 1258 3312 τοῦ
1305 3226 1450 3281 θείου
1501 3242 1669 3296 προσ-

86 3310 283 3404 ηγορίᾳ
316 3331 414 3400 τὴν
456 3327 611 3395 ἀξίαν
660 3324 758 3379 τοῦ
810 3322 1128 3391 Πνεύματος
1159 3310 1348 3389 ;Ἀρα
1380 3318 1572 3389 μικρόν
1614 3333 1668 3367 τι

88 3428 178 3478 καὶ
205 3422 465 3478 ταπεινὸν
490 3420 617 3490 περὶ
644 3416 809 3471 αὑτοῦ
839 3418 977 3469 νοεῖν
1004 3410 1314 3467 ὑποτίθεται
1337 3427 1352 3477 ;
1383 3409 1449 3462 Τί
1480 3408 1586 3461 τῶν
1613 3408 1671 3460 ἐν

86 3520 149 3587 τῇ
188 3515 370 3568 κτίσει
411 3511 488 3583 τῷ
521 3510 745 3580 ὀνόματι
797 3505 971 3576 τούτῳ
1016 3503 1365 3574 σημαίνεται;
1405 3500 1498 3569 Μὴ
1550 3499 1672 3552 ἐπί-

87 3625 282 3679 κτητον
339 3606 514 3659 οἴεται
549 3603 628 3673 τῷ
690 3599 968 3668 Πνεύματι
1006 3599 1103 3665 τὴν
1140 3595 1371 3665 θεότητα
1407 3610 1422 3659 ;
1457 3592 1548 3663 Μὴ
1595 3592 1671 3646 δι-

88 3701 255 3770 πλόην
277 3696 405 3751 τινὰ
425 3696 519 3749 καὶ
546 3693 793 3748 σύνθεσιν
817 3690 944 3761 περὶ
967 3688 1027 3742 τὸ
1053 3687 1252 3740 ἁπλοῦν
1269 3684 1362 3738 καὶ
1383 3681 1671 3765 ἀσύνθετον

88 3793 290 3853 ἐννοεῖς
319 3788 462 3858 τάχα
490 3787 589 3841 οὐκ
627 3785 742 3838 ἔστι
768 3785 887 3847 ταῖς
918 3778 1191 3841 τοιαύταις
1226 3775 1503 3837 ὑπονοίαις
1543 3790 1670 3826 συν-

88 3881 392 3953 ενεχθῆναι.
438 3878 577 3933 Ἀλλ’
611 3873 1107 3944 ὁμολογεῐπάντως
1138 3870 1280 3923 θεῖον
1315 3868 1374 3921 ὃν
1404 3868 1464 3920 τὸ
1494 3865 1668 3919 Πνεῦ-

92 3992 163 4043 μα
200 3976 269 4043 τῇ
320 3970 483 4041 φύσει
526 3967 766 4022 τοιοῦτόν
790 3983 849 4019 τε
881 3960 1022 4018 εἶναι
1075 3962 1169 4017 καὶ
1197 3959 1474 4029 λέγεσθαι.
1509 3957 1673 4028 Ὁρᾷς

87 4066 157 4125 ὡς
185 4060 513 4132 αὐτομάτως
557 4054 958 4110 ὲκκαλύπτεταί
999 4070 1081 4105 σοι
1112 4054 1146 4123 ή
1175 4050 1436 4121 ἀλήθεια;
1471 4047 1671 4109 πολλὰς

93 4160 190 4228 γὰρ
223 4155 377 4218 θείας
411 4153 604 4223 φύσεις
642 4151 701 4204 τὸ
732 4150 840 4204 τῶν
887 4146 1228 4219 Χριστιανῶν
1251 4146 1350 4198 οὐκ
1389 4142 1673 4195 ἐπίσταται
1704 4144 1707 4149 ’

93 4250 355 4318 κήρυγμα
401 4259 415 4273 ·
452 4243 578 4297 ἐπεὶ
623 4243 838 4311 ἀνάγκη
894 4241 1042 4293 πᾶσα
1098 4237 1191 4291 καὶ
1239 4233 1464 4295 πολλοὺς
1520 4231 1675 4293 θεοὺς

88 4336 546 4393 ἀναπλάττεσθαι.
572 4335 646 4387 Οὐ
678 4335 786 4405 γάρ
826 4334 943 4386 ἐστι
972 4329 1195 4385 δυνατὸν
1226 4327 1451 4388 πολλοὺς
1480 4322 1676 4393 νοηθῆ-

90 4449 172 4484 ναι
192 4432 375 4492 θεοὺς,
409 4428 483 4497 μὴ
505 4427 603 4496 τῆς
631 4426 772 4479 κατὰ
797 4424 957 4493 φύσιν
979 4423 1294 4493 ἑτερότητος
1321 4418 1382 4471 τὸ
1406 4416 1513 4469 τῶν
1539 4415 1676 4469 θεῶν

91 4524 293 4595 πλῆθος
322 4519 767 4589 διαγγελλούσης.
794 4519 859 4572 Et
885 4513 976 4571 οὖν
1004 4516 1101 4587 μία
1132 4513 1282 4587 παρά
1317 4511 1535 4566 πάντων
1555 4508 1674 4562 θεία

1768 2037 2121 2093 bernaeulum
2146 2037 2405 2093 lsraelitis
2427 2040 2687 2109 erigebat,
2718 2057 2781 2095 ae
2807 2042 3135 2099 Bezeleelem
3158 2045 3334 2109 illum,

1765 2127 1858 2196 qui
1878 2128 2063 2181 divino
2081 2125 2287 2197 Spiritu
2309 2138 2519 2198 partam
2544 2131 2868 2198 sapientiam
2889 2134 3333 2191 architectonica:

1767 2233 1875 2271 non
1911 2218 1979 2273 ab
2024 2219 2132 2274 alio
2181 2219 2407 2277 edoctus
2448 2221 2544 2276 sed
2592 2238 2622 2276 a
2667 2238 2725 2278 se
2762 2224 3015 2288 habebat,
3061 2228 3336 2282 communi

1767 2310 1999 2380 quadam
2031 2311 2379 2367 aamulatione
2406 2311 2603 2368 divites
2634 2314 2795 2368 simul
2824 2330 2886 2368 ac
2912 2329 3179 2386 pauperes
3213 2333 3339 2387 pro-

1766 2404 1949 2458 vocari
1989 2404 2247 2468 voluisse,
2304 2404 2434 2460 dum
2488 2406 2718 2461 divitum
2776 2408 2992 2479 quidem
3043 2425 3235 2465 aurum
3284 2421 3339 2467 et

1738 2510 2088 2565 ,purpuram,
2128 2497 2444 2566 lapidesque
2482 2499 2752 2567 pretiosos
2782 2502 3094 2572 seligerent,
3139 2518 3339 2575 egeno-

1769 2600 1888 2638 rum
1918 2600 2047 2639 vero
2082 2585 2221 2656 ligna
2279 2589 2555 2657 pollesque
2607 2604 2671 2643 ac
2720 2590 2860 2659 pilos
2892 2607 3180 2662 caprarum
3231 2610 3339 2651 non

1770 2675 2080 2743 rejicerent.
2125 2675 2415 2731 Enimvero
2458 2678 2603 2733 haud
2635 2680 2940 2751 importuna
2989 2684 3150 2738 fuerit
3180 2694 3273 2741 aut
3308 2700 3337 2740 a

1771 2765 2049 2834 proposito
2093 2765 2271 2819 aliena
2311 2767 2559 2822 fortassis
2605 2768 2847 2825 historia:
2894 2771 3056 2840 hujus
3095 2789 3337 2830 comme-

1770 2856 2036 2909 moratio:
2069 2855 2198 2910 libet
2225 2856 2367 2909 enim
2401 2858 2545 2927 quod
2576 2859 2705 2913 mihi
2742 2860 2796 2914 in
2827 2872 3061 2917 mentem
3084 2866 3252 2931 venit,
3282 2866 3336 2920 in

1769 2949 2007 3002 medium
2051 2948 2313 3018 proferre.
2370 2949 2579 3019 Spiritu
2623 2951 2807 3007 divino
2839 2953 3078 3011 Bczeleel
3124 2971 3189 3012 ex
3236 2958 3340 3012 im-

1769 3040 1943 3109 perito
1960 3040 2176 3109 sapiens
2198 3048 2280 3095 est
2301 3039 2509 3095 factus:
2545 3043 2620 3096 ita
2641 3043 2784 3098 enim
2808 3055 2994 3099 narrat
3018 3048 3336 3105 historia”.

1769 3132 1968 3185 Audiat
1995 3147 2124 3202 ergo
2161 3134 2253 3203 qui
2294 3131 2525 3203 Spiritui
2569 3144 2762 3191 sancto
2794 3137 2992 3191 bellum
3028 3137 3258 3207 indixit;
3293 3143 3340 3197 is

1771 3225 1864 3295 qui
1893 3223 2153 3294 Spiritum
2187 3232 2435 3279 sanctum
2470 3225 2606 3280 dixit
2638 3227 2905 3294 divinum,
2937 3231 3096 3300 cujus
3128 3234 3338 3304 ingres-

1774 3332 1868 3372 sus
1898 3325 1951 3371 et
1981 3316 2139 3388 quasi
2181 3318 2469 3389 vestigium
2501 3322 2779 3390 sapientiae
2808 3324 3038 3393 gratiam
3070 3326 3123 3379 in
3159 3329 3342 3383 anima

1775 3409 2043 3481 designat,
2102 3426 2231 3464 num
2287 3408 2525 3481 Spiritus
2571 3412 2888 3482 dignitatem
2942 3432 3036 3471 seu
3087 3418 3339 3475 deitatem

1773 3501 2319 3572 diviuiappellatione
2344 3503 2619 3558 traducit?
2646 3521 2775 3558 num
2805 3507 3018 3571 suadet,
3054 3517 3110 3563 ut
3136 3511 3340 3580 aliquid

1773 3594 2025 3664 exiguum
2073 3601 2167 3646 aut
2209 3593 2413 3649 humile
2451 3594 2519 3650 de
2567 3596 2687 3665 ipso
2726 3598 3137 3667 concipiamus?
3179 3601 3341 3667 Quid,

1774 3699 1978 3754 quzeso,
2034 3700 2099 3740 ex
2156 3685 2321 3741 rebus
2372 3687 2574 3742 creatis
2632 3687 2735 3743 hoc
2785 3690 3005 3745 nomine
3048 3691 3342 3762 signilicari

1774 3776 1947 3831 solet?
2009 3792 2137 3830 num
2194 3776 2520 3846 acquisitam
2576 3786 2629 3834 et
2686 3780 2977 3836 ascititiam
3033 3798 3153 3838 esse
3191 3793 3345 3853 putat

1778 3867 2003 3939 Spiritui
2029 3869 2404 3924 divinitatem?
2429 3886 2559 3924 num
2588 3871 2960 3941 duplicitatem
2989 3874 3223 3945 aliquam
3252 3886 3344 3929 aut

1775 3960 2219 4030 compositionem
2269 3961 2504 4031 simplici
2550 3971 2605 4016 et
2652 3962 3016 4033 incomposito
3061 3966 3345 4021 attribuit?

1776 4050 2028 4107 Fortasse
2061 4067 2165 4106 non
2202 4052 2327 4106 licet
2358 4051 2629 4123 ejusmodi
2673 4054 3020 4124 opinionibus
3051 4056 3205 4112 fidem
3248 4058 3343 4112 ad-

1776 4144 1986 4198 hibere.
2017 4143 2176 4213 Atqui
2221 4144 2377 4212 plane
2430 4144 2723 4199 confitetur
2753 4145 3034 4215 Spiritum,
3077 4148 3169 4215 qui
3206 4148 3343 4203 divi-

1775 4251 1881 4290 nus
1908 4242 2011 4298 est,
2062 4245 2256 4288 natura
2306 4235 2468 4289 talem
2499 4234 2605 4289 dici
2642 4252 2705 4289 ac
2739 4236 3047 4306 prmdieari.
3082 4237 3246 4294 Vides
3284 4250 3343 4295 ut

1777 4325 1870 4379 tibi
1917 4324 2122 4380 veritas
2172 4325 2319 4378 ultro
2354 4324 2659 4378 reveletur?
2711 4326 2896 4395 plures
2944 4329 3089 4381 enim
3127 4328 3344 4383 divinas

1776 4426 2000 4470 naturas
2043 4413 2358 4471 Christiana
2404 4416 2583 4471 nescit
2620 4416 2840 4488 religio,
2902 4419 3343 4489 quandoquidem

1778 4508 1850 4577 ita
1880 4508 2105 4563 omnino
2134 4522 2360 4562 necesse
2396 4516 2545 4562 esset
2578 4510 2763 4577 plures
2798 4524 3014 4580 quoque
3060 4511 3192 4566 deos
3221 4528 3347 4567 con-

90 4618 246 4686 φύσις
274 4612 416 4669 εἶναι
446 4613 780 4677 πιστεύεται,
807 4612 946 4664 θεῖον
982 4610 1039 4662 δὲ
1067 4611 1132 4680 τῇ
1165 4606 1324 4676 φύσει
1356 4604 1417 4658 τὸ
1450 4600 1668 4671 Πνεῦμα

1781 4599 2003 4669 fingere.
2031 4598 2147 4653 Non
2182 4599 2328 4653 enim
2363 4598 2481 4653 ﬁeri
2520 4610 2718 4669 potest,
2755 4611 2814 4657 ut
2848 4605 3052 4659 multos
3079 4606 3347 4677 intelliga-

89 4709 146 4761 τὸ
184 4708 345 4777 ἆγιον
370 4723 385 4737 ’
413 4707 464 4759 τί
504 4705 811 4775 διατέμνεις
844 4701 923 4773 τῷ
953 4701 1097 4770 λόγῳ
1132 4699 1193 4752 τὸ
1232 4695 1574 4767 συνημμένον
1606 4697 1673 4765 τῇ

94 4801 287 4866 φύσεις
333 4797 497 4851 Ἀλλά
544 4796 625 4858 τίς
668 4812 758 4866 μοι
785 4793 946 4846 δώσει
986 4792 1084 4863 τὴν
1123 4790 1350 4859 δύναμιν
1393 4786 1487 4840 τοῦ
1514 4786 1673 4854 λόγου

90 4892 323 4954 ἐκείνου,
360 4883 424 4943 οὗ
475 4889 535 4941 τὸ
568 4888 719 4950 τέλος
772 4884 1014 4956 σωτηρία
1062 4881 1169 4937 τῶν
1218 4880 1525 4935 ἀκουόντων
1556 4874 1671 4947 ἦνς

92 4984 232 5037 Μίαν
267 4982 550 5053 προήκατο
574 4979 758 5050 φωνὴν
793 4976 1244 5048 Ἱεροσολυμίταις
1263 4976 1291 5026 6
1318 4974 1544 5045 Πέτρος,
1580 4972 1674 5026 καὶ

91 5076 349 5129 τοσαῦται
392 5052 627 5143 χιλιάδες
655 5070 958 5143 ἀνθρώπων
1003 5071 1069 5140 τῇ
1107 5066 1363 5138 περιϐολῇ
1398 5064 1490 5119 τοῦ
1512 5052 1672 5133 λύγου

95 5169 187 5221 ὑπὸ
214 5167 315 5221 τοῦ
345 5165 540 5228 ἁλιέως
572 5163 1037 5234 ἐσαγηνεύθησαν.
1064 5160 1318 5214 Τοσοῦτοι
1344 5160 1400 5212 δέ
1441 5158 1534 5212 καὶ
1562 5175 1673 5211 τοι-

92 5262 233 5314 οὗτοι
289 5258 443 5328 παρά
474 5256 581 5310 τῶν
636 5254 969 5309 διδασκάλων
1017 5255 1074 5306 ἐν
1107 5255 1239 5323 ἡμῖν
1276 5250 1570 5322 τρίϐονται,
1594 5248 1676 5310 τίς

93 5354 279 5420 γέγονε
306 5350 417 5403 τῶν
449 5346 770 5417 σωζομένων
809 5344 1093 5415 προσθήκη
1124 5362 1139 5409 ;
1176 5343 1245 5396 Τὸ
1273 5340 1555 5396 ἐκλεῖπον
1581 5339 1680 5392 ὲκ-

91 5444 304 5505 λείετει,
344 5438 478 5511 φησί
526 5454 609 5500 τις
666 5435 773 5488 τῶν
818 5434 1112 5506 προφητῶν
1143 5476 1157 5498 ,
1184 5433 1250 5487 τὸ
1288 5429 1681 5499 ἀποθνῆσκον

94 5532 466 5600 ἀποθνήσκει
496 5547 510 5562 ο
538 5529 601 5582 τὸ
629 5526 1040 5599 πεπλανημένον
1066 5525 1165 5578 οὐκ
1193 5524 1511 5595 ἐπιστρέφει
1536 5538 1551 5553 ⁸
1585 5520 1676 5573 λέ-

92 5622 245 5677 λυται
274 5624 374 5693 τῆς
401 5621 623 5692 ἀγάπης
642 5622 671 5674 6
705 5618 998 5689 σύνδεσμος
1015 5636 1030 5651 ·
1047 5619 1325 5689 ἥρπασται
1344 5615 1453 5670 τῶν
1475 5614 1675 5691 θῃσαυ-

168 5759 237 5790 ⁸⁸⁵
285 5756 459 5811 Exod.
490 5774 639 5819 xxxi,
678 5754 713 5808 2
753 5770 877 5827 sqq.
962 5782 1003 5814 ιι
1044 5779 1159 5830 Act.
1202 5789 1259 5835 ιι,
1296 5773 1375 5830 il-

1779 4705 1902 4744 mus
1929 4690 2081 4751 deos,
2122 4689 2227 4745 nisi
2257 4690 2371 4755 hac
2398 4690 2623 4746 deorum
2658 4694 2949 4749 multitudo
2985 4712 3077 4764 per
3111 4698 3345 4753 diversi-

1778 4792 1943 4837 tatem
1973 4785 2271 4839 secundum
2313 4792 2564 4839 naturam
2604 4786 2938 4841 enuntietur.
2979 4787 3034 4843 Si
3073 4804 3202 4860 ergo
3237 4806 3343 4844 una

1778 4877 1846 4928 ab
1876 4875 2133 4930 omnibus
2168 4884 2364 4928 natura
2402 4875 2584 4929 divina
2633 4891 2755 4932 esse
2792 4877 3055 4945 creditur,
3103 4879 3340 4951 Spiritus

1778 4981 1942 5036 porro
1969 4975 2195 5021 sanctus
2221 4974 2416 5020 natura
2455 4966 2696 5032 divinus,
2750 4969 2881 5037 quid
2924 4972 3172 5025 oratione
3201 4971 3341 5024 divi-

1777 5057 1865 5112 dis
1894 5056 2039 5127 quod
2063 5065 2253 5110 natura
2285 5056 2637 5126 conjuuetum
2664 5058 2782 5113 est?
2808 5056 3006 5113 Verum
3038 5060 3160 5129 quis
3192 5061 3337 5114 illam

1780 5148 1912 5202 mihi
1945 5147 2214 5203 sermonis
2242 5146 2497 5201 virtutem
2532 5149 2815 5214 concedet,
2850 5149 3009 5217 cujus
3042 5150 3164 5205 linis
3194 5152 3342 5205 salus

1784 5241 1991 5295 exstitit
2018 5239 2374 5294 auditorum?
2412 5238 2581 5294 Unam
2616 5242 2800 5297 emisit
2834 5240 3347 5312 llierosolymitanis

1791 5347 1971 5386 vocem
2008 5332 2223 5393 Petrus,
2253 5340 2306 5385 et
2337 5338 2417 5385 tot
2445 5331 2725 5385 hominum
2760 5333 2927 5386 millia
2957 5333 3101 5387 nuda
3134 5349 3343 5389 sermo-
3377 5316 3379 5319 1

1783 5426 1868 5480 nis
1890 5438 2086 5494 sagena
2109 5423 2177 5477 ab
2199 5423 2291 5479 illo
2321 5423 2592 5494 piscatore
2614 5435 2740 5479 sunt
2762 5433 2920 5495 capta
2938 5425 3005 5479 ".
3031 5424 3165 5479 Tam
3190 5428 3343 5480 multi

1779 5530 1909 5570 vero
1960 5515 2204 5584 tantique
2255 5531 2285 5568 a
2318 5515 2636 5570 doctoribus
2687 5515 2741 5568 in
2795 5530 2895 5569 nos
2951 5515 3343 5585 impenduntur

1779 5622 2234 5676 sermoneszqua:
2262 5622 2392 5663 vero
2436 5624 2500 5664 ex
2547 5608 2614 5664 iis
2646 5608 2737 5677 qui
2772 5608 3053 5664 salvantur
3084 5610 3223 5666 facta
3264 5619 3345 5665 est
