3842 6440
528 291 633 345 567

1727 289 1784 344 S.
1826 287 2151 346 GREGORII
2187 287 2482 347 NYSSENI

3667 294 3763 351 568

531 403 820 460 accessio?
847 402 997 468 Quod
1025 403 1197 468 deﬁcit
1243 407 1445 476 aeﬁczt,
1475 407 1550 461 ait
1578 408 1847 477 quispiam
1879 423 1942 462 ex
1967 422 2087 478 pro-

2199 411 2307 479 ρῶν
2327 408 2482 480 ἡμῶν
2510 409 2544 480 ἡ
2577 408 2788 480 είρήνη.
2827 408 2892 465 Ὢ
2917 409 3026 462 τῶν
3069 408 3285 461 κακῶνί
3317 409 3632 480 ῐῐροάγομαι
3655 411 3758 481 γὰρ

531 496 708 565 phctis
729 497 797 558 ",
835 495 974 565 quod
1019 498 1248 551 moritur
1288 499 1516 552 moritur
1556 514 1574 552 :
1614 499 1760 568 quod
1801 498 2094 564 aberravit,

531 601 640 639 non
673 589 1004 655 revertitur;
1056 589 1294 642 solutum
1340 599 1424 644 est
1460 590 1734 644 vinculum
1787 589 2093 649 charitatis.

529 677 754 747 abrepta
781 689 866 733 est
899 694 1003 749 pax
1045 695 1110 735 ex
1159 681 1432 735 thesauris
1473 683 1699 735 nostris.
1735 681 1778 733 tl
1809 695 1920 735 rem
1950 680 2098 733 cala—

530 769 816 824 mitosam!
850 771 993 840 cogit
1019 773 1162 826 enim
1193 788 1278 827 me
1307 774 1434 826 mali
1469 790 1532 827 ac
1553 773 1757 828 doloris
1777 771 2096 843 magnitudo

528 858 914 929 ingemiscere;
972 875 1156 917 nostra
1189 871 1305 917 erat
1337 865 1465 918 olim
1515 863 1790 934 possessio
1819 863 2090 929 eharitas;

531 959 752 1019 paterna
784 961 969 1007 nostra
997 955 1109 1008 haec
1142 955 1452 1020 hzereditas,
1481 970 1640 1024 quam
1672 970 1767 1023 per
1786 954 2083 1022 discipulos

528 1055 660 1094 suos
695 1042 854 1096 nobis
892 1042 1153 1099 Dominus
1187 1045 1646 1099 thesaurizaverat
1677 1045 1885 1109 dicens,
1935 1043 2091 1096 Man-

527 1132 710 1185 datum
736 1151 922 1187 novum
945 1133 1012 1188 do
1042 1137 1209 1199 vobis,
1242 1147 1297 1188 ut
1319 1135 1554 1206 diligatis
1577 1136 1795 1188 invicem
1818 1135 1890 1187 ‘3:
1927 1135 2084 1187 istam

531 1230 712 1278 autem
760 1223 1126 1281 haereditatem
1174 1227 1208 1280 ii
1254 1227 1495 1296 quidem,
1546 1227 1636 1295 qui
1671 1225 1868 1298 deinde
1916 1226 2087 1280 secuti

528 1321 677 1376 sunt,
706 1329 1053 1371 successores
1078 1317 1170 1371 ﬁlii
1201 1331 1230 1371 a
1260 1318 1507 1388 patribus
1537 1317 1726 1371 ordine
1759 1317 2087 1385 excipientes

527 1419 696 1472 usque
725 1404 793 1458 ad
823 1412 1004 1474 patres
1037 1414 1251 1462 nostros
1283 1416 1699 1463 conservarunt.
1731 1408 1796 1461 At
1822 1409 1932 1462 haec
1961 1422 2088 1478 pro-

523 1493 645 1561 diga
686 1495 966 1562 generatio
991 1495 1139 1549 illam
1179 1497 1403 1550 minime
1455 1495 1769 1551 custodivit.
1803 1495 2086 1561 Quomodo
2121 1532 2162 1586 Β

523 1600 553 1638 e
583 1585 831 1641 manibus
877 1586 1082 1641 nostris
1131 1586 1329 1656 elapsa!
1369 1587 1450 1642 hae
1497 1587 1852 1642 institutionis
1884 1586 2088 1640 divitia:

523 1676 795 1743 pereunt?
840 1691 940 1733 nos
973 1675 1256 1731 charitatis
1283 1677 1448 1749 indigi
1485 1693 1696 1740 sumus,
1731 1684 1784 1731 et
1811 1677 1898 1729 alii
1929 1677 2087 1731 bonis

523 1765 723 1818 nostris
748 1765 1017 1820 luxuriant
1039 1773 1091 1820 et
1113 1767 1436 1835 gloriantur.
1466 1767 1648 1822 Zelaoi
1671 1783 1824 1834 super
1845 1767 2047 1836 iniquos
2068 1782 2087 1820 :

522 1854 600 1908 sic
645 1856 718 1906 ait
761 1854 1133 1911 Psalmista“.
1171 1855 1280 1927 Ego
1331 1873 1458 1910 vero
1512 1857 1764 1911 nonnihil
1797 1858 1955 1920 quasi
1992 1873 2090 1926 per

521 1946 801 2015 parodiam
839 1945 1116 2004 inﬂectens
1149 1949 1352 2004 dictum
1385 1950 1512 2003 illud
1552 1952 1623 2003 ita
1672 1950 1866 2019 legam,
1903 1949 2083 2004 Zelavi

519 2054 686 2107 super
736 2039 972 2109 iniquos,
1023 2041 1192 2094 zelavi
1242 2057 1422 2108 pacem
1471 2051 1818 2111 peccatorum
1870 2041 2080 2095 videns.

521 2130 597 2184 Illi
626 2132 763 2186 inter
785 2147 842 2186 se
863 2131 1182 2201 junguntur,
1211 2145 1262 2186 et
1286 2149 1385 2186 nos
1409 2133 1477 2186 ab
1499 2133 1726 2187 invicem
1747 2148 2082 2202 separamur.

519 2220 600 2274 illi
639 2222 795 2290 quasi
845 2223 1115 2277 testudine
1163 2224 1302 2278 facta
1343 2233 1544 2279 coeunt
1580 2226 1722 2278 inter
1769 2241 1852 2289 se,
1905 2234 1958 2277 at
1987 2239 2088 2280 nos

519 2312 849 2366 testudinem
892 2322 1131 2367 nostram
1162 2329 1506 2384 cuneumque
1534 2316 1886 2384 dissipamus.
1917 2313 2087 2368 Furto

520 2411 824 2470 surreptam
851 2405 1253 2473 possessionem
1296 2415 1537 2460 nostram
1565 2407 1872 2460 animarum
1904 2406 2088 2476 praedo

2198 499 2540 566 ἐπιστενάξαι
2576 500 2653 572 τῷ
2710 500 2904 588 πάθεισ
2928 501 3196 588 ἡμέτερον
3229 501 3412 570 κτῆμα
3429 496 3497 571 ἦν
3537 502 3721 571 ἀγάπη
3742 521 3757 534 ·

2198 592 2324 644 ποτὲ
2377 590 2626 661 πατρῷος
2665 591 2794 660 ἡμῖν
2822 584 2973 652 οὗτος
2999 589 3028 641 6
3056 584 3276 660 κλῆρος,
3308 588 3368 641 δν
3401 589 3488 642 διὰ
3521 590 3630 643 τῶν
3657 607 3760 661 μα-

2199 683 2374 753 θητῶν
2399 686 2528 752 ήμῖν
2551 685 2578 736 6
2605 681 2805 752 Κύριος
2840 680 3194 752 ἐθησαύρισεν
3239 680 3426 745 είπὼν,
3480 681 3761 749 Ὲντολὴν

2198 772 2416 839 καινὴν
2464 772 2669 840 δίδωμι
2718 771 2878 840 ὑμῖν,
2928 772 3028 825 ἵνα
3091 771 3357 840 ἀγαπᾶτε
3409 771 3756 838 ἀλλήλους’

2199 865 2333 918 ἀλλά
2362 864 2561 929 ταύτην
2602 863 2699 933 τὴν
2732 861 3092 933 κληρονομίαν
3120 863 3168 914 οἱ
3213 863 3309 932 μὲν
3354 862 3551 930 ἐφεξῆς
3589 861 3758 914 διάδο-

2195 973 2279 1026 χοι
2327 955 2475 1025 παρά
2522 953 2725 1024 πατρὸς
2759 954 3098 1024 ἐκδεχόμενοι
3152 953 3310 1024 μέχρι
3359 952 3466 1006 τῶν
3515 955 3761 1023 πατέρων

2193 1047 2225 1114 ὴ
2235 1045 2349 1114 μῶν
2377 1042 2697 1097 διεσώσαντο
2714 1057 2727 1071 °
2765 1045 2798 1112 ἡ
2824 1043 2880 1095 δὲ
2914 1042 3120 1104 ἄσωτος
3146 1040 3281 1111 αὕτη
3317 1042 3479 1110 γενεὰ
3505 1044 3606 1095 οὐκ
3629 1042 3760 1111 ἐφύ-

2193 1134 2338 1198 λαξε.
2373 1133 2495 1196 Πῶς
2542 1134 2741 1203 οἴχεται
2783 1131 2892 1184 τῶν
2933 1132 3130 1202 χειρῶν
3165 1132 3321 1202 ἡμῶν
3365 1133 3641 1205 διαρρυεὶς
3665 1134 3762 1204 τῆς

2192 1225 2414 1295 ἀγωγῆς
2457 1225 2485 1276 6
2519 1223 2779 1287 πλοῦτος;
2810 1225 2968 1292 ἡμεῖς
2998 1223 3096 1293 τῆς
3131 1223 3349 1294 ἀγάπης
3393 1223 3760 1294 πτωχεύομεν,

2192 1318 2285 1370 καὶ
2307 1310 2456 1370 ἄλλοι
2490 1315 2774 1386 ἡμετέροις
2795 1315 3013 1382 ἀγαθοῖς
3037 1314 3438 1385 ἐναϐρύνονται.
3470 1315 3764 1382 Ἐζήλωσα

2190 1407 2287 1460 ἐπὶ
2332 1405 2455 1472 τοῖς
2491 1403 2961 1474 ἀνόμοις-,οὓτως
3011 1404 3569 1476 φησὶνόΨαλμῳδός.
3620 1404 3763 1473 Ἐγὼ
3821 1425 3823 1440 ι

2190 1496 2247 1550 δὲ
2288 1496 2480 1566 μικρόν
2503 1513 2553 1549 τι
2587 1495 2911 1566 παρῳδήσας
2937 1495 3000 1548 τὸ
3025 1493 3764 1572 ρηθένάναγνώσομαι,Ἐζή-

2192 1587 2338 1639 λωσα
2363 1588 2454 1639 ἐπὶ
2480 1589 2592 1649 τοῖς
2619 1586 2869 1657 ἀνόμοις,
2896 1585 3142 1655 ἐζήλωσα
3169 1583 3392 1655 εἰρήνην
3423 1583 3759 1655 ἁμαρτωλῶν

2193 1676 2433 1748 θεωρῶν.
2487 1678 2712 1730 Ἐκεῖνοι
2758 1677 3004 1749 ἀλλήλοις
3049 1676 3423 1742 συνίστανται,
3472 1677 3567 1732 καὶ
3603 1677 3764 1747 ἡμεῖς

2192 1773 2284 1825 ἀπ’
2306 1771 2546 1842 ἀλλήλων
2569 1769 2979 1841 διατεμνόμεθα.
3005 1770 3232 1824 Ἐκεῖνοι
3263 1771 3472 1832 ἑαυτοῖς
3499 1770 3762 1823 συνασπί-

2191 1868 2364 1929 ζουσι,
2379 1866 2472 1918 καὶ
2491 1866 2649 1934 ἡμεῖς
2669 1863 2759 1916 τὸν
2783 1862 3046 1934 ἡμέτερον
3067 1862 3436 1931 συνασπισμὸν
3453 1859 3758 1929 διαλύομεν.

2192 1957 2410 2026 κλέψας
2441 1957 2502 2009 τὸ
2527 1957 2786 2026 ἡμέτερον
2815 1953 2998 2022 κτῆμα
3029 1955 3057 2006 6
3101 1952 3208 2006 τῶν
3232 1951 3418 2022 ψυχῶν
3449 1950 3760 2020 λωποδύτης

2191 2048 2305 2108 τοῖς
2352 2046 2564 2114 ἐχθροῖς
2609 2043 2708 2112 τῆς
2755 2041 3009 2111 ἀληθείας
3052 2041 3230 2112 φέρων
3256 2040 3758 2112 προσέρῤιψεν,ούκ

2184 2136 2426 2198 ἐκείνους
2461 2133 2792 2204 εὐεργετῶν,
2826 2133 2984 2186 τοῦτο
3037 2131 3226 2202 μηδεὶς
3280 2130 3472 2184 οἰέσθω
3505 2149 3518 2162 ⁸
3574 2130 3603 2183 6
3652 2131 3760 2200 γὰρ
3822 2163 3823 2182 ι

2182 2225 2289 2277 τῶν
2319 2223 2504 2278 κακῶν
2528 2223 2752 2295 εὑρετὴς
2784 2222 3078 2293 εὐεργέτης
3118 2220 3370 2289 γενέσθαι
3397 2221 3458 2272 ού
3486 2220 3706 2274 δύναται
3735 2239 3750 2251 ο

2182 2313 2297 2368 ἀλλ’
2327 2314 2413 2366 ἵνα
2441 2314 2656 2384 χείρους
2701 2313 2896 2375 αὐτοὺς
2926 2315 2982 2364 ἐν
3012 2314 3076 2382 τῇ
3131 2312 3257 2380 περὶ
3282 2311 3344 2363 τὸ
3392 2311 3561 2364 κακὸν
3618 2328 3757 2381 συμ·

2187 2403 2345 2474 πνοίᾳ
2377 2421 2453 2456 πα
2463 2401 2794 2475 ρασκευάσῃ.

522 2493 588 2544 ad
621 2493 804 2548 hostes
846 2497 1086 2550 veritatis
1152 2495 1383 2552 delatam
1453 2499 1700 2567 projecit,
1769 2514 1874 2552 non
1909 2507 1967 2551 ut
2027 2496 2290 2552 beneﬁcio
2327 2511 2421 2551 eos
2474 2495 2727 2558 afﬁceret,
2767 2508 2928 2548 nemo
2973 2493 3052 2548 sic
3083 2493 3418 2548 arbitretur:
3466 2507 3572 2545 non
3616 2492 3761 2546 enim

518 2593 694 2652 potest
719 2584 936 2641 aflicere
975 2587 1239 2643 beneﬁcio
1267 2589 1518 2645 inventor
1547 2593 1809 2646 malorum
1845 2612 1858 2647 :
1899 2607 2110 2655 verum,

517 2680 778 2734 efﬁceret.

587 2771 691 2826 Sed
717 2773 847 2842 quid
886 2773 1019 2829 mihi
1050 2775 1117 2830 de
1156 2775 1225 2831 iis
1254 2776 1345 2846 qui
1382 2777 1513 2834 foris
1556 2787 1684 2834 sunt
1737 2779 2013 2849 judicare?
2037 2790 2094 2834 ut
2122 2784 2164 2840 C

516 2865 689 2934 inquit
723 2866 812 2921 ille
843 2866 914 2914 ⁸⁵.
955 2865 1022 2921 At
1067 2881 1166 2936 ego
1203 2867 1296 2936 qui
1325 2867 1529 2936 possim
1564 2869 1944 2924 alienationem
1978 2869 2090 2924 fra-

515 2963 658 3011 trum
707 2959 826 3013 sine
874 2957 1130 3027 lacrymis
1175 2957 1354 3013 ferre?
1396 2961 1667 3028 quomodo
1712 2971 1934 3032 paterna
1957 2963 2089 3018 sub-

515 3050 714 3104 stantia
763 3049 1017 3104 derelicta
1063 3049 1252 3118 junior
1298 3046 1394 3104 hic
1433 3050 1600 3106 frater
1629 3052 1919 3108 discessit?
1956 3053 2092 3108 alter

516 3139 608 3193 ille
645 3139 697 3192 in
734 3138 1024 3209 Evangelio
1060 3140 1387 3210 descriptus,
1430 3141 1553 3196 licet
1595 3142 1794 3197 canitie
1841 3144 2089 3212 corporis

515 3231 679 3284 animi
724 3230 1115 3299 jnvenilitatem
1161 3233 1419 3298 occultet,
1461 3234 1733 3304 quomodo
1771 3232 2026 3304 fugitivus
2058 3251 2086 3289 a

515 3320 619 3376 ﬁde
677 3322 729 3374 in
787 3321 1136 3391 longinquam
1187 3323 1460 3394 regionem
1509 3324 1772 3380 secessit?
1815 3327 2088 3395 quomodo

515 3411 628 3464 abit
670 3421 724 3466 et
758 3412 872 3480 ipse
913 3415 1152 3481 paternis
1181 3413 1340 3469 bonis
1372 3415 1425 3468 in
1459 3413 1596 3468 duas
1626 3413 1879 3469 dimidias
1908 3423 2088 3484 partes

512 3500 725 3566 divisis,
770 3503 860 3572 qui
895 3503 1023 3557 dum
1068 3504 1321 3559 sublimia
1365 3504 1614 3576 dogmata
1659 3505 1725 3558 ad
1771 3505 2002 3561 humiles
2035 3514 2089 3562 et

514 3592 704 3646 suillas
731 3594 1014 3663 Opiniones
1049 3595 1265 3664 dejecit,
1304 3611 1427 3650 cum
1456 3597 1833 3653 meretricibus
1866 3598 2083 3654 haereti-

519 3682 602 3738 cis
623 3697 752 3737 suas
773 3682 991 3738 divitias
1014 3685 1297 3756 dissipavit
1315 3689 1396 3742 '0?
1422 3687 1670 3744 Meretrix
1700 3689 1843 3744 enim
1869 3699 1949 3744 est
1978 3690 2086 3744 hae-

514 3770 676 3837 rosis,
717 3787 839 3842 qua:
886 3773 1255 3844 voluptatibus
1301 3777 1455 3846 quasi
1504 3777 1793 3846 praestigiis
1842 3777 2080 3831 attrahit.

512 3859 668 3927 Quod
701 3862 745 3918 si
770 3863 987 3931 quando
1008 3864 1062 3918 in
1089 3865 1349 3936 seipsum,
1377 3874 1434 3920 ut
1459 3867 1568 3932 ille,
1597 3881 1849 3921 reversus
1877 3865 2040 3921 fuerit
2067 3886 2081 3922 :

513 3955 557 4007 si
600 3953 816 4023 quando
845 3971 1035 4012 rursus
1068 3957 1135 4012 ad
1168 3967 1513 4028 paternorum
1549 3959 1792 4014 ciborum
1815 3959 2084 4028 cupidita-

511 4055 616 4101 tem
642 4048 928 4111 exarserit,
964 4050 1008 4104 si
1049 4049 1114 4102 ad
1149 4050 1366 4105 divitem
1402 4067 1644 4107 mensam
1676 4051 1987 4115 recurrerit,
2027 4050 2082 4104 in

2186 2600 2245 2644 ut
2301 2604 2396 2645 eos
2449 2589 2502 2643 in
2557 2589 2820 2642 malarum
2876 2602 3057 2641 rerum
3121 2585 3413 2642 concordia
3459 2584 3762 2642 deteriores

2279 2771 2439 2827 Ἀλλά
2468 2771 2521 2824 τί
2553 2787 2641 2841 μοι
2684 2771 2809 2833 τοὺς
2856 2769 2960 2834 ἔξω
3004 2767 3243 2840 κρίνειν;
3282 2769 3444 2838 φησὶν
3489 2768 3519 2820 6
3567 2767 3762 2822 είπιίιν.

2204 2863 2344 2932 Ἐγὼ
2372 2864 2429 2918 δὲ
2474 2861 2592 2925 πῶς
2620 2860 2881 2932 ἀδακρυτὶ
2921 2859 3172 2930 βαστάσω
3219 2859 3318 2928 τὴν
3359 2858 3470 2912 τῶν
3514 2859 3765 2929 ἀδελφῶν

2192 2955 2578 3026 ἀλλοτρίωσιν;
2625 2952 2751 3016 Πῶς
2799 2950 2968 3022 ᾤχετο
3018 2949 3330 3004 καταλιπὼν
3369 2950 3468 3022 τὴν
3501 2952 3765 3023 πατρῴαν

2189 3047 2374 3101 οὐσίαν
2413 3045 2441 3098 6
2487 3044 2712 3113 ἀδελφὸς
2747 3046 2775 3096 6
2806 3042 2924 3104 νέος
2955 3032 3140 3108 οὗτοςς
3177 3041 3369 3104 Ἀλλος
3401 3043 3606 3107 ἐκεῖνος
3637 3045 3667 3097 6
3707 3044 3765 3095 ἐν

2188 3137 2265 3208 τῷ
2297 3135 2611 3206 Εὐαγγελίῳ
2635 3132 2980 3204 δηλούμενος,
3016 3129 3119 3184 κᾶν
3151 3129 3476 3202 ὑποκρύπτῃ
3501 3133 3569 3203 τῇ
3601 3131 3764 3202 πολιᾷ

2169 3213 2282 3282 ’τοῦ
2315 3225 2562 3298 σώματος
2595 3226 2698 3295 τῆς
2725 3224 2902 3294 ψυχῆς
2936 3222 3034 3294 τὴν
3056 3221 3305 3294 νεότητα,
3341 3222 3461 3287 πῶς
3486 3223 3769 3296 ἀνεχώρη-

2191 3337 2281 3372 σεν
2309 3317 2593 3388 είςαχώραν
2616 3313 2832 3386 μακρὰν
2853 3311 3223 3384 δραπετεύσας
3245 3312 3352 3366 ἀπὸ
3370 3313 3470 3383 τῆς
3489 3313 3765 3378 πίστεωςς

2188 3411 2314 3472 Πῶς
2343 3409 2546 3478 οἴχεται
2594 3406 2690 3460 καὶ
2721 3404 2880 3467 αὐτὸς
2917 3402 3218 3474 ήμισεύσας
3266 3402 3359 3456 τοῦ
3407 3404 3615 3474 πατρὸς
3658 3405 3766 3476 τὴν

2187 3500 2370 3552 οὐσίαν
2417 3500 2475 3550 ἐν
2519 3495 2596 3565 τῷ
2630 3492 2959 3548 καθελκύσαι
3001 3491 3071 3544 τὰ
3097 3489 3273 3561 ύψηλά
3315 3489 3424 3543 τῶν
3465 3490 3766 3561 δογμάτων

2187 3590 2324 3661 πρὸς
2373 3587 2442 3642 τά
2485 3585 2716 3640 ταπεινά
2769 3585 2864 3638 καὶ
2908 3583 3141 3654 χοιρώδη
3184 3583 3432 3652 νοήματα
3459 3623 3476 3648 ,
3515 3584 3637 3645 ταῖς
3682 3584 3768 3635 αἱ·

2189 3680 2429 3749 ρετικαῖς
2492 3678 2716 3748 πόρναις
2793 3673 3250 3746 προσδαπανήσας
3315 3672 3408 3726 τὸν
3481 3671 3764 3739 πλοῦτονς

2187 3770 2365 3841 Πόρνη
2387 3767 2495 3840 γάρ
2518 3770 2666 3821 ἐστιν
2685 3768 2719 3837 ἠ
2748 3765 2975 3834 αἵρεσις,
3001 3766 3121 3826 ταῖς
3141 3762 3524 3834 ήγαπημέναις
3543 3763 3766 3833 ἡδοναῖς

2185 3861 2538 3931 γοητεύουσα.
2581 3859 2645 3912 Et
2690 3857 2800 3929 γὰρ
2849 3855 2990 3910 ἔλθοι
3027 3854 3159 3908 ποτέ
3200 3855 3280 3917 είς
3307 3854 3518 3918 ἑαυτὸν,
3565 3853 3764 3927 ὥσπερ

2185 3952 2389 4013 ἐκεῖνος
2407 3950 2483 4002 ἐί
2503 3948 2610 4020 γὰρ
2637 3949 2990 4016 ἐπιθυμήσειε
3022 3944 3182 3998 πάλιν
3211 3945 3309 4013 τῆς
3337 3941 3596 4016 πατρῴας
3625 3961 3761 4014 τρο-

2186 4042 2292 4113 φῆς
2315 4057 2327 4072 ο
2379 4042 2426 4094 εἰ
2453 4039 2561 4109 γάρ
2598 4035 2951 4107 ἐπαναδράμῃ
3001 4035 3138 4105 πρὸς
3182 4033 3280 4104 τὴν
3325 4032 3586 4088 πλουσίαν
3623 4036 3766 4104 τρά-

508 4151 616 4206 qua
648 4138 851 4194 multus
878 4140 1417 4207 supersubstantialis
1439 4148 1521 4195 est
1548 4140 1724 4210 panis,
1747 4141 1838 4209 qui
1870 4139 2084 4195 Domini

2192 4133 2384 4195 πεζαν,
2415 4132 2473 4184 ἐν
2566 4128 2732 4190 πολὺς
2759 4130 2787 4181 6
2818 4125 3089 4188 ἐπιούσιος
3121 4124 3305 4194 ἄρτος,
3342 4124 3370 4176 6
3391 4123 3606 4194 τρέφων
3633 4125 3767 4185 τοὺς

510 4229 874 4283 mercenarios
904 4229 1030 4295 alit;
1061 4232 1381 4286 mercenarii
1402 4232 1598 4302 quippe
1626 4238 1752 4285 sunt
1775 4231 1864 4285 Dei
1895 4246 2085 4286 omnes

2191 4224 2283 4277 τοῦ
2324 4222 2528 4293 Κυρίου
2587 4220 2861 4292 μισθίους·
2915 4216 3118 4289 μίσθιοι
3157 4216 3214 4269 δὲ
3254 4214 3348 4269 τοῦ
3375 4214 3508 4268 Θεοῦ
3557 4215 3767 4278 πάντες

511 4321 598 4374 isti
636 4322 728 4390 qui
767 4321 838 4375 ob
884 4336 1033 4390 spem
1077 4323 1515 4392 repromissionis
1549 4323 1602 4377 in
1630 4323 1788 4378 vinea
1829 4321 1921 4375 Dei
1957 4336 2085 4391 ope-

2191 4309 2356 4376 οὗτοι,
2385 4314 2435 4366 οἱ
2467 4312 2552 4364 ἐπ’
2597 4310 2768 4364 ἐλπίδι
2813 4310 2911 4378 τῆς
2952 4306 3278 4376 ἐπαγγελίας
3318 4305 3408 4358 τὸν
3458 4304 3765 4374 ἀμπελῶνα

509 4422 739 4466 rantur:
774 4411 952 4480 qualis
979 4411 1044 4465 ad
1074 4427 1198 4467 eum
1244 4413 1334 4467 ﬁet
1364 4429 1471 4467 non
1503 4413 1662 4467 unius
1692 4399 1953 4482 parentis,
1988 4411 2081 4465 sed

2191 4404 2283 4458 τοῦ
2309 4403 2442 4458 Θεοῦ
2471 4401 2841 4473 ἐργαζόμενοι⁹
2871 4393 2980 4462 οἷος
3023 4398 3089 4451 ἂν
3120 4396 3338 4466 ἐγένετο
3363 4396 3499 4467 πρὸς
3533 4395 3709 4449 αὑτὸν
3739 4398 3767 4448 ό

508 4511 619 4555 tam
670 4501 964 4556 multorum
1014 4512 1225 4572 patrum
1271 4517 1590 4566 concursus,
1621 4502 1714 4575 qui
1756 4503 1970 4556 obviam
2007 4498 2085 4555 illi

2191 4495 2405 4568 δρόμος,
2449 4495 2546 4564 οὐχ
2591 4492 2707 4556 ἐνὸς
2750 4490 2974 4567 πατρὸς,
3020 4488 3155 4544 ἀλλά
3200 4486 3464 4542 τοσούτων
3504 4487 3765 4559 πατέρων

509 4592 836 4662 prodibunt,
890 4593 983 4662 qui
1037 4594 1464 4663 amplectentur,
1523 4594 1614 4664 qui
1669 4593 1870 4647 osculis
1932 4593 2081 4645 illum

2191 4584 2728 4659 προσαπαντώντων,
2787 4581 3263 4654 περιπλεκομένων
3287 4621 3303 4645 ,
3354 4579 3764 4650 ἀσπαζομένων

506 4682 812 4749 excipient?
842 4681 1055 4736 Prolata
1093 4692 1175 4738 est
1221 4684 1358 4738 stola
1395 4683 1518 4738 ﬁdei
1549 4683 1742 4752 prima,
1778 4697 1936 4752 quam
1969 4689 2082 4735 tre-

2191 4679 2515 4749 φιλήμασιν;
2575 4675 2801 4745 Ἦνέχθη
2853 4672 3013 4744 στολὴ
3057 4674 3156 4743 τῆς
3203 4672 3436 4734 πίστεως
3473 4672 3506 4740 ὴ
3542 4670 3764 4741 πρώτη,

506 4778 678 4825 centa!
709 4773 1007 4827 octodecim
1038 4773 1230 4828 animae
1265 4774 1524 4844 praeclara
1561 4773 1795 4828 textrina
1827 4772 2082 4826 Ecclesia:

2191 4772 2254 4838 ἢν
2294 4771 2350 4824 αἱ
2387 4767 2695 4840 τριακόσιαι
2737 4763 2881 4817 ὀκτὼ
2924 4764 3020 4816 καὶ⁵
3065 4762 3193 4816 δέκα
3225 4761 3395 4831 ψυχαὶ
3431 4761 3614 4824 καλῶς
3646 4762 3768 4832 spt-

506 4871 917 4917 contexnerunt.
963 4861 1116 4918 Unde
1165 4865 1398 4920 annulus
1450 4865 1504 4918 in
1549 4879 1711 4933 manu
1760 4878 2076 4932 expressum

2191 4861 2404 4920 θέουσαι
2447 4860 2513 4928 τῇ
2560 4853 2850 4926 Ἐκκλησία
2889 4853 3179 4922 ἐξύφηναν.
3224 4851 3461 4904 Ἐκεῖθεν
3493 4855 3560 4922 τῇ
3611 4853 3766 4922 χειρὶ

509 4953 628 5009 ﬁdei
659 4954 895 5024 sigillum
932 4955 1155 5016 habens,
1190 4956 1422 5021 choreae,
1469 4955 1689 5018 vitulus,
1732 4953 2072 5025 symphonia,

504 5055 697 5100 caetera
751 5047 932 5099 omnia
974 5061 1093 5113 quae
1137 5047 1191 5099 in
1238 5046 1526 5115 Evangelio
1557 5053 2076 5106 commemorantur,

503 5144 727 5205 excepta
761 5135 942 5190 fratris
989 5136 1210 5190 invidia.
1269 5135 1743 5190 Verumenimvero
1780 5136 1909 5204 quid
1961 5135 2078 5186 fru-

505 5233 618 5279 stra
672 5225 829 5279 nobis
862 5225 991 5294 ipsis
1048 5225 1259 5280 somnia
1301 5226 1591 5296 ﬁngimus?
1639 5225 1914 5278 Obdurata
1945 5233 2074 5277 sunt

504 5313 670 5368 corda
707 5314 966 5379 fratrum,
1008 5323 1061 5370 et
1096 5317 1370 5371 contraria
1425 5316 1632 5370 ratione
1679 5323 1806 5370 sunt
1855 5314 2073 5380 aﬂ‘ecti;

505 5421 820 5460 communes
858 5414 1038 5475 patres
1082 5408 1380 5477 objiciunt,
1429 5416 1484 5462 et
1531 5415 1805 5476 acceptam
1855 5406 1923 5460 ab
1965 5405 2074 5458 illis

508 5495 872 5550 hereditatem
907 5512 1016 5552 non
1043 5498 1359 5564 admittunt;
1391 5513 1732 5554 communem
1762 5497 1865 5552 sibi
1899 5495 2077 5550 vindi-

503 5595 631 5641 cant
656 5587 1012 5654 nobilitatem,
1039 5597 1094 5644 et
1120 5605 1148 5642 a
1179 5598 1364 5644 nostra
1398 5587 1717 5658 cognatione
1747 5586 2075 5651 alienantur;

2185 4950 2464 5012 δακτύλιος
2509 4944 2954 5013 ἐκτετυπωμένην
2989 4943 3127 5013 ἔχων
3157 4941 3212 4993 ὲν
3242 4939 3418 5011 ἐαυτῷ
3456 4941 3554 5010 τὴν
3585 4958 3768 5011 σφρα-

2185 5042 2304 5110 γῖδα
2331 5041 2428 5108 τῆς
2459 5037 2711 5097 πίστεως,
2751 5034 2800 5086 οἱ
2831 5033 3000 5103 χοροὶ,
3045 5032 3074 5083 6
3124 5030 3339 5100 μόσχος,
3377 5031 3409 5099 ή
3440 5031 3761 5098 συμφωνία,

2183 5133 2252 5184 τά
2290 5130 2423 5184 ἄλλα
2471 5127 2645 5181 πάντα
2690 5125 2791 5177 ὅσα
2835 5123 2892 5176 ἐν
2924 5119 3000 5190 τῷ
3036 5119 3348 5189 Εὐαγγελίῳ
3391 5118 3761 5182 κατείλεκται,

2185 5222 2321 5292 πλὴν
2345 5220 2446 5289 τῆς
2473 5216 2567 5269 τοῦ
2613 5212 2840 5283 ἀδελφοῦ
2887 5209 3233 5282 ζηλοτυπίας.
3283 5208 3440 5261 Ἀλλά
3487 5208 3538 5260 τί
3577 5209 3764 5279 μάτην

2182 5312 2420 5380 ὀνείρους
2453 5307 2662 5367 ἐαυτοίς
2693 5301 3133 5369 ἀναπλάττομενς
3184 5298 3576 5369 Ἐσκλήρυνται
3614 5296 3761 5368 κάρ-

2182 5401 2423 5455 διαιτῶν
2453 5395 2719 5464 ἀδελφῶν,
2758 5395 2854 5447 καὶ
2888 5391 3194 5453 ἀντιτύπως
3232 5389 3434 5459 ἔχουσι,
3470 5389 3598 5451 τοὺς
3637 5405 3758 5441 κοι-

2175 5494 2299 5556 νοὺς
2346 5490 2584 5558 πατέρας
2628 5483 3054 5556 προϐάλλονται,
3103 5481 3196 5534 καί⁵
3246 5478 3340 5550 τὴν
3387 5478 3760 5548 κληρονομίαν

2176 5583 2274 5654 τὴν
2294 5581 2389 5636 ἀπ’
2417 5578 2594 5635 αὐτῶν
2616 5578 2676 5631 ού
2707 5564 3111 5647 προσδέχονται,
3141 5575 3239 5644 τῆς
3270 5572 3451 5641 κοινῆς
3470 5573 3758 5639 εὐγενείας

647 5702 689 5731 ⁸⁸
731 5697 958 5752 Zachar.
1019 5709 1096 5758 ιι,
1136 5692 1188 5748 9.
1267 5694 1310 5724 ⁸³
1345 5691 1498 5747 .Ioan.
1545 5708 1619 5756 xv,
1678 5689 1766 5744 54.
1842 5688 1888 5718 δδ
1919 5685 2062 5742 Psal.

2191 5697 2332 5747 iXlll,
2370 5681 2426 5733 2.
2499 5681 2543 5711 ⁸⁵
2585 5681 2601 5734 l
2637 5679 2763 5734 Cor.
2809 5693 2904 5743 ιιι,
2941 5677 3029 5755 μ.
3101 5677 3150 5709 ⁸⁸
3189 5675 3324 5731 Luc.
3366 5683 3451 5732 xv,
3509 5667 3570 5720 Η
3611 5683 3736 5737 sqq.
