3842 6416
162 262 274 315 iii!)

1407 266 1473 320 IN
1504 266 1691 324 SUAM
1714 270 2250 336 ORDINATIONEM.

3309 292 3412 351 550

161 372 593 437 ἀντιποιοῦνται,
638 376 733 429 καὶ
773 380 871 448 τῆς
907 378 1043 449 πρὸς
1073 382 1217 450 ἡμᾶς
1250 386 1564 450 συγγενείας
1588 387 1717 440 ἀλλο

1817 393 2095 453 ηὶιοειὶὺυε
2142 401 2346 456 nostris
2395 418 2453 458 se
2493 416 2795 477 opponunt,
2832 416 2888 466 et
2918 409 3098 469 hostili
3127 416 3309 473 animo
3352 420 3405 474 in

161 463 446 529 τριοῦνται
468 481 482 494 ο
514 467 625 528 τοῖς
654 466 863 539 ἐχθροῖς
900 470 1057 540 ἡμῶν
1083 471 1578 537 ἀντικαθίστανται,
1606 477 1741 548 πρὸς

159 552 221 605 δὲ
248 555 402 623 ἡμᾶς
430 554 706 625 δυσμενῶς
738 558 973 629 ἔχουσιν·
1008 560 1197 632 ῶσπερ
1222 579 1273 615 τι
1310 564 1560 636 μεθόριον
1586 567 1741 637 ἡμῶν

160 662 222 697 τε
258 647 356 699 καὶ
399 647 507 700 τῶν
557 650 827 718 πολεμίων
852 653 1148 723 γενόμενοι,
1192 655 1287 708 καὶ
1325 656 1609 727 ἀμφότερά
1636 660 1741 712 είσι

164 737 260 790 καὶ
289 737 601 809 οὐδέτερον·
640 739 761 794 οὔτε
789 742 882 796 τὸν
917 744 1074 814 ὀρθὸν
1097 744 1252 813 λόγον
1278 746 1616 816 ὁμολογοῦσι,
1645 750 1741 804 καὶ

162 831 432 900 αἱρετικοὶ
477 831 832 901 ὀνομάζεσθαι
880 834 1219 900 άπαξιοῦσιν.
1277 839 1341 890 Ὢ
1368 838 1556 892 καινοῦ
1596 840 1739 910 πρά-

161 937 373 989 γματος
391 937 407 952 ·
454 923 548 975 καὶ
577 922 712 992 πρὸς
738 922 836 995 τὴν
869 924 1129 994 ἀλήθειαν
1160 929 1255 980 καὶ
1286 929 1422 999 πρὸς
1451 930 1512 982 τὸ
1539 930 1734 1000 ψεῦδος

162 1012 363 1080 ἐπίσης
405 1013 867 1085 ὲκπεπολέμηται,
895 1012 1005 1069 οἷόν
1044 1035 1097 1070 τι
1122 1018 1338 1089 δένδρον
1361 1019 1606 1091 ἄρριζον,
1634 1015 1738 1076 ὧδε

157 1108 256 1159 καὶ
286 1100 390 1160 ὧδε
422 1108 559 1179 πρὸς
583 1110 682 1172 τὰς
710 1109 956 1174 ἐναντίας
995 1112 1172 1182 ὁρμὰς
1203 1113 1437 1177 εὐκόλως
1480 1117 1739 1185 μετακλι-

159 1199 399 1268 νόμενοι.
472 1200 718 1254 Ἤκουσα
785 1200 879 1253 τοῦ
947 1202 1334 1271 εὐαγγελιστοῦ
1390 1205 1633 1259 Ἰωάννου
1678 1209 1736 1261 ὲν

159 1291 506 1363 άποκρύφοις
550 1292 686 1363 πρὸς
718 1292 845 1356 τοὺς
889 1293 1161 1358 τοιούτους
1192 1294 1259 1348 δι’
1290 1296 1608 1366 αἰνίγματος
1649 1296 1736 1350 λέ-

159 1399 381 1448 γοντος·
408 1382 486 1446 ὡς
513 1382 630 1437 δέον
660 1384 906 1455 ἀκριϐῶς
934 1384 1077 1449 ζέειν
1106 1386 1206 1456 μὲν
1239 1386 1454 1450 πάντως
1478 1386 1557 1456 τῷ
1588 1387 1750 1440 πνεύη

161 1491 313 1542 ματι,
367 1471 699 1544 κατεψῦχθαι
745 1474 803 1526 δὲ
846 1477 913 1545 τῇ
972 1476 1216 1547 ἁμαρτίᾳ
1244 1492 1259 1505 ο
1312 1477 1573 1545 Ὠερελον
1622 1478 1733 1548 γὰρ

155 1560 339 1633 ἦσθα,
383 1564 537 1635 φησὶ,
580 1563 837 1634 ψυχρὸς,
880 1565 920 1633 ἢ
966 1565 1207 1633 ζεστόςο
1253 1567 1314 1620 τὸ
1344 1568 1401 1621 δὲ
1436 1568 1730 1641 μηθὲτερον

154 1654 385 1719 τούτων,
418 1655 740 1726 ἀμφοτέρων
772 1655 829 1709 δὲ
870 1657 1244 1727 ἐφαπτόμενον
1278 1659 1565 1723 ναυτιῶδες
1590 1661 1726 1724 ἐστι,

1842 498 1943 538 nos
1990 485 2166 542 aﬁ‘ecti
2205 499 2369 545 sunt:
2403 502 2655 563 tanquam
2694 501 2983 555 conﬁnium
3024 503 3165 560 inter
3211 521 3310 562 nos
3353 520 3407 562 et

1843 572 2028 630 hostes
2071 577 2221 647 facti,
2268 589 2323 636 et
2372 594 2597 654 utraque
2642 598 2769 645 sunt
2820 602 2873 645 et
2910 604 3194 662 neutrum;
3231 613 3405 665 neque

1838 674 2046 721 rectum
2083 686 2385 728 sermonem
2412 676 2758 745 conﬁtentur,
2782 690 2835 735 et
2879 683 3115 740 hmretici
3146 688 3401 757 appellari

1838 768 2113 816 recusant.
2167 766 2208 815 υ
2254 780 2367 819 rem
2410 767 2740 823 inauditam!
2791 781 2844 826 et
2890 775 3102 830 veritati
3147 777 3308 832 simul
3348 787 3403 833 et

1839 847 2120 906 mendacio
2149 853 2350 922 pariter
2378 856 2577 911 bellum
2603 859 2933 927 indixerunt,
2956 872 3206 936 tanquam
3237 869 3402 923 arbor

1838 942 2099 1011 quaepiam
2122 944 2399 1001 radicibus
2418 962 2613 1003 carens
2642 948 2747 1003 buc
2774 958 2828 1004 et
2852 952 2979 1008 illuc
3000 954 3099 1009 levi
3128 968 3401 1015 momento

1835 1035 2124 1090 contrariis
2158 1036 2477 1106 impulsibus
2520 1040 2783 1096 inclinati.
2832 1042 3090 1101 Joannem
3118 1047 3401 1121 Evangeli-

1836 1131 1976 1179 stam
2006 1127 2187 1182 audivi
2237 1129 2552 1199 hujusmodi
2595 1133 2843 1191 homines
2885 1137 3223 1205 anigmatica
3274 1156 3400 1197 ora-

1834 1214 1980 1270 tione
2026 1216 2082 1271 in
2123 1220 2449 1291 apocrypbis
2507 1222 2863 1293 alloquentem
2903 1244 2917 1279 :
2956 1241 3078 1279 cu
3125 1236 3399 1295 Oporteret

1832 1316 2020 1362 exacte
2064 1306 2270 1365 fervere
2306 1312 2522 1381 quidem
2570 1316 2791 1369 omnino
2830 1316 3044 1386 spiritu,
3076 1316 3271 1388 frigere
3297 1334 3397 1373 au-

1833 1402 1940 1449 tem
1968 1408 2208 1465 peccato.
2244 1399 2457 1456 Utinam
2479 1403 2617 1457 enim
2638 1421 2797 1471 esses,
2829 1406 3021 1476 inquit,
3046 1406 3273 1478 frigidus
3303 1420 3395 1463 aut

1831 1484 2034 1540 calidus
2085 1489 2160 1541 ⁸⁷2
2207 1492 2350 1559 quod
2406 1509 2533 1548 vero
2582 1502 2831 1550 neutrum
2888 1495 2971 1552 e'st
3050 1500 3264 1567 horum,
3300 1502 3394 1558 sed

1833 1584 2119 1647 utrumque
2147 1580 2377 1651 attingit,
2411 1598 2668 1639 nauseam
2709 1586 2927 1652 excitat,
2954 1597 3006 1642 et
3036 1589 3101 1643 ad
3136 1591 3392 1645 vomitum

1831 1674 1915 1720 est
1944 1667 2215 1723 idoneum.
2250 1670 2390 1735 Quid
2433 1674 2594 1741 igitur
2631 1689 2810 1730 causa:
2840 1687 2943 1741 est,
2982 1692 3081 1731 cur
3111 1678 3237 1733 olim
3268 1680 3392 1750 qui-

154 1748 251 1799 καὶ
285 1747 426 1817 πρὸς
453 1747 644 1818 ἔμετον
673 1748 993 1818 ἐπιτήδειον.
1030 1750 1095 1801 Τί
1124 1745 1215 1803 οῦν
1243 1750 1304 1802 τὸ
1338 1750 1528 1813 αἴτιον,
1561 1751 1717 1806 πάλαι

1829 1756 1951 1811 dem
1975 1761 2310 1829 temporibus
2330 1762 2717 1833 discipulorum
2746 1766 2811 1821 ad
2843 1766 3136 1824 Eeclesiam
3162 1771 3392 1841 plurima

156 1840 259 1908 μὲν
287 1840 382 1892 ἐπὶ
416 1839 524 1893 τῶν
559 1838 813 1909 μαθητῶν
856 1839 943 1892 διὰ
983 1839 1078 1893 τοῦ
1124 1841 1329 1912 Κυρίου
1361 1842 1494 1895 πολὺ
1528 1840 1729 1911 πλῆθος

150 1934 218 2000 τῇ
269 1930 569 2001 Ἐκκλησία
604 1928 1008 1999 προσάγεσθαι,
1057 1932 1172 1984 νυνὶ
1216 1931 1273 1984 δὲ
1314 1933 1437 1995 τοὺς
1481 1932 1723 2003 μακροὺς

151 2021 248 2075 καὶ
272 2020 622 2091 περικαλλεῖς
652 2019 761 2074 τῶν
784 2020 1118 2076 διδασκάλων
1146 2022 1334 2090 λόγους
1362 2025 1725 2094 παρατρέχειν

150 2113 471 2182 ἀπράκτους
489 2127 505 2175 ;

232 2205 385 2274 Ἑρεί
414 2221 497 2266 τις
526 2204 674 2267 ἴσως,
701 2204 781 2257 δτι
809 2205 928 2258 τότε
963 2207 1222 2277 συνήργει
1256 2209 1368 2270 τοῖς
1408 2206 1725 2271 ἀποστόλοις

146 2293 215 2346 τὰ
249 2295 316 2347 ὲκ
340 2293 451 2347 τῶν
482 2292 656 2363 ἔργων
684 2292 955 2363 θαύματα,
1006 2297 1101 2348 κο.)⁸
1146 2295 1206 2348 τὺ
1243 2295 1550 2360 ἀξιόπιστον
1581 2300 1609 2350 ό
1640 2297 1724 2350 λόέ

146 2403 242 2452 γος
272 2384 365 2437 διὰ
391 2384 499 2436 τῶν
529 2385 881 2454 χαρισμάτων
926 2380 1059 2455 εἶχε.
1104 2386 1251 2455 Φημὶ
1298 2385 1450 2454 κάγὼ
1483 2388 1723 2459 μεγάλην

145 2479 288 2530 εἶναι
316 2478 455 2547 πρὸς
478 2476 541 2528 τὸ
566 2474 769 2529 πείθειν
792 2475 963 2546 ῥοπὴν
984 2477 1082 2546 τὴν
1111 2478 1175 2530 ὲκ
1194 2478 1300 2529 τῶν
1329 2478 1503 2549 ἔργων
1532 2479 1683 2551 ἰσχύν
1704 2496 1719 2511 ο

145 2570 263 2621 νυνὶ
293 2568 353 2621 δὲ
398 2568 451 2620 τί
479 2567 586 2638 χρὴ
625 2567 693 2619 τὰ
726 2566 982 2635 γινόμενα
1011 2567 1287 2637 ἡγεῖσθαι;
1330 2570 1440 2621 Καὶ
1471 2570 1569 2640 οὐχ
1590 2572 1721 2642 ὁρᾷς

144 2663 213 2714 τά
238 2661 403 2730 ὃμοια
430 2660 529 2727 τῆς
556 2657 791 2721 πίστεως
825 2656 1075 2728 θαύματα
1098 2677 1113 2723 ;
1146 2659 1460 2730 Οίκειοῦμαι
1483 2662 1590 2731 γάρ
1612 2661 1721 2715 τῶν

143 2750 456 2819 ὁμοδούλων
487 2747 643 2819 ήμῶν
683 2748 753 2802 τὰ
793 2746 1220 2819 κατορθώματα,
1264 2749 1341 2819 τῷ
1372 2750 1517 2821 αὐτῷ
1555 2751 1719 2803 πνεύ-

146 2860 277 2912 ματι
307 2840 647 2910 στοιχοῦντες
684 2841 742 2892 ὲν
767 2844 832 2909 τῇ
860 2839 1084 2910 δυνάμει
1116 2841 1222 2893 τῶν
1256 2840 1467 2895 ἰάσεων.
1499 2844 1721 2912 Μαρτυ-

144 2932 299 3003 ροῦσι
344 2934 412 3003 τῇ
456 2931 682 3001 ἀληθείᾳ
721 2930 815 2983 τοῦ
868 2930 1022 2998 λόγου
1068 2930 1257 3000 ἄνδρες
1307 2932 1365 2997 ἐξ
1422 2931 1717 3003 ὑπερορίας

138 3028 389 3096 ἥκοντες,
423 3024 635 3078 πολῖται
659 3021 752 3076 τοῦ
781 3023 1161 3122 πατρὸςᾼήμῶν
1193 3023 1528 3122 Ἀδραάμ,ὲξ
1547 3025 1717 3122 Macro-
1741 3063 1783 3122 ο

138 3115 424 3188 ποταμίας
456 3114 805 3186 ὡρμημένοι,
853 3112 1157 3180 ἐξελθόντες
1198 3115 1291 3168 καὶ
1335 3109 1479 3169 οὗτοι
1512 3117 1576 3169 ἐκ
1616 3117 1714 3186 τῆς

136 3207 242 3277 γῆς
270 3209 368 3261 καὶ
416 3208 481 3259 ὲκ
508 3206 605 3276 τῆς
648 3204 963 3272 συγγενείας
1010 3204 1186 3258 αὐτῶν
1238 3208 1329 3259 καὶ
1375 3204 1470 3258 τοῦ
1511 3206 1712 3276 κόσμου

138 3300 365 3365 παντὸς,
409 3299 545 3371 πρὸς
582 3300 807 3370 οὐρανὸν
838 3298 1145 3367 βλέποντες,
1194 3296 1555 3368 ἐκδημοῦντες
1591 3298 1714 3368 τρό-

137 3408 237 3444 πον
272 3391 396 3444 τινὰ
426 3390 526 3460 τῆς
555 3389 917 3461 ἀνθρωπίνης,
951 3387 1062 3442 ἀνω
1102 3388 1209 3442 τῶν
1240 3389 1337 3457 τῆς
1364 3387 1578 3457 φύσεως
1610 3406 1713 3441 πα-

138 3483 407 3553 θημάτων
436 3481 735 3552 ἱστάμενοι,
764 3480 1012 3533 τοσοῦτον
1039 3481 1401 3550 ἐφαπτόμενοι
1430 3481 1530 3550 τῆς
1565 3480 1710 3551 ζωῆς

133 3574 341 3644 ταύτης
391 3573 512 3627 ὅσον
560 3572 889 3639 ἐπάναγκες,
937 3570 1014 3640 τῷ
1062 3571 1117 3623 δὲ
1152 3570 1352 3624 πλείονι
1398 3571 1550 3643 μέρει
1590 3574 1711 3635 ταῖς

136 3665 451 3736 ἀσωμάτοις
481 3663 1065 3734 συμμετεωροποροῦσι
1096 3663 1374 3734 δυνάμεσι,
1408 3665 1628 3735 γηραιοὶ
1647 3664 1709 3716 τὸ

134 3753 295 3821 εἶδος,
328 3756 516 3827 σεμνοὶ
560 3756 696 3827 πρὸς
746 3755 912 3820 ἰδέαν,
960 3754 1120 3825 πολιᾷ
1169 3755 1491 3821 στίλϐοντες,
1528 3757 1704 3827 σιωπῇ

135 3847 635 3920 κατησφαλισμένοι
664 3846 733 3900 τά
780 3847 1042 3917 στόματα,
1082 3846 1404 3917 λογομαχεῖν
1442 3848 1541 3901 ούκ
1574 3848 1709 3901 εἰδό-

141 3958 246 4005 ιες,
283 3939 533 4010 συζητεῖν
580 3938 640 3991 ού
693 3936 951 4009 μαθόντες
983 3955 996 3968 ’
1048 3936 1313 4009 τοσαύτην
1347 3938 1526 4009 ἔχουσι
1567 3938 1707 3992 κατὰ

132 4035 240 4085 τῶν
271 4030 600 4102 πνευμάτων
639 4029 737 4101 τὴν
769 4028 1036 4093 ἐξουσίαν,
1067 4029 1143 4092 ὼς
1171 4028 1423 4099 θαύματα
1460 4031 1604 4100 μόνῳ
1628 4029 1706 4099 τῷ

131 4123 381 4179 δοκοῦντι
408 4120 857 4193 κατεργάζεσθαι,
901 4121 994 4174 καὶ
1016 4121 1317 4191 ὑποχωρεῖν
1338 4119 1405 4173 τὰ
1434 4120 1701 4189 δαιμόνια,

129 4216 188 4266 ού
232 4211 609 4280 συλλογισμῶν
641 4210 877 4279 τέχναις,
922 4208 1036 4262 ἀλλ’
1076 4208 1294 4280 ἐξουσίᾳ
1320 4209 1420 4277 τῆς
1447 4208 1701 4274 πίστεως,

130 4305 229 4357 οῦκ
277 4304 359 4365 είς
394 4300 630 4372 ἀπορίαν
661 4300 997 4368 ἀντιφάσεως
1032 4299 1401 4370 περιαγόμενα
1425 4339 1438 4358 ,
1476 4298 1588 4351 ἀλλ’
1624 4299 1703 4361 είς

1829 1847 2117 1903 multitudo
2163 1864 2195 1903 a
2246 1849 2474 1907 Domino
2497 1862 2898 1925 aggregaretur,
2925 1856 3033 1926 jam
3064 1873 3191 1913 vero
3220 1860 3393 1931 longa:

1826 1947 1879 1991 et
1930 1948 2135 1994 ornata:
2186 1941 2464 1997 doctorum
2529 1946 2817 2002 conciones
2865 1948 2981 2003 sine
3032 1949 3140 2004 ullo
3197 1949 3393 2007 eﬁ‘ectu

1827 2031 2241 2097 przetervolent?

1895 2215 2148 2272 Fortasse
2204 2218 2345 2273 dicet
2393 2221 2693 2291 quispiam,
2744 2225 2888 2294 quod
2948 2235 3060 2281 tum
3115 2228 3391 2297 apostolos

1824 2305 2082 2359 miracula
2108 2321 2170 2360 ex
2204 2309 2457 2377 Operihus
2479 2310 2816 2379 adjuvarent,
2846 2322 2900 2369 et
2929 2315 3016 2369 illa
3042 2316 3222 2370 divina
3248 2318 3388 2372 dona

1823 2395 2052 2448 orationi
2088 2394 2242 2450 ﬁdem
2277 2400 2649 2454 conciliarent.
2685 2400 2797 2472 Ego
2834 2419 2966 2459 vero
3008 2420 3261 2476 magnum
3302 2408 3388 2461 al-

1823 2482 1966 2538 Fcrre
1996 2485 2062 2538 ad
2089 2486 2496 2554 persuasionem
2530 2503 2858 2546 momentum
2889 2494 2996 2548 vim
3022 2511 3244 2565 operum
3278 2512 3389 2553 non

1822 2573 2067 2629 dilﬁteor.
2103 2575 2297 2631 Verum
2331 2578 2479 2647 quid,
2509 2595 2711 2648 quaeso,
2748 2582 2814 2637 de
2864 2584 2931 2638 iis
2971 2600 3090 2654 qua:
3119 2602 3264 2641 nunc
3298 2603 3389 2657 ge-

1820 2672 2013 2717 runtur
2066 2666 2437 2721 arbitrandum
2493 2670 2613 2723 est?
2656 2686 2834 2726 nonne
2881 2675 3030 2742 paria
3082 2675 3204 2731 ﬁdei
3237 2677 3387 2733 vides

1820 2753 2127 2807 miracula?
2157 2770 2543 2811 conservorum
2594 2761 2734 2814 enim
2772 2768 3082 2817 nostrorum
3128 2766 3386 2834 praeclara

1818 2842 2059 2898 facinora
2093 2854 2279 2901 nostra
2303 2857 2511 2918 reputo,
2547 2851 2639 2920 qui
2674 2851 2861 2907 eodem
2906 2853 2960 2907 in
2996 2855 3196 2911 virtute
3223 2872 3386 2911 cura-

1815 2935 2024 2987 tionum
2060 2936 2252 3005 spiritu
2279 2939 2562 2994 nobiseum
2587 2942 2880 2997 ducuntur.
2913 2943 3088 3014 Hujus
3118 2947 3384 3003 orationis

1817 3025 2030 3080 veritati
2070 3029 2435 3086 testimonium
2465 3029 2655 3087 dicunt
2696 3033 2795 3088 viri
2830 3033 2897 3090 ab
2926 3036 3126 3093 exteris
3171 3046 3223 3094 et
3268 3039 3386 3097 lon-

1813 3115 2029 3185 ginquis
2070 3118 2377 3187 regionibus
2418 3120 2650 3189 advecti,
2683 3126 2851 3192 patris
2898 3127 3066 3181 nostri
3107 3127 3381 3184 Abraham

1813 3206 1959 3261 cives
1988 3222 2050 3261 cx
2086 3207 2469 3279 Mesopotamia
2490 3211 2753 3283 “profecti,
2787 3216 2877 3285 qui
2918 3226 2971 3271 et
3019 3218 3120 3287 ipsi
3142 3220 3208 3275 de
3242 3230 3384 3276 terra

1812 3304 1865 3351 et
1917 3300 2240 3368 cognatione
2290 3318 2427 3365 sua,
2487 3312 2649 3376 atque
2697 3305 2831 3361 adeo
2887 3322 2955 3362 ex
3011 3317 3127 3366 toto
3179 3315 3384 3369 mundo

1810 3391 2057 3459 egressi,
2096 3393 2269 3449 oculis
2307 3394 2371 3448 ad
2414 3397 2612 3451 ccelum
2660 3398 2961 3467 conversis,
2995 3408 3049 3455 et
3088 3410 3239 3458 extra
3277 3403 3381 3459 hu-

1811 3495 2025 3534 manam
2058 3483 2459 3552 quodammodo
2493 3489 2901 3559 peregrinantes
2928 3500 3199 3560 naturam,
3225 3504 3379 3552 extra

1810 3584 2022 3626 omnem
2047 3575 2508 3642 perturbationum
2536 3579 2707 3634 aleam
2746 3583 3046 3649 constituti,
3075 3592 3281 3640 tantum
3313 3603 3380 3644 ex

1810 3661 1911 3716 bac
1939 3664 2046 3717 vita
2075 3664 2336 3733 delibant,
2359 3682 2618 3738 quantum
2642 3687 2866 3729 necesse
2889 3681 2975 3730 est
2998 3692 3012 3741 ;
3037 3678 3231 3746 potiori
3255 3694 3381 3733 vero

1809 3755 1892 3809 sui
1937 3768 2090 3826 parte
2138 3773 2260 3813 cum
2311 3760 2646 3831 incorporeis
2699 3764 2992 3823 virtutibus
3041 3768 3095 3822 in
3145 3771 3378 3826 excelsis

1805 3852 2115 3908 versantur,
2141 3847 2297 3901 senili
2344 3850 2544 3918 specie,
2580 3858 2743 3921 atque
2788 3862 3011 3925 aspectu
3036 3857 3374 3924 .venerando,

1806 3935 2006 3989 canitie
2037 3938 2402 4006 splendentes,
2452 3949 2505 3994 et
2548 3943 2830 4012 obsignata
2873 3946 3089 4002 silentio
3127 3954 3369 4003 tenentes

1804 4038 1922 4090 ora,
1948 4024 2039 4093 qui
2074 4026 2352 4083 decertare
2383 4029 2558 4084 verbis
2588 4034 3044 4106 nesciunt.neque
3072 4036 3378 4105 disquirere

1804 4128 1897 4171 aut
1923 4118 2227 4188 disceptare
2265 4120 2592 4185 didicerunt,
2625 4130 2939 4194 tantamque
2969 4128 3231 4182 adversus
3265 4130 3378 4197 spi-

1803 4209 1939 4265 ritus
1983 4209 2227 4265 obtinent
2269 4219 2615 4283 potestatem,
2652 4224 2710 4267 ut
2737 4216 2997 4270 miracula
3024 4219 3142 4273 sola
3180 4220 3375 4274 volun-

1804 4304 1913 4352 tate
1942 4298 2239 4366 perliciant,
2271 4307 2326 4354 et
2368 4301 2633 4355 daemonia
2682 4303 2975 4361 abscedant
3003 4323 3108 4367 non
3152 4310 3375 4381 syllogi-

130 4395 188 4447 τὸ
224 4394 414 4455 σκότος
441 4392 500 4444 τὸ
535 4390 795 4461 ἐξώτερον
821 4390 1253 4460 ἀπελαυνόμενα.
1300 4388 1485 4451 Οὕτως
1511 4386 1649 4442 οἶδεν
1672 4389 1701 4440 ό

1817 4403 2043 4443 imorum
2076 4390 2323 4454 artiﬁcio,
2362 4392 2454 4447 sed
2492 4393 2615 4447 lidei
2638 4396 2894 4463 potentia,
2931 4414 3035 4452 non
3077 4400 3130 4453 in
3163 4417 3257 4457 eas
3290 4417 3376 4457 re-

132 4483 458 4555 Χριστιανὸς
491 4480 927 4551 συλλογίζεσθαι’
969 4481 1139 4536 ταῦτα
1167 4480 1269 4551 τῆς
1295 4480 1527 4543 πίστεως
1550 4480 1704 4550 ἡμῶν

131 4576 197 4628 τὰ
218 4568 638 4645 κατορθώματα.
655 4573 754 4626 Διὰ
770 4572 820 4626 τί
836 4568 927 4627 οὖν
944 4573 1007 4626 ού
1036 4572 1315 4644 πείθομεν,
1347 4574 1393 4623 εί
1423 4572 1704 4655 πλεονάζει

130 4666 238 4718 τῶν
289 4664 536 4735 ἰαμάτων
575 4666 609 4733 ὴ
638 4664 834 4735 χάρις;
878 4665 926 4716 εί
974 4662 1284 4734 περισσεύει
1326 4663 1704 4734 ήδιδασκαλία

133 4758 222 4811 τοῦ
247 4757 409 4825 λόγου
431 4771 445 4820 ;
474 4754 678 4808 Πάντα
707 4754 773 4807 δὲ
797 4756 979 4809 ταῦτα
1002 4753 1232 4824 ἐνεργεῖ
1245 4753 1315 4807 ἓν
1344 4754 1442 4835 καί
1462 4754 1529 4808 τὸ
1554 4754 1705 4809 αὐτό

134 4847 406 4918 Πνεῦμα,
433 4846 703 4915 διαιροῦν
746 4847 865 4911 ἰδίᾳ
903 4846 1140 4908 ἑκάστῳ
1170 4845 1363 4910 καθὼς
1389 4846 1699 4910 βούλεται.

130 4938 222 4990 Διὰ
248 4937 303 4989 τί
333 4938 394 4989 οὐ
428 4935 638 5003 γίνεται
669 4938 702 5005 η
733 4934 842 4987 τῶν
875 4934 1198 5004 σωζομένων
1223 4934 1542 5006 προσθήκη;
1591 4936 1701 4988 Καὶ

132 5030 322 5099 μηδεὶς
370 5027 664 5081 ὑπονοείτω
713 5026 913 5098 μικρὰν
965 5025 1062 5097 τὴν
1130 5025 1405 5095 παροῦσαν
1450 5026 1699 5096 ἡγεῖσθαι

129 5124 304 5189 χάριν.
344 5117 493 5189 Ὀρῶ
541 5117 799 5186 κομῶσαν
841 5117 940 5187 τὴν
985 5115 1262 5186 ἄμπελον,
1304 5116 1701 5187 εύθηνουμένην

131 5216 243 5277 ταῖς
277 5212 596 5281 κληματίσι,
628 5212 721 5262 καὶ
749 5208 826 5279 τῷ
855 5209 1051 5280 καρπῷ
1094 5208 1490 5272 πλεονάζουσαν
1524 5225 1535 5237 ·
1590 5207 1702 5277 ὁρῶ

131 5302 531 5374 κυμαινομένην
552 5300 631 5371 τῷ
659 5300 848 5371 πλήθει
869 5300 976 5352 τῶν
998 5298 1281 5369 ἀσταχύων
1305 5298 1404 5369 τὴν
1430 5299 1666 5370 ἄρουραν
1682 5318 1694 5330 ·

132 5399 260 5466 βαθὺ
312 5398 373 5450 τὸ
419 5396 601 5467 λήϊον,
648 5393 806 5463 ἀδρὸν
854 5392 915 5443 τὸ
947 5391 1187 5461 δράγμα,
1218 5390 1385 5452 πολὺς
1419 5390 1447 5441 ό
1478 5390 1695 5461 σπόρος.

141 5489 295 5542 Ἀλλὰ
328 5488 379 5540 τί
422 5487 611 5552 πάθω;
663 5485 1009 5554 Ἀπλήρωτον
1038 5482 1175 5551 ἔχων
1206 5483 1263 5533 ἐν
1297 5484 1408 5543 τοῖς
1438 5481 1697 5545 τοιούτοις

129 5581 220 5651 τὴν
269 5579 432 5649 φύσιν
475 5577 553 5648 τῷ
600 5577 759 5631 πάθει
811 5574 918 5629 τῶν
966 5572 1332 5644 φιλοπλούτων
1372 5573 1691 5644 κατέχομαι.

199 5767 241 5797 ⁸⁷
284 5768 451 5835 Apoc.
482 5781 561 5828 ιιι,
607 5763 691 5817 15.
845 5766 895 5800 ⁸⁸
933 5766 955 5820 ι
1000 5768 1127 5823 Cor.
1160 5783 1259 5836 xu,
1293 5767 1384 5822 11.

1802 4479 1948 4533 dacti
1976 4482 2276 4550 angustias,
2307 4490 2364 4535 ut
2407 4482 2539 4536 nihil
2579 4485 2973 4552 contradicant,
3006 4488 3100 4543 sed
3139 4490 3196 4545 in
3224 4498 3377 4547 tene-

1799 4572 1929 4627 bras
1953 4574 2254 4629 exteriores
2278 4574 2475 4629 abacti.
2510 4572 2602 4629 Sic
2629 4577 2778 4631 novit
2810 4579 3151 4649 syllogismos
3190 4590 3373 4639 texere

1798 4660 2183 4717 Christianus:
2218 4677 2281 4718 ea
2328 4672 2457 4718 sunt
2511 4663 2635 4719 ﬁdei
2695 4674 2892 4721 nostra:
2940 4671 3200 4736 praeclara
3238 4670 3374 4726 faci-

1797 4767 1952 4809 nora.
2007 4752 2117 4808 Cur
2160 4769 2288 4824 ergo
2329 4770 2435 4809 non
2481 4756 2774 4820 credimus.
2823 4758 2870 4814 si
2914 4760 3152 4814 abundat
3194 4762 3368 4832 gratia

1798 4846 2089 4901 sanitatum
2109 4885 2124 4909 ,
2166 4846 2211 4900 si
2247 4846 2509 4901 exuberat
2535 4848 2783 4903 doctrina
2813 4852 2995 4906 verbi?
3038 4851 3166 4905 Ilazc
3194 4863 3368 4907 autem

1799 4939 1978 4992 omnia
2028 4948 2276 5007 operatur
2328 4955 2461 4992 unus
2503 4950 2658 5009 atque
2683 4942 2819 4996 idem
2845 4943 3099 5011 Spiritus,
3135 4943 3367 4998 dividens

1798 5028 2018 5099 singulis
2062 5038 2216 5098 prout
2251 5029 2363 5082 vult
2388 5030 2471 5083 ’δε
2508 5046 2607 5084 cur
2633 5047 2743 5086 non
2791 5033 2848 5086 ﬁt
2893 5048 3079 5088 eorum
3127 5034 3219 5103 qui
3261 5037 3369 5088 sal-

1798 5128 1991 5174 ventur
2020 5121 2300 5176 accessio?
2328 5120 2513 5192 Neque
2547 5139 2675 5179 vero
2701 5125 2755 5178 in
2780 5133 3010 5179 mentem
3035 5125 3216 5179 veniat
3252 5127 3369 5179 cni-

1800 5228 1963 5282 quam
1990 5215 2238 5282 exiguam
2266 5224 2585 5283 praesentem
2610 5217 2835 5287 gratiam
2857 5216 3367 5273 existimare.Video

1805 5314 2105 5359 comantem
2148 5306 2333 5370 vitem,
2364 5308 2630 5377 pampinis
2662 5317 2715 5363 et
2749 5309 3034 5364 sarmentis
3071 5310 3366 5365 silvescen~

1805 5404 1932 5456 tem.
1970 5411 2032 5450 ac
2075 5396 2304 5452 racemis
2343 5399 2758 5462 exuberantem,
2787 5414 2972 5469 agrum
3012 5400 3177 5471 spicis
3207 5402 3367 5455 luxu-

1802 5489 2067 5555 riantem,
2124 5488 2347 5542 densam
2395 5496 2664 5558 segetem,
2702 5490 2936 5557 amplum
2990 5491 3321 5562 manipulum
3349 5530 3367 5555 ,

1801 5579 2024 5634 multam
2069 5586 2385 5636 sementem.
2434 5579 2570 5645 Quid
2610 5595 2739 5650 ergo
2787 5592 2869 5637 est
2915 5581 3059 5638 uuod
3105 5597 3190 5638 me
3232 5583 3369 5638 male
