3842 6408
491 247 588 301 551

1723 250 1781 304 S.
1823 249 2152 308 GREGORII
2193 249 2237 304 Ν
2249 249 2487 306 YSSENI

3636 245 3729 299 553

488 361 686 416 habet?
711 359 1019 430 lnexplebili
1041 361 1275 430 quadam
1303 365 1358 418 in
1381 363 1649 434 ejusmodi
1677 365 1840 419 rebus
1861 374 2056 419 natura

2166 365 2354 428 Οὐδεὶς
2397 365 2713 436 περιουσίας
2757 365 2881 435 ὄρος
2926 363 3025 435 τὴν
3072 361 3366 432 ἐπιθυμίαν
3415 361 3612 432 ἵστησι.
3658 365 3724 416 Τὸ

486 453 768 523 praeditus,
802 453 989 508 eodem
1021 469 1144 508 cum
1181 457 1362 511 avaris
1400 457 1592 510 morbo
1620 456 1844 512 laboro:
1876 458 2060 514 nullus

487 559 654 614 ωριτε
675 557 729 598 et
751 545 1122 599 redundantia‘
1141 547 1404 602 terminus
1427 547 1778 618 cupiditatem
1804 549 2055 616 cohibet;

487 637 539 688 id
567 637 710 706 quod
746 637 798 690 in
835 636 954 691 dies
990 637 1222 699 accedit,
1251 637 1320 691 ad
1363 639 1514 707 plura
1548 649 1806 709 provocat
1851 643 2062 710 appeti-

486 739 623 793 tum,
653 737 706 783 et
737 729 790 782 in
839 730 1077 783 fomitem
1120 730 1371 786 desiderii
1419 731 1686 800 majorum
1730 747 1895 802 opum
1925 747 2060 786 con-

487 823 732 873 vertitur.
768 819 849 874 Me
877 821 1091 889 quidem
1129 821 1398 876 oblectant
1426 837 1488 876 ea
1540 837 1658 892 quze
1682 832 1966 876 versantur
1989 823 2060 877 ob

487 913 674 966 oculos
699 929 714 974 ς
744 914 1101 982 praesentibus
1138 921 1434 984 torqueor;
1467 929 1666 970 novum
1698 915 2059 984 perturbatio-

488 1004 573 1057 nis
605 1019 775 1072 genus
803 1019 867 1058 ex
891 1005 1181 1060 contrariis
1217 1008 1562 1062 commistum
1605 1007 1846 1061 animum
1876 1022 2056 1062 meum

486 1094 795 1162 occupavit,
826 1101 1082 1162 tanquam
1109 1095 1385 1164 voluptate
1421 1112 1543 1150 cum
1573 1097 1791 1152 tristitia
1815 1104 2058 1152 contem-

487 1193 692 1252 perata.
728 1185 904 1254 Atque
949 1185 1002 1238 in
1034 1200 1128 1240 vos
1166 1187 1383 1255 quidem
1419 1188 1464 1241 si
1503 1197 1816 1243 convertam
1847 1190 2056 1251 oculos.

487 1276 540 1327 in
567 1275 718 1328 vobis
737 1275 1066 1329 desiderium
1091 1284 1335 1330 nostrum
1355 1278 1681 1347 acquiescit;
1709 1280 1755 1335 si
1771 1293 1902 1334 vero
1915 1281 2058 1349 quod

485 1366 637 1418 deest
688 1366 740 1418 in
787 1366 1100 1420 memoriam
1141 1368 1342 1432 redeat,
1384 1384 1490 1423 non
1533 1370 1705 1426 habeo
1749 1387 1859 1441 quo
1900 1380 2058 1441 pacto

484 1457 848 1511 calamitatem
880 1458 1172 1528 deplorem.
1204 1459 1462 1515 Homines
1485 1465 1627 1516 enim
1657 1465 1969 1518 omittentes
2000 1467 2055 1518 in

486 1545 715 1600 Domino
743 1549 997 1618 gaudere,
1020 1560 1072 1603 et
1103 1565 1168 1604 ex
1202 1552 1456 1606 Ecclesia:
1490 1567 1619 1620 pace
1649 1554 1834 1608 animo
1861 1569 2056 1623 capere

2166 459 2254 511 ἀεὶ
2282 457 2707 528 προσγινόμενον
2727 455 2864 527 πρὸς
2889 453 2952 508 τὸ
2977 454 3140 507 πλέον
3162 453 3394 524 ἑρεθίζει
3417 453 3512 523 τὴν
3537 454 3721 523 ὄρεξιν,

2173 549 2506 619 ὑπέκκαυμα
2553 549 2652 617 τῆς
2698 547 2792 602 τοῦ
2835 545 3078 608 πλείονος
3117 545 3408 615 ἐπιθυμίας
3433 545 3720 613 γινόμενον.

2171 641 2464 711 Εύφραίνει
2487 658 2552 711 με
2581 639 2652 692 τὰ
2676 637 2947 710 ὁρώμενα.
2969 639 3095 700 Τοῖς
3121 636 3384 707 παροῦσιν
3411 635 3716 706 ἀγάλλομαι.

2170 731 2263 783 καὶ
2287 732 2399 793 τοῖς
2428 728 2660 782 ἀποῦσιν
2691 728 2990 797 ἀλγύνομαι
3006 744 3020 758 ο
3065 727 3240 780 κοινόν
3264 743 3316 778 τι
3346 726 3516 788 πάθος
3541 727 3603 778 ὲκ
3624 728 3722 780 τῶν

2167 821 2426 876 ἐναντίων
2447 819 2752 891 σύμμικτον
2773 819 2872 891 τὴν
2895 819 3073 889 ψυχὴν
3099 818 3358 888 περιέχει,
3386 817 3578 888 ἡδονῆς
3596 818 3722 889 πρὸς

2163 912 2341 984 λύπην
2373 911 2847 982 συγκεκραμένης.
2899 909 3024 963 Ἐὰν
3063 908 3202 979 πρὸς
3245 909 3390 979 ὑμᾶς
3427 908 3718 978 ἀναϐλέψω,

2164 1007 2292 1078 ὑμῖν
2325 1003 2658 1058 ὲπαναπαύω
2685 1003 2776 1056 τὸν
2816 1002 2978 1056 πόθον
2998 1017 3011 1030 ·
3058 1003 3153 1056 ὲάν
3188 1000 3250 1054 τὸ
3290 1001 3474 1053 λεῖπον
3502 999 3722 1068 λογίσω-

2165 1113 2285 1165 μαι,
2307 1095 2408 1148 οὐκ
2429 1094 2536 1164 ἕχω
2557 1095 2705 1156 ὅπως
2737 1091 2976 1157 στενάξω
3004 1091 3102 1162 τὴν
3142 1090 3450 1161 συμφοράν.
3481 1091 3590 1142 Καὶ
3619 1089 3718 1160 γὰρ

2160 1185 2390 1254 ἀφέντες
2416 1187 2466 1238 οἱ
2503 1185 2778 1257 ἄνθρωποι
2806 1185 2865 1237 τὸ
2891 1187 3239 1255 κατατρυφᾷν
3265 1184 3359 1238 τοῦ
3389 1184 3613 1256 Κυρίου,
3636 1186 3721 1238 καὶ

2160 1277 2253 1331 ἐπὶ
2289 1281 2354 1348 τῇ
2395 1278 2584 1347 εἰρήνῃ
2613 1277 2710 1346 τῆς
2755 1276 3078 1344 Ἐκκλησίας
3111 1276 3514 1346 εὐφραίνεσθαι,
3546 1276 3721 1340 οὐσίας

2161 1367 2314 1432 τινὰς
2346 1366 2739 1437 τεχνολογοῦσι,
2763 1368 2857 1420 καὶ
2891 1367 3094 1436 μεγέθη
3121 1365 3576 1436 καταμετροῦσιν,
3606 1367 3720 1420 Υίὸν

2162 1458 2338 1530 Πατρὶ
2358 1457 2855 1529 παραμετροῦντες,
2887 1459 2979 1510 καὶ
3004 1457 3385 1528 περισσότερον
3405 1457 3499 1510 τοῦ
3531 1459 3720 1528 μέτρου

2163 1551 2240 1621 τῷ
2276 1550 2449 1620 Πατρὶ
2473 1548 2839 1619 χαριζόμενοι.
2869 1549 2965 1612 Τίς
3007 1548 3150 1602 εῐποι
3183 1549 3392 1611 αὐτοῖς⁹
3433 1549 3504 1602 Τὸ
3533 1551 3721 1604 ἀποσον

483 1641 838 1710 voluptatem,
871 1642 938 1696 de
972 1644 1292 1698 substantiis
1337 1645 1518 1698 nescio
1551 1645 1749 1713 quibus
1799 1658 2058 1716 argutaa-

2166 1643 2218 1694 οὑ
2247 1643 2523 1712 μετρεῖται
2545 1657 2560 1672 ο
2603 1640 2664 1693 τὸ
2701 1640 2876 1703 ἀειδὲς
2901 1641 2962 1693 οὐ
2990 1639 3341 1711 δοκιμάζεται
3361 1654 3377 1670 ⁶
3406 1639 3468 1693 τὺ
3511 1639 3722 1711 ἀσώμαο

483 1741 593 1791 tur,
632 1741 687 1785 et
729 1733 1128 1802 magnitudines
1159 1734 1534 1797 dimetiuntur,
1568 1735 1764 1790 Filium
1799 1754 1864 1792 ex
1905 1754 2058 1793 eom-

483 1823 764 1892 paratione
807 1838 931 1878 cum
979 1823 1138 1878 Patre
1176 1827 1492 1892 metiuntur,
1543 1838 1596 1881 et
1651 1829 1794 1897 quod
1847 1830 2060 1884 excedit

484 1930 820 1978 mensuram,
855 1915 996 1970 Patri
1029 1917 1353 1986 largiuntur.
1386 1917 1518 1983 Quis
1561 1920 1660 1971 hoc
1685 1919 1887 1973 dixerit
1910 1921 2046 1975 illis:

480 2007 636 2072 Quod
662 2017 927 2076 quantum
956 2024 1066 2063 non
1094 2020 1201 2072 est,
1242 2025 1349 2064 non
1383 2018 1766 2075 mensuratur;
1799 2011 1942 2078 quod
1977 2011 2060 2065 in-

478 2114 803 2166 corporeum
852 2107 973 2165 est,
1028 2115 1138 2155 non
1188 2101 1556 2172 ponderatur;
1602 2101 1746 2170 quod
1787 2101 2053 2156 inﬁnitum

480 2199 585 2250 cst.
622 2206 729 2243 non
756 2201 1102 2261 comparatur
1129 2211 1143 2258 ;
1176 2192 1320 2262 quod
1349 2207 1456 2247 non
1485 2202 1853 2262 comparatur,
1886 2195 2055 2264 pluris

481 2290 574 2332 aut
626 2281 852 2334 minoris
884 2283 1148 2338 rationem
1193 2287 1298 2338 non
1337 2284 1571 2338 admittit
1610 2303 1622 2337 :
1675 2286 1939 2355 siquidem
1991 2301 2056 2341 ex

483 2385 662 2423 rerum
706 2371 844 2424 inter
891 2371 1038 2439 ipsas
1079 2373 1486 2443 comparatione
1534 2389 1820 2429 excessum
1859 2375 2059 2446 colligi-

482 2475 623 2513 mus.
681 2459 811 2528 Ejus
861 2468 1071 2524 autem,
1117 2463 1276 2530 cujus
1327 2464 1450 2519 ﬁnis
1506 2467 1888 2536 comprehendi
1950 2485 2056 2522 non

484 2557 680 2618 potest,
732 2564 1016 2604 excessum
1068 2560 1247 2606 mente
1286 2556 1602 2624 contingere
1653 2572 1812 2609 nmuu
1857 2555 2062 2624 poteSt?

484 2639 702 2694 Memini
725 2656 825 2712 ego
844 2643 993 2720 illius
1017 2643 1230 2712 psalmi,
1257 2660 1414 2714 quem
1441 2647 1785 2701 succinentes
1808 2662 1870 2700 ac
1895 2648 2056 2701 simul

483 2734 712 2804 hymnos
739 2744 1095 2806 personantes
1126 2737 1585 2808 ingrediebamur,
1617 2743 1842 2811 Magnus
1874 2741 2058 2795 Domi-

2159 1749 2250 1784 τον
2284 1733 2342 1784 ού
2383 1732 2736 1801 σταθμίζεται
2757 1749 2769 1764 ι
2805 1732 2867 1784 τὸ
2884 1732 3133 1800 ἀόριστον
3165 1733 3224 1785 ού
3259 1731 3607 1803 συγκρίνεται
3629 1749 3644 1765 ο
3668 1733 3722 1784 τὸ

2164 1823 2238 1894 μὴ
2295 1823 2718 1892 συγκρινόμενον
2755 1822 2850 1876 τοῦ
2897 1823 3139 1886 πλείονος
3187 1823 3281 1876 καὶ
3315 1823 3591 1887 ἐλάττονος
3633 1825 3721 1875 οὐκ

2160 1914 2470 1984 ἐπιδέχεται
2491 1914 2668 1982 λόγον.
2715 1913 2808 1965 Ἐκ
2836 1913 2944 1983 γὰρ
2972 1915 3070 1984 τῆς
3102 1913 3212 1966 τῶν
3234 1914 3572 1984 πραγμάτων
3596 1915 3721 1986 πρὸς

2162 2005 2366 2077 ἄλληλα
2391 2004 2750 2077 παραθέσεως
2777 2005 2840 2058 τὸ
2871 2005 3030 2057 πλέον
3065 2003 3518 2074 ὲπιγινώσκομεν.
3561 1996 3634 2058 Οῦ
3671 2003 3722 2057 δὲ

2160 2099 2221 2151 τὸ
2269 2099 2422 2162 τέλος
2474 2098 2733 2167 ἄληπτον,
2791 2095 2982 2150 τούτου
3032 2095 3092 2148 τὸ
3153 2095 3315 2148 πλέον
3362 2095 3726 2166 ἀνεπινόητον;

2165 2191 2411 2244 Ἤκουσα
2446 2189 2540 2243 τοῦ
2575 2189 2982 2260 ὐποψάλματος,
3026 2187 3055 2240 ὂ
3093 2189 3247 2258 κοινῇ
3285 2186 3483 2248 πάντες
3512 2185 3719 2256 ὐμνολο-

2162 2282 2386 2350 γοῦντες
2426 2283 2686 2353 ὲπῄειμεν
2722 2299 2735 2312 ο
2793 2281 2990 2350 Μέγας
3034 2282 3250 2348 Κύριος
3282 2279 3378 2332 καί
3417 2280 3649 2347 μεγάλη
3687 2279 3720 2344 ἡ

2165 2374 2342 2442 ἰσχὺς
2363 2375 2570 2436 αὐτοῦ,
2595 2375 2691 2428 καί
2721 2373 2832 2442 τῆς
2853 2372 3162 2437 συνέσεως
3197 2369 3384 2425 αὑτοῦ
3422 2371 3536 2423 οὐκ
3566 2369 3724 2422 ἐστιν

2159 2465 2423 2533 ἀριθμός.
2471 2464 2536 2517 Τί
2572 2460 2666 2518 οὖν
2699 2463 2858 2517 τοῦτό
2889 2465 3071 2529 ὲστινς
3110 2461 3437 2532 ’Δρίθμησον
3472 2462 3545 2512 τά
3584 2460 3723 2528 είρη-

2164 2555 2322 2624 μένα,
2363 2557 2456 2608 καὶ
2499 2559 2640 2620 νοεῖς
2681 2556 2742 2608 τὸ
2793 2555 3109 2624 μυστήριον.
3155 2552 3351 2622 Μέντις
3370 2553 3606 2618 Κύριος,
3633 2551 3721 2602 οὐκ

2162 2645 2283 2701 εἶπε
2306 2648 2469 2700 πόσον
2507 2648 2732 2718 μέγεθος
2763 2663 2776 2676 '
2830 2647 2950 2701 οῦδὲ
2979 2648 3087 2719 γὰρ
3113 2643 3180 2718 ἦν
3212 2645 3434 2700 δυνατὸν
3463 2643 3636 2695 εἰπεῖν
3669 2640 3723 2692 τὺ

2163 2739 2348 2803 πόσον,
2378 2738 2517 2793 ἀλλά
2549 2738 2626 2808 τῷ
2653 2739 2888 2810 ἀορίστῳ
2913 2738 3012 2808 τῆς
3048 2737 3321 2807 σημασίας
3362 2736 3454 2788 ἐπὶ
3479 2734 3546 2787 τὸ
3582 2733 3722 2786 ἀπει-

480 2840 578 2878 nus
610 2834 660 2878 et
693 2841 884 2893 magna
917 2827 1082 2882 virtus
1109 2827 1260 2896 ejus;
1297 2841 1347 2884 et
1397 2833 1670 2898 sapientim
1701 2833 1814 2902 ejus
1852 2850 1955 2886 non
1981 2843 2057 2888 est

2166 2850 2255 2902 ρον
2296 2832 2481 2903 ὁδηγεῖ
2505 2830 2604 2903 τὴν
2635 2831 2892 2884 διάνοιαν.
2953 2830 3204 2898 Ὁμοίως,
3233 2827 3500 2898 Μεγάλη,
3548 2824 3721 2897 φησὶν,

478 2931 726 2970 numerus
753 2917 820 2970 ⁸⁹.
852 2917 993 2984 Quid
1034 2919 1138 2974 hoc
1167 2936 1295 2990 ergo
1324 2924 1441 2976 est?
1481 2922 1745 2976 Enuumra
1769 2940 1888 2991 quae
1913 2925 2061 2979 dicta

481 3017 631 3071 sunt,
661 3019 713 3062 et
747 3013 1062 3081 mysterium
1092 3013 1369 3083 intelligis.
1394 3015 1620 3085 Magnus
1644 3015 1921 3082 Dominus,
1953 3033 2059 3072 non

482 3103 642 3165 dixit,
669 3114 869 3172 quanta
906 3107 974 3160 sit
1001 3107 1352 3175 magnitudo:
1391 3124 1564 3178 neque
1595 3110 1736 3164 enim
1765 3111 1874 3165 fieri
1908 3121 2058 3180 pote-

485 3203 567 3246 rat
607 3202 667 3247 ut
708 3195 912 3250 diceret
939 3205 1174 3264 quantus
1201 3198 1487 3254 essetzscd
1515 3199 1619 3253 hoc
1655 3203 1772 3270 ipso
1804 3200 1948 3271 quod
1985 3203 2057 3256 ita

479 3297 600 3336 eam
633 3283 902 3355 designat,
946 3293 1005 3338 ut
1040 3301 1146 3341 non
1191 3287 1602 3343 circumscribat
1646 3300 1736 3344 aut
1784 3294 2056 3357 terminet,

481 3372 684 3426 sensim
735 3389 801 3428 eo
851 3385 1082 3431 mentem
1129 3377 1394 3448 provehit.
1449 3387 1507 3431 ut
1571 3378 1888 3434 immensam
1936 3397 2058 3437 esse

481 3472 795 3530 cognoscat.
831 3463 952 3519 Pari
988 3467 1169 3532 modo,
1213 3466 1429 3537 Magna,
1464 3469 1656 3535 inquit,
1692 3474 1860 3525 virtus
1894 3473 2008 3541 ejus
2039 3489 2056 3527 :

481 3553 733 3606 virtutem
755 3568 883 3608 vero
915 3569 1036 3608 cum
1075 3555 1252 3618 audis,
1292 3559 1583 3626 potentiam
1614 3560 1866 3631 intellige.
1901 3563 2058 3616 Chri-

480 3653 600 3698 5tus
633 3653 812 3698 autem
845 3644 937 3699 Dei
967 3647 1205 3715 potentia
1236 3657 1322 3702 est
1354 3656 1407 3702 et
1437 3647 1528 3703 Dei
1559 3650 1843 3719 sapientia,
1876 3652 1970 3706 sed
2003 3661 2057 3708 et

2163 2927 2201 2993 ἠ
2255 2924 2435 2992 ἰσχὺς
2489 2921 2675 2977 αὑτοῦ
2705 2939 2719 2953 ·
2785 2923 2937 2992 ίσχὺν
2979 2921 3038 2974 δὲ
3093 2919 3353 2989 ἀκούσας,
3373 2918 3472 2989 τὴν
3506 2917 3722 2988 δύναμιν

2167 3016 2376 3087 νόησον.
2427 3015 2660 3088 Χριστὸς
2687 3014 2743 3068 δὲ
2787 3014 2922 3069 Θεοῦ
2968 3013 3196 3083 δύναμις
3243 3011 3337 3064 καὶ
3364 3009 3500 3064 Θεοῦ
3533 3011 3686 3080 σοφία
3709 3026 3720 3040 ·

2163 3107 2298 3162 ἀλλά
2355 3107 2456 3176 τῆς
2531 3106 2799 3169 συνέσεως
2875 3103 3042 3158 αὐτοῦ
3101 3104 3202 3156 οὐκ
3272 3102 3418 3156 ἐστιν
3482 3103 3724 3173 ἀριθμός.

2176 3198 2497 3271 Ἐρμηνεύει
2554 3197 2653 3268 τὴν
2721 3197 2935 3252 σύνεσιν
2993 3197 3221 3260 Ἡσαΐας
3273 3194 3460 3264 σαφῶς
3521 3194 3721 3264 λέγων·

2165 3288 2408 3356 Πνεῦμα
2453 3287 2674 3355 σοφίας
2715 3286 2816 3339 καὶ
2859 3284 3186 3350 συνέσεως.
3235 3285 3480 3337 Ἤκουσα
3522 3284 3581 3336 ὲν
3626 3286 3726 3345 τοῖς

2168 3381 2536 3450 μακαρισμοῖς
2597 3375 3070 3448 μακαριζομένους
3129 3375 3258 3438 τοὺς
3317 3373 3588 3443 διιιιῶντας
3644 3374 3726 3425 τὸν

2165 3472 2390 3544 Κύριον.
2423 3470 2576 3540 Τάχα
2599 3465 2693 3523 οῦν
2733 3469 2833 3522 οὐκ
2872 3468 2975 3533 ἔξω
3009 3466 3104 3521 τοῦ
3134 3466 3326 3539 καιροῦ
3350 3466 3412 3520 τὸ
3440 3465 3690 3536 ἐνθύμιον
3713 3481 3725 3493 ·

2164 3564 2256 3616 καί
2313 3580 2403 3633 μοι
2449 3561 2670 3628 δέξασθε
2717 3561 2808 3615 τὸν
2852 3561 3046 3630 λόγον,
3097 3558 3200 3614 κᾶν
3244 3558 3598 3631 ἀπηρτῆσθαι
3630 3556 3727 3609 τῶν

2168 3654 2455 3726 παρόντων
2478 3654 2646 3707 δοκεῖ.

477 3738 760 3807 sapientiae
791 3739 910 3809 ejus
956 3750 1180 3796 nonest
1224 3741 1369 3797 linis.
1408 3741 1739 3814 Sapientiam
1779 3745 1948 3803 Isaias
1980 3748 2370 3822 interpretatur
2397 3757 2582 3820 aperte
2646 3749 2855 3808 dicens.
2929 3747 3164 3816 Spiritus
3193 3748 3464 3816 sapientia
3532 3755 3584 3800 et
3614 3759 3728 3812 pru-

479 3831 674 3885 demite
703 3831 769 3888 °°.
801 3833 993 3888 Audivi
1027 3834 1169 3888 inter
1199 3836 1560 3892 beatitudincs
1637 3853 1733 3894 eos
1793 3840 1980 3896 beatos
2040 3846 2342 3914 prmdicari,
2375 3845 2469 3914 qui
2505 3845 2698 3899 sitiunt
2744 3844 3026 3899 Dominum
3054 3861 3068 3896 :
3103 3841 3366 3896 attendite
3411 3854 3545 3911 ergo
3579 3847 3727 3906 atque

477 3923 712 3994 accipite
759 3941 866 3980 non
918 3927 1152 3981 alienum
1203 3928 1435 3984 fortasse
1469 3946 1497 3983 a
1529 3941 1788 4000 tempore,
1824 3933 1875 3987 id
1911 3937 2055 4004 quod
2096 3936 2264 3991 menti
2295 3951 2427 3992 mea:
2464 3952 2610 3991 nunc
2651 3935 2996 4000 observatur,
3025 3933 3238 3987 tametsi
3282 3931 3351 3987 ab
3377 3946 3444 3987 eo
3518 3930 3575 3985 in
3630 3943 3728 3998 quo

482 4031 784 4081 versantur,
808 4017 1023 4074 videtur
1061 4019 1462 4090 quodammodo
1490 4022 1815 4092 dependere.

553 4155 610 4208 Si
641 4157 766 4225 quis
808 4158 910 4212 sub
955 4160 1254 4225 meridiem,
1277 4161 1391 4215 sole
1441 4159 1609 4216 radiis
1651 4161 2058 4219 ardentioribus

2237 4163 2303 4217 Εἴ
2319 4179 2402 4225 τις
2421 4160 2509 4214 διὰ
2529 4158 2874 4232 μεσημϐρίας
2890 4156 3084 4211 ὁδεύων
3101 4152 3193 4208 τοῦ
3213 4153 3364 4225 ἡλίου
3383 4155 3727 4226 θερμοτέραις

482 4245 646 4313 capiti
724 4247 1038 4303 imminente
1103 4264 1428 4322 omnemque
1489 4255 1732 4323 corporis
1782 4255 2058 4311 humorem

483 4351 582 4390 sua
621 4334 838 4392 flamma
898 4347 1159 4401 torrente.
1205 4341 1310 4397 iter
1362 4343 1590 4407 habeat,
1646 4346 1888 4416 subjecta
1933 4364 2062 4402 vero

481 4429 555 4483 sit
583 4427 703 4498 ejus
735 4429 932 4484 calceis
960 4431 1120 4488 tellus
1149 4447 1362 4502 aspera,
1389 4435 1475 4487 via
1505 4434 1737 4490 diflicilis
1791 4445 1844 4490 et
1871 4435 2059 4492 admo-

479 4521 612 4574 dum
639 4519 789 4573 arida
812 4561 828 4585 ,
871 4521 1065 4577 deinde
1107 4534 1362 4578 occurrat
1403 4525 1671 4595 ejusmodi
1707 4527 1912 4582 homiui
1940 4527 2062 4585 fons

487 4609 702 4678 aliquis,
727 4610 886 4678 cujus
931 4611 1149 4681 limpida
1182 4625 1308 4668 sunt
1355 4630 1418 4668 ac
1453 4616 1730 4685 perlucida
1761 4617 1984 4683 ﬂuenta,
2009 4629 2064 4674 et

481 4703 684 4756 affatim
719 4703 1116 4774 refrigerantia,
1140 4708 1467 4777 copioseque
1506 4708 1824 4778 proﬂuentia
1861 4729 1876 4765 :
1915 4727 2057 4766 nun-

484 4794 615 4861 quid
650 4802 775 4849 ante
805 4810 1000 4864 aquam
1027 4797 1349 4862 cousidebit,
1372 4799 1545 4868 deque
1569 4801 1688 4869 ejus
1719 4813 1909 4856 natura
1943 4804 2060 4871 phi-

478 4887 876 4957 losophabitur,
901 4887 1062 4952 unde,
1097 4897 1153 4943 et
1179 4905 1288 4958 quo
1324 4891 1504 4956 modo,
1537 4907 1752 4962 quaque
1780 4909 1846 4947 ex
1874 4910 2062 4959 causa,

482 4988 788 5046 cwteraque
824 4978 1092 5046 ejusmodi
1141 4980 1480 5049 perquirens,
1527 4998 1648 5052 quae
1689 4983 1757 5038 ab
1806 4983 1913 5041 illis
1953 4994 2066 5039 tra-

478 5071 620 5124 ctari
649 5070 844 5134 solent,
871 5070 963 5140 qui
994 5070 1049 5124 in
1077 5070 1342 5140 ejusmodi
1376 5072 1534 5141 nugis
1585 5087 1942 5144 occupantur,
1973 5094 2066 5132 va-

487 5175 670 5230 porem
699 5160 907 5215 scilicet
928 5161 1214 5230 quemdam
1242 5163 1295 5216 in
1321 5161 1608 5232 profundis
1639 5173 1796 5221 terra:
1822 5169 2066 5236 partilms

489 5252 796 5322 dispersum
855 5260 906 5308 et
976 5255 1342 5324 prosilientem
1414 5264 1576 5324 atque
1647 5271 2056 5332 compressum,

487 5354 683 5409 aquam
715 5342 853 5404 tleri,
889 5352 981 5396 aut
1010 5359 1195 5407 venas,
1227 5359 1346 5413 quae
1379 5343 1432 5398 iu
1459 5349 1886 5405 concavitatibus
1912 5360 2068 5406 terra:

486 5432 696 5488 diﬂ'usa:
721 5444 868 5501 sunt,
898 5436 943 5491 si
973 5437 1052 5491 eis
1081 5451 1172 5490 ora
1206 5437 1456 5493 laxentur
1480 5455 1676 5510 aquam
1699 5441 2060 5511 profundere:

485 5538 560 5578 an
622 5539 750 5581 vero
801 5527 1015 5582 cunctis
1089 5527 1356 5598 ejusmodi
1429 5529 1736 5588 valedicens
1800 5531 2064 5590 incumbit

593 5712 638 5743 ⁵⁹
667 5709 812 5763 Psal.
848 5725 1026 5774 CXLVI,
1071 5709 1121 5763 5.
1259 5716 1303 5748 ⁸⁸
1341 5715 1441 5774 [3a.
1481 5735 1556 5785 xi,
1595 5721 1645 5773 ξ’..

2166 4258 2284 4318 ταῖς
2314 4256 2496 4309 ἀκτῖσι
2522 4252 2620 4322 τῆς
2649 4249 2890 4318 κεφαλῆς
2928 4247 3303 4318 ῦπερζέοντος,
3335 4247 3427 4298 καὶ
3457 4247 3570 4298 πᾶν
3594 4245 3654 4298 τὸ
3677 4247 3728 4296 ἐν

2170 4346 2382 4416 σώματι
2409 4343 2574 4416 ὑγρὸν
2599 4345 2664 4414 τῇ
2696 4342 2854 4412 φλογὶ⁵
2885 4338 3389 4410 καταφρύσσοντοςο
3428 4337 3727 4410 προκείσθω

2166 4438 2328 4510 δὲτῷ
2371 4435 2674 4506 ὑποδήματι
2709 4435 2780 4503 γῆ
2824 4434 3049 4503 τραχεῖα
3096 4432 3188 4484 καὶ
3239 4431 3603 4501 δυσπόρευτος
3647 4431 3727 4483 καὶ

2167 4527 2401 4598 διψώδης
2425 4544 2439 4558 ·
2487 4521 2606 4579 εἶτα
2646 4523 2888 4594 ἐπιτύχοι
2917 4523 3098 4593 πηγῆς
3134 4524 3162 4574 ὁ
3188 4523 3442 4586 τοιοῦτος,
3481 4519 3551 4592 ἧς
3581 4522 3728 4575 καλὸν

2169 4621 2264 4674 καὶ
2291 4617 2547 4688 διαφανὲς
2576 4615 2636 4669 τὸ
2661 4616 2832 4685 νᾶμα,
2854 4615 2947 4667 καί
2974 4613 3260 4684 προσηνῶς
3290 4613 3623 4682 καταψύχον,
3647 4613 3729 4664 καὶ

2168 4710 2414 4781 ἀφθόνως
2479 4707 2874 4778 ὑπερχεόμενον
2912 4722 2924 4734 ·
2995 4701 3104 4777 ἆρα
3164 4705 3615 4775 προσκαθεδεῖται
3663 4704 3730 4772 τῷ

2171 4802 2344 4866 ὕδατι,
2376 4800 2470 4854 καὶ
2501 4799 2849 4869 φιλοσοφήσει
2893 4798 3022 4867 περὶ
3064 4796 3160 4864 τῆς
3200 4795 3432 4863 φύσεως,
3471 4796 3618 4860 ὅθεν,
3651 4795 3732 4848 καὶ

2168 4894 2337 4954 ὅπως,
2365 4891 2458 4944 καὶ
2487 4889 2574 4942 διὰ
2615 4889 2780 4952 τίνος,
2812 4887 2907 4940 καὶ
2935 4887 3003 4939 τὰ
3028 4885 3249 4940 τοιαῦτα
3277 4884 3621 4950 διεξετάζων,
3654 4880 3730 4936 οἷα

2168 4983 2232 5053 δὴ
2263 4983 2377 5044 τοῖς
2407 4977 2817 5050 ματαιολογοῦσι
2854 4976 3079 5045 σύνηθες
3111 4975 3320 5043 λέγειν·
3349 4975 3430 5028 ὅτι
3465 4973 3633 5044 ἰκμάς
3658 4989 3730 5034 τις

2171 5071 2653 5142 ὲγκατεσπασμένη
2684 5070 2761 5140 τῷ
2789 5069 2942 5140 βάθει
2974 5068 3071 5138 τῆς
3099 5070 3221 5138 γῆς,
3268 5067 3360 5120 καὶ
3402 5065 3728 5137 διαπηδῶσα,

2171 5167 2262 5218 καὶ
2307 5163 2715 5234 συνθλιϐομένη,
2751 5161 2895 5232 ὕδωρ
2927 5160 3152 5229 γίνεται,
3202 5157 3236 5227 ἦ
3279 5157 3360 5210 ὃτι
3412 5157 3607 5227 φλέϐες
3650 5157 3733 5208 ὲκ-

2171 5257 2465 5328 κεχυμέναι
2494 5258 2614 5318 ταῖς
2661 5253 2811 5307 κάτω
2849 5253 3170 5321 κοιλότησιν,
3223 5249 3382 5320 εἴπερ
3429 5251 3734 5317 ἀναστομω-

2172 5348 2326 5411 θῶσι,
2358 5347 2419 5399 τὸ
2447 5346 2588 5418 ὕδωρ
2619 5346 2965 5416 προχέουσιν·
3008 5344 3040 5414 ἢ
3069 5342 3245 5395 πάντα
3283 5341 3351 5394 τά
3374 5340 3596 5392 τοιαῦτα
3626 5337 3733 5408 χαί-

2176 5456 2288 5511 ρειν
2323 5439 2489 5502 ἐάσας
2539 5437 2829 5492 ἐπικύπτει
2873 5436 2950 5508 τῷ
2995 5437 3218 5505 νάματι,
3268 5433 3363 5485 καὶ
3393 5431 3644 5502 προσθεὶς
3672 5428 3732 5479 τὰ

2173 5528 2345 5600 χείλη,
2375 5527 2664 5600 θεραπεύει
2689 5527 2790 5598 τὴν
2817 5526 2974 5597 δίψαν
3009 5526 3101 5580 καὶ
3137 5523 3398 5595 ἀναψύχει
3435 5521 3535 5592 τὴν
3568 5518 3732 5590 γλῶσο
