3842 6412
64 295 172 351 553
979 291 1066 345 DE
1103 292 1397 349 DEIT'ATE
1438 296 1581 354 F-lL'll

1795 296 2076 354 PIBITUS
2116 294 2380 352 SANCTI.
3208 288 3312 342 554

67 422 191 467 σαν,
238 404 335 459 καὶ
374 405 681 460 καταπαύει
724 401 817 459 τὸν
856 406 1043 471 πόθον,
1095 409 1188 461 καὶ
1229 408 1584 480 εὐχαριστεῖς

1799 417 1964 471 uento,
1990 416 2044 461 et
2073 406 2304 461 admotis
2349 405 2512 460 labris
2552 404 2697 460 sitim
2744 403 2914 467 sedat,
2961 402 3196 473 linguam
3228 418 3316 457 re-

68 496 344 565 δεδομένῳ
370 496 468 568 τὴν
494 498 658 567 χάριν
681 514 697 563 ;
746 497 999 567 Μεμησαι
1026 502 1202 552 τοίνυν
1226 499 1321 551 καὶ
1348 500 1413 551 σὺ
1444 499 1535 551 τὸν
1561 499 1585 550 δ

1800 498 1992 565 igerat.
2038 496 2385 565 cupiditatem
2432 495 2685 558 exsatiat,
2741 502 2796 550 et
2840 493 3043 563 gratias
3081 491 3191 563 agit
3238 492 3310 550 ei.

66 583 573 655 ιῖιῶντα.Εἰπὲ,Καὶ
599 589 833 659 εἴρηται,
866 588 1048 651 καθὼς
1072 590 1281 661 εἴρηται
1300 608 1314 623 ο
1352 590 1582 657 Μακάρι

1798 588 1837 639 ιί
1866 588 1971 641 tale
1997 586 2199 640 donum
2228 586 2455 654 largitus
2481 586 2610 639 est?
2651 583 2865 638 Imitare
2903 583 3067 653 igitur|
3094 591 3149 637 tu
3179 596 3315 650 quo-

71 680 121 729 el
157 676 481 744 διψῶντες,
524 677 621 729 καὶ
670 678 998 747 καταμαθὼν
1047 675 1134 733 οἷα
1176 682 1270 733 καὶ
1314 681 1415 734 ὅσα
1460 678 1588 747 ἁγαε

1796 692 1854 735 ue
1881 677 2149 732 sitientem
2183 693 2196 729 :
2236 675 2326 728 die
2374 690 2495 728 esse
2544 674 2780 737 dictum,
2820 674 2964 728 sicut
3009 681 3065 728 et
3110 674 3313 727 dictum

71 769 312 838 πηγάξει
341 767 403 820 τὺ
428 768 614 836 ἆγιον⁶
647 768 871 839 ποίησον
900 770 1055 824 τοῦτο
1092 770 1182 823 τοῦ
1217 771 1522 840 Προφήτου,
1566 774 1588 825 Ἰ

1799 776 1832 822 η
1864 782 1893 819 a
1922 766 2170 829 Domino,
2201 765 2351 818 Beati
2378 767 2465 828 qui
2493 766 2676 818 sitiunt
2707 765 2749 794 ⁶¹
2782 783 2794 816 :
2823 772 2875 817 et
2904 779 3027 817 cum
3062 764 3316 818 didiceris

69 860 263 926 στόμα
304 874 424 912 σου
466 858 711 921 ἄνοιξον
758 860 857 914 καὶ
893 860 1158 915 ἕλκυσον
1187 860 1586 929 πνεῦμαῐπλι

1798 859 1924 913 italia
1959 864 2269 926 quantaque
2318 854 2458 908 bona
2498 872 2529 908 e
2568 855 2771 922 Spiritu
2821 864 3010 907 sancto
3060 855 3203 909 velut
3248 870 3315 909 ex

70 965 255 1002 tumr
274 949 341 1002 td
376 952 568 1018 στόμα
603 950 700 1003 καὶ
731 950 1075 1019 πλήρωσον,
1109 950 1245 1022 ἔχων
1274 952 1372 1022 τὴν
1394 950 1587 1016 ὲξουσίε

1795 957 1898 1003 inte
1937 954 2177 1010 manent,
2212 946 2296 1000 fac
2345 946 2484 1015 quod
2532 945 2682 1013 jubet
2726 944 3015 1012 Propheta,
3064 947 3215 1012 Aperi
3257 963 3312 1000 os

71 1041 173 1093 τῶν
194 1041 569 1110 χαρισμάτων.
595 1040 779 1094 Βούλει
800 1041 985 1110 μαθεῖν
1003 1042 1102 1094 ὅσα
1128 1044 1401 1113 προχεῖται
1420 1042 1518 1109 τῆς
1548 1059 1588 1094 τε

1796 1062 1917 1107 mm,
1963 1054 2013 1097 et
2060 1044 2264 1096 attrahe
2314 1042 2557 1109 spiritum
2604 1043 2689 1096 “z
2728 1042 2898 1094 dilata
2947 1057 3004 1092 os
3047 1049 3212 1099 tuum,
3264 1048 3313 1091 et

71 1132 390 1205 Πνεύματος
415 1131 593 1200 πηγῆς
616 1130 826 1199 ἀγαθάς
862 1131 1160 1202 Ἀφθαρσία
1186 1131 1384 1201 ψυχῆς,
1407 1131 1588 1193 ἀῖδιότπ

1800 1136 1903 1205 apte
1934 1136 2000 1200 “,
2035 1150 2157 1189 cum
2203 1133 2469 1187 donorum
2526 1132 2726 1186 habeas
2776 1139 3091 1199 potestatem
3122 1149 3135 1182 :
3166 1133 3316 1184 visne

76 1219 236 1290 ζωῆς,
271 1220 517 1290 οὐρανῶν
548 1221 809 1290 βασιλεία,
840 1221 1144 1293 εὐφροσύνη
1188 1222 1451 1292 ἄληπτος,
1500 1240 1593 1293 χαι

1798 1227 2045 1295 ,telligere
2083 1233 2285 1294 quanta
2334 1240 2400 1277 ex
2461 1223 2695 1291 Spiritus
2744 1222 2915 1275 sancti
2974 1220 3120 1274 fonte
3175 1220 3315 1272 bona

75 1308 221 1370 τέλος
247 1308 350 1360 οὐκ
378 1308 593 1378 ἔχουσα.
637 1309 795 1363 Ἀλλὰ
822 1310 930 1381 γὰρ
960 1312 1038 1374 εἰς
1063 1312 1130 1364 τὰ
1162 1312 1401 1382 παρόντα
1429 1311 1592 1380 βλέπο

1800 1319 2045 1374 oliuant?
2083 1317 2464 1372 lmmortalitas
2501 1316 2713 1376 anima},
2752 1314 3025 1367 aeternitas
3062 1312 3202 1374 vitae,
3231 1326 3317 1365 re-

74 1400 257 1469 ὁλξγην
290 1401 550 1471 ποιοῦμαι
580 1402 678 1473 τὴν
725 1402 925 1473 ζημίαν
957 1403 1050 1457 τοῦ
1088 1404 1391 1466 λείποντος.
1430 1404 1591 1457 Πεπλτ

1799 1423 1907 1462 ium
1931 1406 2215 1470 caelorum,
2248 1404 2431 1459 laetitia
2468 1404 2816 1472 sempiterna,
2860 1402 3116 1471 gaudium
3168 1401 3316 1453 nullo

79 1491 242 1560 ρωταξ
276 1510 365 1561 μοι
382 1494 497 1545 τῶν
526 1494 743 1561 ἀγαθῶν
771 1495 800 1546 ὁ
821 1490 966 1557 οἶκος
984 1511 999 1525 ’
1040 1494 1264 1565 πλήρεις
1296 1497 1344 1547 οἱ
1386 1495 1596 1565 θησαυρι

1800 1515 1850 1555 ie
1902 1498 2241 1553 conclusum.
2306 1494 2786 1550 Verumenimvero
2847 1492 2974 1545 dum
3029 1492 3317 1561 praesentia

76 1581 164 1633 τοῦ
192 1583 421 1651 χρυσίου
451 1584 550 1653 τῆς
590 1584 845 1655 ’Δραὸίας
865 1603 878 1615 ·
921 1583 1105 1655 ἥξουσι
1134 1585 1189 1638 δὲ
1217 1586 1357 1655 τάχα
1388 1587 1503 1657 μετ’
1531 1588 1591 1640 ὸλ

1800 1589 2102 1659 ιηιοωριοιι,
2150 1588 2399 1656 exiguam
2438 1586 2559 1655 ejus
2589 1585 2733 1656 quod
2777 1584 2929 1639 deest
2971 1583 3112 1637 duco
3136 1582 3317 1650 jactu-

77 1687 165 1736 γον
192 1671 289 1723 καὶ
317 1671 572 1740 πρέσϐεις
594 1672 651 1738 ἐξ
675 1672 970 1740 Αἰγύπτου,
994 1672 1088 1726 καὶ
1111 1674 1464 1745 προφθάσωσι
1486 1677 1594 1745 χεῖρ

1800 1697 1883 1736 ιω.
1930 1678 2149 1734 Referta
2198 1678 2328 1732 mihi
2376 1678 2535 1732 bonis
2583 1686 2666 1731 est
2713 1678 2946 1740 domus;
2997 1672 3141 1743 pleni
3189 1682 3317 1727 sunt

78 1757 253 1810 αὐτῶν
292 1758 433 1829 Θεῷ,
478 1759 571 1811 καὶ
602 1759 864 1828 βασιλεῖαι
896 1761 993 1831 τῆς
1042 1760 1144 1831 γῆς
1181 1761 1299 1832 μεθ’
1343 1763 1500 1833 ἡμῶν
1540 1764 1595 1817 τὲ

1803 1786 1880 1826 ιιιο
1911 1770 2128 1825 Arabia:
2154 1769 2393 1824 thesauri
2422 1786 2435 1822 :
2467 1768 2866 1838 quamprimum
2892 1776 3071 1820 autem
3102 1764 3320 1820 venieut

75 1848 339 1900 ἰπινίκιον
364 1847 568 1919 ᾄσωσιν
600 1848 799 1920 ὕμνον,
843 1849 921 1919 τῷ
976 1850 1179 1913 πάντας
1224 1852 1304 1914 εἰς
1330 1851 1428 1922 τὴν
1476 1853 1592 1907 αὐτ(

1797 1881 1811 1918 i
1858 1861 2091 1934 Aﬂgypto
2134 1862 2313 1932 legati,
2359 1869 2413 1916 et
2457 1859 2785 1930 prazvenient
2833 1873 3028 1913 manus
3077 1857 3314 1925 ipsorum

80 1939 354 2013 βασιλείαν
387 1939 665 1996 καλοῦντα
686 1935 757 2013 ᾯ
779 1944 812 2012 ὴ
837 1940 962 2008 δόξα
983 1942 1155 1997 καὶτὸ
1183 1943 1381 2014 κράτος
1409 1947 1487 2009 εἰς
1514 1946 1597 1999 rei

1797 1968 1875 2019 eo,
1924 1967 1987 2006 ac
2027 1965 2191 2022 regna
2222 1961 2391 2005 terra:
2419 1949 2799 2019 triumphalem
2846 1947 3129 2001 nobiscum
3161 1945 3314 2014 bym-

78 2030 295 2092 αἰῶνας.
342 2030 532 2101 Ἀμήν.

1802 2058 1877 2097 im
1926 2042 2213 2097 concinent
2253 2041 2324 2103 ei.
2343 2041 2433 2110 qui
2462 2054 2650 2095 omnes
2672 2038 2735 2092 ad
2763 2052 2921 2092 suum
2940 2049 3161 2107 regnum
3184 2034 3319 2088 invi-

1753 2142 1849 2188 tat.
1882 2132 1980 2188 Cui
2013 2134 2183 2205 gloria
2211 2140 2263 2186 et
2292 2140 2535 2200 potestas
2566 2130 2618 2184 iu
2647 2130 2867 2184 szecula.
2907 2127 3076 2181 Amen
3105 2124 3143 2173 '.

129 2398 171 2429 “
204 2397 402 2453 Matth.
436 2415 487 2464 γ,
517 2399 571 2452 6.
646 2401 691 2431 ⁶²
720 2399 857 2454 Psal.
895 2415 1085 2460 cxvm,
1124 2396 1245 2450 151.
1320 2389 1365 2421 ⁶³
1404 2390 1545 2445 PSaI.
1569 2407 1730 2455 Lux,
1764 2389 1847 2443 il.

2026 2627 2056 2651 ο

139 2724 229 2769 ἰη
261 2714 372 2768 hoc
401 2728 652 2769 sermone
673 2712 975 2783 Gregorius
992 2726 1267 2768 summum
1306 2711 1472 2767 animi
1499 2712 1655 2767 dolo-
1750 2724 1901 2767 mont
1937 2716 1970 2766 I.
2000 2728 2049 2765 c.
2084 2722 2189 2765 art.
2221 2713 2277 2783 5.
2298 2721 2362 2765 et
2395 2713 2461 2765 16
2505 2712 2593 2782 (p.
2630 2713 2733 2783 566
2761 2723 2816 2766 et
2845 2712 2993 2783 606).
3029 2729 3156 2768 cum
3190 2724 3321 2769 nota

77 2802 179 2839 rem
213 2786 282 2839 de
311 2783 752 2865 Christianorum
789 2782 1065 2866 discordia
1122 2789 1374 2864 testatus.
1418 2784 1654 2853 potissi-
1753 2785 1787 2837 4
1822 2786 1894 2908 i‘p.
1949 2784 2207 2851 735-54);
2242 2782 2461 2865 Ceillier
2492 2784 2529 2836 ι.
2565 2782 2672 2865 (της
2703 2784 2757 2842 9.
2801 2799 2856 2836 n.
2890 2783 2943 2846 6,
2992 2784 3025 2837 7
3079 2788 3157 2851 (p.
3190 2784 3321 2868 259,

81 2872 215 2908 mmn
255 2856 460 2908 refutat
485 2870 603 2908 eos.
628 2870 719 2908 aut
745 2855 979 2908 Smntus
999 2862 1175 2908 sancti
1199 2852 1536 2907 dtvmttatem
1563 2868 1657 2906 ne-
1752 2854 1823 2908 25
1862 2858 1913 2908 δε
1951 2852 2013 2908 1).
2062 2851 2398 2908 Pauebroch.
2433 2870 2487 2908 In
2520 2853 2665 2906 Actis
2698 2850 2799 2907 SS.
2830 2853 2864 2907 1.
2905 2869 2957 2907 c.
3004 2871 3061 2908 n.
3094 2854 3184 2908 54.
3227 2856 3319 2908 ⁸55.

81 2872 215 2909 unum
255 2856 460 2925 refutat
485 2870 603 2919 eos,
628 2854 719 2923 qui
745 2855 979 2925 Spiritus
999 2853 1175 2908 sancti
1199 2850 1536 2925 divinitatem
1563 2868 1657 2906 ne-
1752 2850 1913 2925 est);
1951 2852 2029 2925 D.
2062 2850 2411 2925 ljapehroch.
2433 2855 2487 2908 in
2520 2850 2665 2925 Actis
2698 2850 2799 2907 SS.
2830 2853 2864 2907 Ι.
2905 2869 2957 2907 c.
3004 2871 3061 2909 η.
3090 2850 3184 2925 ⁷54,
3227 2856 3319 2910 '55.

78 2928 271 2994 gabant
313 2934 370 2978 et
410 2922 1113 2980 Persona’rum'divinarum
1155 2923 1517 2994 aequalitatem
1547 2938 1653 2977 non
1752 2922 1869 2979 Nec
1887 2923 2034 2994 quod
2064 2922 2357 2977 Tillemont
2380 2924 2534 2991 (l.e.)
2564 2924 2763 2992 aliique
2781 2939 2906 2994 eum
2932 2924 3105 2979 secuti
3131 2933 3324 2980 contra

82 2992 454 3049 admittebant.
490 2994 679 3049 Oratio
711 2996 823 3050 haec
863 2996 931 3050 de
960 2994 1133 3064 ipsius
1166 2993 1510 3064 ordinatione
1534 2995 1657 3046 nul-
1759 2992 2193 3063 hanelemporis
2215 3000 2402 3064 notam
2429 3003 2739 3063 opponunt,
2765 2992 3087 3064 Gregorium
3112 2996 3327 3050 scilicet

81 3067 182 3118 lum
202 3066 432 3119 cumino
454 3065 678 3121 verbum
699 3061 1144 3121 continetiuude
1169 3063 1657 3132 potiusiuseriptio
1755 3080 1807 3120 a.
1848 3065 1947 3119 381
1987 3061 2227 3118 nondum
2257 3061 2396 3117 adeo
2423 3061 2679 3131 preveeta
2721 3061 3106 3127 aetate'fuisse,
3139 3076 3199 3118 ut
3232 3081 3327 3119 ca-

79 3135 342 3204 ejusdem.
369 3149 535 3204 quam
564 3136 691 3189 olim
722 3136 970 3191 adhibuit
1000 3135 1057 3189 S.
1090 3132 1330 3206 Joannes
1363 3132 1656 3206 Damasce-
1757 3151 1858 3189 nos
1882 3141 2123 3206 gestaret
2160 3136 2328 3206 (quod
2356 3134 2631 3206 tanieude
2664 3150 2724 3189 se
2754 3136 2871 3203 ipse
2908 3144 3143 3199 testatur
3170 3136 3328 3206 initio

84 3202 177 3259 lius
200 3247 215 3267 ,
261 3202 404 3275 Περϊ
429 3206 527 3275 τῆς
554 3207 612 3258 ἐν
657 3203 1235 3275 Κωνσταντινουπόλει
1272 3203 1601 3275 καταστάσει

1807 3202 1919 3259 tius
1963 3202 2284 3271 Orationis),
2336 3206 2501 3258 ullam
2550 3204 2711 3259 habet
2746 3202 2873 3266 vim.
2909 3222 3031 3259 cum
3069 3206 3210 3259 idem
3264 3205 3322 3259 ὃ.

83 3277 166 3328 τοῦ
192 3278 286 3344 ἀγ.
322 3272 525 3345 Γρηγζ,
558 3276 904 3345 approbanda
926 3276 1166 3345 videtur.
1197 3272 1273 3326 Ex
1299 3275 1524 3345 antiquo
1551 3274 1600 3345 hi

1806 3285 1952 3328 actor
1982 3276 2075 3328 lib.
2119 3289 2154 3326 ιι
2186 3275 2394 3328 Contra
2434 3275 2760 3329 Eunomium
2796 3276 2948 3345 (edit.
2986 3276 3147 3339 1615,
3182 3286 3221 3328 ι.
3260 3276 3323 3337 ll,

83 3346 230 3399 titulo
245 3344 528 3413 conjicere
548 3344 1465 3416 lieet,eamprobabiliterli‘abitam
1487 3344 1657 3398 fuisse
1754 3360 1811 3414 ρ.
1844 3345 1935 3414 65)
1989 3345 2196 3416 pariter
2224 3347 2292 3399 de
2321 3344 2473 3398 senili
2499 3347 2695 3399 canitie
2724 3344 2824 3401 sua
2864 3348 3138 3416 loquatur,
3169 3361 3329 3414 quem

85 3418 133 3469 in
173 3418 413 3471 concilio
454 3413 1059 3485 Constantinopolitano
1112 3429 1162 3485 a.
1206 3413 1332 3476 581,
1367 3425 1656 3485 postquam
1758 3413 1938 3485 tamen
1974 3413 2281 3485 eertissime
2318 3430 2369 3468 a.
2400 3415 2501 3485 38l
2536 3416 2650 3483 jam
2699 3413 3015 3485 scripserat.
3050 3417 3133 3485 (S.
3179 3413 3328 3472 llier.

88 3486 195 3556 ipse
222 3496 477 3541 centrum
512 3487 739 3541 unitatis
762 3482 1102 3541 constitutus
1138 3483 1333 3539 fuerat.
1371 3482 1454 3538 CI'.
1490 3482 1658 3538 Tille-
1758 3483 1834 3537 De
1856 3483 2193 3553 Script.eccl.
2218 3485 2431 3554 c.1228.)
2463 3482 2725 3552 FESSLER,
2752 3482 2929 3539 liislit.
2958 3482 3179 3553 Patr.,l.
3206 3486 3312 3542 615

127 3680 3332 3714 m

288 4090 557 4176 ΠΕΡΙ
636 4087 1254 4178 -ΘΕΟΤΗΤοΣ
1340 4088 1613 4175 ΥΙΟΥ
1710 4089 1905 4173 ΚΑΙ
1994 4088 2680 4180 ΠΝΕΥΜΑΤΟΣ
2762 4094 3129 4184 ΛΟΓΟΣ

1165 4254 1275 4306 Καὶ
1310 4250 1577 4322 ἐγκώμιον
1605 4254 1684 4315 εἰς
1706 4251 1797 4305 τὸν
1823 4251 2025 4307 δίκαιον
2062 4253 2330 4325 Ἀϐραάμ.

1429 4544 2009 4677 EIUSDEM

210 4761 672 4859 ORATIO
732 4764 880 4853 DE
957 4762 1472 4853 DEITATE
1564 4758 1859 4846 FILII
1969 4756 2121 4844 ET
2193 4757 2744 4847 SPIRITUS
2800 4758 3215 4853 SANCTI

680 4948 782 5003 Cui
818 4946 1021 5003 inserta
1047 4954 1131 5003 est
1151 4945 1393 5002 laudatio
1419 4941 1724 4999 constantis
1754 4939 1873 4994 ﬁdei
1905 4940 2038 5008 justi
2080 4937 2410 4991 Patriarchae
2442 4937 2755 4993 Abrahami.

1352 5085 1602 5139 Laurentio
1651 5082 1820 5146 Silano
1862 5083 2132 5149 interprete.

164 5254 286 5311 Οἷὸν
310 5275 366 5310 τι
388 5258 657 5328 πάσχουσι
675 5257 813 5328 πρὸς
838 5259 964 5321 τοὺς
992 5258 1313 5322 πολυανθείς
1343 5259 1450 5311 τῶν
1471 5260 1673 5330 λειμώ-

1846 5258 2018 5323 Quale
2085 5258 2345 5327 quiddam
2403 5261 2459 5314 in
2504 5260 2825 5317 ﬂorentibus
2873 5262 3044 5330 pratis
3105 5260 3355 5314 accidere

106 5368 196 5404 νων
220 5353 272 5404 οἱ
299 5352 412 5405 τῶν
430 5351 689 5404 τοιούτων
728 5351 1134 5422 φιλοθεάμονες,
1175 5347 1255 5415 οἷς
1284 5354 1345 5405 οὐ
1378 5353 1511 5422 πρὸς
1537 5354 1595 5405 ἒν

1841 5354 1921 5405 ιιοι
1970 5351 2038 5405 iis
2068 5352 2161 5420 qui
2223 5367 2411 5407 earum
2446 5369 2627 5409 rerum
2696 5356 3114 5425 spcctandarum
3176 5355 3358 5406 studio

110 5441 203 5494 τῶν
223 5443 565 5513 φαινομένων
584 5442 671 5495 διὰ
692 5442 753 5495 τὸ
781 5443 879 5511 τῆς
899 5444 1046 5514 ὥρας
1063 5443 1320 5513 ὁμότιμον
1347 5445 1627 5514 δόφθαλμί

1843 5452 2064 5504 nentur,
2124 5458 2357 5512 quorum
2413 5447 2610 5502 oculus
2659 5458 2881 5516 propter
2930 5445 3358 5515 pulchritudinis

109 5534 457 5604 ἐπερείδεται,
489 5536 604 5589 ἀλλ’
639 5538 733 5588 ἐπὶ
766 5538 941 5589 πάντα
974 5540 1093 5601 ταῖς
1148 5537 1462 5606 ἐπιθυμίαις
1485 5538 1620 5607 χεόμ

1841 5553 1952 5591 rcus
1976 5538 2187 5604 aequale
2221 5553 2330 5592 non
2358 5540 2410 5592 in
2444 5554 2553 5593 uno
2602 5541 2784 5609 aliquo
2808 5538 2959 5597 ﬂore.
2988 5540 3085 5609 qui
3144 5541 3195 5592 in
3228 5556 3358 5592 con--

108 5641 178 5677 νοι
226 5627 302 5698 τῷ
358 5628 584 5699 μηδενὸς
633 5628 838 5681 ἐθέλειν
880 5628 1229 5698 διαμαρτεῖν,
1268 5629 1527 5691 πολλάκις
1585 5647 1625 5681 τι

1840 5640 1972 5685 »εειιι
2009 5632 2105 5695 sit,
2133 5630 2407 5700 deligitur,
2439 5634 2530 5684 sed
2563 5633 2692 5685 dum
2726 5634 2877 5687 nullo
2910 5650 3015 5686 non
3057 5634 3216 5702 potiri
3268 5649 3357 5685 vo-

113 5721 295 5785 παντὸς
327 5721 723 5774 ἁποπίπτονται
745 5740 758 5753 ο
790 5720 1029 5773 τοιοῦτον
1052 5740 1101 5773 τι
1153 5722 1383 5775 πέπονθε
1426 5721 1604 5791 κάμοῦ

1849 5730 1926 5787 nt,
1958 5723 2011 5777 in
2036 5737 2227 5779 omnes
2256 5722 2554 5793 cupiditate
2588 5723 2713 5787 fusi,
2744 5726 2794 5779 id
2837 5726 2978 5793 quod
3013 5726 3067 5777 in
3093 5740 3158 5778 eo
3189 5738 3359 5794 nego-

420 5814 693 5873 l’aTnot.
739 5814 855 5874 Gn.
893 5814 1080 5874 XLVI
2936 5820 3011 5880 18
