3842 6444
553 287 664 346 555

1823 290 1882 345 S.
1923 287 2247 347 GREGORII
2285 290 2575 349 NYSSENI

3671 309 3748 373 556

550 406 629 458 tio
677 417 951 459 summum
993 408 1077 457 est
1121 417 1498 473 saepenumero
1547 419 1658 458 non
1701 408 2073 472 assequuntur

2229 403 2438 458 διάνοια
2469 407 2605 477 πρὸς
2625 404 2716 459 τὸν
2743 406 2981 478 λειμῶνα
3011 409 3108 480 τῆς
3130 408 3353 481 Γραφῆς
3379 409 3747 485 ἀτέοόλέτωντσς.

550 500 657 563 tale
691 495 948 567 quiddam
977 493 1142 550 etiam
1176 494 1363 549 animo
1395 511 1516 552 meo
1567 505 1782 566 pratum
1814 496 2114 563 Scriptura:

544 589 851 660 spectantis
886 603 988 642 usu
1024 587 1194 641 venit.
1229 585 1637 642 Sententiarum
1695 588 1842 642 enim
1877 583 2120 655 pulchri-

546 681 754 737 tudinis
780 680 1015 735 varietas
1028 678 1097 734 ad
1119 679 1299 734 omnia
1324 679 1529 750 pariter
1555 679 1796 733 animum
1818 679 2121 742 attrahens,

546 773 715 829 efﬁcit
754 782 813 826 ut
839 771 1112 841 cupiditas
1147 770 1287 841 ejus,
1324 769 1451 823 dum
1508 771 1564 824 in
1601 770 1716 840 pari
1766 769 1962 826 decore
1989 786 2126 838 pra:-

544 865 672 920 ditis
693 861 837 919 haud
862 861 1022 916 facile
1043 862 1188 931 quod
1223 858 1408 930 potius
1458 871 1724 931 sequatur
1758 861 2001 930 reperire
2029 877 2125 933 po-

541 964 672 1018 test,
716 955 1038 1009 inconstans
1070 953 1162 1017 sit,
1203 959 1257 1006 et
1313 955 1381 1005 ab
1441 953 1566 1007 aliis
1611 953 1677 1008 ad
1724 954 1830 1007 alia
1871 961 2123 1024 properet

543 1055 708 1116 atque
731 1045 974 1100 festinet.
1013 1042 1154 1098 Ecce
1175 1043 1321 1098 enim
1351 1043 1626 1112 quomodo
1663 1059 1757 1115 per
1781 1045 2122 1115 prophetiam

542 1137 722 1207 magni
757 1133 974 1190 Davidis
1006 1133 1168 1189 flores
1217 1133 1465 1188 enitent?
1490 1135 1672 1204 qualis
1732 1151 1863 1190 vero
1905 1135 2004 1191 ﬂos
2037 1136 2123 1190 di-

541 1229 703 1282 vinus
730 1229 1048 1297 Apostolus,
1096 1224 1339 1294 paradisi
1395 1227 1626 1280 cultura:
1657 1227 2121 1297 pulchritudinem

541 1317 858 1380 ostendens,
892 1332 955 1371 ac
975 1316 1200 1370 multam
1231 1316 1422 1372 odoris
1450 1315 1657 1372 Christi
1711 1319 1964 1374 redoleas
1993 1332 2125 1374 sua-

2230 494 2304 547 Τδ
2334 497 2445 567 γὰρ
2481 497 2724 551 ποικίλον
2752 498 2850 568 τῆς
2881 498 3032 570 ὥρας
3068 499 3180 554 τῶν
3208 501 3494 572 νοημάτων
3523 505 3747 579 όμοτίμως

2228 585 2320 636 ἐπὶ
2368 587 2546 640 πάντα
2580 587 2678 658 τὴν
2737 587 2914 658 ψυχὴν
2955 589 3338 661 ἐφελκόμενον,
3375 593 3613 649 ἁστατείν
3643 607 3752 656 ποιεῖ

2227 676 2325 747 τὴν
2351 676 2665 747 ἐπιθυμίαν,
2693 677 2770 748 τῷ
2802 681 2876 750 μὴ
2909 680 3166 736 δύνασθαι
3192 683 3388 754 ῥᾳδίως
3412 686 3584 756 εὑρεῖν
3601 688 3650 742 έν
3665 697 3750 758 τοῖς

2227 767 2510 837 ὁμοτίμοις
2539 767 2602 821 τὸ
2647 771 3057 841 προτιμότερον.
3099 773 3229 826 Ἰδοὺ
3270 773 3378 844 γὰρ
3413 775 3530 840 πῶς
3555 777 3752 852 ὑπολάμ-

2229 875 2320 911 πει
2346 857 2433 912 διὰ
2462 859 2556 912 τοῦ
2593 860 2829 930 μεγάλου
2853 863 3018 917 Δαὸίδ
3049 862 3149 934 τῆς
3175 868 3504 938 προφητείας
3533 870 3594 922 τὰ
3611 871 3718 944 ἄνθη
3736 890 3749 906 ·

2226 945 2338 1003 οἷον
2366 950 2421 1004 δὲ
2457 951 2617 1016 ἄνθος
2646 954 2674 1004 ὁ
2700 953 2840 1019 θεῖος
2881 954 3203 1020 Ἀπόστολος
3225 959 3324 1030 τῆς
3351 959 3446 1013 τοῦ
3472 963 3751 1032 παραδείσου

2227 1041 2499 1112 γεωργίας
2532 1043 2916 1114 ὑποσημαίνων
2949 1046 3009 1099 τὸ
3047 1046 3259 1112 κάλλος,
3300 1050 3393 1103 καί.
3433 1051 3620 1123 πολλὴν
3649 1056 3753 1109 ἁπο-

2229 1132 2406 1184 πνέων
2437 1132 2529 1186 τοῦ
2569 1134 2804 1206 Χριστοῦ
2845 1136 2947 1208 τὴν
2977 1138 3237 1193 εύωδίανί
3267 1139 3387 1194 Τῶν
3416 1141 3474 1194 δὲ
3518 1144 3755 1215 eamut-

2229 1220 2342 1274 κῶν
2361 1221 2639 1293 λειμώνων
2667 1225 2727 1278 τὸ
2753 1225 2948 1291 κάλλος
2969 1227 3054 1292 τίς
3101 1229 3169 1283 ἂν
3200 1231 3480 1298 ὑπεξέλθοι
3525 1234 3662 1303 λόγος
3688 1239 3754 1290 ἀν-

2229 1313 2500 1386 θρώπινος
2522 1331 2538 1382 ;

537 1409 800 1464 vitalem?
821 1406 958 1462 Nam
1001 1403 1450 1474 Evangelicorum
1499 1405 1958 1475 pulchritudinem
1990 1413 2271 1477 pratorum
2303 1418 2554 1474 quaenam
2575 1406 2750 1460 oratio
2784 1407 3019 1478 explicet
3040 1409 3310 1468 humana?

607 1503 809 1560 Verum
841 1502 974 1557 mihi
1013 1499 1157 1556 haud
1189 1501 1424 1556 alienum
1461 1516 1587 1556 esse
1613 1502 1853 1566 videtur,
1899 1501 1954 1556 in
1978 1508 2118 1556 tem-

539 1610 668 1664 pore
685 1592 1050 1665 proverbialis
1076 1591 1224 1646 illius
1255 1590 1585 1645 mentionem
1615 1589 1796 1648 facere
1844 1592 2117 1647 laudatio-

533 1688 644 1752 nis,
675 1697 727 1739 et
759 1699 913 1756 apem
943 1681 1148 1738 imitari
1180 1701 1194 1738 :
1228 1697 1392 1752 quam
1426 1681 1561 1738 dicit
1588 1681 1873 1754 Scriptura
1907 1683 2118 1738 viribus

537 1776 758 1848 quidem
810 1774 1082 1830 inﬁrmam
1123 1789 1248 1831 esse
1273 1776 1288 1806 ¹
1327 1774 1629 1846 (nunquam
1684 1775 1830 1830 enim
1877 1775 1997 1829 visa
2035 1784 2119 1832 est

537 1879 709 1924 totum
734 1868 992 1939 colligere
1018 1867 1229 1933 ﬂorem,
1248 1877 1304 1922 et
1333 1882 1502 1938 super
1525 1868 1754 1924 dorsum
1781 1869 1849 1923 ad
1878 1869 2117 1923 alvearia

535 1961 799 2032 portare),
826 1957 922 2014 sed
949 1966 1175 2014 tenuem
1208 1957 1360 2012 illum
1377 1958 1471 2029 qui
1497 1957 1549 2012 in
1578 1957 1760 2014 medio
1782 1956 1934 2014 ﬂoris
1955 1955 2115 2028 quasi

535 2053 780 2125 lanugini
812 2052 1076 2116 adhaeret,
1103 2051 1208 2107 alis
1232 2065 1528 2106 excussum
1559 2050 1838 2120 pulverem
1869 2051 2116 2106 curvatis

536 2146 840 2214 suscipiens
862 2143 1141 2207 cruribus,
1173 2156 1267 2212 per
1291 2140 1380 2195 illa
1404 2141 1602 2197 scitum
1626 2141 1756 2195 illud
1781 2140 1951 2196 efﬁcit
1977 2156 2116 2210 opus

535 2240 686 2294 senis
719 2236 921 2307 pedum
941 2234 1253 2289 curvaturis
1281 2249 1508 2289 numero
1539 2248 1698 2304 pares
1753 2234 1809 2289 in
1847 2233 2112 2288 directum

533 2331 783 2388 excitans
825 2328 1074 2398 angulos,
1105 2341 1170 2382 ac
1213 2342 1311 2397 per
1342 2326 1585 2381 medium
1631 2326 1849 2381 levitate
1875 2325 2112 2388 alarum,

534 2423 692 2494 quasi
727 2421 1052 2493 quibusdam
1078 2419 1352 2481 uncluris,
1408 2427 1599 2472 tenues
1629 2417 1752 2473 illos
1801 2417 1855 2470 in
1893 2415 2112 2470 modum

534 2517 866 2572 membrame
894 2515 1164 2583 parietum
1192 2512 1412 2566 ordines
1433 2511 1732 2580 expoliens.
1759 2508 1914 2575 Quod
1949 2509 1996 2565 si
2031 2507 2116 2562 fu-

533 2620 714 2662 turum
753 2613 840 2662 est
887 2615 946 2658 ut
999 2613 1185 2659 nostra
1225 2618 1444 2674 quoque
1476 2603 1653 2657 oratio
1697 2609 1753 2657 et
1791 2601 2013 2672 regibus
2059 2610 2115 2657 et

525 2698 762 2770 privatis
791 2696 1129 2762 hominibus,
1163 2704 1223 2750 ut
1253 2696 1434 2766 inquit
1463 2695 1749 2760 Solomon,
1786 2693 1852 2748 ad
1907 2693 2116 2749 sanita.

534 2803 640 2847 tem
680 2789 970 2848 conducat.
1009 2787 1260 2858 precibus
1290 2799 1344 2842 et
1375 2787 1514 2843 votis
1539 2801 1657 2840 eam
1688 2787 1922 2857 gratiam
1949 2786 2112 2842 nobis

524 2883 736 2954 pariter
768 2879 1128 2935 conciliemus
1173 2885 1227 2934 et
1268 2893 1369 2948 ego
1400 2891 1455 2934 et
1486 2893 1601 2934 vos.
1664 2876 1904 2932 Lucrum
1964 2879 2110 2932 enim

530 2989 823 3030 commune
882 2979 1008 3037 est,
1056 2971 1166 3025 imo
1220 2971 1394 3041 major
1442 2985 1571 3041 pars
1614 2971 1734 3040 ejus
1764 2977 1948 3024 vestra
1974 2978 2108 3024 est:

531 3061 973 3134 quandoquidem
1028 3061 1276 3130 accipere
1329 3059 1534 3129 aliquid
1588 3057 1718 3113 boni
1769 3057 1894 3127 plus
1952 3054 2180 3142 alfertc

522 3157 693 3221 ‘lucri,
717 3169 882 3226 quam
907 3151 1115 3222 aliquid
1148 3151 1408 3222 praebere.
1455 3148 1615 3204 Vetat
1663 3148 2014 3219 Evangelium
2053 3149 2106 3202 in

531 3262 680 3306 utres
708 3257 920 3303 veteres
965 3245 1153 3299 vinum
1184 3258 1384 3298 novum
1440 3241 1729 3297 infundere
1775 3242 1834 3294 ἐ
1879 3239 2108 3295 forsitan

522 3343 597 3397 ad
635 3342 1009 3408 bactempera
1029 3345 1240 3407 spectat
1270 3334 1540 3391 sermonis
1568 3333 1693 3387 tecti
1739 3331 2105 3386 involucrum.

529 3435 664 3488 Nam
711 3431 898 3486 viuum
937 3444 1129 3484 recens
1171 3441 1512 3498 expressum,
1564 3432 1784 3496 propter
1831 3439 1954 3480 eum
2013 3422 2106 3492 qui

530 3526 857 3582 naturaliter
941 3521 1158 3578 exsiStit
1231 3521 1406 3575 ineo
1483 3518 1715 3588 liquoris
1790 3516 2103 3581 fervorem,

522 3619 658 3676 ﬂatu
703 3618 920 3684 plenum
973 3621 1078 3675 est,
1129 3610 1367 3666 naturali
1417 3616 1566 3662 motu
1605 3608 1828 3664 limosas
1883 3608 1952 3662 ab
1984 3605 2110 3662 sese

525 3726 623 3782 per
688 3721 934 3778 spumam
994 3705 1257 3760 exhalans
1320 3711 1483 3772 atque
1548 3699 1802 3770 rejicieus
1889 3699 2103 3755 sordes.

526 3803 641 3858 Hoc
671 3810 850 3855 autem
907 3797 1044 3852 nihil
1097 3794 1244 3850 aliud
1291 3802 1397 3852 est.
1441 3799 1501 3846 ut
1561 3806 1679 3848 mea
1738 3789 1958 3862 quidem
1999 3790 2105 3844 fert

521 3889 730 3960 opinio,
762 3886 867 3942 nisi
922 3899 986 3940 ea
1047 3898 1170 3953 quae
1226 3882 1295 3937 de
1346 3881 1555 3950 Spiritu
1605 3889 1800 3936 sancto
1859 3880 2099 3935 traditur

522 3982 793 4044 doctrina,
841 3974 1300 4048 quemadmodum
1345 3972 1478 4028 dicit
1528 3973 1851 4043 Apostolus,
1896 3971 2102 4040 Spiritu

523 4071 776 4141 ferventes
790 4069 832 4132 ⁸,
850 4082 1012 4136 quam
1045 4073 1231 4137 putres
1258 4062 1693 4134 pertinentesque
1720 4071 1873 4118 utres
1901 4077 1966 4117 ac
1990 4078 2101 4134 prae

523 4160 900 4218 incredulitate
922 4155 1209 4212 inveterati
1242 4169 1349 4208 non
1367 4153 1681 4217 continent,
1714 4153 1809 4208 sed
1842 4154 2101 4210 doctrinae

522 4256 806 4323 majestate
836 4257 1182 4319 rumpuntur.
1203 4245 1416 4302 Idcirco
1437 4245 1483 4301 si
1511 4260 1618 4315 qua
1649 4245 1902 4300 sublimis
1927 4245 2008 4301 eis
2030 4260 2096 4299 ex

521 4350 767 4404 doctrina
825 4347 1134 4415 ingenerata
1193 4341 1356 4395 fuerit
1408 4340 1711 4405 sententia,
1770 4337 2100 4394 scinduntur

2309 1499 2469 1554 Ἀλλά
2504 1517 2595 1570 μοι
2617 1500 2766 1554 δοκεῖ
2807 1502 2988 1567 καλῶς
3021 1503 3165 1576 ἔχειν
3195 1507 3253 1559 έν
3286 1509 3460 1580 καιρῷ
3493 1512 3755 1583 μνησθῆναι

2221 1593 2321 1663 τῆς
2353 1593 2729 1664 παροιμιακῆς
2755 1595 3106 1662 ὲπαινέσεως,
3149 1600 3243 1653 καὶ
3298 1599 3536 1672 ζηλῶσαι
3570 1602 3656 1674 τὴν
3683 1608 3755 1675 μέ-

2151 1735 2194 1788 B
2221 1682 2412 1788 λισσαν
2431 1699 2446 1715 ο
2469 1684 2537 1788 ην
2563 1701 2726 1788 φησιν
2755 1686 3002 1788 ilignei;
3021 1691 3087 1760 τῇ
3114 1688 3270 1761 ῥώμῃ
3303 1692 3400 1763 μὲν
3426 1688 3562 1748 εἶναι
3589 1696 3756 1768 ἀσθενῆ

2223 1776 2306 1845 (οὑ
2341 1775 2449 1847 γὰρ
2479 1775 2635 1847 ὤφθη
2692 1779 2820 1832 ποτὲ
2865 1779 2985 1834 ὅλον
3037 1781 3349 1855 δρεψαμένη
3384 1785 3445 1838 τὸ
3488 1787 3661 1855 ἄνθος,
3684 1793 3757 1845 καί

2219 1866 2360 1935 ὑπὲρ
2387 1866 2557 1921 νῶτον
2595 1867 2689 1922 ἐπὶ
2717 1868 2918 1939 σίμ6λα
2957 1871 3302 1945 κομίζουσα),
3333 1874 3467 1930 ἀλλὰ
3515 1876 3573 1930 τὸ
3597 1877 3756 1934 λεπτὸν

2217 1959 2310 2011 καὶ
2333 1958 2564 2028 χνοῶδες
2596 1963 2696 2032 τῆς
2734 1961 2794 2014 έν
2825 1959 2903 2032 τῷ
2953 1961 3108 2032 μέσῳ
3154 1963 3328 2034 κόμης
3368 1965 3669 2036 ὲκτιναχθὲν
3690 1969 3758 2023 διὰ

2214 2050 2324 2104 τῶν
2341 2050 2624 2123 πτερύγων
2648 2054 2768 2117 ταῖς
2795 2052 3058 2122 ἀγκύλαις
3093 2053 3452 2121 ὑπολαϐοῦσα,
3475 2056 3546 2109 δι’
3571 2057 3756 2112 ἐκείνων

2215 2143 2505 2214 ἐργάζεται
2537 2144 2636 2214 τὴν
2658 2144 2826 2216 σοφὴν
2855 2146 3118 2217 ἐργασίαν
3139 2147 3376 2219 ἐκείνην,
3405 2150 3526 2211 ταῖς
3545 2148 3600 2216 ἐξ
3620 2151 3762 2219 ano.
3799 2161 3804 2188 α

2213 2232 2334 2298 λαις
2389 2234 2708 2306 ίσαρίθμους
2738 2237 2940 2304 γωνίας
2967 2239 3046 2301 εἰς
3086 2237 3267 2309 ὄρθιον
3309 2239 3670 2312 ἀνεγείρουσα,
3685 2243 3759 2295 καὶ

2214 2323 2300 2378 διὰ
2350 2325 2516 2395 μέσου
2565 2327 2632 2396 τῇ
2684 2325 2920 2397 λειότητι
2971 2326 3080 2381 τῶν
3131 2327 3446 2406 πτερύγων,
3491 2325 3600 2382 οἷόν
3648 2348 3762 2383 τισιν

2214 2413 2483 2484 ἀλοιφαῖς,
2509 2417 2634 2479 τοὺς
2657 2415 2887 2480 λεπτοὺς
2909 2417 3148 2482 ἐκείνους
3171 2419 3265 2471 καί⁸
3287 2419 3316 2471 ὑ
3325 2418 3578 2490 μυώδεις
3601 2419 3761 2493 [6110!-

2215 2523 2343 2576 χους
2373 2506 2774 2563 έπιλεαίνουσα.
2805 2509 2868 2561 Εἰ
2900 2507 2956 2560 δὲ
3009 2507 3190 2578 μέλλοι
3221 2510 3315 2563 καὶ
3343 2513 3371 2563 ό
3402 2510 3663 2582 ἡμέτερος
3692 2511 3764 2565 λό-

2215 2615 2310 2666 γος
2347 2599 2627 2669 βασιλεῦσί
2661 2617 2719 2653 τε
2750 2600 2844 2654 καὶ
2884 2599 3118 2664 ἰδιώταις
3138 2643 3152 2665 ,
3183 2601 3363 2664 καθώς
3393 2619 3559 2674 φησιν
3579 2605 3606 2656 ό
3640 2603 3764 2656 Σολο-

2216 2687 2355 2760 μὼν,
2391 2691 2471 2754 είς
2493 2690 2704 2759 ὑγίειαν
2725 2693 3031 2764 ἐπιτήδειος
3057 2691 3470 2766 γίνεσθαι,εὑχῇ
3507 2696 3602 2768 τὴν
3628 2697 3763 2768 χάριν

2212 2782 2644 2853 ὲπισπασώμεθα
2709 2781 2820 2852 ἐγώ
2878 2801 2939 2836 τε
2993 2784 3085 2836 καὶ
3153 2785 3306 2855 ὑμεῖς
3374 2787 3759 2860 παραπλησίως.

2211 2870 2403 2924 Κοινὸν
2429 2871 2538 2943 γὰρ
2569 2873 2629 2925 τὸ
2657 2875 2871 2946 κέρδος,
2907 2876 3106 2946 μᾶλλον
3128 2876 3184 2930 δὲ
3211 2877 3272 2930 τὺ
3300 2878 3461 2932 πλέον
3497 2881 3761 2952 ὑμέτερον⁸

2210 2961 2438 3033 ἐπείπερ
2469 2962 2531 3016 τὸ
2566 2963 2751 3017 λαϐεῖν
2774 2982 2827 3018 τι
2856 2965 3018 3020 καλὸν
3054 2968 3148 3021 τοῦ
3182 2973 3483 3041 παρασχεῖν
3512 2989 3565 3025 τι
3595 2973 3763 3043 κερδα-

2211 3053 2495 3126 λεώτερον.
2529 3042 2882 3131 Ἀπαγορεύει
2899 3060 2959 3113 τὸ
2977 3057 3307 3131 Εὑαγγέλιον
3333 3064 3580 3130 παλαιοῖς
3601 3042 3764 3129 ἀσκοῖς

2214 3140 2354 3199 οἶνον
2393 3146 2509 3202 νέον
2554 3149 3002 3205 ὲναποτίθεσθαιο
3033 3153 3175 3224 τάχα
3230 3154 3367 3227 πρὸς
3414 3156 3510 3210 τὸν
3553 3157 3768 3228 παρόντα

2213 3239 2406 3310 καιρὸν
2436 3238 2622 3310 βλέπει
2649 3241 2712 3295 τὸ
2745 3243 2993 3314 αἴνιγμα.
3052 3245 3112 3300 '0
3149 3245 3257 3318 γὰρ
3308 3246 3589 3320 νεοθλιὸὴς
3626 3245 3766 3314 σίνος,

2212 3327 2300 3383 διὰ
2325 3330 2422 3400 τὴν
2454 3332 2698 3400 φυσικῶς
2723 3335 3081 3406 ὲγγινομένην
3101 3335 3195 3390 τοῦ
3234 3337 3402 3410 ὑγροῦ
3429 3338 3603 3403 ζέσιν,
3621 3343 3769 3396 Πνεύο

2216 3436 2384 3489 ματος
2421 3423 2635 3494 πλήρης
2684 3425 2830 3490 ἐστὶ,
2857 3425 2946 3479 διὰ
2973 3428 3071 3498 τῆς
3121 3429 3356 3500 φυσικῆς
3399 3431 3666 3504 κινήσεως
3703 3433 3770 3498 ἐξ·

2211 3513 2456 3584 αφρίζων
2483 3515 2574 3568 τὸν
2613 3517 2804 3588 ἰλυώδη
2830 3513 2999 3574 όύπον
3022 3519 3114 3589 ἀφ’
3138 3521 3342 3575 ἑαυτοῦ.
3366 3522 3540 3578 Τοῦτο
3565 3525 3620 3577 δὲ
3641 3525 3770 3577 οὐδὲν

2211 3602 2338 3657 ἄλλο
2373 3606 2490 3658 ἐστὶ
2516 3646 2531 3671 ,
2567 3609 2708 3662 κατά
2737 3625 2800 3676 γε
2843 3609 2934 3662 τὸν
2977 3610 3109 3680 ὲμὸν
3156 3610 3330 3679 λόγον,
3374 3613 3407 3682 ἢ
3438 3616 3475 3685 ἡ
3523 3617 3649 3687 περὶ
3689 3615 3767 3667 τοῦ

2211 3697 2368 3764 ἁγίου
2424 3698 2736 3769 Πνεύματος
2772 3700 3119 3767 διδασκαλία,
3152 3702 3329 3768 καθώς
3365 3723 3534 3777 φησιν
3557 3711 3587 3762 ό
3635 3707 3771 3760 ’Λπό-

2211 3788 2414 3855 στολος,
2443 3790 2524 3843 ὅτι
2559 3789 2643 3856 Τῷ
2685 3794 2978 3862 [ινεύματι
3024 3791 3251 3860 ζέοντες
3270 3837 3286 3860 ,
3311 3797 3378 3867 ἣν
3406 3799 3455 3850 oi
3495 3798 3683 3872 σαθροί
3719 3817 3767 3852 τε

2209 3881 2302 3934 καὶ
2331 3872 2711 3952 διερρυηκότες
2747 3884 2938 3947 ἀσκοὶ,
2979 3885 3075 3938 καὶ
3121 3885 3224 3938 ὑπὸ
3255 3887 3354 3958 τῆς
3392 3890 3656 3956 ἀπιστίας
3686 3910 3768 3945 πε-

2208 3971 2575 4043 παλαιωμένοι
2601 3974 2660 4027 οὑ
2705 3975 3017 4044 στέγουσιν,
3050 3975 3184 4031 ἀλλὰ
3221 3983 3688 4053 περιρῤήγνυνται
3713 3988 3766 4056 τῇ

2209 4065 2546 4136 μεγαλοφυηι
2581 4067 2674 4120 τοῦ
2715 4067 3002 4139 δόγματος.
3034 4069 3131 4123 Διὰ
3172 4071 3328 4125 τοῦτο
3351 4074 3444 4128 έὰν
3495 4094 3549 4130 τι
3588 4077 3772 4149 ὑψηλὸν

2206 4153 2387 4218 αὑτοῖς
2419 4155 2483 4206 ὲκ
2523 4154 2869 4221 διδασκαλίας
2921 4159 3205 4230 ἐγγένηται
3257 4162 3433 4234 νόημα
3459 4204 3476 4230 ,
3513 4165 3770 4236 σχίζονται

2206 4249 2332 4319 περὶ
2366 4248 2456 4301 τὸν
2481 4247 2644 4317 ὄγκον
2671 4249 2763 4302 τοῦ
2795 4249 3059 4320 δόγματος
3080 4269 3093 4282 ·
3126 4253 3217 4307 καὶ
3239 4254 3389 4308 αὐτοί
3415 4273 3483 4323 γε
3508 4257 3774 4329 ἀχρειοῧν⁴

2202 4359 2294 4394 ται
2323 4340 2409 4394 διὰ
2441 4339 2534 4393 τοῦ
2579 4343 2875 4412 ῥήγματος,
2913 4345 3008 4414 τήν
3051 4361 3110 4396 τε
3147 4345 3240 4399 τοῦ
3274 4347 3597 4417 Πνεύματος
3631 4351 3771 4423 χάριν

521 4443 670 4494 circa
699 4436 1110 4508 amplitudinem
1141 4432 1407 4487 doctrinae
1437 4445 1451 4484 :
1495 4445 1561 4485 ac
1580 4446 1707 4486 cum
1739 4430 1844 4502 ipsi
1870 4430 2093 4501 quidem

2213 4434 2322 4504 είκῆ
2385 4432 2528 4504 ῥέειν
2573 4434 3100 4503 παρασκευάζουσιν.
3135 4437 3229 4499 Ei;
3281 4438 3388 4509 γὰρ
3451 4443 3772 4512 κακότεχνον

521 4549 619 4604 per
648 4541 929 4600 rupturam
953 4527 1172 4582 indtiles
1196 4524 1519 4585 redduntur,
1553 4530 1665 4578 tum
1690 4522 1930 4578 eﬁiciunt
1957 4535 2015 4577 ut
2038 4523 2091 4576 in

523 4639 720 4679 vanum
763 4639 829 4677 ac
900 4621 1106 4676 frustra
1156 4617 1339 4674 effluat
1406 4617 1583 4687 gratia
1621 4614 1863 4686 Spiritus
1895 4615 2089 4670 sancti.

521 4717 581 4771 In
621 4716 860 4770 animum
910 4711 1056 4766 enim
1088 4711 1420 4766 malitiosum
1463 4706 1731 4778 sapientia
1777 4719 1886 4760 non
1915 4706 2093 4775 ingre-

519 4809 722 4872 dietur,
781 4802 1235 4875 quemadmodum
1292 4802 1469 4872 inquit
1539 4799 1822 4868 Scriptura
1883 4798 1924 4851 ⁶.
1980 4799 2092 4851 lmo

519 4901 680 4972 agite,
711 4897 1006 4968 permittite
1024 4894 1151 4948 mihi
1175 4907 1470 4963 pauperum
1487 4889 1942 4947 consuetudinem
1968 4889 2090 4942 imi-

517 4993 620 5048 tari
663 5011 676 5047 :
715 5005 840 5046 nam
881 4998 935 5044 et
964 4989 1038 5042 illi
1087 4988 1284 5047 solent,
1317 5001 1439 5039 cum
1490 4983 1687 5052 aliquis
1739 4997 1834 5036 eos
1865 4981 2088 5050 Opipara

515 5098 707 5139 mensa
771 5083 934 5136 fuerit
979 5081 1254 5150 dignatus,
1314 5085 1523 5132 remoto
1548 5076 1756 5145 pudore
1792 5074 1860 5128 de
1913 5074 2089 5142 epulis

519 5176 622 5230 sibi
652 5175 918 5244 appositis
951 5173 1112 5226 etiam
1167 5171 1222 5223 in
1280 5179 1553 5238 posterum
1597 5165 1737 5221 diem
1769 5165 1923 5220 cibos
1963 5180 2088 5233 pro-

476 5274 478 5276 '
515 5264 720 5318 videre.
751 5261 986 5317 Proinde
1017 5276 1118 5330 ego
1170 5275 1389 5330 quoque
1417 5275 1483 5311 ex
1518 5257 1772 5312 hesterna
1834 5257 2086 5324 magnifi-

516 5356 693 5408 centia
712 5353 924 5424 exiguis
947 5349 1274 5421 quibusdam
1297 5349 1632 5420 depromptis
1649 5347 1914 5416 reliquiis,
1938 5347 2088 5401 illinc

516 5460 618 5515 pro
640 5446 845 5502 viribus
869 5448 1006 5501 meis
1032 5445 1318 5500 conﬁciam
1353 5443 1680 5504 orationem,
1716 5440 1972 5509 pleraque
1996 5453 2088 5494 eo-

517 5551 662 5601 rum,
739 5552 858 5606 quze
916 5536 1075 5590 hodie
1133 5535 1410 5604 proposita
1461 5539 1611 5595 sunt,
1666 5528 2086 5600 perfectioribus

2197 4527 2374 4598 ψυχὴν
2406 4526 2504 4579 οὑκ
2552 4526 2916 4580 εἰσελεύσεται
2947 4529 3126 4599 σοφία,
3162 4530 3342 4595 καθώς
3375 4549 3551 4603 φησιν
3579 4537 3612 4604 ὴ
3647 4536 3772 4606 Γρα-

2202 4620 2297 4688 φή.
2334 4617 2550 4671 Μᾶλλον
2599 4618 2658 4672 δὲ
2717 4619 3107 4690 συγχωρήσατε
3159 4638 3248 4691 μοι
3293 4623 3651 4693 μιμήσασθαι
3690 4625 3774 4695 τὴν

2198 4710 2305 4763 τῶν
2353 4709 2596 4781 πενήτων
2653 4709 2937 4780 συνήθειαν
2968 4727 2982 4743 ο
3019 4713 3140 4764 ἐπεὶ
3176 4713 3445 4777 κάκείνοις
3513 4716 3771 4786 σύνηθες.

2197 4807 2324 4857 ὅταν
2348 4804 2475 4856 ποτὲ
2506 4803 2762 4865 πλουσίας
2787 4803 3055 4869 ἀξιωθῶσι
3095 4805 3392 4876 τραπέζης,
3410 4808 3774 4879 ἀνεπαισχὺνο

2196 4913 2304 4958 τως
2346 4897 2411 4948 ὲκ
2461 4893 2568 4946 τῶν
2607 4893 2975 4965 προτεθέντων
3010 4894 3212 4958 αὑτοῖς,
3235 4897 3328 4949 καὶ
3368 4898 3449 4960 εἰς
3490 4901 3601 4970 τὴν
3633 4902 3776 4953 ὑστε-

2200 4987 2356 5058 ραίαν
2386 4983 2793 5047 ἐπισιτίζεσθαι.
2820 4983 2991 5052 Κάγὼ
3021 4985 3196 5038 τοίνυν
3229 4987 3293 5040 ὲκ
3323 4988 3422 5058 τῆς
3449 4990 3657 5063 χθιζῆς
3691 5009 3777 5044 πο.

2195 5076 2470 5136 λυτελείας
2494 5075 2686 5146 μικρόν
2704 5093 2756 5128 τι
2775 5079 3259 5148 προχειρισάμενος
3277 5078 3558 5150 λείψανον,
3575 5085 3776 5136 ἐκεῖθεν

2194 5166 2336 5219 κατά
2366 5166 2462 5236 τὴν
2493 5163 2729 5235 ἐμαυτοῦ
2763 5163 2990 5235 δύναμιν
3033 5168 3338 5236 ὀψοποιήσω
3367 5169 3457 5223 τὸν
3495 5171 3684 5242 λόγον,
3718 5179 3778 5226 τὰ

2195 5257 2362 5311 πολλὰ
2417 5257 2523 5309 τῶν
2557 5259 2794 5328 σήμερον
2855 5259 3222 5328 προτεθέντων
3267 5263 3380 5324 τοῖς
3415 5263 3778 5336 τελειοτέρας

2194 5349 2302 5402 τῶν
2333 5348 2667 5418 δαιτυμόνων
2695 5349 3146 5420 ταμιευσάμενος.
3183 5351 3247 5403 Τί
3283 5353 3460 5406 τοίνυν
3494 5350 3571 5426 ἦν
3595 5356 3659 5408 τὸ
3687 5356 3779 5424 τῆς

2195 5439 2387 5509 χθιζῆς
2431 5439 2751 5502 πανδαισίας
2803 5439 3044 5510 ἇϐρωτόν
3093 5459 3151 5494 τε
3197 5443 3288 5496 καὶ
3328 5446 3779 5518 ἀκατέργαστον;

2207 5529 2270 5582 Ἣ
2296 5529 2405 5582 τῶν
2444 5529 2814 5583 ἁποστολικῶν
2848 5531 3095 5602 πράξεων
3141 5534 3350 5606 ἱστορία
3373 5535 3478 5608 τὴν
3517 5539 3582 5593 ἐν
3624 5538 3776 5607 Ἀθή-

589 5694 604 5724 ²
632 5691 802 5750 Eccli.
850 5707 920 5755 xu,
951 5691 1005 5745 5.
1081 5692 1100 5721 ’
1137 5689 1325 5744 Matth.
1360 5706 1434 5757 Ix,
1471 5690 1558 5744 17.
1635 5690 1654 5722 ³
1684 5689 1843 5746 Rom.
1871 5707 1970 5757 xu,
2002 5689 2086 5744 ll.

2222 5687 2350 5773 Sap.
2396 5702 2434 5754 ι,
2463 5687 2515 5741 4.
