3842 6412
82 296 207 356 557

998 314 1086 371 DE
1108 317 1402 376 DEITATE
1430 323 1586 381 FIL"
1619 327 1705 381 ΕΤ
1741 328 2060 390 SPlRlTUS
2098 337 2362 396 SANCTI.

3246 363 3353 424 558

80 438 216 485 ναις
265 422 564 494 ἐπιδημίαν
618 426 712 481 τοῦ
744 430 956 485 Παύλου
1009 434 1303 508 διηγήσατο
1361 444 1521 511 ἡμῖν,
1554 447 1625 497 πᾶ

83 513 586 554 εἰῖιιιὶηηηυηῧυηιηρ
616 518 712 554 m7.
733 521 861 554 At-
888 523 1019 554 1-..:
1082 528 1173 554 ...Α
1210 532 1327 554 -..9-
1355 532 1493 554 2._.e_
1512 552 1516 554 .
1535 552 1559 554 η
1578 536 1609 554 r,

3246 400 3349 424 υυσ

1734 486 1744 507 ι
1771 452 2017 509 convivis
2050 470 2361 515 reservans.
2391 460 2523 528 Quae
2579 478 2708 524 sunt
2738 471 2900 541 igitur
2931 476 3171 535 hesterni
3204 484 3349 554 epuli

83 513 586 581 εἰδωλομανοῦντος
616 518 712 571 τοῦ
733 521 861 591 τῇδε
888 523 1041 590 λαοῦ,
1082 528 1178 579 καὶ
1209 532 1328 593 ταῖς
1352 532 1673 603 ὲπιϐωμίοις

80 602 345 667 κνίσσαις
385 610 813 679 προστετηκότος
835 652 850 674 ,
880 614 942 668 τὸ
963 618 1184 689 Πνεῦμα
1216 622 1276 674 τὸ
1322 623 1478 692 ἅγιον
1506 602 1563 679 ἐν
1594 627 1671 699 τῷ

85 693 354 764 μακαρίῳ
399 697 749 767 παρωξύνετο
799 702 1014 776 Παύλῳ,
1043 703 1231 762 οἷόν-τι
1262 712 1439 783 ῥεῦμα
1491 693 1669 788 πλημλ

85 788 267 858 μύρον
302 789 362 841 ὲν
394 792 460 861 τῇ
477 790 619 862 ψυχῇ
660 792 752 847 τοῦ
798 795 1114 854 Ἀποστόλου
1146 790 1663 879 στενοχωρούμενον,

82 882 179 933 καὶ
209 882 290 953 μὴ
329 883 584 955 εὑρίσκον
617 890 675 941 ὲν
706 888 832 954 τοῖς
864 893 1103 961 ἀναξίοις
1145 901 1243 971 τὴν
1283 902 1532 968 διέξοδον.
1568 907 1667 963 Διὰ

80 972 243 1025 τοῦτο
266 975 528 1041 Στωϊκοῖς
572 996 632 1031 τε
678 982 773 1033 καὶ
833 982 1221 1059 Ἐπικουρείοις
1275 997 1661 1069 συμπλέκεται,

78 1066 173 1117 καὶ
217 1068 302 1130 εἰς
361 1070 578 1141 Ἀρειον
608 1076 883 1141 καταστὰς
930 1080 1123 1150 πάγον,
1164 1086 1229 1139 ὲκ
1255 1088 1363 1140 τῶν
1418 1066 1662 1163 συνήθων

74 1158 280 1222 αὐτοὺς
302 1161 444 1232 πρὸς
466 1164 568 1236 τήν
589 1165 919 1235 θεογνωσίαν
948 1176 1313 1245 προσάγεται·
1347 1158 1661 1259 βωμὸςνγάρ

76 1247 225 1299 ἐστιν
271 1250 426 1321 αὐτῷ
452 1255 547 1307 καὶ
581 1256 926 1331 ἐπίγραμμα,
948 1263 1008 1316 τὸ
1035 1265 1128 1319 τοῦ
1160 1267 1316 1337 λόγου
1348 1247 1656 1346 προοίμίον.

74 1337 168 1401 Εἰς
194 1338 252 1391 τί
285 1342 466 1396 τοίνυν
493 1346 769 1420 ἐμνήσθην
797 1352 891 1404 τοῦ
922 1354 1378 1431 ἀναγνώσματος;
1399 1337 1536 1420 ’Ὅτι
1563 1372 1657 1423 καὶ

76 1428 166 1480 νῦν
195 1432 308 1484 εἱσι
360 1437 479 1489 κατ’
521 1438 763 1505 ἐκείνους
814 1444 940 1507 τοὺς
993 1428 1337 1520 Ἀθηναίους,
1366 1428 1454 1519 εἰς
1505 1460 1656 1515 οὐδὲν

71 1521 261 1593 ἕτερον
311 1525 724 1599 εὐκαιροῦντες,
752 1534 784 1605 ἢ
814 1534 992 1604 λέγειν
1021 1558 1072 1594 τι
1103 1544 1195 1596 καὶ
1221 1546 1440 1601 ἀκούειν
1474 1554 1657 1606 καινό⁴

65 1980 285 2048 σεμνῶς
315 1984 453 2054 ήμῖν
491 1989 618 2059 περὶ
654 1990 765 2047 τῶν
802 1994 1061 2067 ἀλήπτων
1095 1980 1493 2074 φιλοσοφοῦσιν.
1535 1980 1649 2068 Οὐκ

64 2073 314 2140 ἀγνοεῖτε
347 2078 583 2147 πάντως,
616 2084 753 2155 πρὸς
792 2088 941 2153 τίνας
972 2094 1000 2145 6
1026 2092 1182 2163 λόγος
1218 2073 1424 2168 βλέπει.
1462 2104 1646 2160 Πάντα

63 2162 167 2232 γὰρ
198 2164 273 2218 τὰ
320 2168 463 2223 κατὰ
503 2171 604 2241 τὴν
642 2174 798 2229 πόλιν
837 2178 947 2233 τῶν
974 2162 1228 2239 τοιούτων
1267 2192 1643 2265 πεπλήρωται,

59 2255 107 2305 si
138 2258 448 2323 στενωποὶ,
493 2263 549 2315 αἱ
583 2262 814 2336 ἀγοραὶ,
844 2271 902 2322 αἱ
943 2271 1223 2341 πλατεῖαι,
1271 2279 1339 2333 τὰ
1394 2255 1643 2353 ἄμφοδαί

59 2346 105 2397 ei
131 2348 242 2398 τῶν
276 2350 512 2418 ἱματίων
563 2356 821 2427 κάπηλοι,
847 2362 894 2413 οί
933 2367 1051 2428 ταῖς
1078 2369 1379 2438 τραπέζαις
1411 2346 1642 2447 ὲίφεστη-

60 2439 237 2501 κὸτες,
292 2442 345 2492 οἱ
401 2444 469 2497 τὰ
526 2445 759 2519 ἐδώδιμα
814 2454 948 2522 ήμῖν
1005 2439 1467 2531 ἀπεμπολῶντες,
1516 2439 1641 2523 Ἐὀιν

60 2531 183 2598 περὶ
224 2522 339 2584 τῶν
361 2534 561 2589 ὀϐολῶν
589 2539 893 2615 ἐρωτήσῃς,
935 2548 964 2599 6
993 2548 1048 2601 δέ
1090 2522 1171 2605 σοι
1214 2557 1341 2627 περὶ
1381 2522 1638 2631 γεννητοῦ

58 2624 150 2674 καὶ
206 2624 509 2695 ἀγεννήτου
545 2631 901 2706 ἐφιλοσόφησε
924 2657 937 2667 ·
978 2641 1083 2694 κᾶν
1144 2624 1297 2715 περὶ,
1332 2624 1639 2723 τιμήματος

60 2715 222 2783 ἄρτου
257 2716 470 2783 πύθοιο,
511 2722 730 2787 Μείζων
757 2730 785 2780 6
813 2730 1019 2802 Πατὴρ,
1049 2715 1401 2808 ἀποκρίνεται
1425 2715 1567 2804 ..καὶ

55 2802 182 2867 Υἱὸς
208 2806 540 2879 ὑποχείριος.
578 2814 640 2867 Εἰ
678 2816 755 2895 δὲ,
786 2819 859 2872 Τὸ
886 2821 1107 2894 λουτρὸν
1139 2802 1440 2900 ἐπιτήδειόν
1466 2837 1632 2901 ἐστιν,

55 2897 260 2961 εἰποις,
292 2902 322 2953 6
347 2901 405 2953 δὲ
436 2902 495 2967 ἐξ
523 2906 623 2958 οὐκ
654 2892 822 2963 ὄντων
858 2913 950 2964 τὸν
984 2892 1110 2969 Ῠίὺν
1151 2892 1296 2973 εἶναι,
1326 2923 1630 2997 διωρίσατο.

54 2987 164 3039 (ἢκ
190 2984 312 3042 οἶδα
338 2992 392 3044 τί
419 2994 522 3066 χρὴ
556 2996 615 3049 τὸ
667 3001 836 3054 κακὸν
877 3004 1035 3059 τοῦτο
1074 3010 1358 3081 ὀνομάσαι,
1391 2984 1632 3088 φ’ρενίτιν

53 3078 82 3146 ἦ
108 3081 335 3147 μανίαν,
359 3085 394 3155 ἦ
426 3103 479 3139 τι
504 3089 747 3144 τοιοῦτον
778 3097 947 3149 κακὸν
976 3078 1278 3174 ἐπιδήμιον,
1307 3107 1335 3161 ὃ
1490 3111 1632 3181 λογι-

56 3173 203 3239 op.er
226 3174 329 3247 τὴν
362 3185 688 3255 παραφορὰν
720 3185 1093 3257 ἐξεργάζεται.

50 3258 221 3320 Filius
253 3268 540 3337 Subiectus

1772 543 2036 615 reliquite,
2066 562 2203 617 quas
2223 553 2465 609 conviva:
2496 571 2603 612 non
2632 565 2986 622 comederunt
3016 587 3191 643 neque
3220 591 3351 631 con-

1770 640 2073 693 coxerunt?
2124 640 2364 699 Historia
2428 657 2673 706 actorum
2724 658 3176 730 apostolicorum,
3226 686 3350 739 quae

1768 727 1929 784 nobis
1973 733 2233 789 narrabat
2303 747 2364 791 ut
2415 739 2645 798 Athenis
2699 745 2896 817 hospes
2963 750 3166 812 Paulus
3226 775 3349 816 sese

1768 830 2002 888 gereret,
2036 827 2496 893 quemadmodum
2538 837 2737 904 populo
2794 840 2941 897 illius
2969 846 3120 904 urbis
3149 849 3345 906 insano

1766 910 2186 969 simulacrorum
2217 919 2386 973 cultui
2416 921 2682 991 dedito,et
2709 932 3102 1015 sacriﬁciorum
3131 940 3344 996 nidori-

1765 999 1869 1056 hus
1904 1001 2141 1069 addicto,
2177 1006 2416 1077 Spiritus
2443 1025 2669 1073 sanctus
2702 1020 2755 1073 in
2796 1022 2956 1079 beato
2986 1005 3169 1085 'Paulo
3208 1044 3343 1088 con-

1763 1092 2046 1159 citaretur.
2077 1106 2335 1169 tanquam
2379 1103 2582 1162 ﬂumen
2635 1114 2908 1181 quoddam
2976 1118 3340 1181 inundans‘in

1762 1184 1946 1240 animo
1983 1189 2228 1258 Apostoli
2258 1200 2674 1267 coangustatus,
2702 1216 2755 1259 et
2782 1206 2925 1263 inter
2947 1209 3198 1283 indignos
3233 1232 3340 1273 non

1760 1278 2043 1336 inveniens
2072 1282 2250 1339 locum
2274 1293 2618 1360 erumpendi.
2651 1294 2997 1369 Quapmpter
3034 1321 3158 1359 cum
3189 1308 3338 1363 Stoi-

1759 1369 1839 1424 cis
1872 1380 1927 1424 et
1982 1370 2261 1443 Epicureis
2317 1380 2682 1451 conﬂictatur,
2747 1397 2801 1442 et
2851 1391 2907 1446 in
2945 1394 3085 1451 colle
3143 1396 3339 1456 Martio

1759 1468 1931 1525 stans,
1969 1480 2036 1519 ex
2075 1465 2291 1523 illorum
2352 1471 2618 1531 institutis
2669 1482 2965 1539 occasione
2994 1500 3237 1558 sumpta.
3268 1493 3337 1547 ad

1756 1547 1851 1604 Dei
1886 1554 2218 1622 agnitionem
2267 1575 2363 1615 eos
2418 1562 2688 1623 adducere
2739 1581 3017 1631 conatur:
3074 1594 3200 1633 nam
3237 1598 3337 1652 pro

1752 1916 1911 1971 sicuti
1951 1918 2315 1982 Athenienses
2340 1928 2439 1990 illi.
2474 1933 2609 1987 nulli
2645 1936 2737 1990 alii
2772 1916 2848 1993 rei
2882 1952 3102 2010 vacant,
3136 1949 3241 2004 nisi
3269 1960 3331 2005 ut

1749 2008 1936 2063 dicant
1964 2022 2017 2067 et
2049 2013 2271 2070 audiant
2293 2019 2497 2090 aliquid
2516 2026 2661 2093 novi,
2682 2029 2775 2098 qui
2805 2032 2888 2087 vel
2917 2033 3035 2090 heri
3064 2008 3146 2093 vel
3164 2043 3331 2110 paulo

1749 2108 1877 2155 ante
1942 2103 2009 2159 ab
2034 2107 2349 2175 sellulariis,
2403 2114 2627 2183 plebeiis
2654 2127 2709 2174 et
2766 2125 3055 2182 servilibus
3094 2103 3329 2201 opiﬁciis

1746 2194 2084 2266 prodierunt,
2110 2200 2361 2257 subitarii
2390 2216 2552 2276 atque
2573 2213 2912 2270 tumultuarii
2930 2194 3149 2287 quidam
3172 2224 3327 2281 theo-

1747 2284 2048 2354 logicarum
2081 2294 2478 2350 sententiarum
2510 2310 2795 2371 auctores,
2844 2306 3074 2366 f0rsitan
3135 2313 3326 2375 famuli

1745 2377 1968 2445 quidam
2015 2388 2069 2435 et
2105 2385 2435 2444 verberones
2466 2405 2493 2444 a
2519 2396 2809 2452 servilibus
2839 2403 3160 2464 ministeriis
3192 2425 3324 2480 pro-

1744 2467 1878 2541 fugi,
1916 2477 2200 2544 magnifice
2245 2480 2403 2537 nobis
2432 2482 2500 2539 de
2538 2488 2702 2544 rebus
2753 2467 3322 2566 incomprehensibili-

1741 2561 1844 2616 bus
1869 2564 2345 2638 philosophantur.
2380 2573 2614 2634 Prorsus
2638 2581 2781 2637 haud
2806 2561 3071 2657 ignoratis
3088 2594 3155 2648 ad
3181 2613 3322 2667 quos

1741 2658 1918 2712 oratio
1942 2672 2168 2730 spectet.
2202 2668 2395 2724 Omnia
2418 2687 2652 2744 namque
2675 2677 2791 2733 loca
2823 2684 2976 2741 urbis
3000 2687 3203 2745 talibus
3227 2710 3319 2749 rc-

1739 2746 1881 2815 pleta
1910 2759 2058 2817 sunt,
2099 2755 2404 2825 angiporta,
2439 2761 2604 2827 bivia,
2663 2766 2802 2833 fora,
2863 2773 3055 2842 platea
3099 2785 3318 2837 :vesti-

1739 2848 2045 2894 mentorum
2101 2844 2401 2911 institores,
2439 2856 2643 2911 mensis
2672 2866 3002 2930 argentariis
3050 2871 3314 2940 praefecti.

1736 2928 1828 2995 qui
1862 2930 2139 2986 esculenta
2185 2936 2343 2992 nobis
2369 2943 2631 2999 vendunt.
2671 2928 2759 3002 Siv
2796 2967 2956 3021 quem
3001 2973 3193 3017 eorum
3245 2965 3317 3022 de

1734 3020 1910 3077 obolis
1936 3024 2262 3097 interroges,
2312 3032 2403 3089 ille
2453 3037 2550 3092 tibi
2590 3041 2658 3096 de
2705 3020 2873 3114 geniti
2901 3058 2956 3104 et
3005 3069 3114 3109 non
3144 3062 3313 3128 geniti

1656 3134 1704 3195 ο
1735 3124 1933 3171 natura
1961 3119 2404 3195 philosophatur;
2430 3132 2575 3200 quod
2598 3134 2644 3189 si
2675 3137 2741 3192 de
2772 3144 2945 3210 pretio
2988 3156 3043 3201 et
3071 3119 3313 3207 restitua-

1731 3210 1876 3264 tione
1908 3213 2065 3278 panis
2087 3214 2410 3284 scisciteris,
2452 3220 2615 3279 Pater
2667 3230 2843 3299 major
2877 3244 2982 3299 est,
3026 3240 3225 3312 inquit,
3256 3257 3313 3303 et

2398 3279 2407 3284 _
2667 3279 2834 3299 ηαδ.--
2878 3279 2982 3299 ...τ’
3026 3279 3225 3312 "uiua,
3256 3279 3306 3303 CI

600 3294 615 3328 :
665 3279 809 3347 quod
850 3283 897 3336 si
958 3284 1233 3343 lavacrum
1282 3298 1628 3354 commodum
1656 3317 1780 3358 esse
1807 3302 2035 3369 dixeris,
2072 3306 2162 3362 ille
2190 3324 2254 3364 ex
2302 3328 2409 3367 non
2458 3318 2676 3376 entibus
2700 3322 2896 3382 Filium
2931 3347 3052 3389 esse
3097 3351 3306 3397 censet.

604 3386 631 3397 ,ι
696 3373 796 3397 ι.--
868 3380 972 3397 MA-

50 3359 244 3415 Nescio
276 3379 389 3434 quo
412 3369 631 3424 nomine
694 3373 797 3430 hoc
867 3380 1068 3435 malum
1139 3398 1388 3456 oporteat
1445 3398 1740 3466 appellare,

1822 3399 2117 3469 phrenesin
2188 3420 2256 3459 an
2292 3407 2530 3467 furorem
2566 3453 2584 3481 ,
2621 3428 2722 3473 aut
2771 3422 2991 3496 aliquod
3038 3432 3308 3501 ejusmodi

49 3460 247 3513 malum
277 3463 425 3530 quod
460 3464 513 3518 in
544 3470 745 3539 populo
768 3484 1225 3549 grassetur,quod
1283 3488 1481 3545 efficiat
1520 3496 1717 3550 mentis
1747 3498 2169 3565 perversioncm.

109 3548 211 3601 Διὰ
249 3549 409 3603 τοῦτὸ
441 3570 582 3624 φημι
615 3559 751 3625 πρὸς
801 3564 1024 3631 τούτους
1073 3548 1292 3641 βλέπειν
1338 3580 1437 3651 τὴν
1482 3584 1624 3638 κατὰ

45 3638 129 3690 τὸν
165 3640 489 3697 Ἀπόστολον
518 3648 757 3721 ἱστορίαν
780 3672 793 3686 ο
826 3655 862 3709 ἃ.
887 3657 993 3729 γὰρ
1024 3638 1151 3735 περὶ
1176 3666 1283 3720 τῶν
1322 3638 1620 3745 Ἀδηναίων

44 3732 71 3796 ἡ
108 3730 147 3781 Γ
150 3732 302 3800 ραφὴ
344 3733 712 3808 διεξέρχεται,
748 3745 920 3800 ταῦτα
969 3751 1064 3805 νῦν
1093 3755 1241 3823 ἔστιν
1282 3761 1372 3814 ἐπὶ
1416 3767 1619 3822 τούτων

48 3822 197 3873 ἰδεῖν·
249 3825 452 3893 μᾶλλον
502 3830 559 3881 δὲ
607 3834 655 3885 εἰ
702 3835 808 3907 χρὴ
854 3840 1061 3912 τάληθῆ
1109 3822 1306 3916 λέγειν,
1350 3854 1615 3913 κάκείνων

40 3913 153 3965 ἐστὶ
194 3914 267 3967 τὰ
311 3918 453 3971 κατὰ
481 3920 703 3988 τούτους
745 3913 1246 4007 ἁσυγγνωστύτερα.
1283 3943 1343 3994 Οἱ
1375 3945 1475 4013 μὲν
1503 3949 1612 4020 γὰρ

39 4002 194 4055 οἱονεὶ
247 4004 397 4078 λήμῃ
462 4011 568 4064 τινὶ
618 4018 682 4086 τῇ
738 4020 866 4089 περὶ
915 4024 983 4075 τὰ
1031 4002 1221 4082 εἴδωλα
1275 4002 1446 4106 πλαινῃ
1489 4002 1612 4103 τοὺς

38 4093 347 4167 ὀφθαλμοὺς
377 4101 474 4169 τῆς
508 4103 683 4176 ψυχῆς
731 4115 1109 4184 κατεχόμενοι,
1156 4121 1282 4175 ἰδεῖν
1307 4093 1609 4200 αύτδιπροσ-ἶ

888 4180 895 4182 ε
934 4180 944 4184 -
1098 4180 1101 4181 ν
1485 4180 1503 4200 Ιί
1526 4180 1571 4183 '-

38 4180 195 4247 ὡπως
248 4187 352 4258 τήν
406 4191 612 4264 εὐσεϐῆ
662 4200 789 4268 περὶ
845 4203 955 4257 τῶν
1008 4206 1175 4261 ὄντων
1228 4213 1610 4284 ἀδυνατοῦντες

37 4272 286 4341 ἀλήθειαν
306 4292 319 4304 ⁸
352 4278 500 4347 ὅμως
522 4277 632 4338 οἷον
653 4286 835 4361 ἐπαξρῇ
862 4309 968 4346 τινι
998 4296 1106 4349 τῶν
1125 4300 1396 4374 λογισμῶν
1423 4311 1609 4363 τοσοῦ-

36 4379 119 4415 τον
148 4369 468 4439 ἐνενόησαν,
505 4375 585 4429 ὅτι
631 4380 692 4433 ού
747 4384 921 4457 πάντη
965 4391 1306 4464 καταληπτὸν
1358 4400 1419 4452 τὸ
1448 4402 1601 4457 Θείόν

416 4461 441 4477 τ

36 4458 191 4521 ἐστιν,
228 4462 351 4515 οὐδὲ
385 4461 497 4517 οἷον
527 4470 554 4520 6
582 4469 837 4543 λογισμὸς
861 4479 1052 4547 οἴεται,
1083 4487 1321 4541 τοιοῦτον
1348 4495 1414 4563 τῇ
1445 4494 1601 4562 φύσει
1633 4482 1678 4537 θ

36 4548 88 4598 τὸ
114 4551 529 4624 ὑπερκείμενον.
561 4562 651 4614 Διὸ
688 4565 779 4617 τὸν
808 4568 975 4636 ὅντως
1002 4573 1134 4627 Θεὸν
1162 4548 1433 4646 ἄγνωστον
1456 4548 1603 4642 ⁸εἶναι

37 4642 498 4713 ὁμολογήσαντες,
553 4651 869 4726 βωμῷ-καὶ
917 4642 1219 4736 γράμματι*
1255 4675 1454 4742 τιμῶσι
1511 4679 1601 4732 τὸν

36 4733 423 4805 ἀγνοούμενον·
472 4744 552 4797 ὅτι
607 4746 713 4819 γὰρ
762 4752 895 4821 πρὸς
949 4733 1041 4810 τὸν
1075 4733 1254 4835 *ὅντως
1306 4733 1434 4820 δντα
1468 4770 1599 4824 Θεὸν

36 4822 247 4877 ἔϐλεπεν
292 4828 475 4883 αὐτῶν
520 4836 552 4904 ή
600 4837 839 4903 διάνοια,
874 4853 1140 4920 μαρτυρεῖ
1173 4854 1332 4917 αὐτὸς
1373 4859 1400 4909 ὁ
1441 4858 1599 4912 Ἀπὸ-

34 4916 221 4978 στολος,
266 4920 475 4974 ἐκεῖνον
515 4931 898 4998 καταγγέλλων
928 4938 1109 5005 αὐτοῖς
1142 4945 1230 4998 τὸν
1255 4947 1403 5012 Θεὸν,
1438 4954 1514 5016 εἰς
1539 4954 1597 5007 ὃν

32 5004 261 5059 εὐσεϐεῖν
306 5012 504 5067 ἐκεῖνοι
551 5017 639 5071 διὰ
689 5022 787 5092 τῆς
832 5026 925 5078 τοῦ
977 5028 1161 5102 βωμοῦ
1206 5040 1369 5110 τιμῆς
1404 5043 1591 5112 ᾤοντο.

32 5094 103 5112 η,
223 5096 251 5112 ,
376 5104 390 5112 ,
525 5106 539 5112 ,
648 5110 656 5112 _

977 5094 988 5099 -
1060 5094 1072 5102 v
1264 5094 1276 5108 ο
1326 5094 1367 5110 Ι¹
1421 5094 1433 5112 Ι
1462 5094 1467 5095 ⁷
1523 5094 1590 5098 ’⁷⁷

31 5094 141 5159 Πῶς
188 5096 285 5154 οὖν
338 5104 399 5156 οὐ
452 5106 818 5185 χαλεπώτεροι
866 5118 975 5172 τῶν
1019 5131 1499 5204 μνημονευθέντων
1543 5140 1591 5189 οἱ

31 5188 110 5238 νῦν
156 5196 583 5267 ματαιάζοντες;
631 5206 679 5256 οἱ
740 5208 814 5277 μὴ
863 5218 1267 5285 συγχωροῦντες
1308 5224 1448 5297 ὑπὲρ
1494 5229 1591 5300 τὴν

28 5284 323 5355 κατάληψιν
352 5289 532 5342 αὐτῶν
560 5288 698 5348 εἶναι
738 5299 799 5351 τὸ
826 5299 998 5369 Θείον,
1033 5306 1146 5360 ἀλλ’
1176 5311 1315 5365 οὕτω
1342 5316 1433 5369 τὸν
1459 5318 1589 5373 Θεὸν

29 5377 339 5441 γιγνώσκειν
390 5386 854 5457 μεγαλαυχοῦντες
898 5395 974 5460 ὡς
1017 5400 1178 5466 αὐτὸς
1211 5407 1432 5476 eaut-6v;
1464 5414 1588 5478 Πῶς

26 5466 81 5514 ἂν
104 5484 185 5532 τις
228 5472 353 5523 κατ’
401 5474 556 5540 ἀξίαν
582 5480 683 5549 τὴν
715 5485 959 5554 πήρωσιν
1002 5491 1109 5543 τῶν
1146 5495 1390 5553 δειλαίων
1418 5520 1585 5557 κατα-

25 5554 363 5629 θρηνήσειεν,
421 5569 472 5621 οἳ
522 5572 775 5627 τοσούτου
824 5580 999 5646 φωτὸς
1041 5583 1139 5654 τῆς
1191 5589 1444 5661 ἀληθείας
1488 5598 1583 5668 τήν

23 5651 330 5725 οἰκουμένην
370 5662 549 5715 πᾶσαν
586 5666 643 5716 ἐν
672 5671 736 5738 τῇ
768 5672 887 5723 καθ’
917 5676 1065 5744 ἡμᾶς
1091 5678 1200 5751 ζωῇ
1242 5683 1327 5737 διὰ
1354 5688 1448 5759 τῆς
1488 5693 1578 5744 εύ-

24 5743 197 5807 σεϐοὖς
225 5748 461 5816 πίστεως
501 5759 949 5831 περιλάμποντος.
991 5770 1139 5838 μόνοι
1181 5776 1315 5845 πρὸς
1350 5779 1445 5850 τὴν
1480 5784 1577 5836 αύ-

1798 3586 2141 3659 Qnapropter
2176 3592 2421 3662 Apostoli
2450 3597 2735 3687 historiam
2764 3610 2831 3664 ad
2861 3612 2962 3670 hos
2982 3616 3107 3674 dico
3134 3626 3306 3695 perti-

1722 3692 1891 3743 nere;
1920 3695 2043 3733 nam
2072 3699 2192 3750 quae
2215 3686 2282 3739 de
2314 3687 2740 3753 Atheniensibus
2776 3715 2964 3760 narrat
2994 3686 3299 3783 Scriptura,

1724 3767 1841 3822 inec
1870 3786 2016 3824 nunc
2061 3772 2114 3826 in
2148 3775 2231 3829 his
2269 3778 2394 3833 licet
2426 3782 2612 3841 videre
2646 3807 2658 3841 :
2717 3790 2828 3847 imo
2862 3810 2991 3853 vero
3017 3801 3063 3855 si
3089 3818 3301 3873 Oportet

1714 3875 1841 3913 vera
1877 3861 2078 3928 dicere,
2116 3866 2309 3923 horum
2338 3885 2619 3941 peccatum
2648 3884 2859 3942 minore
2881 3904 3042 3959 quam
3078 3897 3298 3957 illoran

1712 3966 1892 4017 error,
1920 3956 2078 4009 venia
2116 3956 2337 4029 dignum
2360 3973 2465 4028 est,
2498 3976 2661 4040 atque
2680 3974 2765 4031 his
2790 3956 2973 4037 minus
3001 4002 3162 4057 quam
3188 3993 3297 4049 illis

1714 4044 1922 4113 ignosci
1971 4048 2152 4105 debet.
2201 4051 2523 4126 Quanquam
2576 4066 2721 4121 enim
2771 4070 2871 4137 illi,
2915 4080 3061 4145 quod
3103 4097 3294 4142 eorum

1713 4138 1882 4191 animi
1905 4142 2096 4196 oculos
2142 4152 2400 4215 tanquam
2449 4151 2714 4223 lippitudo
2768 4138 3015 4232 quaedam
3067 4175 3296 4234 simula-

1712 4240 1931 4283 crorum
1969 4233 2153 4290 cultus
2181 4251 2339 4294 error
2363 4242 2659 4313 invaserat,
2692 4263 2838 4309 recta
2865 4258 3003 4316 facie
3027 4282 3124 4321 sua
3146 4271 3289 4339 piam

1714 4314 1776 4339 .I-
1814 4319 1971 4339 ..-Ι-μα
2092 4324 2124 4339 ’⁸
2449 4338 2455 4339 ⁷

1709 4314 1779 4371 de
1814 4319 1976 4376 rebus
2011 4324 2321 4397 quibusque
2345 4338 2628 4393 veritatem
2655 4342 2839 4401 videre
2856 4366 2965 4405 non
2999 4314 3287 4432 poterant;

1709 4414 1892 4463 tamen
1918 4413 2187 4470 rationum
2217 4425 2373 4490 quasi
2402 4429 2634 4495 quadam
2662 4413 3045 4504 attrectatione
3075 4413 3287 4511 tantum:

1707 4499 2116 4569 intellexerunt,
2177 4513 2324 4580 quod
2365 4533 2564 4576 numen
2612 4524 2857 4586 divinum
2888 4540 3105 4605 penitus
3133 4564 3288 4603 cum-

1703 4591 1974 4659 prehendi
2005 4613 2112 4653 non
2144 4606 2337 4670 possit,
2369 4625 2468 4665 nec
2501 4615 2659 4681 quale
2683 4634 2799 4675 eam
2830 4629 2971 4682 ratio
2986 4646 3111 4690 esse
3130 4648 3288 4706 putat

1702 4692 1900 4739 natura
1937 4688 2063 4743 talis
2084 4708 2278 4763 supera
2306 4698 2487 4756 divina
2515 4708 2773 4777 majestas
2794 4717 2883 4771 sit.
2917 4688 3282 4789 Quamobrem

1703 4790 1887 4829 verum
1934 4776 2100 4834 Deum
2133 4791 2388 4856 cognosci
2435 4809 2542 4849 non
2575 4813 2736 4866 posse
2777 4805 3030 4880 fatentes,
3059 4831 3153 4872 ara
3200 4832 3282 4876 al-

1698 4885 1804 4937 que
1836 4873 1993 4930 titulo
2024 4876 2295 4936 honorant
2328 4901 2486 4955 quem
2524 4893 2777 4962 ignorant
2826 4921 2839 4956 :
2873 4921 2997 4962 nam
3042 4924 3277 4971 mentem

1698 4959 1914 5018 illorum
1944 4983 2090 5032 eum,
2121 4976 2212 5041 qui
2246 4991 2433 5033 revera
2466 4980 2607 5041 Deus
2641 4999 2749 5057 est,
2794 5011 3093 5066 spectasse.
3131 5006 3275 5076 Apo-

1697 5057 1871 5113 stolus
1921 5069 2175 5133 testatur,
2206 5069 2333 5124 dum
2382 5074 2533 5130 illum
2566 5078 2732 5138 Deum
2786 5057 2865 5145 eis
2890 5057 3269 5165 annuntiabrat,

1693 5163 1849 5215 quem
1895 5154 1982 5221 pie
2032 5173 2091 5212 se
2117 5162 2294 5218 colere
2330 5181 2424 5234 per
2450 5170 2711 5230 honorem
2765 5181 2953 5238 altaris
2990 5187 3273 5244 existima-
3328 5262 3331 5263 ν

1693 5237 1822 5263 ιη,
1881 5243 1981 5263 ηιμ.
2022 5246 2034 5259 .
2078 5250 2109 5263 .,

1692 5237 1843 5294 bant.
1879 5243 1983 5309 Qui
2020 5246 2188 5318 igitur
2229 5262 2545 5317 memoratis
2606 5282 2713 5322 non
2749 5274 2970 5339 gravius
3017 5293 3271 5349 peccant,
3328 5262 3337 5277 γ’

1654 5404 1665 5414 ί
1690 5333 1781 5399 qui
1812 5350 1957 5391 nunc
1981 5343 2265 5400 stultitiam
2293 5366 2448 5407 suam
2503 5358 2892 5434 produnt?qui
2922 5383 3034 5424 non
3071 5386 3269 5433 conce-

1688 5424 1823 5478 dunt
1854 5442 2020 5500 supra
2053 5444 2273 5506 Captum
2302 5458 2461 5501 suum
2494 5462 2616 5503 esse
2641 5467 2842 5511 numen
2863 5459 3264 5535 divinumrsed

1686 5516 1757 5571 ita
1786 5518 1956 5577 Deum
1988 5543 2108 5585 sese
2165 5547 2496 5605 cognoscere
2527 5544 2848 5615 gloriantur,
2878 5561 2939 5607 ut
2979 5556 3096 5627 ipso
3143 5576 3285 5623 sese.

1685 5617 2121 5690 cognoscit?qui
2146 5629 2321 5694 possit
2359 5632 2558 5703 aliquis
2586 5637 2746 5707 digne
2808 5634 2971 5704 talem
3037 5652 3266 5710 misero-

1682 5716 1801 5756 rum
1863 5712 2061 5766 nientis
2114 5720 2410 5777 caecitatem
2462 5725 2904 5807 deplorare?qui
2953 5751 3102 5798 tanta
3138 5747 3260 5804 luce

1683 5798 1994 5858 universum
2019 5815 2286 5867 terrarum
2308 5817 2563 5891 orbemjin
2588 5824 2695 5880 vita
2728 5841 2915 5887 nostra
2938 5851 3037 5905 per
3052 5851 3252 5897 rectam
