3842 6434
519 319 526 326 ·
1759 296 1817 353 S.
1857 293 2185 352 GBEGORII
2211 295 2496 352 NYSSENI
3703 295 3812 350 {’60

547 418 706 472 ﬁdem
739 415 1114 476 collustranle,
1151 413 1250 466 soli
1281 411 1344 465 ad
1370 410 1899 482 Splendorem,quod
1933 411 2121 466 attinet

2229 413 2333 483 γὴν
2377 414 2828 486 ἀμωυωποῦσιν;
2878 416 2912 486 ἦ
2955 415 3196 482 ἀγνοεῖτε
3251 414 3400 466 ποῖον
3450 410 3596 480 λέγω
3641 410 3810 462 πλεο-

546 510 612 562 ad
659 507 904 562 veritatis
957 505 1287 576 agnitionem
1316 543 1332 568 ,
1369 503 1704 558 caecutiunt?
1751 519 1818 556 an
1867 503 2121 574 ignoratis

2233 506 2412 570 νάζειν
2459 507 2576 576 φῶς
2609 508 2669 559 ὲν
2718 509 2785 576 τῇ
2813 507 3059 577 ἡμετέρᾳ
3096 504 3244 576 ζωῇς
3293 503 3662 575 Ἀριθμήσατέ
3719 519 3810 572 μοι

544 613 706 668 quam
733 599 907 650 lucem
933 597 984 648 in
1013 597 1122 648 vita
1155 603 1338 650 nostra
1371 596 1546 649 dicam
1587 593 1908 648 abundare?
1933 593 2121 648 Numa

2229 598 2356 661 τοὺς
2419 598 2729 668 βασιλικοὺς
2773 600 3110 670 φωστῆρας,
3151 599 3202 652 οἳ
3257 602 3370 660 τοῖς
3417 595 3812 664 Εὑαγγελικοῖς

487 709 500 720 ο
543 700 660 744 rate
693 689 821 743 mihi
851 690 998 756 regia
1025 688 1468 757 luminaria,qtne
1489 686 1820 756 evangelicis
1841 687 2128 742 luminari-

541 783 645 838 lms
669 797 896 836 immero
924 781 1072 852 paria
1099 779 1414 834 universum
1435 781 1826 850 propemodum
1848 781 2129 850 complexa

541 876 804 928 mundum
833 874 886 926 in
915 887 1046 943 pace
1065 883 1227 941 atque
1245 871 1442 940 pietate
1469 872 1781 926 illustrant:
1802 873 2022 942 quando
2045 871 2128 926 l'a-.

511 977 660 1022 ‘ctor
685 981 867 1020 rerum
915 967 1294 1020 universarum
1329 962 1474 1019 Deus
1505 963 1741 1034 primum
1773 963 1906 1019 illud
1937 965 2126 1018 mundi

539 1060 766 1128 originis
789 1073 926 1128 Oplls
949 1057 1236 1111 miriﬁcum
1264 1055 1640 1126 imitatur,qui
1661 1071 1766 1110 non
1798 1055 1974 1110 solum
2005 1070 2126 1108 ma-

539 1165 704 1218 guum
735 1148 1003 1202 luminare
1037 1145 1323 1200 constituit
1357 1144 1412 1198 in
1443 1145 1753 1216 principatu
1791 1161 1972 1202 rerum
2005 1161 2127 1215 qua:

538 1239 794 1294 videntur
815 1277 828 1298 ,
855 1252 1044 1292 verum
1069 1237 1234 1290 etiam
1265 1235 1314 1288 ei
1343 1234 1506 1288 simul
1531 1235 1826 1304 conjunxit
1856 1235 2126 1290 luminare

538 1347 757 1400 quoque
775 1330 975 1394 minus,
994 1327 1140 1397 quod
1160 1341 1188 1378 a
1209 1325 1452 1396 paternis
1477 1325 1644 1382 radiis
1667 1334 1892 1396 accepto
1921 1326 2126 1382 lumine

538 1439 647 1476 una
680 1421 932 1475 collucet.
957 1417 1018 1471 Et
1051 1418 1320 1486 ejusmodi
1353 1417 1512 1472 nobis
1542 1417 1595 1470 in
1613 1417 1894 1471 communi
1927 1431 2125 1487 propo-

535 1515 660 1568 sitis
679 1511 1002 1574 commodis,
1023 1509 1182 1580 quasi
1207 1524 1238 1562 a
1255 1509 1602 1564 daemonibus
1629 1517 1852 1578 accepta
1883 1512 2037 1580 plaga
2067 1511 2122 1564 in

537 1609 776 1662 furorem
797 1604 926 1667 acti,
947 1603 1288 1674 impudenter
1308 1601 1572 1656 adversus
1595 1601 1875 1656 veritatem
1901 1613 2123 1656 senten-

534 1701 732 1752 tiarum
760 1710 883 1752 sese
897 1694 1221 1765 opponunt?
1250 1693 1706 1761 quemadmodum
1727 1691 1895 1747 Stoici
1924 1701 1977 1746 et
1995 1691 2121 1762 Epi-

2235 689 2512 762 ίσάριθμοι
2555 693 2732 746 πάντα
2785 691 2982 764 μικροῦ
3019 693 3130 746 δεῖν
3157 691 3250 744 τὸν
3273 691 3484 760 ’κόσμον
3521 686 3814 742 διαλαδόν-

2231 797 2344 845 τες.
2377 783 2444 835 δι’
2477 785 2700 854 εἰρήνης
2743 785 2836 838 καὶ
2877 782 3155 845 εὐσεϐείας
3187 779 3686 848 καταφωτίςουσινο
3719 779 3810 830 ὅτε

2233 878 2532 944 μιμεῖταιὸ
2559 877 2710 940 Θεὸς,
2745 879 2776 930 6
2799 876 2890 929 τοῦ
2939 875 3138 938 παντὸς
3170 874 3418 944 ποιητὴς,
3444 871 3541 942 τὴν
3575 869 3810 941 πρώτην

2227 966 2326 1035 τῆς
2355 968 2744 1037 κοσμογενείας
2789 967 3246 1038 θαυματουργίαν,
3287 966 3348 1018 οὑ
3393 963 3550 1034 μόνον
3577 962 3676 1014 τὸν
3709 961 3810 1030 μὲ-

2225 1071 2330 1124 γαν
2375 1061 2637 1130 φωστῆρα
2683 1061 2759 1123 είς
2789 1059 2886 1129 τὴν
2935 1057 3044 1110 τῶν
3075 1057 3362 1128 ὁρωμένων
3395 1055 3558 1121 τάξας
3605 1051 3810 1125 ἀρχὴν.

2226 1145 2361 1199 ἀλλά
2393 1149 2484 1200 καὶ
2530 1149 2989 1220 συμπαραζεύξας
3029 1149 3177 1218 αὑτῷ
3205 1147 3300 1200 καὶ
3325 1147 3414 1199 τδν
3443 1145 3658 1198 ὲλάσσω
3691 1161 3814 1212 φω-

2228 1242 2430 1310 στῆρα,
2477 1240 2568 1293 τὸν
2628 1241 2746 1304 ταῖς
2807 1243 3096 1308 πατρικαῖς
3159 1241 3340 1292 ἀκτῖσι
3394 1235 3816 1308 συμπαραλάμ-

2226 1325 2579 1383 ποντα.Ἐίτα
2607 1329 2862 1384 τοιούτων
2893 1333 3024 1400 ἡμῖν
3061 1331 3118 1382 ἐν
3149 1328 3228 1398 τῷ
3255 1328 3416 1398 κοινῷ
3443 1328 3549 1381 τῶν
3577 1324 3816 1395 ἀγαθῶν

2227 1421 2622 1491 προκειμένων,
2667 1421 2856 1493 ὥσπερ
2897 1423 3002 1475 ὑπὸ
3050 1421 3318 1491 δαιμόνων
3361 1419 3574 1490 πληγῆς
3613 1413 3839 1470 ὲνθου-¹

2225 1511 2468 1574 σιῶντες,
2517 1511 2749 1574 ἀναιδῶς
2785 1511 2919 1582 πρὸς
2951 1513 3049 1582 τὴν
3091 1511 3346 1582 ἀλήθειαν
3377 1509 3482 1562 τῶν
3513 1509 3818 1578 δογμάτων

2223 1601 2718 1664 ἀντικαθίστανται,
2769 1603 2908 1655 κατά
2945 1603 3071 1665 τοὺς
3111 1587 3384 1663 ’Στωϊκούς
3412 1617 3472 1653 τε
3515 1601 3613 1653 καὶ
3651 1595 3816 1650 Ἐπι-

2226 1695 2507 1766 κουρείους
2542 1695 2804 1760 ἐκείνους,
2857 1694 2993 1766 πρὸς
3036 1693 3130 1758 οὓς
3171 1693 3438 1758 ὁ-Παῦλος
3469 1695 3600 1763 παρ’
3637 1692 3815 1760 Ἀθη-

535 1789 688 1843 curei
723 1787 820 1848 illi,
846 1801 968 1841 cum
996 1783 1196 1854 quibus
1217 1781 1420 1837 Paulus
1447 1781 1589 1852 apud
1611 1783 1972 1838 Athenienses
1991 1799 2121 1838 con-

2228 1787 2395 1850 ναίοις
2424 1787 2827 1856 συμπλέκεται;
2859 1788 2968 1840 Καὶ
2991 1787 3078 1840 ἵνα
3123 1786 3196 1856 μὴ
3233 1785 3492 1856 νομίσητε
3526 1784 3814 1853 κατατρέ-

535 1883 794 1934 llictatur.
812 1881 888 1932 Ac
908 1893 976 1932 ne
1001 1876 1200 1946 putetis
1217 1891 1312 1946 per
1329 1876 1658 1930 calumniam
1675 1875 1974 1931 decurrere
1993 1892 2119 1932 ora-

533 1973 916 2041 tionem,ipsas
933 1970 1234 2026 sententias
1251 1977 1673 2022 memoratorum
1687 1969 2116 2026 consideremus.

537 2063 812 2118 Materiale
843 2075 1045 2114 numen
1091 2061 1333 2114 divinum
1365 2075 1488 2114 esse
1537 2058 1707 2114 Stoici
1745 2060 2117 2129 suspicantur,

537 2164 781 2210 creatum
811 2152 976 2207 etiam
1008 2152 1059 2205 hi
1097 2151 1434 2221 unigenitum
1477 2149 1672 2204 Filium
1715 2167 1837 2206 esse
1877 2153 2116 2223 tingunt;

537 2261 764 2316 prorsus
793 2253 972 2298 autem
1013 2243 1170 2297 scitis
1199 2249 1401 2312 quanta
1444 2251 1630 2296 creato
1690 2257 1816 2296 cum
1851 2237 2118 2298 materiali

537 2336 790 2406 cognatio
821 2336 912 2390 sit.
947 2333 1076 2388 Item
1101 2333 1348 2403 Epicurei
1384 2335 1680 2403 opinantur
1723 2335 1928 2388 nullam
1959 2351 2123 2406 supe-

535 2445 653 2484 ram
700 2435 1022 2500 potestatem
1055 2441 1286 2497 przeesse
1318 2441 1416 2480 nec
1465 2427 1840 2481 constitutioni
1891 2443 1991 2482 nec
2026 2427 2121 2482 ad-

536 2520 930 2576 ministrationi
980 2535 1189 2582 rerum,
1249 2516 1346 2572 sed
1391 2518 1576 2572 omnia
1615 2525 1820 2574 temere
1873 2534 2119 2590 casuque

535 2613 760 2668 fortuito
789 2611 938 2676 ferri,
965 2611 1114 2664 nulla
1147 2609 1484 2678 providentia
1516 2625 1604 2665 res
1633 2611 1965 2680 pervadente
1995 2631 2008 2666 :
2045 2621 2118 2674 et,

539 2704 892 2761 utconcisius
927 2717 990 2756 ac
1043 2702 1261 2756 brevius
1299 2716 1541 2756 errorem
1575 2715 1762 2755 eorum
1794 2701 2120 2764 indicemus,

537 2800 605 2854 ad
640 2797 848 2862 ἁθείαν,
884 2795 936 2849 id
960 2804 1062 2854 est,
1095 2795 1435 2866 negationem
1463 2794 1702 2848 numinis
1729 2795 1896 2848 divini
1931 2810 2120 2850 eorum

539 2898 788 2960 spectant
827 2887 1138 2958 opiniones.
1185 2883 1481 2940 Videamus
1529 2885 1696 2955 igitur
1723 2900 1794 2938 an
1845 2900 1953 2940 non
2011 2887 2123 2940 sint

540 2977 845 3030 imitatores
879 2973 1296 3042 Epicureorum,
1339 2973 1430 3040 qui
1465 2971 1659 3026 Filium
1702 2972 1842 3044 (Dei)
1885 2974 2120 3044 ignomi-

541 3071 630 3123 nia
657 3065 898 3121 ailiciunt
916 3059 1030 3120 ?'Ac
1057 3081 1218 3121 nemo
1243 3065 1478 3118 orationi
1503 3081 1566 3120 ex
1597 3065 1826 3120 adverso
1848 3075 2116 3138 opponat:

2227 1896 2342 1950 χειν
2371 1881 2429 1932 ἐν
2475 1881 2806 1950 συκοφαντίᾳ
2829 1879 2922 1932 τὸν
2951 1879 3128 1948 λόγον,
3159 1877 3296 1932 αὑτὰ
3323 1877 3390 1931 τὰ
3415 1877 3670 1946 δόγματα
3701 1875 3818 1926 τῶν

2213 1959 2335 2040 μνη
2344 1968 2710 2040 μονευθέντων
2739 1969 3194 2039 ἐπισκοπήσωμεν
3209 1983 3222 1997 ·
3263 1965 3472 2020 ’Υλικὸν
3491 1968 3611 2026 τοῖς
3631 1965 3818 2016 Στωϊ-

2227 2064 2341 2123 κοῖς
2367 2059 2428 2112 τὺ
2457 2061 2610 2114 Θεῖον
2647 2056 2786 2114 εἶναι
2819 2061 3142 2123 ὑπονοεῖται,
3173 2057 3386 2112 κτιστὸν
3416 2057 3508 2110 καὶ
3535 2051 3694 2110 οὗτοι
3723 2055 3819 2106 τὸν

2229 2151 2495 2222 μονογενῆ
2533 2149 2660 2205 Υίὸν
2694 2145 2834 2204 εἶναι
2866 2148 3378 2213 κατασκευάζουσιν.
3409 2149 3552 2201 Ἵστε
3582 2146 3641 2199 δὲ
3671 2147 3822 2198 πὰνο

2227 2259 2354 2306 τως,
2384 2243 2482 2313 ὅση
2515 2243 2632 2296 ἐστὶ
2671 2241 2765 2296 τοῦ
2800 2241 3018 2296 κτιστοῦ
3063 2241 3201 2314 πρὸς
3245 2233 3304 2294 τὸ
3335 2240 3514 2314 ὑλικὸν
3545 2241 3582 2311 ἠ
3615 2241 3823 2307 συγγέ-

2227 2351 2366 2390 νεια.
2424 2334 2590 2388 Πάλιν
2635 2337 2746 2398 τοῖς
2800 2333 3191 2405 Ἐπικουρείοις
3240 2333 3392 2386 οὐδὲν
3445 2331 3822 2403 ὑπερκεῖσθαι

2226 2429 2373 2482 δοκεῖ
2410 2428 2510 2499 τῆς
2550 2429 2660 2482 τῶν
2703 2430 2874 2483 ὄντων
2905 2427 3218 2490 συστάσεως
3247 2443 3308 2480 τε
3331 2425 3424 2478 καὶ
3447 2425 3786 2496 διοικήσεως
3805 2465 3818 2484 ,

2227 2519 2342 2572 ἀλλ’
2371 2519 2698 2590 αὐτομάτως
2729 2520 2798 2572 τὰ
2837 2519 3010 2572 πάντα
3059 2515 3338 2590 φέρεσθαι,
3369 2515 3643 2586 μηδεμιᾶς
3679 2531 3824 2585 προ-

2227 2611 2376 2674 νοίας
2399 2610 2486 2664 διὰ
2521 2611 2629 2663 τῶν
2667 2611 3008 2682 πραγμάτων
3039 2608 3308 2680 ἡκούσης·
3345 2606 3438 2660 καὶ⁵
3465 2607 3540 2668 ὡς
3583 2605 3654 2660 ἂν
3693 2623 3826 2658 συν-

2228 2702 2538 2774 τομώτερον
2563 2703 2809 2774 εἴποιμεν
2841 2703 2939 2774 τὴν
2973 2701 3183 2772 πλάνην
3215 2699 3413 2764 αὑτῶν,
3448 2699 3590 2770 πρὸς
3613 2697 3824 2751 ἀθεῖαν

2229 2799 2412 2862 αὐτοῖς
2447 2797 2634 2868 βλέπει
2669 2797 2747 2870 ,τὰ
2795 2796 3058 2867 δόγματα.
3107 2795 3473 2866 Σκοπήσωμεν
3521 2793 3722 2844 τοίνυν
3775 2792 3826 2844 εξ

2231 2890 2310 2962 μὴ
2345 2891 2579 2961 μιμηταὶ
2614 2889 2722 2942 τῶν
2767 2889 3152 2960 Ἐπικουρείων
3189 2888 3238 2940 οι
3269 2888 3358 2940 τὸν
3389 2887 3516 2938 Υίὸν
3543 2885 3828 2938 ἀθετοῦν-

2229 2965 2321 3044 τες
2345 2981 2470 3034 είσί.
2519 2982 2626 3034 Καὶ
2687 2980 2872 3052 μηδεὶς
2925 2978 3303 3048 ἀνθυπενέγκῃ
3347 2975 3424 3047 τῷ
3480 2975 3663 3046 λόγῳ,
3739 2977 3826 3028 ὅτι

2243 3069 2560 3139 Ἐπίκουρος
2598 3069 2718 3122 οὑδὲ
2760 3069 2849 3122 τὸν
2891 3067 3112 3138 Πατέρα
3159 3063 3318 3132 οἶδεν,
3375 3065 3496 3118 οὑδὲ
3547 3065 3828 3133 ὁμολογεῖ

543 3159 812 3228 Epicurus
859 3171 1033 3224 neque
1061 3155 1273 3208 Patrem
1319 3155 1488 3220 norit,
1521 3169 1691 3223 neqm
1717 3153 1971 3208 deitatem
2007 3156 2121 3222 ejus

2229 3161 2394 3213 αὑτοῦ
2422 3160 2518 3231 τὴν
2554 3160 2807 3230 θεότητα,
2836 3160 2928 3213 καὶ
2955 3160 3071 3222 πῶς
3106 3157 3244 3212 κατὰ
3273 3158 3336 3210 τὸ
3369 3157 3480 3210 ἴσον
3509 3157 3826 3210 ἀσεϐοῦσιν

539 3249 870 3314 conlitetur;
917 3257 972 3301 et
1010 3245 1282 3316 quomodo
1307 3261 1461 3314 reque
1513 3245 1663 3314 impii
1709 3253 1840 3300 sunt
1884 3245 2128 3316 hiatque

543 3345 642 3406 illi,
677 3343 770 3414 qui
807 3340 986 3396 Patris
1017 3339 1270 3392 deitatem
1307 3353 1414 3391 non
1457 3344 1657 3408 negant
1703 3352 1802 3391 nec
1838 3339 2129 3408 rejiciunt?

541 3435 832 3490 Paululum
863 3432 1007 3486 enim
1037 3437 1285 3484 moratus
1315 3437 1477 3497 atque
1533 3437 1844 3494 cunctatus,
1889 3430 2128 3500 reperies

539 3535 867 3584 Auomoeum
896 3527 1124 3578 alterum
1174 3537 1391 3592 quoque
1421 3536 1543 3576 esse
1567 3519 1884 3590 Epicurum.
1915 3519 2005 3574 Sic
2027 3535 2124 3574 au-

535 3633 651 3678 tem
684 3635 797 3674 rem
836 3615 1267 3673 consideremus.
1329 3613 1685 3683 Splendorem
1734 3613 1923 3684 gloriae
1958 3613 2121 3668 Chri--

533 3725 830 3767 stumesse
859 3710 996 3763 dixit
1048 3707 1357 3776 Apostolus,
1398 3715 1450 3758 et
1490 3719 1803 3775 expressam
1835 3705 2124 3776 imaginem

531 3796 868 3862 substantiae
888 3804 930 3867 ⁵,
959 3811 1009 3857 et
1039 3799 1339 3870 potentiam
1372 3795 1488 3859 Dei,
1537 3805 1590 3849 et
1643 3796 1962 3866 sapientiam
1992 3797 2034 3864 ⁸,
2073 3805 2127 3851 ει

531 3910 882 3971 qualemque
919 3891 1209 3956 sunttalia,
1261 3901 1494 3960 quorum
1549 3887 1974 3957 unumquodque
2007 3897 2127 3940 tan-

544 3997 706 4062 quam
753 3990 806 4042 in
867 3981 1354 4054 coniunctionibus
1408 3981 1737 4051 quibusdam
1795 3979 2124 4034 necessariis

536 4083 702 4139 nullo
733 4079 894 4135 modo
915 4093 1010 4149 per
1033 4091 1154 4130 sese
1183 4075 1361 4129 solum
1383 4088 1445 4126 ac
1463 4074 1759 4142 separatim
1779 4071 2122 4141 intelligitur,

546 4173 640 4228 sed
663 4179 891 4240 utraque
907 4165 1243 4236 conjunctim
1274 4171 1328 4219 et
1347 4179 1514 4216 unum
1539 4179 1660 4216 cum
1681 4163 1853 4216 altero
1877 4176 2125 4230 compre-

529 4263 818 4319 'henditur.
835 4259 1104 4328 Splendor
1124 4258 1266 4311 enim
1285 4269 1511 4325 prorsus
1524 4254 1759 4324 alicujus
1775 4254 1850 4308 rei
1868 4253 2124 4323 splendor

507 4371 510 4374 ‘
546 4365 652 4416 est,
689 4357 815 4408 item
869 4351 1076 4421 efﬁgies
1109 4359 1162 4402 et
1193 4351 1372 4418 imago
1398 4347 1630 4416 alicujus
1682 4347 1763 4400 rei
1795 4361 2022 4416 prorsus
2051 4345 2126 4399 ef-

2225 3245 2390 3314 οὗτοι,
2437 3253 2484 3303 ot
2534 3251 2607 3322 μὴ
2651 3250 2969 3312 ἀθετοῦντες
3012 3247 3106 3302 τοῦ
3162 3248 3376 3318 [ἰατρὸς
3407 3247 3501 3318 τὴν
3533 3247 3826 3318 θεότητας

2225 3343 2438 3412 Μικρὸν
2481 3343 2588 3414 γὰρ
2629 3341 2902 3412 ἐπισχὼν,
2955 3342 3204 3412 εὑρήσεις
3235 3341 3326 3394 καὶ
3372 3339 3462 3392 τὸν
3521 3339 3828 3410 Ἀνὸμοιον

2225 3438 2380 3492 ἄλλον
2421 3439 2758 3508 Ἐπίκουρον.
2801 3437 3013 3490 Οὑτωσὶ⁸
3059 3436 3114 3490 δὲ
3167 3438 3547 3506 σκοπήσωμεν·
3598 3435 3828 3488 Ἀπαύ-

2224 3547 2411 3600 γασμα
2447 3527 2548 3600 τῆς
2584 3529 2740 3600 δόξης
2792 3525 2912 3581 εἷπε
2956 3528 3049 3580 τὸν
3091 3526 3218 3580 Υἱὸν
3246 3529 3274 3580 6
3321 3525 3686 3588 Ἀπὸστολος,
3725 3527 3828 3578 καὶ

2224 3623 2549 3696 χαρακτῆρα
2585 3623 2682 3692 τῆς
2731 3621 3098 3682 ὑποστάσεως,
3145 3619 3239 3672 καὶ
3283 3617 3508 3686 δύναμιν
3535 3615 3690 3669 Θεοῦ
3727 3619 3830 3669 καὶ

2225 3718 2437 3786 σοφίαν,
2476 3719 2568 3770 καὶ
2621 3717 2721 3770 ὅσα
2754 3715 3007 3768 τοιαῦτα·
3052 3707 3127 3768 ὧν
3163 3713 3390 3766 ἕκαστον
3433 3709 3704 3778 καθάπερ
3767 3713 3830 3762 ἐν

2226 3809 2506 3878 συζυγίαις
2549 3811 2689 3862 τισὶν
2720 3807 3078 3875 ἀναγκαίαις,
3125 3805 3275 3858 οὐδὲν
3323 3805 3413 3870 ἀφ’
3448 3800 3656 3854 ἑαυτοῦ
3715 3820 3828 3854 κα-

2222 3901 2463 3967 ταμόνας
2510 3903 2738 3962 νοεῖται,
2773 3900 2909 3953 ἀλλά
2961 3896 3316 3968 συνημμένως
3358 3895 3692 3964 ἀμφότερα,
3725 3895 3832 3946 καὶ

2228 3993 2341 4063 μετ’
2381 3991 2623 4062 ἀλλήλων
2661 3989 3155 4060 καταλαμϐάνεται.
3191 3989 3262 4041 Τὸ
3289 3988 3398 4058 γὰρ
3449 3983 3830 4056 ἀπαύγασμα

2223 4086 2438 4148 πάντως
2477 4086 2622 4147 τινός
2672 4087 2818 4138 ἐστιν
2859 4083 3234 4152 ἀπαύγασμα,
3283 4083 3376 4133 καὶ
3423 4081 3450 4131 6
3483 4081 3832 4152 χαρακτὴρ,

2221 4177 2365 4241 τινὸς
2391 4177 2676 4250 χαρακτὴρ
2707 4177 2922 4238 πάντως
2955 4176 3121 4227 ἐστίν.
3153 4173 3362 4243 Ὥσπερ
3391 4173 3574 4224 τοίνυν
3603 4174 3724 4226 οὐκ
3759 4175 3832 4225 ἂν

2223 4270 2566 4338 ἀπαύγασμα
2599 4268 2683 4338 εἴη
2717 4267 2779 4319 τὸ
2808 4267 2942 4335 φῶς,
2994 4265 3068 4336 μὴ
3101 4263 3265 4336 οὑσης
3291 4263 3388 4334 τῆς
3415 4261 3832 4328 καταυγαζού-

2227 4377 2326 4430 σης
2355 4359 2553 4420 αἰτίας,
2581 4356 2753 4418 οὑτως
2782 4359 2814 4426 ἡ
2839 4355 3230 4422 ἀπαυγάζουσα
3257 4353 3415 4422 φύσις
3443 4351 3544 4404 οὐκ
3577 4351 3654 4404 ἂν
3695 4351 3832 4404 καθ’

547 4447 699 4516 ﬁgies
723 4452 824 4499 est.
859 4439 1516 4509 Quemadmodumigitur
1535 4453 1598 4494 ex
1633 4439 1838 4492 lumine
1866 4437 2121 4508 splendor

2228 4449 2423 4520 ἑαυτὴν
2457 4447 2706 4519 νοηθείη,
2755 4447 2828 4518 μὴ
2885 4445 3363 4515 συνεπινοουμένου
3411 4442 3504 4494 τοῦ
3543 4443 3839 4510 ἀπαυγά-

547 4537 812 4592 exsistere
839 4549 944 4588 non
967 4533 1136 4603 possit
1156 4547 1262 4584 non
1287 4539 1533 4586 exstante
1549 4545 1712 4584 causa
1739 4529 2116 4584 collustrante:

507 4645 512 4650 '
549 4634 618 4685 ita
647 4627 994 4698 splendorem
1023 4625 1190 4679 edens
1211 4632 1405 4677 natura
1431 4639 1524 4694 per
1555 4637 1676 4678 sese
1698 4622 1804 4677 nisi
1841 4621 2001 4684 simul
2037 4623 2122 4675 in-

548 4719 822 4792 telligatur
837 4719 1114 4790 splendor,
1131 4717 1354 4786 intelligi
1369 4732 1476 4770 non
1493 4717 1683 4785 possit.
1709 4713 1973 4769 Similiter
1990 4715 2117 4769 item

547 4811 755 4882 effigies
801 4823 1022 4880 quoque
1059 4817 1113 4862 et
1149 4807 1326 4876 imago
1369 4805 1731 4861 substantiam
1770 4805 2031 4869 ostendit,
2066 4813 2122 4859 et

549 4901 970 4968 substantiaper
989 4897 1276 4968 imaginem
1298 4896 1682 4966 cognoscitur:
1707 4896 1779 4948 ita
1799 4893 2120 4964 Deiquoque

545 4994 792 5066 potentia
822 4992 1026 5060 absque
1043 4989 1152 5043 Deo
1177 5003 1300 5043 esse
1325 5003 1431 5042 non
1451 4995 1648 5060 potest,
1671 5003 1734 5042 ac
1752 4987 1894 5043 Deus
1913 4989 2118 5058 absque

546 5067 1392 5158 potentiaintelligi‘natu‘raliter
1425 5097 1532 5134 non
1570 5088 1767 5150 potest.
1804 5079 1907 5146 Qui
1955 5083 2120 5151 igitur

547 5195 713 5233 unum
733 5175 950 5246 aliQuod
972 5183 1179 5238 eorum,
1197 5187 1317 5242 qua:
1339 5174 1595 5242 perbanc
1617 5175 2014 5244 copulationem
2045 5175 2122 5230 si-

547 5269 1055 5342 gniﬁcantur,'esse
1086 5275 1262 5342 negat,
1308 5281 1413 5319 una
1449 5281 1574 5319 cum
1617 5267 1852 5336 potentia
1891 5283 2120 5338 prorsus

547 5361 708 5415 etiam
728 5359 778 5414 id
797 5357 938 5428 quod
973 5357 1238 5426 reliquum
1267 5363 1348 5412 est
1369 5357 1903 5428 tollit.'Atquidicunt
1939 5360 2124 5430 impie-

551 5451 676 5505 tatis
687 5459 1115 5521 propugnatores
1125 5447 1320 5502 Filium
1336 5447 1626 5517 aliquando
1645 5439 1754 5504 non
1776 5450 1964 5508 fuisse.
1981 5451 2119 5524 Ergo

549 5543 596 5598 si
625 5539 795 5597 Filius
815 5555 922 5596 non
943 5551 1080 5604 erat,
1115 5540 1336 5595 omnino
1368 5549 1542 5610 neQue
1571 5539 1728 5596 Pater
1759 5553 1906 5612 erat;
1930 5546 1976 5598 si
2009 5559 2120 5600 non

619 5715 643 5750 ⁵
677 5715 840 5772 Hebr.
867 5731 904 5784 I,
935 5717 986 5771 5.
1065 5717 1124 5770 ‘l
1163 5715 1288 5772 Cor.
1323 5731 1360 5779 ι,
1393 5714 1480 5768 24.

2226 4555 2450 4608 σματος.
2492 4537 2721 4608 ὐμοίως
2763 4537 2819 4590 δὲ
2860 4537 2952 4590 καὶ
2977 4537 3005 4588 ὁ
3047 4533 3332 4606 χαρακτὴρ
3357 4531 3456 4601 τὴν
3493 4531 3839 4585 ὑπόστασιν

2221 4629 2478 4692 δείκνυσι,
2506 4628 2600 4682 καὶ
2626 4627 2919 4689 ὑπόστασις
2946 4625 3034 4679 διὰ
3063 4623 3406 4700 χαρακτῆρος
3428 4622 3792 4693 γνωρίζεται
3817 4641 3832 4654 ·

2222 4715 2364 4769 οὓτω
2411 4717 2505 4769 καὶ
2545 4719 2577 4786 ἡ
2618 4715 2712 4769 τοῦ
2757 4714 2892 4767 Θεοῦ
2959 4713 3183 4784 δύναμις
3233 4714 3398 4783 χωρὶς
3455 4709 3594 4790 Θεοῦ
3667 4707 3840 4764 εἶναι

2221 4810 2282 4862 οὑ
2306 4809 2546 4871 δύναται,
2583 4808 2676 4860 καὶ
2703 4809 2731 4861 6
2751 4807 2882 4869 Θεὸς
2914 4807 3080 4876 χωρὶς
3106 4805 3204 4874 τῆς
3233 4804 3508 4874 δυνάμεως
3536 4803 3840 4873 νοηθῆναι

2224 4904 2384 4972 φύσιν
2411 4903 2508 4956 οὑκ
2537 4900 2668 4972 ἔχει.
2709 4901 2766 4954 '0
2797 4900 2974 4953 τοίνυν
3017 4899 3074 4951 ἓν
3101 4915 3154 4951 τι
3179 4895 3286 4950 τῶν
3325 4895 3466 4949 κατά
3497 4893 3602 4962 τὴν
3643 4896 3840 4960 συζυ-

2225 4993 2349 5061 γίαν
2367 4991 2570 5062 ταύτην
2598 4991 3004 5062 σημαινομένων
3041 4988 3114 5058 μὴ
3136 4984 3274 5040 εἶναι
3294 4986 3484 5054 λέγων,
3517 4987 3840 5040 συνανείλε

2226 5086 2443 5148 πάντως
2480 5085 2547 5154 τῇ
2585 5083 2809 5154 δυνάμει
2861 5082 2952 5135 καὶ
2995 5079 3058 5133 τὸ
3099 5080 3436 5151 λειπόμενον.
3489 5078 3668 5132 Ἀλλὰ
3709 5082 3840 5152 μὴν

2225 5177 2474 5243 λέγουσιν
2500 5175 2549 5227 oi
2579 5174 2676 5244 τῆς
2701 5171 2957 5235 ἀσεϐείας
2989 5171 3306 5242 προστάται,
3336 5171 3416 5222 ὃτι
3442 5170 3470 5222 6
3503 5168 3644 5231 Υἱός
3681 5189 3840 5225 ποτε

2227 5267 2325 5319 οὑκ
2351 5261 2436 5334 ἦν.
2469 5265 2531 5318 Ei
2559 5260 2652 5318 οὖν
2685 5265 2784 5316 οὑκ
2816 5260 2884 5334 ἦν
2918 5264 2946 5316 6
2965 5262 3124 5328 Υιὸς,
3153 5264 3368 5324 πάντως
3397 5259 3512 5312 οὑδὲ
3547 5263 3578 5314 6
3605 5261 3840 5335 Πατὴρ

2225 5355 2292 5429 ἦν
2317 5375 2328 5386 ·
2360 5360 2409 5411 εί
2430 5359 2529 5412 οὐκ
2549 5354 2621 5429 ἦν
2652 5359 2712 5412 τὸ
2733 5357 3092 5428 ἀπαύγασμα,
3119 5355 3238 5410 οὑδὲ
3265 5355 3326 5408 τὸ
3349 5353 3688 5428 ἀπαυγάζον
3725 5354 3840 5428 ἦν·

2227 5454 2275 5505 εἰ
2321 5451 2420 5505 οὑκ
2465 5447 2532 5522 ἦν
2571 5453 2598 5504 6
2639 5451 2944 5522 χαρακτὴρ,
2989 5449 3206 5510 πάντως
3254 5445 3373 5500 οὐδὲ
3411 5447 3444 5516 ἡ
3496 5445 3840 5504 ὑπόστατῑις

2226 5539 2312 5616 ἦν·
2341 5546 2386 5597 εί
2411 5543 2510 5596 οὑκ
2533 5539 2600 5614 ἦν
2627 5545 2662 5614 ἡ
2685 5541 2932 5612 δύναμις,
2969 5541 3068 5595 οὑκ
3101 5536 3169 5610 ’ἦν
3193 5542 3224 5610 ἡ
3259 5537 3438 5607 σοφία·
3469 5540 3517 5592 εί
3539 5539 3596 5590 δὲ
3631 5540 3840 5594 ταῦτα
