3842 6398
517 253 625 312 561

1773 268 1830 324 S.
1857 267 2185 326 GREGORII
2216 269 2512 367 NoYSSENl

3646 268 3758 328 566

521 388 557 426 v
582 375 680 427 mis
715 388 868 428 more
905 383 1154 445 paterno.
1179 376 1299 434 Non
1336 394 1525 437 omnes
1579 382 1855 455 Evangelii
1895 403 2073 455 voces,

2188 389 2352 460 μένας
2394 389 2580 455 ἀξίας·
2611 392 2671 444 ai
2696 393 2795 461 μὲν
2833 390 2941 463 γάρ
2985 391 3044 444 τὸ
3073 387 3205 460 ὕψος
3233 387 3331 460 τῆς
3357 387 3610 458 θεότητος
3651 386 3752 440 τοῦ

519 477 861 534 quacunque
915 480 1004 523 res
1048 483 1078 522 a
1126 467 1357 526 Domino
1401 481 1583 542 gestas
1642 477 1824 547 (nos)
1861 479 2078 543 docent,

518 552 764 622 ejusdem
792 556 1030 613 arbitror
1054 574 1177 616 esse
1205 562 1553 629 conditionis,
1583 581 1764 636 neque
1791 567 1860 623 ab
1891 569 2079 624 eadem

521 645 756 714 proferri
788 646 1095 718 dignitate;
1124 667 1250 706 nam
1298 653 1419 710 alia:
1457 655 1678 726 quidem
1736 659 2078 716 altitudinem

518 731 642 789 Filii
676 734 774 792 Dei
809 737 1113 796 divinitatis
1157 757 1282 798 cum
1315 745 1606 801 verborum
1650 750 1938 819 majestate
1980 752 2078 807 de-

519 825 772 895 clarant;
803 830 924 885 aliae
952 847 1082 887 vero
1107 848 1232 889 sese
1259 835 1541 892 dimittunt
1581 846 1636 894 et
1668 842 2080 898 accommodant

520 915 590 971 ad
618 918 977 976 humilitatem
1007 922 1257 981 humanae
1285 933 1516 983 naturae.
1542 927 1677 984 Nam
1697 931 1788 986 ubi
1817 929 2079 990 Dominus

519 1007 737 1078 quidem
775 1011 947 1066 dicit:
981 1011 1092 1083 Ego
1122 1017 1368 1086 principio
1401 1017 1496 1072 tibi
1519 1019 1600 1086 “;
1629 1030 1702 1082 et,
1740 1019 1891 1087 Volo,
1920 1038 2079 1077 mun-

519 1097 620 1153 dus
651 1103 820 1155 esto"
849 1119 864 1168 ;
895 1111 967 1170 et,
1000 1105 1160 1160 Pater
1194 1109 1250 1161 in
1273 1125 1353 1163 me
1383 1118 1481 1173 est,
1513 1119 1563 1164 et
1593 1127 1687 1181 ego
1715 1127 1831 1166 sum
1865 1113 1921 1166 in
1964 1112 2078 1167 Pa-

522 1200 598 1246 tre
621 1193 664 1223 "
689 1210 705 1260 ;
738 1201 814 1257 et,
843 1194 948 1261 Qui
974 1198 1104 1250 vidit
1135 1216 1236 1264 me,
1268 1201 1395 1255 vidit
1428 1201 1641 1258 Patrem
1665 1204 1710 1236 ¹⁸
1735 1222 1750 1271 ;
1785 1215 1857 1268 et,
1887 1209 1997 1275 Ego
2028 1219 2078 1260 et

520 1282 686 1340 Pater
712 1303 874 1340 unum
906 1305 1086 1344 sumus
1107 1291 1148 1322 ¹⁸
1181 1308 1196 1354 ;
1235 1299 1308 1353 et,
1349 1292 1523 1348 Nemo
1568 1294 1770 1348 Filium
1803 1298 1943 1351 novit
1974 1298 2078 1352 nisi

527 1372 683 1428 Pater
701 1375 769 1442 “;
801 1385 874 1442 et,
905 1377 1099 1433 Omnia
1127 1397 1242 1434 mea
1270 1391 1361 1434 tua
1387 1393 1529 1447 sunt,
1547 1394 1597 1437 et
1624 1394 1716 1438 tua
1743 1402 1857 1439 mea
1883 1387 1924 1419 ¹⁷
1954 1405 1969 1453 ;
2001 1399 2075 1453 et,

519 1463 861 1536 Gloriﬁcatus
885 1485 1002 1521 sum
1030 1471 1085 1524 in
1112 1471 1187 1525 eis
1206 1471 1270 1536 ¹⁸,
1301 1484 1354 1527 et
1379 1488 1718 1546 quaecunque
1753 1486 1882 1532 sunt
1930 1479 2078 1548 ejus-

517 1555 688 1619 modi,
717 1558 958 1614 Indicant
983 1576 1100 1634 eam
1133 1565 1450 1632 potentiam,
1500 1582 1623 1636 qua:
1653 1583 1818 1639 supra
1857 1585 2074 1625 omnem

517 1657 602 1700 est
631 1657 683 1702 et
733 1660 980 1706 naturam
1034 1663 1088 1707 et
1142 1662 1480 1721 potestatem.
1523 1655 1628 1713 Sed
1655 1673 1783 1714 eum
1823 1661 1892 1716 ad
1923 1661 2076 1716 inﬁr-

2183 480 2314 534 Υἱοῦ
2357 481 2449 534 τοῦ
2502 481 2638 534 Θεοῦ
2687 482 3082 552 μεγαλοφώνως
3133 479 3528 552 κηρύσσουσιν·
3581 477 3641 531 αἱ
3689 476 3752 530 δὲ

2182 570 2318 641 πρὸς
2349 571 2408 624 τὸ
2442 571 2694 626 ταπεινὸν
2732 573 2833 644 τῆς
2874 571 3218 643 ἀνθρωπίνης
3254 567 3751 639 συγκαταϐαίνωσι

2180 659 2412 728 φύσεως.
2445 660 2616 714 Ὅταν
2664 659 2766 730 μὲν
2811 660 2918 730 γὰρ
2958 658 3090 729 λέγῃ
3115 659 3145 710 6
3173 657 3374 726 Κύριος
3397 671 3411 685 ο
3443 653 3592 724 Ἐγὼ
3624 653 3753 706 ἐπι-

2178 747 2387 804 τάσσω
2415 766 2545 804 σοι·
2606 751 2730 811 καὶ,
2787 750 2970 813 Θέλω,
3010 747 3396 816 καθαρίσθητι
3415 762 3430 776 ·
3487 746 3610 808 καὶ,
3684 743 3754 796 '0

2178 841 2381 910 Πατὴρ
2403 843 2470 896 ἐν
2497 842 2644 910 ἐμοὶ,
2675 840 2836 912 κάγὼ
2863 842 2933 894 ἐν
2955 839 3034 906 τῷ
3069 839 3254 908 Πατρὶ
3272 856 3285 868 ο
3308 838 3423 898 καὶ,
3465 837 3529 890 '0
3563 835 3746 902 ἑωρα-

2179 934 2297 1000 κὼς
2323 933 2448 1003 ἐμὲ,
2493 933 2716 1003 ἑώρακε
2761 932 2868 986 τὸν
2909 932 3169 999 Πατέρα·
3229 929 3342 992 καὶ,
3405 925 3550 994 Ἐγὼ
3581 925 3679 979 καί
3716 927 3754 978 ὁ

2177 1025 2379 1093 Πατὴρ
2409 1025 2479 1079 ἐν
2524 1025 2740 1095 ἐσμενο
2793 1023 2907 1087 καὶ,
2950 1021 3158 1087 οὐδεὶς
3198 1016 3322 1074 οἶδε
3360 1019 3468 1073 τὸν
3508 1018 3663 1080 ﬂor,
3695 1017 3754 1069 ει

2173 1114 2259 1185 μὴ
2281 1119 2314 1169 ό
2349 1114 2568 1185 Πατήρ·
2615 1115 2728 1178 καὶ,
2775 1114 2981 1168 Πάντα
3006 1113 3078 1166 τὰ
3109 1112 3218 1180 ἐμὰ
3253 1109 3335 1163 σά
3362 1110 3513 1171 ἐστι,
3536 1107 3633 1160 καὶ
3673 1106 3758 1158 τὰ

2178 1204 2260 1258 σὰ
2302 1205 2414 1273 ἐμά
2434 1221 2450 1238 ·
2507 1205 2622 1271 καὶ,
2663 1203 3028 1272 Δεδόξασμαι
3076 1202 3147 1254 ἐν
3194 1199 3429 1264 αὐτοῖς’
3496 1196 3590 1250 καὶ
3643 1197 3750 1248 ὅσα

2177 1297 2401 1352 τοιαῦτα
2426 1297 2524 1369 τὴν
2552 1297 2806 1350 ὲπέκεινα
2837 1296 3017 1365 πάσης
3045 1291 3260 1364 φύσεώς
3284 1309 3344 1344 τε
3374 1283 3466 1344 καὶ
3496 1287 3750 1354 ἐξουσίας

2177 1387 2504 1442 ἐνδείκνυται
2545 1385 2792 1458 δύναμιν.
2850 1385 3100 1440 Ἐπειδὰν
3150 1383 3207 1438 δὲ
3233 1383 3368 1455 πρὸς
3412 1381 3473 1434 τὺ
3519 1379 3749 1440 ἀσθενὲς

2177 1478 2276 1548 τῆς
2321 1479 2592 1553 ἡμετέρας
2637 1479 2850 1550 φύσεως
2893 1476 3141 1547 ὲπικλίνῃ
3192 1475 3285 1529 τὸν
3324 1473 3498 1542 λόγον,
3556 1473 3746 1523 ἐκεῖνα

2178 1571 2498 1640 φθέγγεταιο
2538 1571 2869 1640 Περίλυπός
2903 1569 3071 1623 ἐστιν
3106 1569 3145 1636 ἡ
3177 1563 3347 1635 ψυχή
3383 1577 3524 1634 μου·
3550 1565 3620 1616 Et
3641 1563 3746 1615 δυ-

2176 1663 2390 1727 νατὸν,
2425 1663 2759 1732 παρελθέτω
2804 1662 2870 1714 τὸ
2910 1659 3194 1728 ποτήριον
3210 1676 3223 1688 ο
3282 1659 3364 1711 Οὐ
3410 1655 3658 1708 δύναται
3710 1653 3747 1704 ὁ

517 1735 760 1792 mitatem
806 1751 1010 1796 nostra:
1059 1753 1264 1798 natura:
1313 1761 1618 1802 sermonem
1667 1749 1929 1820 inclinat,
1981 1753 2071 1808 illa

2187 1756 2318 1821 Υἱὸς
2357 1722 2457 1825 ἀφ’
2483 1722 2698 1809 ἑαυτοῦ
2739 1771 2794 1808 τι
2836 1722 3074 1808 ποιεῖν’-⁷
3098 1751 3389 1817 Ἐντολήν
3427 1748 3650 1801 ἔλαϐον
3688 1747 3748 1798 τι

516 1830 834 1898 pronuntiat
858 1849 872 1884 :
901 1832 1178 1890 Pet-tristis
1200 1839 1472 1891 estauima
1496 1856 1648 1906 mea;
1668 1842 1716 1895 si
1738 1843 1856 1912 ﬁeri
1884 1855 2070 1912 potest,

516 1926 756 1973 transeat
789 1921 933 1975 calix
961 1923 1061 1977 iste
1083 1924 1125 1955 ¹⁹
1155 1944 1167 1978 :
1207 1923 1380 1981 Filius
1417 1944 1520 1982 non
1563 1938 1730 1998 potest
1771 1949 1805 1986 a
1845 1949 1955 1987 sese
1985 1935 2073 2002 fa-

517 2024 630 2064 cere
653 2011 938 2082 quidquam
965 2015 1032 2070 ’°.
1083 2014 1414 2078 Mandatum,
1438 2021 1612 2088 accepi
1654 2021 1780 2092 quid
1821 2023 1995 2079 dicam
2025 2032 2077 2080 et

513 2100 642 2169 quid
668 2100 856 2171 loquar
889 2105 956 2158 “.
1014 2104 1159 2161 Vada
1197 2108 1267 2160 ad
1295 2107 1508 2164 Patrem
1545 2128 1717 2167 meum
1759 2123 1809 2168 et
1860 2114 2074 2171 Patrem

515 2204 766 2258 vestrum,
795 2205 844 2250 et
865 2198 932 2250 ad
963 2197 1124 2252 Deum
1161 2216 1331 2254 meum
1353 2211 1403 2256 et
1440 2201 1509 2257 ad
1557 2203 1724 2259 Deum
1755 2218 1982 2262 vestrum
2006 2213 2072 2266 ”.

515 2283 573 2339 In
601 2287 686 2342 his
708 2303 847 2357 pone
877 2289 1042 2345 etiam
1073 2291 1341 2363 lacrymas
1364 2310 1529 2366 super
1557 2297 1763 2355 Lazaro
1794 2301 2072 2371 profusas,

514 2386 570 2431 et
600 2377 974 2435 lassitudinem
1001 2397 1067 2437 ex
1091 2383 1286 2440 itinere
1333 2393 1690 2453 contractam,
1742 2399 1797 2446 et
1827 2393 1933 2447 cibi
1977 2409 2075 2465 ap-

515 2464 851 2533 petitionem,
891 2477 946 2525 et
974 2485 1127 2540 aquae
1152 2473 1493 2541 petitionem,
1535 2485 1590 2530 et
1623 2493 1847 2534 cursum
1881 2483 1949 2536 ad
2006 2464 2073 2536 ii-

513 2569 662 2618 cum,
691 2567 747 2612 et
773 2559 918 2627 quod
951 2559 1216 2619 Dominus
1271 2563 1557 2634 ignorabat
1615 2569 1866 2625 arborem
1924 2573 2072 2628 illam

513 2644 695 2702 fructu
728 2663 935 2715 carere,
980 2660 1034 2707 et
1075 2654 1132 2708 in
1173 2656 1390 2728 navigio
1428 2672 1700 2714 somnum.
1753 2659 1878 2718 Haec
1929 2664 2074 2719 enim

512 2739 695 2794 omnia
727 2748 782 2796 et
832 2757 1172 2812 quaecunque
1208 2737 1518 2803 sunt'talia
1577 2766 1686 2805 non
1734 2752 1878 2822 ejus,
1931 2755 2080 2826 quod

2174 1848 2340 1912 εἴπω,
2364 1846 2461 1900 καὶ
2483 1844 2543 1900 τί
2564 1845 2816 1915 λαλήσω
2831 1861 2843 1874 ·
2875 1845 3201 1913 Πορεύομαι
3222 1840 3370 1912 πρὸς
3391 1841 3497 1894 τὸν
3513 1839 3754 1904 Πατέρα

2170 1953 2289 2006 μου
2329 1936 2430 1990 καὶ
2465 1935 2695 2004 Πατέρα
2729 1933 2896 2004 ὑμῶν
2919 1974 2934 1996 ,
2979 1933 3076 1987 καὶ
3120 1935 3268 1986 Θεῶν
3295 1947 3413 2000 μου
3453 1930 3547 1983 καὶ
3595 1928 3746 1982 Θεὸν

2176 2027 2361 2098 ὑμῶν.
2401 2029 2488 2080 Ἐν
2510 2027 2717 2090 τούτοις
2743 2027 2881 2080 τίθει
2903 2027 2997 2081 καὶ
3022 2025 3084 2079 τδ
3107 2025 3198 2079 ἐπὶ
3216 2025 3464 2092 Λαζάρου
3485 2021 3741 2092 δάκρυον,

2177 2120 2270 2174 καὶ
2292 2120 2384 2173 τὸν
2411 2120 2475 2171 ὲκ
2502 2118 2604 2187 τῆς
2629 2117 2935 2188 ὁδοιπορίας
2964 2118 3151 2181 κόπον,
3184 2117 3277 2168 καὶ
3305 2115 3404 2188 τὴν
3423 2115 3521 2184 τῆς
3537 2114 3748 2184 τροφῆς

2175 2210 2379 2280 ἔφεσιν,
2413 2209 2508 2263 καὶ
2533 2208 2630 2280 τὴν
2652 2209 2745 2264 τοῦ
2780 2209 2970 2272 ὓδατος
2999 2207 3234 2279 αἴτησιν,
3283 2207 3376 2260 καὶ
3402 2207 3490 2257 τὸν
3525 2206 3621 2258 ἐπὶ
3643 2204 3747 2273 τῆς

2177 2302 2346 2373 συκῆς
2385 2302 2602 2374 δρόμον,
2657 2301 2751 2355 καὶ
2801 2304 2900 2373 τῆς
2946 2300 3040 2354 τοῦ
3091 2299 3260 2370 φυτοῦ
3316 2296 3594 2370 ἀκαρπίας
3643 2297 3752 2367 τὴν

2174 2396 2415 2464 ἄγνοιαν,
2443 2395 2540 2449 καὶ
2576 2393 2666 2447 τὸν
2697 2393 2790 2447 ἐπὶ
2831 2393 2925 2446 τοῦ
2970 2393 3152 2446 πλοίου
3194 2391 3378 2445 ὕπνον.
3410 2388 3596 2443 Ταῦτα
3631 2387 3746 2460 γὰρ

2175 2487 2369 2550 πάντα,
2413 2487 2507 2540 καὶ
2549 2486 2649 2540 ὅσα
2694 2483 2942 2550 τοιαῦτα,
2991 2485 3111 2555 ούχὶ
3163 2482 3259 2538 τοῦ
3297 2485 3354 2538 ἐν
3401 2484 3540 2555 ἀρχῇ
3588 2481 3746 2543 ὄντος

2179 2578 2354 2646 Λόγου
2377 2577 2512 2630 Θεοῦ
2534 2577 2633 2648 τὴν
2663 2575 2838 2644 ἀξίαν,
2867 2575 2999 2629 ἀλλά
3038 2575 3131 2630 τοῦ
3161 2573 3590 2634 ταπεινώσαντος
3615 2573 3750 2624 ἑαυ-

2179 2670 2270 2722 τὸν
2303 2672 2360 2723 ὲν
2381 2672 2445 2742 τῇ
2468 2668 2561 2723 τοῦ
2599 2669 2784 2722 δούλου
2815 2671 2995 2740 μορφῇ
3019 2668 3121 2738 τὴν
3157 2666 3291 2738 πρὸς
3309 2665 3369 2718 τὸ
3391 2664 3608 2725 ἀσθενὲς
3641 2661 3746 2731 τῆς

2173 2757 2387 2828 φύσεως
2417 2758 2576 2830 ἡμῶν
2606 2758 2907 2830 παραδηλοῖ
2927 2757 3354 2828 συγκατάῦασιν.

511 2844 630 2886 erat
663 2833 718 2887 in
782 2833 1070 2906 principio,
1106 2837 1269 2892 Verbi
1322 2837 1420 2894 Dei
1467 2839 1810 2910 dignitatem,
1866 2845 1959 2900 sed
2005 2846 2125 2916 ejus
2161 2849 2256 2918 qui
2316 2864 2437 2905 sese
2481 2850 2535 2904 in
2572 2849 2746 2904 forma
2788 2849 2930 2906 servi
2965 2849 3363 2912 humiliaverat,
3418 2847 3485 2903 ad
3533 2858 3752 2902 natura:

508 2935 713 2982 nostra:
737 2926 1159 2986 imbecillitatem
1192 2931 1470 2987 declarant
1503 2937 2059 2995 accommodationem
2097 2950 2262 3013 atque
2290 2944 2693 3000 demissionem.

581 3019 794 3075 Dictum
829 3032 913 3076 est
943 3021 1146 3093 igitur:
1182 3023 1287 3091 Qui
1308 3026 1455 3080 misit
1486 3044 1586 3093 me,
1615 3030 1786 3098 major
1809 3047 1888 3086 me
1913 3034 2073 3087 est”.

2247 3036 2474 3108 Εἴρηται
2511 3038 2708 3103 τοίνυν,
2747 3037 2829 3090 ὅτι
2879 3036 2932 3089 '0
2971 3035 3212 3106 πέμψας
3251 3052 3356 3104 με,
3385 3035 3597 3104 μείζων
3621 3053 3748 3104 μου

509 3109 681 3183 Igitur
708 3112 994 3168 videamus
1033 3129 1062 3168 a
1085 3130 1196 3185 quo
1226 3117 1341 3170 haec
1369 3120 1545 3174 oratio
1568 3119 1900 3189 proferatur.
1928 3123 2078 3189 Quo-

509 3205 676 3261 modo
704 3209 910 3261 missus
931 3206 1060 3262 est?
1086 3207 1182 3262 An'
1208 3209 1377 3262 forma
1405 3208 1497 3265 Dei
1529 3211 1816 3280 praeditus,
1845 3230 1914 3270 an
1961 3215 2076 3271 for-

511 3310 600 3350 ma
653 3298 798 3350 servi
849 3298 1116 3367 accepta?
1165 3298 1220 3352 In
1275 3301 1432 3371 plena
1480 3303 1682 3360 deitate
1726 3322 1974 3372 manens,
2007 3323 2076 3361 an

509 3401 634 3441 cum
662 3387 900 3458 seipsum
935 3389 990 3442 in
1021 3389 1197 3445 forma
1227 3395 1414 3448 servili
1443 3395 1876 3454 exinanivisset?
1916 3399 2076 3454 Peni-

507 3485 601 3533 tus
634 3478 782 3533 enim
823 3479 1173 3549 perspicuum
1220 3498 1344 3540 esse
1390 3487 1644 3552 arbitror,
1679 3489 1918 3544 divinam
1979 3507 2078 3562 po-

509 3569 737 3623 tentiam
790 3577 955 3640 atquc
1003 3586 1276 3638 naturam,
1325 3592 1449 3631 cum
1481 3579 1684 3649 ubique
1736 3583 1809 3637 sit
1863 3599 1925 3637 ac
1981 3600 2115 3654 per.

507 3659 693 3713 omnia
745 3662 1014 3730 pertineat
1045 3674 1209 3734 atque
1260 3668 1540 3736 pervadat,
1560 3680 1614 3726 et
1644 3687 1731 3728 res
1786 3675 2075 3733 universas

508 3750 758 3821 amplexa
791 3753 882 3816 sit,
917 3754 1059 3809 mitti
1089 3754 1236 3811 haud
1262 3766 1411 3816 recte
1434 3759 1544 3816 dici
1571 3779 1585 3828 ;
1610 3779 1720 3818 non
1749 3766 1892 3819 enim
1921 3777 2074 3824 extra

505 3855 628 3896 eam
661 3842 864 3912 aliquid
895 3859 1128 3902 vacuum
1163 3855 1218 3902 et
1249 3848 1414 3905 inane
1445 3861 1548 3915 est,
1584 3870 1714 3924 quo,
1747 3871 1872 3912 cum
1923 3862 2074 3929 prius

505 3933 583 3989 ibi
610 3949 722 3990 non
747 3943 914 4003 esset,
964 3945 1154 4007 postea
1187 3953 1352 4010 quam
1389 3942 1555 3997 missa
1607 3943 1773 4000 fuerit
1805 3949 2069 4005 accedat:

505 4026 601 4084 sed
632 4043 754 4082 cum
788 4031 1196 4086 conservatrice
1237 4032 1292 4087 vi
1323 4049 1421 4089 sua
1469 4051 1558 4091 res
1598 4037 1885 4096 universas
1919 4056 2076 4096 coer-

502 4129 628 4176 ceat
652 4131 818 4192 atque
844 4122 1147 4189 contineat,
1180 4139 1290 4179 non
1323 4126 1486 4182 habet
1518 4144 1628 4199 quo
1651 4138 1915 4199 transeat,
1949 4147 2073 4188 cum
2105 4160 2107 4162 ·

505 4213 623 4285 ipsa
649 4216 723 4270 sit
747 4231 930 4271 rerum
967 4217 1344 4275 universitatis
1377 4220 1679 4290 plenitudo.

579 4305 888 4362 Descensus
908 4307 1076 4376 igitur
1092 4307 1213 4363 Filii
1242 4308 1334 4364 Dei
1363 4311 1429 4365 ad
1448 4321 1690 4368 nostram
1712 4314 2070 4372 humilitatem

2175 3123 2369 3180 ἐστίν.
2432 3124 2642 3179 Ούκοῦν
2692 3127 3051 3194 σκοπησωμεν
3103 3123 3260 3195 παρὰ·
3292 3123 3436 3186 τίνος
3486 3124 3516 3175 6
3559 3123 3740 3192 λόγος.

2175 3216 2299 3278 Πῶς
2325 3215 2614 3287 ὲπὲμφθη;
2660 3217 2746 3269 Ἑν
2773 3217 2951 3286 μορφῇ
2995 3215 3130 3268 Θεοῦ
3155 3215 3434 3285 ὑπάρχων,
3463 3213 3497 3283 ἦ
3527 3216 3744 3284 μορφὴν

2175 3304 2364 3359 δούλου
2391 3304 2605 3368 λαϐώνς
2648 3305 2734 3356 Ἐν
2763 3303 2840 3374 τῷ
2868 3303 3190 3376 πληρώματι
3213 3307 3288 3358 ὢν
3323 3305 3424 3375 τῆς
3455 3303 3742 3373 θεότητος,

2175 3397 2474 3469 ἢκενώσας
2524 3399 2712 3452 ἑαυτὸν
2748 3399 2806 3451 ὲν
2842 3399 2910 3468 τῇ
2947 3396 3040 3450 τοῦ
3075 3396 3258 3450 δούλου
3301 3399 3511 3468 μορφῇς
3551 3396 3741 3466 Πάντη

2175 3490 2284 3560 γὰρ
2308 3486 2460 3559 οἶμαι
2489 3489 2754 3560 πρόδηλον
2782 3483 2940 3550 εἶναι,
2967 3491 3104 3560 ὁτιή
3151 3487 3269 3541 θεία
3305 3487 3530 3558 δύναμίς
3562 3504 3622 3539 τε
3644 3487 3746 3540 καὶ

2176 3583 2339 3652 φύσις
2360 3581 2636 3653 πανταχοῦ
2665 3579 2820 3648 οὖσα,
2858 3581 2952 3635 καὶ
2970 3581 3058 3635 διὰ
3093 3582 3306 3636 πάντων
3332 3580 3619 3652 διήκουσα,
3646 3581 3746 3633 καὶ

2173 3675 2268 3730 τοῦ
2302 3675 2498 3738 παντὸς
2547 3672 3007 3744 περιδεδραγμένη
3029 3712 3043 3736 ,
3100 3673 3199 3726 ούκ
3242 3671 3311 3727 ἂν
3341 3672 3562 3735 εἰκότως
3597 3671 3746 3741 πέμ-

2175 3768 2372 3822 πεσθαι
2411 3767 2638 3836 λέγοιτο.
2672 3765 2747 3818 Ού
2776 3765 2886 3838 γάρ
2911 3766 3024 3818 ὲστί
3045 3784 3096 3818 τι
3117 3764 3272 3818 κενὸν
3291 3764 3395 3831 ἔξω
3417 3763 3640 3834 ταύτης,
3682 3765 3753 3816 ἐν·

2173 3854 2216 3928 ᾧ
2256 3860 2518 3930 πρότερον
2560 3857 2634 3930 μὴ
2677 3853 2846 3921 οὖσα,
2894 3858 3019 3910 ὃταν
3059 3855 3303 3926 πεμφθῇ,
3335 3856 3741 3924 παραγένηταιο

2174 3952 2308 4022 ἀλλά
2347 3953 2415 4022 τῇ
2461 3950 2823 4019 συντηρητικῇ
2861 3947 3089 4015 δυνάμει
3117 3946 3480 4016 διακρατοῦσα
3507 3945 3567 3998 τὸ
3607 3946 3743 4007 πᾶν,

2173 4046 2274 4098 ούκ
2293 4017 2415 4114 ’ἔχει
2456 4044 2536 4106 είς
2562 4041 2591 4094 ὃ
2639 4041 3037 4112 μεταχωρήσει,
3075 4039 3212 4109 αύτὴ
3250 4036 3344 4090 τοῦ
3379 4035 3576 4099 παντὸς
3605 4032 3746 4088 οὖσα

2175 4137 2279 4208 πλή
2289 4155 2363 4208 ρω
2368 4153 2464 4206 μα.

2269 4313 2333 4366 Ἡ
2361 4312 2537 4364 τοίνυν
2560 4308 2696 4380 πρὸς
2715 4307 2777 4361 τδ
2805 4308 3070 4380 ἡμέτερον
3095 4306 3346 4360 ταπεινόν
3372 4321 3432 4359 τε
3460 4305 3555 4358 καὶ
3579 4306 3746 4360 ἀσθε-

503 4404 558 4452 ει
585 4397 983 4465 inﬁrmitatem,
1005 4400 1099 4469 qui
1123 4401 1402 4459 voluntate
1429 4403 1607 4459 Patris
1631 4408 1850 4471 accidit,
1880 4409 2070 4464 missio

2179 4405 2261 4467 νὲς
2293 4403 2387 4456 τοῦ
2422 4401 2553 4456 Υίοῦ
2597 4400 2689 4453 τοῦ
2728 4397 2863 4453 Θεοῦ
2897 4398 3150 4465 κάθοδος,
3193 4397 3334 4450 κατά
3375 4397 3602 4469 γνώμην
3643 4399 3742 4451 τοῦ

503 4485 729 4543 dicitur.
764 4487 898 4543 Nam
927 4492 994 4544 ab
1040 4492 1334 4548 immortali
1370 4503 1563 4551 natura
1589 4496 1657 4551 ad
1696 4509 1940 4554 nostram
1982 4501 2066 4554 vi-

503 4589 613 4632 tam
646 4580 900 4649 migratio
924 4596 1034 4636 non
1061 4583 1129 4637 de
1163 4583 1285 4638 loco
1312 4585 1377 4639 ad
1409 4586 1585 4640 locum
1619 4597 1826 4642 motum
1854 4588 2066 4644 Domini

501 4667 798 4738 signiﬁcat,
833 4670 929 4726 sed
963 4673 1032 4727 ab
1059 4673 1342 4729 altitudine
1376 4678 1562 4745 gloria:
1591 4677 1659 4732 ad
1704 4680 2067 4735 humilitatem

498 4762 687 4815 carnis
721 4761 929 4816 indicat
956 4763 1302 4820 descensum.
1352 4765 1642 4822 Descendit
1691 4771 1854 4840 igitur
1893 4779 1947 4825 et
1973 4786 2071 4839 ap-

500 4851 682 4920 paruit
713 4865 822 4907 non
849 4854 1056 4910 nudum
1082 4855 1340 4924 Verbum,
1377 4860 1469 4914 sed
1507 4874 1638 4913 caro
1672 4859 1872 4915 factum
1903 4879 1916 4914 :
1958 4879 2068 4918 non

500 4941 594 4998 Dei
624 4943 798 4999 forma
831 4962 929 5018 per
961 4964 1102 5015 sese,
1149 4951 1244 5006 sed
1276 4952 1334 5006 in
1378 4952 1554 5007 forma
1596 4957 1736 5009 servi
1773 4971 2063 5026 apparens.

501 5034 603 5090 Hic
633 5036 799 5108 igitur
823 5049 905 5094 est
933 5041 1025 5111 qui
1055 5041 1193 5096 dixit
1229 5059 1288 5099 se
1333 5059 1437 5099 non
1486 5062 1646 5115 posse
1679 5046 1857 5103 facere
1910 5049 2070 5119 quid-

501 5141 666 5192 quam
699 5128 770 5182 ab
799 5129 1002 5200 seipso,
1033 5131 1308 5200 videlicet,
1345 5135 1399 5189 in
1431 5145 1694 5204 quantum
1729 5154 1858 5193 caro
1891 5138 2068 5196 factus

501 5227 618 5284 est;
647 5234 773 5274 nam
806 5237 916 5277 non
962 5239 1144 5293 posse,
1203 5228 1596 5285 imbecillitatis
1641 5240 1744 5285 est.
1807 5231 1875 5287 Ut
1922 5233 2066 5286 enim

501 5309 613 5363 luci
647 5312 904 5376 tenebre,
931 5323 986 5370 et
1011 5316 1136 5369 vitae
1165 5333 1338 5380 mors.
1369 5319 1443 5373 ita
1476 5322 1732 5388 potentiae
1761 5323 2060 5392 Opponitur

499 5400 828 5459 inﬁrmitas:
868 5406 1016 5476 atqui
1047 5407 1302 5464 Christus
1335 5409 1428 5465 Dei
1469 5417 1708 5482 potentia
1749 5424 1911 5485 atque
1963 5414 2058 5469 Dei

572 5557 611 5587 "
653 5556 819 5611 Marc.
854 5573 929 5618 Ix,
968 5560 1058 5613 26.
1136 5563 1180 5593 ¹²
1220 5563 1384 5620 Mare.
1424 5585 1461 5632 ι,
1495 5569 1582 5625 ιι.
1661 5571 1704 5602 ³³
1773 5569 1930 5624 Joan.
1967 5587 2072 5630 xlv,
2122 5571 2200 5624 i0.
2279 5569 2322 5600 ”
2355 5566 2488 5623 ibid.
2517 5568 2569 5621 9.

572 5626 719 5682 loan.
752 5643 885 5696 avu,
911 5629 994 5682 10.
1075 5631 1123 5662 ³⁸
1153 5634 1279 5689 ibid.
1320 5638 1405 5693 10.
1487 5642 1526 5671 ¹⁹
1567 5639 1753 5696 Matth.
1793 5641 2043 5696 ιςνι,5δ.
2075 5643 2162 5696 ὀί).
2273 5641 2318 5671 ²⁰
2350 5637 2504 5693 ίοιιιι.
2547 5654 2569 5690 v

1621 5657 1753 5696 attn.
1793 5658 1936 5706 sxw,
1956 5657 2043 5709 οδ,
2075 5657 2162 5697 ou.

500 5624 543 5658 "
566 5626 719 5682 Joan.
755 5643 885 5691 xvtl,
911 5629 994 5682 10.
1075 5631 1123 5662 ³⁸
1153 5634 1279 5689 ihid.
1320 5638 1405 5693 10.

501 5697 587 5751 17.
663 5698 705 5731 ³³
738 5695 889 5752 Joan.
926 5700 1137 5764 x1v,‘28.

2170 4493 2380 4564 Πατρὸς
2411 4491 2772 4562 γεγενημένη,
2817 4490 3090 4560 ἀποστολὴ
3135 4488 3370 4557 λέγεται.
3424 4489 3488 4542 Ἦ
3520 4488 3631 4560 γὰρ
3675 4492 3746 4542 ἐκ

2168 4585 2266 4656 τῆς
2296 4585 2577 4655 ἀκηράτου
2603 4581 2818 4652 φύσεως
2834 4583 2971 4652 πρὸς
2990 4582 3090 4652 τὴν
3112 4579 3384 4650 ἡμετέραν
3406 4579 3548 4650 ζωὴν
3578 4582 3747 4650 μετά-

2169 4693 2359 4738 στασις
2386 4676 2446 4728 ού
2481 4672 2708 4744 τοπικὴν
2737 4675 2969 4726 ποιεῖται
3005 4671 3099 4725 τοῦ
3128 4673 3330 4740 Κυρίου
3369 4672 3467 4742 τὴν
3501 4671 3744 4742 κίνησιν,

2171 4770 2308 4824 ἀλλὰ
2333 4769 2429 4838 τὴν
2459 4767 2566 4820 ἀπὺ
2595 4765 2690 4820 τοῦ
2719 4765 2886 4835 ὕψους
2914 4765 3012 4833 τῆς
3047 4763 3204 4833 δόξης
3234 4763 3370 4833 πρὸς
3397 4763 3458 4816 τὸ
3482 4765 3746 4818 ταπεινὸν

2172 4864 2272 4933 τῆς
2304 4859 2506 4932 σαρκὸς
2535 4857 2861 4912 ἐνδείκνυται
2895 4855 3138 4910 κάθοδον.
3178 4855 3396 4927 Κατέδη
3424 4856 3601 4910 τοίνυν
3645 4857 3745 4910 καὶ

2173 4957 2344 5024 ἐφάνη
2375 4953 2436 5005 οὐ
2465 4950 2673 5022 γυμνὸς
2697 4952 2726 5003 6
2749 4950 2938 5018 Λόγος,
2969 4947 3116 5003 ene.
3137 4947 3272 5019 σὰρξ
3300 4948 3587 5020 γενόμενος
3604 4968 3617 4980 ·
3642 4951 3746 5020 οὐχ

2173 5051 2206 5118 ἡ
2233 5045 2326 5098 τοῦ
2349 5042 2483 5098 Θεοῦ
2515 5042 2694 5113 μορφὴ
2721 5040 2842 5094 καθ’
2872 5039 3090 5109 ἑαυτὴν,
3116 5039 3228 5092 ἀλλ’
3258 5040 3316 5092 ἐν
3340 5041 3407 5109 τῇ
3437 5039 3528 5093 τοῦ
3551 5039 3744 5093 δούλου

2176 5141 2356 5212 μορφῇ
2407 5133 2796 5206 θεωρούμενος.
2832 5126 2998 5194 Οὗτος
3035 5127 3128 5184 οῦν
3180 5131 3360 5194 ἐστιν,
3390 5133 3419 5184 6
3459 5130 3628 5183 εἰπὼν
3663 5134 3741 5202 μὴ

2173 5218 2429 5280 δύνασθαὶ
2457 5242 2508 5276 τι
2538 5224 2630 5291 ἀφ’
2657 5219 2853 5274 ἑαυτοῦ
2883 5223 3073 5283 ποιεῖν,
3101 5220 3256 5290 δῆλον
3282 5221 3363 5274 ὅτι
3393 5219 3524 5273 καθὸ
3547 5221 3741 5289 γέγονε

2174 5321 2309 5390 σάρξ
2333 5336 2347 5349 ο
2375 5318 2435 5370 τὸ
2463 5319 2570 5387 γὰρ
2595 5316 2669 5386 μὴ
2697 5313 2974 5376 δύνασθαι,
3003 5312 3282 5376 ἀσθενείας
3309 5315 3477 5369 ὲστίν.
3519 5313 3607 5376 Ὠς
3631 5314 3741 5384 γὰρ

2173 5411 2249 5482 τῷ
2279 5409 2417 5479 φωτί
2444 5409 2504 5461 τὸ
2535 5408 2742 5471 σκότος,
2778 5407 2872 5459 καὶ
2905 5407 2935 5458 6
2973 5404 3198 5468 θάνατος
3238 5407 3304 5475 τῇ
3338 5404 3470 5476 ζωῇ,
3504 5404 3644 5458 οὕτω
3672 5410 3741 5478 τῇ

2670 5565 2714 5596 ιι
2749 5561 2905 5618 Joan.
2941 5577 2996 5623 Χ,
3027 5558 3115 5615 50.
3214 5560 3257 5590 ¹⁶
3295 5559 3480 5616 Matth.
3517 5580 3569 5617 XI
3596 5605 3610 5628 ,
3645 5567 3738 5622 27.

2273 5641 2318 5671 ιο
2350 5637 2504 5693 JOan.
2547 5654 2598 5703 ν,
2641 5636 2726 5690 19.
2804 5635 2844 5665 ¹¹
2885 5628 3041 5685 Joan.
3070 5630 3292 5695 311,49.
3368 5633 3412 5663 ²²
3439 5633 3600 5693 toan.
3645 5653 3738 5704 xx,
