3842 6404
453 263 564 319 567.

1648 269 1704 324 s.
1745 229 2399 330 casooan'nvssm
2447 319 2454 327 .

3579 277 3688 334 568

453 382 599 456 quod
629 383 903 440 acciderat
934 393 1128 454 praeter
1160 395 1435 454 naturam,
1484 388 1674 444 dicens
1703 408 1717 443 :
1751 391 1884 455 Quis
1933 391 2016 444 di-

2141 394 2274 456 ἰάζει
2305 395 2521 454 τέκνον
2566 396 2612 463 ἡ
2659 395 2891 465 stippa;
2924 392 3056 450 Εἶτα
3096 397 3351 469 ήδρύνετο
3402 397 3464 450 τδ
3494 397 3692 466 νήπιον

453 484 614 536 xisset
643 480 945 533 Abrahamo
998 478 1188 543 Suram
1230 481 1404 549 ﬁlium
1449 482 1650 536 lactare
1674 483 1763 536 "1’
1817 483 2019 538 Deinde

456 573 638 627 infans
669 571 894 642 grandis
939 571 1224 632 evadebat,
1276 578 1330 625 et
1369 572 1438 626 ad
1477 573 2009 640 adolescentulorum

456 664 711 720 tendebat
739 671 973 724 aetatem.
1011 677 1075 716 ac
1103 662 1216 732 jam
1251 678 1384 732 puer
1425 671 1544 717 erat
1572 663 1627 717 in
1658 663 1793 718 ﬂore
1818 664 2016 726 aetatis.

459 760 514 813 in
545 771 760 812 summo
786 754 1212 824 pulchritudinis
1242 757 1446 824 vigore,
1489 754 1797 825 jucundum
1829 771 2022 826 paren-

457 854 604 909 tibus
667 849 1040 919 spectaculum
1100 846 1504 918 pulchritudine
1569 848 1896 918 proﬁciens,
1953 848 2024 902 ad

460 959 734 1004 summum
774 941 1128 1012 progrediens
1173 941 1350 995 aetatis
1389 941 1627 1011 vigorem
1653 983 1668 1005 ,
1725 956 1836 995 una
1897 955 2023 995 cum

461 1037 710 1108 corporis
761 1032 1163 1105 pulchritudine
1199 1031 1428 1100 virtutes
1475 1047 1699 1100 augens.
1745 1031 2026 1098 Quomodo

461 1137 686 1201 propter
711 1141 835 1182 eum
867 1125 1091 1180 aﬁ‘ectos
1122 1122 1292 1178 fuisse
1325 1133 1577 1192 parentes
1606 1123 1900 1178 verisimile
1927 1123 2022 1186 sit.

461 1235 561 1275 vos
611 1234 724 1275 rem
788 1215 1213 1288 cogitationibus
1261 1215 1562 1283 subjectam
1622 1216 1764 1269 intra
1820 1216 2024 1285 vosipsi

464 1309 781 1382 perpendite
808 1316 971 1378 atque
1003 1305 1278 1374 judicate:
1333 1312 1394 1368 ut
1441 1304 1709 1360 aliiciatur
1738 1313 1892 1374 pater
1944 1307 2027 1361 lu-

465 1404 684 1458 dentem
715 1401 905 1460 videns
936 1399 1126 1465 ﬁlium,
1175 1406 1228 1452 et
1265 1399 1553 1467 palaestrae,
1590 1398 1827 1463 litteris,
1859 1397 2028 1454 disci-

465 1494 652 1566 plinis,
697 1491 1116 1562 jucundissimis
1162 1489 1475 1560 atqualium
1507 1490 1740 1546 statibus
1803 1506 2025 1560 operam

468 1582 734 1638 dantem?
782 1582 988 1636 Interea
1038 1581 1351 1650 exploratur
1383 1590 1546 1650 atque
1593 1583 1895 1651 periculum
1946 1581 2028 1649 ﬁt,

430 1680 650 1725 'utrum
700 1670 978 1726 dilectioni
1030 1684 1158 1740 erga
1208 1669 1378 1724 Deum
1416 1670 1728 1742 patriarcha
1761 1673 1884 1742 plus
1935 1674 2032 1728 tri-

2122 488 2240 540 κατ’
2262 488 2460 555 ὀλίγον,
2486 488 2580 540 καὶ
2611 489 2690 551 εἰς
2717 488 2960 558 τὴντῶν·
2979 489 3276 560 μειρακίων
3301 489 3517 560 ήλικίαν
3544 488 3693 558 ἔτρε-

2121 595 2234 648 χεν,
2273 579 2365 631 καὶ
2393 578 2492 649 ήδη
2526 581 2655 641 παῖς
2681 575 2750 650 ἧν
2784 581 2840 630 ἐν
2872 579 3028 633 ἄνθει
3049 582 3148 651 τῆς
3179 579 3413 650 ἡλικίας,
3439 581 3496 632 ἐν
3532 580 3688 649 ἀκμῇ

2120 671 2218 740 τῆς
2248 669 2414 740 ὥρας,
2446 669 2617 738 γλυκὺ
2646 669 2823 740 θέαμα
2840 671 2954 732 τοῖς
2981 671 3416 742 γεννησαμένοις,
3433 673 3512 734 εἰς
3541 670 3694 738 ὤραν

2123 761 2408 825 ἐπιδιδοὺς,
2441 763 2522 825 εἰς
2561 763 2746 834 ἀκμὴν
2784 763 3008 834 προῖὼν,
3041 764 3140 826 τὰς
3170 764 3270 833 τῆς
3291 763 3467 833 ψυχῆς
3490 761 3695 832 ἀρετὰς

2126 853 2402 919 συναύξων
2427 855 2505 926 τῷ
2531 854 2715 909 κάλλει
2739 859 2832 908 τοῦ
2861 856 3131 927 σώματος.
3162 855 3347 916 Ὅπως
3373 855 3513 924 ἔχειν
3546 853 3697 915 είκδς

2125 945 2210 998 ἐπ’
2256 944 2402 1016 αὑτῷ
2442 947 2568 1009 τοὺς
2613 948 3000 1017 γεννήσαντας,
3034 947 3190 1016 ὑμεῖς
3224 945 3284 997 τὸ
3316 946 3544 1015 πρᾶγμα
3584 945 3700 1006 τοῖς

2125 1037 2401 1106 λογισμοῖς
2453 1037 2760 1102 ὑποθέντες,
2815 1040 2872 1092 ἐν
2924 1039 3138 1100 ἑαυτοῖς
3183 1036 3492 1100 ἐξετάσατεο
3547 1035 3698 1094 ὅπως
3800 1031 3815 1043 ⁴

2124 1128 2416 1181 διατίθεται
2456 1130 2640 1200 πατὴρ
2668 1129 2930 1192 παίζοντα
2975 1127 3184 1199 βλέπων
3221 1129 3354 1191 υἱὸν,
3404 1127 3496 1178 καὶ
3531 1141 3704 1176 σπουο

2125 1219 2351 1283 δάζοντα
2382 1220 2440 1272 ἐν
2464 1220 2842 1293 παλαίστραις,
2887 1224 2944 1274 ἐν
2983 1221 3242 1282 παιδιαῖς,
3274 1219 3332 1271 ἐν
3376 1216 3704 1287 μαθήμασιν

2127 1311 2160 1381 ἦ
2205 1312 2263 1362 ὲν
2299 1313 2416 1373 ταῖς
2448 1311 2697 1380 ἡδίσταις,
2723 1312 2834 1365 τῶν
2877 1310 3183 1382 ἡλικιωτῶν
3227 1308 3554 1370 συνουσίαις.
3608 1306 3703 1357 Ἐν

2127 1403 2334 1466 τούτοις
2362 1407 2526 1474 πεῖρα
2569 1403 2902 1474 προσάγεται
2931 1403 3010 1474 τῷ
3040 1402 3352 1474 πατριάρχῃ
3396 1401 3488 1454 καὶ
3532 1399 3703 1468 βάσα-

2129 1511 2237 1556 νος,
2269 1494 2374 1547 τίνι
2395 1495 2458 1547 τὸ
2486 1494 2646 1548 πλέον
2676 1495 2847 1566 νέμει,
2876 1498 2942 1566 τῇ
2972 1495 3109 1566 πρὸς
3140 1495 3234 1548 τὸν
3259 1493 3391 1546 Θεὸν
3415 1493 3624 1562 ἀγάπῃ.
3663 1489 3702 1558 ἢ

2128 1591 2196 1659 τῇ
2225 1590 2353 1660 περὶ
2377 1589 2477 1660 τὴν
2502 1589 2662 1659 φύσιν
2689 1591 2850 1662 ῥοπῇ.
2880 1592 3090 1665 Φρίττω
3121 1590 3319 1661 μεταξῦ
3350 1588 3706 1657 διηγούμενος

2131 1679 2193 1732 τὸ
2219 1679 2317 1749 τῆς
2355 1679 2548 1751 πείρας
2578 1680 2872 1752 ἀπότομον.
2908 1680 3250 1752 Χρηματξζει
3289 1681 3447 1736 πάλιν
3487 1682 3515 1733 ὁ
3546 1679 3704 1740 Θεὸς,

467 1763 686 1826 buerct,
733 1777 803 1816 an
839 1761 1188 1832 propensioni
1251 1777 1380 1832 erga
1430 1769 1704 1818 naturam.
1761 1761 2032 1820 Horresco

2141 1769 2225 1822 καὶ
2259 1742 2643 1840 προσκαλεῖται
2671 1742 2766 1826 τὸν
2798 1742 3050 1836 αὐτὸν-ἐξ
3083 1742 3341 1842 ὀνόματος
3365 1787 3378 1800 ⁸
3410 1771 3438 1822 ὁ
3473 1769 3530 1822 δὲ
3567 1785 3706 1838 προ-

467 1857 597 1910 dum
626 1869 839 1924 expono
868 1854 1201 1910 tentationis.
1225 1853 1622 1909 vehementiam
1659 1865 1823 1924 atque
1883 1856 2031 1925 peri-

467 1945 578 2000 culi
607 1944 970 1998 atrocitatem.
997 1942 1142 1998 Deus
1171 1959 1367 1998 rursus
1399 1943 1733 2012 colloquitur
1755 1959 1880 1998 cum
1913 1945 2028 2013 illo,

467 2051 533 2091 ac
580 2035 898 2090 nominatim
934 2034 1170 2108 appellat
1211 2034 1505 2101 eumdem;
1555 2043 1719 2105 atque
1757 2036 1847 2091 ille
1881 2037 2026 2092 haud

2135 1859 2322 1929 θύμως
2377 1861 2640 1914 ὑπακούει
2680 1865 2747 1933 τῇ
2787 1863 3000 1934 κλήσει,
3046 1863 3104 1928 ἐξ
3145 1855 3218 1916 ὧν
3266 1861 3364 1931 ἤδη
3414 1861 3710 1930 τετυχήκει

2136 1949 2350 2013 πάντως
2401 1951 2716 2023 προσθήκην
2761 1953 3022 2024 δευτέρας
3055 1955 3276 2025 χάριτος
3326 1951 3710 2022 ἐκδεχόμενος.

2148 2039 2314 2094 Ἀλλὰ
2333 2042 2394 2095 τὸ
2424 2043 2722 2115 ἐπίταγμα,
2754 2046 2836 2113 τί;

469 2137 790 2183 cunctanter
816 2128 963 2182 dicto
1003 2127 1232 2182 audiens
1284 2115 1649 2193 est'vocanti,
1697 2144 1760 2184 ex
1810 2130 1880 2185 iis
1938 2147 2058 2202 quae
2090 2133 2204 2203 jam
2259 2137 2590 2194 consecutus
2639 2149 2776 2204 erat,
2824 2137 3052 2195 secundi
3095 2138 3224 2193 doni
3275 2136 3716 2192 additamentum

470 2235 695 2292 prorsus
731 2227 1076 2289 exspectans.
1111 2217 1217 2274 Sed
1246 2219 1489 2288 jubetur,
1511 2219 1686 2288 quid?

543 2317 730 2385 Accipe
760 2317 908 2382 mihi,
944 2315 1141 2386 inquit,
1165 2315 1346 2384 ﬁlium
1373 2323 1518 2368 tuum
1540 2315 1607 2369 "’.
1642 2314 1896 2370 Nondum
1930 2314 2036 2370 for-

471 2419 618 2466 tasse
651 2425 746 2464 cor
783 2409 955 2479 patris
985 2408 1161 2464 oratio
1192 2407 1428 2478 percutit
1455 2425 1472 2460 :
1500 2407 1660 2478 plane
1705 2406 1850 2461 enim
1887 2406 2038 2477 ejus-

470 2501 617 2555 modi
653 2501 778 2570 quid
804 2500 1138 2573 suspicatur,
1166 2498 1425 2552 nimirum
1457 2497 1604 2568 quod
1629 2499 1834 2568 nuptiis
1866 2497 2034 2552 ﬁlium

473 2593 732 2663 copulare
751 2591 1014 2662 jussurus
1040 2598 1187 2646 esset
1206 2601 1258 2646 et
1283 2591 1688 2644 matrimonium
1709 2591 2035 2654 accelerare,

475 2692 534 2738 ut
563 2691 816 2740 eventum
845 2683 1135 2739 sortiretur
1165 2681 1476 2738 benedictio
1502 2697 1672 2752 super
1702 2682 1913 2738 semine
1957 2681 2040 2737 fa-

2203 2321 2358 2378 Λάϐε
2402 2339 2527 2391 μοι,
2568 2321 2730 2391 φησὶ,
2762 2320 2872 2374 τὸν
2910 2321 3044 2375 υἱόν
3086 2335 3222 2376 σου.
3275 2319 3437 2376 οὔπω
3479 2321 3715 2392 πλήσσει

2133 2412 2272 2482 τάχα
2302 2413 2395 2464 τοῦ
2427 2412 2630 2482 πατρὸς
2662 2411 2760 2482 τὴν
2795 2411 3018 2483 καρδίαν
3051 2413 3079 2465 ὁ
3119 2413 3303 2479 λόγος·
3342 2412 3560 2475 πάντως
3602 2412 3722 2481 γὰρ

2132 2502 2369 2557 τοιοῦτον
2416 2502 2828 2571 ὑπολογίζεται,
2871 2504 2953 2556 ὅτι
3001 2504 3167 2573 γάμῳ
3214 2503 3548 2573 συναρμόσαι
3590 2502 3712 2555 δια-

2133 2593 2412 2646 κελεύεται
2440 2594 2534 2646 καὶ
2562 2591 2885 2647 ἐπισπεῦσαι
2911 2593 3002 2646 τὸν
3027 2594 3289 2664 θάλαμον,
3316 2593 3390 2656 ὼς
3415 2592 3482 2646 ἂν
3508 2594 3588 2656 εἰς
3621 2594 3718 2644 πέ-

2142 2703 2241 2757 ρας
2268 2685 2410 2738 ἔλθοι
2433 2687 2464 2756 ή
2489 2687 2579 2739 ἐπὶ
2604 2683 2696 2738 τοῦ
2723 2685 3038 2756 σπέρματος
3065 2685 3302 2754 εὐλογία.
3342 2683 3480 2737 Ἀλλ’
3513 2685 3718 2754 ἴδωμεν

478 2786 586 2832 cta.
617 2776 722 2832 Sed
755 2777 1036 2833 videamus
1061 2776 1191 2846 quid
1221 2775 1510 2844 adjiciatur
1543 2775 1816 2836 orationi:
1853 2775 2037 2842 Accipe

2141 2778 2234 2849 τήν
2267 2777 2580 2850 προσθήκην
2605 2777 2698 2831 τοῦ
2723 2777 2903 2846 λόγου⁸
2933 2777 3087 2832 Λάϐε
3108 2795 3228 2846 μοι,
3262 2795 3414 2848 φησι,
3440 2777 3548 2830 τὸν
3575 2780 3720 2831 υἱόν

474 2871 623 2935 mihi,
663 2871 859 2941 inquit,
912 2870 1085 2938 [ilium
1143 2878 1289 2922 tuam
1324 2869 1482 2922 istum
1531 2866 1823 2933 dilectum,
1872 2869 2034 2923 istum

2141 2885 2255 2936 σου
2278 2872 2386 2924 τὸν
2416 2870 2744 2940 ἀγαπητὸν,
2770 2870 2873 2923 τὸν
2893 2867 3209 2939 μονογενῆ.
3246 2869 3388 2940 Ὅρα
3412 2868 3478 2922 τὰ
3507 2869 3718 2941 κέντρα

475 2964 822 3032 unigenitum.
867 2961 1003 3017 Vide
1037 2962 1288 3016 stimulos
1341 2961 1631 3024 orationis,
1680 2961 2036 3031 quemadmo-

2141 2962 2229 3015 τοῦ
2255 2961 2434 3030 λόγου,
2457 2960 2575 3024 πῶς
2600 2962 2780 3014 κεντεῖ
2803 2959 2896 3014 τοῦ
2917 2960 3120 3032 πατρὸς
3138 2961 3213 3014 τὰ
3230 2960 3507 3032 σπλάγχνα
3530 2979 3544 2992 ο
3595 2962 3721 3024 πῶς

476 3058 605 3112 dum
647 3063 853 3126 pungat
896 3055 1107 3108 viscera
1157 3051 1348 3122 patris.
1399 3050 1469 3108 Ut
1521 3052 1705 3107 eliciat
1765 3051 2036 3106 ﬂammam

2141 3051 2485 3127 ἀναρριπίζει
2515 3054 2612 3124 τὴν
2653 3053 2752 3124 τῆς
2795 3051 3010 3122 φύσεως
3049 3051 3249 3120 φλόγα’
3286 3051 3403 3114 πῶς
3442 3051 3720 3122 ἀνεγείρει

474 3155 724 3212 naturai;
759 3154 819 3200 ut
871 3143 1076 3198 excitet
1113 3143 1426 3198 incendium
1479 3142 1722 3206 amoris,
1775 3151 1831 3196 et
1869 3142 2037 3197 ﬁlium

2141 3147 2202 3216 τὸ
2228 3147 2466 3217 φίλτρον,
2496 3146 2592 3200 καὶ
2619 3144 2733 3199 υἱὸν
2757 3145 3036 3217 ἀγαπητὸν
3066 3144 3160 3198 καὶ
3203 3144 3462 3216 μονογενῆ
3493 3145 3678 3197 καλῶν
3699 3163 3714 3176 ο

475 3239 746 3295 dilectum.
765 3246 818 3291 et
847 3235 1184 3306 unigenitum
1231 3248 1479 3300 vocans;
1519 3241 1578 3287 ut
1623 3249 1718 3303 per
1769 3233 2037 3303 ejusmodi

2141 3238 2216 3301 ὼς
2241 3239 2306 3291 ἂν
2328 3237 2414 3290 διὰ
2435 3236 2549 3290 ,τῶν
2576 3235 2830 3289 τοιούτων
2849 3235 3123 3305 ὀνομάτων
3161 3233 3228 3287 τὸ
3245 3233 3461 3304 φίλτρον
3492 3234 3551 3288 τὸ
3577 3234 3722 3305 πρὸς

463 3329 696 3384 nomina
718 3325 1098 3382 eﬁ'ervesceret
1124 3337 1251 3393 erga
1299 3337 1422 3376 eum
1463 3322 1669 3376 amoris
1709 3322 1811 3377 vis.
1847 3321 1914 3375 Et
1948 3322 2042 3377 ubi

476 3432 756 3488 accepero,
797 3415 928 3484 quid
959 3414 1200 3469 faciam?
1227 3413 1374 3483 Olj‘er
1401 3414 1548 3478 mihi,
1587 3414 1782 3484 inquit.
1827 3414 1910 3486 An
1955 3428 2044 3468 sa-

476 3508 751 3564 cerdotem
776 3505 1112 3561 constituere
1137 3504 1319 3574 jubes,
1369 3520 1528 3574 quem
1553 3505 1749 3561 oﬁerre
1783 3506 2045 3576 prazcepi-

480 3597 597 3654 sti?
632 3597 750 3654 Non
801 3596 1162 3662 sacerdotem,
1214 3597 1310 3652 sed
1362 3598 1596 3653 hostiam
1639 3607 1695 3652 et
1744 3599 2044 3665 victimam,

479 3706 600 3763 quae
631 3705 726 3761 per
780 3687 1108 3746 sacriﬁcium
1160 3689 1270 3758 igni
1331 3697 1444 3744 tota
1503 3690 1844 3744 absumatur.
1899 3689 2044 3760 Olfer

478 3783 632 3846 mihi,
658 3781 864 3852 inquit,
898 3780 952 3834 in
1000 3779 1325 3848 sacriﬁcium
1377 3780 1676 3834 holocausti
1737 3782 1792 3834 in
1847 3792 2042 3844 monte,

477 3890 834 3947 quemcunque
859 3874 953 3926 tibi
983 3882 1365 3926 monstravero.
1393 3872 1680 3938 Quomodo
1704 3872 1878 3928 aﬁ'ecti
1910 3873 2045 3928 estis

478 3967 846 4022 narrationem
888 3964 1196 4025 audientes,
1227 3964 1541 4035 quicunque
1588 3974 1772 4035 patres
1809 3965 1944 4021 estis
1991 3974 2046 4020 et

479 4059 683 4113 amoris
714 4073 842 4127 erga
870 4056 1073 4110 liberos
1119 4054 1468 4110 aﬁ‘ectionem-
1513 4056 1582 4111 ab
1630 4065 1828 4110 natura
1881 4071 2044 4112 acce—

479 4159 624 4221 ptam
673 4148 938 4204 habetis?
985 4145 1174 4202 Nostis
1227 4145 1388 4217 plane
1443 4157 1502 4200 ut
1559 4148 1834 4218 accipiant
1886 4163 2050 4205 aures

479 4254 716 4316 paternae
761 4241 1029 4313 unigeniti
1061 4238 1157 4292 ﬁlii
1181 4239 1590 4294 mactationem.
1625 4238 1761 4305 Quis
1804 4255 1917 4294 non
1949 4241 2047 4294 ob-

483 4335 781 4405 stupuisset
826 4341 882 4390 et
919 4330 1186 4386 attonitus
1233 4329 1432 4396 fuisset
1487 4330 1554 4384 ad
1620 4331 1763 4386 hanc
1816 4331 2050 4386 vocem?

481 4427 615 4494 Quis
643 4441 805 4482 aures
839 4440 948 4479 non
977 4423 1267 4478 avertisset
1286 4421 1312 4474 ?
1334 4421 1470 4489 Quis
1499 4424 1553 4478 in
1579 4423 1740 4493 jusso
1766 4424 2046 4494 accipieno
2079 4411 2125 4466 υ

480 4522 552 4575 do
581 4520 763 4591 potius
791 4525 1076 4575 emortuus
1097 4533 1206 4574 non
1239 4524 1406 4584 esset,
1435 4532 1598 4587 quam
1633 4518 1689 4570 in
1724 4531 1820 4572 cor
1847 4517 2048 4571 admit-

437 4682 442 4686 _
479 4619 621 4667 teret
652 4609 997 4665 orationem?
1023 4611 1106 4663 An
1140 4624 1250 4664 non
1281 4609 1479 4664 merito
1528 4623 1592 4662 ac
1640 4608 1767 4678 jure
1809 4621 1934 4662 cum
1983 4623 2052 4663 eo

480 4698 920 4772 expostulasset,
972 4700 1146 4769 ipsam
1185 4708 1436 4754 naturam
1487 4713 1592 4770 pro
1648 4714 1710 4754 se
1758 4706 2047 4769 patronam

480 4809 762 4865 opponens
783 4833 797 4857 ,
827 4809 892 4849 ac
918 4793 1166 4859 dixisset,
1207 4791 1319 4847 Cur
1367 4793 1482 4848 haec
1515 4832 1531 4856 ,
1557 4791 1807 4857 Domine,
1833 4792 1996 4862 jubes
2020 4792 2046 4847 2

482 4888 759 4943 idcircone
796 4893 1004 4955 patrem
1036 4887 1237 4948 fecisti,
1276 4893 1335 4939 ut
1365 4885 1461 4938 ﬁlii
1508 4899 1886 4954 percussorem
1922 4884 2047 4939 red-

482 4979 686 5034 deres?
713 4977 988 5032 idcircone
1011 4991 1098 5031 me
1120 4976 1283 5045 hujus
1304 4975 1432 5030 doni
1456 4974 1802 5030 dulcedinem
1825 4982 2048 5043 gustare

482 5068 693 5134 fecisti,
743 5076 804 5122 ut
856 5066 1058 5122 mundo
1137 5062 1375 5120 fabulam
1429 5079 1516 5119 me
1569 5063 1854 5120 eﬁiceres?
1915 5061 2049 5119 Meis

484 5163 655 5232 ipsius
685 5160 936 5214 manibus
972 5159 1141 5213 ﬁlium
1173 5156 1489 5221 trucidabo,
1511 5165 1566 5211 et
1596 5167 1885 5226 cognatum
1919 5170 2050 5209 san-

485 5255 700 5322 guinem
741 5252 840 5306 tibi
871 5250 1098 5306 libabo?
1140 5248 1207 5301 Et
1257 5257 1315 5301 tu
1362 5247 1476 5301 hate
1503 5246 1686 5316 jubes,
1733 5255 1787 5302 et
1848 5247 2048 5300 talibus

486 5346 723 5400 victimis
751 5342 1085 5400 delectaris?
1126 5339 1454 5395 lnterﬁciam
1511 5339 1680 5392 lilium
1747 5357 1777 5393 a
1818 5353 1928 5409 quo
1964 5353 2050 5392 me

487 5438 758 5506 sepultum
806 5436 872 5489 iri
919 5434 1174 5504 speravi?
1232 5430 1585 5500 lzjnsmodine
1623 5431 1676 5486 ei
1729 5439 2048 5486 construam

485 5528 821 5584 thalamum?
848 5525 1106 5580 Talemuc
1137 5527 1185 5577 ei
1218 5524 1456 5576 Latitiam
1485 5522 1796 5592 nuptiarum
1840 5538 2050 5592 prarpa-

553 5709 598 5742 ’⁸
640 5707 775 5763 Gen.
820 5722 931 5773 xm,
963 5706 1015 5758 7.
1094 5707 1135 5737 ’⁷
1178 5703 1309 5758 Gen.
1351 5718 1483 5766 xxxi,
1518 5700 1549 5752 εὶ
1580 5715 1699 5768 sqq.

2144 3331 2302 3385 αὑτὸν
2325 3327 2656 3394 ἁναζέσειεν.
2687 3324 2816 3381 Εἶτα
2845 3326 3023 3380 λαϐὼν
3048 3327 3101 3380 τί
3129 3327 3336 3396 ποιήσω
3356 3343 3374 3391 ;'
3413 3326 3726 3396 Ἀνένεγκέ

2139 3441 2263 3493 μοι,
2298 3421 2450 3493 φησί.
2490 3422 2584 3492 Μὴ
2630 3421 2778 3492 ἱερέα
2822 3422 3158 3491 καταστῆσαι
3184 3419 3425 3481 κελεύεις
3453 3460 3467 3484 ,
3509 3419 3569 3470 δν
3616 3421 3718 3471 ἀν-

2144 3516 2388 3583 ενεγκεῖν
2419 3511 2790 3583 προσέταξαςς
2827 3511 2937 3580 Οὐχ
2968 3509 3134 3580 ἱερέα,
3167 3508 3303 3563 ἀλλὰ
3335 3507 3481 3578 θῦμα
3509 3507 3604 3560 καὶ
3643 3509 3724 3559 is-

2149 3608 2287 3678 ρεῖον
2334 3604 2426 3658 διὰ
2461 3603 2649 3667 θυσίας
2704 3601 3192 3673 ὁλοκαυτούμενον.
3245 3599 3557 3668 Ἀνέγεγκέ
3591 3616 3726 3668 μοι,

2147 3696 2332 3766 φησιν,
2352 3697 2439 3760 εις
2477 3693 2896 3762 όλοκάρπωσιν
2917 3691 3016 3744 ἐστὶ
3041 3690 3148 3744 τοῦ
3171 3689 3367 3758 ὅρους,
3395 3685 3464 3745 οὗ
3491 3689 3602 3741 ἐὰν
3619 3704 3726 3742 σοι

2146 3789 2342 3852 δείξω.
2370 3789 2435 3840 Τί
2467 3785 2766 3840 πεπόνθατε
2792 3783 3084 3845 ἀκούοντες
3104 3781 3196 3834 τοῦ
3222 3781 3574 3850 διηγήματος,
3604 3779 3726 3831 ὅσοι

2147 3881 2382 3952 πατέρες
2423 3879 2565 3944 ἐστὲ,
2602 3878 2695 3932 καὶ
2735 3879 2832 3947 τὴν
2880 3876 3016 3947 πρὸς
3061 3875 3186 3936 τοὺς
3237 3873 3432 3936 παῖδας
3486 3870 3726 3942 στοργὴν

2147 3972 2297 4044 παρὰ
2326 3972 2424 4042 τῆς
2455 3969 2668 4039 φύσεως
2709 3968 3020 4039 ἐδιδάχθητε
3045 3985 3061 4033 ;
3093 3965 3288 4020 Οἴδατε
3327 3965 3540 4026 πάντως
3571 3964 3734 4025 ὅπως

2146 4063 2360 4133 δέχεται
2392 4061 2598 4133 πατρὸς
2619 4060 2756 4131 ἀκοὴ
2795 4057 3112 4132 μονογενοῦς
3143 4058 3332 4110 τέκνου
3366 4057 3598 4126 σφαγήν.
3628 4055 3730 4108 Ti-

2147 4171 2236 4218 νος
2274 4153 2374 4207 οὑκ
2418 4147 2487 4223 ἦν
2532 4152 2947 4222 καταπλαγῆναι
2995 4151 3132 4222 πρὸς
3177 4151 3274 4221 τὴν
3319 4150 3534 4218 φωνήνς
3586 4148 3727 4200 ἀπο-

2150 4245 2376 4315 στρέψαι
2422 4245 2521 4314 τὴν
2565 4245 2773 4315 ἀκοήν;
2821 4238 3193 4300 ἐναποθανεῖνῖ
3215 4240 3293 4311 τῷ
3339 4239 3726 4311 προστάγματι

2152 4337 2348 4409 μᾶλλον
2371 4339 2404 4408 ἢ
2437 4340 2506 4409 τῇ
2533 4336 2731 4408 καρδίᾳ⁸
2758 4335 2848 4390 τὸν
2873 4335 3027 4404 λόγον
3056 4333 3311 4399 δέξασθαι
3333 4351 3347 4399 ;
3377 4331 3491 4386 Ούκ
3522 4330 3594 4384 ἂν
3619 4330 3729 4383 ἐδι-

2152 4425 2476 4497 καιολογήθη
2507 4425 2644 4495 πρὸς
2679 4424 2862 4487 αὑτὸν,
2910 4422 3078 4494 αὐτὴν
3105 4422 3202 4493 τὴν
3234 4422 3393 4491 φύσιν
3428 4423 3730 4490 συνήγορον

2148 4517 2343 4571 ἑαυτοῦ
2388 4517 2832 4588 προστησάμενος
2852 4556 2867 4581 ,
2909 4514 2975 4568 Τί
3012 4513 3187 4567 ταῦτα
3219 4511 3607 4584 προστάσσεις,
3637 4510 3732 4563 λέ-

2150 4627 2280 4678 γων,
2309 4602 2354 4661 ὦ
2378 4607 2582 4680 Κύριε;
2612 4607 2710 4660 Διά
2745 4606 2914 4660 τοῦτο
2934 4605 3142 4676 πατέρα
3167 4605 3449 4673 ἐποίησας,
3476 4602 3562 4655 ῖνα
3597 4618 3736 4654 παι-

2148 4699 2394 4754 δοκτόνον
2422 4697 2712 4770 ἀπεργάσῃ
2732 4713 2751 4762 ;.
2772 4697 2870 4750 Διὰ
2895 4695 3052 4750 τοῦτό
3085 4713 3152 4766 με
3170 4696 3270 4765 τῆς
3302 4693 3555 4762 γλυκείας
3584 4693 3727 4746 τικύ⁹

2148 4808 2248 4861 της
2289 4789 2516 4858 ἐγευσας
2542 4789 2768 4860 δωρεᾶς,
2799 4788 2888 4842 ἵνα
2913 4787 3080 4858 μῦθόν
3118 4803 3184 4857 με
3219 4786 3451 4857 ποιήσῃς
3480 4783 3557 4855 τῷ
3587 4785 3726 4854 βίῳ;

2152 4885 2285 4947 Ταῖς
2309 4883 2546 4952 ἐμαυτοῦ
2585 4883 2738 4953 χερσὶ
2778 4879 3109 4949 κατασφάξαι
3145 4879 3236 4932 τὸν
3276 4877 3436 4930 παῖδα
3456 4917 3470 4939 ,
3504 4878 3595 4929 καὶ
3629 4876 3730 4929 τοῦ

2155 4974 2449 5043 συγγενοῦς
2497 4975 2727 5045 αἵματος
2767 4974 2972 5027 σπείσω
3021 4989 3135 5035 σοις
3168 4971 3281 5023 Καὶ
3322 4971 3384 5022 σὺ
3420 4968 3587 5021 ταῦτα
3638 4985 3736 5020 κε-

2152 5067 2344 5130 λεύεις,
2377 5067 2471 5118 καὶ
2510 5064 2782 5127 τοιαύταις
2812 5063 3080 5134 ἐπιτέρπῃ
3112 5061 3354 5124 θυσίαις;
3398 5059 3740 5112 Ἀποκτεὶνω

2155 5159 2245 5213 τὸν
2283 5159 2414 5222 υἱὸν,
2455 5159 2544 5226 ὑφ’
2583 5153 2643 5212 οὗ
2678 5157 3013 5228 ταφήσεσθαι
3045 5153 3449 5225 προσεδόκησα;
3477 5151 3731 5204 Τοιοῦτον

2156 5250 2303 5321 αὐτῷ
2329 5250 2483 5321 πήξω
2518 5250 2606 5304 τὸν
2638 5249 2904 5320 θάλαμον;
2936 5247 3202 5316 Τοιαύτην
3227 5244 3374 5314 αὑτῷ
3406 5243 3502 5314 τὴν
3532 5245 3729 5312 εὐφρο-

2158 5341 2322 5410 σύνην
2353 5340 2754 5412 παρασκευάσω
2790 5338 2884 5392 τοῦ
2918 5339 3132 5408 γάμου;
3167 5337 3277 5388 Καὶ
3305 5335 3426 5404 ἆψω
3465 5333 3549 5387 ἐπ’
3579 5333 3732 5402 αὑτῷ

2153 5433 2272 5501 οὐχὶ
2294 5431 2548 5502 λαμπάδα
2579 5431 2843 5502 γαμήλιον
2864 5471 2878 5494 ,
2919 5429 3054 5482 ἀλλὰ
3094 5425 3202 5498 πῦρ
3235 5427 3554 5494 ἐπιτάφιον;
3590 5425 3731 5477 υὺκ-

2154 5524 2246 5577 οὖν
2293 5523 2383 5576 ἐπὶ
2432 5521 2639 5586 τούτοις
2674 5523 2766 5576 καὶ
2811 5519 3252 5590 στεφανώσομαι;
3292 5516 3478 5580 Οὕτως
3541 5516 3734 5585 ἑσομαι
