3842 6410
88 299 191 358 569

1010 308 1098 366 DE
1122 310 1421 367 DEITATE
1461 311 1630 367 FlLll.
1645 312 1734 368 ΕΤ
1779 314 2104 375 ειηιιιτυε
2144 316 2411 374 SANGTI.

3231 321 3335 375 570

86 419 270 492 πατὴρ
305 421 500 490 ἐθνῶν,
539 425 570 479 6
606 426 739 497 μηδὲ
771 427 957 492 παιδὸς
996 430 1479 502 συγχωρούμενος;’
1512 426 1649 503 Ἀρά

1761 435 1932 491 rabo?
1967 434 2031 490 Et
2064 436 2183 504 ejus
2222 438 2445 492 nomine
2478 438 2781 493 accendam
2832 455 2943 493 non
2980 439 3173 495 taedam
3230 450 3334 494 n‘u-

83 531 126 565 τι
169 510 418 568 τοιοῦτον
463 510 616 569 εἶπεν
647 519 676 569 6
700 518 970 589 Ἀϐραὰμ,
1003 520 1036 591 ἢ
1088 522 1398 590 ὲνενόησεν;
1446 521 1655 593 Οὔμεν-

28 662 29 667 η
84 623 186 659 ουν.
234 606 378 661 Ἀλλ’
408 608 593 681 ἐπειδὴ
624 610 716 663 τὸν
747 613 947 666 σκοπὸν
980 610 1084 666 εἶδε
1114 615 1205 667 τοῦ
1264 616 1665 688 ἐπιτάγματος,

84 696 210 764 πρὸς
240 698 341 769 τὴν
370 698 522 753 θείαν
545 702 850 772 ἀναϐλέψας
880 705 1119 776 ἀγάπην,
1151 706 1311 770 εὐθὺς
1364 707 1463 779 τὴν
1496 709 1669 777 φύσιν-

84 790 367 858 ἡγνόησεν,
396 793 491 846 καὶ
515 790 626 847 οἷόν
648 812 699 849 τι
727 796 926 863 γεῶδες
953 797 1115 868 ἄχθος
1143 799 1239 862 τὰς
1267 801 1534 870 ἐμπαθεῖς
1558 801 1665 870 τῆς

83 880 293 947 φύσεως
322 883 594 948 διαθέσεις
622 887 1028 957 ἀποδυσάμενος
1046 931 1060 954 ,
1095 889 1213 944 ὅλον
1240 890 1438 944 ἔδωκεν
1463 892 1656 946 ἑαυτὸν

82 970 152 1038 τῷ
197 970 342 1041 Θεῷ,
399 974 493 1026 καὶ
531 973 625 1027 τοῦ
674 978 1091 1048 προστάγματος
1133 976 1233 1051 ἦν’
1276 981 1371 1034 καὶ
1421 980 1547 1035 οὔτε
1588 987 1663 1056 τῇ·

84 1067 287 1134 γαμετῇ
323 1067 453 1135 περὶ
484 1068 675 1120 τούτου
718 1068 1140 1138 ἀνεκοινώσατο,
1188 1071 1368 1135 καλῶς
1396 1089 1458 1140 γε
1487 1074 1659 1126 ποιῶν

84 1152 171 1205 καὶ
217 1152 519 1220 λυσιτελῶς
559 1158 756 1229 ἐαυτῷ,
798 1159 1172 1225 ἀναξιόπιστον
1224 1165 1305 1227 είς
1351 1165 1657 1236 συμϐουλὴν

85 1244 267 1315 κρίνας
299 1247 365 1300 τὸ
396 1247 550 1318 θῆλυ.
584 1250 719 1304 Οὐδὲ
748 1252 858 1322 γάρ
892 1252 968 1322 τῷ
1016 1254 1185 1325 Ἀεδάμ
1228 1258 1529 1327 συνήνεγκε
1557 1257 1657 1329 τὴν

85 1336 393 1409 συμϐουλὴν
428 1339 706 1413 δεξαμένῳ
730 1343 830 1413 τῆς
857 1342 1021 1408 Εὔας.
1055 1345 1154 1399 Διὰ
1185 1348 1342 1401 τοῦτο
1365 1349 1441 1412 ὡς
1487 1348 1552 1402 ἂν
1581 1350 1654 1420 μὴ

84 1427 220 1497 πάθῃ
253 1446 309 1481 τι
348 1434 653 1497 γυναικεῖον
687 1432 782 1486 καὶ.
827 1435 1079 1507 μητρῷον
1128 1440 1161 1507 ἠ
1198 1439 1405 1510 Σάρρα,
1454 1440 1547 1492 καὶ
1595 1439 1657 1492 τὸ

83 1518 307 1589 σφοδρόν
333 1538 393 1573 τε
426 1523 520 1575 καὶ
546 1524 846 1594 ἀκραιφνὲς
874 1527 973 1597 τῆς
1001 1528 1141 1598 πρὸς.
1160 1530 1259 1599 τὸν
1277 1530 1408 1583 Θεὸν
1437 1531 1661 1601 ἀγάπης

79 1608 165 1661 τοῦ
233 1611 489 1684 Ἀϐραάμ
535 1615 912 1685 ἐπικλάσειεν,
964 1619 1146 1674 λαθεῖν
1192 1621 1515 1693 ἐπετήδευσε
1559 1626 1656 1696 τὴν

78 1701 363 1771 όμόζυγον.
394 1706 549 1759 Πόσα
582 1706 692 1779 γὰρ
824 1711 1004 1775 εἰκὸς,
1052 1713 1106 1766 εἴ
1146 1732 1197 1767 τι
1235 1715 1474 1769 τοιοῦτον
1516 1718 1656 1786 ἔγνω

28 1866 29 1871 η
77 1791 379 1862 γινόμενον,
408 1795 440 1865 ἢ
472 1796 667 1868 δράσαι
694 1800 793 1870 τὴν
822 1800 1058 1872 Σάρραν,
1086 1803 1118 1872 ἢ
1152 1803 1287 1873 πρὸς
1327 1804 1495 1857 αὑτὸν
1519 1805 1654 1857 ἀπο-

77 1880 369 1950 δύρασθαις
395 1880 484 1938 οἷα
512 1885 557 1940 δ’
588 1887 657 1940 ἂν
688 1887 854 1941 ἔπαθε
882 1890 1234 1961 περιχυθεῖσα
1261 1890 1338 1962 τῷ
1368 1893 1521 1946 παιδὶ
1558 1894 1653 1947 καὶ

76 1976 195 2036 ταῖς
251 1975 523 2043 ἀγκάλαις
570 1975 975 2050 ἐμπλεξαμένη,
1031 1983 1079 2035 εί
1129 1983 1264 2053 πρὸς
1302 1983 1398 2055 τὴν
1437 1986 1650 2057 σφαγὴν

76 2063 299 2118 ἐσλεπεν
337 2068 500 2121 αὑτὸν
549 2070 738 2139 βιαίως
784 2072 1105 2143 ὲλκόμενον;
1139 2076 1269 2140 οἵοις
1298 2076 1343 2130 δ’
1382 2078 1449 2131 ἂν
1484 2079 1651 2151 ἐχρή-

78 2172 198 2209 σατι
229 2158 444 2227 λόγοις.;
469 2162 656 2215 Φεῖσαι
682 2163 782 2233 τῆς
808 2163 1051 2233 φύσεως,
1080 2166 1211 2237 ἄνερ
1232 2207 1247 2230 ,
1287 2168 1362 2239 μὴ
1390 2170 1519 2241 γένῃ
1552 2189 1653 2224 πο-

74 2251 233 2321 νηρὸν
273 2252 369 2305 τοῦ
400 2252 516 2323 βίου
549 2256 795 2326 διήγημα
815 2273 828 2287 ⁸
865 2261 1160 2331 μονογενής
1203 2278 1291 2331 μοι
1320 2265 1348 2316 6
1376 2264 1531 2328 τόκος
1556 2259 1649 2319 οὗ·

72 2359 178 2408 τος,
219 2345 514 2417 μονογενὴς
540 2348 599 2400 ὲν
639 2347 823 2403 ὠδῖσιν
849 2350 878 2402 6
921 2351 1138 2416 Ἰσαὰκ,
1164 2354 1223 2406 ὲν
1263 2355 1529 2423 ἀγκάλαις
1560 2357 1649 2427 μό-

74 2452 154 2498 νος
177 2452 193 2465 ·
234 2433 395 2500 οὗτός
424 2456 513 2509 μοι
540 2440 698 2504 τόκος
726 2442 819 2495 καὶ
855 2442 1071 2514 πρῶτος
1099 2444 1194 2499 καὶ
1235 2444 1477 2512 ὕστατος.
1514 2449 1647 2503 Τίνα

76 2526 212 2596 μετὰ
251 2528 443 2583 τοῦτον
494 2533 587 2584 ἐπὶ
617 2532 895 2605 τραπέζης
927 2534 1202 2606 ὀψόμεθας
1253 2538 1347 2601 Τίς
1390 2544 1649 2611 προσερεῖ

75 2636 159 2687 μοι
190 2620 292 2691 τὴν
320 2621 574 2691 γλυκεῖαν
606 2626 788 2694 φωνήν
815 2644 828 2690 ;
868 2626 964 2689 Τίς
992 2628 1246 2697 ὀνομάσει
1276 2630 1520 2702 μητέρας
1551 2633 1646 2696 Τίς

74 2709 399 2780 θεραπεύσει
436 2713 497 2767 τὸ
534 2715 744 2785 γῆρας;
787 2718 882 2780 Τίς
920 2719 1227 2788 περιστελεῖ
1264 2723 1399 2791 μετὰ
1432 2722 1525 2776 τὸν
1553 2723 1648 2776 θά-

72 2820 260 2868 vacas;
305 2804 405 2867 Τίς
446 2805 708 2875 ὲπιχώσει
747 2807 916 2875 τάφον
958 2808 1034 2879 τῷ
1077 2808 1289 2879 σώματι
1313 2828 1328 2876 ;
1377 2812 1539 2882 Ὁρᾷς
1584 2813 1645 2866 τὸ

73 2896 229 2960 ἄνθος
253 2896 350 2950 τοῦ
381 2896 524 2964 νέου,
565 2898 593 2951 ὃ
635 2900 726 2953 καὶ
758 2902 815 2951 ἐν
844 2900 1025 2972 ἐχθρῷ
1049 2920 1133 2966 τις
1169 2903 1399 2973 βλέπων,
1426 2906 1645 2970 πάντως

72 2989 131 3041 ἂν
175 2988 279 3059 τήν
320 2988 470 3059 ὥραν
505 2990 755 3061 ἠλέησεν.
802 2986 967 3056 Οὗτος
1002 2994 1100 3063 τῆς
1148 2998 1360 3066 μακρᾶς
1413 2998 1580 3068 εὐχῆς
1616 3002 1644 3052 ὁ

71 3080 301 3151 καρπὸς,
329 3076 484 3144 οὗτος
522 3082 622 3152 τῆς
665 3083 913 3155 διαδοχῆς
942 3086 970 3138 6
999 3085 1213 3150 κλάδος,
1238 3079 1393 3151 οὗτος
1418 3089 1510 3142 τοῦ
1548 3090 1641 3159 γέ-

70 3189 191 3234 νους
224 3172 287 3225 τὸ
323 3172 593 3241 λείψανον,
631 3168 784 3237 οὗτος
827 3176 859 3245 ἡ
906 3175 1176 3248 βακτηρία
1212 3179 1305 3232 τοῦ
1344 3180 1549 3251 γήρως.
1584 3183 1646 3234 Εἰ

70 3260 204 3313 κατὰ
232 3260 426 3313 τούτου
454 3262 638 3332 φέρεις
670 3263 731 3315 τὸ
766 3262 939 3331 ξίφος,
979 3264 1180 3335 ταύτην
1205 3284 1294 3336 μοι
1319 3268 1407 3331 δὸς
1435 3272 1500 3339 τῇ
1537 3269 1647 3322 δει-

70 3350 187 3422 λαίᾳ
220 3352 325 3420 τὴν
348 3351 509 3421 χάριν
529 3369 543 3382 ·
568 3355 689 3406 κατ’
715 3352 846 3423 ἐμοῦ
874 3355 1088 3423 πρῶτον
1127 3357 1325 3427 χρῆσαι
1364 3356 1443 3427 τῷ
1482 3358 1645 3426 ξίφει,

69 3445 157 3496 καὶ
188 3443 316 3497 τότε
358 3444 584 3515 ποίησον
621 3446 685 3499 τὸ
711 3446 901 3501 δοκοῦν
929 3448 1021 3499 ἐπὶ
1060 3447 1249 3500 τούτου
1271 3466 1284 3479 ·
1316 3448 1495 3502 κοινὸν
1539 3452 1649 3521 άμ-

69 3536 309 3605 φοτέρων
333 3535 476 3589 ἔστω
499 3536 560 3590 τὸ
591 3537 770 3607 χῶμα,
806 3538 959 3608 κοινὴ
988 3538 1134 3600 κόνις
1163 3539 1551 3607 ὲπικαλυψάτω
1578 3542 1647 3595 τὰ

70 3628 332 3697 σώματα,
368 3628 520 3699 κοινὴ
563 3628 733 3701 στήλη
778 3628 1068 3699 διηγείσθω
1110 3627 1178 3681 τὰ
1213 3628 1395 3698 πάθηο
1438 3631 1515 3701 μὴ
1564 3630 1648 3704 ἴδῃ

68 3721 283 3791 Σάρρας
319 3720 351 3772 6
383 3718 659 3789 ὀφθαλμὸς
706 3720 845 3791 μήτε
887 3718 1137 3790 Ἀϐραὰμ
1175 3719 1643 3789 πωδοκτονοῦντα,

68 3815 201 3883 μήτε
247 3812 434 3866 Ἰσαὰκ
461 3812 617 3883 χερσὶ
647 3811 928 3883 πατρῴαις
962 3812 1502 3884 παιδοκτονούμενον.

1759 526 1998 597 ptialem,
2038 526 2133 582 sed
2168 542 2358 596 rogum
2408 530 2815 596 sepulcraleut?
2854 529 2999 597 Ergo
3046 546 3213 600 super
3250 532 3337 586 his

1756 617 1917 673 etiam
1966 618 2318 673 coronahor?
2348 616 2497 673 Itane
2546 634 2642 673 ero
2688 629 2844 690 pater
2889 623 3132 690 gentium
3166 662 3179 686 ,
3245 622 3335 676 cui

1757 724 1931 775 neque
1967 708 2059 763 filii
2090 710 2251 764 unius
2285 724 2407 764 esse
2433 718 2988 778 patremlconccssum
3021 712 3135 768 sit?
3162 713 3324 767 Nun-

1756 800 1887 867 quid
1912 799 2193 869 ejusmodi.
2212 801 2411 869 quippe
2435 800 2711 857 Abraham
2742 803 2887 856 dixit.
2903 814 2996 858 aut
3025 805 3331 875 cogitavit?

1756 884 1900 939 Nihil
1956 887 2159 943 minus.
2212 887 2320 942 Sed
2372 888 2467 944 ubi
2514 904 2626 958 quo
2668 901 2997 961 praeceptum
3058 903 3339 964 spectaret

1758 977 2157 1043 animadvertit,
2203 978 2296 1034 Dei
2339 981 2647 1051 respiciens
2704 982 3075 1048 dilectionem,
3140 988 3337 1040 statim:

1758 1077 1965 1124 natura-
1990 1071 2196 1126 oblitus
2237 1081 2341 1140 est,
2377 1080 2433 1128 et
2473 1083 2732 1144 tanquam
2782 1084 3058 1131 terrenum
3113 1080 3333 1147 pondus

1755 1162 1984 1218 vitiosos
2016 1172 2226 1218 naturae
2246 1166 2533 1221 excutiens
2565 1176 2623 1222 et
2643 1182 2853 1222 exuens
2883 1167 3129 1231 affectus,
3151 1178 3329 1224 totum

1756 1251 1869 1308 Deo
1917 1270 2039 1310 sese
2075 1256 2345 1325 permisit,
2383 1266 2437 1311 et
2466 1252 2517 1311 id
2566 1257 2710 1328 quod
2746 1258 3042 1327 jubebatur
3093 1261 3322 1331 exsequi

1756 1347 2125 1415 parabat:ac
2176 1364 2244 1402 ne
2295 1363 2420 1402 cum
2483 1365 2654 1404 uxore
2707 1349 2929 1419 quidem
2985 1351 3086 1406 bac
3152 1352 3220 1405 de
3270 1367 3330 1406 re

1756 1437 2199 1503 communicavit,
2232 1449 2382 1494 recte
2412 1455 2543 1495 sane
2590 1441 2807 1511 sibique
2841 1442 3049 1497 utiliter
3084 1442 3315 1504 faciens,

1756 1529 1849 1600 qui
1895 1529 2159 1585 feminam
2212 1546 2318 1585 non
2378 1531 2630 1586 idoneam
2684 1533 2991 1602 judicaret,
3038 1549 3199 1602 quam
3267 1533 3327 1588 in

1756 1623 2045 1678 consilium
2072 1623 2376 1680 adhiberet.
2436 1623 2571 1678 Nam
2602 1640 2705 1680 nec
2736 1625 2950 1681 Adamn
2998 1627 3132 1681 utile
3162 1635 3331 1698 atque

1758 1711 2104 1768 conducibile
2134 1711 2265 1776 fuit,
2308 1713 2455 1782 quod
2481 1714 2771 1769 consilium
2807 1713 2929 1769 Eva:
2968 1725 3191 1770 secutus
3219 1723 3323 1771 est.

1688 1772 2125 1870 B‘Quamohrem
2168 1772 2261 1858 ne-
2291 1772 2424 1874 quid
2465 1802 2598 1859 Sara
2627 1805 2968 1860 muliebrium
3018 1817 3179 1875 atque
3212 1821 3328 1860 ma-

1756 1907 2038 1954 ternorum
2094 1897 2392 1961 alTectuurn
2454 1896 2784 1969 impulsione
2830 1900 3221 1963 committeret,
3272 1910 3335 1954 et

1754 1990 1982 2044 sincera:
2009 1988 2274 2044 adversus
2302 1990 2468 2049 Deum
2499 1990 2810 2046 dilectionis
2832 1991 3131 2046 Abrahami
3160 1991 3327 2046 vehe-

1755 2083 2013 2138 mentiam
2045 2081 2387 2152 infringeret,
2418 2083 2707 2154 coniugem
2743 2098 2901 2138 suam
2933 2084 3117 2137 studio
3171 2082 3326 2137 fefel-

1754 2175 1836 2239 lit,
1876 2184 1934 2229 ut
1963 2190 2024 2230 ea
2067 2175 2213 2245 quod
2244 2175 2505 2247 agebatur
2550 2174 2845 2244 ignoraret.
2906 2174 3041 2229 Nam
3094 2176 3140 2230 si
3192 2176 3323 2245 quid

1753 2271 1861 2324 tale
1890 2268 1974 2338 agi
2012 2266 2555 2332 Sarrarescivisset,
2595 2282 2759 2336 quam
2802 2267 2973 2320 multa
3034 2266 3339 2321 verisimile

1752 2367 1837 2415 est
1862 2374 1980 2414 eam
2018 2359 2109 2414 vel-
2147 2359 2438 2424 facturam,
2481 2359 2569 2414 vel
2605 2358 2747 2427 apud
2793 2358 2946 2413 illum
2994 2368 3332 2427 conquestu-

1752 2464 1868 2503 ram
1908 2464 1971 2503 ac
2008 2448 2414 2518 deploraturam
2449 2446 2667 2503 fuisse?
2706 2446 2880 2512 Quam
2911 2461 3044 2500 vero
3095 2446 3330 2501 misera-

1752 2538 1959 2593 bilibus
1984 2538 2274 2592 affectibus
2300 2536 2635 2592 circumfusa
2652 2536 2760 2589 filio
2778 2545 2945 2605 atque
2978 2535 3126 2589 ulnis
3148 2534 3331 2603 impli-

1751 2628 1857 2681 cita
1898 2625 2114 2689 fuisset,
2140 2627 2186 2680 si
2209 2641 2331 2680 eum
2358 2626 2626 2680 violenter
2666 2625 2807 2678 trahi
2829 2624 2897 2678 ad
2938 2638 3127 2677 necem
3157 2623 3333 2677 anim-

1752 2718 2118 2773 advertisset?
2150 2717 2358 2782 Quibus
2404 2716 2531 2772 item
2580 2728 2680 2770 usa
2728 2716 2909 2769 verbis
2959 2716 3151 2770 esset?
3194 2713 3331 2768 Par-

1750 2821 1812 2860 ce
1841 2817 2068 2868 naturai,
2095 2819 2129 2858 ο
2165 2807 2270 2869 vir,
2314 2820 2383 2859 ne
2414 2819 2578 2874 prava
2626 2804 2694 2858 de
2728 2813 2783 2857 te
2819 2802 3078 2857 narrandi
3114 2804 3323 2858 mundo

1750 2900 1993 2967 przebeas
2011 2898 2400 2952 occasionem:
2449 2897 2646 2951 unicus
2675 2896 2763 2950 hic
2804 2896 2936 2949 mihi
2982 2904 3174 2965 partus
3217 2905 3325 2960 est,

1752 2990 1946 3042 imicus
1972 2988 2027 3040 in
2058 2986 2322 3056 pariendo
2354 2985 2529 3050 Isaac,
2563 2987 2619 3039 in
2647 2986 2795 3041 ulnis
2825 2987 2975 3041 solus
3003 3005 3016 3041 :
3058 2986 3147 3041 hic
3195 2989 3329 3043 mihi

1752 3086 1939 3148 partus
1963 3088 2017 3133 et
2060 3079 2269 3149 primus
2306 3087 2363 3133 et
2403 3087 2735 3147 postremus.
2787 3078 2962 3145 Quem
2997 3086 3120 3148 post
3180 3081 3328 3135 bunc

1749 3172 1803 3225 iu
1848 3185 2036 3225 mensa
2064 3170 2513 3240 conspiciemus?
2548 3170 2682 3236 Quis
2733 3186 2819 3224 me
2874 3170 3023 3224 dulei
3064 3170 3155 3223 illa
3197 3188 3331 3227 voce

1748 3262 2083 3331 appellabit?
2134 3260 2271 3327 Quis
2304 3269 2534 3316 matrem
2601 3262 2944 3316 nominabit?
3012 3262 3146 3329 Quis
3189 3263 3329 3318 colet

1748 3362 1912 3424 atque
1942 3354 2159 3409 curabit
2188 3353 2569 3409 senectutem?
2596 3353 2731 3419 Quis
2769 3362 3040 3408 mortuam
3078 3356 3332 3410 obvolvet

1748 3447 1815 3500 ad
1866 3444 2240 3517 sepulturam?
2294 3443 2428 3510 Quis
2470 3447 2690 3515 corpori
2745 3446 2909 3501 addet
2975 3448 3331 3516 sepulcrum?

1748 3537 1917 3594 Vides
1941 3538 2126 3594 ﬂorem
2162 3537 2407 3606 juvenis,
2437 3554 2599 3608 quem
2634 3541 2676 3593 si
2712 3540 2841 3609 quis
2886 3540 2941 3593 in
2982 3540 3205 3594 inimico
3251 3542 3331 3592 vi-

1753 3632 1943 3701 deret‘,
1990 3630 2417 3701 pulchritudinis
2488 3631 2718 3685 omnino
2799 3629 3173 3685 misereretur.
3235 3630 3331 3684 llic

1753 3725 2043 3795 longarum
2074 3738 2298 3794 precum
2335 3723 2572 3787 fructus,
2614 3723 2702 3776 hic
2741 3738 2929 3777 ramus
2959 3732 3041 3777 est
3100 3739 3329 3777 succes-

1755 3815 1948 3881 sionis,
1976 3815 2058 3869 ba:
2099 3818 2315 3886 generis
2360 3826 2493 3870 sunt
2542 3815 2809 3882 reliquiae.
2842 3815 2930 3870 hic
2974 3816 3198 3868 baculus
3248 3826 3331 3869 est

66 3905 388 3961 senectutis.
422 3904 481 3960 Si
511 3905 566 3959 in
599 3904 746 3959 hunc
766 3904 1011 3974 gladium
1043 3904 1175 3973 fers,
1206 3906 1347 3961 hanc
1376 3906 1507 3960 mihi
1537 3905 1751 3961 misera:
1826 3907 2039 3962 veniam
2090 3908 2180 3973 da,
2249 3908 2305 3961 in
2379 3922 2466 3963 me
2534 3907 2767 3977 primum
2818 3915 2970 3962 utere
3016 3908 3229 3977 gladio,
3276 3922 3341 3979 ες

69 4009 193 4054 tunc
232 4000 323 4054 fac
353 3999 502 4070 quod
529 3998 748 4055 videtur
782 3999 837 4053 in
862 4000 999 4055 hoc:
1029 4002 1339 4070 communis
1386 4002 1671 4057 amborum
1707 4004 1951 4058 tumulus
1988 4010 2129 4069 esto,
2185 4004 2494 4058 communis
2535 4010 2790 4069 contegat
2850 4019 3084 4073 corpora
3130 4005 3329 4082 pulvis,

66 4091 375 4147 communis
435 4090 630 4147 titulus
687 4092 973 4161 utriusque
1025 4091 1235 4147 cladem
1280 4092 1510 4163 prodat,
1564 4109 1632 4148 ne
1672 4093 1849 4148 videat
1877 4094 2074 4150 oculus
2104 4092 2414 4149 Sarrteuec

2488 4093 2862 4149 Abrahamum
2917 4095 3090 4149 lilium
3161 4112 3336 4151 suum

68 4184 396 4243 interficere.
454 4198 555 4239 nec
586 4182 833 4240 Isaacum
881 4186 1052 4238 lilium
1093 4185 1349 4241 manibus
1396 4186 1642 4254 paternis
1682 4186 1976 4241 trucidari.

133 4277 321 4331 Ταῦτα
346 4276 562 4337 πάντως
593 4275 660 4328 ἂν
692 4276 787 4329 καὶ
814 4276 882 4328 τά
914 4276 1140 4329 τοιαῦτα
1171 4277 1327 4347 παρὰ
1360 4278 1458 4347 τῆς
1500 4278 1644 4346 Σάρ-

72 4374 165 4439 ρας
192 4368 415 4436 ἐγένετο
438 4365 517 4436 τῷ
550 4365 799 4437 Ἀδραὰμ
826 4366 892 4420 τὰ
921 4368 1161 4437 ῥήματα,
1189 4368 1348 4438 εἴπερ
1373 4367 1482 4420 τῶν
1508 4386 1648 4436 γινο-

1824 4276 1921 4333 llis
1950 4292 2178 4346 prorsus
2212 4285 2265 4331 et
2294 4275 2566 4345 ejusmodi
2604 4275 2791 4330 verbis
2847 4274 3014 4330 Sarra
3059 4276 3335 4335 adversus

1752 4369 2125 4423 Abrahamum
2160 4384 2259 4423 usa
2297 4367 2511 4433 fuisset,
2545 4367 2590 4423 si
2626 4366 2847 4437 quidem
2880 4366 3025 4437 quod
3060 4371 3330 4439 agebatur

72 4463 241 4531 μένων
269 4458 594 4532 προῄσθετο.
642 4458 783 4511 Ἀλλ’
817 4459 891 4523 ὡς
925 4460 991 4512 ἂν
1022 4459 1190 4530 μηδὲν
1226 4460 1481 4529 ὲμπόδιιθν
1512 4461 1649 4531 πρὸς

1754 4460 2158 4529 praesensisset.
2207 4458 2316 4513 Sed
2348 4475 2417 4513 ne
2473 4458 2606 4529 quid
2646 4472 2759 4513 rem
2800 4473 2963 4528 quam
2997 4462 3191 4529 agebat
3222 4462 3329 4515 im-

66 4554 161 4621 τὴν
186 4550 506 4622 ἐγχείρησιν
528 4551 752 4619 γένοιτο,
776 4550 883 4621 ὄνῳ
900 4550 998 4614 τὰς
1020 4551 1277 4621 σχίδακας
1303 4550 1530 4615 ἐπιθεὶς,
1556 4554 1648 4606 καί

66 4660 212 4707 τινας
256 4642 371 4695 τῶν
399 4640 606 4694 παίδων
638 4641 996 4711 ἐπαγόμενος,
1034 4642 1153 4705 ὅλος
1197 4640 1288 4695 τοῦ
1321 4642 1464 4695 θείου
1497 4642 1650 4713 θελή-

72 4754 232 4804 ματος
259 4731 331 4806 ἢν
359 4751 373 4765 ’
418 4729 536 4787 εἶτα
563 4732 875 4787 καταλιπὼν
899 4734 1025 4797 τοὺς
1050 4733 1264 4797 παῖδας,
1295 4733 1369 4796 ὡς
1396 4734 1461 4787 ἂν
1494 4737 1567 4804 μή
1594 4752 1647 4788 τι

68 4827 451 4897 ἀγεννέστερον
481 4825 575 4879 καὶ
603 4825 1005 4897 ἀνδραποδῶδες
1031 4827 1225 4878 ἐκεῖνοι
1255 4825 1644 4894 βουλεύσοιντο,

68 4920 408 4981 κωλύσαντες
453 4917 545 4971 τοῦ
580 4917 767 4977 παιδὸς
797 4917 894 4989 τὴν
924 4916 1232 4989 ἱερουργίαν
1255 4957 1270 4979 ,
1343 4918 1502 4987 μόνον
1545 4921 1646 4971 ὲπ-

68 5010 255 5075 άγεται
280 5008 374 5062 τὸν
410 5007 542 5067 υἱὸν,
578 5007 777 5070 ἱκανῶς
819 5008 920 5079 ἤδη
972 5008 1110 5079 πρὸς
1145 5006 1213 5059 τὰ
1242 5006 1515 5079 βαρύτερα
1538 5008 1647 5060 τῶν

72 5118 240 5167 ets-{tos
265 5100 363 5169 ὑφ’
386 5100 601 5170 ἡλικίας
630 5099 1027 5170 άνδριζόμενον.
1053 5100 1370 5165 Μετατάξας
1401 5102 1509 5171 γὰρ
1534 5100 1644 5153 ἀπὸ

68 5194 164 5263 τῆς
193 5193 319 5247 δνου
369 5195 460 5245 ἐπὶ
490 5194 582 5247 τὸν
612 5195 773 5248 παῖδα
811 5195 871 5246 τὸ
902 5194 1063 5265 ἄχθος
1086 5235 1100 5259 ,
1155 5196 1359 5247 ἐκεῖνον
1392 5194 1645 5263 ὑπήγαγε

68 5286 145 5355 τῷ
171 5287 359 5355 φόρτῳ
407 5285 517 5337 τῶν
549 5284 740 5348 ξύλων.
785 5286 954 5338 Πάλιν
986 5286 1270 5356 δριμύσσει
1306 5286 1371 5338 τὰ
1415 5286 1507 5337 τοῦ
1544 5304 1648 5339 πα-

66 5376 189 5446 τρὸς
218 5377 509 5445 σπλάγχνα
541 5378 572 5446 ἡ
610 5378 760 5447 φωνὴ
788 5377 880 5430 τοῦ
909 5377 1095 5440 παιδός
1118 5394 1135 5408 ⁸
1166 5378 1321 5441 ἄλλος
1345 5368 1498 5443 οὗτος
1529 5396 1648 5431 πει-

72 5467 274 5536 ρασμὸς
330 5467 483 5520 οὐδὲν
537 5465 633 5519 τοῦ
696 5468 1055 5536 προλαϐόντος
1121 5468 1642 5541 φιλανθρωπότερος.

70 5560 461 5629 Προσκαλεῖται
490 5558 581 5612 τὸν
606 5561 816 5628 πατέρα
842 5561 869 5611 ὁ
909 5562 1091 5613 Ἰσαὰκ
1122 5565 1188 5631 τῇ
1215 5561 1441 5631 γλυκείᾳ.
1472 5564 1642 5633 ταύτῃ

66 5655 237 5732 φωνῇ,
268 5652 361 5705 καί
397 5668 547 5721 φησι,
580 5651 771 5719 Πάτερ
791 5692 804 5705 .
865 5652 922 5705 ’0
956 5653 1011 5705 δὲ
1041 5654 1101 5705 οὐ
1135 5653 1525 5720 καταπνίγεται
1556 5654 1647 5706 δά-

70 5762 226 5815 κρυσι
253 5787 266 5811 ,
324 5743 404 5815 τῷ
447 5745 641 5816 μικρὸν
690 5745 912 5818 ὕστερον
962 5746 1158 5817 μηκέτι
1192 5746 1516 5801 ἀκούσεσθαι
1548 5748 1644 5817 τῆς

1751 4553 1990 4622 pcdiret,
2047 4569 2171 4607 cum
2219 4552 2433 4607 asinum
2468 4551 2631 4621 lignis
2670 4560 2995 4617 ouerasset,
3023 4561 3079 4606 et
3133 4569 3329 4610 servos

1750 4645 1959 4713 aliquot
1996 4648 2411 4713 assumpsisset,
2453 4652 2601 4698 totus
2641 4642 2844 4696 divina:
2872 4644 3139 4698 voluntati
3173 4645 3351 4700 dedi-7

1748 4724 1837 4803 tus
1870 4744 1990 4791 erat
2026 4756 2038 4791 :
2075 4737 2271 4792 deinde
2302 4736 2506 4792 relictis
2540 4737 2744 4800 servis,
2782 4751 2852 4790 ne
2884 4737 3031 4806 quod
3090 4738 3166 4791 illi
3208 4754 3347 4793 ser-7

1746 4827 1838 4879 vili
1872 4843 1986 4883 sua:
2010 4826 2314 4882 conditioni
2344 4831 2679 4882 conveniens
2712 4828 2992 4883 sordidum
3026 4830 3321 4884 consilium

1749 4932 2026 4989 caperent,
2060 4920 2391 4989 prohibituri
2424 4918 2520 4972 ﬁlii
2565 4919 2993 4974 immolationem
3022 4958 3036 4982 ,
3064 4921 3241 4975 solum
3266 4921 3329 4973 li-

1750 5012 1887 5066 lium
1917 5028 2107 5067 secum
2134 5012 2306 5074 ducit,
2339 5011 2431 5082 qui
2463 5010 2574 5080 jam
2606 5021 2763 5066 aelate
2794 5012 2929 5069 satis
2971 5013 3162 5067 firmus
3208 5021 3329 5065 erat

1750 5104 1813 5157 ad
1842 5119 2004 5170 Opera
2038 5103 2289 5173 graviora
2322 5101 2627 5156 subeunda.
2667 5103 2750 5157 Ab
2778 5103 2933 5158 asina
2962 5104 3107 5157 enim
3161 5119 3327 5157 onere

1748 5194 1803 5247 in
1842 5193 2017 5248 ﬁlium
2047 5192 2353 5259 translato,
2384 5192 2535 5246 illum
2569 5192 2814 5247 humeris
2856 5193 3043 5247 subire
3087 5208 3228 5247 onus
3258 5192 3326 5244 li-

1749 5284 2016 5353 guorumj
2050 5282 2212 5337 ussit.
2261 5281 2475 5337 Rursus
2525 5283 2700 5352 patris
2744 5282 2953 5337 viscera
3001 5280 3093 5351 lilii
3131 5282 3322 5334 vulne-

1749 5386 1833 5431 rat
1860 5393 1962 5431 vox
1985 5395 1997 5430 :
2020 5378 2126 5431 alia
2164 5378 2279 5431 haec
2307 5386 2390 5431 est
2423 5376 2657 5431 tentatio
2694 5376 2868 5430 nihilo
2900 5374 3083 5428 mitior
3114 5376 3319 5444 priure.

1748 5471 1997 5540 Appellat
2015 5481 2225 5541 patrem
2256 5470 2409 5525 Isaac
2438 5469 2582 5524 dulci
2607 5470 2708 5523 hac
2739 5482 2873 5522 voce
2905 5476 2959 5523 et
2994 5470 3104 5530 ait,
3140 5467 3322 5521 Pater.

1750 5565 1818 5616 At
1866 5564 1956 5619 iile
1986 5579 2093 5617 non
2129 5562 2433 5618 sull'ocatur
2486 5562 2783 5633 lacrymis‘,
2843 5570 2903 5615 ut
2932 5562 3022 5631 qui
3060 5561 3329 5631 cogitaret

1754 5654 1867 5707 fore
1901 5662 1958 5706 ut
2012 5654 2173 5721 paulo
2189 5662 2312 5723 post
2344 5653 2503 5707 talem
2539 5666 2647 5705 non
2681 5650 2916 5720 amplius
2949 5666 3136 5705 vocem
3169 5650 3325 5703 audi-

1752 5756 1852 5817 rei,
1899 5760 2071 5817 neque
2101 5746 2340 5802 orationi
2376 5744 2707 5817 ingemiscit,
2750 5758 2853 5799 nec
2883 5743 3229 5800 lamentabile
3258 5758 3323 5798 ac
