  <div class='ocr_page' id='page_1' title='image "/cluster/home/n/w/nwhite01/storage/ocr_20150623/46/hvd.32044014713994/291.png"; bbox 0 0 3842 6398; ppageno 0'>
   <div class='ocr_carea' id='block_1_1' title="bbox 510 268 609 328">
    <p class='ocr_par' dir='ltr' id='par_1_1' title="bbox 510 268 609 328">
     <span class='ocr_line' id='line_1_1' title="bbox 510 268 609 328; baseline -0.02 -1"><span class='ocrx_word' id='word_1_1' title='bbox 510 268 609 328; x_wconf 71' lang='grc'><strong>571</strong></span> 
     </span>
    </p>
   </div>
   <div class='ocr_carea' id='block_1_2' title="bbox 1695 277 2452 340">
    <p class='ocr_par' dir='ltr' id='par_1_2' title="bbox 1695 277 2452 340">
     <span class='ocr_line' id='line_1_2' title="bbox 1695 277 2452 340; baseline 0.001 0"><span class='ocrx_word' id='word_1_2' title='bbox 1695 282 1753 340; x_wconf 94' lang='lat' dir='ltr'><strong>S.</strong></span> <span class='ocrx_word' id='word_1_3' title='bbox 1793 277 2119 338; x_wconf 76' lang='lat' dir='ltr'><strong>GREGORII</strong></span> <span class='ocrx_word' id='word_1_4' title='bbox 2157 277 2452 340; x_wconf 79' lang='lat' dir='ltr'><strong>NYSSENI</strong></span> 
     </span>
    </p>
   </div>
   <div class='ocr_carea' id='block_1_3' title="bbox 3653 289 3759 350">
    <p class='ocr_par' dir='ltr' id='par_1_3' title="bbox 3653 289 3759 350">
     <span class='ocr_line' id='line_1_3' title="bbox 3653 289 3759 350; baseline -0.019 0"><span class='ocrx_word' id='word_1_5' title='bbox 3653 289 3759 350; x_wconf 76' lang='lat'><strong>572</strong></span> 
     </span>
    </p>
   </div>
   <div class='ocr_carea' id='block_1_4' title="bbox 512 392 2062 484">
    <p class='ocr_par' dir='ltr' id='par_1_4' title="bbox 512 392 2062 470">
     <span class='ocr_line' id='line_1_4' title="bbox 512 392 2062 470; baseline 0.006 -25"><span class='ocrx_word' id='word_1_6' title='bbox 512 392 687 448; x_wconf 77' lang='lat' dir='ltr'><strong>ﬂebile</strong></span> <span class='ocrx_word' id='word_1_7' title='bbox 713 393 937 449; x_wconf 97' lang='lat' dir='ltr'><strong>verbum</strong></span> <span class='ocrx_word' id='word_1_8' title='bbox 971 396 1143 453; x_wconf 92' lang='lat' dir='ltr'><strong>ullum</strong></span> <span class='ocrx_word' id='word_1_9' title='bbox 1181 400 1406 470; x_wconf 80' lang='lat' dir='ltr'><strong>profert,</strong></span> <span class='ocrx_word' id='word_1_10' title='bbox 1442 403 1536 457; x_wconf 88' lang='lat' dir='ltr'><strong>sed</strong></span> <span class='ocrx_word' id='word_1_11' title='bbox 1567 403 1779 470; x_wconf 82' lang='lat' dir='ltr'><strong>sedato,</strong></span> <span class='ocrx_word' id='word_1_12' title='bbox 1806 410 2062 459; x_wconf 89' lang='lat' dir='ltr'><strong>constant</strong></span> 
     </span>
    </p>
   </div>
   <div class='ocr_carea' id='block_1_5' title="bbox 2165 392 3756 484">
    <p class='ocr_par' dir='ltr' id='par_1_5' title="bbox 2188 401 3756 484">
     <span class='ocr_line' id='line_1_5' title="bbox 2188 401 3756 484; baseline 0.005 -27"><span class='ocrx_word' id='word_1_13' title='bbox 2188 405 2440 476; x_wconf 72' lang='grc' dir='ltr'><strong>τοιαύτης</strong></span> <span class='ocrx_word' id='word_1_14' title='bbox 2471 407 2654 478; x_wconf 82' lang='grc' dir='ltr'><strong>φωνῆς</strong></span> <span class='ocrx_word' id='word_1_15' title='bbox 2700 409 2978 478; x_wconf 80' lang='grc' dir='ltr'>ἐννοήσας,</span> <span class='ocrx_word' id='word_1_16' title='bbox 3024 411 3133 464; x_wconf 78' lang='grc' dir='ltr'>οὐδ’</span> <span class='ocrx_word' id='word_1_17' title='bbox 3162 401 3461 481; x_wconf 80' lang='grc' dir='ltr'>ἐποιμὼζει</span> <span class='ocrx_word' id='word_1_18' title='bbox 3488 409 3566 482; x_wconf 82' lang='grc' dir='ltr'><strong>τῷ</strong></span> <span class='ocrx_word' id='word_1_19' title='bbox 3614 412 3756 484; x_wconf 81' lang='grc' dir='ltr'>λόγῳ</span> 
     </span>
    </p>
   </div>
   <div class='ocr_carea' id='block_1_6' title="bbox 509 490 2078 565">
    <p class='ocr_par' dir='ltr' id='par_1_6' title="bbox 509 490 2078 565">
     <span class='ocr_line' id='line_1_6' title="bbox 509 490 2078 565; baseline 0.006 -26"><span class='ocrx_word' id='word_1_20' title='bbox 509 497 678 554; x_wconf 76' lang='lat' dir='ltr'><strong>atque</strong></span> <span class='ocrx_word' id='word_1_21' title='bbox 721 490 1020 559; x_wconf 85' lang='lat' dir='ltr'><strong>tranquillo</strong></span> <span class='ocrx_word' id='word_1_22' title='bbox 1087 494 1270 549; x_wconf 87' lang='lat' dir='ltr'><strong>animo</strong></span> <span class='ocrx_word' id='word_1_23' title='bbox 1308 509 1433 550; x_wconf 88' lang='lat' dir='ltr'><strong>cum</strong></span> <span class='ocrx_word' id='word_1_24' title='bbox 1469 496 1564 550; x_wconf 91' lang='lat' dir='ltr'><strong>ﬁlii</strong></span> <span class='ocrx_word' id='word_1_25' title='bbox 1605 513 1788 551; x_wconf 89' lang='lat' dir='ltr'><strong>vocem</strong></span> <span class='ocrx_word' id='word_1_26' title='bbox 1841 498 2078 565; x_wconf 83' lang='lat' dir='ltr'><strong>accipit,</strong></span> 
     </span>
    </p>
   </div>
   <div class='ocr_carea' id='block_1_7' title="bbox 511 581 2078 654">
    <p class='ocr_par' dir='ltr' id='par_1_7' title="bbox 511 581 2078 654">
     <span class='ocr_line' id='line_1_7' title="bbox 511 581 2078 654; baseline 0.007 -26"><span class='ocrx_word' id='word_1_27' title='bbox 511 584 624 628; x_wconf 92' lang='lat' dir='ltr'><strong>tum</strong></span> <span class='ocrx_word' id='word_1_28' title='bbox 655 593 811 632; x_wconf 88' lang='lat' dir='ltr'><strong>suam</strong></span> <span class='ocrx_word' id='word_1_29' title='bbox 846 581 1080 638; x_wconf 83' lang='lat' dir='ltr'><strong>invicem</strong></span> <span class='ocrx_word' id='word_1_30' title='bbox 1117 587 1317 641; x_wconf 82' lang='lat' dir='ltr'><strong>reddit.</strong></span> <span class='ocrx_word' id='word_1_31' title='bbox 1344 588 1434 641; x_wconf 85' lang='lat' dir='ltr'><strong>Ait</strong></span> <span class='ocrx_word' id='word_1_32' title='bbox 1470 589 1616 643; x_wconf 91' lang='lat' dir='ltr'><strong>enim</strong></span> <span class='ocrx_word' id='word_1_33' title='bbox 1648 589 1714 642; x_wconf 88' lang='lat' dir='ltr'><strong>ad</strong></span> <span class='ocrx_word' id='word_1_34' title='bbox 1762 605 1907 654; x_wconf 90' lang='lat' dir='ltr'><strong>eum,</strong></span> <span class='ocrx_word' id='word_1_35' title='bbox 1946 587 2078 652; x_wconf 84' lang='lat' dir='ltr'><strong>Fili,</strong></span> 
     </span>
    </p>
   </div>
   <div class='ocr_carea' id='block_1_8' title="bbox 507 667 2079 750">
    <p class='ocr_par' dir='ltr' id='par_1_8' title="bbox 507 667 2079 750">
     <span class='ocr_line' id='line_1_8' title="bbox 507 667 2079 750; baseline 0.009 -32"><span class='ocrx_word' id='word_1_36' title='bbox 507 667 634 734; x_wconf 83' lang='lat' dir='ltr'><strong>quid</strong></span> <span class='ocrx_word' id='word_1_37' title='bbox 660 673 782 725; x_wconf 76' lang='lat' dir='ltr'><strong>est!</strong></span> <span class='ocrx_word' id='word_1_38' title='bbox 812 669 909 726; x_wconf 86' lang='lat' dir='ltr'><strong>Hic</strong></span> <span class='ocrx_word' id='word_1_39' title='bbox 942 674 1072 727; x_wconf 87' lang='lat' dir='ltr'><strong>mihi</strong></span> <span class='ocrx_word' id='word_1_40' title='bbox 1110 677 1397 732; x_wconf 91' lang='lat' dir='ltr'><strong>considera</strong></span> <span class='ocrx_word' id='word_1_41' title='bbox 1465 679 1871 750; x_wconf 71' lang='lat' dir='ltr'><strong>intelligentiam</strong></span> <span class='ocrx_word' id='word_1_42' title='bbox 1918 679 2079 734; x_wconf 89' lang='lat' dir='ltr'><strong>simul</strong></span> 
     </span>
    </p>
   </div>
   <div class='ocr_carea' id='block_1_9' title="bbox 507 760 2080 839">
    <p class='ocr_par' dir='ltr' id='par_1_9' title="bbox 507 760 2080 839">
     <span class='ocr_line' id='line_1_9' title="bbox 507 760 2080 839; baseline 0.01 -30"><span class='ocrx_word' id='word_1_43' title='bbox 507 763 563 810; x_wconf 87' lang='lat' dir='ltr'><strong>et</strong></span> <span class='ocrx_word' id='word_1_44' title='bbox 597 760 921 825; x_wconf 80' lang='lat' dir='ltr'><strong>prudentem</strong></span> <span class='ocrx_word' id='word_1_45' title='bbox 954 763 1174 832; x_wconf 84' lang='lat' dir='ltr'><strong>juvenis</strong></span> <span class='ocrx_word' id='word_1_46' title='bbox 1237 768 1669 824; x_wconf 83' lang='lat' dir='ltr'><strong>moderationem</strong></span> <span class='ocrx_word' id='word_1_47' title='bbox 1701 809 1717 835; x_wconf 93' lang='lat'><strong>,</strong></span> <span class='ocrx_word' id='word_1_48' title='bbox 1765 785 1874 839; x_wconf 86' lang='lat' dir='ltr'><strong>quo</strong></span> <span class='ocrx_word' id='word_1_49' title='bbox 1918 778 2080 839; x_wconf 89' lang='lat' dir='ltr'><strong>pacto</strong></span> 
     </span>
    </p>
   </div>
   <div class='ocr_carea' id='block_1_10' title="bbox 505 851 2079 929">
    <p class='ocr_par' dir='ltr' id='par_1_10' title="bbox 505 851 2079 929">
     <span class='ocr_line' id='line_1_10' title="bbox 505 851 2079 929; baseline 0.009 -29"><span class='ocrx_word' id='word_1_50' title='bbox 505 861 631 900; x_wconf 87' lang='lat' dir='ltr'><strong>cum</strong></span> <span class='ocrx_word' id='word_1_51' title='bbox 682 863 742 902; x_wconf 90' lang='lat' dir='ltr'><strong>se</strong></span> <span class='ocrx_word' id='word_1_52' title='bbox 771 851 968 922; x_wconf 76' lang='lat' dir='ltr'><strong>negligi</strong></span> <span class='ocrx_word' id='word_1_53' title='bbox 1017 869 1047 907; x_wconf 89' lang='lat' dir='ltr'><strong>a</strong></span> <span class='ocrx_word' id='word_1_54' title='bbox 1094 863 1247 924; x_wconf 85' lang='lat' dir='ltr'><strong>patre</strong></span> <span class='ocrx_word' id='word_1_55' title='bbox 1276 864 1532 926; x_wconf 88' lang='lat' dir='ltr'><strong>putaret,</strong></span> <span class='ocrx_word' id='word_1_56' title='bbox 1590 857 1711 928; x_wconf 84' lang='lat' dir='ltr'><strong>ejus</strong></span> <span class='ocrx_word' id='word_1_57' title='bbox 1749 860 1829 914; x_wconf 87' lang='lat' dir='ltr'><strong>rei</strong></span> <span class='ocrx_word' id='word_1_58' title='bbox 1874 860 2079 929; x_wconf 85' lang='lat' dir='ltr'><strong>absque</strong></span> 
     </span>
    </p>
   </div>
   <div class='ocr_carea' id='block_1_11' title="bbox 506 933 2077 1020">
    <p class='ocr_par' dir='ltr' id='par_1_11' title="bbox 506 933 2077 1020">
     <span class='ocr_line' id='line_1_11' title="bbox 506 933 2077 1020; baseline 0.01 -29"><span class='ocrx_word' id='word_1_59' title='bbox 506 939 616 992; x_wconf 87' lang='lat' dir='ltr'><strong>ulla</strong></span> <span class='ocrx_word' id='word_1_60' title='bbox 648 942 816 997; x_wconf 86' lang='lat' dir='ltr'><strong>animi</strong></span> <span class='ocrx_word' id='word_1_61' title='bbox 850 943 1150 1003; x_wconf 82' lang='lat' dir='ltr'><strong>oﬁ‘ensione</strong></span> <span class='ocrx_word' id='word_1_62' title='bbox 1201 933 1353 1003; x_wconf 71' lang='lat' dir='ltr'><strong>illum</strong></span> <span class='ocrx_word' id='word_1_63' title='bbox 1405 949 1862 1015; x_wconf 80' lang='lat' dir='ltr'><strong>commonefacit,</strong></span> <span class='ocrx_word' id='word_1_64' title='bbox 1902 967 2077 1020; x_wconf 87' lang='lat' dir='ltr'><strong>neque</strong></span> 
     </span>
    </p>
   </div>
   <div class='ocr_carea' id='block_1_12' title="bbox 499 1030 2073 1113">
    <p class='ocr_par' dir='ltr' id='par_1_12' title="bbox 499 1030 2073 1113">
     <span class='ocr_line' id='line_1_12' title="bbox 499 1030 2073 1113; baseline 0.011 -30"><span class='ocrx_word' id='word_1_65' title='bbox 499 1030 838 1088; x_wconf 78' lang='lat' dir='ltr'><strong>dentientiam</strong></span> <span class='ocrx_word' id='word_1_66' title='bbox 880 1038 1020 1106; x_wconf 90' lang='lat' dir='ltr'><strong>patri</strong></span> <span class='ocrx_word' id='word_1_67' title='bbox 1071 1055 1248 1109; x_wconf 90' lang='lat' dir='ltr'><strong>neque</strong></span> <span class='ocrx_word' id='word_1_68' title='bbox 1301 1041 1631 1099; x_wconf 82' lang='lat' dir='ltr'><strong>oblivionem</strong></span> <span class='ocrx_word' id='word_1_69' title='bbox 1697 1045 2073 1113; x_wconf 78' lang='lat' dir='ltr'><strong>exprobrans,</strong></span> 
     </span>
    </p>
   </div>
   <div class='ocr_carea' id='block_1_13' title="bbox 505 1124 2078 1215">
    <p class='ocr_par' dir='ltr' id='par_1_13' title="bbox 505 1124 2078 1215">
     <span class='ocr_line' id='line_1_13' title="bbox 505 1124 2078 1215; baseline 0.008 -37"><span class='ocrx_word' id='word_1_70' title='bbox 505 1124 601 1179; x_wconf 78' lang='lat' dir='ltr'><strong>sed</strong></span> <span class='ocrx_word' id='word_1_71' title='bbox 643 1126 956 1182; x_wconf 91' lang='lat' dir='ltr'><strong>simulando</strong></span> <span class='ocrx_word' id='word_1_72' title='bbox 996 1145 1117 1187; x_wconf 86' lang='lat' dir='ltr'><strong>sese</strong></span> <span class='ocrx_word' id='word_1_73' title='bbox 1153 1133 1290 1188; x_wconf 87' lang='lat' dir='ltr'><strong>velle</strong></span> <span class='ocrx_word' id='word_1_74' title='bbox 1319 1136 1462 1215; x_wconf 75' lang='lat' dir='ltr'><strong>scire</strong></span> <span class='ocrx_word' id='word_1_75' title='bbox 1494 1134 1626 1205; x_wconf 89' lang='lat' dir='ltr'><strong>quid</strong></span> <span class='ocrx_word' id='word_1_76' title='bbox 1666 1143 1947 1204; x_wconf 80' lang='lat' dir='ltr'><strong>ageretur,</strong></span> <span class='ocrx_word' id='word_1_77' title='bbox 1983 1153 2078 1191; x_wconf 85' lang='lat' dir='ltr'><strong>ne-</strong></span> 
     </span>
    </p>
   </div>
   <div class='ocr_carea' id='block_1_14' title="bbox 504 1217 2071 1296">
    <p class='ocr_par' dir='ltr' id='par_1_14' title="bbox 504 1217 2071 1296">
     <span class='ocr_line' id='line_1_14' title="bbox 504 1217 2071 1296; baseline 0.007 -26"><span class='ocrx_word' id='word_1_78' title='bbox 504 1217 772 1288; x_wconf 70' lang='lat' dir='ltr'><strong>gligentia:</strong></span> <span class='ocrx_word' id='word_1_79' title='bbox 822 1221 908 1276; x_wconf 89' lang='lat' dir='ltr'><strong>sui</strong></span> <span class='ocrx_word' id='word_1_80' title='bbox 937 1230 1101 1293; x_wconf 88' lang='lat' dir='ltr'><strong>atque</strong></span> <span class='ocrx_word' id='word_1_81' title='bbox 1143 1223 1520 1296; x_wconf 60' lang='lat' dir='ltr'><strong>despicientiae</strong></span> <span class='ocrx_word' id='word_1_82' title='bbox 1555 1227 2071 1283; x_wconf 81' lang='lat' dir='ltr'><strong>commonefaciens.</strong></span> 
     </span>
    </p>
   </div>
   <div class='ocr_carea' id='block_1_15' title="bbox 504 1307 2076 1388">
    <p class='ocr_par' dir='ltr' id='par_1_15' title="bbox 504 1307 2076 1388">
     <span class='ocr_line' id='line_1_15' title="bbox 504 1307 2076 1388; baseline 0.006 -26"><span class='ocrx_word' id='word_1_83' title='bbox 504 1307 640 1364; x_wconf 85' lang='lat' dir='ltr'><strong>Ecce</strong></span> <span class='ocrx_word' id='word_1_84' title='bbox 659 1313 817 1376; x_wconf 82' lang='lat' dir='ltr'><strong>enim,</strong></span> <span class='ocrx_word' id='word_1_85' title='bbox 856 1313 1051 1384; x_wconf 87' lang='lat' dir='ltr'><strong>inquit,</strong></span> <span class='ocrx_word' id='word_1_86' title='bbox 1105 1316 1246 1386; x_wconf 83' lang='lat' dir='ltr'><strong>ligna</strong></span> <span class='ocrx_word' id='word_1_87' title='bbox 1272 1355 1286 1382; x_wconf 94' lang='lat'><strong>,</strong></span> <span class='ocrx_word' id='word_1_88' title='bbox 1317 1317 1475 1388; x_wconf 86' lang='lat' dir='ltr'><strong>ignis,</strong></span> <span class='ocrx_word' id='word_1_89' title='bbox 1513 1319 1748 1388; x_wconf 80' lang='lat' dir='ltr'><strong>gladius,</strong></span> <span class='ocrx_word' id='word_1_90' title='bbox 1791 1317 1879 1374; x_wconf 84' lang='lat' dir='ltr'><strong>sed</strong></span> <span class='ocrx_word' id='word_1_91' title='bbox 1926 1321 2076 1373; x_wconf 81' lang='lat' dir='ltr'><strong>victi-</strong></span> 
     </span>
    </p>
   </div>
   <div class='ocr_carea' id='block_1_16' title="bbox 503 1402 2076 1466">
    <p class='ocr_par' dir='ltr' id='par_1_16' title="bbox 503 1402 2076 1466">
     <span class='ocr_line' id='line_1_16' title="bbox 503 1402 2076 1466; baseline 0.008 -12"><span class='ocrx_word' id='word_1_92' title='bbox 503 1416 591 1454; x_wconf 86' lang='lat' dir='ltr'><strong>ma</strong></span> <span class='ocrx_word' id='word_1_93' title='bbox 633 1402 723 1456; x_wconf 86' lang='lat' dir='ltr'><strong>ubi</strong></span> <span class='ocrx_word' id='word_1_94' title='bbox 753 1415 830 1459; x_wconf 87' lang='lat' dir='ltr'><strong>est</strong></span> <span class='ocrx_word' id='word_1_95' title='bbox 854 1407 880 1460; x_wconf 70' lang='grc' dir='ltr'>Ρ</span> <span class='ocrx_word' id='word_1_96' title='bbox 912 1410 980 1459; x_wconf 85' lang='lat' dir='ltr'><strong>At</strong></span> <span class='ocrx_word' id='word_1_97' title='bbox 1036 1407 1127 1462; x_wconf 92' lang='lat' dir='ltr'><strong>ille</strong></span> <span class='ocrx_word' id='word_1_98' title='bbox 1151 1408 1268 1463; x_wconf 84' lang='lat' dir='ltr'><strong>sive</strong></span> <span class='ocrx_word' id='word_1_99' title='bbox 1302 1412 1545 1464; x_wconf 91' lang='lat' dir='ltr'><strong>animum</strong></span> <span class='ocrx_word' id='word_1_100' title='bbox 1594 1411 1794 1466; x_wconf 89' lang='lat' dir='ltr'><strong>addere</strong></span> <span class='ocrx_word' id='word_1_101' title='bbox 1825 1412 1935 1466; x_wconf 89' lang='lat' dir='ltr'><strong>ﬁlio</strong></span> <span class='ocrx_word' id='word_1_102' title='bbox 1981 1427 2076 1466; x_wconf 85' lang='lat' dir='ltr'><strong>vo-</strong></span> 
     </span>
    </p>
   </div>
   <div class='ocr_carea' id='block_1_17' title="bbox 500 1491 2074 1570">
    <p class='ocr_par' dir='ltr' id='par_1_17' title="bbox 500 1491 2074 1570">
     <span class='ocr_line' id='line_1_17' title="bbox 500 1491 2074 1570; baseline 0.008 -26"><span class='ocrx_word' id='word_1_103' title='bbox 500 1491 640 1558; x_wconf 82' lang='lat' dir='ltr'><strong>lens,</strong></span> <span class='ocrx_word' id='word_1_104' title='bbox 697 1493 813 1550; x_wconf 84' lang='lat' dir='ltr'><strong>sive</strong></span> <span class='ocrx_word' id='word_1_105' title='bbox 862 1504 1119 1567; x_wconf 89' lang='lat' dir='ltr'><strong>tanquam</strong></span> <span class='ocrx_word' id='word_1_106' title='bbox 1155 1506 1308 1554; x_wconf 85' lang='lat' dir='ltr'><strong>vates</strong></span> <span class='ocrx_word' id='word_1_107' title='bbox 1342 1499 1397 1553; x_wconf 90' lang='lat' dir='ltr'><strong>id</strong></span> <span class='ocrx_word' id='word_1_108' title='bbox 1445 1501 1591 1570; x_wconf 93' lang='lat' dir='ltr'><strong>quod</strong></span> <span class='ocrx_word' id='word_1_109' title='bbox 1643 1500 1887 1556; x_wconf 79' lang='lat' dir='ltr'><strong>futurum</strong></span> <span class='ocrx_word' id='word_1_110' title='bbox 1955 1511 2074 1557; x_wconf 86' lang='lat' dir='ltr'><strong>erat</strong></span> 
     </span>
    </p>
   </div>
   <div class='ocr_carea' id='block_1_18' title="bbox 501 1586 2072 1661">
    <p class='ocr_par' dir='ltr' id='par_1_18' title="bbox 501 1586 2072 1661">
     <span class='ocr_line' id='line_1_18' title="bbox 501 1586 2072 1661; baseline 0.006 -23"><span class='ocrx_word' id='word_1_111' title='bbox 501 1586 798 1655; x_wconf 89' lang='lat' dir='ltr'><strong>spondens,</strong></span> <span class='ocrx_word' id='word_1_112' title='bbox 833 1587 996 1654; x_wconf 87' lang='lat' dir='ltr'><strong>Deus,</strong></span> <span class='ocrx_word' id='word_1_113' title='bbox 1054 1589 1252 1660; x_wconf 89' lang='lat' dir='ltr'><strong>inquit,</strong></span> <span class='ocrx_word' id='word_1_114' title='bbox 1304 1591 1406 1660; x_wconf 76' lang='lat' dir='ltr'><strong>ﬁli,</strong></span> <span class='ocrx_word' id='word_1_115' title='bbox 1454 1592 1748 1661; x_wconf 85' lang='lat' dir='ltr'><strong>providebit</strong></span> <span class='ocrx_word' id='word_1_116' title='bbox 1798 1593 1897 1647; x_wconf 82' lang='lat' dir='ltr'><strong>sibi</strong></span> <span class='ocrx_word' id='word_1_117' title='bbox 1924 1611 2072 1649; x_wconf 85' lang='lat' dir='ltr'><strong>ovem</strong></span> 
     </span>
    </p>
   </div>
   <div class='ocr_carea' id='block_1_19' title="bbox 498 1678 2072 1753">
    <p class='ocr_par' dir='ltr' id='par_1_19' title="bbox 498 1678 2072 1753">
     <span class='ocr_line' id='line_1_19' title="bbox 498 1678 2072 1753; baseline 0.008 -22"><span class='ocrx_word' id='word_1_118' title='bbox 498 1679 554 1732; x_wconf 84' lang='lat' dir='ltr'><strong>in</strong></span> <span class='ocrx_word' id='word_1_119' title='bbox 579 1678 961 1734; x_wconf 77' lang='lat' dir='ltr'><strong>holocaustum.</strong></span> <span class='ocrx_word' id='word_1_120' title='bbox 1003 1680 1069 1735; x_wconf 87' lang='lat' dir='ltr'><strong>Et</strong></span> <span class='ocrx_word' id='word_1_121' title='bbox 1117 1698 1284 1753; x_wconf 89' lang='lat' dir='ltr'><strong>super</strong></span> <span class='ocrx_word' id='word_1_122' title='bbox 1324 1685 1409 1740; x_wconf 89' lang='lat' dir='ltr'><strong>his</strong></span> <span class='ocrx_word' id='word_1_123' title='bbox 1451 1685 1615 1741; x_wconf 89' lang='lat' dir='ltr'><strong>etiam</strong></span> <span class='ocrx_word' id='word_1_124' title='bbox 1653 1703 1797 1742; x_wconf 92' lang='lat' dir='ltr'><strong>nunc</strong></span> <span class='ocrx_word' id='word_1_125' title='bbox 1845 1689 2072 1743; x_wconf 86' lang='lat' dir='ltr'><strong>tcntatio</strong></span> 
     </span>
    </p>
   </div>
   <div class='ocr_carea' id='block_1_20' title="bbox 2181 496 3754 572">
    <p class='ocr_par' dir='ltr' id='par_1_20' title="bbox 2181 496 3754 572">
     <span class='ocr_line' id='line_1_20' title="bbox 2181 496 3754 572; baseline 0.005 -24"><span class='ocrx_word' id='word_1_126' title='bbox 2181 497 2298 548; x_wconf 75' lang='grc' dir='ltr'>οὐδέ</span> <span class='ocrx_word' id='word_1_127' title='bbox 2348 514 2400 548; x_wconf 90' lang='grc' dir='ltr'><strong>τι</strong></span> <span class='ocrx_word' id='word_1_128' title='bbox 2448 496 2718 568; x_wconf 83' lang='grc' dir='ltr'><strong>θρηνῶδες</strong></span> <span class='ocrx_word' id='word_1_129' title='bbox 2762 500 2855 552; x_wconf 80' lang='grc' dir='ltr'><strong>καὶ</strong></span> <span class='ocrx_word' id='word_1_130' title='bbox 2901 501 3091 572; x_wconf 77' lang='grc' dir='ltr'>γοερὸν</span> <span class='ocrx_word' id='word_1_131' title='bbox 3134 502 3581 571; x_wconf 86' lang='grc' dir='ltr'>ἀποφθέγγεται,</span> <span class='ocrx_word' id='word_1_132' title='bbox 3640 504 3754 556; x_wconf 83' lang='grc' dir='ltr'>ἀλλ’</span> 
     </span>
    </p>
   </div>
   <div class='ocr_carea' id='block_1_21' title="bbox 2182 587 3754 664">
    <p class='ocr_par' dir='ltr' id='par_1_21' title="bbox 2182 587 3754 664">
     <span class='ocr_line' id='line_1_21' title="bbox 2182 587 3754 664; baseline 0.005 -24"><span class='ocrx_word' id='word_1_133' title='bbox 2182 587 2392 662; x_wconf 79' lang='grc' dir='ltr'>ἑστώσῃ</span> <span class='ocrx_word' id='word_1_134' title='bbox 2423 591 2517 643; x_wconf 77' lang='grc' dir='ltr'>καὶ</span> <span class='ocrx_word' id='word_1_135' title='bbox 2547 590 2755 644; x_wconf 87' lang='grc' dir='ltr'>ἀκλινεῖ</span> <span class='ocrx_word' id='word_1_136' title='bbox 2779 594 2842 662; x_wconf 83' lang='grc' dir='ltr'><strong>τῇ</strong></span> <span class='ocrx_word' id='word_1_137' title='bbox 2875 592 3042 663; x_wconf 59' lang='grc' dir='ltr'>ψυχῇ,</span> <span class='ocrx_word' id='word_1_138' title='bbox 3074 594 3168 646; x_wconf 75' lang='grc' dir='ltr'>καὶ</span> <span class='ocrx_word' id='word_1_139' title='bbox 3199 594 3409 664; x_wconf 87' lang='grc' dir='ltr'>δέχεται</span> <span class='ocrx_word' id='word_1_140' title='bbox 3435 593 3530 647; x_wconf 87' lang='grc' dir='ltr'><strong>τοῦ</strong></span> <span class='ocrx_word' id='word_1_141' title='bbox 3566 596 3754 658; x_wconf 69' lang='grc' dir='ltr'>παιδὸς</span> 
     </span>
    </p>
   </div>
   <div class='ocr_carea' id='block_1_22' title="bbox 2178 680 3755 757">
    <p class='ocr_par' dir='ltr' id='par_1_22' title="bbox 2178 680 3755 757">
     <span class='ocr_line' id='line_1_22' title="bbox 2178 680 3755 757; baseline 0.007 -27"><span class='ocrx_word' id='word_1_142' title='bbox 2178 680 2276 749; x_wconf 79' lang='grc' dir='ltr'>τὴν</span> <span class='ocrx_word' id='word_1_143' title='bbox 2308 680 2512 752; x_wconf 80' lang='grc' dir='ltr'>φωνὴν,</span> <span class='ocrx_word' id='word_1_144' title='bbox 2560 682 2653 734; x_wconf 75' lang='grc' dir='ltr'>καὶ</span> <span class='ocrx_word' id='word_1_145' title='bbox 2695 683 2796 753; x_wconf 87' lang='grc' dir='ltr'>τὴν</span> <span class='ocrx_word' id='word_1_146' title='bbox 2832 684 2966 738; x_wconf 80' lang='grc' dir='ltr'>ἰδίαν</span> <span class='ocrx_word' id='word_1_147' title='bbox 2997 685 3263 756; x_wconf 80' lang='grc' dir='ltr'>προΐεται.</span> <span class='ocrx_word' id='word_1_148' title='bbox 3311 687 3448 756; x_wconf 79' lang='grc' dir='ltr'>Φησὶ</span> <span class='ocrx_word' id='word_1_149' title='bbox 3480 686 3590 755; x_wconf 73' lang='grc' dir='ltr'>γὰρ</span> <span class='ocrx_word' id='word_1_150' title='bbox 3620 686 3755 757; x_wconf 74' lang='grc' dir='ltr'>πρὸς</span> 
     </span>
    </p>
   </div>
   <div class='ocr_carea' id='block_1_23' title="bbox 2179 772 3754 847">
    <p class='ocr_par' dir='ltr' id='par_1_23' title="bbox 2179 772 3754 847">
     <span class='ocr_line' id='line_1_23' title="bbox 2179 772 3754 847; baseline 0.004 -25"><span class='ocrx_word' id='word_1_151' title='bbox 2179 772 2340 824; x_wconf 83' lang='grc' dir='ltr'>αὐτόν</span> <span class='ocrx_word' id='word_1_152' title='bbox 2361 788 2374 802; x_wconf 91' lang='grc'><strong>·</strong></span> <span class='ocrx_word' id='word_1_153' title='bbox 2411 773 2472 827; x_wconf 81' lang='grc' dir='ltr'>Τί</span> <span class='ocrx_word' id='word_1_154' title='bbox 2500 773 2648 836; x_wconf 86' lang='grc' dir='ltr'>ἐστι,</span> <span class='ocrx_word' id='word_1_155' title='bbox 2686 773 2933 837; x_wconf 70' lang='grc' dir='ltr'>τέκνον-ς</span> <span class='ocrx_word' id='word_1_156' title='bbox 2979 774 3244 830; x_wconf 85' lang='grc' dir='ltr'>Ἐνταῦθά</span> <span class='ocrx_word' id='word_1_157' title='bbox 3288 793 3377 846; x_wconf 89' lang='grc' dir='ltr'><strong>μοι</strong></span> <span class='ocrx_word' id='word_1_158' title='bbox 3417 776 3754 847; x_wconf 80' lang='grc' dir='ltr'><strong>κατανόησον</strong></span> 
     </span>
    </p>
   </div>
   <div class='ocr_carea' id='block_1_24' title="bbox 2176 862 3754 937">
    <p class='ocr_par' dir='ltr' id='par_1_24' title="bbox 2176 862 3754 937">
     <span class='ocr_line' id='line_1_24' title="bbox 2176 862 3754 937; baseline 0.003 -22"><span class='ocrx_word' id='word_1_159' title='bbox 2176 862 2236 914; x_wconf 84' lang='grc' dir='ltr'>τὸ</span> <span class='ocrx_word' id='word_1_160' title='bbox 2267 864 2483 917; x_wconf 80' lang='grc' dir='ltr'>συνετὸν</span> <span class='ocrx_word' id='word_1_161' title='bbox 2515 865 2633 934; x_wconf 79' lang='grc' dir='ltr'>ἅμα</span> <span class='ocrx_word' id='word_1_162' title='bbox 2658 866 2751 918; x_wconf 76' lang='grc' dir='ltr'>καὶ</span> <span class='ocrx_word' id='word_1_163' title='bbox 2777 865 3154 937; x_wconf 80' lang='grc' dir='ltr'><strong>λελογισμένον</strong></span> <span class='ocrx_word' id='word_1_164' title='bbox 3198 867 3290 921; x_wconf 88' lang='grc' dir='ltr'><strong>τοῦ</strong></span> <span class='ocrx_word' id='word_1_165' title='bbox 3335 867 3479 931; x_wconf 90' lang='grc' dir='ltr'>νέου,</span> <span class='ocrx_word' id='word_1_166' title='bbox 3529 867 3652 930; x_wconf 80' lang='grc' dir='ltr'>πῶς</span> <span class='ocrx_word' id='word_1_167' title='bbox 3695 867 3754 919; x_wconf 79' lang='grc' dir='ltr'>τὸ</span> 
     </span>
    </p>
   </div>
   <div class='ocr_carea' id='block_1_25' title="bbox 2175 951 3754 1027">
    <p class='ocr_par' dir='ltr' id='par_1_25' title="bbox 2175 951 3754 1027">
     <span class='ocr_line' id='line_1_25' title="bbox 2175 951 3754 1027; baseline 0.003 -23"><span class='ocrx_word' id='word_1_168' title='bbox 2175 951 2364 1005; x_wconf 80' lang='grc' dir='ltr'>δοκοῦν</span> <span class='ocrx_word' id='word_1_169' title='bbox 2392 952 2684 1024; x_wconf 85' lang='grc' dir='ltr'>παρῶφθαι</span> <span class='ocrx_word' id='word_1_170' title='bbox 2714 955 2864 1026; x_wconf 78' lang='grc' dir='ltr'>παρὰ</span> <span class='ocrx_word' id='word_1_171' title='bbox 2904 954 2999 1008; x_wconf 89' lang='grc' dir='ltr'><strong>τοῦ</strong></span> <span class='ocrx_word' id='word_1_172' title='bbox 3035 957 3260 1026; x_wconf 76' lang='grc' dir='ltr'>πατρὸς,</span> <span class='ocrx_word' id='word_1_173' title='bbox 3295 955 3754 1027; x_wconf 85' lang='grc' dir='ltr'>ἀπροσκρούστως</span> 
     </span>
    </p>
   </div>
   <div class='ocr_carea' id='block_1_26' title="bbox 2177 1045 3756 1120">
    <p class='ocr_par' dir='ltr' id='par_1_26' title="bbox 2177 1045 3756 1120">
     <span class='ocr_line' id='line_1_26' title="bbox 2177 1045 3756 1120; baseline 0.003 -24"><span class='ocrx_word' id='word_1_174' title='bbox 2177 1045 2256 1108; x_wconf 81' lang='grc' dir='ltr'><strong>είς</strong></span> <span class='ocrx_word' id='word_1_175' title='bbox 2287 1046 2589 1116; x_wconf 82' lang='grc' dir='ltr'><strong>ὑπόμνησιν</strong></span> <span class='ocrx_word' id='word_1_176' title='bbox 2615 1048 2758 1116; x_wconf 83' lang='grc' dir='ltr'><strong>ἄγει,</strong></span> <span class='ocrx_word' id='word_1_177' title='bbox 2783 1048 2904 1102; x_wconf 79' lang='grc' dir='ltr'>οὕτε</span> <span class='ocrx_word' id='word_1_178' title='bbox 2937 1048 3256 1119; x_wconf 83' lang='grc' dir='ltr'>παράνοιαν,</span> <span class='ocrx_word' id='word_1_179' title='bbox 3300 1047 3422 1102; x_wconf 78' lang='grc' dir='ltr'>οὔτε</span> <span class='ocrx_word' id='word_1_180' title='bbox 3472 1048 3644 1120; x_wconf 78' lang='grc' dir='ltr'>λήθην</span> <span class='ocrx_word' id='word_1_181' title='bbox 3677 1048 3756 1118; x_wconf 71' lang='grc' dir='ltr'>τῷ</span> 
     </span>
    </p>
   </div>
   <div class='ocr_carea' id='block_1_27' title="bbox 2178 1136 3754 1212">
    <p class='ocr_par' dir='ltr' id='par_1_27' title="bbox 2178 1136 3754 1212">
     <span class='ocr_line' id='line_1_27' title="bbox 2178 1136 3754 1212; baseline 0.003 -24"><span class='ocrx_word' id='word_1_182' title='bbox 2178 1136 2346 1207; x_wconf 55' lang='grc' dir='ltr'><strong>πατρὶ⁸</strong></span> <span class='ocrx_word' id='word_1_183' title='bbox 2371 1136 2642 1203; x_wconf 74' lang='grc' dir='ltr'>ὀνειδίζων</span> <span class='ocrx_word' id='word_1_184' title='bbox 2665 1154 2678 1166; x_wconf 94' lang='grc'><strong>·</strong></span> <span class='ocrx_word' id='word_1_185' title='bbox 2733 1138 2849 1192; x_wconf 85' lang='grc' dir='ltr'>ἀλλ’</span> <span class='ocrx_word' id='word_1_186' title='bbox 2879 1140 2938 1192; x_wconf 86' lang='grc' dir='ltr'><strong>ἐν</strong></span> <span class='ocrx_word' id='word_1_187' title='bbox 2978 1141 3334 1212; x_wconf 81' lang='grc' dir='ltr'>προσποιήσει</span> <span class='ocrx_word' id='word_1_188' title='bbox 3357 1140 3514 1211; x_wconf 82' lang='grc' dir='ltr'>δῆθεν</span> <span class='ocrx_word' id='word_1_189' title='bbox 3546 1140 3641 1193; x_wconf 86' lang='grc' dir='ltr'><strong>τοῦ</strong></span> <span class='ocrx_word' id='word_1_190' title='bbox 3668 1139 3754 1193; x_wconf 83' lang='grc' dir='ltr'>θε-</span> 
     </span>
    </p>
   </div>
   <div class='ocr_carea' id='block_1_28' title="bbox 2174 1225 3819 1304">
    <p class='ocr_par' dir='ltr' id='par_1_28' title="bbox 2174 1225 3819 1304">
     <span class='ocr_line' id='line_1_28' title="bbox 2174 1225 3819 1304; baseline 0.005 -26"><span class='ocrx_word' id='word_1_191' title='bbox 2174 1225 2335 1297; x_wconf 82' lang='grc' dir='ltr'>λῆσαι</span> <span class='ocrx_word' id='word_1_192' title='bbox 2361 1229 2570 1298; x_wconf 84' lang='grc' dir='ltr'><strong>μαθεῖν,</strong></span> <span class='ocrx_word' id='word_1_193' title='bbox 2593 1230 2684 1284; x_wconf 78' lang='grc' dir='ltr'><strong>τοῦ</strong></span> <span class='ocrx_word' id='word_1_194' title='bbox 2713 1233 3098 1303; x_wconf 78' lang='grc' dir='ltr'>παροράματος</span> <span class='ocrx_word' id='word_1_195' title='bbox 3122 1232 3571 1304; x_wconf 81' lang='grc' dir='ltr'>ὑπομιμνήσκων.</span> <span class='ocrx_word' id='word_1_196' title='bbox 3605 1233 3755 1287; x_wconf 78' lang='grc' dir='ltr'>Ἰδοὺ</span> <span class='ocrx_word' id='word_1_197' title='bbox 3815 1229 3819 1240; x_wconf 82' lang='grc'><em>’</em></span> 
     </span>
    </p>
   </div>
   <div class='ocr_carea' id='block_1_29' title="bbox 2173 1318 3755 1393">
    <p class='ocr_par' dir='ltr' id='par_1_29' title="bbox 2173 1318 3755 1393">
     <span class='ocr_line' id='line_1_29' title="bbox 2173 1318 3755 1393; baseline 0.003 -22"><span class='ocrx_word' id='word_1_198' title='bbox 2173 1318 2303 1389; x_wconf 84' lang='grc' dir='ltr'>γὰρ,</span> <span class='ocrx_word' id='word_1_199' title='bbox 2331 1320 2482 1389; x_wconf 80' lang='grc' dir='ltr'>φησὶ,</span> <span class='ocrx_word' id='word_1_200' title='bbox 2511 1321 2582 1374; x_wconf 84' lang='grc' dir='ltr'>τὰ</span> <span class='ocrx_word' id='word_1_201' title='bbox 2611 1322 2788 1385; x_wconf 75' lang='grc' dir='ltr'>ξύλα,</span> <span class='ocrx_word' id='word_1_202' title='bbox 2810 1322 2875 1376; x_wconf 85' lang='grc' dir='ltr'>τὸ</span> <span class='ocrx_word' id='word_1_203' title='bbox 2901 1322 3041 1392; x_wconf 79' lang='grc' dir='ltr'>πῦρ,</span> <span class='ocrx_word' id='word_1_204' title='bbox 3065 1325 3101 1391; x_wconf 74' lang='grc' dir='ltr'><strong><em>ἡ</em></strong></span> <span class='ocrx_word' id='word_1_205' title='bbox 3118 1323 3383 1393; x_wconf 82' lang='grc' dir='ltr'>μάχαιρα</span> <span class='ocrx_word' id='word_1_206' title='bbox 3403 1337 3418 1353; x_wconf 73' lang='grc' dir='ltr'><strong><em>ο</em></strong></span> <span class='ocrx_word' id='word_1_207' title='bbox 3445 1324 3510 1377; x_wconf 84' lang='grc' dir='ltr'>τὸ</span> <span class='ocrx_word' id='word_1_208' title='bbox 3537 1324 3755 1391; x_wconf 78' lang='grc' dir='ltr'><strong>ἱερεῖον</strong></span> 
     </span>
    </p>
   </div>
   <div class='ocr_carea' id='block_1_30' title="bbox 2173 1411 3756 1487">
    <p class='ocr_par' dir='ltr' id='par_1_30' title="bbox 2173 1411 3756 1487">
     <span class='ocr_line' id='line_1_30' title="bbox 2173 1411 3756 1487; baseline 0.003 -23"><span class='ocrx_word' id='word_1_209' title='bbox 2173 1411 2325 1476; x_wconf 81' lang='grc' dir='ltr'>ποῦ;</span> <span class='ocrx_word' id='word_1_210' title='bbox 2373 1412 2430 1467; x_wconf 86' lang='lat'><strong>&#39;0</strong></span> <span class='ocrx_word' id='word_1_211' title='bbox 2457 1411 2533 1477; x_wconf 80' lang='grc' dir='ltr'>δὲ,</span> <span class='ocrx_word' id='word_1_212' title='bbox 2572 1413 2682 1467; x_wconf 83' lang='grc' dir='ltr'>είτε</span> <span class='ocrx_word' id='word_1_213' title='bbox 2718 1414 3156 1487; x_wconf 69' lang='grc' dir='ltr'>παραθαρρύνων</span> <span class='ocrx_word' id='word_1_214' title='bbox 3183 1415 3274 1468; x_wconf 83' lang='grc' dir='ltr'><strong>τὸν</strong></span> <span class='ocrx_word' id='word_1_215' title='bbox 3303 1416 3488 1482; x_wconf 84' lang='grc' dir='ltr'>παῖδα,</span> <span class='ocrx_word' id='word_1_216' title='bbox 3534 1419 3643 1470; x_wconf 72' lang='grc' dir='ltr'>εἴτε</span> <span class='ocrx_word' id='word_1_217' title='bbox 3675 1417 3756 1480; x_wconf 83' lang='grc' dir='ltr'>ὡς</span> 
     </span>
    </p>
   </div>
   <div class='ocr_carea' id='block_1_31' title="bbox 2173 1509 3748 1582">
    <p class='ocr_par' dir='ltr' id='par_1_31' title="bbox 2173 1509 3748 1582">
     <span class='ocr_line' id='line_1_31' title="bbox 2173 1509 3748 1582; baseline 0.002 -22"><span class='ocrx_word' id='word_1_218' title='bbox 2173 1509 2461 1580; x_wconf 80' lang='grc' dir='ltr'><strong>προφήτης</strong></span> <span class='ocrx_word' id='word_1_219' title='bbox 2484 1510 2545 1563; x_wconf 80' lang='grc' dir='ltr'>τὸ</span> <span class='ocrx_word' id='word_1_220' title='bbox 2573 1509 2762 1581; x_wconf 83' lang='grc' dir='ltr'>μέλλον</span> <span class='ocrx_word' id='word_1_221' title='bbox 2787 1510 3206 1582; x_wconf 64' lang='grc' dir='ltr'>διεγγυὼμενος,</span> <span class='ocrx_word' id='word_1_222' title='bbox 3245 1511 3309 1564; x_wconf 85' lang='lat'><strong>&#39;0</strong></span> <span class='ocrx_word' id='word_1_223' title='bbox 3345 1511 3488 1577; x_wconf 79' lang='grc' dir='ltr'>Θεὸς</span> <span class='ocrx_word' id='word_1_224' title='bbox 3507 1551 3521 1575; x_wconf 86' lang='grc'><strong>,</strong></span> <span class='ocrx_word' id='word_1_225' title='bbox 3561 1513 3748 1582; x_wconf 66' lang='grc' dir='ltr'>φησιν,</span> 
     </span>
    </p>
   </div>
   <div class='ocr_carea' id='block_1_32' title="bbox 2173 1599 3748 1672">
    <p class='ocr_par' dir='ltr' id='par_1_32' title="bbox 2173 1599 3748 1672">
     <span class='ocr_line' id='line_1_32' title="bbox 2173 1599 3748 1672; baseline 0.003 -19"><span class='ocrx_word' id='word_1_226' title='bbox 2173 1599 2381 1670; x_wconf 70' lang='grc' dir='ltr'>ὄψεται</span> <span class='ocrx_word' id='word_1_227' title='bbox 2405 1601 2596 1666; x_wconf 83' lang='grc' dir='ltr'>ἑαυτῷ</span> <span class='ocrx_word' id='word_1_228' title='bbox 2615 1603 2912 1671; x_wconf 77' lang='grc' dir='ltr'>πρόϐατον</span> <span class='ocrx_word' id='word_1_229' title='bbox 2931 1603 3018 1669; x_wconf 77' lang='grc' dir='ltr'>εἰς</span> <span class='ocrx_word' id='word_1_230' title='bbox 3042 1602 3482 1672; x_wconf 72' lang='grc' dir='ltr'>όλοκάρπωσιν,</span> <span class='ocrx_word' id='word_1_231' title='bbox 3513 1602 3748 1658; x_wconf 81' lang='grc' dir='ltr'>τέκνον.</span> 
     </span>
    </p>
   </div>
   <div class='ocr_carea' id='block_1_33' title="bbox 2172 1691 3749 1764">
    <p class='ocr_par' dir='ltr' id='par_1_33' title="bbox 2172 1691 3749 1764">
     <span class='ocr_line' id='line_1_33' title="bbox 2172 1691 3749 1764; baseline 0.003 -21"><span class='ocrx_word' id='word_1_232' title='bbox 2172 1691 2280 1744; x_wconf 67' lang='grc' dir='ltr'><strong>Καὶ</strong></span> <span class='ocrx_word' id='word_1_233' title='bbox 2308 1691 2401 1743; x_wconf 72' lang='grc' dir='ltr'>ἐπὶ</span> <span class='ocrx_word' id='word_1_234' title='bbox 2427 1692 2636 1755; x_wconf 83' lang='grc' dir='ltr'>τούτοις</span> <span class='ocrx_word' id='word_1_235' title='bbox 2667 1691 2745 1746; x_wconf 75' lang='grc' dir='ltr'><strong>ἐτι</strong></span> <span class='ocrx_word' id='word_1_236' title='bbox 2777 1695 2810 1762; x_wconf 82' lang='grc' dir='ltr'>ἡ</span> <span class='ocrx_word' id='word_1_237' title='bbox 2842 1695 3006 1763; x_wconf 87' lang='grc' dir='ltr'>πεῖρα</span> <span class='ocrx_word' id='word_1_238' title='bbox 3035 1693 3136 1762; x_wconf 83' lang='grc' dir='ltr'>τῆς</span> <span class='ocrx_word' id='word_1_239' title='bbox 3159 1692 3254 1746; x_wconf 86' lang='grc' dir='ltr'><strong>τοῦ</strong></span> <span class='ocrx_word' id='word_1_240' title='bbox 3284 1694 3624 1764; x_wconf 73' lang='grc' dir='ltr'>πατριάρχου</span> <span class='ocrx_word' id='word_1_241' title='bbox 3648 1693 3749 1762; x_wconf 73' lang='grc' dir='ltr'>ψυ-</span> 
     </span>
    </p>
   </div>
   <div class='ocr_carea' id='block_1_34' title="bbox 499 1762 2062 1855">
    <p class='ocr_par' dir='ltr' id='par_1_34' title="bbox 499 1775 2062 1849">
     <span class='ocr_line' id='line_1_34' title="bbox 499 1775 2062 1849; baseline 0.007 -26"><span class='ocrx_word' id='word_1_242' title='bbox 499 1779 663 1840; x_wconf 89' lang='lat' dir='ltr'><strong>atque</strong></span> <span class='ocrx_word' id='word_1_243' title='bbox 711 1775 1016 1843; x_wconf 81' lang='lat' dir='ltr'><strong>exploratio</strong></span> <span class='ocrx_word' id='word_1_244' title='bbox 1056 1776 1226 1830; x_wconf 90' lang='lat' dir='ltr'><strong>animi</strong></span> <span class='ocrx_word' id='word_1_245' title='bbox 1267 1777 1595 1846; x_wconf 69' lang='lat' dir='ltr'><strong>patriarcha:</strong></span> <span class='ocrx_word' id='word_1_246' title='bbox 1652 1780 2062 1849; x_wconf 79' lang='lat' dir='ltr'><strong>prorogabatur.</strong></span> 
     </span>
    </p>
   </div>
   <div class='ocr_carea' id='block_1_35' title="bbox 2165 1762 3754 1855">
    <p class='ocr_par' dir='ltr' id='par_1_35' title="bbox 2172 1762 3754 1855">
     <span class='ocr_line' id='line_1_35' title="bbox 2172 1762 3754 1855; baseline -0.001 -19"><span class='ocrx_word' id='word_1_247' title='bbox 2172 1785 2273 1853; x_wconf 85' lang='grc' dir='ltr'>χῆς</span> <span class='ocrx_word' id='word_1_248' title='bbox 2321 1784 2690 1854; x_wconf 84' lang='grc' dir='ltr'>παρετεὶνετο.</span> <span class='ocrx_word' id='word_1_249' title='bbox 2749 1762 3174 1854; x_wconf 78' lang='grc' dir='ltr'>Καταλαμόἀνει</span> <span class='ocrx_word' id='word_1_250' title='bbox 3235 1784 3328 1838; x_wconf 85' lang='grc' dir='ltr'>τὸν</span> <span class='ocrx_word' id='word_1_251' title='bbox 3371 1762 3754 1855; x_wconf 68' lang='grc' dir='ltr'>προρρηθέντα</span> 
     </span>
    </p>
   </div>
   <div class='ocr_carea' id='block_1_36' title="bbox 497 1857 2067 1943">
    <p class='ocr_par' dir='ltr' id='par_1_36' title="bbox 497 1857 2067 1943">
     <span class='ocr_line' id='line_1_36' title="bbox 497 1857 2067 1943; baseline 0.009 -30"><span class='ocrx_word' id='word_1_252' title='bbox 497 1857 750 1918; x_wconf 86' lang='lat' dir='ltr'><strong>Pervenit</strong></span> <span class='ocrx_word' id='word_1_253' title='bbox 798 1867 1016 1921; x_wconf 78' lang='lat' dir='ltr'><strong>tandem</strong></span> <span class='ocrx_word' id='word_1_254' title='bbox 1051 1869 1117 1922; x_wconf 90' lang='lat' dir='ltr'><strong>ad</strong></span> <span class='ocrx_word' id='word_1_255' title='bbox 1171 1869 1352 1923; x_wconf 89' lang='lat' dir='ltr'><strong>locum</strong></span> <span class='ocrx_word' id='word_1_256' title='bbox 1405 1870 1512 1925; x_wconf 88' lang='lat' dir='ltr'><strong>sibi</strong></span> <span class='ocrx_word' id='word_1_257' title='bbox 1565 1880 2067 1943; x_wconf 83' lang='lat' dir='ltr'><strong>praemonstratum,</strong></span> 
     </span>
    </p>
   </div>
   <div class='ocr_carea' id='block_1_37' title="bbox 496 1952 2072 2035">
    <p class='ocr_par' dir='ltr' id='par_1_37' title="bbox 496 1952 2072 2035">
     <span class='ocr_line' id='line_1_37' title="bbox 496 1952 2072 2035; baseline 0.007 -30"><span class='ocrx_word' id='word_1_258' title='bbox 496 1952 725 2006; x_wconf 68' lang='lat' dir='ltr'><strong>aediﬁcat</strong></span> <span class='ocrx_word' id='word_1_259' title='bbox 773 1953 883 2009; x_wconf 90' lang='lat' dir='ltr'><strong>Deo</strong></span> <span class='ocrx_word' id='word_1_260' title='bbox 918 1957 1112 2022; x_wconf 86' lang='lat' dir='ltr'><strong>altare,</strong></span> <span class='ocrx_word' id='word_1_261' title='bbox 1145 1957 1291 2014; x_wconf 91' lang='lat' dir='ltr'><strong>ﬁlius</strong></span> <span class='ocrx_word' id='word_1_262' title='bbox 1337 1959 1492 2028; x_wconf 90' lang='lat' dir='ltr'><strong>juxta</strong></span> <span class='ocrx_word' id='word_1_263' title='bbox 1543 1969 1753 2032; x_wconf 90' lang='lat' dir='ltr'><strong>patrem</strong></span> <span class='ocrx_word' id='word_1_264' title='bbox 1788 1963 1932 2035; x_wconf 88' lang='lat' dir='ltr'><strong>ligna</strong></span> <span class='ocrx_word' id='word_1_265' title='bbox 1971 1978 2072 2034; x_wconf 88' lang='lat' dir='ltr'><strong>po-</strong></span> 
     </span>
    </p>
   </div>
   <div class='ocr_carea' id='block_1_38' title="bbox 497 2046 2071 2127">
    <p class='ocr_par' dir='ltr' id='par_1_38' title="bbox 497 2046 2071 2127">
     <span class='ocr_line' id='line_1_38' title="bbox 497 2046 2071 2127; baseline 0.006 -27"><span class='ocrx_word' id='word_1_266' title='bbox 497 2046 682 2113; x_wconf 90' lang='lat' dir='ltr'><strong>nebat,</strong></span> <span class='ocrx_word' id='word_1_267' title='bbox 732 2049 1028 2118; x_wconf 86' lang='lat' dir='ltr'><strong>parabatur</strong></span> <span class='ocrx_word' id='word_1_268' title='bbox 1066 2065 1234 2121; x_wconf 80' lang='lat' dir='ltr'><strong>rogus</strong></span> <span class='ocrx_word' id='word_1_269' title='bbox 1261 2091 1276 2115; x_wconf 86' lang='lat'><strong>,</strong></span> <span class='ocrx_word' id='word_1_270' title='bbox 1313 2066 1378 2107; x_wconf 89' lang='lat' dir='ltr'><strong>ac</strong></span> <span class='ocrx_word' id='word_1_271' title='bbox 1411 2052 1653 2110; x_wconf 86' lang='lat' dir='ltr'><strong>nondum</strong></span> <span class='ocrx_word' id='word_1_272' title='bbox 1694 2070 1833 2126; x_wconf 91' lang='lat' dir='ltr'><strong>opus</strong></span> <span class='ocrx_word' id='word_1_273' title='bbox 1885 2056 2071 2127; x_wconf 88' lang='lat' dir='ltr'><strong>probi-</strong></span> 
     </span>
    </p>
   </div>
   <div class='ocr_carea' id='block_1_39' title="bbox 495 2135 2071 2218">
    <p class='ocr_par' dir='ltr' id='par_1_39' title="bbox 495 2135 2071 2218">
     <span class='ocr_line' id='line_1_39' title="bbox 495 2135 2071 2218; baseline 0.009 -28"><span class='ocrx_word' id='word_1_274' title='bbox 495 2135 656 2191; x_wconf 87' lang='lat' dir='ltr'><strong>betur</strong></span> <span class='ocrx_word' id='word_1_275' title='bbox 699 2153 766 2193; x_wconf 91' lang='lat' dir='ltr'><strong>ne</strong></span> <span class='ocrx_word' id='word_1_276' title='bbox 815 2140 939 2210; x_wconf 90' lang='lat' dir='ltr'><strong>quis</strong></span> <span class='ocrx_word' id='word_1_277' title='bbox 986 2141 1348 2211; x_wconf 89' lang='lat' dir='ltr'><strong>pusillanimis</strong></span> <span class='ocrx_word' id='word_1_278' title='bbox 1416 2143 1605 2211; x_wconf 88' lang='lat' dir='ltr'><strong>dicat,</strong></span> <span class='ocrx_word' id='word_1_279' title='bbox 1678 2147 1727 2203; x_wconf 89' lang='lat' dir='ltr'><strong>si</strong></span> <span class='ocrx_word' id='word_1_280' title='bbox 1789 2148 2071 2218; x_wconf 85' lang='lat' dir='ltr'><strong>hucusque</strong></span> 
     </span>
    </p>
   </div>
   <div class='ocr_carea' id='block_1_40' title="bbox 495 2231 2067 2312">
    <p class='ocr_par' dir='ltr' id='par_1_40' title="bbox 495 2231 2067 2312">
     <span class='ocr_line' id='line_1_40' title="bbox 495 2231 2067 2312; baseline 0.008 -29"><span class='ocrx_word' id='word_1_281' title='bbox 495 2231 856 2286; x_wconf 89' lang='lat' dir='ltr'><strong>tentationem</strong></span> <span class='ocrx_word' id='word_1_282' title='bbox 897 2235 1202 2290; x_wconf 86' lang='lat' dir='ltr'><strong>consistere</strong></span> <span class='ocrx_word' id='word_1_283' title='bbox 1241 2251 1305 2291; x_wconf 91' lang='lat' dir='ltr'><strong>ac</strong></span> <span class='ocrx_word' id='word_1_284' title='bbox 1346 2252 1668 2308; x_wconf 83' lang='lat' dir='ltr'><strong>permanere</strong></span> <span class='ocrx_word' id='word_1_285' title='bbox 1699 2242 2067 2312; x_wconf 83' lang='lat' dir='ltr'><strong>contigisset,</strong></span> 
     </span>
    </p>
   </div>
   <div class='ocr_carea' id='block_1_41' title="bbox 496 2323 2070 2388">
    <p class='ocr_par' dir='ltr' id='par_1_41' title="bbox 496 2323 2070 2388">
     <span class='ocr_line' id='line_1_41' title="bbox 496 2323 2070 2388; baseline 0.009 -14"><span class='ocrx_word' id='word_1_286' title='bbox 496 2336 606 2374; x_wconf 90' lang='lat' dir='ltr'><strong>non</strong></span> <span class='ocrx_word' id='word_1_287' title='bbox 661 2324 743 2377; x_wconf 89' lang='lat' dir='ltr'><strong>sui</strong></span> <span class='ocrx_word' id='word_1_288' title='bbox 775 2323 1008 2378; x_wconf 85' lang='lat' dir='ltr'><strong>similem</strong></span> <span class='ocrx_word' id='word_1_289' title='bbox 1053 2325 1107 2381; x_wconf 93' lang='lat' dir='ltr'><strong>in</strong></span> <span class='ocrx_word' id='word_1_290' title='bbox 1161 2327 1344 2384; x_wconf 89' lang='lat' dir='ltr'><strong>studio</strong></span> <span class='ocrx_word' id='word_1_291' title='bbox 1420 2330 1765 2386; x_wconf 90' lang='lat' dir='ltr'><strong>sacriﬁcandi</strong></span> <span class='ocrx_word' id='word_1_292' title='bbox 1822 2333 2070 2388; x_wconf 86' lang='lat' dir='ltr'><strong>Abraha-</strong></span> 
     </span>
    </p>
   </div>
   <div class='ocr_carea' id='block_1_42' title="bbox 495 2417 2069 2496">
    <p class='ocr_par' dir='ltr' id='par_1_42' title="bbox 495 2417 2069 2496">
     <span class='ocr_line' id='line_1_42' title="bbox 495 2417 2069 2496; baseline 0.012 -33"><span class='ocrx_word' id='word_1_293' title='bbox 495 2426 644 2464; x_wconf 90' lang='lat' dir='ltr'><strong>mum</strong></span> <span class='ocrx_word' id='word_1_294' title='bbox 697 2427 1114 2480; x_wconf 84' lang='lat' dir='ltr'><strong>permansurum</strong></span> <span class='ocrx_word' id='word_1_295' title='bbox 1170 2417 1342 2474; x_wconf 81' lang='lat' dir='ltr'><strong>fuisse</strong></span> <span class='ocrx_word' id='word_1_296' title='bbox 1374 2457 1390 2484; x_wconf 91' lang='lat'><strong>,</strong></span> <span class='ocrx_word' id='word_1_297' title='bbox 1447 2422 1494 2476; x_wconf 87' lang='lat' dir='ltr'><strong>si</strong></span> <span class='ocrx_word' id='word_1_298' title='bbox 1538 2421 1844 2481; x_wconf 77' lang='lat' dir='ltr'><strong>discrimini</strong></span> <span class='ocrx_word' id='word_1_299' title='bbox 1897 2426 2069 2496; x_wconf 88' lang='lat' dir='ltr'><strong>magis</strong></span> 
     </span>
    </p>
   </div>
   <div class='ocr_carea' id='block_1_43' title="bbox 495 2506 1332 2576">
    <p class='ocr_par' dir='ltr' id='par_1_43' title="bbox 495 2506 1332 2576">
     <span class='ocr_line' id='line_1_43' title="bbox 495 2506 1332 2576; baseline 0.01 -19"><span class='ocrx_word' id='word_1_300' title='bbox 495 2506 1006 2576; x_wconf 88' lang='lat' dir='ltr'><strong>appropinquasset.</strong></span> <span class='ocrx_word' id='word_1_301' title='bbox 1311 2509 1332 2530; x_wconf 76' lang='grc'><strong>”²</strong></span> 
     </span>
    </p>
   </div>
   <div class='ocr_carea' id='block_1_44' title="bbox 513 2598 2068 2678">
    <p class='ocr_par' dir='ltr' id='par_1_44' title="bbox 513 2598 2068 2678">
     <span class='ocr_line' id='line_1_44' title="bbox 513 2598 2068 2678; baseline 0.01 -26"><span class='ocrx_word' id='word_1_302' title='bbox 513 2607 517 2609; x_wconf 81' lang='grc'><strong>’</strong></span> <span class='ocrx_word' id='word_1_303' title='bbox 565 2598 693 2655; x_wconf 77' lang='lat' dir='ltr'><strong>Post</strong></span> <span class='ocrx_word' id='word_1_304' title='bbox 720 2601 835 2656; x_wconf 80' lang='lat' dir='ltr'><strong>haec</strong></span> <span class='ocrx_word' id='word_1_305' title='bbox 882 2611 1036 2673; x_wconf 91' lang='lat' dir='ltr'><strong>pater</strong></span> <span class='ocrx_word' id='word_1_306' title='bbox 1082 2604 1249 2659; x_wconf 92' lang='lat' dir='ltr'><strong>ﬁlium</strong></span> <span class='ocrx_word' id='word_1_307' title='bbox 1287 2607 1507 2678; x_wconf 88' lang='lat' dir='ltr'><strong>tangit,</strong></span> <span class='ocrx_word' id='word_1_308' title='bbox 1541 2624 1645 2664; x_wconf 86' lang='lat' dir='ltr'><strong>nec</strong></span> <span class='ocrx_word' id='word_1_309' title='bbox 1677 2625 1756 2665; x_wconf 84' lang='lat' dir='ltr'><strong>ret</strong></span> <span class='ocrx_word' id='word_1_310' title='bbox 1818 2612 2068 2678; x_wconf 67' lang='lat' dir='ltr'><strong>gerenda:</strong></span> 
     </span>
    </p>
   </div>
   <div class='ocr_carea' id='block_1_45' title="bbox 491 2681 2066 2768">
    <p class='ocr_par' dir='ltr' id='par_1_45' title="bbox 491 2681 2066 2768">
     <span class='ocr_line' id='line_1_45' title="bbox 491 2681 2066 2768; baseline 0.007 -22"><span class='ocrx_word' id='word_1_311' title='bbox 491 2699 686 2746; x_wconf 88' lang='lat' dir='ltr'><strong>natura</strong></span> <span class='ocrx_word' id='word_1_312' title='bbox 717 2693 1040 2749; x_wconf 86' lang='lat' dir='ltr'><strong>adversatur</strong></span> <span class='ocrx_word' id='word_1_313' title='bbox 1070 2715 1084 2750; x_wconf 89' lang='lat'><strong>:</strong></span> <span class='ocrx_word' id='word_1_314' title='bbox 1111 2681 1281 2751; x_wconf 86' lang='lat' dir='ltr'><strong>tradit</strong></span> <span class='ocrx_word' id='word_1_315' title='bbox 1308 2714 1430 2753; x_wconf 88' lang='lat' dir='ltr'><strong>sese</strong></span> <span class='ocrx_word' id='word_1_316' title='bbox 1461 2700 1599 2768; x_wconf 89' lang='lat' dir='ltr'><strong>patri</strong></span> <span class='ocrx_word' id='word_1_317' title='bbox 1636 2701 1780 2757; x_wconf 87' lang='lat' dir='ltr'><strong>ﬁlius</strong></span> <span class='ocrx_word' id='word_1_318' title='bbox 1821 2712 2066 2757; x_wconf 87' lang='lat' dir='ltr'><strong>tractan-</strong></span> 
     </span>
    </p>
   </div>
   <div class='ocr_carea' id='block_1_46' title="bbox 491 2783 2065 2855">
    <p class='ocr_par' dir='ltr' id='par_1_46' title="bbox 491 2783 2065 2855">
     <span class='ocr_line' id='line_1_46' title="bbox 491 2783 2065 2855; baseline 0.008 -17"><span class='ocrx_word' id='word_1_319' title='bbox 491 2783 651 2849; x_wconf 91' lang='lat' dir='ltr'><strong>dum,</strong></span> <span class='ocrx_word' id='word_1_320' title='bbox 715 2785 1176 2855; x_wconf 87' lang='lat' dir='ltr'><strong>quemadmodum</strong></span> <span class='ocrx_word' id='word_1_321' title='bbox 1213 2789 1305 2844; x_wconf 90' lang='lat' dir='ltr'><strong>ille</strong></span> <span class='ocrx_word' id='word_1_322' title='bbox 1354 2792 1532 2846; x_wconf 86' lang='lat' dir='ltr'><strong>vellet.</strong></span> <span class='ocrx_word' id='word_1_323' title='bbox 1594 2790 1788 2846; x_wconf 86' lang='lat' dir='ltr'><strong>Utrum</strong></span> <span class='ocrx_word' id='word_1_324' title='bbox 1848 2795 2065 2850; x_wconf 91' lang='lat' dir='ltr'><strong>illorum</strong></span> 
     </span>
    </p>
   </div>
   <div class='ocr_carea' id='block_1_47' title="bbox 490 2874 2065 2953">
    <p class='ocr_par' dir='ltr' id='par_1_47' title="bbox 490 2874 2065 2953">
     <span class='ocr_line' id='line_1_47' title="bbox 490 2874 2065 2953; baseline 0.009 -25"><span class='ocrx_word' id='word_1_325' title='bbox 490 2874 720 2929; x_wconf 91' lang='lat' dir='ltr'><strong>duorum</strong></span> <span class='ocrx_word' id='word_1_326' title='bbox 755 2876 876 2946; x_wconf 91' lang='lat' dir='ltr'><strong>plus</strong></span> <span class='ocrx_word' id='word_1_327' title='bbox 923 2877 1204 2933; x_wconf 83' lang='lat' dir='ltr'><strong>admirer?</strong></span> <span class='ocrx_word' id='word_1_328' title='bbox 1239 2879 1385 2935; x_wconf 87' lang='lat' dir='ltr'><strong>hunc</strong></span> <span class='ocrx_word' id='word_1_329' title='bbox 1417 2882 1511 2950; x_wconf 93' lang='lat' dir='ltr'><strong>qui</strong></span> <span class='ocrx_word' id='word_1_330' title='bbox 1543 2891 1765 2953; x_wconf 89' lang='lat' dir='ltr'><strong>propter</strong></span> <span class='ocrx_word' id='word_1_331' title='bbox 1817 2885 2065 2943; x_wconf 86' lang='lat' dir='ltr'><strong>dilectio-</strong></span> 
     </span>
    </p>
   </div>
   <div class='ocr_carea' id='block_1_48' title="bbox 489 2969 2062 3050">
    <p class='ocr_par' dir='ltr' id='par_1_48' title="bbox 489 2969 2062 3050">
     <span class='ocr_line' id='line_1_48' title="bbox 489 2969 2062 3050; baseline 0.007 -28"><span class='ocrx_word' id='word_1_332' title='bbox 489 2983 613 3022; x_wconf 88' lang='lat' dir='ltr'><strong>nem</strong></span> <span class='ocrx_word' id='word_1_333' title='bbox 661 2984 788 3040; x_wconf 86' lang='lat' dir='ltr'><strong>erga</strong></span> <span class='ocrx_word' id='word_1_334' title='bbox 819 2969 988 3024; x_wconf 85' lang='lat' dir='ltr'><strong>Deum</strong></span> <span class='ocrx_word' id='word_1_335' title='bbox 1031 2971 1144 3024; x_wconf 92' lang='lat' dir='ltr'><strong>ﬁlio</strong></span> <span class='ocrx_word' id='word_1_336' title='bbox 1176 2987 1369 3029; x_wconf 89' lang='lat' dir='ltr'><strong>manus</strong></span> <span class='ocrx_word' id='word_1_337' title='bbox 1403 2975 1626 3044; x_wconf 86' lang='lat' dir='ltr'><strong>injecit,</strong></span> <span class='ocrx_word' id='word_1_338' title='bbox 1671 2993 1740 3031; x_wconf 91' lang='lat' dir='ltr'><strong>an</strong></span> <span class='ocrx_word' id='word_1_339' title='bbox 1781 2979 1932 3032; x_wconf 85' lang='lat' dir='ltr'><strong>illum</strong></span> <span class='ocrx_word' id='word_1_340' title='bbox 1969 2980 2062 3050; x_wconf 88' lang='lat' dir='ltr'><strong>qui</strong></span> 
     </span>
    </p>
   </div>
   <div class='ocr_carea' id='block_1_49' title="bbox 487 3061 2063 3135">
    <p class='ocr_par' dir='ltr' id='par_1_49' title="bbox 487 3061 2063 3135">
     <span class='ocr_line' id='line_1_49' title="bbox 487 3061 2063 3135; baseline 0.008 -22"><span class='ocrx_word' id='word_1_341' title='bbox 487 3061 628 3130; x_wconf 91' lang='lat' dir='ltr'><strong>patri</strong></span> <span class='ocrx_word' id='word_1_342' title='bbox 672 3078 842 3132; x_wconf 88' lang='lat' dir='ltr'><strong>usque</strong></span> <span class='ocrx_word' id='word_1_343' title='bbox 929 3061 996 3116; x_wconf 90' lang='lat' dir='ltr'><strong>ad</strong></span> <span class='ocrx_word' id='word_1_344' title='bbox 1050 3073 1276 3118; x_wconf 89' lang='lat' dir='ltr'><strong>mortem</strong></span> <span class='ocrx_word' id='word_1_345' title='bbox 1338 3067 1564 3135; x_wconf 88' lang='lat' dir='ltr'><strong>parebat</strong></span> <span class='ocrx_word' id='word_1_346' title='bbox 1624 3082 1679 3122; x_wconf 91' lang='lat' dir='ltr'><strong>et</strong></span> <span class='ocrx_word' id='word_1_347' title='bbox 1727 3070 2063 3125; x_wconf 84' lang='lat' dir='ltr'><strong>obediebat?</strong></span> 
     </span>
    </p>
   </div>
   <div class='ocr_carea' id='block_1_50' title="bbox 487 3151 2058 3232">
    <p class='ocr_par' dir='ltr' id='par_1_50' title="bbox 487 3151 2058 3232">
     <span class='ocr_line' id='line_1_50' title="bbox 487 3151 2058 3232; baseline 0.005 -21"><span class='ocrx_word' id='word_1_348' title='bbox 487 3151 712 3211; x_wconf 84' lang='lat' dir='ltr'><strong>Certant</strong></span> <span class='ocrx_word' id='word_1_349' title='bbox 780 3156 925 3209; x_wconf 90' lang='lat' dir='ltr'><strong>inter</strong></span> <span class='ocrx_word' id='word_1_350' title='bbox 973 3171 1132 3219; x_wconf 87' lang='lat' dir='ltr'><strong>sese,</strong></span> <span class='ocrx_word' id='word_1_351' title='bbox 1186 3157 1276 3212; x_wconf 88' lang='lat' dir='ltr'><strong>hic</strong></span> <span class='ocrx_word' id='word_1_352' title='bbox 1315 3159 1534 3228; x_wconf 83' lang='lat' dir='ltr'><strong>quidem</strong></span> <span class='ocrx_word' id='word_1_353' title='bbox 1592 3177 1760 3232; x_wconf 86' lang='lat' dir='ltr'><strong>super</strong></span> <span class='ocrx_word' id='word_1_354' title='bbox 1809 3175 2058 3220; x_wconf 87' lang='lat' dir='ltr'><strong>naturam</strong></span> 
     </span>
    </p>
   </div>
   <div class='ocr_carea' id='block_1_51' title="bbox 486 3247 2060 3322">
    <p class='ocr_par' dir='ltr' id='par_1_51' title="bbox 486 3247 2060 3322">
     <span class='ocr_line' id='line_1_51' title="bbox 486 3247 2060 3322; baseline 0.006 -20"><span class='ocrx_word' id='word_1_355' title='bbox 486 3262 607 3303; x_wconf 88' lang='lat' dir='ltr'><strong>sese</strong></span> <span class='ocrx_word' id='word_1_356' title='bbox 638 3248 867 3310; x_wconf 90' lang='lat' dir='ltr'><strong>tollens,</strong></span> <span class='ocrx_word' id='word_1_357' title='bbox 921 3247 1010 3303; x_wconf 89' lang='lat' dir='ltr'><strong>ille</strong></span> <span class='ocrx_word' id='word_1_358' title='bbox 1041 3263 1171 3304; x_wconf 88' lang='lat' dir='ltr'><strong>vero</strong></span> <span class='ocrx_word' id='word_1_359' title='bbox 1220 3259 1395 3304; x_wconf 78' lang='lat' dir='ltr'><strong>morte</strong></span> <span class='ocrx_word' id='word_1_360' title='bbox 1433 3253 1652 3322; x_wconf 82' lang='lat' dir='ltr'><strong>gravius</strong></span> <span class='ocrx_word' id='word_1_361' title='bbox 1698 3265 1752 3309; x_wconf 93' lang='lat' dir='ltr'><strong>et</strong></span> <span class='ocrx_word' id='word_1_362' title='bbox 1817 3257 2060 3313; x_wconf 90' lang='lat' dir='ltr'><strong>atrocius</strong></span> 
     </span>
    </p>
   </div>
   <div class='ocr_carea' id='block_1_52' title="bbox 484 3338 2062 3414">
    <p class='ocr_par' dir='ltr' id='par_1_52' title="bbox 484 3338 2062 3414">
     <span class='ocr_line' id='line_1_52' title="bbox 484 3338 2062 3414; baseline 0.006 -19"><span class='ocrx_word' id='word_1_363' title='bbox 484 3354 610 3395; x_wconf 88' lang='lat' dir='ltr'><strong>esse</strong></span> <span class='ocrx_word' id='word_1_364' title='bbox 651 3339 860 3392; x_wconf 86' lang='lat' dir='ltr'><strong>ducens</strong></span> <span class='ocrx_word' id='word_1_365' title='bbox 907 3338 1188 3394; x_wconf 86' lang='lat' dir='ltr'><strong>adversari</strong></span> <span class='ocrx_word' id='word_1_366' title='bbox 1226 3348 1389 3410; x_wconf 90' lang='lat' dir='ltr'><strong>atque</strong></span> <span class='ocrx_word' id='word_1_367' title='bbox 1421 3342 1680 3399; x_wconf 87' lang='lat' dir='ltr'><strong>resistere</strong></span> <span class='ocrx_word' id='word_1_368' title='bbox 1705 3347 1867 3414; x_wconf 89' lang='lat' dir='ltr'><strong>patri.</strong></span> <span class='ocrx_word' id='word_1_369' title='bbox 1900 3347 2062 3404; x_wconf 83' lang='lat' dir='ltr'><strong>Dein-</strong></span> 
     </span>
    </p>
   </div>
   <div class='ocr_carea' id='block_1_53' title="bbox 485 3429 2057 3510">
    <p class='ocr_par' dir='ltr' id='par_1_53' title="bbox 485 3429 2057 3510">
     <span class='ocr_line' id='line_1_53' title="bbox 485 3429 2057 3510; baseline 0.007 -26"><span class='ocrx_word' id='word_1_370' title='bbox 485 3431 553 3486; x_wconf 90' lang='lat' dir='ltr'><strong>de</strong></span> <span class='ocrx_word' id='word_1_371' title='bbox 595 3431 748 3499; x_wconf 90' lang='lat' dir='ltr'><strong>prius</strong></span> <span class='ocrx_word' id='word_1_372' title='bbox 794 3429 1031 3486; x_wconf 82' lang='lat' dir='ltr'><strong>vinculis</strong></span> <span class='ocrx_word' id='word_1_373' title='bbox 1056 3430 1226 3486; x_wconf 79' lang='lat' dir='ltr'><strong>ﬁlium</strong></span> <span class='ocrx_word' id='word_1_374' title='bbox 1274 3440 1430 3503; x_wconf 81' lang='lat' dir='ltr'><strong>pater</strong></span> <span class='ocrx_word' id='word_1_375' title='bbox 1477 3437 1825 3508; x_wconf 86' lang='lat' dir='ltr'><strong>constringit.</strong></span> <span class='ocrx_word' id='word_1_376' title='bbox 1874 3439 2057 3510; x_wconf 70' lang='lat' dir='ltr'><strong>Saepe-</strong></span> 
     </span>
    </p>
   </div>
   <div class='ocr_carea' id='block_1_54' title="bbox 486 3521 2056 3602">
    <p class='ocr_par' dir='ltr' id='par_1_54' title="bbox 486 3521 2056 3602">
     <span class='ocr_line' id='line_1_54' title="bbox 486 3521 2056 3602; baseline 0.007 -26"><span class='ocrx_word' id='word_1_377' title='bbox 486 3536 714 3577; x_wconf 82' lang='lat' dir='ltr'><strong>numero</strong></span> <span class='ocrx_word' id='word_1_378' title='bbox 743 3521 1070 3579; x_wconf 82' lang='lat' dir='ltr'><strong>miserabilis</strong></span> <span class='ocrx_word' id='word_1_379' title='bbox 1102 3524 1267 3595; x_wconf 86' lang='lat' dir='ltr'><strong>hujus</strong></span> <span class='ocrx_word' id='word_1_380' title='bbox 1303 3526 1379 3580; x_wconf 79' lang='lat' dir='ltr'><strong>rei</strong></span> <span class='ocrx_word' id='word_1_381' title='bbox 1410 3525 1703 3599; x_wconf 87' lang='lat' dir='ltr'><strong>imaginem</strong></span> <span class='ocrx_word' id='word_1_382' title='bbox 1736 3531 1791 3586; x_wconf 94' lang='lat' dir='ltr'><strong>in</strong></span> <span class='ocrx_word' id='word_1_383' title='bbox 1844 3532 2056 3602; x_wconf 90' lang='lat' dir='ltr'><strong>pictura</strong></span> 
     </span>
    </p>
   </div>
   <div class='ocr_carea' id='block_1_55' title="bbox 483 3611 2056 3691">
    <p class='ocr_par' dir='ltr' id='par_1_55' title="bbox 483 3611 2056 3691">
     <span class='ocr_line' id='line_1_55' title="bbox 483 3611 2056 3691; baseline 0.009 -26"><span class='ocrx_word' id='word_1_384' title='bbox 483 3611 595 3666; x_wconf 87' lang='lat' dir='ltr'><strong>vidi</strong></span> <span class='ocrx_word' id='word_1_385' title='bbox 627 3651 642 3676; x_wconf 93' lang='lat'><strong>,</strong></span> <span class='ocrx_word' id='word_1_386' title='bbox 677 3627 777 3667; x_wconf 87' lang='lat' dir='ltr'><strong>nec</strong></span> <span class='ocrx_word' id='word_1_387' title='bbox 816 3613 1024 3683; x_wconf 85' lang='lat' dir='ltr'><strong>absque</strong></span> <span class='ocrx_word' id='word_1_388' title='bbox 1079 3614 1338 3686; x_wconf 88' lang='lat' dir='ltr'><strong>lacrymis</strong></span> <span class='ocrx_word' id='word_1_389' title='bbox 1366 3621 1740 3687; x_wconf 81' lang='lat' dir='ltr'><strong>spectaculum</strong></span> <span class='ocrx_word' id='word_1_390' title='bbox 1799 3625 2056 3691; x_wconf 69' lang='lat' dir='ltr'><strong>praeterii,</strong></span> 
     </span>
    </p>
   </div>
   <div class='ocr_carea' id='block_1_56' title="bbox 483 3703 2058 3785">
    <p class='ocr_par' dir='ltr' id='par_1_56' title="bbox 483 3703 2058 3785">
     <span class='ocr_line' id='line_1_56' title="bbox 483 3703 2058 3785; baseline 0.008 -26"><span class='ocrx_word' id='word_1_391' title='bbox 483 3703 618 3760; x_wconf 86' lang='lat' dir='ltr'><strong>adeo</strong></span> <span class='ocrx_word' id='word_1_392' title='bbox 651 3705 932 3775; x_wconf 89' lang='lat' dir='ltr'><strong>perspicue</strong></span> <span class='ocrx_word' id='word_1_393' title='bbox 964 3713 1125 3778; x_wconf 80' lang='lat' dir='ltr'><strong>atque</strong></span> <span class='ocrx_word' id='word_1_394' title='bbox 1173 3708 1454 3764; x_wconf 86' lang='lat' dir='ltr'><strong>evidenter</strong></span> <span class='ocrx_word' id='word_1_395' title='bbox 1507 3726 1596 3768; x_wconf 90' lang='lat' dir='ltr'><strong>ars</strong></span> <span class='ocrx_word' id='word_1_396' title='bbox 1630 3713 1884 3785; x_wconf 87' lang='lat' dir='ltr'><strong>pingendi</strong></span> <span class='ocrx_word' id='word_1_397' title='bbox 1922 3731 2058 3772; x_wconf 81' lang='lat' dir='ltr'><strong>ocu-</strong></span> 
     </span>
    </p>
   </div>
   <div class='ocr_carea' id='block_1_57' title="bbox 482 3795 2057 3870">
    <p class='ocr_par' dir='ltr' id='par_1_57' title="bbox 482 3795 2057 3870">
     <span class='ocr_line' id='line_1_57' title="bbox 482 3795 2057 3870; baseline 0.011 -20"><span class='ocrx_word' id='word_1_398' title='bbox 482 3795 552 3853; x_wconf 88' lang='lat' dir='ltr'><strong>lis</strong></span> <span class='ocrx_word' id='word_1_399' title='bbox 595 3813 708 3852; x_wconf 92' lang='lat' dir='ltr'><strong>rem</strong></span> <span class='ocrx_word' id='word_1_400' title='bbox 748 3807 954 3868; x_wconf 85' lang='lat' dir='ltr'><strong>gestam</strong></span> <span class='ocrx_word' id='word_1_401' title='bbox 1005 3799 1260 3870; x_wconf 86' lang='lat' dir='ltr'><strong>subjecit.</strong></span> <span class='ocrx_word' id='word_1_402' title='bbox 1332 3801 1650 3860; x_wconf 90' lang='lat' dir='ltr'><strong>Procumbit</strong></span> <span class='ocrx_word' id='word_1_403' title='bbox 1721 3806 1873 3864; x_wconf 87' lang='lat' dir='ltr'><strong>lsaac</strong></span> <span class='ocrx_word' id='word_1_404' title='bbox 1931 3821 2057 3867; x_wconf 89' lang='lat' dir='ltr'><strong>ante</strong></span> 
     </span>
    </p>
   </div>
   <div class='ocr_carea' id='block_1_58' title="bbox 479 3892 2053 3970">
    <p class='ocr_par' dir='ltr' id='par_1_58' title="bbox 479 3892 2053 3970">
     <span class='ocr_line' id='line_1_58' title="bbox 479 3892 2053 3970; baseline 0.01 -27"><span class='ocrx_word' id='word_1_405' title='bbox 479 3898 690 3960; x_wconf 88' lang='lat' dir='ltr'><strong>patrem</strong></span> <span class='ocrx_word' id='word_1_406' title='bbox 721 3900 944 3962; x_wconf 89' lang='lat' dir='ltr'><strong>propter</strong></span> <span class='ocrx_word' id='word_1_407' title='bbox 995 3892 1173 3961; x_wconf 90' lang='lat' dir='ltr'><strong>ipsum</strong></span> <span class='ocrx_word' id='word_1_408' title='bbox 1213 3896 1385 3950; x_wconf 87' lang='lat' dir='ltr'><strong>altare</strong></span> <span class='ocrx_word' id='word_1_409' title='bbox 1418 3896 1572 3952; x_wconf 86' lang='lat' dir='ltr'><strong>ﬁexis</strong></span> <span class='ocrx_word' id='word_1_410' title='bbox 1601 3901 1830 3970; x_wconf 87' lang='lat' dir='ltr'><strong>genibus</strong></span> <span class='ocrx_word' id='word_1_411' title='bbox 1872 3903 2053 3968; x_wconf 81' lang='lat' dir='ltr'><strong>nixus,</strong></span> 
     </span>
    </p>
   </div>
   <div class='ocr_carea' id='block_1_59' title="bbox 477 3984 2056 4047">
    <p class='ocr_par' dir='ltr' id='par_1_59' title="bbox 477 3984 2056 4047">
     <span class='ocr_line' id='line_1_59' title="bbox 477 3984 2056 4047; baseline 0.008 -13"><span class='ocrx_word' id='word_1_412' title='bbox 477 3987 534 4034; x_wconf 82' lang='lat' dir='ltr'><strong>et</strong></span> <span class='ocrx_word' id='word_1_413' title='bbox 582 3995 778 4038; x_wconf 84' lang='lat' dir='ltr'><strong>manus</strong></span> <span class='ocrx_word' id='word_1_414' title='bbox 823 3991 1124 4037; x_wconf 88' lang='lat' dir='ltr'><strong>retrorsum</strong></span> <span class='ocrx_word' id='word_1_415' title='bbox 1179 3984 1388 4041; x_wconf 87' lang='lat' dir='ltr'><strong>habens</strong></span> <span class='ocrx_word' id='word_1_416' title='bbox 1448 3987 1754 4044; x_wconf 88' lang='lat' dir='ltr'><strong>adductas:</strong></span> <span class='ocrx_word' id='word_1_417' title='bbox 1794 3991 1883 4044; x_wconf 91' lang='lat' dir='ltr'><strong>ille</strong></span> <span class='ocrx_word' id='word_1_418' title='bbox 1933 4010 2056 4047; x_wconf 79' lang='lat' dir='ltr'><strong>vero</strong></span> 
     </span>
    </p>
   </div>
   <div class='ocr_carea' id='block_1_60' title="bbox 477 4076 2056 4148">
    <p class='ocr_par' dir='ltr' id='par_1_60' title="bbox 477 4076 2056 4148">
     <span class='ocr_line' id='line_1_60' title="bbox 477 4076 2056 4148; baseline 0.009 -22"><span class='ocrx_word' id='word_1_419' title='bbox 477 4078 603 4142; x_wconf 85' lang='lat' dir='ltr'><strong>post</strong></span> <span class='ocrx_word' id='word_1_420' title='bbox 656 4088 890 4142; x_wconf 59' lang='lat' dir='ltr'><strong>genuum</strong></span> <span class='ocrx_word' id='word_1_421' title='bbox 944 4085 1296 4130; x_wconf 82' lang='lat' dir='ltr'><strong>curvaturam</strong></span> <span class='ocrx_word' id='word_1_422' title='bbox 1370 4076 1600 4148; x_wconf 79' lang='lat' dir='ltr'><strong>pedibus</strong></span> <span class='ocrx_word' id='word_1_423' title='bbox 1670 4081 1969 4147; x_wconf 89' lang='lat' dir='ltr'><strong>insistens,</strong></span> <span class='ocrx_word' id='word_1_424' title='bbox 2002 4095 2056 4140; x_wconf 88' lang='lat' dir='ltr'><strong>et</strong></span> 
     </span>
    </p>
   </div>
   <div class='ocr_carea' id='block_1_61' title="bbox 475 4163 2052 4240">
    <p class='ocr_par' dir='ltr' id='par_1_61' title="bbox 475 4163 2052 4240">
     <span class='ocr_line' id='line_1_61' title="bbox 475 4163 2052 4240; baseline 0.008 -22"><span class='ocrx_word' id='word_1_425' title='bbox 475 4163 702 4218; x_wconf 88' lang='lat' dir='ltr'><strong>sinistra</strong></span> <span class='ocrx_word' id='word_1_426' title='bbox 765 4181 930 4220; x_wconf 89' lang='lat' dir='ltr'><strong>manu</strong></span> <span class='ocrx_word' id='word_1_427' title='bbox 997 4167 1251 4236; x_wconf 85' lang='lat' dir='ltr'><strong>capillum</strong></span> <span class='ocrx_word' id='word_1_428' title='bbox 1294 4167 1413 4238; x_wconf 89' lang='lat' dir='ltr'><strong>ejus</strong></span> <span class='ocrx_word' id='word_1_429' title='bbox 1453 4170 1520 4225; x_wconf 90' lang='lat' dir='ltr'><strong>ad</strong></span> <span class='ocrx_word' id='word_1_430' title='bbox 1566 4187 1690 4227; x_wconf 82' lang='lat' dir='ltr'><strong>sese</strong></span> <span class='ocrx_word' id='word_1_431' title='bbox 1736 4174 2052 4240; x_wconf 85' lang='lat' dir='ltr'><strong>adducens,</strong></span> 
     </span>
    </p>
   </div>
   <div class='ocr_carea' id='block_1_62' title="bbox 476 4254 2052 4327">
    <p class='ocr_par' dir='ltr' id='par_1_62' title="bbox 476 4254 2052 4327">
     <span class='ocr_line' id='line_1_62' title="bbox 476 4254 2052 4327; baseline 0.01 -20"><span class='ocrx_word' id='word_1_432' title='bbox 476 4254 740 4311; x_wconf 89' lang='lat' dir='ltr'><strong>inclinato</strong></span> <span class='ocrx_word' id='word_1_433' title='bbox 793 4258 972 4327; x_wconf 86' lang='lat' dir='ltr'><strong>capite</strong></span> <span class='ocrx_word' id='word_1_434' title='bbox 1034 4259 1278 4314; x_wconf 91' lang='lat' dir='ltr'><strong>intuetur</strong></span> <span class='ocrx_word' id='word_1_435' title='bbox 1305 4262 1514 4317; x_wconf 91' lang='lat' dir='ltr'><strong>vultum</strong></span> <span class='ocrx_word' id='word_1_436' title='bbox 1569 4265 1955 4323; x_wconf 84' lang='lat' dir='ltr'><strong>miserabiliter</strong></span> <span class='ocrx_word' id='word_1_437' title='bbox 1984 4269 2052 4322; x_wconf 90' lang='lat' dir='ltr'><strong>ad</strong></span> 
     </span>
    </p>
   </div>
   <div class='ocr_carea' id='block_1_63' title="bbox 473 4345 2053 4430">
    <p class='ocr_par' dir='ltr' id='par_1_63' title="bbox 473 4345 2053 4430">
     <span class='ocr_line' id='line_1_63' title="bbox 473 4345 2053 4430; baseline 0.009 -31"><span class='ocrx_word' id='word_1_438' title='bbox 473 4345 650 4414; x_wconf 89' lang='lat' dir='ltr'><strong>ipsum</strong></span> <span class='ocrx_word' id='word_1_439' title='bbox 683 4347 873 4402; x_wconf 92' lang='lat' dir='ltr'><strong>oculos</strong></span> <span class='ocrx_word' id='word_1_440' title='bbox 899 4350 1298 4413; x_wconf 88' lang='lat' dir='ltr'><strong>attollentis,ac</strong></span> <span class='ocrx_word' id='word_1_441' title='bbox 1327 4352 1608 4409; x_wconf 76' lang='lat' dir='ltr'><strong>dexteram</strong></span> <span class='ocrx_word' id='word_1_442' title='bbox 1638 4369 1902 4412; x_wconf 86' lang='lat' dir='ltr'><strong>armatam</strong></span> <span class='ocrx_word' id='word_1_443' title='bbox 1933 4361 2053 4430; x_wconf 76' lang='lat' dir='ltr'><strong>gla-</strong></span> 
     </span>
    </p>
   </div>
   <div class='ocr_carea' id='block_1_64' title="bbox 2170 1873 3754 1946">
    <p class='ocr_par' dir='ltr' id='par_1_64' title="bbox 2170 1873 3754 1946">
     <span class='ocr_line' id='line_1_64' title="bbox 2170 1873 3754 1946; baseline -0.001 -21"><span class='ocrx_word' id='word_1_444' title='bbox 2170 1873 2344 1943; x_wconf 86' lang='grc' dir='ltr'>χῶρον</span> <span class='ocrx_word' id='word_1_445' title='bbox 2378 1873 2546 1944; x_wconf 85' lang='grc' dir='ltr'>αύτῷ,</span> <span class='ocrx_word' id='word_1_446' title='bbox 2586 1875 2857 1944; x_wconf 80' lang='grc' dir='ltr'>οἰκοδομεῖ</span> <span class='ocrx_word' id='word_1_447' title='bbox 2885 1874 2962 1946; x_wconf 82' lang='grc' dir='ltr'><strong>τῷ</strong></span> <span class='ocrx_word' id='word_1_448' title='bbox 2987 1874 3106 1946; x_wconf 86' lang='grc' dir='ltr'><strong>Θεῷ</strong></span> <span class='ocrx_word' id='word_1_449' title='bbox 3150 1874 3211 1928; x_wconf 77' lang='grc' dir='ltr'>τὸ</span> <span class='ocrx_word' id='word_1_450' title='bbox 3253 1874 3667 1944; x_wconf 85' lang='grc' dir='ltr'>θυσιαστήριον,</span> <span class='ocrx_word' id='word_1_451' title='bbox 3719 1873 3754 1924; x_wconf 82' lang='grc' dir='ltr'><strong>ό</strong></span> 
     </span>
    </p>
   </div>
   <div class='ocr_carea' id='block_1_65' title="bbox 2171 1964 3749 2038">
    <p class='ocr_par' dir='ltr' id='par_1_65' title="bbox 2171 1964 3749 2038">
     <span class='ocr_line' id='line_1_65' title="bbox 2171 1964 3749 2038; baseline -0.001 -20"><span class='ocrx_word' id='word_1_452' title='bbox 2171 1967 2300 2029; x_wconf 85' lang='grc' dir='ltr'>παῖς</span> <span class='ocrx_word' id='word_1_453' title='bbox 2327 1966 2592 2036; x_wconf 84' lang='grc' dir='ltr'>παρετίθη</span> <span class='ocrx_word' id='word_1_454' title='bbox 2643 1965 2722 2036; x_wconf 83' lang='grc' dir='ltr'><strong>τῷ</strong></span> <span class='ocrx_word' id='word_1_455' title='bbox 2750 1967 2921 2037; x_wconf 74' lang='grc' dir='ltr'>πατρὶ</span> <span class='ocrx_word' id='word_1_456' title='bbox 2968 1965 3067 2028; x_wconf 76' lang='grc' dir='ltr'><strong>τὰς</strong></span> <span class='ocrx_word' id='word_1_457' title='bbox 3114 1964 3282 2030; x_wconf 78' lang='grc' dir='ltr'>ῦλαςο</span> <span class='ocrx_word' id='word_1_458' title='bbox 3342 1965 3668 2038; x_wconf 75' lang='grc' dir='ltr'><strong>ἡτοιμάζετο</strong></span> <span class='ocrx_word' id='word_1_459' title='bbox 3711 1966 3749 2034; x_wconf 76' lang='grc' dir='ltr'><strong>ἡ</strong></span> 
     </span>
    </p>
   </div>
   <div class='ocr_carea' id='block_1_66' title="bbox 2169 2056 3752 2131">
    <p class='ocr_par' dir='ltr' id='par_1_66' title="bbox 2169 2056 3752 2131">
     <span class='ocr_line' id='line_1_66' title="bbox 2169 2056 3752 2131; baseline 0 -22"><span class='ocrx_word' id='word_1_460' title='bbox 2169 2056 2338 2128; x_wconf 84' lang='grc' dir='ltr'>πυρὰ,</span> <span class='ocrx_word' id='word_1_461' title='bbox 2368 2058 2463 2112; x_wconf 77' lang='grc' dir='ltr'><strong>καὶ</strong></span> <span class='ocrx_word' id='word_1_462' title='bbox 2490 2057 2642 2111; x_wconf 74' lang='grc' dir='ltr'>οὔπω</span> <span class='ocrx_word' id='word_1_463' title='bbox 2669 2057 2729 2111; x_wconf 82' lang='grc' dir='ltr'>τὸ</span> <span class='ocrx_word' id='word_1_464' title='bbox 2774 2058 2934 2131; x_wconf 78' lang='grc' dir='ltr'>ἔργον</span> <span class='ocrx_word' id='word_1_465' title='bbox 2962 2059 3228 2112; x_wconf 80' lang='grc' dir='ltr'>κωλύεται</span> <span class='ocrx_word' id='word_1_466' title='bbox 3247 2076 3262 2090; x_wconf 75' lang='grc' dir='ltr'><strong>ο</strong></span> <span class='ocrx_word' id='word_1_467' title='bbox 3317 2059 3393 2121; x_wconf 82' lang='grc' dir='ltr'><strong>ὡς</strong></span> <span class='ocrx_word' id='word_1_468' title='bbox 3419 2057 3485 2110; x_wconf 78' lang='grc' dir='ltr'>ἂν</span> <span class='ocrx_word' id='word_1_469' title='bbox 3543 2056 3621 2127; x_wconf 82' lang='grc' dir='ltr'>μή</span> <span class='ocrx_word' id='word_1_470' title='bbox 3665 2073 3752 2120; x_wconf 88' lang='grc' dir='ltr'><strong>τις</strong></span> 
     </span>
    </p>
   </div>
   <div class='ocr_carea' id='block_1_67' title="bbox 2167 2145 3750 2222">
    <p class='ocr_par' dir='ltr' id='par_1_67' title="bbox 2167 2145 3750 2222">
     <span class='ocr_line' id='line_1_67' title="bbox 2167 2145 3750 2222; baseline -0.003 -19"><span class='ocrx_word' id='word_1_471' title='bbox 2167 2148 2276 2203; x_wconf 87' lang='grc' dir='ltr'><strong>τῶν</strong></span> <span class='ocrx_word' id='word_1_472' title='bbox 2304 2148 2778 2222; x_wconf 78' lang='grc' dir='ltr'>μικροψυχοτέρων</span> <span class='ocrx_word' id='word_1_473' title='bbox 2809 2151 2973 2218; x_wconf 77' lang='grc' dir='ltr'>εἴποι,</span> <span class='ocrx_word' id='word_1_474' title='bbox 2999 2152 3048 2203; x_wconf 85' lang='grc' dir='ltr'><strong>εί</strong></span> <span class='ocrx_word' id='word_1_475' title='bbox 3081 2149 3273 2220; x_wconf 83' lang='grc' dir='ltr'>μέχρις</span> <span class='ocrx_word' id='word_1_476' title='bbox 3302 2149 3510 2202; x_wconf 85' lang='grc' dir='ltr'>ἐκείνου</span> <span class='ocrx_word' id='word_1_477' title='bbox 3546 2145 3750 2216; x_wconf 79' lang='grc' dir='ltr'>συνέϐη</span> 
     </span>
    </p>
   </div>
   <div class='ocr_carea' id='block_1_68' title="bbox 2170 2239 3750 2314">
    <p class='ocr_par' dir='ltr' id='par_1_68' title="bbox 2170 2239 3750 2314">
     <span class='ocr_line' id='line_1_68' title="bbox 2170 2239 3750 2314; baseline -0.001 -20"><span class='ocrx_word' id='word_1_478' title='bbox 2170 2242 2358 2313; x_wconf 85' lang='grc' dir='ltr'>στῆναι</span> <span class='ocrx_word' id='word_1_479' title='bbox 2404 2242 2501 2314; x_wconf 82' lang='grc' dir='ltr'>τὴν</span> <span class='ocrx_word' id='word_1_480' title='bbox 2528 2245 2721 2313; x_wconf 89' lang='grc' dir='ltr'>πεῖραν</span> <span class='ocrx_word' id='word_1_481' title='bbox 2747 2282 2762 2306; x_wconf 91' lang='grc'><strong>,</strong></span> <span class='ocrx_word' id='word_1_482' title='bbox 2803 2245 2904 2296; x_wconf 75' lang='grc' dir='ltr'>οὐκ</span> <span class='ocrx_word' id='word_1_483' title='bbox 2938 2245 3004 2296; x_wconf 80' lang='grc' dir='ltr'>ἂν</span> <span class='ocrx_word' id='word_1_484' title='bbox 3038 2243 3197 2307; x_wconf 75' lang='grc' dir='ltr'>αὐτὸς</span> <span class='ocrx_word' id='word_1_485' title='bbox 3226 2241 3491 2312; x_wconf 84' lang='grc' dir='ltr'>διέμεινεν</span> <span class='ocrx_word' id='word_1_486' title='bbox 3524 2239 3750 2311; x_wconf 79' lang='grc' dir='ltr'>ὁμοίως,</span> 
     </span>
    </p>
   </div>
   <div class='ocr_carea' id='block_1_69' title="bbox 2167 2332 3023 2406">
    <p class='ocr_par' dir='ltr' id='par_1_69' title="bbox 2167 2332 3023 2406">
     <span class='ocr_line' id='line_1_69' title="bbox 2167 2332 3023 2406; baseline 0.001 -19"><span class='ocrx_word' id='word_1_487' title='bbox 2167 2337 2217 2387; x_wconf 76' lang='grc' dir='ltr'><strong>εί</strong></span> <span class='ocrx_word' id='word_1_488' title='bbox 2245 2335 2442 2405; x_wconf 81' lang='grc' dir='ltr'>μᾶλλον</span> <span class='ocrx_word' id='word_1_489' title='bbox 2472 2332 2550 2404; x_wconf 82' lang='grc' dir='ltr'>τῷ</span> <span class='ocrx_word' id='word_1_490' title='bbox 2581 2333 2742 2389; x_wconf 83' lang='grc' dir='ltr'>πάθει</span> <span class='ocrx_word' id='word_1_491' title='bbox 2773 2334 3023 2406; x_wconf 76' lang='grc' dir='ltr'>ἤγγισεν.</span> 
     </span>
    </p>
   </div>
   <div class='ocr_carea' id='block_1_70' title="bbox 2237 2594 3749 2670">
    <p class='ocr_par' dir='ltr' id='par_1_70' title="bbox 2237 2594 3749 2670">
     <span class='ocr_line' id='line_1_70' title="bbox 2237 2594 3749 2670; baseline -0.007 -14"><span class='ocrx_word' id='word_1_492' title='bbox 2237 2600 2505 2656; x_wconf 65' lang='lat' dir='ltr'><strong>&quot;Amazon</strong></span> <span class='ocrx_word' id='word_1_493' title='bbox 2543 2598 2680 2670; x_wconf 89' lang='grc' dir='ltr'><strong>μετά</strong></span> <span class='ocrx_word' id='word_1_494' title='bbox 2707 2597 2882 2653; x_wconf 86' lang='grc' dir='ltr'>ταῦτα</span> <span class='ocrx_word' id='word_1_495' title='bbox 2906 2597 3000 2651; x_wconf 89' lang='grc' dir='ltr'><strong>τοῦ</strong></span> <span class='ocrx_word' id='word_1_496' title='bbox 3025 2598 3211 2660; x_wconf 85' lang='grc' dir='ltr'>παιδὸς</span> <span class='ocrx_word' id='word_1_497' title='bbox 3241 2599 3269 2650; x_wconf 93' lang='lat'><strong>6</strong></span> <span class='ocrx_word' id='word_1_498' title='bbox 3303 2595 3502 2666; x_wconf 73' lang='grc' dir='ltr'>πατὴρ,</span> <span class='ocrx_word' id='word_1_499' title='bbox 3530 2594 3627 2648; x_wconf 74' lang='grc' dir='ltr'>καὶ</span> <span class='ocrx_word' id='word_1_500' title='bbox 3646 2594 3749 2648; x_wconf 75' lang='grc' dir='ltr'>οὐκ</span> 
     </span>
    </p>
   </div>
   <div class='ocr_carea' id='block_1_71' title="bbox 2165 2687 3749 2764">
    <p class='ocr_par' dir='ltr' id='par_1_71' title="bbox 2165 2687 3749 2764">
     <span class='ocr_line' id='line_1_71' title="bbox 2165 2687 3749 2764; baseline -0.004 -16"><span class='ocrx_word' id='word_1_501' title='bbox 2165 2693 2464 2748; x_wconf 77' lang='grc' dir='ltr'>ἀντιϐαίνει</span> <span class='ocrx_word' id='word_1_502' title='bbox 2494 2693 2573 2764; x_wconf 81' lang='grc' dir='ltr'>τῷ</span> <span class='ocrx_word' id='word_1_503' title='bbox 2608 2692 2875 2764; x_wconf 82' lang='grc' dir='ltr'>γινομένῳ</span> <span class='ocrx_word' id='word_1_504' title='bbox 2903 2694 2936 2762; x_wconf 78' lang='grc' dir='ltr'>ἡ</span> <span class='ocrx_word' id='word_1_505' title='bbox 2967 2690 3128 2758; x_wconf 81' lang='grc' dir='ltr'>φύσις</span> <span class='ocrx_word' id='word_1_506' title='bbox 3153 2709 3164 2721; x_wconf 75' lang='grc' dir='ltr'><strong>ο</strong></span> <span class='ocrx_word' id='word_1_507' title='bbox 3211 2691 3421 2743; x_wconf 83' lang='grc' dir='ltr'>δίδωσιν</span> <span class='ocrx_word' id='word_1_508' title='bbox 3450 2688 3638 2742; x_wconf 83' lang='grc' dir='ltr'>ἐαυτὸν</span> <span class='ocrx_word' id='word_1_509' title='bbox 3665 2687 3749 2758; x_wconf 74' lang='grc' dir='ltr'><strong>τῷ</strong></span> 
     </span>
    </p>
   </div>
   <div class='ocr_carea' id='block_1_72' title="bbox 2164 2781 3752 2859">
    <p class='ocr_par' dir='ltr' id='par_1_72' title="bbox 2164 2781 3752 2859">
     <span class='ocr_line' id='line_1_72' title="bbox 2164 2781 3752 2859; baseline -0.004 -20"><span class='ocrx_word' id='word_1_510' title='bbox 2164 2790 2334 2859; x_wconf 76' lang='grc' dir='ltr'>πατρὶ</span> <span class='ocrx_word' id='word_1_511' title='bbox 2367 2790 2394 2841; x_wconf 89' lang='lat'><strong>6</strong></span> <span class='ocrx_word' id='word_1_512' title='bbox 2426 2789 2573 2853; x_wconf 80' lang='grc' dir='ltr'>παῖς,</span> <span class='ocrx_word' id='word_1_513' title='bbox 2621 2785 2928 2857; x_wconf 86' lang='grc' dir='ltr'>χρήσασθαι</span> <span class='ocrx_word' id='word_1_514' title='bbox 2958 2787 2986 2838; x_wconf 81' lang='grc' dir='ltr'><strong>ὃ</strong></span> <span class='ocrx_word' id='word_1_515' title='bbox 3015 2803 3066 2837; x_wconf 92' lang='grc' dir='ltr'><strong>τι</strong></span> <span class='ocrx_word' id='word_1_516' title='bbox 3103 2783 3366 2854; x_wconf 78' lang='grc' dir='ltr'>βούλεται.</span> <span class='ocrx_word' id='word_1_517' title='bbox 3409 2782 3542 2835; x_wconf 85' lang='grc' dir='ltr'>Τίνα</span> <span class='ocrx_word' id='word_1_518' title='bbox 3585 2781 3752 2834; x_wconf 82' lang='grc' dir='ltr'>πλέον</span> 
     </span>
    </p>
   </div>
   <div class='ocr_carea' id='block_1_73' title="bbox 2164 2872 3748 2950">
    <p class='ocr_par' dir='ltr' id='par_1_73' title="bbox 2164 2872 3748 2950">
     <span class='ocr_line' id='line_1_73' title="bbox 2164 2872 3748 2950; baseline -0.005 -18"><span class='ocrx_word' id='word_1_519' title='bbox 2164 2880 2224 2944; x_wconf 84' lang='grc' dir='ltr'>ἐξ</span> <span class='ocrx_word' id='word_1_520' title='bbox 2275 2881 2596 2950; x_wconf 81' lang='grc' dir='ltr'>ἀμφοτέρων</span> <span class='ocrx_word' id='word_1_521' title='bbox 2643 2878 2949 2949; x_wconf 78' lang='grc' dir='ltr'>θαυμάσω;</span> <span class='ocrx_word' id='word_1_522' title='bbox 2993 2877 3086 2930; x_wconf 81' lang='grc' dir='ltr'>τὸν</span> <span class='ocrx_word' id='word_1_523' title='bbox 3136 2874 3458 2928; x_wconf 74' lang='grc' dir='ltr'>ἐπιϐαλόντα</span> <span class='ocrx_word' id='word_1_524' title='bbox 3501 2873 3589 2926; x_wconf 81' lang='grc' dir='ltr'>διὰ</span> <span class='ocrx_word' id='word_1_525' title='bbox 3643 2872 3748 2942; x_wconf 79' lang='grc' dir='ltr'>τὴν</span> 
     </span>
    </p>
   </div>
   <div class='ocr_carea' id='block_1_74' title="bbox 2167 2964 3743 3042">
    <p class='ocr_par' dir='ltr' id='par_1_74' title="bbox 2167 2964 3743 3042">
     <span class='ocr_line' id='line_1_74' title="bbox 2167 2964 3743 3042; baseline -0.005 -18"><span class='ocrx_word' id='word_1_526' title='bbox 2167 2973 2300 3042; x_wconf 75' lang='grc' dir='ltr'>πρὸς</span> <span class='ocrx_word' id='word_1_527' title='bbox 2330 2972 2461 3025; x_wconf 84' lang='grc' dir='ltr'>Θεὸν</span> <span class='ocrx_word' id='word_1_528' title='bbox 2487 2971 2707 3040; x_wconf 86' lang='grc' dir='ltr'>ἀγάπην</span> <span class='ocrx_word' id='word_1_529' title='bbox 2735 2969 2814 3041; x_wconf 85' lang='grc' dir='ltr'>τῷ</span> <span class='ocrx_word' id='word_1_530' title='bbox 2842 2971 2994 3023; x_wconf 71' lang='grc' dir='ltr'>παιδὶ</span> <span class='ocrx_word' id='word_1_531' title='bbox 3021 2969 3118 3030; x_wconf 77' lang='grc' dir='ltr'><strong>τὰς</strong></span> <span class='ocrx_word' id='word_1_532' title='bbox 3145 2969 3353 3038; x_wconf 87' lang='grc' dir='ltr'>χεῖρας,</span> <span class='ocrx_word' id='word_1_533' title='bbox 3385 2967 3414 3035; x_wconf 80' lang='grc' dir='ltr'>ἢ</span> <span class='ocrx_word' id='word_1_534' title='bbox 3447 2964 3538 3018; x_wconf 83' lang='grc' dir='ltr'>τὸν</span> <span class='ocrx_word' id='word_1_535' title='bbox 3581 2965 3743 3036; x_wconf 81' lang='grc' dir='ltr'>μέχρι</span> 
     </span>
    </p>
   </div>
   <div class='ocr_carea' id='block_1_75' title="bbox 2165 3056 3745 3134">
    <p class='ocr_par' dir='ltr' id='par_1_75' title="bbox 2165 3056 3745 3134">
     <span class='ocr_line' id='line_1_75' title="bbox 2165 3056 3745 3134; baseline -0.006 -18"><span class='ocrx_word' id='word_1_536' title='bbox 2165 3063 2392 3117; x_wconf 83' lang='grc' dir='ltr'>θανάτου</span> <span class='ocrx_word' id='word_1_537' title='bbox 2413 3063 2490 3134; x_wconf 82' lang='grc' dir='ltr'>τῷ</span> <span class='ocrx_word' id='word_1_538' title='bbox 2511 3063 2677 3133; x_wconf 63' lang='grc' dir='ltr'><strong>πατρὶ¹</strong></span> <span class='ocrx_word' id='word_1_539' title='bbox 2707 3061 3089 3114; x_wconf 81' lang='grc' dir='ltr'>ὑπακούσαντα</span> <span class='ocrx_word' id='word_1_540' title='bbox 3114 3077 3128 3123; x_wconf 92' lang='grc'>;</span> <span class='ocrx_word' id='word_1_541' title='bbox 3163 3056 3570 3126; x_wconf 83' lang='grc' dir='ltr'>Φιλοτιμοῦνται</span> <span class='ocrx_word' id='word_1_542' title='bbox 3605 3057 3745 3124; x_wconf 68' lang='grc' dir='ltr'>πρὸς</span> 
     </span>
    </p>
   </div>
   <div class='ocr_carea' id='block_1_76' title="bbox 2165 3147 3746 3224">
    <p class='ocr_par' dir='ltr' id='par_1_76' title="bbox 2165 3147 3746 3224">
     <span class='ocr_line' id='line_1_76' title="bbox 2165 3147 3746 3224; baseline -0.006 -15"><span class='ocrx_word' id='word_1_543' title='bbox 2165 3154 2447 3224; x_wconf 83' lang='grc' dir='ltr'>ἀλλήλους,</span> <span class='ocrx_word' id='word_1_544' title='bbox 2482 3155 2510 3206; x_wconf 97' lang='lat'><strong>6</strong></span> <span class='ocrx_word' id='word_1_545' title='bbox 2547 3154 2644 3224; x_wconf 83' lang='grc' dir='ltr'>μὲν</span> <span class='ocrx_word' id='word_1_546' title='bbox 2667 3153 2766 3221; x_wconf 75' lang='grc' dir='ltr'>τῆς</span> <span class='ocrx_word' id='word_1_547' title='bbox 2799 3152 3012 3222; x_wconf 84' lang='grc' dir='ltr'>φύσεως</span> <span class='ocrx_word' id='word_1_548' title='bbox 3046 3151 3236 3203; x_wconf 76' lang='grc' dir='ltr'>ἑαυτὸν</span> <span class='ocrx_word' id='word_1_549' title='bbox 3267 3148 3592 3218; x_wconf 78' lang='grc' dir='ltr'>ὑπεραίρων,</span> <span class='ocrx_word' id='word_1_550' title='bbox 3627 3149 3656 3200; x_wconf 90' lang='lat'><strong>6</strong></span> <span class='ocrx_word' id='word_1_551' title='bbox 3687 3147 3746 3199; x_wconf 81' lang='grc' dir='ltr'>δὲ</span> 
     </span>
    </p>
   </div>
   <div class='ocr_carea' id='block_1_77' title="bbox 2164 3239 3746 3319">
    <p class='ocr_par' dir='ltr' id='par_1_77' title="bbox 2164 3239 3746 3319">
     <span class='ocr_line' id='line_1_77' title="bbox 2164 3239 3746 3319; baseline -0.007 -18"><span class='ocrx_word' id='word_1_552' title='bbox 2164 3247 2543 3319; x_wconf 82' lang='grc' dir='ltr'>χαλεπώτερον</span> <span class='ocrx_word' id='word_1_553' title='bbox 2574 3245 2668 3299; x_wconf 87' lang='grc' dir='ltr'><strong>τοῦ</strong></span> <span class='ocrx_word' id='word_1_554' title='bbox 2699 3245 2928 3299; x_wconf 79' lang='grc' dir='ltr'>θανάτου</span> <span class='ocrx_word' id='word_1_555' title='bbox 2955 3245 3015 3296; x_wconf 84' lang='grc' dir='ltr'>τὸ</span> <span class='ocrx_word' id='word_1_556' title='bbox 3045 3244 3335 3295; x_wconf 84' lang='grc' dir='ltr'>ἀντιτεῖναι</span> <span class='ocrx_word' id='word_1_557' title='bbox 3366 3241 3443 3311; x_wconf 77' lang='grc' dir='ltr'><strong>τῷ</strong></span> <span class='ocrx_word' id='word_1_558' title='bbox 3473 3239 3642 3310; x_wconf 79' lang='grc' dir='ltr'>πατρὶ</span> <span class='ocrx_word' id='word_1_559' title='bbox 3666 3239 3746 3291; x_wconf 86' lang='grc' dir='ltr'>λο-</span> 
     </span>
    </p>
   </div>
   <div class='ocr_carea' id='block_1_78' title="bbox 2165 3332 3743 3410">
    <p class='ocr_par' dir='ltr' id='par_1_78' title="bbox 2165 3332 3743 3410">
     <span class='ocr_line' id='line_1_78' title="bbox 2165 3332 3743 3410; baseline -0.007 -18"><span class='ocrx_word' id='word_1_560' title='bbox 2165 3339 2468 3410; x_wconf 78' lang='grc' dir='ltr'>γιζόμενος.</span> <span class='ocrx_word' id='word_1_561' title='bbox 2517 3337 2796 3391; x_wconf 82' lang='grc' dir='ltr'>Ἐντεῦθεν</span> <span class='ocrx_word' id='word_1_562' title='bbox 2841 3336 3058 3406; x_wconf 82' lang='grc' dir='ltr'>δεσμοῖς</span> <span class='ocrx_word' id='word_1_563' title='bbox 3090 3335 3351 3405; x_wconf 86' lang='grc' dir='ltr'>πρότερον</span> <span class='ocrx_word' id='word_1_564' title='bbox 3379 3332 3743 3401; x_wconf 69' lang='grc' dir='ltr'>διαλαμϐάνει</span> 
     </span>
    </p>
   </div>
   <div class='ocr_carea' id='block_1_79' title="bbox 2162 3424 3744 3501">
    <p class='ocr_par' dir='ltr' id='par_1_79' title="bbox 2162 3424 3744 3501">
     <span class='ocr_line' id='line_1_79' title="bbox 2162 3424 3744 3501; baseline -0.006 -17"><span class='ocrx_word' id='word_1_565' title='bbox 2162 3434 2192 3484; x_wconf 90' lang='lat'><strong>6</strong></span> <span class='ocrx_word' id='word_1_566' title='bbox 2220 3431 2403 3501; x_wconf 84' lang='grc' dir='ltr'>πατὴρ</span> <span class='ocrx_word' id='word_1_567' title='bbox 2428 3430 2520 3484; x_wconf 83' lang='grc' dir='ltr'>τὸν</span> <span class='ocrx_word' id='word_1_568' title='bbox 2563 3428 2749 3483; x_wconf 77' lang='grc' dir='ltr'>παῖδα.</span> <span class='ocrx_word' id='word_1_569' title='bbox 2801 3424 2952 3482; x_wconf 76' lang='grc' dir='ltr'>Εἶδον</span> <span class='ocrx_word' id='word_1_570' title='bbox 2981 3427 3240 3489; x_wconf 85' lang='grc' dir='ltr'>πολλάκις</span> <span class='ocrx_word' id='word_1_571' title='bbox 3269 3426 3364 3479; x_wconf 69' lang='grc' dir='ltr'>ἐπὶ</span> <span class='ocrx_word' id='word_1_572' title='bbox 3414 3424 3633 3495; x_wconf 77' lang='grc' dir='ltr'>γραφῆς</span> <span class='ocrx_word' id='word_1_573' title='bbox 3661 3425 3744 3476; x_wconf 83' lang='grc' dir='ltr'>εί-</span> 
     </span>
    </p>
   </div>
   <div class='ocr_carea' id='block_1_80' title="bbox 2163 3516 3744 3590">
    <p class='ocr_par' dir='ltr' id='par_1_80' title="bbox 2163 3516 3744 3590">
     <span class='ocr_line' id='line_1_80' title="bbox 2163 3516 3744 3590; baseline -0.004 -13"><span class='ocrx_word' id='word_1_574' title='bbox 2163 3523 2295 3577; x_wconf 85' lang='grc' dir='ltr'>κόνα</span> <span class='ocrx_word' id='word_1_575' title='bbox 2325 3522 2419 3575; x_wconf 85' lang='grc' dir='ltr'><strong>τοῦ</strong></span> <span class='ocrx_word' id='word_1_576' title='bbox 2446 3521 2671 3585; x_wconf 79' lang='grc' dir='ltr'>πάθους,</span> <span class='ocrx_word' id='word_1_577' title='bbox 2704 3521 2797 3574; x_wconf 79' lang='grc' dir='ltr'>καὶ</span> <span class='ocrx_word' id='word_1_578' title='bbox 2828 3520 2928 3574; x_wconf 78' lang='grc' dir='ltr'>οὐκ</span> <span class='ocrx_word' id='word_1_579' title='bbox 2954 3519 3219 3590; x_wconf 85' lang='grc' dir='ltr'>ἀδακρυτί</span> <span class='ocrx_word' id='word_1_580' title='bbox 3243 3517 3342 3590; x_wconf 83' lang='grc' dir='ltr'>τὴν</span> <span class='ocrx_word' id='word_1_581' title='bbox 3371 3517 3499 3572; x_wconf 87' lang='grc' dir='ltr'>θέαν</span> <span class='ocrx_word' id='word_1_582' title='bbox 3532 3516 3744 3588; x_wconf 83' lang='grc' dir='ltr'>παρῆλ-</span> 
     </span>
    </p>
   </div>
   <div class='ocr_carea' id='block_1_81' title="bbox 2164 3610 3745 3686">
    <p class='ocr_par' dir='ltr' id='par_1_81' title="bbox 2164 3610 3745 3686">
     <span class='ocr_line' id='line_1_81' title="bbox 2164 3610 3745 3686; baseline -0.004 -17"><span class='ocrx_word' id='word_1_583' title='bbox 2164 3616 2274 3680; x_wconf 90' lang='grc' dir='ltr'>θον,</span> <span class='ocrx_word' id='word_1_584' title='bbox 2311 3616 2556 3686; x_wconf 82' lang='grc' dir='ltr'>ἐναργῶς</span> <span class='ocrx_word' id='word_1_585' title='bbox 2587 3615 2689 3684; x_wconf 71' lang='grc' dir='ltr'>τῆς</span> <span class='ocrx_word' id='word_1_586' title='bbox 2715 3614 2908 3684; x_wconf 86' lang='grc' dir='ltr'>τέχνης</span> <span class='ocrx_word' id='word_1_587' title='bbox 2939 3613 3030 3666; x_wconf 80' lang='grc' dir='ltr'><strong>ὑπ’</strong></span> <span class='ocrx_word' id='word_1_588' title='bbox 3057 3612 3178 3681; x_wconf 76' lang='grc' dir='ltr'>ὄψιν</span> <span class='ocrx_word' id='word_1_589' title='bbox 3204 3611 3441 3681; x_wconf 82' lang='grc' dir='ltr'>ἀγούσης</span> <span class='ocrx_word' id='word_1_590' title='bbox 3465 3610 3566 3681; x_wconf 81' lang='grc' dir='ltr'>τὴν</span> <span class='ocrx_word' id='word_1_591' title='bbox 3599 3612 3745 3663; x_wconf 76' lang='grc' dir='ltr'>ιστο-</span> 
     </span>
    </p>
   </div>
   <div class='ocr_carea' id='block_1_82' title="bbox 2162 3703 3744 3780">
    <p class='ocr_par' dir='ltr' id='par_1_82' title="bbox 2162 3703 3744 3780">
     <span class='ocr_line' id='line_1_82' title="bbox 2162 3703 3744 3780; baseline -0.003 -21"><span class='ocrx_word' id='word_1_592' title='bbox 2162 3707 2306 3780; x_wconf 83' lang='grc' dir='ltr'>ρίαν.</span> <span class='ocrx_word' id='word_1_593' title='bbox 2358 3707 2648 3778; x_wconf 84' lang='grc' dir='ltr'>Πρόκειται</span> <span class='ocrx_word' id='word_1_594' title='bbox 2693 3707 2722 3758; x_wconf 91' lang='lat'><strong>6</strong></span> <span class='ocrx_word' id='word_1_595' title='bbox 2761 3705 2948 3759; x_wconf 84' lang='grc' dir='ltr'>Ἰσαὰκ</span> <span class='ocrx_word' id='word_1_596' title='bbox 2985 3703 3069 3774; x_wconf 86' lang='grc' dir='ltr'>τῷ</span> <span class='ocrx_word' id='word_1_597' title='bbox 3109 3703 3275 3775; x_wconf 62' lang='lat' dir='ltr'><strong>«arpi.</strong></span> <span class='ocrx_word' id='word_1_598' title='bbox 3309 3704 3435 3776; x_wconf 85' lang='grc' dir='ltr'>παρ’</span> <span class='ocrx_word' id='word_1_599' title='bbox 3481 3703 3631 3773; x_wconf 84' lang='grc' dir='ltr'><strong>αὺτῷ</strong></span> <span class='ocrx_word' id='word_1_600' title='bbox 3662 3703 3744 3772; x_wconf 82' lang='grc' dir='ltr'>τῷ</span> 
     </span>
    </p>
   </div>
   <div class='ocr_carea' id='block_1_83' title="bbox 2159 3794 3742 3870">
    <p class='ocr_par' dir='ltr' id='par_1_83' title="bbox 2159 3794 3742 3870">
     <span class='ocr_line' id='line_1_83' title="bbox 2159 3794 3742 3870; baseline -0.005 -17"><span class='ocrx_word' id='word_1_601' title='bbox 2159 3800 2563 3870; x_wconf 77' lang='grc' dir='ltr'>θυσιαστηρίῳ,</span> <span class='ocrx_word' id='word_1_602' title='bbox 2613 3799 2847 3860; x_wconf 67' lang='grc' dir='ltr'>ὀκλάσας</span> <span class='ocrx_word' id='word_1_603' title='bbox 2891 3797 2984 3849; x_wconf 74' lang='grc' dir='ltr'>ἐπὶ</span> <span class='ocrx_word' id='word_1_604' title='bbox 3031 3797 3194 3864; x_wconf 82' lang='grc' dir='ltr'>γόνυ,</span> <span class='ocrx_word' id='word_1_605' title='bbox 3231 3795 3322 3848; x_wconf 80' lang='grc' dir='ltr'>καὶ</span> <span class='ocrx_word' id='word_1_606' title='bbox 3365 3794 3742 3865; x_wconf 78' lang='grc' dir='ltr'>περιηγμένας</span> 
     </span>
    </p>
   </div>
   <div class='ocr_carea' id='block_1_84' title="bbox 2159 3884 3739 3961">
    <p class='ocr_par' dir='ltr' id='par_1_84' title="bbox 2159 3884 3739 3961">
     <span class='ocr_line' id='line_1_84' title="bbox 2159 3884 3739 3961; baseline -0.003 -19"><span class='ocrx_word' id='word_1_607' title='bbox 2159 3890 2300 3961; x_wconf 79' lang='grc' dir='ltr'>ἔχων</span> <span class='ocrx_word' id='word_1_608' title='bbox 2328 3893 2407 3953; x_wconf 85' lang='grc' dir='ltr'>εἰς</span> <span class='ocrx_word' id='word_1_609' title='bbox 2437 3890 2676 3942; x_wconf 83' lang='grc' dir='ltr'>τούπίσω</span> <span class='ocrx_word' id='word_1_610' title='bbox 2701 3889 2795 3951; x_wconf 72' lang='grc' dir='ltr'><strong>τὰς</strong></span> <span class='ocrx_word' id='word_1_611' title='bbox 2825 3889 3010 3958; x_wconf 85' lang='grc' dir='ltr'>χεῖρας</span> <span class='ocrx_word' id='word_1_612' title='bbox 3035 3903 3049 3915; x_wconf 83' lang='grc'>⁶</span> <span class='ocrx_word' id='word_1_613' title='bbox 3081 3887 3109 3938; x_wconf 92' lang='lat'><strong>6</strong></span> <span class='ocrx_word' id='word_1_614' title='bbox 3135 3887 3193 3938; x_wconf 78' lang='grc' dir='ltr'>δὲ</span> <span class='ocrx_word' id='word_1_615' title='bbox 3212 3884 3550 3956; x_wconf 76' lang='grc' dir='ltr'>ἐπιϐεϐηκὼς</span> <span class='ocrx_word' id='word_1_616' title='bbox 3576 3885 3739 3938; x_wconf 78' lang='grc' dir='ltr'>κατό·</span> 
     </span>
    </p>
   </div>
   <div class='ocr_carea' id='block_1_85' title="bbox 2158 3976 3739 4051">
    <p class='ocr_par' dir='ltr' id='par_1_85' title="bbox 2158 3976 3739 4051">
     <span class='ocr_line' id='line_1_85' title="bbox 2158 3976 3739 4051; baseline -0.004 -16"><span class='ocrx_word' id='word_1_617' title='bbox 2158 4001 2252 4037; x_wconf 87' lang='grc' dir='ltr'><strong>πιν</strong></span> <span class='ocrx_word' id='word_1_618' title='bbox 2276 3981 2354 4035; x_wconf 87' lang='grc' dir='ltr'>τὼ</span> <span class='ocrx_word' id='word_1_619' title='bbox 2381 3981 2510 4035; x_wconf 87' lang='grc' dir='ltr'>πόδε</span> <span class='ocrx_word' id='word_1_620' title='bbox 2541 3981 2640 4051; x_wconf 83' lang='grc' dir='ltr'>τῆς</span> <span class='ocrx_word' id='word_1_621' title='bbox 2668 3979 2932 4048; x_wconf 80' lang='grc' dir='ltr'>ἀγκύλης,</span> <span class='ocrx_word' id='word_1_622' title='bbox 2979 3977 3074 4032; x_wconf 84' lang='grc' dir='ltr'>καὶ</span> <span class='ocrx_word' id='word_1_623' title='bbox 3105 3980 3169 4049; x_wconf 80' lang='grc' dir='ltr'>τῇ</span> <span class='ocrx_word' id='word_1_624' title='bbox 3195 3976 3322 4048; x_wconf 84' lang='grc' dir='ltr'>λαιᾷ</span> <span class='ocrx_word' id='word_1_625' title='bbox 3350 3976 3492 4048; x_wconf 71' lang='grc' dir='ltr'>χειρὶ</span> <span class='ocrx_word' id='word_1_626' title='bbox 3515 3976 3618 4046; x_wconf 80' lang='grc' dir='ltr'>τὴν</span> <span class='ocrx_word' id='word_1_627' title='bbox 3645 3977 3739 4030; x_wconf 76' lang='grc' dir='ltr'>κό-</span> 
     </span>
    </p>
   </div>
   <div class='ocr_carea' id='block_1_86' title="bbox 2160 4050 3740 4144">
    <p class='ocr_par' dir='ltr' id='par_1_86' title="bbox 2160 4050 3740 4144">
     <span class='ocr_line' id='line_1_86' title="bbox 2160 4050 3740 4144; baseline -0.005 -16"><span class='ocrx_word' id='word_1_628' title='bbox 2160 4050 2267 4144; x_wconf 72' lang='grc' dir='ltr'><strong>μην</strong></span> <span class='ocrx_word' id='word_1_629' title='bbox 2297 4073 2392 4128; x_wconf 90' lang='grc' dir='ltr'><strong>τοῦ</strong></span> <span class='ocrx_word' id='word_1_630' title='bbox 2424 4050 2611 4135; x_wconf 82' lang='grc' dir='ltr'>παιδὸς</span> <span class='ocrx_word' id='word_1_631' title='bbox 2661 4072 2796 4143; x_wconf 81' lang='grc' dir='ltr'>πρὸς</span> <span class='ocrx_word' id='word_1_632' title='bbox 2829 4071 3020 4124; x_wconf 80' lang='grc' dir='ltr'>ἑαυτὸν</span> <span class='ocrx_word' id='word_1_633' title='bbox 3063 4069 3398 4132; x_wconf 83' lang='grc' dir='ltr'>ἀνακλάσας,</span> <span class='ocrx_word' id='word_1_634' title='bbox 3443 4068 3740 4122; x_wconf 77' lang='grc' dir='ltr'>ἐπικύπτει</span> 
     </span>
    </p>
   </div>
   <div class='ocr_carea' id='block_1_87' title="bbox 2155 4159 3738 4235">
    <p class='ocr_par' dir='ltr' id='par_1_87' title="bbox 2155 4159 3738 4235">
     <span class='ocr_line' id='line_1_87' title="bbox 2155 4159 3738 4235; baseline -0.004 -18"><span class='ocrx_word' id='word_1_635' title='bbox 2155 4165 2232 4235; x_wconf 86' lang='grc' dir='ltr'>τῷ</span> <span class='ocrx_word' id='word_1_636' title='bbox 2265 4165 2558 4234; x_wconf 83' lang='grc' dir='ltr'>προσώπῳ,</span> <span class='ocrx_word' id='word_1_637' title='bbox 2587 4163 2832 4226; x_wconf 83' lang='grc' dir='ltr'>ἐλεεινῶς</span> <span class='ocrx_word' id='word_1_638' title='bbox 2864 4162 3000 4231; x_wconf 82' lang='grc' dir='ltr'>πρὸς</span> <span class='ocrx_word' id='word_1_639' title='bbox 3029 4161 3190 4214; x_wconf 81' lang='grc' dir='ltr'>αὑτὸν</span> <span class='ocrx_word' id='word_1_640' title='bbox 3229 4159 3600 4223; x_wconf 79' lang='grc' dir='ltr'>ἀναὸλέποντι,</span> <span class='ocrx_word' id='word_1_641' title='bbox 3641 4159 3738 4212; x_wconf 73' lang='grc' dir='ltr'><strong>καὶ</strong></span> 
     </span>
    </p>
   </div>
   <div class='ocr_carea' id='block_1_88' title="bbox 2153 4248 3737 4329">
    <p class='ocr_par' dir='ltr' id='par_1_88' title="bbox 2153 4248 3737 4329">
     <span class='ocr_line' id='line_1_88' title="bbox 2153 4248 3737 4329; baseline -0.007 -19"><span class='ocrx_word' id='word_1_642' title='bbox 2153 4258 2252 4329; x_wconf 82' lang='grc' dir='ltr'>τὴν</span> <span class='ocrx_word' id='word_1_643' title='bbox 2279 4257 2462 4324; x_wconf 83' lang='grc' dir='ltr'>δεξιὰν</span> <span class='ocrx_word' id='word_1_644' title='bbox 2495 4256 2948 4324; x_wconf 76' lang='grc' dir='ltr'>καθωπλισμένην</span> <span class='ocrx_word' id='word_1_645' title='bbox 2993 4252 3070 4322; x_wconf 83' lang='grc' dir='ltr'>τῷ</span> <span class='ocrx_word' id='word_1_646' title='bbox 3105 4251 3248 4321; x_wconf 80' lang='grc' dir='ltr'>ξίφει</span> <span class='ocrx_word' id='word_1_647' title='bbox 3297 4251 3432 4321; x_wconf 74' lang='grc' dir='ltr'>πρὸς</span> <span class='ocrx_word' id='word_1_648' title='bbox 3471 4248 3569 4319; x_wconf 83' lang='grc' dir='ltr'><strong>τὴν</strong></span> <span class='ocrx_word' id='word_1_649' title='bbox 3601 4266 3737 4317; x_wconf 74' lang='grc' dir='ltr'>σφα-</span> 
     </span>
    </p>
   </div>
   <div class='ocr_carea' id='block_1_89' title="bbox 2154 4342 3734 4423">
    <p class='ocr_par' dir='ltr' id='par_1_89' title="bbox 2154 4342 3734 4423">
     <span class='ocr_line' id='line_1_89' title="bbox 2154 4342 3734 4423; baseline -0.008 -18"><span class='ocrx_word' id='word_1_650' title='bbox 2154 4352 2256 4423; x_wconf 84' lang='grc' dir='ltr'>γὴν</span> <span class='ocrx_word' id='word_1_651' title='bbox 2288 4349 2626 4415; x_wconf 84' lang='grc' dir='ltr'>κατευθύνει,</span> <span class='ocrx_word' id='word_1_652' title='bbox 2662 4349 2757 4402; x_wconf 81' lang='grc' dir='ltr'>καὶ</span> <span class='ocrx_word' id='word_1_653' title='bbox 2787 4348 3016 4400; x_wconf 83' lang='grc' dir='ltr'>ἆπτεται</span> <span class='ocrx_word' id='word_1_654' title='bbox 3049 4344 3148 4416; x_wconf 67' lang='grc' dir='ltr'>ἤδη</span> <span class='ocrx_word' id='word_1_655' title='bbox 3175 4343 3271 4396; x_wconf 86' lang='grc' dir='ltr'><strong>τοῦ</strong></span> <span class='ocrx_word' id='word_1_656' title='bbox 3309 4342 3556 4413; x_wconf 83' lang='grc' dir='ltr'>σώματος</span> <span class='ocrx_word' id='word_1_657' title='bbox 3581 4342 3614 4411; x_wconf 83' lang='grc' dir='ltr'><strong>ή</strong></span> <span class='ocrx_word' id='word_1_658' title='bbox 3639 4359 3734 4394; x_wconf 89' lang='grc' dir='ltr'><strong>του</strong></span> 
     </span>
    </p>
   </div>
   <div class='ocr_carea' id='block_1_90' title="bbox 473 4432 2062 4521">
    <p class='ocr_par' dir='ltr' id='par_1_90' title="bbox 473 4436 2049 4521">
     <span class='ocr_line' id='line_1_90' title="bbox 473 4436 2049 4521; baseline 0.011 -32"><span class='ocrx_word' id='word_1_659' title='bbox 473 4437 567 4491; x_wconf 91' lang='lat' dir='ltr'><strong>dio</strong></span> <span class='ocrx_word' id='word_1_660' title='bbox 617 4436 802 4507; x_wconf 81' lang='lat' dir='ltr'><strong>dirigit</strong></span> <span class='ocrx_word' id='word_1_661' title='bbox 831 4438 898 4494; x_wconf 91' lang='lat' dir='ltr'><strong>ad</strong></span> <span class='ocrx_word' id='word_1_662' title='bbox 933 4445 1130 4496; x_wconf 68' lang='lat' dir='ltr'><strong>caedem</strong></span> <span class='ocrx_word' id='word_1_663' title='bbox 1212 4442 1517 4501; x_wconf 79' lang='lat' dir='ltr'><strong>faciendam</strong></span> <span class='ocrx_word' id='word_1_664' title='bbox 1549 4487 1564 4510; x_wconf 91' lang='lat'><strong>,</strong></span> <span class='ocrx_word' id='word_1_665' title='bbox 1627 4464 1690 4504; x_wconf 92' lang='lat' dir='ltr'><strong>ac</strong></span> <span class='ocrx_word' id='word_1_666' title='bbox 1719 4449 1830 4519; x_wconf 89' lang='lat' dir='ltr'><strong>jam</strong></span> <span class='ocrx_word' id='word_1_667' title='bbox 1887 4453 2049 4521; x_wconf 85' lang='lat' dir='ltr'><strong>gladii</strong></span> 
     </span>
    </p>
   </div>
   <div class='ocr_carea' id='block_1_91' title="bbox 2165 4432 3736 4521">
    <p class='ocr_par' dir='ltr' id='par_1_91' title="bbox 2165 4432 3736 4521">
     <span class='ocr_line' id='line_1_91' title="bbox 2165 4432 3736 4521; baseline -0.006 -27"><span class='ocrx_word' id='word_1_668' title='bbox 2165 4442 2341 4511; x_wconf 79' lang='grc' dir='ltr'>ξίφους</span> <span class='ocrx_word' id='word_1_669' title='bbox 2368 4440 2540 4511; x_wconf 76' lang='grc' dir='ltr'>ἀκμὴ,</span> <span class='ocrx_word' id='word_1_670' title='bbox 2575 4439 2666 4492; x_wconf 83' lang='grc' dir='ltr'>καὶ</span> <span class='ocrx_word' id='word_1_671' title='bbox 2695 4438 2814 4489; x_wconf 85' lang='grc' dir='ltr'>τότε</span> <span class='ocrx_word' id='word_1_672' title='bbox 2848 4437 2996 4506; x_wconf 78' lang='grc' dir='ltr'>αὐτῷ</span> <span class='ocrx_word' id='word_1_673' title='bbox 3043 4435 3252 4504; x_wconf 86' lang='grc' dir='ltr'>γίνεται</span> <span class='ocrx_word' id='word_1_674' title='bbox 3282 4433 3464 4521; x_wconf 86' lang='grc' dir='ltr'>θεόθεν</span> <span class='ocrx_word' id='word_1_675' title='bbox 3491 4432 3644 4502; x_wconf 80' lang='grc' dir='ltr'>φωνὴ</span> <span class='ocrx_word' id='word_1_676' title='bbox 3671 4433 3736 4485; x_wconf 82' lang='grc' dir='ltr'><strong>τό</strong></span> 
     </span>
    </p>
   </div>
   <div class='ocr_carea' id='block_1_92' title="bbox 473 4533 2050 4603">
    <p class='ocr_par' dir='ltr' id='par_1_92' title="bbox 473 4533 2050 4603">
     <span class='ocr_line' id='line_1_92' title="bbox 473 4533 2050 4603; baseline 0.01 -21"><span class='ocrx_word' id='word_1_677' title='bbox 473 4543 666 4582; x_wconf 87' lang='lat' dir='ltr'><strong>mucro</strong></span> <span class='ocrx_word' id='word_1_678' title='bbox 695 4544 896 4600; x_wconf 88' lang='lat' dir='ltr'><strong>corpus</strong></span> <span class='ocrx_word' id='word_1_679' title='bbox 925 4533 1200 4603; x_wconf 79' lang='lat' dir='ltr'><strong>tangebat.</strong></span> <span class='ocrx_word' id='word_1_680' title='bbox 1241 4543 1296 4590; x_wconf 88' lang='lat' dir='ltr'><strong>et</strong></span> <span class='ocrx_word' id='word_1_681' title='bbox 1331 4544 1463 4591; x_wconf 88' lang='lat' dir='ltr'><strong>tunc</strong></span> <span class='ocrx_word' id='word_1_682' title='bbox 1495 4539 1713 4593; x_wconf 86' lang='lat' dir='ltr'><strong>demum</strong></span> <span class='ocrx_word' id='word_1_683' title='bbox 1774 4541 2050 4599; x_wconf 87' lang='lat' dir='ltr'><strong>divinitus</strong></span> 
     </span>
    </p>
   </div>
   <div class='ocr_carea' id='block_1_93' title="bbox 473 4619 2049 4703">
    <p class='ocr_par' dir='ltr' id='par_1_93' title="bbox 473 4619 2049 4703">
     <span class='ocr_line' id='line_1_93' title="bbox 473 4619 2049 4703; baseline 0.01 -31"><span class='ocrx_word' id='word_1_684' title='bbox 473 4619 545 4674; x_wconf 89' lang='lat' dir='ltr'><strong>ad</strong></span> <span class='ocrx_word' id='word_1_685' title='bbox 583 4635 706 4675; x_wconf 90' lang='lat' dir='ltr'><strong>eum</strong></span> <span class='ocrx_word' id='word_1_686' title='bbox 746 4622 927 4677; x_wconf 89' lang='lat' dir='ltr'><strong>editur</strong></span> <span class='ocrx_word' id='word_1_687' title='bbox 958 4639 1061 4678; x_wconf 87' lang='lat' dir='ltr'><strong>vox</strong></span> <span class='ocrx_word' id='word_1_688' title='bbox 1104 4641 1224 4695; x_wconf 70' lang='lat' dir='ltr'><strong>qua:</strong></span> <span class='ocrx_word' id='word_1_689' title='bbox 1256 4627 1370 4683; x_wconf 89' lang='lat' dir='ltr'><strong>rem</strong></span> <span class='ocrx_word' id='word_1_690' title='bbox 1415 4630 1678 4699; x_wconf 85' lang='lat' dir='ltr'><strong>agendam</strong></span> <span class='ocrx_word' id='word_1_691' title='bbox 1717 4633 2049 4703; x_wconf 87' lang='lat' dir='ltr'><strong>prohiberet,</strong></span> 
     </span>
    </p>
   </div>
   <div class='ocr_carea' id='block_1_94' title="bbox 472 4715 2053 4796">
    <p class='ocr_par' dir='ltr' id='par_1_94' title="bbox 472 4715 2053 4796">
     <span class='ocr_line' id='line_1_94' title="bbox 472 4715 2053 4796; baseline 0.01 -30"><span class='ocrx_word' id='word_1_692' title='bbox 472 4726 577 4767; x_wconf 85' lang='lat' dir='ltr'><strong>vox</strong></span> <span class='ocrx_word' id='word_1_693' title='bbox 607 4720 785 4768; x_wconf 91' lang='lat' dir='ltr'><strong>autem</strong></span> <span class='ocrx_word' id='word_1_694' title='bbox 813 4715 1075 4784; x_wconf 90' lang='lat' dir='ltr'><strong>ejusmodi</strong></span> <span class='ocrx_word' id='word_1_695' title='bbox 1094 4719 1340 4787; x_wconf 64' lang='lat' dir='ltr'><strong>quaedam</strong></span> <span class='ocrx_word' id='word_1_696' title='bbox 1367 4727 1505 4777; x_wconf 88' lang='lat' dir='ltr'><strong>erat.</strong></span> <span class='ocrx_word' id='word_1_697' title='bbox 1538 4719 1636 4775; x_wconf 79' lang='lat' dir='ltr'><strong>Vix</strong></span> <span class='ocrx_word' id='word_1_698' title='bbox 1691 4724 1834 4778; x_wconf 90' lang='lat' dir='ltr'><strong>enim</strong></span> <span class='ocrx_word' id='word_1_699' title='bbox 1870 4741 2053 4796; x_wconf 89' lang='lat' dir='ltr'><strong>quem-</strong></span> 
     </span>
    </p>
   </div>
   <div class='ocr_carea' id='block_1_95' title="bbox 474 4803 2051 4883">
    <p class='ocr_par' dir='ltr' id='par_1_95' title="bbox 474 4803 2051 4883">
     <span class='ocr_line' id='line_1_95' title="bbox 474 4803 2051 4883; baseline 0.01 -27"><span class='ocrx_word' id='word_1_700' title='bbox 474 4803 772 4859; x_wconf 90' lang='lat' dir='ltr'><strong>admodum</strong></span> <span class='ocrx_word' id='word_1_701' title='bbox 803 4807 1008 4876; x_wconf 90' lang='lat' dir='ltr'><strong>pullum</strong></span> <span class='ocrx_word' id='word_1_702' title='bbox 1044 4811 1334 4879; x_wconf 89' lang='lat' dir='ltr'><strong>quemdam</strong></span> <span class='ocrx_word' id='word_1_703' title='bbox 1367 4813 1626 4883; x_wconf 88' lang='lat' dir='ltr'><strong>equinum</strong></span> <span class='ocrx_word' id='word_1_704' title='bbox 1675 4823 2051 4872; x_wconf 91' lang='lat' dir='ltr'><strong>contumacem</strong></span> 
     </span>
    </p>
   </div>
   <div class='ocr_carea' id='block_1_96' title="bbox 473 4893 2050 4969">
    <p class='ocr_par' dir='ltr' id='par_1_96' title="bbox 473 4893 2050 4969">
     <span class='ocr_line' id='line_1_96' title="bbox 473 4893 2050 4969; baseline 0.008 -21"><span class='ocrx_word' id='word_1_705' title='bbox 473 4900 529 4948; x_wconf 94' lang='lat' dir='ltr'><strong>et</strong></span> <span class='ocrx_word' id='word_1_706' title='bbox 561 4893 884 4949; x_wconf 86' lang='lat' dir='ltr'><strong>indomitum</strong></span> <span class='ocrx_word' id='word_1_707' title='bbox 918 4895 1196 4969; x_wconf 82' lang='lat' dir='ltr'><strong>frenisque</strong></span> <span class='ocrx_word' id='word_1_708' title='bbox 1263 4908 1320 4955; x_wconf 92' lang='lat' dir='ltr'><strong>et</strong></span> <span class='ocrx_word' id='word_1_709' title='bbox 1365 4901 1592 4958; x_wconf 90' lang='lat' dir='ltr'><strong>habenis</strong></span> <span class='ocrx_word' id='word_1_710' title='bbox 1624 4905 1809 4960; x_wconf 89' lang='lat' dir='ltr'><strong>minus</strong></span> <span class='ocrx_word' id='word_1_711' title='bbox 1835 4906 2050 4961; x_wconf 87' lang='lat' dir='ltr'><strong>obtem-</strong></span> 
     </span>
    </p>
   </div>
   <div class='ocr_carea' id='block_1_97' title="bbox 472 4991 2052 5062">
    <p class='ocr_par' dir='ltr' id='par_1_97' title="bbox 472 4991 2052 5062">
     <span class='ocr_line' id='line_1_97' title="bbox 472 4991 2052 5062; baseline 0.009 -21"><span class='ocrx_word' id='word_1_712' title='bbox 472 4997 780 5058; x_wconf 88' lang='lat' dir='ltr'><strong>perantem,</strong></span> <span class='ocrx_word' id='word_1_713' title='bbox 809 5005 873 5045; x_wconf 88' lang='lat' dir='ltr'><strong>ac</strong></span> <span class='ocrx_word' id='word_1_714' title='bbox 905 4991 971 5046; x_wconf 89' lang='lat' dir='ltr'><strong>de</strong></span> <span class='ocrx_word' id='word_1_715' title='bbox 1002 5005 1154 5048; x_wconf 88' lang='lat' dir='ltr'><strong>recto</strong></span> <span class='ocrx_word' id='word_1_716' title='bbox 1193 4993 1386 5051; x_wconf 89' lang='lat' dir='ltr'><strong>itinere</strong></span> <span class='ocrx_word' id='word_1_717' title='bbox 1418 4997 1810 5062; x_wconf 89' lang='lat' dir='ltr'><strong>declinantem,</strong></span> <span class='ocrx_word' id='word_1_718' title='bbox 1838 5000 2052 5055; x_wconf 90' lang='lat' dir='ltr'><strong>multis-</strong></span> 
     </span>
    </p>
   </div>
   <div class='ocr_carea' id='block_1_98' title="bbox 471 5081 2050 5152">
    <p class='ocr_par' dir='ltr' id='par_1_98' title="bbox 471 5081 2050 5152">
     <span class='ocr_line' id='line_1_98' title="bbox 471 5081 2050 5152; baseline 0.009 -20"><span class='ocrx_word' id='word_1_719' title='bbox 471 5095 578 5149; x_wconf 87' lang='lat' dir='ltr'><strong>que</strong></span> <span class='ocrx_word' id='word_1_720' title='bbox 606 5081 755 5152; x_wconf 85' lang='lat' dir='ltr'><strong>gyris</strong></span> <span class='ocrx_word' id='word_1_721' title='bbox 783 5093 834 5136; x_wconf 91' lang='lat' dir='ltr'><strong>et</strong></span> <span class='ocrx_word' id='word_1_722' title='bbox 861 5082 1200 5140; x_wconf 85' lang='lat' dir='ltr'><strong>anfractibus</strong></span> <span class='ocrx_word' id='word_1_723' title='bbox 1229 5102 1296 5142; x_wconf 80' lang='lat' dir='ltr'><strong>ex</strong></span> <span class='ocrx_word' id='word_1_724' title='bbox 1327 5095 1644 5144; x_wconf 89' lang='lat' dir='ltr'><strong>transverso</strong></span> <span class='ocrx_word' id='word_1_725' title='bbox 1685 5091 2050 5148; x_wconf 86' lang='lat' dir='ltr'><strong>exusltantem</strong></span> 
     </span>
    </p>
   </div>
   <div class='ocr_carea' id='block_1_99' title="bbox 472 5173 2050 5238">
    <p class='ocr_par' dir='ltr' id='par_1_99' title="bbox 472 5173 2050 5238">
     <span class='ocr_line' id='line_1_99' title="bbox 472 5173 2050 5238; baseline 0.009 -14"><span class='ocrx_word' id='word_1_726' title='bbox 472 5187 665 5227; x_wconf 86' lang='lat' dir='ltr'><strong>rursus</strong></span> <span class='ocrx_word' id='word_1_727' title='bbox 694 5173 749 5226; x_wconf 92' lang='lat' dir='ltr'><strong>in</strong></span> <span class='ocrx_word' id='word_1_728' title='bbox 793 5173 932 5228; x_wconf 92' lang='lat' dir='ltr'><strong>viam</strong></span> <span class='ocrx_word' id='word_1_729' title='bbox 961 5183 1166 5230; x_wconf 89' lang='lat' dir='ltr'><strong>rectam</strong></span> <span class='ocrx_word' id='word_1_730' title='bbox 1227 5178 1549 5236; x_wconf 81' lang='lat' dir='ltr'><strong>reduximus</strong></span> <span class='ocrx_word' id='word_1_731' title='bbox 1585 5183 1905 5236; x_wconf 88' lang='lat' dir='ltr'><strong>orationem.</strong></span> <span class='ocrx_word' id='word_1_732' title='bbox 1936 5181 2050 5238; x_wconf 87' lang='lat' dir='ltr'><strong>Hoc</strong></span> 
     </span>
    </p>
   </div>
   <div class='ocr_carea' id='block_1_100' title="bbox 470 5259 2049 5343">
    <p class='ocr_par' dir='ltr' id='par_1_100' title="bbox 470 5259 2049 5343">
     <span class='ocr_line' id='line_1_100' title="bbox 470 5259 2049 5343; baseline 0.011 -31"><span class='ocrx_word' id='word_1_733' title='bbox 470 5259 614 5312; x_wconf 89' lang='lat' dir='ltr'><strong>enim</strong></span> <span class='ocrx_word' id='word_1_734' title='bbox 647 5261 805 5316; x_wconf 91' lang='lat' dir='ltr'><strong>nobis</strong></span> <span class='ocrx_word' id='word_1_735' title='bbox 850 5265 1189 5336; x_wconf 86' lang='lat' dir='ltr'><strong>propositum</strong></span> <span class='ocrx_word' id='word_1_736' title='bbox 1217 5274 1336 5322; x_wconf 90' lang='lat' dir='ltr'><strong>erat</strong></span> <span class='ocrx_word' id='word_1_737' title='bbox 1363 5277 1423 5322; x_wconf 94' lang='lat' dir='ltr'><strong>ut</strong></span> <span class='ocrx_word' id='word_1_738' title='bbox 1453 5269 1862 5328; x_wconf 87' lang='lat' dir='ltr'><strong>ostenderemus</strong></span> <span class='ocrx_word' id='word_1_739' title='bbox 1905 5274 2049 5343; x_wconf 81' lang='lat' dir='ltr'><strong>Apo-</strong></span> 
     </span>
    </p>
   </div>
   <div class='ocr_carea' id='block_1_101' title="bbox 473 5352 2048 5432">
    <p class='ocr_par' dir='ltr' id='par_1_101' title="bbox 473 5352 2048 5432">
     <span class='ocr_line' id='line_1_101' title="bbox 473 5352 2048 5432; baseline 0.009 -29"><span class='ocrx_word' id='word_1_740' title='bbox 473 5352 674 5404; x_wconf 89' lang='lat' dir='ltr'><strong>stolum</strong></span> <span class='ocrx_word' id='word_1_741' title='bbox 715 5353 951 5409; x_wconf 90' lang='lat' dir='ltr'><strong>orationi</strong></span> <span class='ocrx_word' id='word_1_742' title='bbox 987 5358 1357 5412; x_wconf 88' lang='lat' dir='ltr'><strong>testimonium</strong></span> <span class='ocrx_word' id='word_1_743' title='bbox 1389 5359 1694 5428; x_wconf 87' lang='lat' dir='ltr'><strong>perhibere,</strong></span> <span class='ocrx_word' id='word_1_744' title='bbox 1720 5378 1912 5432; x_wconf 92' lang='lat' dir='ltr'><strong>nempe</strong></span> <span class='ocrx_word' id='word_1_745' title='bbox 1943 5363 2048 5417; x_wconf 88' lang='lat' dir='ltr'><strong>Pa-</strong></span> 
     </span>
    </p>
   </div>
   <div class='ocr_carea' id='block_1_102' title="bbox 482 5441 2046 5526">
    <p class='ocr_par' dir='ltr' id='par_1_102' title="bbox 482 5441 2046 5526">
     <span class='ocr_line' id='line_1_102' title="bbox 482 5441 2046 5526; baseline 0.011 -32"><span class='ocrx_word' id='word_1_746' title='bbox 482 5449 618 5496; x_wconf 89' lang='lat' dir='ltr'><strong>trem</strong></span> <span class='ocrx_word' id='word_1_747' title='bbox 652 5441 792 5500; x_wconf 88' lang='lat' dir='ltr'><strong>Filio</strong></span> <span class='ocrx_word' id='word_1_748' title='bbox 828 5445 1087 5516; x_wconf 90' lang='lat' dir='ltr'><strong>majorem</strong></span> <span class='ocrx_word' id='word_1_749' title='bbox 1123 5465 1234 5503; x_wconf 88' lang='lat' dir='ltr'><strong>non</strong></span> <span class='ocrx_word' id='word_1_750' title='bbox 1264 5464 1407 5506; x_wconf 90' lang='lat' dir='ltr'><strong>esse.</strong></span> <span class='ocrx_word' id='word_1_751' title='bbox 1459 5449 1559 5504; x_wconf 80' lang='lat' dir='ltr'><strong>llic</strong></span> <span class='ocrx_word' id='word_1_752' title='bbox 1591 5453 1736 5507; x_wconf 88' lang='lat' dir='ltr'><strong>enim</strong></span> <span class='ocrx_word' id='word_1_753' title='bbox 1765 5455 2046 5526; x_wconf 88' lang='lat' dir='ltr'><strong>Scriptura</strong></span> 
     </span>
    </p>
   </div>
   <div class='ocr_carea' id='block_1_103' title="bbox 474 5537 2050 5618">
    <p class='ocr_par' dir='ltr' id='par_1_103' title="bbox 474 5537 2050 5618">
     <span class='ocr_line' id='line_1_103' title="bbox 474 5537 2050 5618; baseline 0.011 -32"><span class='ocrx_word' id='word_1_754' title='bbox 474 5547 599 5587; x_wconf 90' lang='lat' dir='ltr'><strong>cum</strong></span> <span class='ocrx_word' id='word_1_755' title='bbox 637 5537 888 5606; x_wconf 87' lang='lat' dir='ltr'><strong>angelum</strong></span> <span class='ocrx_word' id='word_1_756' title='bbox 923 5541 1163 5595; x_wconf 90' lang='lat' dir='ltr'><strong>orationi</strong></span> <span class='ocrx_word' id='word_1_757' title='bbox 1195 5540 1291 5596; x_wconf 88' lang='lat' dir='ltr'><strong>Dei</strong></span> <span class='ocrx_word' id='word_1_758' title='bbox 1344 5545 1769 5614; x_wconf 65' lang='lat' dir='ltr'><strong>praeposuisset,</strong></span> <span class='ocrx_word' id='word_1_759' title='bbox 1827 5549 2050 5618; x_wconf 78' lang='lat' dir='ltr'><strong>subjicit</strong></span> 
     </span>
    </p>
   </div>
   <div class='ocr_carea' id='block_1_104' title="bbox 472 5627 2047 5704">
    <p class='ocr_par' dir='ltr' id='par_1_104' title="bbox 472 5627 2047 5704">
     <span class='ocr_line' id='line_1_104' title="bbox 472 5627 2047 5704; baseline 0.012 -29"><span class='ocrx_word' id='word_1_760' title='bbox 472 5639 663 5680; x_wconf 85' lang='lat' dir='ltr'><strong>vocem</strong></span> <span class='ocrx_word' id='word_1_761' title='bbox 695 5646 708 5682; x_wconf 88' lang='lat'><strong>:</strong></span> <span class='ocrx_word' id='word_1_762' title='bbox 755 5627 970 5684; x_wconf 79' lang='lat' dir='ltr'><strong>Vocavit</strong></span> <span class='ocrx_word' id='word_1_763' title='bbox 999 5633 1136 5685; x_wconf 78' lang='lat' dir='ltr'><strong>enim</strong></span> <span class='ocrx_word' id='word_1_764' title='bbox 1161 5649 1278 5686; x_wconf 82' lang='lat' dir='ltr'><strong>eum</strong></span> <span class='ocrx_word' id='word_1_765' title='bbox 1309 5637 1526 5704; x_wconf 80' lang='lat' dir='ltr'><strong>angelus</strong></span> <span class='ocrx_word' id='word_1_766' title='bbox 1560 5635 1774 5691; x_wconf 85' lang='lat' dir='ltr'><strong>Domini</strong></span> <span class='ocrx_word' id='word_1_767' title='bbox 1798 5649 1848 5692; x_wconf 88' lang='lat' dir='ltr'><strong>et</strong></span> <span class='ocrx_word' id='word_1_768' title='bbox 1875 5639 2008 5693; x_wconf 73' lang='lat' dir='ltr'><strong>dixi!</strong></span> <span class='ocrx_word' id='word_1_769' title='bbox 2029 5658 2047 5694; x_wconf 91' lang='lat'><em>:</em></span> 
     </span>
    </p>
   </div>
   <div class='ocr_carea' id='block_1_105' title="bbox 478 5716 2048 5799">
    <p class='ocr_par' dir='ltr' id='par_1_105' title="bbox 478 5716 2048 5799">
     <span class='ocr_line' id='line_1_105' title="bbox 478 5716 2048 5799; baseline 0.011 -27"><span class='ocrx_word' id='word_1_770' title='bbox 478 5716 762 5790; x_wconf 79' lang='lat' dir='ltr'><strong>Propterea</strong></span> <span class='ocrx_word' id='word_1_771' title='bbox 797 5725 934 5794; x_wconf 85' lang='lat' dir='ltr'><strong>quod</strong></span> <span class='ocrx_word' id='word_1_772' title='bbox 959 5724 1128 5794; x_wconf 65' lang='lat' dir='ltr'><strong>[tristi</strong></span> <span class='ocrx_word' id='word_1_773' title='bbox 1162 5718 1371 5782; x_wconf 68' lang='lat' dir='ltr'><strong>verbum</strong></span> <span class='ocrx_word' id='word_1_774' title='bbox 1415 5729 1531 5798; x_wconf 71' lang='lat' dir='ltr'><strong>hoc,</strong></span> <span class='ocrx_word' id='word_1_775' title='bbox 1553 5741 1602 5784; x_wconf 80' lang='lat' dir='ltr'><strong>et</strong></span> <span class='ocrx_word' id='word_1_776' title='bbox 1633 5748 1733 5786; x_wconf 84' lang='lat' dir='ltr'><strong>non</strong></span> <span class='ocrx_word' id='word_1_777' title='bbox 1766 5736 2048 5799; x_wconf 78' lang='lat' dir='ltr'><strong>pepercisti</strong></span> 
     </span>
    </p>
   </div>
   <div class='ocr_carea' id='block_1_106' title="bbox 2152 4520 3735 4604">
    <p class='ocr_par' dir='ltr' id='par_1_106' title="bbox 2152 4520 3735 4604">
     <span class='ocr_line' id='line_1_106' title="bbox 2152 4520 3735 4604; baseline -0.006 -18"><span class='ocrx_word' id='word_1_778' title='bbox 2152 4533 2310 4604; x_wconf 75' lang='grc' dir='ltr'>ἔργον</span> <span class='ocrx_word' id='word_1_779' title='bbox 2359 4530 2656 4584; x_wconf 89' lang='grc' dir='ltr'>κωλύουσα.</span> <span class='ocrx_word' id='word_1_780' title='bbox 2690 4529 2756 4582; x_wconf 84' lang='grc' dir='ltr'>Ἡ</span> <span class='ocrx_word' id='word_1_781' title='bbox 2797 4528 2852 4580; x_wconf 82' lang='grc' dir='ltr'>δὲ</span> <span class='ocrx_word' id='word_1_782' title='bbox 2885 4527 3035 4598; x_wconf 79' lang='grc' dir='ltr'>φωνὴ</span> <span class='ocrx_word' id='word_1_783' title='bbox 3075 4526 3293 4597; x_wconf 84' lang='grc' dir='ltr'>τοιαύτη</span> <span class='ocrx_word' id='word_1_784' title='bbox 3322 4543 3405 4590; x_wconf 87' lang='grc' dir='ltr'><strong>τις</strong></span> <span class='ocrx_word' id='word_1_785' title='bbox 3436 4520 3522 4597; x_wconf 79' lang='grc' dir='ltr'><strong>ἦν.</strong></span> <span class='ocrx_word' id='word_1_786' title='bbox 3557 4525 3735 4592; x_wconf 89' lang='grc' dir='ltr'>Μόγις</span> 
     </span>
    </p>
   </div>
   <div class='ocr_carea' id='block_1_107' title="bbox 2152 4617 3734 4697">
    <p class='ocr_par' dir='ltr' id='par_1_107' title="bbox 2152 4617 3734 4697">
     <span class='ocr_line' id='line_1_107' title="bbox 2152 4617 3734 4697; baseline -0.001 -23"><span class='ocrx_word' id='word_1_787' title='bbox 2152 4625 2261 4697; x_wconf 85' lang='grc' dir='ltr'><strong>γὰρ</strong></span> <span class='ocrx_word' id='word_1_788' title='bbox 2287 4623 2537 4694; x_wconf 76' lang='grc' dir='ltr'>καθάπερ</span> <span class='ocrx_word' id='word_1_789' title='bbox 2567 4623 2744 4676; x_wconf 82' lang='grc' dir='ltr'>πῶλόν</span> <span class='ocrx_word' id='word_1_790' title='bbox 2769 4637 2892 4675; x_wconf 82' lang='grc' dir='ltr'>τινα</span> <span class='ocrx_word' id='word_1_791' title='bbox 2921 4619 3184 4689; x_wconf 84' lang='grc' dir='ltr'>δυσπειθῆ</span> <span class='ocrx_word' id='word_1_792' title='bbox 3219 4620 3311 4672; x_wconf 80' lang='grc' dir='ltr'>καὶ</span> <span class='ocrx_word' id='word_1_793' title='bbox 3338 4617 3610 4689; x_wconf 84' lang='grc' dir='ltr'>δυσήνιον,</span> <span class='ocrx_word' id='word_1_794' title='bbox 3631 4617 3734 4686; x_wconf 80' lang='grc' dir='ltr'>τῆς</span> 
     </span>
    </p>
   </div>
   <div class='ocr_carea' id='block_1_108' title="bbox 2155 4709 3734 4787">
    <p class='ocr_par' dir='ltr' id='par_1_108' title="bbox 2155 4709 3734 4787">
     <span class='ocr_line' id='line_1_108' title="bbox 2155 4709 3734 4787; baseline -0.004 -17"><span class='ocrx_word' id='word_1_795' title='bbox 2155 4717 2371 4781; x_wconf 82' lang='grc' dir='ltr'>εὐθείας</span> <span class='ocrx_word' id='word_1_796' title='bbox 2396 4715 2847 4787; x_wconf 85' lang='grc' dir='ltr'>παρατραπέντα,</span> <span class='ocrx_word' id='word_1_797' title='bbox 2894 4713 2988 4767; x_wconf 74' lang='grc' dir='ltr'>καὶ</span> <span class='ocrx_word' id='word_1_798' title='bbox 3014 4712 3226 4775; x_wconf 85' lang='grc' dir='ltr'>πολλοῖς</span> <span class='ocrx_word' id='word_1_799' title='bbox 3256 4711 3476 4774; x_wconf 84' lang='grc' dir='ltr'>κύκλοις</span> <span class='ocrx_word' id='word_1_800' title='bbox 3504 4713 3569 4762; x_wconf 84' lang='grc' dir='ltr'><strong>ἐκ</strong></span> <span class='ocrx_word' id='word_1_801' title='bbox 3595 4709 3734 4763; x_wconf 86' lang='grc' dir='ltr'>πλα-</span> 
     </span>
    </p>
   </div>
   <div class='ocr_carea' id='block_1_109' title="bbox 2150 4804 3733 4880">
    <p class='ocr_par' dir='ltr' id='par_1_109' title="bbox 2150 4804 3733 4880">
     <span class='ocr_line' id='line_1_109' title="bbox 2150 4804 3733 4880; baseline -0.004 -17"><span class='ocrx_word' id='word_1_802' title='bbox 2150 4813 2283 4878; x_wconf 86' lang='grc' dir='ltr'>γίων</span> <span class='ocrx_word' id='word_1_803' title='bbox 2305 4809 2781 4880; x_wconf 80' lang='grc' dir='ltr'>διασκιρτήσαντα,</span> <span class='ocrx_word' id='word_1_804' title='bbox 2815 4807 2974 4861; x_wconf 80' lang='grc' dir='ltr'>πάλιν</span> <span class='ocrx_word' id='word_1_805' title='bbox 2999 4807 3077 4870; x_wconf 85' lang='grc' dir='ltr'><strong>είς</strong></span> <span class='ocrx_word' id='word_1_806' title='bbox 3095 4807 3194 4876; x_wconf 75' lang='grc' dir='ltr'>τὴν</span> <span class='ocrx_word' id='word_1_807' title='bbox 3220 4805 3432 4858; x_wconf 82' lang='grc' dir='ltr'>εὐθεῖαν</span> <span class='ocrx_word' id='word_1_808' title='bbox 3458 4805 3549 4857; x_wconf 81' lang='grc' dir='ltr'>τὸν</span> <span class='ocrx_word' id='word_1_809' title='bbox 3572 4804 3733 4872; x_wconf 89' lang='grc' dir='ltr'>λόγον</span> 
     </span>
    </p>
   </div>
   <div class='ocr_carea' id='block_1_110' title="bbox 2151 4895 3732 4972">
    <p class='ocr_par' dir='ltr' id='par_1_110' title="bbox 2151 4895 3732 4972">
     <span class='ocr_line' id='line_1_110' title="bbox 2151 4895 3732 4972; baseline -0.006 -15"><span class='ocrx_word' id='word_1_810' title='bbox 2151 4903 2450 4972; x_wconf 81' lang='grc' dir='ltr'>ἠγάγομεν.</span> <span class='ocrx_word' id='word_1_811' title='bbox 2488 4900 2650 4953; x_wconf 73' lang='grc' dir='ltr'>Τουτὶ</span> <span class='ocrx_word' id='word_1_812' title='bbox 2678 4899 2786 4970; x_wconf 81' lang='grc' dir='ltr'>γὰρ</span> <span class='ocrx_word' id='word_1_813' title='bbox 2814 4895 2881 4970; x_wconf 80' lang='grc' dir='ltr'>ἦν</span> <span class='ocrx_word' id='word_1_814' title='bbox 2906 4901 2968 4952; x_wconf 79' lang='grc' dir='ltr'>τὸ</span> <span class='ocrx_word' id='word_1_815' title='bbox 2991 4898 3350 4970; x_wconf 84' lang='grc' dir='ltr'>προκείμενον</span> <span class='ocrx_word' id='word_1_816' title='bbox 3380 4898 3530 4968; x_wconf 76' lang='grc' dir='ltr'>ἡμῖν,</span> <span class='ocrx_word' id='word_1_817' title='bbox 3560 4896 3732 4964; x_wconf 76' lang='grc' dir='ltr'>δεῖξαι</span> 
     </span>
    </p>
   </div>
   <div class='ocr_carea' id='block_1_111' title="bbox 2159 4989 3735 5063">
    <p class='ocr_par' dir='ltr' id='par_1_111' title="bbox 2159 4989 3735 5063">
     <span class='ocr_line' id='line_1_111' title="bbox 2159 4989 3735 5063; baseline -0.003 -17"><span class='ocrx_word' id='word_1_818' title='bbox 2159 4994 2251 5047; x_wconf 77' lang='grc' dir='ltr'>τὸν</span> <span class='ocrx_word' id='word_1_819' title='bbox 2289 4992 2609 5046; x_wconf 86' lang='grc' dir='ltr'>Ἀπόστολον</span> <span class='ocrx_word' id='word_1_820' title='bbox 2644 4991 3022 5063; x_wconf 82' lang='grc' dir='ltr'>μαρτυροῦντα</span> <span class='ocrx_word' id='word_1_821' title='bbox 3071 4989 3149 5061; x_wconf 83' lang='grc' dir='ltr'>τῷ</span> <span class='ocrx_word' id='word_1_822' title='bbox 3193 4989 3366 5060; x_wconf 85' lang='grc' dir='ltr'>λόγῳ,</span> <span class='ocrx_word' id='word_1_823' title='bbox 3416 4989 3497 5041; x_wconf 76' lang='grc' dir='ltr'>ὅτι</span> <span class='ocrx_word' id='word_1_824' title='bbox 3531 4990 3735 5059; x_wconf 77' lang='grc' dir='ltr'>μείζων</span> 
     </span>
    </p>
   </div>
   <div class='ocr_carea' id='block_1_112' title="bbox 2150 5079 3733 5155">
    <p class='ocr_par' dir='ltr' id='par_1_112' title="bbox 2150 5079 3733 5155">
     <span class='ocr_line' id='line_1_112' title="bbox 2150 5079 3733 5155; baseline -0.006 -15"><span class='ocrx_word' id='word_1_825' title='bbox 2150 5087 2244 5140; x_wconf 89' lang='grc' dir='ltr'><strong>τοῦ</strong></span> <span class='ocrx_word' id='word_1_826' title='bbox 2278 5085 2409 5140; x_wconf 83' lang='grc' dir='ltr'>Υίοῦ</span> <span class='ocrx_word' id='word_1_827' title='bbox 2439 5089 2467 5140; x_wconf 90' lang='grc' dir='ltr'>ὁ</span> <span class='ocrx_word' id='word_1_828' title='bbox 2498 5085 2688 5155; x_wconf 72' lang='grc' dir='ltr'>Πατὴρ</span> <span class='ocrx_word' id='word_1_829' title='bbox 2713 5087 2814 5138; x_wconf 77' lang='grc' dir='ltr'>οὐκ</span> <span class='ocrx_word' id='word_1_830' title='bbox 2846 5084 3012 5138; x_wconf 79' lang='grc' dir='ltr'>ἐστιν.</span> <span class='ocrx_word' id='word_1_831' title='bbox 3064 5081 3326 5136; x_wconf 86' lang='grc' dir='ltr'>Ἐνταῦθα</span> <span class='ocrx_word' id='word_1_832' title='bbox 3358 5079 3464 5149; x_wconf 77' lang='grc' dir='ltr'><strong>γὰρ</strong></span> <span class='ocrx_word' id='word_1_833' title='bbox 3501 5080 3733 5149; x_wconf 79' lang='grc' dir='ltr'>ἄγγελον</span> 
     </span>
    </p>
   </div>
   <div class='ocr_carea' id='block_1_113' title="bbox 2149 5174 3728 5249">
    <p class='ocr_par' dir='ltr' id='par_1_113' title="bbox 2149 5174 3728 5249">
     <span class='ocr_line' id='line_1_113' title="bbox 2149 5174 3728 5249; baseline -0.006 -15"><span class='ocrx_word' id='word_1_834' title='bbox 2149 5181 2242 5234; x_wconf 85' lang='grc' dir='ltr'><strong>τοῦ</strong></span> <span class='ocrx_word' id='word_1_835' title='bbox 2261 5180 2418 5249; x_wconf 89' lang='grc' dir='ltr'>λόγου</span> <span class='ocrx_word' id='word_1_836' title='bbox 2431 5179 2522 5232; x_wconf 87' lang='grc' dir='ltr'><strong>τοῦ</strong></span> <span class='ocrx_word' id='word_1_837' title='bbox 2544 5178 2678 5232; x_wconf 85' lang='grc' dir='ltr'>Θεοῦ</span> <span class='ocrx_word' id='word_1_838' title='bbox 2700 5178 2930 5249; x_wconf 81' lang='grc' dir='ltr'>ήγραφὴ</span> <span class='ocrx_word' id='word_1_839' title='bbox 2953 5174 3284 5247; x_wconf 78' lang='grc' dir='ltr'>προτάξασα,</span> <span class='ocrx_word' id='word_1_840' title='bbox 3308 5175 3501 5243; x_wconf 83' lang='grc' dir='ltr'>ἐπάγει</span> <span class='ocrx_word' id='word_1_841' title='bbox 3524 5174 3728 5243; x_wconf 72' lang='grc' dir='ltr'><strong>φωνήν⁸</strong></span> 
     </span>
    </p>
   </div>
   <div class='ocr_carea' id='block_1_114' title="bbox 2150 5262 3732 5344">
    <p class='ocr_par' dir='ltr' id='par_1_114' title="bbox 2150 5262 3732 5344">
     <span class='ocr_line' id='line_1_114' title="bbox 2150 5262 3732 5344; baseline -0.006 -18"><span class='ocrx_word' id='word_1_842' title='bbox 2150 5272 2395 5344; x_wconf 78' lang='grc' dir='ltr'>ἐφώνησε</span> <span class='ocrx_word' id='word_1_843' title='bbox 2451 5271 2559 5344; x_wconf 85' lang='grc' dir='ltr'><strong>γὰρ</strong></span> <span class='ocrx_word' id='word_1_844' title='bbox 2608 5271 2768 5325; x_wconf 71' lang='grc' dir='ltr'>αὑτὸν</span> <span class='ocrx_word' id='word_1_845' title='bbox 2793 5270 3020 5339; x_wconf 79' lang='grc' dir='ltr'>ἄγγελος</span> <span class='ocrx_word' id='word_1_846' title='bbox 3063 5267 3268 5339; x_wconf 85' lang='grc' dir='ltr'>Κυρίου</span> <span class='ocrx_word' id='word_1_847' title='bbox 3302 5266 3396 5319; x_wconf 79' lang='grc' dir='ltr'>καὶ</span> <span class='ocrx_word' id='word_1_848' title='bbox 3429 5262 3602 5328; x_wconf 74' lang='grc' dir='ltr'>εἶπεν,</span> <span class='ocrx_word' id='word_1_849' title='bbox 3647 5265 3732 5317; x_wconf 85' lang='grc' dir='ltr'>ὅτι</span> 
     </span>
    </p>
   </div>
   <div class='ocr_carea' id='block_1_115' title="bbox 2165 5355 3731 5431">
    <p class='ocr_par' dir='ltr' id='par_1_115' title="bbox 2165 5355 3731 5431">
     <span class='ocr_line' id='line_1_115' title="bbox 2165 5355 3731 5431; baseline -0.008 -13"><span class='ocrx_word' id='word_1_850' title='bbox 2165 5365 2308 5419; x_wconf 69' lang='grc' dir='ltr'><strong>’Δγ-θ’</strong></span> <span class='ocrx_word' id='word_1_851' title='bbox 2332 5358 2417 5416; x_wconf 84' lang='grc' dir='ltr'><strong>ὧν</strong></span> <span class='ocrx_word' id='word_1_852' title='bbox 2432 5364 2726 5430; x_wconf 72' lang='grc' dir='ltr'>ἐποίησας</span> <span class='ocrx_word' id='word_1_853' title='bbox 2755 5361 2817 5415; x_wconf 80' lang='grc' dir='ltr'><strong>τό</strong></span> <span class='ocrx_word' id='word_1_854' title='bbox 2835 5360 3000 5431; x_wconf 78' lang='grc' dir='ltr'>ῥῆμα</span> <span class='ocrx_word' id='word_1_855' title='bbox 3030 5360 3224 5422; x_wconf 87' lang='grc' dir='ltr'>τοῦτο,</span> <span class='ocrx_word' id='word_1_856' title='bbox 3251 5357 3349 5412; x_wconf 74' lang='grc' dir='ltr'>καὶ</span> <span class='ocrx_word' id='word_1_857' title='bbox 3378 5359 3488 5412; x_wconf 83' lang='grc' dir='ltr'>οὑκ</span> <span class='ocrx_word' id='word_1_858' title='bbox 3511 5355 3731 5424; x_wconf 61' lang='grc' dir='ltr'>ἐφείσω</span> 
     </span>
    </p>
   </div>
   <div class='ocr_carea' id='block_1_116' title="bbox 2150 5447 3726 5521">
    <p class='ocr_par' dir='ltr' id='par_1_116' title="bbox 2150 5447 3726 5521">
     <span class='ocr_line' id='line_1_116' title="bbox 2150 5447 3726 5521; baseline -0.008 -11"><span class='ocrx_word' id='word_1_859' title='bbox 2150 5457 2255 5510; x_wconf 82' lang='grc' dir='ltr'><strong>τοῦ</strong></span> <span class='ocrx_word' id='word_1_860' title='bbox 2281 5456 2410 5510; x_wconf 80' lang='grc' dir='ltr'>υἱοῦ</span> <span class='ocrx_word' id='word_1_861' title='bbox 2443 5472 2559 5509; x_wconf 78' lang='grc' dir='ltr'>σου</span> <span class='ocrx_word' id='word_1_862' title='bbox 2588 5455 2693 5509; x_wconf 85' lang='grc' dir='ltr'><strong>τοῦ</strong></span> <span class='ocrx_word' id='word_1_863' title='bbox 2715 5451 3044 5521; x_wconf 78' lang='grc' dir='ltr'>ἀγαπητοῦ,</span> <span class='ocrx_word' id='word_1_864' title='bbox 3068 5451 3194 5504; x_wconf 79' lang='grc' dir='ltr'>κατ’</span> <span class='ocrx_word' id='word_1_865' title='bbox 3213 5449 3470 5519; x_wconf 84' lang='grc' dir='ltr'>ἐμαυτοῦ</span> <span class='ocrx_word' id='word_1_866' title='bbox 3499 5447 3726 5516; x_wconf 80' lang='grc' dir='ltr'>ὤμοσα,</span> 
     </span>
    </p>
   </div>
   <div class='ocr_carea' id='block_1_117' title="bbox 2150 5538 3722 5614">
    <p class='ocr_par' dir='ltr' id='par_1_117' title="bbox 2150 5538 3722 5614">
     <span class='ocr_line' id='line_1_117' title="bbox 2150 5538 3722 5614; baseline -0.007 -13"><span class='ocrx_word' id='word_1_867' title='bbox 2150 5546 2399 5614; x_wconf 80' lang='grc' dir='ltr'>ποιῆσαι</span> <span class='ocrx_word' id='word_1_868' title='bbox 2428 5546 2577 5614; x_wconf 83' lang='grc' dir='ltr'>ἅπερ</span> <span class='ocrx_word' id='word_1_869' title='bbox 2607 5545 2705 5600; x_wconf 79' lang='grc' dir='ltr'>καὶ</span> <span class='ocrx_word' id='word_1_870' title='bbox 2733 5546 2803 5597; x_wconf 83' lang='grc' dir='ltr'>ἐν</span> <span class='ocrx_word' id='word_1_871' title='bbox 2835 5543 2909 5612; x_wconf 78' lang='grc' dir='ltr'>τῇ</span> <span class='ocrx_word' id='word_1_872' title='bbox 2939 5541 3263 5612; x_wconf 69' lang='grc' dir='ltr'>ἐπαγγελίᾳ</span> <span class='ocrx_word' id='word_1_873' title='bbox 3291 5540 3386 5593; x_wconf 86' lang='grc' dir='ltr'><strong>τοῦ</strong></span> <span class='ocrx_word' id='word_1_874' title='bbox 3417 5539 3576 5607; x_wconf 85' lang='grc' dir='ltr'>λόγου</span> <span class='ocrx_word' id='word_1_875' title='bbox 3608 5538 3722 5591; x_wconf 76' lang='grc' dir='ltr'>ἐστι</span> 
     </span>
    </p>
   </div>
   <div class='ocr_carea' id='block_1_118' title="bbox 2155 5631 3726 5709">
    <p class='ocr_par' dir='ltr' id='par_1_118' title="bbox 2155 5631 3726 5709">
     <span class='ocr_line' id='line_1_118' title="bbox 2155 5631 3726 5709; baseline -0.006 -16"><span class='ocrx_word' id='word_1_876' title='bbox 2155 5641 2363 5709; x_wconf 85' lang='grc' dir='ltr'>μαθεῖν.</span> <span class='ocrx_word' id='word_1_877' title='bbox 2413 5639 2509 5703; x_wconf 88' lang='grc' dir='ltr'>Τίς</span> <span class='ocrx_word' id='word_1_878' title='bbox 2557 5633 2651 5692; x_wconf 78' lang='grc' dir='ltr'>οὖν</span> <span class='ocrx_word' id='word_1_879' title='bbox 2695 5639 2842 5691; x_wconf 84' lang='grc' dir='ltr'>ἐστιν</span> <span class='ocrx_word' id='word_1_880' title='bbox 2870 5638 2898 5689; x_wconf 91' lang='lat'><strong>6</strong></span> <span class='ocrx_word' id='word_1_881' title='bbox 2929 5634 3268 5705; x_wconf 83' lang='grc' dir='ltr'>χρηματίσας</span> <span class='ocrx_word' id='word_1_882' title='bbox 3319 5632 3395 5701; x_wconf 81' lang='grc' dir='ltr'>τῷ</span> <span class='ocrx_word' id='word_1_883' title='bbox 3438 5631 3726 5700; x_wconf 75' lang='grc' dir='ltr'>Ἀδραάμ;</span> 
     </span>
    </p>
   </div>
   <div class='ocr_carea' id='block_1_119' title="bbox 2152 5723 3729 5799">
    <p class='ocr_par' dir='ltr' id='par_1_119' title="bbox 2152 5723 3729 5799">
     <span class='ocr_line' id='line_1_119' title="bbox 2152 5723 3729 5799; baseline -0.009 -12"><span class='ocrx_word' id='word_1_884' title='bbox 2152 5729 2294 5799; x_wconf 74' lang='grc' dir='ltr'><strong>Ἀρα</strong></span> <span class='ocrx_word' id='word_1_885' title='bbox 2325 5732 2398 5799; x_wconf 80' lang='grc' dir='ltr'>μὴ</span> <span class='ocrx_word' id='word_1_886' title='bbox 2425 5734 2450 5785; x_wconf 87' lang='lat'><strong>6</strong></span> <span class='ocrx_word' id='word_1_887' title='bbox 2472 5734 2659 5798; x_wconf 80' lang='grc' dir='ltr'>Πατήρ</span> <span class='ocrx_word' id='word_1_888' title='bbox 2687 5749 2699 5798; x_wconf 87' lang='grc'><strong>;</strong></span> <span class='ocrx_word' id='word_1_889' title='bbox 2751 5727 2888 5784; x_wconf 76' lang='grc' dir='ltr'>Ἀλλ’</span> <span class='ocrx_word' id='word_1_890' title='bbox 2919 5729 3017 5782; x_wconf 73' lang='grc' dir='ltr'>οὐκ</span> <span class='ocrx_word' id='word_1_891' title='bbox 3047 5725 3110 5782; x_wconf 81' lang='grc' dir='ltr'>ἂν</span> <span class='ocrx_word' id='word_1_892' title='bbox 3136 5727 3307 5787; x_wconf 80' lang='grc' dir='ltr'>εἴποις</span> <span class='ocrx_word' id='word_1_893' title='bbox 3331 5723 3557 5792; x_wconf 80' lang='grc' dir='ltr'>ἄγγελόν</span> <span class='ocrx_word' id='word_1_894' title='bbox 3587 5738 3729 5784; x_wconf 89' lang='grc' dir='ltr'>τινος</span> 
     </span>
    </p>
   </div>
  </div>
