3842 6410
109 302 215 359 573

1029 303 1117 359 DE
1154 305 1450 362 DEITATE
1487 304 1642 362 FlLll
1682 306 1771 362 ET
1812 306 2130 363 SPIRITUS
2164 305 2432 390 SANCTI.

3234 301 3341 365 571
3382 294 3383 297 “

62 414 73 443 λ
105 400 243 469 εἶναι
274 415 366 469 τὸν
396 412 632 488 Πατέρα.
679 412 887 471 Ούκοῦν
912 421 940 473 δ
968 420 1259 491 μονογενής
1282 422 1430 485 Θεὸς,
1461 424 1586 494 περὶ
1610 415 1667 478 οὗ

1776 424 1891 492 ﬁlio
1923 434 2011 477 tuo
2042 422 2254 484 dilecto.
2286 439 2377 491 per
2432 436 2513 475 me
2558 422 2755 490 juravi,
2796 423 3061 491 facturum
3106 437 3187 475 me
3224 437 3341 476 esse

105 510 131 561 ὁ
151 507 446 577 Προφήτης
466 508 648 576 φησὶν,
681 509 761 563 ὅτι
785 510 1056 564 Καλεῖται
1078 512 1145 565 τὸ
1168 512 1353 580 ὄνομα
1371 513 1556 567 αὐτοῦ
1572 531 1675 581 με·

30 658 31 661 η
102 595 292 663 γάζης
328 595 570 664 ,ϐουλῆς
602 598 903 667 Ἄγγελος.
938 600 1104 654 Τοῦτο
1129 603 1185 656 δὲ
1212 604 1309 656 οὐκ
1339 605 1522 672 ἀγνοεῖ
1545 606 1676 658 πάν-

104 704 204 748 τως
232 687 264 738 ὁ
294 686 505 750 Παῦλος
536 689 565 740 ὁ
603 690 660 740 ὲν
689 690 997 762 παραδείσῳ
1029 694 1251 764 μυηθεὶς
1276 694 1344 748 τὰ
1369 696 1674 767 ἀπόρρητα,

103 776 178 827 ὅτι
209 775 366 847 παρὰ
390 777 487 830 τοῦ
513 779 848 855 Μονογενοῦς
878 782 910 851 ή
937 781 1155 854 ἔνορκος
1185 783 1323 854 αὕτη
1359 786 1672 856 ὑπόσχεσις.

104 867 261 935 Λέγει
284 868 343 921 δὲ
395 868 429 919 ὁ
469 867 697 935 Παῦλος,
725 872 807 923 ὃτι
847 871 929 936 Τῷ
969 873 1221 943 Ἀϐραὰμ
1249 876 1672 948 ἐπαγγειλάμε-

104 972 226 1021 νος,
252 958 282 1010 ό
309 956 445 1021 Θεὸς
471 958 663 1027 Λόγος,
692 959 822 1014 ἐπεὶ
850 962 975 1014 κατ’
993 963 1239 1030 οὐδενὸς
1258 961 1381 1034 εἶχε
1399 966 1672 1036 μείζονος

106 1047 338 1114 ὀμόσαι,
372 1046 572 1117 ὤμοσε
601 1050 728 1105 καθ’
758 1051 993 1106 ἑαυτοῦ.

1772 516 1948 568 omnia
1978 516 2108 580 hwc,
2138 532 2257 587 quae
2276 516 2437 569 etiam
2474 515 2526 567 in
2552 515 2817 570 orationis
2850 514 3211 584 promissione
3238 529 3337 569 co-

1773 606 1959 674 gnosci
1989 615 2237 675 possunt.
2283 604 2416 671 Quis
2452 606 2613 675 igitur
2634 618 2717 662 est
2753 610 2844 677 qui
2878 624 2999 663 cum
3033 609 3338 663 Abrahamo

1773 697 2080 751 collocutus
2106 708 2186 752 est
2211 698 2235 751 ?
2260 698 2517 767 Nunquid
2546 697 2706 753 Pater
2735 700 2759 751 ‘I
2783 701 2850 754 At
2875 716 3215 770 nequaquam
3243 699 3329 754 di-

1775 789 1922 843 xeris
1958 790 2191 858 alicujus
2249 791 2497 859 angelum
2536 804 2655 845 esse
2696 790 2946 849 Patrem.
2990 793 3127 861 Ergo
3163 790 3333 847 Filius

1777 879 2089 947 unigenitus
2121 881 2166 935 is
2196 889 2331 941 erat,
2359 880 2426 934 de
2457 896 2567 950 quo
2600 883 2859 951 propheta
2895 884 3062 945 dicit,
3109 882 3340 937 Vocatur

1776 986 1960 1023 nomen
1993 971 2106 1039 ejus
2158 975 2337 1042 magni
2385 974 2595 1027 consilii
2636 975 2855 1043 Angelus
2881 976 2946 1026 ".
2991 974 3103 1029 Hoc
3152 984 3331 1028 autem

1775 1059 2002 1123 Paulus,
2037 1063 2128 1132 qui
2176 1065 2394 1118 arcanis
2428 1064 2602 1119 sacris
2636 1065 2688 1118 in
2716 1064 2967 1133 jaradiso
3007 1065 3252 1121 initiatus
3279 1076 3334 1120 et

108 1139 391 1195 institutus
432 1149 557 1207 est,
604 1156 830 1211 prorsus
873 1143 1015 1198 haud
1056 1144 1316 1216 ignorat,
1368 1165 1562 1219 nempe
1611 1151 1680 1205 ab
1732 1154 2012 1224 unigenito
2061 1157 2169 1209 tilio
2211 1155 2568 1225 jurejurando
2605 1156 2977 1211 confirmatam
3046 1157 3187 1213 hanc
3251 1158 3335 1212 fa-

108 1240 244 1286 ctam
274 1249 401 1291 esse
428 1236 863 1305 promissionem.
919 1239 1060 1295 Dicit
1088 1249 1269 1297 autem
1318 1244 1538 1308 Paulus,
1594 1246 1894 1304 Abrahamo
1938 1251 2203 1319 pollicitus
2252 1251 2385 1307 Deus
2425 1253 2500 1321 (id
2537 1261 2638 1314 est,
2666 1250 2808 1307 Deus
2845 1250 3127 1316 Verbum),
3168 1269 3337 1322 quam

106 1324 380 1392 doquidem
409 1343 502 1397 per
526 1330 782 1384 neminem
810 1330 1064 1399 majorem
1092 1343 1299 1402 poterat
1332 1336 1521 1403 jurare
1540 1378 1556 1403 ,
1574 1338 1778 1407 juravit
1810 1357 1903 1410 per
1941 1343 2271 1411 semetipsum
2292 1343 2358 1397 ".

167 1421 294 1486 Πῶς
318 1419 417 1477 οὖν
448 1418 591 1480 οὗτοι
618 1425 833 1495 λέγουσι
866 1427 1088 1500 μείζονα
1132 1430 1226 1485 τοῦ
1268 1432 1399 1486 Υίοῦ
1431 1434 1522 1487 τὸν
1549 1437 1664 1489 Πα-

104 1512 247 1583 τέρα,
290 1515 389 1568 τοῦ
418 1517 631 1571 Παύλου
660 1519 907 1588 λέγοντος
951 1522 1032 1575 ὃτι
1064 1524 1163 1576 οὐκ
1192 1523 1303 1594 ἔχει
1335 1525 1396 1579 τδ
1442 1527 1666 1597 μεῖζον;

1755 1500 1767 1507 μ
1842 1437 1945 1505 Qui
1979 1440 2139 1510 igitur
2164 1440 2252 1495 isti
2288 1440 2479 1495 dicunt
2504 1439 2719 1495 Patrem
2751 1439 2888 1493 Filio
2910 1438 3167 1508 majorem
3191 1453 3332 1499 esse,

1773 1545 1895 1585 cum
1942 1529 2145 1586 Paulus
2195 1539 2353 1602 neget
2408 1547 2530 1586 eum
2587 1532 2786 1586 habere
2818 1527 3065 1600 (aliquid)
3116 1528 3341 1597 majus?

116 1606 247 1659 Ἀλλ’
272 1608 658 1681 ἐπανέλθωμεν
703 1612 864 1666 πάλιν
894 1616 984 1668 ἐπὶ
1017 1617 1108 1669 τὸν
1149 1618 1497 1686 εύαγγελικὺν
1530 1616 1667 1673 οἶνον

1776 1619 1882 1675 Sed
1915 1622 2201 1676 redeamus
2235 1637 2427 1675 rursus
2459 1620 2527 1675 ad
2566 1620 2939 1690 evangelicum
2982 1618 3117 1674 illud
3147 1619 3331 1672 vinum
3378 1644 3381 1647 λ

102 1696 186 1747 τὸν
211 1696 355 1761 νέον,
385 1699 462 1762 ὡς
508 1699 575 1755 ἂν
619 1701 897 1771 δεξάμενοι
936 1705 1023 1757 διὰ
1062 1707 1160 1776 τῆς
1204 1682 1550 1771 διδασκαλίας
1576 1709 1667 1762 καὶ

1775 1726 1993 1777 novum,
2029 1719 2174 1765 utet
2215 1711 2320 1782 ipsi
2361 1727 2457 1781 per
2500 1682 2807 1766 doctrinam
2840 1711 3063 1780 spiritus
3110 1718 3339 1781 accepto

30 1860 35 1869 ι
100 1788 245 1841 αὐτοὶ
272 1790 373 1859 τὴν
402 1790 550 1853 ζέσιν
573 1792 667 1845 τοῦ
693 1794 1025 1864 Πνεύματος,
1054 1798 1331 1868 ἐπιτήδεια
1366 1800 1543 1870 δοχεῖα
1575 1801 1670 1854 τοῦ

100 1879 342 1933 τοιούτου
364 1884 507 1935 οἴνου
532 1884 844 1956 γενοίμεθα,
890 1888 1025 1957 μήτε
1067 1887 1220 1943 αὐτοὶ
1249 1891 1666 1963 διαηιζὸμενοι,

105 1974 235 2043 μήτε
291 1973 392 2045 τήν
445 1976 898 2047 ὲγκεκρυμμένην
952 1981 1086 2050 ἡμῖν
1142 1981 1299 2053 χάριν
1363 1984 1663 2055 ἐκχέοντες.

105 2064 338 2117 Ἤκουον
365 2066 466 2134 τῆς
492 2065 808 2138 ψαλμῳδίας
839 2070 973 2140 ,περὶ
1004 2072 1112 2125 τῶν
1147 2074 1447 2143 παρόντων,
1495 2072 1666 2147 οἶμαι,

104 2153 282 2208 κακῶν
317 2157 764 2229 προφητευούσης
786 2177 801 2192 ο
837 2161 979 2230 λέγει
1025 2164 1131 2235 γὰρ
1184 2166 1307 2235 περὶ
1355 2167 1462 2219 τῶν
1494 2170 1670 2241 ἁμαρ-

102 2244 318 2309 τωλῶν,
371 2246 453 2299 ὅτι
496 2247 1087 2319 Ἀπηλλοτριὼθησαν
1130 2256 1244 2309 ἀπὸ
1274 2256 1528 2325 μήτρας,
1569 2259 1667 2313 καὶ

100 2337 533 2405 ἐπλανήθησαν
583 2340 703 2394 ἀπὸ
756 2345 1032 2411 γαστρός.
1090 2347 1316 2418 Μήτραν
1365 2345 1516 2419 οἶμαι
1561 2351 1671 2404 τῶν

102 2430 238 2482 κατὰ
277 2430 412 2483 Θεὸν
459 2433 831 2498 γεννωμένων,
882 2438 981 2506 τὴν
1026 2438 1348 2508 Ἐκκλησίαν
1380 2441 1664 2509 λέγεσθαι·

101 2523 235 2594 αὕτη
264 2526 375 2595 γὰρ
404 2526 743 2597 κυοφοροῦσα
788 2531 852 2599 τῇ
886 2529 988 2601 ἰδίᾳ
1013 2531 1165 2602 νηδύϊ
1190 2534 1314 2595 τοὺς
1342 2536 1398 2586 ὲν
1424 2535 1558 2605 αὐτῇ
1583 2552 1669 2587 τε·

100 2616 583 2687 λεσφορουμένους,
610 2619 690 2681 εἰς
717 2619 832 2689 φῶς
859 2619 946 2674 διὰ
969 2622 1068 2691 τῆς
1097 2623 1330 2687 πίστεως
1350 2625 1490 2693 ἄγει.
1529 2625 1666 2678 Ἀλλ’

100 2706 144 2757 οἱ
166 2706 486 2776 ἁμαρτωλοὶ
513 2709 652 2761 κατὰ
677 2708 747 2761 τὰ
770 2710 1144 2780 ἁμὸλωθρίδια
1162 2713 1270 2765 τῶν
1290 2714 1665 2784 γεννημάτων,

99 2794 192 2864 τῆς
228 2796 447 2866 μήτρας
484 2796 923 2869 ἡλλοτριὼθησαν
949 2841 964 2863 ,
1017 2802 1108 2855 καὶ
1157 2806 1255 2874 τῆς
1302 2806 1535 2875 γαστρὸς
1568 2806 1668 2877 τῆς

98 2887 323 2956 γνησίας
371 2888 833 2959 ἀπεπλανήθησαν
858 2907 872 2921 ·
923 2892 1021 2962 ούχ
1064 2893 1174 2964 ὁρῶ
1200 2896 1307 2966 γὰρ
1338 2898 1395 2948 ὲν
1420 2899 1533 2960 τοῖς
1562 2914 1667 2969 μη-

97 2978 292 3047 τρῴοις
337 2978 560 3041 κόλποις
606 2979 734 3042 τοὺς
781 2981 1091 3045 ἀποστάτας
1138 2985 1237 3054 τῆς
1276 2986 1531 3052 πίστεως,
1572 2991 1737 3072 καὶρ

97 3068 236 3139 λέγω
260 3069 363 3141 τὴν
406 3073 741 3141 προφητείαν
787 3076 911 3144 περὶ
954 3074 1159 3129 τούτων
1201 3076 1397 3146 λέγειν,
1432 3080 1539 3134 τῶν
1578 3081 1667 3136 διὰ

95 3160 188 3231 τῆς
220 3161 444 3232 ἀπάτης
502 3164 960 3235 πεπλανημένων,
1010 3168 1091 3220 ὅτι
1141 3168 1517 3239 ἐπλανήθησαν
1562 3172 1669 3226 ἀπὸ

96 3253 370 3325 γαστρός·
414 3254 793 3325 ἐπλανήθησαν
843 3257 919 3329 τῷ
964 3259 1189 3329 λαλῆσαι
1221 3261 1407 3331 ψευδῆ.
1475 3266 1669 3334 Θυμύς

96 3345 317 3412 αὐτοῖς.
367 3348 520 3417 φησι,
559 3350 706 3403 κατὰ
733 3348 846 3416 τὴν
876 3352 1160 3419 ὁμοίωσιν
1197 3355 1304 3408 τοῦ
1332 3356 1539 3423 ὄφεως,
1570 3359 1667 3428 οὐχ

96 3437 279 3501 ἁπλῶς
311 3438 509 3508 ὄφεως,
541 3440 618 3501 ὡς
644 3440 711 3493 ἂν
759 3441 832 3512 μή
877 3442 1011 3514 πρὸς
1055 3444 1115 3496 τὸ
1157 3443 1343 3515 θηρίον
1383 3446 1539 3499 τούτο
1569 3448 1667 3518 τὴν

96 3528 343 3583 εἰκασίαν
370 3532 545 3600 σχοῖεν
570 3546 584 3559 ⁸
617 3531 730 3585 ἀλλ’
765 3533 797 3603 ἡ
826 3533 920 3584 τοῦ
949 3532 1151 3607 ἄρθρου
1183 3536 1465 3607 προσθήκη
1495 3537 1554 3590 τὸ
1576 3539 1671 3607 ἀρ-

98 3621 328 3691 χέτυπον
357 3622 523 3675 κακὸν
552 3622 619 3676 δι’
663 3625 999 3695 αἰνιγμάτων
1047 3627 1336 3681 δείκνυσιν.
1396 3628 1532 3681 Ἀλλ’
1567 3628 1667 3683 οὐκ

99 3714 324 3786 ἄκαιρος
360 3714 488 3779 ἴσως
534 3717 665 3786 ἡμῖν
697 3717 730 3786 ή
764 3719 947 3787 μνήμη
975 3717 1067 3770 τοῦ
1095 3717 1289 3786 ὄφεως,
1340 3721 1420 3783 είς
1452 3720 1668 3791 ἔλεγχον

98 3802 202 3856 τῶν
232 3804 752 3874 θρασυστομούντων
780 3809 921 3860 κατὰ
946 3806 1035 3860 τοῦ
1070 3809 1400 3880 Πνεύματος.
1454 3812 1668 3885 Ἐπειδὴ

100 3895 202 3966 γὰρ
232 3895 433 3950 οἴονται
463 3900 663 3968 ταύτην
696 3900 921 3971 ἰσχυρὰν
954 3899 1097 3969 ἔχειν
1128 3902 1267 3955 κατὰ
1293 3902 1387 3955 τοῦ
1421 3901 1670 3973 Πνεύμα-

97 4003 182 4053 τος
208 3988 402 4059 λαϐὴν,
424 3990 484 4042 τὸ
512 3989 587 4061 μὴ
615 3991 1001 4062 προσειρῆσθαι
1028 3992 1158 4045 Θεὸν
1184 3994 1243 4046 τὸ
1272 3994 1493 4065 Πνεῦμα
1518 3995 1669 4062 παρὰ

98 4079 193 4149 τῆς
223 4079 388 4148 ἁγίας
413 4081 635 4150 Γραφῆς
670 4082 765 4149 (ὡς
798 4080 948 4135 αὐτοί
978 4099 1041 4150 γε
1071 4083 1379 4154 νομίζουσιν
1408 4103 1420 4115 ·
1472 4085 1532 4137 οὐ
1561 4085 1668 4156 γὰρ

100 4170 257 4240 ἡμεῖς
287 4170 697 4242 συντιθέμεθα)ο
739 4173 832 4226 καί
857 4190 987 4241 φασι
1018 4174 1232 4243 φύσεως
1277 4176 1373 4246 μὲν
1407 4172 1543 4229 εῖναι
1574 4193 1669 4246 ση-

103 4257 367 4329 μαντικὴν
412 4259 511 4329 τὴν
553 4259 799 4331 θεότητα,
844 4261 937 4314 τοῦ
985 4261 1040 4314 δὲ
1085 4264 1342 4333 ὀνόματος
1368 4263 1555 4318 τούτου
1593 4265 1666 4334 μὴ

1776 1799 2008 1863 fervore,
2055 1800 2251 1854 idonea
2295 1815 2425 1855 vasa
2468 1811 2632 1871 atque
2677 1802 3019 1870 receptacula
3053 1802 3177 1855 talis
3220 1803 3331 1855 vini

1773 1890 1988 1952 fiamus.
2041 1906 2218 1960 neque
2266 1892 2369 1963 ipsi
2406 1899 2742 1961 rumpentes,
2786 1907 2960 1961 neque
2993 1892 3331 1946 reconditam

1772 1992 1825 2036 et
1860 1981 2098 2036 abditam
2155 1983 2210 2035 in
2263 1982 2420 2037 nobis
2454 1983 2682 2052 gratiam
2727 1981 3086 2039 elinndentes.
3139 1982 3333 2036 Audivi

1772 2073 2091 2142 scriptorem
2149 2071 2491 2127 Psalmorum
2545 2073 2614 2128 de
2656 2074 3053 2144 praesentibus,
3103 2075 3331 2143 opinor,

1770 2163 1930 2217 malis
1961 2162 2348 2217 vaticinantem
2386 2177 2448 2216 ac
2480 2162 2857 2232 praedicentem
2885 2178 2899 2226 ;
2938 2162 3072 2218 dicit
3101 2161 3244 2216 enim
3266 2160 3336 2216 de

1770 2254 2151 2323 peccatoribus
2199 2253 2284 2308 his
2322 2252 2503 2308 verbis
2540 2272 2552 2307 :
2584 2252 2887 2308 Abalienati
2916 2262 3037 2308 sunt
3079 2255 3145 2305 ab
3186 2260 3335 2306 utero

1768 2352 2101 2411 peccatores,
2167 2349 2217 2395 et
2281 2340 2655 2395 aberraverunt
2704 2358 2739 2395 a
2795 2342 3048 2394 ventre”.
3106 2339 3334 2395 Uterum

1769 2435 1964 2503 opinor
2016 2447 2203 2486 eorum
2259 2433 2354 2501 qui
2414 2432 2719 2487 secundum
2777 2430 2945 2487 Deum
2998 2441 3334 2498 nascuntur,

1768 2522 2068 2579 Ecclesium
2114 2522 2246 2579 dici.
2293 2522 2415 2578 Haec
2463 2524 2608 2577 enim
2656 2522 2711 2577 in
2755 2531 2913 2577 utero
2956 2538 3057 2577 suo
3114 2532 3336 2592 gestans

1767 2630 1861 2671 eos
1886 2617 1981 2686 qui
2012 2616 2080 2669 ad
2108 2614 2494 2686 perfectionem
2531 2616 2583 2668 in
2614 2630 2677 2669 ea
2702 2617 3043 2685 perveniunt,
3078 2616 3129 2667 in
3160 2616 3333 2668 lucetn
3390 2634 3400 2647 κ

1766 2724 1864 2779 per
1914 2708 2073 2763 ﬁdem
2123 2708 2391 2777 producit.
2455 2707 2560 2762 Sed
2611 2718 2926 2777 peccatores
2980 2707 3335 2777 quemadmo-

1767 2802 1893 2855 dum
1938 2800 2080 2855 fetus
2107 2800 2336 2859 abortivi
2378 2800 2447 2854 ab
2491 2809 2649 2853 utero
2696 2799 2987 2854 abalienati
3029 2806 3179 2862 sunt,
3210 2808 3263 2854 et
3301 2815 3333 2853 a

1766 2907 1897 2947 vero
1949 2899 2112 2961 atque
2164 2905 2422 2960 germano
2478 2900 2666 2946 ventre
2726 2891 3119 2945 aberraverunt
3166 2908 3179 2943 :
3221 2905 3330 2944 non

1767 2984 1910 3039 enim
1945 2985 1999 3037 in
2032 2991 2281 3037 materno
2306 2984 2428 3037 sinu
2453 2981 2771 3053 gremioque
2800 2982 2960 3036 video
2988 2981 3106 3035 fidei
3142 2980 3332 3035 deser-

1768 3081 1936 3137 tores,
1958 3083 2010 3127 ct
2026 3075 2113 3127 aio
2133 3074 2467 3144 prophetiam
2489 3075 2557 3130 de
2584 3075 2669 3129 his
2686 3076 2834 3143 loqui
2858 3075 2951 3145 qui
2972 3090 3067 3145 per
3090 3074 3331 3128 fraudem

1769 3164 1981 3219 seducti
2033 3173 2240 3231 errant,
2296 3181 2490 3237 nempe
2537 3182 2566 3219 a
2624 3174 2812 3221 ventre
2870 3166 2993 3220 illos
3027 3167 3332 3229 aberrasse,

1767 3269 2089 3315 erraverunt
2126 3276 2192 3315 eo
2239 3260 2384 3329 quod
2433 3262 2598 3315 locuti
2645 3270 2772 3316 sunt
2825 3260 2982 3324 falsa,
3018 3259 3195 3314 Furor
3230 3262 3331 3323 eis,

1770 3352 1982 3421 inquit,
2033 3352 2101 3405 ad
2155 3352 2559 3406 similitudinem
2614 3352 2760 3405 illius
2809 3354 3071 3421 serpentis
3097 3353 3171 3412 ³¹,
3224 3366 3332 3405 non

1770 3444 1928 3510 plane
1975 3450 2139 3511 atque
2169 3443 2492 3511 simpliciter
2530 3443 2825 3512 serpentis,
2874 3458 2940 3496 ne
2993 3457 3114 3495 cum
3160 3443 3331 3496 bestia

1768 3535 1871 3588 hac
1936 3534 2245 3605 comparari
2299 3542 2462 3604 atque
2522 3534 2812 3589 assimilari
2870 3534 3197 3588 videantur:
3235 3532 3331 3587 sed

1768 3625 2002 3695 adjectio
2032 3624 2246 3679 articuli
2290 3623 2555 3693 originale
2586 3632 2750 3691 atque
2783 3622 3082 3693 principale
3127 3621 3327 3674 malum

1767 3731 1865 3785 per
1915 3715 2204 3783 aenigmata
2268 3715 2669 3784 verborumque
2732 3714 3014 3769 involucra
3070 3713 3330 3768 ostendit.

1770 3807 1875 3861 Sed
1925 3805 2159 3861 fortasse
2196 3822 2305 3859 non
2352 3805 2733 3873 intempestive
2782 3818 2813 3858 a
2858 3805 3016 3859 nobis
3061 3804 3330 3874 serpentis

1766 3911 1851 3954 est
1876 3899 2075 3953 mentio
2110 3899 2275 3966 facta,
2315 3899 2383 3952 ad
2427 3897 2832 3967 coarguendum
2868 3913 2962 3952 eos
2990 3897 3082 3966 qui
3132 3906 3333 3951 temere

1766 3997 1821 4045 et
1864 3988 2261 4043 inconsiderate
2310 3989 2574 4043 adversus
2622 3986 2887 4057 Spiritum
2937 3996 3185 4039 sanctum
3251 3986 3332 4038 lo-

1767 4095 2029 4151 quuntur.
2066 4083 2333 4147 Quoniam
2380 4081 2523 4134 enim
2563 4079 2706 4133 hanc
2740 4078 2947 4133 firmam
2991 4091 3057 4131 ac
3098 4076 3332 4129 validam

1768 4174 2029 4230 adversus
2076 4172 2338 4243 Spiritum
2378 4182 2629 4226 sanctum
2662 4170 2864 4225 habere
2915 4184 2974 4224 se
3006 4177 3202 4238 putant
3244 4182 3332 4224 re-

1770 4266 2207 4336 prehensionem,
2232 4263 2374 4334 quod
2424 4279 2454 4318 a
2505 4274 2695 4319 sancta
2737 4262 2993 4317 nimirum
3049 4260 3331 4331 Scriptura

100 4350 446 4419 ἐπικειμένου
472 4349 552 4420 τῷ
585 4350 882 4421 Πνεύματι,
920 4353 981 4405 τὸ
1016 4353 1091 4423 μὴ
1117 4353 1218 4424 τῆς
1258 4355 1426 4424 αὐτῆς
1456 4354 1667 4423 φύσεως

1772 4357 2007 4427 Spiritus
2045 4364 2269 4410 sanctus
2316 4370 2425 4408 non
2457 4354 2760 4424 appelletur
2787 4354 2929 4407 Deus
2976 4354 3057 4423 (ut
3088 4352 3331 4421 ipsorum

102 4434 235 4493 εἶναι
257 4438 340 4510 τῷ
371 4440 551 4509 Πατρ)⁸
594 4442 689 4493 καὶ
719 4442 797 4512 τῷ
837 4442 950 4513 Υἱῷ
976 4443 1037 4495 τὸ
1070 4445 1292 4514 Πνεῦμα
1329 4447 1667 4500 κατασκευάο

103 4531 318 4593 ζουσιν·
352 4531 665 4585 λαϐέτωσαν
704 4533 805 4602 τῆς
847 4535 1074 4605 ἀνοήτου
1118 4537 1293 4590 αὐτῶν
1325 4537 1668 4608 βλασφημίας

101 4621 186 4674 τὸν
206 4622 335 4691 ὅφιν
362 4623 690 4694 κατήγορον.
738 4624 826 4688 Ὠς
850 4625 956 4696 γὰρ
983 4628 1144 4696 ἡμεῖς
1173 4644 1350 4697 φαμεν
1381 4628 1457 4680 ὅτι
1489 4630 1519 4697 ή
1550 4628 1670 4682 θεία

101 4712 255 4780 φύσις
285 4713 458 4782 ὄνομα
510 4713 898 4785 σημαντικὸνῆ
928 4716 1027 4768 οὐκ
1065 4716 1176 4786 ἔχει
1223 4718 1419 4787 ἑαυτῆς
1456 4718 1488 4789 ἢ
1535 4722 1668 4790 ἡμῖν

100 4808 193 4859 οὐκ
241 4806 356 4875 ἔχει
382 4822 399 4837 ο
450 4805 565 4858 ἀλλ’
597 4807 651 4858 εἴ
676 4823 728 4859 τι
759 4809 850 4860 καὶ
880 4807 1092 4875 λέγεται
1124 4808 1233 4861 εἴτε
1259 4810 1408 4879 παρὰ
1435 4811 1532 4880 τῆς
1575 4813 1669 4864 ἀν-

101 4898 378 4966 θρωπίνης
416 4896 723 4964 συνηθείας,
768 4896 878 4949 εἴτε
907 4898 1054 4965 παρὰ
1087 4899 1183 4968 τῆς
1228 4898 1388 4967 ἁγίας
1421 4900 1664 4971 Γραῳῆς,

98 4988 201 5039 τῶν
223 5006 274 5041 τι
302 4986 432 5057 περὶ
461 4988 630 5060 αὐτὴν
653 4989 939 5059 ἀποσημα.
988 4989 1143 5042 ὶντων
1173 4990 1319 5041 ἐστίν
1345 5007 1359 5019 ·
1390 4989 1524 5061 αὑτὴ
1552 4992 1609 5043 δὲ
1631 4993 1664 5060 ἡ

102 5080 216 5133 θεία
261 5079 425 5147 φύσις
484 5080 759 5149 ἄφραστος
801 5097 861 5133 τε
909 5081 1002 5133 καὶ
1061 5081 1435 5152 ἀνεκφὼνητος
1495 5082 1664 5151 μένει,

102 5170 496 5240 ὑπερϐαίνουσα
524 5172 702 5224 πᾶσαν
746 5171 843 5242 τὴν
871 5171 957 5224 διὰ
998 5173 1180 5242 φωνῆς
1214 5173 1486 5242 σημασίαν
1511 5189 1525 5203 ·
1576 5172 1666 5226 εύ-

105 5278 287 5331 καιρον
314 5257 467 5333 οἶμαι
498 5261 654 5315 τοῦτο
681 5263 782 5332 τῆς
820 5264 1039 5333 Γραφῆς
1070 5265 1199 5334 ύμῖν
1239 5265 1579 5334 παραθέσθαι
1610 5267 1669 5319 τὸ

106 5352 283 5422 μέρος,
312 5352 341 5404 ὃ
373 5354 507 5422 πρὸς
531 5354 630 5424 τὴν
658 5352 800 5409 Εὕαν
819 5355 1088 5426 διεξῆλθεν
1116 5359 1144 5409 ὁ
1167 5357 1310 5425 ὄφις,
1348 5357 1556 5421 δεικνὺς
1586 5360 1666 5412 ὅτι

30 5490 33 5493 .
102 5444 160 5495 τὸ
185 5444 282 5514 τῆς
316 5444 570 5516 θεότητος
601 5445 770 5516 ὄνομα
814 5448 910 5518 τῆς
947 5449 1209 5519 ὁρατικῆς
1250 5450 1525 5520 ἐνεργείας
1570 5450 1665 5521 τὴν

104 5536 371 5605 σημασίαν
397 5535 531 5606 ἔχει.
566 5538 951 5608 Συμϐουλεύων
983 5539 1089 5610 γὰρ
1140 5538 1376 5608 ἅψασθαι
1406 5541 1513 5591 τῶν
1557 5542 1663 5593 ἀπ-

202 5718 249 5753 ⁸⁸
278 5717 382 5776 lea.
416 5736 491 5785 ιχ,
522 5722 575 5775 6.

1764 4449 1951 4503 saltem
2000 4447 2185 4516 opinio
2215 4446 2319 4500 fert
2353 4466 2366 4499 :
2398 4462 2504 4499 non
2540 4445 2686 4499 enim
2737 4460 2838 4500 nos
2885 4460 3008 4498 eum
3063 4444 3170 4497 illis
3199 4458 3333 4497 con-

1763 4539 2094 4607 cordamus),
2126 4548 2178 4593 et
2207 4539 2359 4592 aiunt
2400 4547 2611 4592 natura!
2636 4538 2854 4607 quidem
2888 4534 3330 4606 significatrieem

1764 4647 1886 4687 esse
1925 4648 2110 4685 vocem
2146 4631 2392 4696 deitatis;
2442 4637 2495 4684 et
2524 4629 2669 4699 quod
2717 4628 2821 4682 hoc
2865 4644 3061 4681 nomen
3105 4625 3330 4697 Spiritui

1766 4730 1954 4777 sancto
1982 4720 2290 4791 impositum
2328 4735 2433 4773 non
2468 4721 2557 4783 sit,
2598 4734 2708 4772 non
2741 4719 2986 4786 ejusdem
3019 4732 3140 4771 cum
3173 4715 3331 4770 Patre

1765 4830 1828 4867 ac
1877 4813 2014 4866 Filio
2054 4824 2266 4867 natura:
2318 4810 2580 4883 Spiritum
2626 4820 2874 4865 sanctum
2923 4824 3045 4864 esse
3097 4808 3328 4877 ﬁngunt,

1764 4906 2035 4974 accipiant
2076 4912 2385 4973 serpentem
2426 4904 2578 4957 illum
2613 4902 2792 4956 stultae
2826 4916 2938 4957 suae
2976 4900 3331 4968 vituperatio-

1764 4996 1851 5048 nis
1898 5009 1961 5047 ac
2011 4993 2403 5047 maledicentia:
2433 5004 2808 5048 accusatorem
2841 5010 2852 5043 :
2891 4989 3326 5060 quandoquidem

1763 5085 1907 5139 enim
1955 5098 2055 5137 nos
2111 5083 2345 5139 dicimus
2393 5083 2634 5137 divinam
2686 5088 2933 5135 naturam
2977 5094 3173 5133 nomen
3219 5095 3331 5146 quo

1766 5175 2120 5241 significetur,
2174 5183 2267 5227 aut
2320 5190 2427 5228 non
2475 5174 2694 5238 habere,
2742 5181 2835 5226 aut
2882 5172 3039 5224 nobis
3078 5186 3184 5223 non
3226 5170 3327 5223 ha—

1764 5267 1925 5332 bere;
1963 5265 2054 5320 sed
2104 5265 2150 5319 si
2182 5266 2325 5334 quod
2361 5264 2525 5319 etiam
2568 5262 2773 5317 dicitur
2815 5263 2929 5316 sive
2970 5278 3000 5314 a
3035 5270 3327 5315 consuetu-

1763 5357 1890 5412 dine
1918 5358 2171 5419 liumana,
2204 5356 2319 5410 sive
2349 5371 2380 5409 a
2413 5364 2605 5409 sancta
2655 5352 2940 5419 Scriptura
2971 5352 3173 5420 aliquid
3207 5367 3326 5406 esse

1762 5465 1949 5502 eorum
1963 5464 2081 5518 qua:
2098 5449 2241 5503 circa
2259 5462 2379 5502 eam
2401 5454 2657 5500 notantur
2677 5453 2729 5499 et
2745 5460 2865 5499 esse
2885 5444 3325 5497 animadvertun-

1762 5551 1877 5606 tur,
1908 5542 2080 5610 ipsam
2107 5546 2238 5596 vero
2261 5539 2498 5594 divinam
2524 5548 2774 5592 naturam
2816 5535 3249 5605 inexplicabilem
3273 5543 3324 5589 et

668 5721 885 5778 “Hebr.
911 5737 985 5787 vt,
1030 5722 1111 5776 15.
1154 5722 1197 5754 ³ο
1237 5720 1376 5776 Psal.
1419 5736 1545 5787 Lvtt,
1578 5722 1630 5773 4.
1710 5722 1747 5753 ³²
1786 5720 1913 5778 ibid.
1954 5722 2005 5774 5.
