3842 6416
471 251 574 305 579

1696 244 1757 300 S.
1796 239 2121 300 GREGOBII
2160 237 2445 293 NYSSENI

3607 222 3715 287 ξεί)

472 367 786 422 memoriam
846 373 1164 421 sanctorum
1230 362 1531 428 initiorum,
1588 376 1709 432 qum
1759 362 2031 415 hominem

2146 358 2197 410 τὸ
2237 358 2294 423 ἐξ
2326 358 2496 427 ἀρχῆς
2529 355 2745 419 κάλλος,
2777 355 2913 425 ὅπερ
2944 355 2974 406 6
3018 352 3399 423 ἀριστοτέχνης
3445 349 3579 413 Θεὸς
3621 349 3713 417 ἐφ’

474 465 725 528 purgant,
784 473 905 525 qua:
957 457 1125 512 etiam
1185 464 1488 526 peccatum,
1556 454 1701 524 quod
1753 453 2038 507 difﬁculter

471 548 695 613 eluitur,
750 556 864 601 tum
898 548 965 602 ab
994 547 1197 611 anima,
1231 555 1347 600 tum
1396 560 1429 598 a
1460 560 1690 615 corpore
1721 545 2041 614 abstergunt

471 647 636 709 atque
679 638 992 708 depellunt:
1026 653 1147 708 qua:
1177 638 1305 694 item
1336 635 1404 691 ad
1426 636 1711 707 pristinam
1738 636 2041 706 pulchritu-

471 729 679 797 dinem,
707 744 869 798 quam
904 729 1144 799 optimus
1169 727 1366 783 artifex
1401 726 1543 782 Deus
1591 726 1647 781 in
1674 726 1832 783 nobis
1886 725 2039 781 eilia-

472 830 649 887 xerat,
678 822 968 876 reducunt.
1002 819 1179 889 Atque
1206 818 1412 874 idcirco
1446 835 1542 874 vos
1579 818 1819 889 quidem,
1853 819 1947 888 qui
1973 834 2041 872 ex

473 912 577 966 hoc
601 914 805 983 populo
844 913 1038 967 initiati
1060 912 1215 975 estis,
1252 913 1391 966 bona
1425 909 1550 965 ﬁdei
1576 918 1781 966 nostrae
1828 908 2039 980 experti

471 1004 830 1071 convenistis,
845 1011 1008 1074 atque
1028 1002 1300 1058 adducitis
1315 1002 1478 1057 etiam
1490 1009 1763 1072 expertem
1784 1001 1961 1055 adhuc
1987 1005 2043 1055 et

475 1095 780 1165 imperitam
812 1096 1005 1149 harum
1044 1108 1229 1149 rerum
1285 1093 1715 1158 multitudinem,
1778 1100 2042 1162 tanquam

476 1185 603 1240 boni
634 1194 817 1255 patres
845 1201 975 1240 cura
1007 1195 1167 1255 atque
1192 1184 1579 1239 conciliatione
1631 1198 1741 1238 non
1797 1182 2043 1237 initiatos

478 1276 544 1330 ad
584 1276 873 1346 perfectam
901 1275 1117 1347 pietatis
1168 1274 1709 1345 comprehensionem
1768 1272 2045 1328 deducen-

476 1375 581 1422 tes.
623 1366 735 1438 Ego
764 1382 893 1423 vero
916 1368 1160 1438 gratulor
1185 1367 1470 1436 utrisque:
1514 1365 1745 1421 initiatis
1799 1365 2043 1435 quidem,

476 1458 619 1524 quod
656 1472 850 1528 magno
876 1458 1020 1513 dono
1046 1457 1203 1512 dilati
1236 1457 1409 1521 estis;
1440 1470 1549 1510 non
1596 1454 1830 1510 initiatis
1891 1469 2041 1518 vero,

476 1548 620 1617 quod
652 1548 792 1602 bona
822 1548 1007 1602 futura
1035 1548 1290 1617 speratis,
1311 1545 1506 1616 iudicii
1538 1547 1747 1602 scilicet
1773 1555 1827 1600 et
1871 1559 2045 1615 poena:

477 1640 880 1703 remissionem,
912 1641 1253 1694 vinculorum
1293 1640 1646 1701 solutionem,
1701 1638 2043 1694 conciliatio-

2136 450 2269 518 ἡμῖν
2303 447 2645 500 διεπλάσατο.
2696 446 2805 499 Καὶ
2836 445 2924 497 διὰ
2964 444 3120 497 τοῦτο
3160 444 3189 494 6
3224 444 3429 514 μύστης
3461 441 3625 508 λαὸς,
3660 442 3711 493 οί

2137 538 2535 609 πεπειραμένοι
2577 537 2686 591 τῶν
2732 538 2952 606 ἀγαθῶν
2996 538 3096 607 τῆς
3129 536 3401 607 ἡμετέρας
3437 533 3709 593 πίστεως,

2139 629 2460 701 ἡθροίσθητε
2480 648 2493 660 ·
2544 630 2815 699 ἐπάγεσθε
2845 629 2903 682 δέ
2939 630 3033 682 καὶ
3064 628 3157 682 τὸν
3194 628 3418 697 ἄπειρον
3464 624 3543 679 έτι
3570 664 3585 688 ,
3617 618 3711 677 οἶα

2140 722 2372 793 πατέρες
2399 723 2646 793 χρηστοὶ,
2682 722 2880 794 μελέτῃ
2912 722 3004 775 καὶ
3034 723 3364 791 προσαγωγῇ
3391 716 3711 787 ὁδηγοῦντες

2140 813 2265 876 τοὺς
2294 814 2569 884 ἀμυήτους
2613 814 2748 884 πρὸς
2780 815 2881 884 τὴν
2920 812 3129 866 τελείαν
3173 812 3272 881 τῆς
3302 809 3580 873 εὐσεϐείας
3611 826 3714 862 xa-

2140 904 2393 975 τάληψιν.
2441 904 2583 974 Ἐγὼ
2625 904 2682 957 δὲ
2722 903 3051 975 ἀμφοτέροις
3092 903 3384 973 συνήδομαι
3409 919 3421 932 ⁸
3457 903 3571 964 τοῖς
3612 900 3713 971 μὲν

2139 995 2489 1059 τελεσθεῖσιν,
2516 995 2599 1049 ὅτι
2630 994 2870 1065 μεγάλην
2899 994 3107 1065 δωρεὰν
3154 992 3521 1062 ἐπλουτήσατε
3546 1007 3561 1019 ·
3598 991 3713 1054 τοῖς

2140 1087 2199 1142 δὲ
2227 1087 2522 1158 ἀμυήτοις,
2548 1086 2632 1139 ὅτι
2660 1086 2831 1155 καλὴν
2857 1084 3181 1157 προσδοκίαν
3209 1083 3452 1147 ἐλπίζετε
3472 1122 3487 1146 ,
3515 1082 3713 1152 ἄφεσιν

2142 1178 2398 1243 εὐθυνῶν,
2442 1177 2595 1231 λύσιν
2637 1176 2870 1247 δεσμῶν,
2908 1176 3178 1230 οίκείωσιν
3210 1176 3347 1248 πρὸς
3378 1174 3530 1238 Θεὸν,
3571 1178 3713 1244 παρο
3798 1208 3819 1217 η

2145 1272 2338 1344 ρησίαν
2371 1268 2694 1340 ἐλευθέριον,
2726 1268 2847 1322 ἀντὶ
2874 1267 3122 1337 δουλικῆς
3146 1250 3527 1336 ταπεινότητος
3554 1265 3715 1316 ίσοτι⁶

2146 1364 2273 1434 μίαν
2301 1362 2399 1434 τὴν
2437 1362 2570 1432 πρὸς
2599 1360 2886 1429 ἀγγέλους.
2914 1358 3101 1413 Ταῦτα
3130 1358 3237 1430 γάρ
3263 1359 3414 1429 ἡμῖν,
3441 1357 3535 1410 καὶ
3564 1355 3617 1409 εἰ
3658 1373 3712 1408 τι

2141 1451 2349 1515 τούτοις
2373 1450 2684 1511 ἀκόλουθον,
2715 1453 2748 1520 ὴ
2776 1449 2872 1503 τοῦ
2894 1448 3119 1521 λουτροῦ
3149 1450 3308 1521 χάρις
3327 1449 3592 1517 ἐγγυᾶται
3615 1448 3714 1499 καὶ
3800 1494 3805 1497 ς

2141 1540 2343 1595 δίδωσι.
2372 1540 2464 1593 Διὸ
2489 1539 2589 1603 τὰς
2609 1538 2775 1602 άλλας
2796 1538 2906 1591 τῶν
2934 1538 3164 1610 Γραφῶν
3193 1538 3474 1601 ὑποθέσεις
3503 1537 3713 1607 ἐτέροις

2144 1634 2358 1705 καιροῖς
2392 1631 2735 1703 ἀναθέμενοι.
2760 1628 2836 1700 τῷ
2857 1628 3200 1701 προκειμένῳ
3232 1626 3417 1698 σκοπῷ
3440 1627 3686 1698 παραμεί
3701 1652 3718 1665 ο

475 1746 599 1786 nem
625 1740 677 1785 ct
702 1731 1144 1801 coniunctionem
1174 1746 1297 1785 cum
1322 1728 1454 1796 Deo,
1474 1730 1726 1787 ﬁduciam
1748 1731 2038 1802 ingenuam

2146 1742 2341 1796 νωμεν,
2388 1724 2457 1778 τὰ
2505 1725 2681 1777 οἰκεῖα
2712 1723 2807 1776 καὶ
2854 1721 3138 1795 πρόσφορα
3182 1722 3249 1793 τῇ
3284 1722 3441 1792 ἑορτῇ
3475 1719 3717 1791 δωροφο⁴

472 1829 530 1877 et
555 1822 762 1877 aditum
794 1822 1023 1878 liberum
1057 1824 1177 1879 loco
1207 1823 1424 1878 servilis
1458 1823 1803 1887 humilitatis,
1856 1837 2040 1894 parem

472 1926 602 1967 cum
639 1911 844 1982 angelis
870 1913 1094 1968 honoris
1123 1912 1515 1968 conditionem.
1546 1912 1671 1969 Haec
1685 1915 1830 1968 enim
1858 1913 2041 1975 nobis,

2148 1819 2364 1891 ροῦντες
2390 1820 2469 1882 είς
2493 1817 2720 1888 δύναμιν
2740 1832 2753 1847 ·
2786 1815 2938 1885 φίλον
2964 1814 3075 1885 γάρ
3099 1812 3303 1887 ἑκάστῃ
3329 1812 3635 1883 πανηγύρει
3654 1810 3718 1864 τδ

2144 1914 2296 1968 ἴδιον.
2331 1912 2488 1966 Οῦτω
2536 1912 2711 1982 γάμον
2743 1911 2841 1981 μὲν
2871 1912 2990 1973 ταῖς
3019 1908 3395 1978 ἐπιθαλαμίοις
3434 1907 3599 1978 ᾠδαῖς
3625 1906 3717 1959 δε-

476 2017 541 2057 ac
568 2003 613 2058 si
638 2004 767 2072 quid
806 2004 891 2058 his
926 2004 1103 2060 simile
1139 2012 1225 2060 est
1272 2019 1337 2059 ac
1389 2004 1567 2072 afﬁne,
1608 2005 1813 2061 lavacri
1870 2005 2042 2075 gratia

2148 2004 2404 2076 ξιούμεθα
2424 2021 2439 2036 ο
2462 2004 2646 2057 πένθει
2661 2003 2718 2057 δέ
2736 2003 2804 2057 τὰ
2821 2001 3183 2075 νενομισμένα
3205 2004 3317 2066 τοῖς
3336 1998 3717 2072 ἐπικηδ[ε]ίοις

476 2098 707 2165 spondet
757 2103 812 2149 et
862 2096 975 2150 dat.
1035 2095 1398 2162 Quamobrem
1462 2098 1585 2154 aliis
1635 2097 2042 2168 Scripturarum

2149 2100 2366 2171 θρήνοις
2381 2097 2725 2169 εἰσφέρομεν
2745 2096 2805 2148 ἐν
2825 2097 3109 2167 πράγματι
3130 2092 3713 2163 σπουδαιολογούμεθω

475 2186 720 2241 materiis
761 2194 816 2240 et
862 2188 1198 2256 argumentis
1230 2188 1287 2243 in
1316 2188 1421 2243 alia
1457 2196 1699 2258 tempora
1736 2188 1953 2258 rejectis
1984 2190 2040 2243 in

2146 2190 2205 2242 ἐν
2236 2189 2489 2260 εὐωχίαις
2522 2186 2719 2258 λύομεν
2744 2186 2842 2258 τῆς
2874 2186 3052 2258 ψυχῆς
3079 2185 3140 2239 τὸ
3169 2183 3597 2255 πεπυκνωμένον
3620 2182 3719 2236 καὶ

476 2276 761 2346 ιιι-οροείιο
809 2288 1130 2349 argumento
1194 2290 1634 2349 permaneamus.
1682 2295 1779 2351 pro
1828 2282 2039 2338 viribus

2149 2279 2396 2334 σύντονον
2416 2294 2429 2307 '
2459 2279 2690 2334 ἕκαστον
2710 2278 2766 2332 δὲ
2790 2277 2979 2349 καιρὸν
2998 2275 3272 2349 τηροῦμεν
3291 2276 3399 2329 τῶν
3420 2274 3719 2346 ἀλλοτρίων

476 2368 861 2423 convenientia
884 2378 1049 2439 atque
1087 2370 1494 2426 accommodata
1547 2371 1653 2427 diei
1701 2371 1842 2427 festo
1901 2373 2042 2427 dona

2148 2371 2561 2427 ἀνεπιθόλωτον.

477 2458 798 2514 olferentes:
826 2476 987 2514 suum
1029 2462 1173 2515 enim
1224 2472 1279 2517 et
1343 2464 1622 2533 pr0prium
1687 2464 1884 2535 cuique
1952 2464 2253 2519 celebritati
2289 2472 2500 2534 gratum
2529 2471 2583 2519 et
2624 2470 2907 2532 acceptum
2958 2467 3064 2516 est.
3118 2458 3196 2516 lta
3240 2459 3462 2531 nuptias
3494 2458 3717 2529 quidem

475 2554 840 2623 epithalamiis
874 2556 1160 2613 cantilenis
1190 2558 1563 2627 celebramus;
1614 2559 1763 2615 luctu
1818 2575 1948 2615 vero
1990 2558 2421 2629 funebribusque
2462 2556 2943 2612 lamentationibus
2968 2556 3116 2626 iusta
3139 2557 3372 2610 mortuis
3410 2563 3463 2609 et
3489 2553 3718 2607 inferias

477 2650 704 2715 damus;
742 2652 796 2705 in
837 2653 1054 2722 negotio
1082 2653 1225 2708 serio
1257 2654 1555 2724 loquimur;
1589 2655 1644 2709 in
1673 2655 1935 2710 conviviis
1984 2656 2410 2710 contractionem
2446 2662 2501 2708 et
2538 2653 2940 2707 contentionem
2994 2651 3161 2706 animi
3191 2651 3477 2715 solvimus,
3523 2662 3719 2702 unum-

475 2741 729 2812 quodque
788 2751 1000 2813 tempus
1049 2744 1118 2798 ab
1151 2744 1449 2801 alienarum
1498 2761 1679 2802 rerum
1725 2745 2047 2801 confusione
2079 2755 2241 2817 atque
2279 2744 2687 2816 perturbatione
2720 2743 2988 2815 integrum
3020 2757 3323 2799 servamus.

550 2830 720 2885 Natus
752 2830 920 2902 igitur
958 2840 1041 2887 est
1070 2830 1342 2894 Christus,
1374 2834 1518 2889 velut
1548 2842 1674 2889 ante
1702 2850 1905 2904 paucos
1932 2835 2042 2889 dies

2230 2834 2522 2905 Ἐγεννήθη
2546 2834 2723 2887 τοίνυν
2752 2833 3003 2905 Χριστὸς,
3029 2833 3104 2897 ὡς
3128 2834 3233 2905 πρὸ
3255 2834 3448 2901 ὀλίγων
3470 2832 3717 2903 ἡμερῶν.

477 2922 572 2992 qui
599 2932 725 2977 ante
752 2937 969 2977 omnem
998 2931 1273 2984 naturam,
1306 2932 1414 2977 tam
1443 2925 1699 2980 sensilem
1733 2941 1894 2996 quam
1934 2926 2042 2995 api-

2147 2928 2177 2979 6
2206 2926 2313 2997 πρδ
2351 2925 2529 2995 πάσης
2557 2925 2742 2985 οὐσίας
2774 2924 3037 2996 αἰσθητῆς
3074 2942 3133 2978 τε
3171 2925 3263 2985 καὶ
3300 2924 3493 2994 νοητῆς
3524 2940 3719 2992 γεννη-

475 3014 751 3079 ritualem,
784 3023 948 3067 natus
979 3020 1083 3067 est.
1131 3012 1443 3083 Baptizatur
1493 3015 1655 3071 hodie
1685 3016 1756 3071 ab
1813 3015 2044 3081 Joanne,

477 3112 536 3158 ut
569 3103 906 3159 sordidatum
935 3110 988 3158 et
1016 3104 1447 3160 contaminatum
1481 3117 1827 3178 expurgaret,
1881 3108 2043 3179 spiri-

474 3204 701 3266 tumque
734 3209 969 3265 superne
1024 3195 1339 3261 adduceret,
1372 3207 1428 3254 et
1456 3197 1726 3254 hominem
1762 3201 1817 3254 in
1870 3201 2042 3255 cmlos

474 3288 788 3343 extolleret:
818 3297 878 3340 ut
910 3286 1096 3356 lapsus
1142 3288 1462 3359 erigeretur,
1517 3298 1572 3345 et
1602 3291 1696 3361 qui
1749 3291 2040 3362 deiecerat,

474 3375 900 3433 confunderetur
932 3385 986 3431 et
1012 3378 1479 3435 dehonestaretur.
1529 3382 1609 3436 Ac
1650 3397 1718 3437 ne
1758 3383 2042 3439 admireris

475 3467 624 3539 quod
652 3466 763 3522 Deo
798 3482 886 3523 res
915 3476 1118 3524 nostrae
1143 3479 1296 3525 tanto
1321 3472 1505 3526 studio
1533 3487 1599 3527 ac
1621 3487 1767 3528 cura:
1798 3472 2040 3538 fuerunt,

478 3568 539 3615 ut
566 3558 729 3612 etiam
760 3560 876 3628 ipse
907 3575 1003 3630 per
1032 3576 1154 3617 sese
1186 3561 1423 3618 hominis
1479 3563 1710 3620 salutem
1764 3574 2043 3636 praestaret

477 3667 543 3707 ac
568 3661 1003 3721 repraesentaret.
1034 3654 1412 3713 Sollicitudine
1434 3658 1578 3713 enim
1600 3658 1843 3714 adhibita
1876 3662 2043 3712 male-

475 3748 614 3801 licus
646 3746 805 3802 nobis
838 3748 1132 3804 insidiatus
1162 3757 1265 3816 est,
1295 3763 1419 3804 cum
1450 3764 1583 3804 cura
1614 3742 1743 3806 item
1777 3751 2041 3806 creatoris

476 3851 779 3892 servamur.
814 3838 993 3908 Atque
1028 3839 1118 3894 ille
1159 3839 1378 3909 quidem
1433 3840 1651 3897 invidus
1684 3849 1739 3896 et
1785 3857 2038 3911 nequam,

478 3944 605 3983 cum
636 3938 922 3999 peccatum
962 3930 1226 3987 adversus
1260 3947 1362 3987 nos
1392 3932 1788 4001 introduceret,
1817 3935 2040 4005 dignum

473 4033 577 4075 suo
609 4021 840 4076 consilio
876 4022 1239 4078 velamentum
1302 4034 1610 4095 serpentem
1663 4036 1857 4083 nactus
1914 4036 2038 4083 est:

478 4112 725 4183 impurus
761 4115 815 4168 in
844 4115 1075 4171 similem
1090 4131 1213 4172 sese
1228 4117 1535 4182 insinuans,
1548 4119 1827 4175 voluntate
1842 4135 1907 4175 ac
1927 4129 2043 4176 stu-

481 4203 573 4257 dio
628 4212 879 4261 terrenus
924 4214 979 4262 et
1026 4207 1416 4265 subterraneus
1472 4211 1651 4281 reptili
1703 4211 2037 4268 inhabitans.

478 4292 732 4350 Christus
761 4311 910 4361 vero,
944 4311 1068 4352 cum
1114 4298 1261 4354 illius
1294 4298 1593 4370 nequitiam
1627 4307 1683 4356 et
1728 4301 2050 4372 improbita—

479 4396 584 4439 tem
632 4388 949 4458 corrigeret,
1004 4389 1274 4445 hominem
1307 4391 1607 4462 perfectum
1670 4395 1926 4460 assumit,
1987 4403 2042 4451 et
2074 4418 2116 4473 υ

476 4485 661 4532 servat
684 4477 979 4542 hominem,
1001 4487 1055 4534 et
1079 4482 1321 4537 omnium
1351 4482 1526 4538 nostri
1556 4483 1731 4538 forma
1758 4494 1922 4555 atque
1964 4484 2043 4539 li-

479 4585 616 4640 gura
643 4571 882 4635 exsistit,
912 4580 970 4625 ut
997 4573 1433 4646 uniuscuiusque
1485 4577 1717 4632 actionis
1774 4579 2043 4647 primitias

478 4662 862 4729 sanctrlicaret,
888 4674 940 4718 et
959 4664 1195 4719 studium
1224 4667 1530 4724 traditionis
1556 4669 1699 4724 haud
1730 4670 2043 4741 ambiguum

480 4753 655 4808 servis
713 4754 1059 4823 relinqueret.
1134 4756 1406 4828 Baptisma
1469 4762 1634 4831 igitur
1692 4769 2043 4832 peccatorum

476 4845 718 4915 expiatio
746 4853 849 4908 est,
880 4847 1133 4903 remissio
1162 4848 1509 4916 delictorum,
1575 4855 1948 4909 renovationis
1993 4865 2047 4909 et

478 4938 907 5009 regenerationis
1000 4956 1187 4996 causa.
1276 4942 1763 5015 Regenerationem
1862 4955 2045 5002 autem

478 5029 719 5100 intelligo
773 5046 890 5085 eam
942 5048 1064 5102 qua:
1117 5034 1447 5104 cogitatione
1500 5038 1767 5101 cernitur,
1869 5039 2045 5093 oculis

478 5138 585 5177 non
667 5123 897 5178 videtur.
976 5124 1093 5179 Non
1158 5128 1301 5180 enim
1388 5144 1513 5182 vere
1588 5129 2041 5199 quemadmodum

479 5214 741 5270 Hebraeus
862 5216 953 5270 ille
1028 5215 1356 5271 Nicodemus
1433 5218 1586 5281 dixit,
1676 5227 1837 5288 atque
1922 5237 2044 5274 vero

478 5307 717 5362 crassius
771 5308 1131 5371 intellexerat,
1189 5323 1373 5364 senem
1426 5310 1757 5364 mutabimus
1809 5313 1862 5365 in
1912 5329 2043 5381 pue-

478 5415 641 5467 rum;
694 5416 870 5470 neqne
927 5416 1184 5470 rugosum
1239 5412 1294 5455 et
1345 5414 1541 5455 carmm
1589 5404 1643 5457 in
1700 5415 1941 5458 tenerum
1990 5413 2045 5459 et

473 5493 730 5561 invenem
760 5493 1299 5559 transformabimus,
1330 5502 1423 5548 aut
1455 5495 1649 5549 iterum
1678 5496 1954 5551 hominem
1987 5498 2041 5551 in

480 5591 696 5637 uterum
730 5582 920 5638 matris
967 5583 1313 5647 reducemus,
1346 5587 1439 5640 sed
1480 5596 1867 5655 compunctum
1905 5588 2043 5641 notis

480 5685 826 5745 peccatorum
874 5684 929 5730 et
962 5677 1119 5731 malis
1165 5677 1410 5734 muribus
1460 5679 1819 5735 inveteratum
1869 5681 2040 5750 gratia

2150 3016 2283 3080 θείς.
2316 3014 2641 3079 Βαπτίζεται
2679 3014 2922 3085 σήμερον
2952 3012 3103 3082 παρὰ
3161 3012 3405 3066 Ἰωάννου
3429 3054 3445 3076 ,
3490 3012 3576 3064 ἵνα
3623 3011 3721 3065 τὸν

2149 3108 2536 3179 ἐρῤυπωμένον
2556 3104 2917 3176 άποκαθάρῃι
2939 3104 3160 3175 Πνεῦμα
3190 3103 3246 3157 δὲ
3280 3103 3483 3157 ἄνωθεν
3507 3104 3717 3174 ἀγάγῃ,

2148 3201 2241 3253 καὶ
2267 3199 2357 3252 τὸν
2390 3196 2674 3270 ἄνθρωπον
2702 3198 2783 3260 είς
2820 3196 3079 3268 οὐρανοὺς
3110 3195 3371 3269 άνυψὼσῃ
3392 3211 3407 3226 ’
3448 3196 3535 3250 ἵνα
3558 3198 3589 3249 6
3615 3213 3718 3248 πεο

2150 3290 2258 3342 σὼν
2285 3288 2559 3359 διεγερθῇ,
2576 3288 2671 3342 καὶ
2694 3289 2722 3340 6
2750 3287 2913 3359 ῥίψας
2936 3287 3325 3358 καταισχυνθῇ.
3357 3287 3465 3341 Καὶ
3491 3287 3564 3358 μὴ
3591 3288 3722 3341 θαυ-

2152 3382 2350 3453 μάσῃς,
2380 3382 2430 3436 εί
2453 3379 2705 3434 τοσοῦτον
2732 3379 2941 3447 ἐγίνετο
2962 3377 3039 3449 τῷ
3067 3378 3186 3449 Θεῷ
3211 3377 3274 3431 τὸ
3303 3378 3422 3432 καθ’
3448 3380 3600 3449 ἡμᾶς
3618 3394 3721 3431 πε-

2158 3471 2570 3542 ρισπούδαστον,
2598 3470 2684 3537 ἵνα
2706 3470 2800 3524 καὶ
2817 3470 3165 3543 αὐτουργήσῃ
3183 3468 3276 3523 τοῦ
3304 3468 3587 3541 ἀνθρώπου
3616 3470 3723 3539 τὴν

2150 3564 2441 3635 σωτηρίαν.
2470 3561 2628 3617 Μετὰ
2662 3562 2931 3633 μερίμνης
2954 3562 3064 3634 γὰρ
3094 3562 3195 3630 τῆς
3225 3561 3319 3615 τοῦ
3345 3560 3721 3632 κακουργοῦν-

2148 3672 2238 3719 τος
2268 3653 2759 3725 ἐπεϐουλεύθημεν,
2794 3655 2930 3725 μετά
2952 3654 3229 3726 φροντίδος
3248 3653 3304 3707 δέ
3325 3653 3421 3707 τοῦ
3445 3656 3722 3725 Δημιουρ-

2147 3748 2245 3817 γοῦ
2286 3747 2589 3818 σωζόμεθα.
2634 3747 2746 3801 Καὶ
2782 3748 2811 3800 6
2858 3747 2955 3817 μὲν
3012 3746 3278 3818 μοχθηρὸς
3311 3747 3405 3800 καὶ
3444 3745 3722 3817 βάσκανος

2149 3839 2290 3893 κατά
2337 3839 2431 3892 τοῦ
2478 3839 2671 3907 γένους
2707 3838 2864 3910 ἡμῶν
2904 3839 3000 3910 τὴν
3049 3840 3322 3909 ἁμαρτίαν
3355 3839 3718 3911 καινοτομῶν,

2148 3932 2297 3996 ἀξιον
2329 3932 2427 4001 τῆς
2457 3931 2652 3984 ἑαυτοῦ
2691 3931 2915 4004 γνώμης
2936 3932 3307 4004 προκάλυμμα
3331 3932 3420 3986 τὸν
3438 3933 3560 4003 δφιν
3590 3933 3721 3987 ἐσύ·

2151 4040 2305 4095 ρετο,
2335 4023 2363 4074 ὁ
2405 4023 2709 4093 ἀκάθαρτος
2740 4023 2817 4093 τῷ
2860 4023 3030 4093 ὁμοίῳ
3074 4023 3431 4087 ἐπεισελθὼν,
3461 4025 3490 4075 6
3528 4026 3721 4095 γήῖνος

2148 4117 2243 4169 καὶ
2284 4116 2493 4186 χθόνιος
2532 4115 2632 4186 τὴν
2668 4115 2988 4186 προαίρεσιν
3027 4116 3312 4185 ὲνοικήσας
3354 4115 3431 4186 τῷ
3476 4116 3714 4185 ἑρπετῷ.

2148 4207 2377 4277 Χριστὸς
2392 4206 2447 4259 δὲ
2464 4208 2493 4259 6
2511 4207 2609 4278 τὴν
2634 4206 2844 4261 ἐκείνου
2865 4208 3129 4279 πονηρίαν
3150 4206 3483 4278 ἐπανορθῶν,
3511 4208 3720 4260 τέλειον

2148 4298 2517 4369 ἀναλαμϐάνει
2542 4300 2633 4352 τὸν
2661 4298 2969 4368 ἄνθρωπον,
2993 4299 3088 4352 καὶ
3114 4298 3274 4363 σώζει
3293 4298 3384 4352 τὸν
3410 4298 3717 4368 ἄνθρωπον,

2150 4392 2478 4461 καὶγίνεται
2522 4392 2739 4447 πάντων
2779 4392 2936 4462 ὴμῶν
2974 4390 3140 4455 τύπος
3173 4390 3263 4445 καὶ
3308 4390 3606 4463 χαρακτὴρ,
3646 4389 3719 4442 ἵν’

2146 4482 2380 4552 ἑκάστης
2412 4480 2661 4550 πράξεως
2694 4482 2894 4552 ἁγιάσῃ
2933 4480 3029 4551 τὴν
3059 4480 3329 4551 ἀπαρχὴν,
3371 4480 3461 4531 καὶ
3492 4479 3583 4531 τὸν
3612 4477 3718 4547 ζῆ-

2147 4574 2236 4629 λον
2264 4574 2363 4643 τῆς
2394 4573 2744 4644 παραδόσεως
2778 4572 3142 4644 ἀναμφίϐολον
3165 4569 3435 4641 καταλίπῃ
3459 4572 3570 4632 τοῖς
3594 4568 3720 4622 δού-

2146 4670 2276 4733 λοις.
2330 4670 2621 4739 Βάπτισμα
2664 4669 2840 4725 τοίνυν
2885 4669 3030 4721 ἐστὶν
3079 4666 3361 4737 ἁμαρτιῶν
3411 4664 3713 4736 κάθαρσις,

2146 4762 2339 4830 ἄφεσις
2364 4761 2872 4831 πλημμελημάτων,
2890 4758 3282 4829 ἀνακαινισμοῦ
3310 4759 3401 4811 καὶ
3426 4759 3721 4829 ἀναγεννή-

2149 4872 2286 4918 σεως
2325 4854 2492 4909 αἰτία,
2536 4854 2910 4923 Ἀναγέννησιν
2948 4852 3005 4904 δὲ
3034 4852 3245 4921 νόησον,
3274 4851 3451 4921 ἐννοίᾳ
3478 4851 3719 4921 θεωρου-

2150 4945 2338 5016 μένην,
2388 4944 2683 5014 ὀφθαλμοῖς
2724 4943 2784 4996 οὐ
2839 4941 3199 5013 βλεπομένην.
3249 4942 3324 4994 Οὐ
3381 4941 3489 5011 γὰρ
3544 4941 3721 5005 ὅντως

2156 5039 2295 5091 κατὰ
2322 5038 2416 5089 τὸν
2472 5037 2722 5107 Ἑϐραῖον
2756 5036 3091 5106 Νικόδημον,
3123 5036 3216 5088 καὶ
3242 5034 3343 5103 τὴν
3371 5035 3576 5087 ἐκείνου
3620 5053 3721 5090 πα-

2146 5129 2376 5199 χυτέραν
2396 5129 2629 5182 διάνοιαν
2647 5128 2738 5180 τὸν
2768 5127 3077 5199 πρεσϐύτην
3108 5124 3461 5196 ὲναλλάξομεν
3486 5128 3563 5188 εἰς
3590 5143 3719 5178 παι-

2144 5220 2253 5272 δίον
2275 5237 2287 5249 ·
2324 5220 2448 5272 οὐτε
2494 5220 2583 5271 τὸν
2621 5220 2782 5289 ῥυσὸν
2813 5220 2907 5272 καὶ
2944 5218 3349 5288 πεπολιωμένον
3379 5220 3458 5280 εἰς
3507 5216 3717 5270 ἁπαλὸν

2147 5315 2240 5365 καὶ
2272 5312 2389 5364 νέον
2422 5314 2915 5383 μετασκευάσομεν,
2958 5312 3024 5365 ἂν
3056 5312 3215 5364 πάλιν
3244 5314 3321 5374 είς
3348 5312 3447 5379 τὴν
3475 5308 3719 5378 γαστέρα

2146 5406 2243 5475 τῆς
2267 5406 2469 5476 μητρὸς
2485 5406 2575 5458 τὸν
2603 5407 2883 5475 ἄνθρωπον
2912 5407 3250 5475 ἐπανάξομεν
3270 5421 3284 5435 ·
3314 5404 3450 5459 ἀλλά
3478 5404 3568 5455 τὸν
3592 5418 3719 5455 κατ-

2145 5499 2461 5567 εστιγμένον
2495 5500 2610 5560 ταῖς
2649 5498 2962 5568 ἁμαρτίαις,
2996 5499 3090 5550 καὶ
3139 5500 3324 5559 κακοῖς
3353 5494 3718 5565 ἐπιτηδεύμα-

2150 5606 2231 5640 σιν
2262 5588 2711 5660 ὲμπαλαιωθέντα
2739 5590 2917 5659 χάριτι
2964 5588 3215 5658 βασιλικῇ
3252 5587 3595 5655 ὲπανάγομεν
3631 5586 3714 5647 είς

2145 5680 2206 5732 τὸ
2231 5680 2326 5733 τοῦ
2350 5681 2577 5751 βρέφους
2604 5682 2911 5735 ἀνεύθυνον.
2950 5682 3037 5744 Ὠς
3059 5681 3165 5747 γὰρ
3190 5681 3248 5732 τὸ
3277 5679 3720 5733 εὐθύτοκον.παι-
