3842 6414
116 272 224 334 $81

1334 283 1405 338 IN
1432 284 1829 343 BAPTISMUM
1863 287 2154 345 CHRISTI.

3287 300 3396 355 582

120 388 233 442 δίον
291 389 581 462 ἐλεύθερόν
631 393 781 447 ἐστιν
836 398 1199 471 ἐγκλημάτων
1253 408 1349 459 καὶ
1400 411 1667 482 τιμωριῶι

1773 433 1789 477 ι
1818 413 1966 482 regia
2002 428 2067 465 eo
2108 412 2429 482 redigimus.
2482 424 2542 469 ut
2572 415 2841 475 innocens
2882 421 2954 475 sit
2986 419 3151 475 sicuti
3182 420 3388 479 infans.

117 478 300 542 οὕτως
325 480 419 534 καὶ
436 482 467 534 ό
493 482 591 552 τῆς
608 483 1012 556 άναγεννήσεως
1026 494 1153 554 παῖς
1180 493 1277 547 οὐκ
1292 494 1403 565 ἔχει
1425 478 1490 551 πε
1499 478 1706 569 ρι’τίνος

118 569 548 655 ἀπολογῂσεται,
574 574 829 647 βασιλικῇ
855 578 1029 651 δωρεᾷ
1054 582 1164 637 τῶν
1201 586 1441 642 εὐθυνῶν
1461 590 1700 659 ἀφεθείς.

202 640 419 729 ὑτηιῖλδὲ
443 663 545 733 τὴν
575 640 906 736 εὐεργεσίαν
935 640 1016 723 οὐ·
1039 673 1099 725 τὸ
1128 673 1270 747 ὕδωρ
1294 640 1703 753 χαρίζεταιί

118 658 419 822 Ἐξηνῶ
443 663 545 733 τὴν
584 665 906 736 εὐεργεσίαν
941 671 1001 723 οὐ
1039 673 1099 725 τὸ
1128 673 1270 747 ὕδωρ
1294 658 1576 749 χαρίζεται
1604 677 1698 753 (ἦν

113 765 147 815 γ
371 753 555 825 πάσης
586 756 688 825 τῆς
722 759 950 826 κτίσεως
994 762 1363 839 ὑψηλότερον),
1405 772 1537 825 ἀλλὰ
1564 774 1698 827 Θεοῦ

115 841 454 914 πρόσταγμα
474 883 489 906 ,
522 845 616 898 καὶ
644 847 677 916 ή
705 846 800 900 τοῦ
837 850 1150 923 Πνεύματος
1178 857 1521 930 ἐπιφοίτησις
1545 901 1560 927 ,
1604 879 1701 931 μυ-

116 931 318 995 στικῶς
385 936 655 1009 ἐρχομένη
710 940 845 1009 πρὸς
894 942 992 1013 τὴν
1039 946 1312 1019 ἡμετέραν
1363 950 1694 1022 ἐλευθερίαν.

115 1019 299 1091 ’Υδωρ
344 1022 402 1076 δὲ
439 1026 701 1097 ὑπηρετεῖ
750 1032 887 1102 πρὸς
934 1034 1156 1103 ἔνδειξιν
1202 1043 1303 1110 τῆς
1354 1019 1691 1115 καθάρσεως.

124 1112 345 1184 Ἐπειδὴ
370 1114 478 1186 γὰρ
512 1116 779 1190 εἰώθαμεν
812 1123 970 1196 ῥύπῳ
1012 1128 1106 1180 καὶ
1148 1129 1391 1202 βορϐόρῳ
1429 1112 1510 1187 τὸν
1534 1134 1694 1205 σῶμα

112 1203 478 1275 καθυϐρισθὲν
522 1206 675 1263 ὕδατι
734 1212 1013 1280 νίπτοντες
1056 1219 1296 1292 καθαρὸν
1333 1203 1687 1295 ἀποφαίνειν,

108 1294 191 1347 διὰ
215 1295 382 1351 τοῦτο
421 1300 517 1353 κα)⁵
546 1301 638 1354 ἐπὶ
664 1304 762 1374 τῆς
798 1310 1064 1380 μυστικῆς
1086 1311 1336 1382 πράξεως
1363 1316 1495 1370 αὐτὸ
1519 1336 1688 1389 προσ-

110 1387 491 1460 λαμϐάνομεν,
535 1392 613 1463 τῷ
652 1396 893 1469 αἰσθητῷ
926 1401 1211 1472 πράγματι
1248 1408 1347 1476 τὴν
1399 1387 1688 1481 ἀσώματον

100 1477 394 1547 δηλοῦντες
422 1482 804 1559 λαμπρότητα.
833 1490 1051 1546 Μᾶλλον
1079 1493 1157 1558 δὲ,
1195 1497 1244 1548 εἰ
1271 1497 1436 1561 δοκεῖ,
1476 1477 1570 1555 καὶ
1595 1502 1684 1556 λεο

104 1571 368 1645 πτότερον
415 1581 989 1653 προσκαρτερήσωμεν
1028 1588 1097 1657 τῇ
1147 1588 1274 1657 περὶ
1312 1588 1408 1642 τοῦ
1458 1592 1682 1665 λουτροῦ

106 1663 334 1736 ζητήσει
355 1708 370 1731 ,
402 1662 515 1723 οἷον
545 1670 609 1723 ἐκ
639 1673 821 1743 πηγῆς
849 1692 993 1740 τινος
1032 1678 1325 1750 ἀρξάμενοι
1361 1682 1455 1738 τοῦ
1487 1662 1684 1757 Γραφι-

106 1755 198 1809 κοῦ
227 1761 716 1832 παραγγέλματος*
735 1765 878 1820 Ἐὰν
892 1770 978 1836 μή
1000 1786 1092 1836 τις
1108 1773 1390 1844 γεννηθῇ,
1412 1755 1593 1849 φησιν,
1615 1755 1685 1845 ἐξ
1720 1794 1759 1852 Β

102 1847 324 1916 ὕδατος
371 1852 471 1906 καί
500 1855 863 1924 Πνεύματος,
894 1861 966 1914 οὺ
998 1860 1247 1919 δύναται
1275 1847 1571 1924 εἰσελθεῖν
1601 1875 1688 1937 εἰς

98 1941 208 2007 τὴν
227 1943 567 2007 βασιλείαν
593 1948 699 2002 τοῦ
742 1951 909 2006 Θεοῦ.
960 1954 1059 2009 Διὰ
1097 1956 1150 2008 τί
1178 1956 1247 2011 τὰ
1295 1957 1409 2023 δύο,
1441 1962 1533 2014 καὶ
1561 1964 1684 2034 οὐχὶ

101 2032 260 2101 μόνον
274 2034 340 2087 τὸ
357 2035 585 2108 Πνεῦμα
601 2037 875 2113 αὔταρκες
896 2044 1151 2118 ἐνομίσθη
1174 2049 1309 2119 πρὸς
1321 2052 1420 2122 τὴν
1440 2070 1502 2106 συ
1509 2032 1686 2127 μπλη-

101 2142 267 2193 ρωσιν
292 2128 390 2181 τοῦ
408 2128 781 2201 βαπτίσματος
800 2134 1088 2201 ςΣύνθετος
1102 2140 1131 2191 ὁ
1155 2139 1252 2195 ἄνθ
1262 2158 1460 2214 ρωπος,
1476 2148 1570 2199 καὶ
1585 2150 1683 2221 οὐχ

93 2217 335 2282 ἁπλοῦς,
378 2220 455 2285 ὡς
496 2223 739 2294 ἀκριϐῶς
773 2228 1114 2301 ἐπιστάμεθα
1132 2234 1149 2263 ⁷’
1186 2237 1278 2289 καὶ
1306 2237 1393 2291 διὰ
1419 2239 1578 2295 τοῦτο
1602 2217 1682 2314 τῷ

92 2309 261 2379 διπλῷ
285 2313 382 2364 καὶ
423 2313 832 2388 συνεζευγμένῳ
859 2318 929 2372 τὰ
957 2325 1193 2397 συγγενῆ
1227 2328 1317 2381 καὶ
1344 2329 1504 2399 ὃμοια
1536 2309 1679 2404 φάρξ.

96 2418 244 2468 μακα
286 2401 424 2471 πρὸς
463 2402 761 2475 θεραπείαν
796 2409 1162 2484 άπεκληρὼθη
1186 2432 1201 2446 ο
1232 2416 1443 2487 σώματι
1477 2401 1678 2492 μὲντῷ

88 2494 423 2566 φαινομένῳ,
462 2495 607 2568 ὕδωρ
632 2499 693 2552 τὸ
725 2501 1007 2572 αἰσθητόν
1048 2506 1191 2578 ψυχῇ
1222 2508 1279 2561 δὲ
1324 2515 1391 2584 τῇ
1439 2514 1674 2588 ἀοράτῳ,

89 2586 318 2658 Πνεῦμα
346 2589 411 2641 τὸ
435 2590 660 2659 ἀφανὲς,
686 2593 866 2648 πίστει
905 2597 1257 2669 καλούμενον,
1294 2604 1548 2677 ἀρρήτως
1573 2586 1675 2664 πα-

91 2678 476 2749 ραγινόμενον.
528 2682 599 2735 Τὸ
626 2683 737 2755 γὰρ
771 2688 1015 2759 Πνεῦμα
1034 2730 1048 2754 ,
1092 2693 1246 2748 ὅπου
1270 2696 1430 2751 θέλει
1451 2738 1465 2763 ,
1500 2701 1669 2754 πνεῖ·

89 2765 188 2817 καὶ
226 2765 345 2835 τὴν
388 2768 600 2839 φωνὴν
633 2773 821 2826 αὑτοῦ
855 2776 1125 2843 ἀκούεις’
1165 2780 1302 2835 ἀλλ’
1347 2786 1458 2839 οὐκ
1506 2784 1673 2856 οἶδας

85 2855 275 2908 πόθεν
306 2855 569 2926 ἔρχεται,
604 2861 705 2914 καὶ
744 2863 864 2917 ποῦ
902 2865 1137 2937 ὑπάγει.
1168 2871 1395 2942 Εὐλογεῖ
1418 2875 1477 2928 τὸ
1511 2855 1669 2947 σῶμα

85 2945 145 2996 τό
191 2944 610 3020 βαπτιζόμενον,
644 2954 741 3007 καὶ
773 2954 832 3007 τὸ
867 2954 1009 3029 ὕδωρ
1042 2960 1103 3013 τὸ
1138 2961 1417 3033 βαπτίζον.
1456 2969 1547 3023 Διὸ
1593 2944 1667 3044 μὴ

86 3040 511 3112 καταφρονήσῃς
538 3042 646 3095 τοῦ
696 3043 839 3099 θείου
889 3046 1145 3123 λουτροῦ,
1184 3056 1318 3126 μηδὲ
1369 3059 1445 3124 ὡς
1488 3040 1664 3119 κοινὸν

1818 502 1887 557 Ut
1911 505 2056 558 enim
2087 504 2251 559 modo
2280 514 2443 561 natus
2469 510 2680 576 puellus
2712 525 2742 564 a
2773 512 3102 568 criminibus
3129 523 3183 569 et
3211 517 3391 584 pinnis

1812 595 1952 649 liber
1981 604 2087 659 est,
2118 595 2193 650 ita
2223 597 2386 651 etiam
2419 603 2852 670 regenerationis
2879 620 3014 675 puer
3043 621 3151 660 non
3180 606 3385 671 habet,

1809 687 1970 757 cujus
2022 689 2246 743 nomine
2292 703 2515 743 causam
2572 691 2739 757 dicat,
2789 705 2850 749 ut
2896 698 2991 767 qui
3043 698 3193 769 regio
3243 701 3388 753 dono

1807 792 1989 833 causa:
2040 779 2268 835 dictioni
2317 791 2643 853 exemptus.
2702 794 2757 841 et
2806 802 2836 840 a
2897 788 3201 845 rationibus
3260 792 3386 847 vitae

1805 866 2097 924 reddendis
2133 870 2395 927 liberatus
2432 874 2524 927 sit.
2560 873 2672 929 Hoc
2701 884 2881 931 autem
2910 879 3232 935 beneﬁcium
3270 898 3383 938 non

1804 973 1946 1028 aqua
1968 961 2207 1032 largitur
2236 963 2401 1034 (esset
2433 967 2577 1020 enim
2606 969 2753 1022 omni
2790 980 3043 1025 creatura
3068 974 3381 1047 sublimior)

1801 1049 1898 1105 sed
1946 1050 2038 1106 Dei
2090 1065 2417 1125 praeceptum
2469 1066 2522 1112 et
2574 1058 2835 1130 Spiritus,
2876 1064 2969 1133 qui
3028 1066 3258 1135 mystice
3308 1067 3377 1122 ad

1799 1153 2045 1199 nostram
2105 1148 2411 1204 libertatem
2472 1152 2644 1219 venit,
2701 1168 2986 1211 accessus.
3042 1157 3196 1227 Aqua
3243 1175 3378 1214 vero

1796 1236 2073 1292 subservit
2120 1240 2185 1291 ad
2219 1241 2612 1297 ostendendam
2667 1248 3068 1317 purgationem.
3104 1248 3376 1316 Quoniam

1794 1328 1939 1381 enim
1984 1330 2239 1388 sordibus
2273 1342 2327 1388 et
2369 1350 2528 1390 emno
2575 1338 2834 1393 foedatum
2865 1355 3066 1411 corpus
3112 1356 3252 1410 aqua
3302 1344 3376 1398 la-

1792 1428 1984 1474 vantes
2016 1436 2211 1489 purum
2238 1424 2467 1481 reddere
2501 1427 2762 1494 solemus,
2796 1439 3084 1502 propterea
3115 1435 3277 1489 etiam
3314 1435 3372 1491 in

1792 1512 2024 1579 mystica
2059 1514 2275 1570 actione
2324 1531 2446 1572 eam
2494 1520 2841 1587 adhibemus,
2898 1539 2958 1579 re
2989 1526 3092 1580 sub
3142 1542 3370 1583 sensum

1789 1601 2003 1657 cadenti
2033 1605 2415 1677 incorporeum
2442 1611 2787 1681 splendorem
2828 1616 3222 1687 signiﬁcantes.
3252 1620 3371 1676 lmo

1788 1710 1943 1760 vero,
1984 1697 2031 1751 si
2076 1699 2313 1766 videtur,
2345 1704 2508 1758 etiam
2539 1707 2796 1763 subtilius
2826 1711 3150 1780 eXplicando
3182 1730 3369 1787 perse-

1787 1802 2038 1844 veremus
2091 1791 2145 1845 in
2196 1796 2500 1863 quaestione
2551 1798 2776 1866 lavacri,
2813 1809 3073 1874 tanquam
3129 1820 3160 1861 a
3218 1807 3367 1865 fonte

1786 1880 2023 1949 quodam
2051 1884 2267 1940 initium
2300 1890 2559 1959 praecepti
2592 1890 2889 1964 Scriptura}
2914 1894 3199 1954 facientes.
3236 1898 3365 1956 Nisi

1783 1973 1925 2041 quis,
1976 1974 2174 2045 inquit,
2228 1989 2387 2033 natus
2429 1981 2593 2051 fuerit
2626 1998 2691 2038 ea:
2734 2002 2874 2055 aqua
2915 1997 2965 2042 et
3000 1987 3228 2058 Spiritu,
3257 2009 3363 2046 non

1780 2072 1950 2131 potest
1979 2069 2181 2123 intrare
2214 2071 2269 2124 in
2300 2088 2517 2144 regnum
2548 2074 2649 2130 Dei
2670 2077 2709 2131 ⁸.
2744 2078 2926 2144 Quare
2967 2083 3091 2137 bina
3134 2085 3252 2151 illa,
3306 2093 3361 2141 et

1783 2170 1891 2209 non
1939 2158 2091 2214 solus
2142 2160 2385 2232 Spiritus
2431 2166 2707 2224 suilicicns
2756 2170 3105 2230 existimatus
3156 2187 3244 2231 est
3290 2178 3359 2233 ad

1781 2250 2197 2317 completionem
2235 2257 2640 2327 baptismatis?
2686 2261 3038 2334 Compositus
3073 2276 3157 2322 est
3192 2269 3359 2326 homo

1778 2348 1831 2392 ct
1878 2357 1984 2395 non
2037 2344 2290 2416 simplex,
2346 2357 2404 2403 ut
2450 2362 2601 2409 certo
2650 2358 2876 2413 scimus.
2930 2361 3111 2431 Atque
3149 2361 3357 2421 idcirco

1777 2431 1981 2502 duplici
2034 2438 2438 2511 conjunctoque
2477 2454 2706 2515 cognata
2752 2450 3064 2522 similiaque
3116 2456 3356 2511 medica-

1776 2533 1958 2578 menta
2012 2528 2077 2581 ad
2141 2534 2483 2589 curationem
2534 2538 2803 2595 destinata
2855 2552 3018 2615 atque
3083 2550 3347 2606 attributa

1775 2627 1906 2671 sunt
1940 2635 1954 2671 :
1993 2623 2207 2689 corpori
2243 2625 2489 2694 quidem,
2544 2631 2691 2699 quod
2730 2646 2985 2704 apparet;
3019 2654 3183 2709 aqua,
3218 2645 3352 2714 fquaa

1774 2707 1877 2761 sub
1910 2724 2131 2765 sensum
2161 2715 2338 2782 cadit;
2377 2721 2571 2775 animae
2592 2737 2741 2787 vero,
2770 2743 2891 2795 qua:
2923 2730 3101 2785 visum
3130 2733 3349 2806 effugit,

1774 2796 2033 2866 Spiritus,
2079 2801 2172 2870 qui
2220 2818 2326 2858 non
2378 2820 2624 2876 apparet,
2678 2814 2769 2881 qui
2820 2815 2924 2871 fide
2968 2796 3347 2895 vocatur,

1771 2886 2122 2946 ineﬁ'abiliter
2152 2896 2382 2950 accedit.
2420 2898 2676 2967 Spiritus,
2718 2906 2887 2973 enim,
2936 2909 3024 2962 ubi
3054 2886 3345 2984 vultaspi-
3433 2922 3437 2926 ’

1769 2990 1854 3032 ναι
1877 3020 1891 3043 ,
1934 2992 1982 3035 et
2020 3000 2190 3037 vocem
2232 2985 2347 3055 ejus
2379 2992 2554 3055 audis,
2584 2993 2678 3046 sed
2706 2999 2872 3050 nescis
2899 2999 3035 3053 unde
3067 3004 3257 3069 veniat,
3294 3016 3344 3058 et

1768 3089 1869 3143 quo
1898 3074 2055 3129 vadat
2075 3076 2128 3132 δε
2165 3093 2366 3149 corpus
2394 3083 2539 3151 quod
2566 3084 2895 3156 baptizatur,
2926 3102 2980 3146 et
3001 3108 3193 3163 aquam
3223 3114 3344 3167 qua:

83 3129 216 3181 αὐτὸ
248 3130 610 3206 ἐξευτελίσῃς,
632 3135 719 3191 διὰ
742 3137 841 3210 τὴν
864 3142 1060 3214 χρῆσιν
1090 3147 1183 3200 τοῦ
1215 3148 1425 3217 ὓδατος.
1457 3156 1530 3209 Τὸ
1555 3158 1662 3229 γὰρ

1780 3129 1791 3143 ,
2118 3129 2127 3132 ν
2175 3129 2364 3149 --γη
2397 3129 2539 3151 ηπ--
2566 3129 2895 3156 υ..,,-.........,
2927 3129 2980 3146 ν.
3001 3129 3193 3163 aqua...
3223 3129 3337 3167 Ψηε

1773 3165 2033 3234 baptizat,
2070 3167 2367 3226 benedicit.
2407 3173 2587 3240 Quare
2627 3192 2695 3232 ne
2724 3189 3044 3239 contemnas
3093 3185 3337 3243 divinum

83 3218 339 3290 ἐνεργοῦν
370 3223 533 3293 μέγα,
562 3228 656 3280 καὶ
677 3228 772 3281 ἀπ’
798 3231 1010 3286 ἐκείνου
1045 3235 1334 3310 θαυμαστὰ
1358 3218 1662 3313 γίνεταιντά

80 3311 401 3383 τελούμενα.
422 3315 573 3369 Ἐπεὶ
598 3320 693 3371 καὶ
719 3319 782 3373 τὸ
811 3321 1196 3399 θυσιαστήριον
1217 3332 1376 3388 τοῦτο
1401 3336 1462 3390 τὸ
1485 3338 1657 3407 ἆγιον,

79 3396 120 3470 ᾧ
153 3406 603 3477 παρεστήκαμεν,
638 3408 779 3475 λίθος
810 3413 928 3468 ἐστὶ
967 3396 1103 3472 κατά
1132 3420 1230 3493 τὴν
1255 3422 1416 3493 φύσιν
1448 3396 1655 3499 κοινὸς,

80 3497 227 3550 οὐδὲν
263 3497 537 3570 διαφέρων
564 3501 673 3556 τῶν
708 3504 880 3559 ἄλλων
913 3508 1155 3580 πλακῶν,
1199 3516 1258 3569 αἳ
1293 3520 1419 3583 τοὺς
1446 3497 1658 3594 τοίχους

81 3588 233 3658 ἡμῶν
287 3591 671 3661 οἰκοδομοῦσι,
724 3597 817 3649 καὶ
876 3599 1275 3670 καλλωπίζουσι
1334 3612 1402 3665 τὰ
1460 3588 1652 3689 ἐδάφη.

94 3678 307 3748 Ἐπειδὴ
355 3679 411 3732 δὲ
446 3681 754 3755 καθιερώθη
790 3688 855 3757 τῇ
890 3688 984 3742 τοῦ
1033 3691 1169 3747 Θεοῦ
1203 3696 1467 3775 θεραπείᾳ
1491 3746 1507 3772 ,

77 3770 169 3839 τὴν
203 3771 457 3839 εὐλογίαν
483 3774 728 3839 ἐδέξατο,
759 3776 873 3833 ἔστι
908 3784 1155 3854 τράπεζα
1179 3789 1329 3859 ἁγία,
1364 3770 1651 3871 θυσιαστή-

80 3877 187 3930 ριον
230 3862 525 3933 ἄχραντον,
562 3867 745 3922 οὐκέτι
782 3873 930 3943 παρὰ
977 3876 1194 3931 πάντων
1228 3862 1649 3958 ψηλαφώμενον,

73 3951 207 4005 ἀλλὰ
239 3954 404 4023 μόνον
442 3955 551 4010 τῶν
592 3960 801 4032 ίερὲων,
840 3966 935 4019 καὶ
974 3967 1178 4023 τούτων
1216 3951 1645 4049 εὐλαόουμένωινί

86 4042 139 4097 '0
165 4045 331 4113 ἄρτος
356 4046 519 4103 πάλιν
546 4050 708 4121 ἄρτος
738 4056 854 4109 ἐστὶ
868 4057 1004 4123 τέως
1028 4063 1203 4127 κοινός
1224 4081 1237 4095 ο
1263 4067 1379 4120 ἀλλ’
1397 4042 1526 4126 ὅταν
1550 4077 1648 4127 αὐ-

71 4136 157 4188 τὸν
182 4138 248 4189 τὸ
276 4140 573 4211 μυστήριον
603 4144 951 4222 ἰερουργήσῃ,
982 4152 1141 4224 σῶμα
1168 4157 1403 4228 Χριστοῦ
1430 4162 1646 4233 λέγεται

70 4246 126 4281 τε
168 4230 263 4283 καὶ
302 4231 534 4298 γίνεται.
572 4237 757 4303 Οὕτως
796 4241 857 4294 τὸ
887 4248 1145 4313 μυστικὸν
1181 4250 1390 4321 ἔλαιον,
1423 4230 1594 4325 οὕτως
1616 4262 1644 4315 ό

70 4316 205 4383 οἶνος
225 4338 242 4353 θ
267 4321 451 4391 ὀλίγου
480 4327 625 4391 τινὸς
646 4327 771 4392 ἄξια
793 4331 919 4385 ὄντα
947 4336 1053 4407 πρὸ
1082 4339 1183 4408 τῆς
1210 4316 1476 4413 εὐλογίας,
1503 4316 1642 4420 μετὰ

69 4410 152 4462 τὸν
194 4412 467 4482 ἁγιασμόν
504 4415 593 4470 τὸν
633 4417 729 4471 τοῦ
778 4421 1123 4493 Πνεύματος,
1168 4410 1641 4505 ἑκάτερονίαῦτῶν

69 4503 275 4573 ἐνεργεῖ
304 4504 595 4576 διαφόρως.

1764 3253 2066 3320 lavacrum,
2126 3274 2305 3330 neque
2358 3262 2410 3316 id
2466 3272 2728 3336 tanquam
2779 3284 3068 3328 commune
3118 3286 3341 3346 propter

1763 3356 1923 3396 usum
1965 3358 2122 3414 aquae
2153 3351 2306 3418 parvi
2355 3350 2547 3417 facias,
2593 3362 2646 3409 et
2689 3356 2793 3412 levi
2842 3370 3117 3417 momento
3143 3364 3334 3421 ducas.

1759 3431 1894 3507 Nam
1931 3434 2007 3502 id,
2049 3441 2195 3508 quod
2243 3452 2522 3513 operatur,
2572 3462 2827 3519 magnum
2868 3460 2974 3518 est,
3021 3463 3076 3509 et
3125 3456 3196 3511 ab
3244 3459 3339 3513 ilo

1760 3527 2040 3586 mirabiles
2079 3533 2357 3589 exsistunt
2410 3536 2657 3595 eﬂ'ectns.
2707 3539 2843 3596 Nam
2896 3554 2950 3600 et
3008 3547 3182 3603 altare
3232 3551 3335 3606 huc

1758 3630 2033 3689 sanctum,
2065 3626 2151 3679 cui
2197 3630 2531 3693 assistimus,
2568 3633 2707 3704 lapis
2745 3647 2829 3692 est
2861 3648 3059 3693 natura
3089 3656 3336 3697 commu—

1755 3713 1864 3780 nis,
1902 3715 2037 3769 nihil
2062 3716 2320 3776 diﬂerens
2350 3720 2419 3777 ab
2448 3724 2571 3780 aliis
2599 3729 2804 3783 crustis
2837 3729 3087 3800 lapideis,
3117 3748 3182 3788 ex
3216 3736 3336 3804 qui-

1753 3805 1856 3861 bus
1912 3810 2155 3878 parietes
2212 3815 2391 3868 nostri
2446 3828 2843 3887 exstruuntur,
2901 3832 2956 3877 et
3022 3827 3330 3893 pavimenta

1752 3914 2109 3957 exornantur.
2143 3904 2249 3960 Sed
2281 3910 2539 3977 quoniam
2588 3911 2681 3967 Dei
2728 3916 2900 3970 cultui
2949 3932 3327 3975 consecratum

1752 3998 1917 4059 atque
1963 3993 2271 4050 dedicatum
2317 4010 2421 4062 est,
2478 4016 2543 4055 ac
2608 4002 3044 4061 benedictionem
3091 4011 3324 4079 accepit,

1752 4098 1939 4138 mensa
1973 4097 2184 4151 sancta,
2232 4090 2404 4145 altare
2446 4092 2852 4151 immaculatum
2898 4110 3003 4167 est,
3034 4100 3179 4170 quod
3213 4118 3324 4158 non

1747 4178 1985 4245 amplius
2018 4180 2087 4234 ab
2116 4184 2393 4247 omnibus,
2431 4188 2522 4241 sed
2569 4202 2598 4241 a
2639 4190 2773 4245 solis
2820 4193 3193 4251 sacerdotibus
3225 4196 3321 4249 iis-

1746 4283 1851 4336 que
1884 4274 2276 4328 venerantibus
2307 4284 2699 4334 contrectatur.
2752 4280 2918 4339 Panis
2967 4286 3119 4349 item,
3160 4289 3319 4357 panis

1744 4370 1828 4414 est
1856 4360 2013 4416 initio
2043 4367 2394 4433 communis:
2428 4370 2522 4424 sed
2560 4372 2652 4426 ubi
2697 4389 2820 4428 eum
2866 4379 3185 4447 mysterium
3229 4395 3318 4435 sa-

1744 4448 2093 4515 crificaverit,
2140 4470 2340 4526 corpus
2369 4457 2573 4515 Christi
2619 4461 2676 4516 [it
2711 4472 2765 4519 et
2799 4464 3022 4521 dicitur.
3073 4467 3166 4523 Sic
3197 4486 3315 4541 my-

1608 4552 1617 4557 ·
1670 4531 1942 4596 DSIicum
2006 4546 2208 4613 oleum,
2264 4551 2345 4606 sic
2394 4553 2604 4621 vinum,
2659 4571 2781 4610 cum
2833 4559 2943 4614 sint
2997 4576 3083 4616 res
3139 4564 3317 4634 exigui

2264 4599 2343 4606 --ν
2408 4599 2604 4621 .-η-..η
2661 4599 2781 4610 η...-
2833 4599 2943 4614 υ....
2998 4599 3083 4616 ,ω
3139 4599 3317 4634 μηδι..

68 4599 217 4664 prem
266 4608 398 4655 “me
445 4601 907 4673 benedic‘ionemo
954 4620 1079 4679 Ροεῐ
1129 4619 1642 4694 εδηοῑίῧοοιίοηεῐη,
1710 4649 1832 4703 qua:
1882 4653 1913 4691 ιι
1967 4638 2173 4710 Spiritu
2223 4646 2491 4714 procedit,
2542 4659 2831 4722 utrumque
2903 4668 3091 4708 eorum
3139 4657 3319 4711 excel-

68 4692 231 4722 In..on_
262 4706 526 4722 ,νυνι-...ιηη

67 4692 231 4748 ienter
260 4706 547 4764 operatur.

138 4790 199 4843 'H
233 4792 377 4863 αὑτὴ
401 4793 457 4845 δὲ
483 4794 577 4847 τοῦ
604 4795 763 4865 λόγου
796 4799 1046 4871 δύναμις,
1079 4808 1285 4863 καὶτὸν
1311 4813 1461 4884 ἰερέα
1494 4824 1638 4875 ποιεῖ

64 4884 249 4951 σεμνὸν
285 4887 382 4937 καὶ
420 4887 621 4956 τίμιον,
665 4893 730 4961 τῇ
773 4895 1052 4967 καινότητι
1099 4902 1198 4972 τῆς
1247 4906 1496 4977 εὐλογίας
1536 4915 1635 4984 τῆς

63 4976 183 5043 πρὸς
212 4977 345 5038 τοὺς
367 4977 593 5042 πολλοὺς
622 4983 928 5054 κοινότητος
953 4992 1336 5063 χωριζόμενον.
1363 4976 1505 5066 Χθὲς

62 5067 143 5116 καὶ
178 5065 374 5136 πρώην
409 5063 489 5130 εἷς
516 5070 776 5141 ὑπάρχων
808 5075 914 5128 τῶν
949 5080 1156 5136 πολλῶν
1190 5088 1280 5139 καὶ
1313 5092 1405 5143 τοῦ
1433 5093 1627 5163 δήμου,

1810 4824 2012 4883 Eadem
2059 4830 2188 4886 item
2238 4832 2392 4887 verbi
2430 4834 2513 4889 vis
2550 4836 2714 4891 etiam
2755 4838 3096 4897 sacerdotem
3144 4861 3315 4917 augu-

1738 4924 1884 4973 stum
1913 4930 1967 4975 et
2014 4922 2395 4979 honorandum
2432 4928 2582 4991 facit,
2627 4929 2869 4985 novitate
2915 4932 3311 4993 benedictionis

1736 5025 1765 5063 a
1805 5017 2198 5070 communitate
2232 5019 2377 5089 vulgi
2425 5030 2799 5091 segregatum.
2832 5022 2968 5078 Cum
3019 5029 3162 5082 enim
3193 5029 3309 5083 heri

1735 5116 1799 5156 ac
1826 5113 2070 5173 tempore
2101 5109 2372 5177 superiori
2421 5127 2563 5166 unus
2610 5130 2639 5167 e
2671 5115 3022 5173 multitudine
3061 5134 3124 5173 ac
3152 5121 3308 5189 plebe

58 5156 240 5225 ἀθρόον
293 5158 678 5217 ἀποδείκνυται
734 5167 1083 5240 καθηγεμὼν,
1133 5180 1424 5252 πρόεδρος,
1481 5187 1626 5241 διδά-

58 5249 241 5278 nun}..-
268 5250 555 5278 -.’.--ιξ-ι..,
611 5274 758 5278 -._.__,
803 5260 844 5278 Ar
948 5264 963 5278 ς
1049 5265 1073 5278 ιιι
1162 5270 1172 5278 .

1890 5156 1893 5157 ν
1943 5156 1993 5173 ,γ
2049 5156 2066 5159 _
2101 5156 2284 5177 ην---
2423 5156 2563 5166 ψη.-
2611 5156 2639 5167 ν
2671 5156 3022 5173 .................,
3061 5156 3124 5173 ..υ
3154 5156 3308 5189 pm“.

1773 5201 1897 5256 sset,
1930 5210 2152 5265 repente
2189 5200 2436 5255 redditur
2468 5216 2792 5275 praeceptor,
2837 5225 3059 5278 praeses,
3112 5212 3309 5266 doctor

58 5249 241 5313 σκαλος
268 5250 574 5318 εὖσεδείας,
609 5260 921 5330 μυστηρίων
947 5264 1315 5325 λανθανόντων
1340 5293 1625 5347 μυσταγω-

58 5339 159 5376 si.”
185 5342 273 5376 vn‘.
312 5343 480 5376 ..ι-π...
517 5352 661 5376 ...κη-τ
714 5352 876 5376 ..ρειη
908 5357 995 5376 __-
1073 5360 1086 5376 ο
1303 5369 1324 5376 -
1398 5371 1422 5376 _

1887 5249 1896 5256 ,
1994 5249 2008 5265 _
2043 5249 2071 5251 η
2106 5249 2146 5253 κ-
2192 5249 2425 5255 ηππ-
2469 5249 2792 5275 ,μανννηη
2837 5249 3059 5278 ρυρσυς,
3112 5249 3297 5266 ..νυνι

1773 5285 1985 5350 ietatis,
2041 5292 2428 5360 mysteriorum
2478 5299 2759 5353 latentium
2824 5303 3019 5369 praesul
3068 5323 3081 5358 :
3128 5320 3300 5376 eaque

58 5339 159 5403 τός·
185 5342 279 5394 καὶ
312 5343 485 5395 ταῦτα
517 5352 679 5412 ποιεῖ,
712 5352 877 5422 μηδὲν
905 5357 998 5409 τοῦ
1022 5360 1271 5431 σώματος
1298 5339 1460 5440 ἢῖτῆς
1496 5391 1624 5441 μορ-

57 5429 155 5498 φῆς
193 5433 517 5530 ἁμειφθ.είς’
562 5438 677 5492 ἀλλ’
727 5442 988 5530 ὑπάρχων
1023 5429 1163 5504 κατὰ
1194 5456 1254 5507 τὸ
1302 5429 1624 5530 φαινόμενον

57 5523 247 5589 ἐκεῖνος
285 5525 343 5588 ὃς
388 5521 478 5597 ἦν,
518 5530 735 5604 ἀοράτῳ
769 5536 877 5589 τινὶ
906 5527 1129 5613 δυνάμει
1164 5548 1257 5601 καὶ

117 5698 143 5732 ³
173 5701 330 5759 Joan.
364 5722 447 5774 ιιι,
479 5708 530 5761 5.
640 5711 661 5742 ⁸
689 5712 821 5769 ibid.
877 5716 931 5770 8.

1732 5378 2058 5448 contingunt
2104 5384 2175 5447 ei,
2227 5404 2349 5439 eum
2408 5390 2542 5442 nihil
2584 5393 2666 5444 vel
2708 5407 2957 5461 corpore,
3006 5396 3087 5451 vel
3130 5398 3305 5453 forma

1733 5480 1995 5539 mutatus,
2042 5476 2135 5529 sed
2170 5479 2314 5548 quod
2358 5480 2424 5534 ad
2469 5484 2703 5551 speciem
2755 5496 3035 5540 externam
3088 5491 3301 5556 attinet,

1302 5551 1482 5621 χάριτι
1521 5555 1619 5624 τὴν
1726 5560 1815 5615 ille
1868 5564 1958 5629 sit,
1996 5569 2086 5637 qui
2145 5580 2284 5635 erat,
2330 5574 2586 5630 invisibili
2631 5578 2864 5645 quadam
2906 5581 2951 5635 vi
2988 5597 3051 5637 ac
3080 5574 3298 5655 gratia,
