3842 6404
527 245 638 303 583

1711 249 1792 309 -S.
1825 249 2154 309 GREGOBII
2193 249 2486 308 NYSSENI

3673 253 3774 310 584

525 359 856 418 invisibilem
891 360 1130 418 animam
1179 363 1236 418 in
1291 364 1489 420 melius
1531 365 1978 422 transformatam
2005 384 2093 438 ge-

2203 369 2436 438 ἀόρατον
2459 369 2637 440 ψυχὴν
2669 369 3121 441 μεταμορφωθεὶς
3149 370 3286 440 πρὸς
3313 369 3374 422 τὸ
3407 367 3638 440 βέλτιον,
3663 367 3775 426 Καὶ

524 468 674 508 rens.
707 452 886 522 Atque
909 453 998 509 ita
1023 455 1092 509 ad
1139 457 1344 511 multas
1379 473 1470 513 res
1503 459 1747 513 animqu
1787 461 2099 528 advertens,

521 545 930 599 contemnenda
987 547 1208 616 quidem
1245 548 1460 604 videbis
1503 565 1601 614 ea,
1653 566 1771 619 quae
1815 561 2100 622 apparent,

517 649 726 705 magna
769 651 923 703 vero,
957 654 1082 709 qum
1107 639 1192 703 ab
1239 640 1350 696 illis
1379 641 1727 698 efficiuntur:
1764 659 1828 698 ac
1867 645 2104 700 maxime

529 741 650 782 cum
683 743 752 782 ex
784 731 952 784 veteri
995 731 1224 787 historia
1259 742 1490 804 cognata
1523 743 1686 804 atque
1713 735 1928 790 similia
1953 735 2098 806 ejus,

525 819 592 870 tle
641 833 752 887 quo
803 822 1094 890 qumritur,
1143 825 1450 894 argumenti
1493 827 1742 896 exempla
1789 828 2098 898 collegeris.

526 907 690 980 Virga
727 911 950 984 Moysis,
979 915 1278 986 virgarerat
1307 931 1338 972 e
1359 933 1500 972 nuce
1519 933 1628 973 seu
1652 921 2100 991 eorylo.‘Etenim

519 1003 655 1071 quid
683 1005 830 1058 aliud
863 1015 1026 1076 atque
1071 1007 1278 1078 lignum
1305 1023 1619 1075 commune,
1657 1013 1800 1082 quod
1839 1027 1870 1066 a
1899 1014 2102 1084 cujus-

526 1111 634 1166 que
663 1113 830 1153 manu
860 1101 1088 1155 caeditur
1111 1109 1168 1156 et
1195 1110 1472 1172 portatur,
1507 1113 1560 1158 et
1618 1104 1976 1158 concinnatur
2005 1106 2100 1159 ad—

520 1196 854 1258 optaturque
883 1189 952 1243 ad
981 1189 1036 1243 id
1061 1191 1206 1259 quod
1231 1193 1406 1248 visum
1435 1193 1694 1261 fuerit,-et
1723 1195 1922 1266 igniad
1955 1197 2100 1252 arbi-

523 1277 690 1332 trium
743 1279 996 1334 traditur.
1035 1279 1138 1337 Ubi
1184 1292 1366 1339 autem
1411 1285 1556 1342 Deus
1585 1287 1761 1342 voluit
1813 1303 1910 1358 per
1948 1289 2097 1342 illam

521 1367 742 1424 efﬁcere
771 1370 1036 1426 sublimia
1071 1372 1185 1436 illa.
1211 1387 1442 1447 queque
1467 1379 1626 1433 .nulla
1661 1380 1711 1433 vi
1745 1379 1960 1435 dicendi
2009 1395 2098 1434 ex-

507 1459 684 1528 :primi
754 1471 1018 1530 possunt,
1069 1463 1354 1532 miracula,
1409 1471 1736 1526 mutabatur
1779 1471 1986 1542 lignum
2039 1473 2096 1527 in

521 1559 831 1618 serpentem
855 1551 900 1603 ⁸.
937 1551 1004 1605 Et
1050 1552 1177 1608 item
1219 1557 1693 1627 alibi.percutiens
1727 1577 1922 1633 aquas,
1961 1563 2096 1617 alias

519 1639 740 1708 quidem
790 1640 846 1694 in
905 1645 1228 1712 sanguinem
1281 1662 1478 1717 aquam
1532 1651 1860 1722 redigebat"-
1902 1670 1916 1706 :
1951 1652 2096 1706 alias

2207 460 2380 524 οὕτως
2417 462 2508 514 ἐπὶ
2541 461 2710 514 πολλὰ
2747 461 2855 514 τῶν
2895 461 3234 532 πραγμάτων
3275 461 3458 532 φέρων
3499 461 3594 516 τὸν
3631 464 3772 526 νοῦν,

2159 621 2175 628 -
2209 551 2660 622 εὐκαταφρόνητα
2705 551 2807 621 μὲν
2843 549 2964 620 ὄψει
3007 553 3078 604 τὰ
3106 551 3437 622 φαινόμενα,
3477 553 3689 622 μεγάλα
3721 555 3774 607 δὲ

2207 641 2275 694 τὰ
2302 642 2395 694 ἀπ’
2423 641 2647 695 ἐκείνων
2663 641 2972 711 τελούμενα
2991 659 3004 672 ·
3029 642 3123 696 καὶ
3147 642 3400 712 μάλιστα,
3429 644 3558 700 ὅταν
3589 646 3655 698 ὲκ
3679 645 3773 714 τῆς

2209 733 2443 796 παλαιᾶς
2485 733 2724 806 ἱστορίας
2753 733 2986 805 ἀναλέξῃ
3014 734 3084 786 τὰ
3119 735 3356 804 συγγενῆ
3383 734 3477 788 τοῦ
3511 735 3776 807 ζητουμέ-

2207 841 2298 878 νου
2333 824 2426 878 καὶ
2457 825 2639 895 ὅμοια.
2669 823 2776 878 Τοῦ
2815 823 3092 888 Μωῡσὲως
3125 827 3158 895 ἡ
3185 825 3387 896 ,ῥάϐδος
3415 823 3486 898 ἦν
3521 829 3770 898 καρυῖνη.

2201 914 2315 968 Καὶ
2338 915 2390 967 τί
2415 913 2526 986 γὰρ
2540 915 2688 980 ἄλλο,
2713 915 2747 986 ἢ
2777 913 2930 978 ξύλον
2957 913 3165 978 κοινὸν,
3199 915 3227 968 ὃ
3263 916 3412 970 πᾶσα
3435 917 3556 987 χεὶρ
3585 917 3774 970 κόπτει

2205 1009 2300 1059 καὶ
2328 1007 2518 1078 φέρει,
2551 1008 2800 1078 ῥυθμίζει
2827 1025 2888 1062 τε
2915 1008 3052 1079 πρὸς
3083 1007 3143 1062 τὸ
3169 1009 3380 1071 δοκοῦν,
3409 1010 3503 1064 καὶ
3531 1011 3614 1080 τῷ
3639 1013 3774 1081 πυρὶ

2205 1099 2324 1156 κατ’
2365 1097 2610 1162 ἐξουσίαν
2643 1098 2889 1162 δίδωσιν;
2933 1098 3124 1152 Ἢνίκα
3169 1099 3226 1152 δὲ
3267 1101 3296 1152 ὁ
3335 1099 3466 1163 Θεὸς
3507 1100 3773 1170 ἠθέλησεν

2173 1187 2512 1242 ,ἐπιτελέσαι
2531 1189 2596 1240 δι’
2621 1189 2836 1256 ἐκείνης
2863 1188 2932 1241 τὰ
2955 1188 3138 1259 ὑψηλά
3165 1189 3260 1242 καὶ
3289 1190 3384 1243 τοῦ
3409 1189 3568 1259 λόγου
3598 1193 3774 1262 κρείτ·
3807 1237 3821 1250 .4

2199 1297 2329 1334 τονα
2367 1279 2651 1350 θαύματα,
2673 1281 3038 1351 μετεϐάλλετο
3075 1283 3137 1336 τὸ
3165 1279 3318 1349 ξύλον
3361 1285 3439 1346 εις
3477 1285 3624 1353 ὅφιν.
3653 1283 3776 1337 εΚαὶ

2201 1369 2364 1424 πάλιν
2403 1367 2630 1438 ἑτέρωθι
2651 1368 2876 1422 τύπτων
2907 1369 2976 1423 τὰ
3020 1370 3214 1434 ὕδατα,
3257 1371 3386 1424 ποτὲ
3415 1371 3514 1442 μὲν
3546 1366 3686 1442 αἷμα
3713 1373 3774 1424 τὸ

2201 1459 2347 1530 ὕδωρ
2394 1460 2566 1512 ἐποίει
2587 1497 2602 1522 ,
2665 1459 2795 1512 ποτὲ
2835 1461 2892 1514 δὲ
2937 1461 3220 1532 βατράχων
3269 1463 3434 1532 γονὴν
3481 1463 3774 1528 ἀνέϐλυζεν

2201 1551 2442 1623 ἄπειρον.
2463 1551 2586 1604 ⁹Καὶ.
2617 1551 2786 1604 πάλιν
2817 1552 2918 1623 τὴν
2949 1552 3216 1607 θάλατταν
3241 1553 3432 1623 ἔτεμνε
3467 1554 3630 1627 μέχρι
3669 1555 3770 1626 βυ-

2203 1642 2312 1698 θῶν
2365 1643 2796 1714 διακοπτομένην
2839 1644 2934 1698 καί
3001 1645 3078 1716 μὴ
3117 1645 3474 1715 ’συρρεούσαω
3538 1649 3771 1718 Ὁμοίως

505 1745 650 1784 vero
690 1745 946 1788 ranarum
977 1735 1145 1788 fetum
1189 1735 1464 1792 infinitum
1485 1739 1700 1796 redebat
1725 1743 2093 1813 acproduce-

2198 1734 2316 1796 ἐνὸς
2343 1733 2450 1786 τῶν
2483 1735 2778 1806 προφητῶν
2803 1736 3037 1808 μηλωτὴ
3056 1777 3072 1802 ,
3107 1739 3264 1806 αίγὺς
3287 1733 3420 1792 οὖσα
3445 1740 3644 1812 δέρμα,
3675 1744 3764 1796 λό-

517 1819 647 1876 bat'
679 1838 696 1876 :
725 1831 780 1878 et.
829 1840 1022 1881 rursus
1069 1840 1224 1882 mare
1269 1828 1573 1894 scindebat,
1601 1833 1762 1902 quod
1811 1849 1984 1905 usque
2027 1835 2096 1888 ad

519 1910 691 1966 imum
739 1912 966 1969 fundum
1019 1915 1402 1983 diducebatur,
1458 1927 1514 1976 et
1555 1923 2093 1982 nonuconfluebati.

519 1997 784 2058 Similiter
829 2005 992 2061 unius
1032 2007 1309 2076 prophetae
1349 2009 1723 2066 indumentum
1751 2053 1767 2078 ,
1795 2014 2096 2086 quodenat

517 2107 586 2146 ex
641 2093 782 2161 pelle
837 2095 1096 2164 caprina,
1147 2095 1406 2165 Elisazum
1459 2115 1557 2170 per
1589 2109 2096 2158 .totum.terrarum

517 2181 706 2236 orbem
769 2181 915 2238 fama
968 2185 1306 2240 celebratum
1356 2187 1560 2244 effecit.
1629 2189 1857 2262 Lignum
1913 2203 2095 2250 autem

521 2272 708 2326 crucis
753 2275 1013 2330 omnibus
1060 2276 1374 2334 hominibus
1419 2281 1662 2354 salutare
1706 2293 1808 2348 est,
1857 2299 1982 2338 cum
2021 2286 2099 2339 sit

517 2377 667 2434 pars,
727 2372 789 2419 ut
853 2367 1040 2432 audio,
1103 2369 1318 2424 arboris
1373 2369 1522 2434 vilis,
1575 2374 2097 2444 contemptiorisque

519 2470 684 2524 quam
739 2457 858 2511 alia;
917 2459 1104 2515 multae
1172 2460 1304 2514 sint.
1365 2459 1434 2514 Et
1493 2462 1696 2526 frutex
1730 2465 1854 2519 rubi
1923 2463 2096 2536 Moysi

519 2546 739 2604 divinas
807 2550 1180 2619 apparitiones
1237 2553 1545 2608 ostendit”.
1589 2557 1728 2618 item
1783 2555 1958 2624 Elisazi
2015 2574 2098 2612 re-

521 2637 704 2710 liquim
763 2649 1042 2696 mortuum
1109 2645 1492 2700 excitaverunt
1535 2646 1611 2712 '°;
1659 2655 1714 2702 et
1763 2649 1934 2704 lutum
1991 2665 2096 2706 ca:-

519 2745 644 2784 cum
684 2745 749 2787 ex
789 2740 948 2788 utero
1014 2733 1208 2788 matris
1271 2743 1460 2790 natum
1527 2735 1875 2792 illuminavit.
1919 2738 2096 2810 Atque

519 2821 636 2878 llch
686 2824 870 2878 omnia
905 2839 1030 2880 cum
1079 2827 1324 2882 materiae
1387 2829 1498 2883 sint
1549 2828 1864 2884 inanimatae
1929 2840 2096 2900 atque

519 2930 716 2971 sensus
753 2925 1028 2988 expertes,
1071 2928 1428 2990 posteaquam
1463 2921 1572 2974 vim
1611 2919 1716 2986 Dei,
1735 2921 2093 2990 accepissent,

525 3008 742 3076 magnis
779 3007 1065 3063 miraculis
1123 3009 1304 3064 media
1345 3011 1795 3068 intercesserunt.
1819 3013 1897 3067 Ac
1925 3013 2091 3068 simili

519 3098 918 3167 consequentia
988 3100 1261 3155 rationum
1293 3142 1308 3166 ,
1355 3102 1519 3158 etiam
1572 3117 1736 3174 aqua,
1789 3121 1912 3160 cum
1943 3105 2096 3160 nihil

519 3189 668 3242 aliud
714 3189 786 3244 sit
814 3203 976 3258 quam
1020 3205 1197 3260 aqua,
1237 3208 1472 3262 superna
1516 3197 1692 3266 gratia
1743 3196 2098 3253 benedicente

517 3279 593 3342 ei,
629 3281 682 3332 in
723 3293 840 3334 eam
867 3293 990 3349 quae
1036 3289 1218 3336 mente
1250 3283 1574 3354 percipitur,
1614 3283 1889 3340 hominem
1933 3302 2094 3342 reno-

520 3378 612 3424 vat
635 3370 1134 3439 regenerationem.
1169 3369 1326 3438 Quod
1361 3374 1408 3429 si
1441 3375 1568 3445 quis
1594 3376 1726 3429 mihi
1761 3391 1956 3432 rursus
1991 3377 2094 3432 du-

522 3460 746 3515 bitando
787 3469 842 3516 et
893 3462 1220 3533 ambigendo
1275 3466 1552 3536 negotium
1581 3465 1856 3530 exhibeat,
1915 3470 2094 3522 conti-

523 3560 720 3608 nenter
741 3553 1087 3622 interrogans
1115 3565 1170 3608 et
1207 3556 1520 3618 sciscitans,
1553 3573 1660 3628 qua
1692 3559 1901 3614 ratione
1925 3575 2092 3630 aqua,

519 3658 586 3697 ea
639 3659 758 3713 qua:
789 3660 884 3714 per
922 3645 1068 3700 illam
1111 3649 1412 3718 peragitur,
1451 3649 1762 3706 initiatione
1790 3661 2091 3722 regeneret,

519 3735 702 3788 dicam
727 3735 932 3804 optimo
967 3736 1092 3804 jure
1129 3737 1196 3792 ad
1223 3754 1348 3794 eum
1387 3759 1401 3795 :
1435 3739 1676 3797 Ostende
1693 3741 1826 3796 mihi
1872 3744 2090 3798 modum

520 3827 860 3890 nativitatis,
890 3815 1010 3896 quae
1049 3830 1106 3896 fit
1131 3831 1432 3886 secundum
1469 3847 1690 3888 carnem
1718 3851 1733 3900 ;
1776 3843 1832 3888 et
1861 3849 1964 3906 ego
1993 3837 2090 3890 tibi

521 3920 630 3974 vim
681 3921 1138 3990 regenerationis,
1197 3939 1320 3994 qua:
1383 3925 1688 3980 secundum
1729 3927 1968 3982 animam
2011 3927 2092 3992 fit,

521 4026 813 4082 exponam.
843 4013 1000 4070 Dices
1031 4013 1268 4071 fortasse
1310 4017 1470 4086 quasi
1500 4017 1793 4088 quamdam
1825 4020 2090 4076 rationem

523 4102 758 4158 reddens
796 4121 811 4158 :
844 4104 1042 4160 Semen
1075 4121 1243 4161 causa
1277 4106 1519 4164 hominis
1566 4109 1804 4165 effectrix
1835 4120 1939 4168 est.
1981 4113 2094 4166 An-

520 4193 577 4248 di
637 4195 804 4264 igitur
835 4203 1031 4250 contra
1057 4211 1102 4249 4a
1128 4197 1311 4262 nobis,
1341 4199 1486 4268 quod
1526 4215 1666 4270 aqua
1713 4217 1833 4272 qua:
1879 4201 2096 4258 benedi-

519 4288 688 4350 citur,
720 4295 917 4357 purgat
939 4295 993 4342 et
1021 4287 1293 4342 illuminat
1343 4289 1637 4346 hominem.
1672 4292 1826 4359 Quod
1853 4295 1900 4349 si
1959 4295 2091 4350 mihi

2195 1841 2290 1894 γον
2319 1825 2418 1895 τῆς
2445 1827 2770 1896 οἰκουμένης
2791 1828 2884 1881 τὸν
2927 1828 3224 1882 Ἐλισσαῖον
3249 1830 3574 1901 εἰργάσατο.
3603 1833 3650 1885 31‘
3651 1833 3684 1886 ὸ
3707 1833 3768 1887 δὲ

2195 1916 2288 1970 τοῦ
2318 1917 2548 1988 σταυροῦ
2583 1917 2754 1984 ξύλον,
2795 1919 3294 1990 πᾶσινλὰνθρὼποις
3327 1922 3444 1974 ἐστὶ
3477 1925 3767 1996 σωτήριον,

2199 2009 2364 2081 μέρος
2389 2009 2470 2076 ὃν,
2505 2009 2582 2074 ὡς
2601 2010 2806 2076 ἀκούω,
2827 2012 3300 2083 εὐκαταφρονήτου
3323 2014 3510 2082 φυτοῦ,
3533 2015 3764 2068 καὶτῶν

2196 2100 2414 2156 πολλῶν
2425 2100 2768 2172 ἀτιμοτέρου.
2787 2101 2902 2154 Καὶ
2933 2100 3134 2171 θάμνος
3161 2101 3326 2171 βάτου
3347 2103 3426 2174 τῷ
3447 2105 3674 2157 Μωΰσεῖ
3697 2106 3774 2157 τὰ

2197 2193 2420 2264 θεοφᾶνε
2427 2211 2482 2248 ια
2494 2193 2660 2261 ἔδειξε
2676 2195 2804 2249 ’καὶ
2817 2192 2911 2248 τοῦ
2939 2192 3241 2248 Ἐλισσαίου
3253 2193 3324 2246 τὰ.
3333 2193 3559 2264 λείψανα
3573 2193 3770 2265 νεκρὸν

2195 2283 2478 2352 ἀνέστησε’
2515 2284 2609 2338 καὶ
2632 2281 2800 2355 πηλὸς
2821 2283 2911 2336 τὸν
2935 2283 3133 2352 τυφλὸν
3159 2282 3250 2336 τὸν
3295 2285 3358 2337 ὲκ
3395 2284 3602 2348 κοιλίας
3621 2284 3770 2354 ὲφὼ-

2195 2393 2334 2430 τισε.
2353 2375 2475 2430 «Καὶ
2503 2375 2677 2432 ταῦτα
2713 2375 2892 2428 πάντα
2923 2374 3045 2428 ὗλαι
3077 2375 3410 2446 τυγχάνοντα
3447 2375 3646 2445 ﬂuxo:
3671 2377 3770 2429 καὶ

2173 2469 2506 2538 ,ἀναίσθητοι
2531 2473 2642 2532 τοῖς
2675 2467 2931 2540 μεγάλοις
2959 2467 3232 2539 θαύμασιν
3255 2468 3632 2539 ὲμεσίτευσαν,
3661 2467 3764 2538 τὴν

2194 2558 2290 2612 τοῦ
2305 2559 2438 2612 Θεοῦ
2459 2559 2726 2630 δεξάμενα
2747 2559 2994 2630 δύναμιν.
3024 2560 3182 2614 Κατὰ
3205 2559 3266 2612 δὲ
3293 2559 3391 2628 τὴν
3416 2558 3608 2628 ὁμοίαν
3637 2559 3770 2610 ἁκο-

2171 2648 2411 2702 -λουθίαν
2431 2648 2537 2702 τῶν
2555 2648 2846 2719 λογισμῶν,
2872 2649 2964 2700 καὶ
2989 2648 3050 2702 τὸ
3079 2647 3222 2716 ὕδωρ
3245 2645 3396 2700 οὐδὲν
3417 2645 3548 2700 ἀλλο
3569 2645 3772 2714 τυγχά-

2169 2781 2171 2784 ‹
2197 2760 2284 2796 νον
2306 2741 2339 2812 ἢ
2371 2742 2532 2810 ὕδωρ,
2557 2740 2890 2804 ἀνακαινίζει
2908 2741 3000 2794 τὸν
3037 2739 3324 2812 ἄνθρωπον
3343 2740 3426 2801 είς
3443 2737 3540 2806 τὴν
3567 2735 3770 2806 νοητὴν

2195 2835 2576 2903 ἁναγέννησιν,
2621 2834 2722 2904 τῆς
2747 2833 2953 2888 ἄνωθεν
2993 2833 3210 2904 χάριτος
3249 2831 3574 2900 εύλογούσης
3613 2831 3768 2883 αὐτό.

2209 2927 2334 2980 Ἐὰν
2353 2927 2526 2996 δέμοι
2555 2925 2716 2979 πάλιν
2733 2925 3002 2990 διστάζων
3019 2943 3102 2988 τις
3125 2925 3220 2978 καὶ
3245 2922 3601 2994 ἀμφιϐάλλων
3627 2923 3772 2992 πρά-

2195 3035 2382 3088 γματα
2411 3016 2657 3088 παρέχῃ,
2689 3015 3170 3085 συνεχῶςὲρωτῶν
3209 3015 3302 3068 καὶ¹
3323 3011 3768 3083 διαπυνθανόμε-

2198 3129 2287 3174 νος
2307 3150 2321 3173 ,
2359 3109 2477 3172 πῶς
2506 3108 2650 3178 ὕδωρ
2675 3109 2944 3179 ἀναγεννᾷ
2967 3108 3060 3160 καὶ
3083 3109 3122 3178 ἠ
3151 3111 3234 3160 ἐπ’
3257 3107 3448 3177 ἐκείνῳ
3463 3106 3768 3174 ιτελουμὲνη

2201 3202 2574 3274 μυσταγωγία,
2611 3201 2760 3266 -λέξω
2797 3200 2932 3270 πρὸς
2973 3199 3136 3253 αὑτὸν
3161 3200 3472 3253 δικαιότατα
3493 3215 3508 3229 ·
3559 3197 3769 3267 Στῆσόν

2197 3313 2288 3366 μοι
2314 3293 2624 3363 τὺνιτρόπον
2643 3292 2741 3362 τῆς
2761 3292 3064 3361 γεννήσεως
3077 3291 3176 3361 τῆς
3205 3291 3342 3344 κατὰ
3374 3290 3552 3361 σάρκα
3569 3307 3584 3322 ·
3611 3289 3771 3357 κάγώ

2199 3403 2280 3440 σοι
2303 3385 2630 3454 διηγήσομαι
2659 3383 2756 3454 τῆς
2799 3381 2942 3436 κατὰ
2989 3381 3165 3452 ψυχὴν
3202 3380 3617 3450 παλιγγενεσίας
3665 3379 3768 3450 τὴν

2194 3477 2442 3546 δύναμιν.
2507 3475 2683 3544 Ἐρεῖς
2735 3473 2918 3542 τυχὸν,
2953 3472 3044 3536 -ὢς
3079 3490 3202 3526 τινα
3253 3471 3406 3540 λόγον
3457 3470 3766 3533 ἀποδιδούς.

2197 3568 2516 3640 Σπέρματος
2541 3565 2691 3619 αίτία
2721 3567 2868 3616 ποιεῖ
2889 3563 2984 3616 τὸν
3011 3563 3315 3635 ἄνθρωπον.
3345 3562 3622 3624 Αὐτάκουε
3657 3559 3770 3614 τοί-
3819 3587 3821 3594 ·

2195 3673 2288 3708 νυν
2318 3655 2412 3708 καὶ
2435 3653 2564 3724 παρ’
2597 3649 2777 3722 ἡμῶν,
2809 3650 2883 3714 ὡς
2919 3649 3060 3721 ὕδωρ
3089 3649 3472 3720 εύλογούμενον
3515 3648 3772 3718 καθαίρει

2177 3748 2292 3802 ,καὶ
2329 3745 2548 3816 φωτίζει
2587 3744 2680 3796 τὸν
2723 3741 3026 3814 ἄνθρωπον.
3061 3743 3158 3796 Ἂν
3203 3741 3259 3794 δέ
3304 3757 3394 3809 μοι
3440 3741 3600 3794 πάλιν
3633 3741 3766 3794 ἀνθ-

2197 3841 2540 3912 υποκρούσῃς
2569 3837 2648 3899 τὸ,
2685 3835 2838 3898 πῶς.;
2869 3833 3253 3906 ἀντιδοήσομαί
3277 3849 3358 3886 σοι
3383 3832 3764 3904 σφοδρότερον·

2183 3931 2320 3994 ,Πῶς
2347 3933 2380 4001 ἠ
2417 3928 2561 4000 ὑγρὰ
2587 3929 2680 3982 καὶ
2705 3927 2949 3998 ἄμορφος
2975 3925 3162 3985 οὐσία,
3197 3923 3483 3994 ἄνθρωπος
3513 3921 3726 3989 γίνεται
3749 3936 3766 3982 ;

2193 4024 2304 4078 Καὶ
2337 4021 2476 4076 κατὰ
2505 4019 2684 4088 πάσης
2707 4018 2807 4087 τῆς
2830 4017 3058 4078 κτίσεως
3087 4013 3259 4077 οὕτως
3282 4015 3310 4066 ὁ
3343 4014 3496 4080 λόγος
3527 4013 3764 4082 προὸαἰο

2194 4131 2300 4168 νων
2331 4115 2415 4180 ἐφ’
2441 4111 2655 4180 ἑκάστῳ
2705 4108 2990 4181 πράγματι
3019 4105 3486 4174 γυμνασθήσεται·
3519 4103 3640 4166 πῶς
3671 4103 3764 4156 ού-

2181 4206 2390 4279 ,ρανός;
2419 4203 2532 4266 πῶς
2557 4203 2628 4274 γῆ
2653 4218 2667 4265 ;
2698 4200 2813 4264 πῶς
2841 4199 3120 4263 θάλασσα;
3151 4195 3268 4260 πῶς
3297 4195 3364 4249 τὰ
3391 4194 3760 4256 καθέκαστονς

2187 4295 2477 4367 Πανταχοῦ
2517 4295 2624 4365 γὰρ
2665 4295 2693 4347 ὁ
2729 4291 2990 4362 λογισμὸς
3039 4290 3147 4344 τῶν
3193 4288 3492 4362 ἀνθρώπων
3535 4287 3764 4357 ἀποριῖιν

524 4394 722 4433 rursus
762 4387 956 4432 contra
985 4380 1273 4450 subjicias,
1306 4385 1623 4452 quomodo?
1663 4385 2090 4448 Clamabocon-

2196 4393 2328 4463 πρὸς
2355 4389 2451 4459 τὴν
2479 4387 2712 4458 εὕρεσιν,
2743 4385 2880 4456 πρὸς
2915 4382 3116 4453 ταύτην
3139 4379 3468 4450 καταφεύγει
3493 4378 3592 4449 τὴν
3631 4379 3764 4432 συλ-

524 4478 611 4522 tra
635 4475 688 4523 te
705 4470 1099 4530 vehementius,
1121 4473 1396 4540 quomodo
1417 4473 1636 4530 humida
1654 4483 1820 4547 atque
1841 4477 2090 4536 informis

525 4569 722 4614 natura
757 4563 916 4613 homo
949 4559 1050 4613 fit?
1087 4561 1264 4632 Atque
1291 4562 1358 4619 de
1390 4568 1540 4621 omni
1569 4579 1816 4624 creatura
1849 4569 1924 4624 ita
1959 4585 2088 4625 ora-

527 4654 604 4706 tio
625 4652 1000 4723 progrediens,
1049 4654 1103 4707 in
1145 4671 1470 4727 unaquaque
1512 4675 1572 4714 re
1605 4661 1967 4729 exercebitur,
1995 4665 2088 4734 qui

527 4743 772 4798 caelum?
808 4743 900 4811 qui
923 4743 1211 4814 terra?qui
1262 4753 1447 4802 mare?
1500 4749 1592 4818 qui
1635 4766 1726 4806 res
1755 4753 2092 4822 singulares?

531 4833 740 4904 Ubique
771 4835 914 4888 enim
948 4835 1090 4889 ratio
1129 4837 1407 4894 hominum
1459 4841 1528 4896 ad
1567 4842 1930 4898 inventionem
1971 4861 2096 4914 per-

523 4925 682 4994 plexa
711 4923 968 4978 haesitans
1011 4925 1080 4980 ad
1117 4927 1257 4983 hanc
1295 4930 1554 5001 syllabam
1605 4931 1870 5003 confugit,
1927 4934 2086 4990 sicuti

525 5015 593 5068 ad
622 5015 828 5080 sellam,
858 5017 948 5085 qui
993 5018 1198 5087 ingredi
1224 5028 1277 5075 et
1301 5023 1582 5077 atnbulare
1615 5039 1723 5076 non
1747 5033 1996 5094 possunt.
2025 5025 2089 5080 Et

524 5113 586 5157 ut
628 5119 742 5159 rem
795 5107 986 5174 paucis
1018 5110 1318 5172 absolvam,
1357 5111 1558 5182 ubique
1586 5114 1766 5168 divina
1803 5117 1881 5171 vis
1909 5117 2090 5174 etefii-

525 5198 729 5251 cacitas
757 5197 1330 5268 incomprehensibilis
1351 5212 1456 5268 est,
1475 5205 1732 5276 nullaque
1749 5209 1832 5262 vel
1857 5211 2088 5276 ratione,

524 5288 608 5340 vel
640 5295 755 5341 arte
785 5289 1066 5358 explorari
1097 5301 1294 5360 potest,
1319 5309 1514 5350 creans
1536 5296 1752 5365 quidem
1782 5310 1942 5368 atque
1971 5315 2093 5370 pro-

524 5378 730 5432 ducens
753 5377 909 5434 facile
945 5397 1286 5452 quaecunque
1325 5385 1462 5450 vult,
1517 5388 1774 5444 subtilem
1835 5406 1962 5444 vero
1999 5407 2091 5446 co-

524 5470 816 5538 gnitionem
841 5471 1138 5528 eliicientiae
1177 5491 1276 5532 nos
1307 5477 1512 5533 celans.
1553 5480 1732 5544 Quare
1768 5481 1930 5534 etiam
1959 5483 2058 5536 bea

2193 4481 2384 4552 λαϐὴν,
2419 4479 2494 4542 ὡς
2530 4477 2663 4548 πρὸς
2702 4475 2967 4546 καθέδραν
3005 4474 3054 4527 oi
3103 4472 3181 4542 τῷ
3211 4471 3444 4542 βαδίζειν
3483 4469 3758 4524 ἀδύνατοι.

2193 4569 2305 4628 Καὶ
2328 4573 2414 4624 ἵνα
2435 4567 2665 4622 συνελὼν
2699 4567 2855 4628 εἴπω,
2886 4562 3158 4632 πανταχοῦ
3183 4563 3216 4631 ή
3247 4561 3340 4614 τοῦ
3367 4557 3502 4613 Θεοῦ
3528 4559 3764 4629 δύναμις

2195 4665 2291 4718 καὶ
2327 4661 2580 4733 ἐνέργεια
2621 4656 3002 4726 ἁκατὰληπτός
3037 4657 3154 4706 ἐστι
3185 4653 3276 4707 καὶ
3307 4651 3762 4722 ἀτεχνολόγητος·

2193 4755 2475 4828 ὑφιστῶσα
2509 4753 2607 4824 μὲν
2655 4749 2890 4812 εὐκόλως
2925 4749 3064 4820 ἅπερ
3109 4748 3176 4802 ἂν
3209 4747 3364 4818 ἐθέλῃ
3387 4787 3404 4812 ,
3442 4747 3538 4817 τὴν
3575 4747 3634 4800 δὲ
3671 4747 3764 4800 λε-

2193 4843 2438 4917 πτομερῆ
2467 4843 2663 4912 γνῶσιν
2685 4843 2781 4911 τῆς
2811 4838 3090 4910 ἐνεργείας
3109 4839 3238 4908 ἡμῖν
3257 4835 3640 4906 ἀποκρύψασα.
3669 4837 3764 4890 Διὸ

2195 4939 2289 4994 καὶ
2315 4939 2344 4990 ὁ
2389 4935 2654 5007 μακάριος
2686 4931 2880 4992 Δασὶδ,
2917 4929 3213 5000 ἐπιστήσας
3247 4929 3371 4981 ποτὲ
3401 4928 3491 4982 τὸν
3523 4928 3649 4980 νοῦν
3693 4931 3760 4997 τῇ

2199 5026 2640 5102 μεγαλοπρεπείᾳ
2672 5024 2770 5093 τῆς
2804 5022 3065 5087 κτίσεως,
3094 5021 3187 5074 καί¹
3226 5019 3499 5090 θαύματος
3543 5019 3764 5088 ἀπόρου

2195 5119 2501 5192 πληρωθεὶς
2531 5115 2628 5186 τὴν
2651 5115 2852 5190 ψυχὴν,
2895 5113 3072 5165 ἐκεῖνο
3104 5111 3164 5163 τὸ
3202 5110 3354 5181 παρὰ
3379 5109 3596 5162 πάντων
3629 5109 3762 5180 ᾀδό-

2193 5231 2353 5283 μενον
2375 5207 2775 5276 ἀπεφθέγξατο·
2821 5206 2912 5270 Ὠς
2943 5204 3310 5272 ἐμεγαλύνθη
3346 5202 3412 5256 τὰ
3439 5203 3583 5272 ἔργα
3611 5219 3758 5260 σου,

2191 5303 2407 5370 Κύριε]
2449 5300 2646 5353 πάντα
2685 5298 2754 5350 ἐν
2779 5297 2963 5365 σοφίᾳ
3005 5294 3316 5361 ἐποίησας.
3355 5293 3462 5364 Τὴν
3513 5294 3612 5362 μὲν
3645 5295 3764 5364 γὰρ

2193 5391 2378 5456 σοφίαν
2431 5388 2715 5456 ἐνενόησε·
2758 5384 2852 5454 τὴν
2901 5383 2954 5436 δὲ
3013 5383 3205 5454 τέχνην
3261 5383 3358 5454 τῆς
3409 5384 3600 5452 σοφίας
3657 5387 3764 5454 οὐχ

2191 5475 2366 5551 εὗρεν.

525 5571 614 5615 tus
657 5559 818 5615 David
844 5577 966 5617 cum
998 5565 1290 5633 aliquando
1320 5571 1561 5624 animum
1588 5577 1640 5624 et
1663 5580 1898 5626 mentem
1923 5573 2264 5629 adhibuisset
2325 5573 2388 5626 ad
2423 5569 2876 5640 magnificentiam
2944 5571 3227 5628 creatum,
3293 5565 3568 5634 animique
3633 5581 3764 5635 per-

595 5678 809 5754 fjljlxorl.
849 5698 921 5742 tv,
953 5683 987 5734 9.
1009 5699 1126 5754 sqq.

527 5749 571 5781 ¹⁰
607 5747 668 5804 ιν
703 5747 814 5818 Reg
864 5747 1101 5818 “11,21.

1237 5690 1257 5720 ⁸
1279 5685 1565 5754 Exod.vn,
1593 5689 1678 5744 17.
1755 5689 1776 5720 ⁷
1819 5687 1988 5744 Exod.
2033 5705 2148 5756 vm,
2181 5691 2232 5744 6.

2344 5691 2364 5724 ⁸
2404 5690 2575 5745 Exod.
2611 5703 2730 5748 xw,
2771 5685 2841 5738 2U
2895 5695 3016 5753 sqq.
3127 5684 3147 5714 ’
3198 5683 3366 5738 Exod.
3407 5699 3468 5737 ιιι
3495 5722 3509 5748 ,
3547 5681 3584 5735 2
3629 5695 3758 5752 sqq.
