  <div class='ocr_page' id='page_1' title='image "/cluster/home/n/w/nwhite01/storage/ocr_20150623/46/hvd.32044014713994/298.png"; bbox 0 0 3842 6432; ppageno 0'>
   <div class='ocr_carea' id='block_1_1' title="bbox 114 294 225 351">
    <p class='ocr_par' dir='ltr' id='par_1_1' title="bbox 114 294 225 351">
     <span class='ocr_line' id='line_1_1' title="bbox 114 294 225 351; baseline 0 0"><span class='ocrx_word' id='word_1_1' title='bbox 114 294 225 351; x_wconf 84' lang='grc'><strong>585</strong></span> 
     </span>
    </p>
   </div>
   <div class='ocr_carea' id='block_1_2' title="bbox 1328 280 2177 341">
    <p class='ocr_par' dir='ltr' id='par_1_2' title="bbox 1328 280 2177 341">
     <span class='ocr_line' id='line_1_2' title="bbox 1328 280 2177 341; baseline -0.006 0"><span class='ocrx_word' id='word_1_2' title='bbox 1328 286 1395 341; x_wconf 73' lang='grc' dir='ltr'><strong>ΙΝ</strong></span> <span class='ocrx_word' id='word_1_3' title='bbox 1439 282 1832 341; x_wconf 72' lang='lat' dir='ltr'><strong>BAPTISMUM</strong></span> <span class='ocrx_word' id='word_1_4' title='bbox 1881 280 2177 338; x_wconf 74' lang='lat' dir='ltr'><strong>CHRISTI.</strong></span> 
     </span>
    </p>
   </div>
   <div class='ocr_carea' id='block_1_3' title="bbox 3273 275 3379 332">
    <p class='ocr_par' dir='ltr' id='par_1_3' title="bbox 3273 275 3379 332">
     <span class='ocr_line' id='line_1_3' title="bbox 3273 275 3379 332; baseline 0 -2"><span class='ocrx_word' id='word_1_5' title='bbox 3273 275 3379 332; x_wconf 66' lang='grc' dir='ltr'>ϐω</span> 
     </span>
    </p>
   </div>
   <div class='ocr_carea' id='block_1_4' title="bbox 117 395 3379 480">
    <p class='ocr_par' dir='ltr' id='par_1_4' title="bbox 117 395 3379 480">
     <span class='ocr_line' id='line_1_4' title="bbox 117 395 3379 480; baseline -0.004 -17"><span class='ocrx_word' id='word_1_6' title='bbox 117 410 386 480; x_wconf 76' lang='lat' dir='ltr'><strong>plexitate</strong></span> <span class='ocrx_word' id='word_1_7' title='bbox 428 406 499 460; x_wconf 88' lang='lat' dir='ltr'><strong>ob</strong></span> <span class='ocrx_word' id='word_1_8' title='bbox 533 402 909 461; x_wconf 78' lang='lat' dir='ltr'><strong>inscrutab‘ilia</strong></span> <span class='ocrx_word' id='word_1_9' title='bbox 940 407 1202 459; x_wconf 89' lang='lat' dir='ltr'><strong>miracula</strong></span> <span class='ocrx_word' id='word_1_10' title='bbox 1261 406 1501 474; x_wconf 78' lang='lat' dir='ltr'><strong>repletus</strong></span> <span class='ocrx_word' id='word_1_11' title='bbox 1572 409 1739 466; x_wconf 88' lang='lat' dir='ltr'><strong>esset,</strong></span> <span class='ocrx_word' id='word_1_12' title='bbox 1816 400 1952 453; x_wconf 86' lang='lat' dir='ltr'><strong>illud</strong></span> <span class='ocrx_word' id='word_1_13' title='bbox 1994 399 2141 469; x_wconf 84' lang='lat' dir='ltr'><strong>quod</strong></span> <span class='ocrx_word' id='word_1_14' title='bbox 2194 397 2263 452; x_wconf 87' lang='lat' dir='ltr'><strong>ab</strong></span> <span class='ocrx_word' id='word_1_15' title='bbox 2311 397 2565 454; x_wconf 83' lang='lat' dir='ltr'><strong>omnibus</strong></span> <span class='ocrx_word' id='word_1_16' title='bbox 2616 398 2833 450; x_wconf 85' lang='lat' dir='ltr'><strong>canitur</strong></span> <span class='ocrx_word' id='word_1_17' title='bbox 2885 396 3125 451; x_wconf 82' lang='lat' dir='ltr'><strong>notabile</strong></span> <span class='ocrx_word' id='word_1_18' title='bbox 3173 395 3379 452; x_wconf 83' lang='lat' dir='ltr'><strong>dictum</strong></span> 
     </span>
    </p>
   </div>
   <div class='ocr_carea' id='block_1_5' title="bbox 120 490 3377 571">
    <p class='ocr_par' dir='ltr' id='par_1_5' title="bbox 120 490 3377 571">
     <span class='ocr_line' id='line_1_5' title="bbox 120 490 3377 571; baseline -0.004 -17"><span class='ocrx_word' id='word_1_19' title='bbox 120 499 547 571; x_wconf 82' lang='lat' dir='ltr'><strong>pronuntiavit:</strong></span> <span class='ocrx_word' id='word_1_20' title='bbox 589 498 807 564; x_wconf 80' lang='lat' dir='ltr'><strong>Quanta</strong></span> <span class='ocrx_word' id='word_1_21' title='bbox 866 498 1264 569; x_wconf 75' lang='lat' dir='ltr'><strong>magnificentia</strong></span> <span class='ocrx_word' id='word_1_22' title='bbox 1316 498 1547 567; x_wconf 71' lang='lat' dir='ltr'><strong>perfecta</strong></span> <span class='ocrx_word' id='word_1_23' title='bbox 1596 504 1719 548; x_wconf 86' lang='lat' dir='ltr'><strong>sunt</strong></span> <span class='ocrx_word' id='word_1_24' title='bbox 1757 508 1914 561; x_wconf 86' lang='lat' dir='ltr'><strong><em>opera</em></strong></span> <span class='ocrx_word' id='word_1_25' title='bbox 1945 504 2059 556; x_wconf 84' lang='lat' dir='ltr'><strong>tua,</strong></span> <span class='ocrx_word' id='word_1_26' title='bbox 2124 491 2347 545; x_wconf 80' lang='lat' dir='ltr'><strong>Domine</strong></span> <span class='ocrx_word' id='word_1_27' title='bbox 2372 490 2395 547; x_wconf 85' lang='lat'><strong><em>!</em></strong></span> <span class='ocrx_word' id='word_1_28' title='bbox 2422 492 2602 544; x_wconf 83' lang='lat' dir='ltr'><strong>omnia</strong></span> <span class='ocrx_word' id='word_1_29' title='bbox 2646 507 2763 543; x_wconf 82' lang='lat' dir='ltr'><strong>cum</strong></span> <span class='ocrx_word' id='word_1_30' title='bbox 2804 491 3065 559; x_wconf 78' lang='lat' dir='ltr'><strong>sapientia</strong></span> <span class='ocrx_word' id='word_1_31' title='bbox 3102 490 3274 556; x_wconf 76' lang='lat' dir='ltr'><strong>fecisti</strong></span> <span class='ocrx_word' id='word_1_32' title='bbox 3314 491 3377 542; x_wconf 84' lang='grc'><strong>¹¹.</strong></span> 
     </span>
    </p>
   </div>
   <div class='ocr_carea' id='block_1_6' title="bbox 120 585 2565 664">
    <p class='ocr_par' dir='ltr' id='par_1_6' title="bbox 120 585 2565 664">
     <span class='ocr_line' id='line_1_6' title="bbox 120 585 2565 664; baseline -0.003 -16"><span class='ocrx_word' id='word_1_33' title='bbox 120 594 256 648; x_wconf 81' lang='lat' dir='ltr'><strong>Nam</strong></span> <span class='ocrx_word' id='word_1_34' title='bbox 288 594 621 664; x_wconf 82' lang='lat' dir='ltr'><strong>sapientiam</strong></span> <span class='ocrx_word' id='word_1_35' title='bbox 666 594 890 663; x_wconf 84' lang='lat' dir='ltr'><strong>quidem</strong></span> <span class='ocrx_word' id='word_1_36' title='bbox 944 596 1129 648; x_wconf 86' lang='lat' dir='ltr'><strong>animo</strong></span> <span class='ocrx_word' id='word_1_37' title='bbox 1184 593 1457 663; x_wconf 86' lang='lat' dir='ltr'><strong>concepit,</strong></span> <span class='ocrx_word' id='word_1_38' title='bbox 1520 599 1695 645; x_wconf 87' lang='lat' dir='ltr'><strong>artem</strong></span> <span class='ocrx_word' id='word_1_39' title='bbox 1732 604 1864 644; x_wconf 89' lang='lat' dir='ltr'><strong>vero</strong></span> <span class='ocrx_word' id='word_1_40' title='bbox 1894 587 2177 658; x_wconf 67' lang='lat' dir='ltr'><strong>sapientiae</strong></span> <span class='ocrx_word' id='word_1_41' title='bbox 2203 601 2312 641; x_wconf 92' lang='lat' dir='ltr'><strong>non</strong></span> <span class='ocrx_word' id='word_1_42' title='bbox 2338 585 2565 640; x_wconf 83' lang='lat' dir='ltr'><strong>invenit.</strong></span> 
     </span>
    </p>
   </div>
   <div class='ocr_carea' id='block_1_7' title="bbox 188 673 1702 759">
    <p class='ocr_par' dir='ltr' id='par_1_7' title="bbox 188 683 1702 759">
     <span class='ocr_line' id='line_1_7' title="bbox 188 683 1702 759; baseline -0.004 -18"><span class='ocrx_word' id='word_1_43' title='bbox 188 685 604 751; x_wconf 76' lang='grc' dir='ltr'><strong>Καταλιπόντες</strong></span> <span class='ocrx_word' id='word_1_44' title='bbox 628 687 809 740; x_wconf 79' lang='grc' dir='ltr'>τοίνυν</span> <span class='ocrx_word' id='word_1_45' title='bbox 839 687 902 741; x_wconf 83' lang='grc' dir='ltr'>τὸ</span> <span class='ocrx_word' id='word_1_46' title='bbox 931 688 1070 759; x_wconf 79' lang='grc' dir='ltr'>ὑπὲρ</span> <span class='ocrx_word' id='word_1_47' title='bbox 1098 687 1326 757; x_wconf 82' lang='grc' dir='ltr'>δύναμιν</span> <span class='ocrx_word' id='word_1_48' title='bbox 1354 683 1702 756; x_wconf 77' lang='grc' dir='ltr'>ἁνθρωπικὴν</span> 
     </span>
    </p>
   </div>
   <div class='ocr_carea' id='block_1_8' title="bbox 1808 673 3382 759">
    <p class='ocr_par' dir='ltr' id='par_1_8' title="bbox 1878 673 3382 748">
     <span class='ocr_line' id='line_1_8' title="bbox 1878 673 3382 748; baseline -0.004 -12"><span class='ocrx_word' id='word_1_49' title='bbox 1878 680 2204 737; x_wconf 88' lang='lat' dir='ltr'><strong>Omittentes</strong></span> <span class='ocrx_word' id='word_1_50' title='bbox 2258 678 2423 748; x_wconf 85' lang='lat' dir='ltr'><strong>igitur</strong></span> <span class='ocrx_word' id='word_1_51' title='bbox 2483 676 2759 746; x_wconf 76' lang='lat' dir='ltr'><strong>inquirere</strong></span> <span class='ocrx_word' id='word_1_52' title='bbox 2818 687 2982 746; x_wconf 88' lang='lat' dir='ltr'><strong>atque</strong></span> <span class='ocrx_word' id='word_1_53' title='bbox 3020 673 3255 730; x_wconf 89' lang='lat' dir='ltr'><strong>scrutari</strong></span> <span class='ocrx_word' id='word_1_54' title='bbox 3317 687 3382 731; x_wconf 79' lang='lat' dir='ltr'><strong>ea</strong></span> 
     </span>
    </p>
   </div>
   <div class='ocr_carea' id='block_1_9' title="bbox 119 774 1702 849">
    <p class='ocr_par' dir='ltr' id='par_1_9' title="bbox 119 774 1702 849">
     <span class='ocr_line' id='line_1_9' title="bbox 119 774 1702 849; baseline -0.003 -19"><span class='ocrx_word' id='word_1_55' title='bbox 119 777 620 849; x_wconf 75' lang='grc' dir='ltr'><strong>πολυπραγμονεῖν,</strong></span> <span class='ocrx_word' id='word_1_56' title='bbox 666 780 838 831; x_wconf 82' lang='grc' dir='ltr'>ὲκεῖνο</span> <span class='ocrx_word' id='word_1_57' title='bbox 891 778 1092 848; x_wconf 82' lang='grc' dir='ltr'>μᾶλλον</span> <span class='ocrx_word' id='word_1_58' title='bbox 1141 778 1483 848; x_wconf 73' lang='grc' dir='ltr'><strong>ζητήσωμεν,</strong></span> <span class='ocrx_word' id='word_1_59' title='bbox 1532 774 1561 827; x_wconf 88' lang='lat'><strong>6</strong></span> <span class='ocrx_word' id='word_1_60' title='bbox 1609 775 1702 827; x_wconf 80' lang='grc' dir='ltr'>καὶ</span> 
     </span>
    </p>
   </div>
   <div class='ocr_carea' id='block_1_10' title="bbox 121 866 1701 940">
    <p class='ocr_par' dir='ltr' id='par_1_10' title="bbox 121 866 1701 940">
     <span class='ocr_line' id='line_1_10' title="bbox 121 866 1701 940; baseline -0.001 -19"><span class='ocrx_word' id='word_1_61' title='bbox 121 870 362 940; x_wconf 79' lang='grc' dir='ltr'><strong>μερικὴν</strong></span> <span class='ocrx_word' id='word_1_62' title='bbox 378 868 670 937; x_wconf 78' lang='grc' dir='ltr'><strong>ὑποφαίνει</strong></span> <span class='ocrx_word' id='word_1_63' title='bbox 692 868 1017 940; x_wconf 73' lang='grc' dir='ltr'>κατάληψιν·</span> <span class='ocrx_word' id='word_1_64' title='bbox 1038 869 1195 932; x_wconf 86' lang='grc' dir='ltr'>Τίνος</span> <span class='ocrx_word' id='word_1_65' title='bbox 1213 868 1398 922; x_wconf 73' lang='grc' dir='ltr'>ἕνεκεν</span> <span class='ocrx_word' id='word_1_66' title='bbox 1418 867 1485 921; x_wconf 84' lang='grc' dir='ltr'><strong>δι’</strong></span> <span class='ocrx_word' id='word_1_67' title='bbox 1508 866 1701 929; x_wconf 75' lang='grc' dir='ltr'>ὓδατος</span> 
     </span>
    </p>
   </div>
   <div class='ocr_carea' id='block_1_11' title="bbox 113 960 1702 1032">
    <p class='ocr_par' dir='ltr' id='par_1_11' title="bbox 113 960 1702 1032">
     <span class='ocr_line' id='line_1_11' title="bbox 113 960 1702 1032; baseline -0.001 -19"><span class='ocrx_word' id='word_1_68' title='bbox 113 964 147 1031; x_wconf 71' lang='grc' dir='ltr'>ἡ</span> <span class='ocrx_word' id='word_1_69' title='bbox 177 960 493 1032; x_wconf 77' lang='grc' dir='ltr'>κάθαρσιςς</span> <span class='ocrx_word' id='word_1_70' title='bbox 536 962 631 1014; x_wconf 68' lang='grc' dir='ltr'><strong>καὶ¹</strong></span> <span class='ocrx_word' id='word_1_71' title='bbox 674 962 807 1031; x_wconf 85' lang='grc' dir='ltr'>πρὸς</span> <span class='ocrx_word' id='word_1_72' title='bbox 854 961 1012 1015; x_wconf 89' lang='grc' dir='ltr'>ποίαν</span> <span class='ocrx_word' id='word_1_73' title='bbox 1040 960 1229 1031; x_wconf 87' lang='grc' dir='ltr'>χρείαν</span> <span class='ocrx_word' id='word_1_74' title='bbox 1266 960 1322 1014; x_wconf 80' lang='grc' dir='ltr'>αἱ</span> <span class='ocrx_word' id='word_1_75' title='bbox 1352 961 1501 1031; x_wconf 83' lang='grc' dir='ltr'>τρεῖς</span> <span class='ocrx_word' id='word_1_76' title='bbox 1533 976 1702 1013; x_wconf 86' lang='grc' dir='ltr'>κατα-</span> 
     </span>
    </p>
   </div>
   <div class='ocr_carea' id='block_1_12' title="bbox 114 1050 1702 1124">
    <p class='ocr_par' dir='ltr' id='par_1_12' title="bbox 114 1050 1702 1124">
     <span class='ocr_line' id='line_1_12' title="bbox 114 1050 1702 1124; baseline -0.001 -19"><span class='ocrx_word' id='word_1_77' title='bbox 114 1053 298 1115; x_wconf 81' lang='grc' dir='ltr'>δύσεις</span> <span class='ocrx_word' id='word_1_78' title='bbox 344 1051 900 1124; x_wconf 74' lang='grc' dir='ltr'>παραλαμϐάνονταις</span> <span class='ocrx_word' id='word_1_79' title='bbox 944 1053 1010 1106; x_wconf 88' lang='grc' dir='ltr'><strong>Ὃ</strong></span> <span class='ocrx_word' id='word_1_80' title='bbox 1038 1050 1217 1105; x_wconf 80' lang='grc' dir='ltr'>τοίνυν</span> <span class='ocrx_word' id='word_1_81' title='bbox 1258 1052 1353 1105; x_wconf 76' lang='grc' dir='ltr'><strong>καὶ</strong></span> <span class='ocrx_word' id='word_1_82' title='bbox 1376 1052 1425 1104; x_wconf 85' lang='grc' dir='ltr'><strong>οί</strong></span> <span class='ocrx_word' id='word_1_83' title='bbox 1460 1050 1702 1122; x_wconf 80' lang='grc' dir='ltr'>Πατέρες</span> 
     </span>
    </p>
   </div>
   <div class='ocr_carea' id='block_1_13' title="bbox 119 1139 1711 1213">
    <p class='ocr_par' dir='ltr' id='par_1_13' title="bbox 119 1139 1711 1213">
     <span class='ocr_line' id='line_1_13' title="bbox 119 1139 1711 1213; baseline 0.001 -20"><span class='ocrx_word' id='word_1_84' title='bbox 119 1140 388 1205; x_wconf 69' lang='grc' dir='ltr'>ἐδίδαξαν,</span> <span class='ocrx_word' id='word_1_85' title='bbox 415 1141 513 1195; x_wconf 76' lang='grc' dir='ltr'>καὶ</span> <span class='ocrx_word' id='word_1_86' title='bbox 547 1143 577 1194; x_wconf 98' lang='lat'><strong>6</strong></span> <span class='ocrx_word' id='word_1_87' title='bbox 608 1140 876 1213; x_wconf 64' lang='grc' dir='ltr'><strong>⁴ίιμέτερος</strong></span> <span class='ocrx_word' id='word_1_88' title='bbox 907 1139 1032 1205; x_wconf 83' lang='grc' dir='ltr'>νοῦς</span> <span class='ocrx_word' id='word_1_89' title='bbox 1064 1140 1442 1210; x_wconf 81' lang='grc' dir='ltr'><strong>συντιθέμενος</strong></span> <span class='ocrx_word' id='word_1_90' title='bbox 1478 1139 1711 1195; x_wconf 81' lang='grc' dir='ltr'>κατεδέ-’</span> 
     </span>
    </p>
   </div>
   <div class='ocr_carea' id='block_1_14' title="bbox 118 1232 1699 1306">
    <p class='ocr_par' dir='ltr' id='par_1_14' title="bbox 118 1232 1699 1306">
     <span class='ocr_line' id='line_1_14' title="bbox 118 1232 1699 1306; baseline 0.001 -22"><span class='ocrx_word' id='word_1_91' title='bbox 118 1232 267 1295; x_wconf 76' lang='grc' dir='ltr'>ξατο,</span> <span class='ocrx_word' id='word_1_92' title='bbox 299 1232 466 1285; x_wconf 88' lang='grc' dir='ltr'>τοῦτο</span> <span class='ocrx_word' id='word_1_93' title='bbox 492 1234 770 1302; x_wconf 75' lang='grc' dir='ltr'>τυγχάνειο</span> <span class='ocrx_word' id='word_1_94' title='bbox 802 1232 1056 1305; x_wconf 85' lang='grc' dir='ltr'><strong>Τέσσαρα</strong></span> <span class='ocrx_word' id='word_1_95' title='bbox 1078 1234 1315 1303; x_wconf 89' lang='grc' dir='ltr'>στοιχεῖα</span> <span class='ocrx_word' id='word_1_96' title='bbox 1341 1232 1699 1306; x_wconf 78' lang='grc' dir='ltr'>γνωρίζομεν,</span> 
     </span>
    </p>
   </div>
   <div class='ocr_carea' id='block_1_15' title="bbox 117 1316 1697 1397">
    <p class='ocr_par' dir='ltr' id='par_1_15' title="bbox 117 1316 1697 1397">
     <span class='ocr_line' id='line_1_15' title="bbox 117 1316 1697 1397; baseline 0 -20"><span class='ocrx_word' id='word_1_97' title='bbox 117 1325 206 1393; x_wconf 50' lang='grc' dir='ltr'><strong>ἀρ’</strong></span> <span class='ocrx_word' id='word_1_98' title='bbox 240 1316 322 1376; x_wconf 78' lang='grc' dir='ltr'>ὧν</span> <span class='ocrx_word' id='word_1_99' title='bbox 360 1324 390 1375; x_wconf 88' lang='lat'><strong>6</strong></span> <span class='ocrx_word' id='word_1_100' title='bbox 436 1324 640 1394; x_wconf 83' lang='grc' dir='ltr'>κόσμος</span> <span class='ocrx_word' id='word_1_101' title='bbox 674 1323 787 1393; x_wconf 76' lang='grc' dir='ltr'>ἔχει</span> <span class='ocrx_word' id='word_1_102' title='bbox 812 1323 911 1395; x_wconf 83' lang='grc' dir='ltr'>τὴν</span> <span class='ocrx_word' id='word_1_103' title='bbox 938 1323 1217 1390; x_wconf 83' lang='grc' dir='ltr'>σύστασιν,</span> <span class='ocrx_word' id='word_1_104' title='bbox 1246 1323 1499 1397; x_wconf 83' lang='grc' dir='ltr'>γνώριμα</span> <span class='ocrx_word' id='word_1_105' title='bbox 1543 1327 1697 1389; x_wconf 81' lang='grc' dir='ltr'>πᾶσι,</span> 
     </span>
    </p>
   </div>
   <div class='ocr_carea' id='block_1_16' title="bbox 119 1415 1701 1487">
    <p class='ocr_par' dir='ltr' id='par_1_16' title="bbox 119 1415 1701 1487">
     <span class='ocr_line' id='line_1_16' title="bbox 119 1415 1701 1487; baseline 0.004 -22"><span class='ocrx_word' id='word_1_106' title='bbox 119 1415 220 1471; x_wconf 70' lang='grc' dir='ltr'>κᾶν</span> <span class='ocrx_word' id='word_1_107' title='bbox 248 1416 509 1486; x_wconf 79' lang='grc' dir='ltr'>σιωπηθῇ</span> <span class='ocrx_word' id='word_1_108' title='bbox 552 1415 623 1469; x_wconf 82' lang='grc' dir='ltr'>τὰ</span> <span class='ocrx_word' id='word_1_109' title='bbox 662 1416 923 1485; x_wconf 85' lang='grc' dir='ltr'>ὀνόματα.</span> <span class='ocrx_word' id='word_1_110' title='bbox 959 1416 1023 1469; x_wconf 75' lang='lat' dir='ltr'><strong>Et</strong></span> <span class='ocrx_word' id='word_1_111' title='bbox 1071 1416 1127 1469; x_wconf 86' lang='grc' dir='ltr'>δὲ</span> <span class='ocrx_word' id='word_1_112' title='bbox 1156 1417 1403 1487; x_wconf 84' lang='grc' dir='ltr'>προσῆκε</span> <span class='ocrx_word' id='word_1_113' title='bbox 1422 1457 1437 1482; x_wconf 95' lang='grc'><strong>,</strong></span> <span class='ocrx_word' id='word_1_114' title='bbox 1464 1417 1555 1471; x_wconf 81' lang='grc' dir='ltr'><strong>διὰ</strong></span> <span class='ocrx_word' id='word_1_115' title='bbox 1574 1420 1701 1481; x_wconf 82' lang='grc' dir='ltr'>τοὺς</span> 
     </span>
    </p>
   </div>
   <div class='ocr_carea' id='block_1_17' title="bbox 118 1505 1703 1581">
    <p class='ocr_par' dir='ltr' id='par_1_17' title="bbox 118 1505 1703 1581">
     <span class='ocr_line' id='line_1_17' title="bbox 118 1505 1703 1581; baseline 0.001 -19"><span class='ocrx_word' id='word_1_116' title='bbox 118 1505 548 1577; x_wconf 78' lang='grc' dir='ltr'>ἁπλουστέρους,</span> <span class='ocrx_word' id='word_1_117' title='bbox 581 1506 678 1561; x_wconf 74' lang='grc' dir='ltr'>καὶ</span> <span class='ocrx_word' id='word_1_118' title='bbox 703 1507 802 1570; x_wconf 83' lang='grc' dir='ltr'>τὰς</span> <span class='ocrx_word' id='word_1_119' title='bbox 830 1508 1200 1580; x_wconf 84' lang='grc' dir='ltr'>προσηγορίας</span> <span class='ocrx_word' id='word_1_120' title='bbox 1238 1511 1432 1562; x_wconf 87' lang='grc' dir='ltr'>εἰπεῖν·</span> <span class='ocrx_word' id='word_1_121' title='bbox 1463 1510 1577 1581; x_wconf 87' lang='grc' dir='ltr'><strong>πῦρ</strong></span> <span class='ocrx_word' id='word_1_122' title='bbox 1608 1512 1703 1563; x_wconf 76' lang='grc' dir='ltr'>καὶ</span> 
     </span>
    </p>
   </div>
   <div class='ocr_carea' id='block_1_18' title="bbox 119 1597 1698 1673">
    <p class='ocr_par' dir='ltr' id='par_1_18' title="bbox 119 1597 1698 1673">
     <span class='ocr_line' id='line_1_18' title="bbox 119 1597 1698 1673; baseline 0.003 -23"><span class='ocrx_word' id='word_1_123' title='bbox 119 1598 245 1667; x_wconf 78' lang='grc' dir='ltr'>ἀὴρ,</span> <span class='ocrx_word' id='word_1_124' title='bbox 279 1597 354 1667; x_wconf 81' lang='grc' dir='ltr'>γῆ</span> <span class='ocrx_word' id='word_1_125' title='bbox 383 1598 479 1650; x_wconf 76' lang='grc' dir='ltr'><strong>καὶ</strong></span> <span class='ocrx_word' id='word_1_126' title='bbox 510 1597 673 1667; x_wconf 71' lang='grc' dir='ltr'>ὕδωρ.</span> <span class='ocrx_word' id='word_1_127' title='bbox 709 1597 767 1650; x_wconf 91' lang='lat'><strong>&#39;0</strong></span> <span class='ocrx_word' id='word_1_128' title='bbox 795 1598 973 1651; x_wconf 88' lang='grc' dir='ltr'>τοίνυν</span> <span class='ocrx_word' id='word_1_129' title='bbox 1001 1598 1132 1662; x_wconf 79' lang='grc' dir='ltr'>θεὸς</span> <span class='ocrx_word' id='word_1_130' title='bbox 1160 1599 1318 1670; x_wconf 79' lang='grc' dir='ltr'>ἡμῶν</span> <span class='ocrx_word' id='word_1_131' title='bbox 1351 1601 1443 1653; x_wconf 72' lang='grc' dir='ltr'>καὶ</span> <span class='ocrx_word' id='word_1_132' title='bbox 1470 1600 1661 1673; x_wconf 77' lang='grc' dir='ltr'>Σωτὴρ</span> <span class='ocrx_word' id='word_1_133' title='bbox 1683 1643 1698 1666; x_wconf 93' lang='grc'><strong>,</strong></span> 
     </span>
    </p>
   </div>
   <div class='ocr_carea' id='block_1_19' title="bbox 118 1688 1702 1763">
    <p class='ocr_par' dir='ltr' id='par_1_19' title="bbox 118 1688 1702 1763">
     <span class='ocr_line' id='line_1_19' title="bbox 118 1688 1702 1763; baseline 0.003 -20"><span class='ocrx_word' id='word_1_134' title='bbox 118 1690 213 1757; x_wconf 74' lang='grc' dir='ltr'>τὴν</span> <span class='ocrx_word' id='word_1_135' title='bbox 248 1689 397 1759; x_wconf 81' lang='grc' dir='ltr'>ὑπὲρ</span> <span class='ocrx_word' id='word_1_136' title='bbox 418 1688 576 1759; x_wconf 77' lang='grc' dir='ltr'>ἡμῶν</span> <span class='ocrx_word' id='word_1_137' title='bbox 601 1689 912 1759; x_wconf 79' lang='grc' dir='ltr'>οἰκονομίαν</span> <span class='ocrx_word' id='word_1_138' title='bbox 939 1689 1182 1760; x_wconf 81' lang='grc' dir='ltr'>πληρῶν,</span> <span class='ocrx_word' id='word_1_139' title='bbox 1212 1691 1272 1744; x_wconf 87' lang='grc' dir='ltr'>τὸ</span> <span class='ocrx_word' id='word_1_140' title='bbox 1300 1692 1559 1763; x_wconf 77' lang='grc' dir='ltr'>τέταρτον</span> <span class='ocrx_word' id='word_1_141' title='bbox 1585 1693 1702 1747; x_wconf 81' lang='grc' dir='ltr'><strong>τοὺ-</strong></span> 
     </span>
    </p>
   </div>
   <div class='ocr_carea' id='block_1_20' title="bbox 114 1778 1699 1859">
    <p class='ocr_par' dir='ltr' id='par_1_20' title="bbox 114 1778 1699 1859">
     <span class='ocr_line' id='line_1_20' title="bbox 114 1778 1699 1859; baseline 0.004 -27"><span class='ocrx_word' id='word_1_142' title='bbox 114 1797 223 1832; x_wconf 88' lang='grc' dir='ltr'>των</span> <span class='ocrx_word' id='word_1_143' title='bbox 254 1778 467 1849; x_wconf 82' lang='grc' dir='ltr'>ὑπῆλθε</span> <span class='ocrx_word' id='word_1_144' title='bbox 499 1780 599 1849; x_wconf 78' lang='grc' dir='ltr'>τὴν</span> <span class='ocrx_word' id='word_1_145' title='bbox 634 1781 759 1849; x_wconf 81' lang='grc' dir='ltr'>γῆν,</span> <span class='ocrx_word' id='word_1_146' title='bbox 794 1781 859 1833; x_wconf 85' lang='grc' dir='ltr'><strong>ἶν’</strong></span> <span class='ocrx_word' id='word_1_147' title='bbox 893 1782 1100 1836; x_wconf 74' lang='grc' dir='ltr'>ἐκεῖθεν</span> <span class='ocrx_word' id='word_1_148' title='bbox 1128 1782 1225 1853; x_wconf 87' lang='grc' dir='ltr'>τὴν</span> <span class='ocrx_word' id='word_1_149' title='bbox 1256 1782 1399 1859; x_wconf 73' lang='grc' dir='ltr'><strong>ζωὴν</strong></span> <span class='ocrx_word' id='word_1_150' title='bbox 1426 1784 1699 1859; x_wconf 84' lang='grc' dir='ltr'>ἀνατείλῃ.</span> 
     </span>
    </p>
   </div>
   <div class='ocr_carea' id='block_1_21' title="bbox 130 1856 1702 1949">
    <p class='ocr_par' dir='ltr' id='par_1_21' title="bbox 130 1856 1702 1949">
     <span class='ocr_line' id='line_1_21' title="bbox 130 1856 1702 1949; baseline 0.004 -27"><span class='ocrx_word' id='word_1_151' title='bbox 130 1869 326 1940; x_wconf 80' lang='grc' dir='ltr'>Ἡμεῖς</span> <span class='ocrx_word' id='word_1_152' title='bbox 350 1869 409 1923; x_wconf 86' lang='grc' dir='ltr'>δὲ</span> <span class='ocrx_word' id='word_1_153' title='bbox 447 1869 507 1922; x_wconf 84' lang='grc' dir='ltr'>τὸ</span> <span class='ocrx_word' id='word_1_154' title='bbox 534 1868 815 1941; x_wconf 82' lang='grc' dir='ltr'>βάπτισμα</span> <span class='ocrx_word' id='word_1_155' title='bbox 849 1856 1386 1944; x_wconf 70' lang='grc' dir='ltr'>παραλαμϐάνοντες,</span> <span class='ocrx_word' id='word_1_156' title='bbox 1421 1877 1500 1939; x_wconf 89' lang='grc' dir='ltr'><strong>είς</strong></span> <span class='ocrx_word' id='word_1_157' title='bbox 1530 1856 1702 1949; x_wconf 79' lang='grc' dir='ltr'>μίμη-</span> 
     </span>
    </p>
   </div>
   <div class='ocr_carea' id='block_1_22' title="bbox 120 1962 1699 2040">
    <p class='ocr_par' dir='ltr' id='par_1_22' title="bbox 120 1962 1699 2040">
     <span class='ocr_line' id='line_1_22' title="bbox 120 1962 1699 2040; baseline 0.003 -24"><span class='ocrx_word' id='word_1_158' title='bbox 120 1980 202 2016; x_wconf 74' lang='grc' dir='ltr'><strong>σιν</strong></span> <span class='ocrx_word' id='word_1_159' title='bbox 225 1962 325 2017; x_wconf 77' lang='grc' dir='ltr'><strong>τοῦ</strong></span> <span class='ocrx_word' id='word_1_160' title='bbox 343 1962 546 2033; x_wconf 82' lang='grc' dir='ltr'>Κυρίου</span> <span class='ocrx_word' id='word_1_161' title='bbox 566 1963 659 2015; x_wconf 74' lang='grc' dir='ltr'><strong>καὶ</strong></span> <span class='ocrx_word' id='word_1_162' title='bbox 675 1963 995 2018; x_wconf 77' lang='grc' dir='ltr'>διδασκάλου</span> <span class='ocrx_word' id='word_1_163' title='bbox 1018 1966 1111 2019; x_wconf 75' lang='grc' dir='ltr'>καὶ</span> <span class='ocrx_word' id='word_1_164' title='bbox 1130 1967 1502 2038; x_wconf 80' lang='grc' dir='ltr'>καθηγεμόνος</span> <span class='ocrx_word' id='word_1_165' title='bbox 1522 1970 1699 2040; x_wconf 82' lang='grc' dir='ltr'>ἡμῶν,</span> 
     </span>
    </p>
   </div>
   <div class='ocr_carea' id='block_1_23' title="bbox 116 2053 1702 2129">
    <p class='ocr_par' dir='ltr' id='par_1_23' title="bbox 116 2053 1702 2129">
     <span class='ocr_line' id='line_1_23' title="bbox 116 2053 1702 2129; baseline 0.005 -23"><span class='ocrx_word' id='word_1_166' title='bbox 116 2056 196 2118; x_wconf 72' lang='grc' dir='ltr'>εἰς</span> <span class='ocrx_word' id='word_1_167' title='bbox 214 2053 327 2123; x_wconf 74' lang='grc' dir='ltr'>γῆν</span> <span class='ocrx_word' id='word_1_168' title='bbox 355 2053 455 2123; x_wconf 74' lang='grc' dir='ltr'>μὶν</span> <span class='ocrx_word' id='word_1_169' title='bbox 473 2054 535 2106; x_wconf 85' lang='grc' dir='ltr'>οὐ</span> <span class='ocrx_word' id='word_1_170' title='bbox 565 2053 881 2126; x_wconf 85' lang='grc' dir='ltr'>θαπτόμεθα</span> <span class='ocrx_word' id='word_1_171' title='bbox 899 2056 917 2127; x_wconf 91' lang='grc'>(</span> <span class='ocrx_word' id='word_1_172' title='bbox 936 2054 1072 2126; x_wconf 80' lang='grc' dir='ltr'>αὕτη</span> <span class='ocrx_word' id='word_1_173' title='bbox 1096 2057 1203 2127; x_wconf 85' lang='grc' dir='ltr'><strong>γὰρ</strong></span> <span class='ocrx_word' id='word_1_174' title='bbox 1222 2055 1317 2111; x_wconf 86' lang='grc' dir='ltr'><strong>τοῦ</strong></span> <span class='ocrx_word' id='word_1_175' title='bbox 1343 2060 1702 2129; x_wconf 84' lang='grc' dir='ltr'>νεκρωθέντος</span> 
     </span>
    </p>
   </div>
   <div class='ocr_carea' id='block_1_24' title="bbox 118 2145 1703 2221">
    <p class='ocr_par' dir='ltr' id='par_1_24' title="bbox 118 2145 1703 2221">
     <span class='ocr_line' id='line_1_24' title="bbox 118 2145 1703 2221; baseline 0.004 -23"><span class='ocrx_word' id='word_1_176' title='bbox 118 2145 404 2209; x_wconf 81' lang='grc' dir='ltr'>παντελῶς</span> <span class='ocrx_word' id='word_1_177' title='bbox 433 2146 683 2217; x_wconf 81' lang='grc' dir='ltr'>σώματος</span> <span class='ocrx_word' id='word_1_178' title='bbox 704 2147 911 2216; x_wconf 89' lang='grc' dir='ltr'>γίνεται</span> <span class='ocrx_word' id='word_1_179' title='bbox 938 2149 1136 2220; x_wconf 81' lang='grc' dir='ltr'>σκέπη,</span> <span class='ocrx_word' id='word_1_180' title='bbox 1164 2149 1263 2221; x_wconf 80' lang='grc' dir='ltr'>τὴν</span> <span class='ocrx_word' id='word_1_181' title='bbox 1294 2150 1577 2206; x_wconf 85' lang='grc' dir='ltr'>ἀσθένειαν</span> <span class='ocrx_word' id='word_1_182' title='bbox 1612 2155 1703 2207; x_wconf 73' lang='grc' dir='ltr'>καὶ</span> 
     </span>
    </p>
   </div>
   <div class='ocr_carea' id='block_1_25' title="bbox 122 2237 1703 2312">
    <p class='ocr_par' dir='ltr' id='par_1_25' title="bbox 122 2237 1703 2312">
     <span class='ocr_line' id='line_1_25' title="bbox 122 2237 1703 2312; baseline 0.004 -22"><span class='ocrx_word' id='word_1_183' title='bbox 122 2237 328 2309; x_wconf 64' lang='grc' dir='ltr'>φθορὰν</span> <span class='ocrx_word' id='word_1_184' title='bbox 354 2240 453 2309; x_wconf 79' lang='grc' dir='ltr'>τῆς</span> <span class='ocrx_word' id='word_1_185' title='bbox 492 2238 705 2307; x_wconf 82' lang='grc' dir='ltr'>φύσεως</span> <span class='ocrx_word' id='word_1_186' title='bbox 732 2240 887 2311; x_wconf 77' lang='grc' dir='ltr'>ἡμῶν</span> <span class='ocrx_word' id='word_1_187' title='bbox 913 2240 1365 2312; x_wconf 74' lang='grc' dir='ltr'>περιστέλλουσα)</span> <span class='ocrx_word' id='word_1_188' title='bbox 1392 2280 1408 2308; x_wconf 92' lang='grc'><strong>,</strong></span> <span class='ocrx_word' id='word_1_189' title='bbox 1440 2243 1531 2296; x_wconf 75' lang='grc' dir='ltr'><strong>ἐπὶ</strong></span> <span class='ocrx_word' id='word_1_190' title='bbox 1557 2242 1615 2297; x_wconf 82' lang='grc' dir='ltr'>δὲ</span> <span class='ocrx_word' id='word_1_191' title='bbox 1642 2243 1703 2296; x_wconf 85' lang='grc' dir='ltr'>τὸ</span> 
     </span>
    </p>
   </div>
   <div class='ocr_carea' id='block_1_26' title="bbox 120 2330 1703 2405">
    <p class='ocr_par' dir='ltr' id='par_1_26' title="bbox 120 2330 1703 2405">
     <span class='ocr_line' id='line_1_26' title="bbox 120 2330 1703 2405; baseline 0.002 -23"><span class='ocrx_word' id='word_1_192' title='bbox 120 2330 386 2397; x_wconf 84' lang='grc' dir='ltr'>συγγενὲς</span> <span class='ocrx_word' id='word_1_193' title='bbox 401 2332 501 2400; x_wconf 76' lang='grc' dir='ltr'>τῆς</span> <span class='ocrx_word' id='word_1_194' title='bbox 518 2331 620 2402; x_wconf 83' lang='grc' dir='ltr'>γῆς</span> <span class='ocrx_word' id='word_1_195' title='bbox 643 2334 991 2402; x_wconf 74' lang='grc' dir='ltr'>στοιχεῖον,τὺ</span> <span class='ocrx_word' id='word_1_196' title='bbox 1016 2332 1492 2404; x_wconf 79' lang='grc' dir='ltr'>ὖδωρ,ὲρχόμενοι,</span> <span class='ocrx_word' id='word_1_197' title='bbox 1512 2335 1703 2405; x_wconf 78' lang='grc' dir='ltr'>ἐκείνῳ</span> 
     </span>
    </p>
   </div>
   <div class='ocr_carea' id='block_1_27' title="bbox 120 2421 1703 2499">
    <p class='ocr_par' dir='ltr' id='par_1_27' title="bbox 120 2421 1703 2499">
     <span class='ocr_line' id='line_1_27' title="bbox 120 2421 1703 2499; baseline 0.004 -26"><span class='ocrx_word' id='word_1_198' title='bbox 120 2421 351 2483; x_wconf 80' lang='grc' dir='ltr'>ἑαυτοὺς</span> <span class='ocrx_word' id='word_1_199' title='bbox 380 2421 781 2492; x_wconf 81' lang='grc' dir='ltr'>ὲγκρύπτομεν,</span> <span class='ocrx_word' id='word_1_200' title='bbox 816 2422 892 2487; x_wconf 81' lang='grc' dir='ltr'><strong>ὡς</strong></span> <span class='ocrx_word' id='word_1_201' title='bbox 912 2426 940 2477; x_wconf 90' lang='lat'><strong>6</strong></span> <span class='ocrx_word' id='word_1_202' title='bbox 962 2425 1153 2495; x_wconf 81' lang='grc' dir='ltr'>Σωτὴρ</span> <span class='ocrx_word' id='word_1_203' title='bbox 1175 2428 1242 2499; x_wconf 80' lang='grc' dir='ltr'>τῇ</span> <span class='ocrx_word' id='word_1_204' title='bbox 1265 2429 1335 2497; x_wconf 84' lang='grc' dir='ltr'>γῇ</span> <span class='ocrx_word' id='word_1_205' title='bbox 1355 2443 1368 2456; x_wconf 81' lang='grc'><em>’</em></span> <span class='ocrx_word' id='word_1_206' title='bbox 1403 2426 1498 2480; x_wconf 78' lang='grc' dir='ltr'>καὶ</span> <span class='ocrx_word' id='word_1_207' title='bbox 1519 2426 1703 2497; x_wconf 87' lang='grc' dir='ltr'>τρίτον</span> 
     </span>
    </p>
   </div>
   <div class='ocr_carea' id='block_1_28' title="bbox 120 2512 1704 2588">
    <p class='ocr_par' dir='ltr' id='par_1_28' title="bbox 120 2512 1704 2588">
     <span class='ocr_line' id='line_1_28' title="bbox 120 2512 1704 2588; baseline 0.004 -21"><span class='ocrx_word' id='word_1_208' title='bbox 120 2514 280 2567; x_wconf 81' lang='grc' dir='ltr'>τοῦτο</span> <span class='ocrx_word' id='word_1_209' title='bbox 315 2513 674 2584; x_wconf 83' lang='grc' dir='ltr'>ποιήσαντες,</span> <span class='ocrx_word' id='word_1_210' title='bbox 728 2512 827 2584; x_wconf 77' lang='grc' dir='ltr'>τὴν</span> <span class='ocrx_word' id='word_1_211' title='bbox 856 2516 1156 2587; x_wconf 83' lang='grc' dir='ltr'>τριήμερον</span> <span class='ocrx_word' id='word_1_212' title='bbox 1189 2517 1398 2580; x_wconf 80' lang='grc' dir='ltr'>ἑαυτοῖς</span> <span class='ocrx_word' id='word_1_213' title='bbox 1431 2518 1529 2588; x_wconf 83' lang='grc' dir='ltr'>τῆς</span> <span class='ocrx_word' id='word_1_214' title='bbox 1574 2520 1704 2573; x_wconf 82' lang='grc' dir='ltr'>ἀνα·</span> 
     </span>
    </p>
   </div>
   <div class='ocr_carea' id='block_1_29' title="bbox 122 2604 1700 2678">
    <p class='ocr_par' dir='ltr' id='par_1_29' title="bbox 122 2604 1700 2678">
     <span class='ocr_line' id='line_1_29' title="bbox 122 2604 1700 2678; baseline 0.003 -21"><span class='ocrx_word' id='word_1_215' title='bbox 122 2606 369 2669; x_wconf 82' lang='grc' dir='ltr'>στάσεως</span> <span class='ocrx_word' id='word_1_216' title='bbox 396 2605 557 2677; x_wconf 82' lang='grc' dir='ltr'>χάριν</span> <span class='ocrx_word' id='word_1_217' title='bbox 582 2604 998 2676; x_wconf 77' lang='grc' dir='ltr'>ὲξεικονίζομεν·</span> <span class='ocrx_word' id='word_1_218' title='bbox 1034 2607 1129 2660; x_wconf 79' lang='grc' dir='ltr'>καὶ</span> <span class='ocrx_word' id='word_1_219' title='bbox 1153 2606 1328 2661; x_wconf 87' lang='grc' dir='ltr'>ταῦτα</span> <span class='ocrx_word' id='word_1_220' title='bbox 1356 2609 1617 2678; x_wconf 80' lang='grc' dir='ltr'>ποιοῦμεν</span> <span class='ocrx_word' id='word_1_221' title='bbox 1642 2608 1700 2661; x_wconf 85' lang='grc' dir='ltr'>οὑ</span> 
     </span>
    </p>
   </div>
   <div class='ocr_carea' id='block_1_30' title="bbox 124 2695 1705 2769">
    <p class='ocr_par' dir='ltr' id='par_1_30' title="bbox 124 2695 1705 2769">
     <span class='ocr_line' id='line_1_30' title="bbox 124 2695 1705 2769; baseline 0.002 -20"><span class='ocrx_word' id='word_1_222' title='bbox 124 2699 308 2767; x_wconf 84' lang='grc' dir='ltr'>σιωπῇ</span> <span class='ocrx_word' id='word_1_223' title='bbox 356 2695 878 2767; x_wconf 85' lang='grc' dir='ltr'>παραλαμϐάνοντες</span> <span class='ocrx_word' id='word_1_224' title='bbox 927 2696 989 2750; x_wconf 85' lang='grc' dir='ltr'>τὸ</span> <span class='ocrx_word' id='word_1_225' title='bbox 1041 2698 1362 2769; x_wconf 78' lang='grc' dir='ltr'>μυστήριον,</span> <span class='ocrx_word' id='word_1_226' title='bbox 1407 2699 1544 2752; x_wconf 81' lang='grc' dir='ltr'>ἀλλὰ</span> <span class='ocrx_word' id='word_1_227' title='bbox 1593 2699 1705 2752; x_wconf 88' lang='grc' dir='ltr'><strong>τῶν</strong></span> 
     </span>
    </p>
   </div>
   <div class='ocr_carea' id='block_1_31' title="bbox 120 2791 1705 2864">
    <p class='ocr_par' dir='ltr' id='par_1_31' title="bbox 120 2791 1705 2864">
     <span class='ocr_line' id='line_1_31' title="bbox 120 2791 1705 2864; baseline 0.002 -20"><span class='ocrx_word' id='word_1_228' title='bbox 120 2792 294 2862; x_wconf 81' lang='grc' dir='ltr'>τριῶν</span> <span class='ocrx_word' id='word_1_229' title='bbox 320 2792 493 2859; x_wconf 85' lang='grc' dir='ltr'>ἁγίων</span> <span class='ocrx_word' id='word_1_230' title='bbox 537 2791 888 2846; x_wconf 79' lang='grc' dir='ltr'>ὑποστάσεων</span> <span class='ocrx_word' id='word_1_231' title='bbox 917 2791 1317 2863; x_wconf 82' lang='grc' dir='ltr'>ἐπιλεγομένων</span> <span class='ocrx_word' id='word_1_232' title='bbox 1348 2796 1500 2864; x_wconf 82' lang='grc' dir='ltr'>ἡμῖν,</span> <span class='ocrx_word' id='word_1_233' title='bbox 1533 2795 1612 2857; x_wconf 82' lang='grc' dir='ltr'><strong>είς</strong></span> <span class='ocrx_word' id='word_1_234' title='bbox 1638 2793 1705 2857; x_wconf 75' lang='grc' dir='ltr'>ἃς</span> 
     </span>
    </p>
   </div>
   <div class='ocr_carea' id='block_1_32' title="bbox 122 2880 1704 2958">
    <p class='ocr_par' dir='ltr' id='par_1_32' title="bbox 122 2880 1704 2958">
     <span class='ocr_line' id='line_1_32' title="bbox 122 2880 1704 2958; baseline 0.004 -23"><span class='ocrx_word' id='word_1_235' title='bbox 122 2883 552 2954; x_wconf 78' lang='grc' dir='ltr'>ἐπιστεύσαμεν,</span> <span class='ocrx_word' id='word_1_236' title='bbox 600 2884 687 2953; x_wconf 82' lang='grc' dir='ltr'><strong>ἐφ’</strong></span> <span class='ocrx_word' id='word_1_237' title='bbox 731 2880 817 2948; x_wconf 75' lang='grc' dir='ltr'>αἷς</span> <span class='ocrx_word' id='word_1_238' title='bbox 863 2887 953 2938; x_wconf 77' lang='grc' dir='ltr'>καὶ</span> <span class='ocrx_word' id='word_1_239' title='bbox 999 2886 1312 2957; x_wconf 80' lang='grc' dir='ltr'>ἐλπίζομεν,</span> <span class='ocrx_word' id='word_1_240' title='bbox 1364 2887 1421 2953; x_wconf 77' lang='grc' dir='ltr'>ἐξ</span> <span class='ocrx_word' id='word_1_241' title='bbox 1464 2881 1538 2942; x_wconf 82' lang='grc' dir='ltr'><strong>ὧν</strong></span> <span class='ocrx_word' id='word_1_242' title='bbox 1573 2889 1704 2958; x_wconf 80' lang='grc' dir='ltr'>ἡμῖν</span> 
     </span>
    </p>
   </div>
   <div class='ocr_carea' id='block_1_33' title="bbox 120 2972 1701 3050">
    <p class='ocr_par' dir='ltr' id='par_1_33' title="bbox 120 2972 1701 3050">
     <span class='ocr_line' id='line_1_33' title="bbox 120 2972 1701 3050; baseline 0.003 -21"><span class='ocrx_word' id='word_1_243' title='bbox 120 2977 220 3030; x_wconf 82' lang='grc' dir='ltr'>καὶ</span> <span class='ocrx_word' id='word_1_244' title='bbox 254 2976 319 3030; x_wconf 80' lang='grc' dir='ltr'>τὸ</span> <span class='ocrx_word' id='word_1_245' title='bbox 344 2975 441 3030; x_wconf 90' lang='grc' dir='ltr'><strong>νῦν</strong></span> <span class='ocrx_word' id='word_1_246' title='bbox 480 2972 641 3040; x_wconf 72' lang='grc' dir='ltr'>εἶναι,</span> <span class='ocrx_word' id='word_1_247' title='bbox 671 2978 767 3032; x_wconf 74' lang='grc' dir='ltr'>καὶ</span> <span class='ocrx_word' id='word_1_248' title='bbox 798 2978 861 3031; x_wconf 83' lang='grc' dir='ltr'>τὸ</span> <span class='ocrx_word' id='word_1_249' title='bbox 894 2978 1054 3033; x_wconf 87' lang='grc' dir='ltr'>πάλιν</span> <span class='ocrx_word' id='word_1_250' title='bbox 1083 2978 1301 3035; x_wconf 75' lang='grc' dir='ltr'>ἔσεσθαι</span> <span class='ocrx_word' id='word_1_251' title='bbox 1342 2980 1701 3050; x_wconf 87' lang='grc' dir='ltr'>περιγίνεται.</span> 
     </span>
    </p>
   </div>
   <div class='ocr_carea' id='block_1_34' title="bbox 123 3068 1705 3141">
    <p class='ocr_par' dir='ltr' id='par_1_34' title="bbox 123 3068 1705 3141">
     <span class='ocr_line' id='line_1_34' title="bbox 123 3068 1705 3141; baseline 0.003 -21"><span class='ocrx_word' id='word_1_252' title='bbox 123 3068 277 3137; x_wconf 84' lang='grc' dir='ltr'>Τάχα</span> <span class='ocrx_word' id='word_1_253' title='bbox 316 3068 687 3140; x_wconf 83' lang='grc' dir='ltr'>δυσχεραίνεις</span> <span class='ocrx_word' id='word_1_254' title='bbox 717 3071 746 3122; x_wconf 90' lang='lat'><strong>6</strong></span> <span class='ocrx_word' id='word_1_255' title='bbox 788 3070 922 3141; x_wconf 83' lang='grc' dir='ltr'>πρὸς</span> <span class='ocrx_word' id='word_1_256' title='bbox 954 3071 1052 3140; x_wconf 85' lang='grc' dir='ltr'>τὴν</span> <span class='ocrx_word' id='word_1_257' title='bbox 1080 3069 1237 3135; x_wconf 78' lang='grc' dir='ltr'>δόξαν</span> <span class='ocrx_word' id='word_1_258' title='bbox 1264 3070 1359 3124; x_wconf 89' lang='grc' dir='ltr'><strong>τοῦ</strong></span> <span class='ocrx_word' id='word_1_259' title='bbox 1392 3070 1705 3141; x_wconf 85' lang='grc' dir='ltr'>Πνεύματος</span> 
     </span>
    </p>
   </div>
   <div class='ocr_carea' id='block_1_35' title="bbox 118 3159 1703 3234">
    <p class='ocr_par' dir='ltr' id='par_1_35' title="bbox 118 3159 1703 3234">
     <span class='ocr_line' id='line_1_35' title="bbox 118 3159 1703 3234; baseline 0.003 -23"><span class='ocrx_word' id='word_1_260' title='bbox 118 3159 415 3230; x_wconf 78' lang='grc' dir='ltr'>τολμηρῶς</span> <span class='ocrx_word' id='word_1_261' title='bbox 460 3160 784 3231; x_wconf 87' lang='grc' dir='ltr'>μαχόμενος,</span> <span class='ocrx_word' id='word_1_262' title='bbox 811 3162 906 3214; x_wconf 77' lang='grc' dir='ltr'>καὶ</span> <span class='ocrx_word' id='word_1_263' title='bbox 939 3160 1257 3232; x_wconf 78' lang='grc' dir='ltr'>ζηλοτυπεῖς</span> <span class='ocrx_word' id='word_1_264' title='bbox 1284 3162 1375 3215; x_wconf 80' lang='grc' dir='ltr'><strong>τὸν</strong></span> <span class='ocrx_word' id='word_1_265' title='bbox 1409 3162 1703 3234; x_wconf 85' lang='grc' dir='ltr'>Παράκλη-</span> 
     </span>
    </p>
   </div>
   <div class='ocr_carea' id='block_1_36' title="bbox 122 3245 1701 3324">
    <p class='ocr_par' dir='ltr' id='par_1_36' title="bbox 122 3245 1701 3324">
     <span class='ocr_line' id='line_1_36' title="bbox 122 3245 1701 3324; baseline 0.003 -20"><span class='ocrx_word' id='word_1_266' title='bbox 122 3270 213 3305; x_wconf 87' lang='grc' dir='ltr'><strong>τον</strong></span> <span class='ocrx_word' id='word_1_267' title='bbox 245 3252 344 3304; x_wconf 84' lang='grc' dir='ltr'><strong>τοῦ</strong></span> <span class='ocrx_word' id='word_1_268' title='bbox 380 3250 721 3323; x_wconf 80' lang='grc' dir='ltr'>σεϐάσματος</span> <span class='ocrx_word' id='word_1_269' title='bbox 740 3292 754 3317; x_wconf 93' lang='grc'><strong>,</strong></span> <span class='ocrx_word' id='word_1_270' title='bbox 801 3245 846 3321; x_wconf 84' lang='grc' dir='ltr'>ᾧ</span> <span class='ocrx_word' id='word_1_271' title='bbox 880 3252 1032 3324; x_wconf 85' lang='grc' dir='ltr'>παρὰ</span> <span class='ocrx_word' id='word_1_272' title='bbox 1059 3252 1168 3307; x_wconf 85' lang='grc' dir='ltr'><strong>τῶν</strong></span> <span class='ocrx_word' id='word_1_273' title='bbox 1197 3252 1436 3307; x_wconf 80' lang='grc' dir='ltr'>εὐσεϐῶν</span> <span class='ocrx_word' id='word_1_274' title='bbox 1466 3254 1701 3312; x_wconf 83' lang='grc' dir='ltr'>σέϐεται.</span> 
     </span>
    </p>
   </div>
   <div class='ocr_carea' id='block_1_37' title="bbox 120 3341 1703 3414">
    <p class='ocr_par' dir='ltr' id='par_1_37' title="bbox 120 3341 1703 3414">
     <span class='ocr_line' id='line_1_37' title="bbox 120 3341 1703 3414; baseline 0.001 -17"><span class='ocrx_word' id='word_1_275' title='bbox 120 3341 459 3397; x_wconf 74' lang='grc' dir='ltr'>Καταλιπὼν</span> <span class='ocrx_word' id='word_1_276' title='bbox 488 3341 543 3394; x_wconf 88' lang='grc' dir='ltr'>δὲ</span> <span class='ocrx_word' id='word_1_277' title='bbox 568 3343 692 3413; x_wconf 74' lang='grc' dir='ltr'>ἐμοὶ</span> <span class='ocrx_word' id='word_1_278' title='bbox 711 3342 1138 3414; x_wconf 86' lang='grc' dir='ltr'>συμπλέκεσθαι,</span> <span class='ocrx_word' id='word_1_279' title='bbox 1164 3343 1444 3414; x_wconf 83' lang='grc' dir='ltr'>ἀντίστηοι</span> <span class='ocrx_word' id='word_1_280' title='bbox 1470 3346 1589 3409; x_wconf 87' lang='grc' dir='ltr'>ταῖς</span> <span class='ocrx_word' id='word_1_281' title='bbox 1609 3344 1703 3398; x_wconf 89' lang='grc' dir='ltr'><strong>τοῦ</strong></span> 
     </span>
    </p>
   </div>
   <div class='ocr_carea' id='block_1_38' title="bbox 124 3434 1708 3508">
    <p class='ocr_par' dir='ltr' id='par_1_38' title="bbox 124 3434 1708 3508">
     <span class='ocr_line' id='line_1_38' title="bbox 124 3434 1708 3508; baseline 0.001 -20"><span class='ocrx_word' id='word_1_282' title='bbox 124 3434 330 3505; x_wconf 80' lang='grc' dir='ltr'>Κυρίου</span> <span class='ocrx_word' id='word_1_283' title='bbox 357 3437 581 3503; x_wconf 82' lang='grc' dir='ltr'>φωναῖς,</span> <span class='ocrx_word' id='word_1_284' title='bbox 614 3437 662 3488; x_wconf 87' lang='grc' dir='ltr'><strong>εί</strong></span> <span class='ocrx_word' id='word_1_285' title='bbox 692 3435 937 3503; x_wconf 74' lang='grc' dir='ltr'>δύνασαι,</span> <span class='ocrx_word' id='word_1_286' title='bbox 967 3436 1024 3490; x_wconf 78' lang='grc' dir='ltr'>αἶ</span> <span class='ocrx_word' id='word_1_287' title='bbox 1047 3436 1146 3507; x_wconf 76' lang='grc' dir='ltr'>τὴν</span> <span class='ocrx_word' id='word_1_288' title='bbox 1173 3437 1459 3508; x_wconf 81' lang='grc' dir='ltr'>ἐπίκλησιν</span> <span class='ocrx_word' id='word_1_289' title='bbox 1486 3436 1581 3490; x_wconf 90' lang='grc' dir='ltr'><strong>τοῦ</strong></span> <span class='ocrx_word' id='word_1_290' title='bbox 1611 3437 1708 3507; x_wconf 88' lang='grc' dir='ltr'>βα-</span> 
     </span>
    </p>
   </div>
   <div class='ocr_carea' id='block_1_39' title="bbox 124 3525 1709 3599">
    <p class='ocr_par' dir='ltr' id='par_1_39' title="bbox 124 3525 1709 3599">
     <span class='ocr_line' id='line_1_39' title="bbox 124 3525 1709 3599; baseline 0.002 -22"><span class='ocrx_word' id='word_1_291' title='bbox 124 3525 435 3594; x_wconf 85' lang='grc' dir='ltr'>πτίσματος</span> <span class='ocrx_word' id='word_1_292' title='bbox 465 3528 579 3588; x_wconf 90' lang='grc' dir='ltr'>τοῖς</span> <span class='ocrx_word' id='word_1_293' title='bbox 610 3525 918 3597; x_wconf 82' lang='grc' dir='ltr'>ἀνθρώποις</span> <span class='ocrx_word' id='word_1_294' title='bbox 944 3525 1364 3597; x_wconf 78' lang='grc' dir='ltr'>ἐνομοθέτησαν.</span> <span class='ocrx_word' id='word_1_295' title='bbox 1400 3527 1464 3580; x_wconf 87' lang='grc' dir='ltr'><strong>Τί</strong></span> <span class='ocrx_word' id='word_1_296' title='bbox 1488 3527 1546 3583; x_wconf 88' lang='grc' dir='ltr'><strong>δέ</strong></span> <span class='ocrx_word' id='word_1_297' title='bbox 1576 3544 1709 3599; x_wconf 85' lang='grc' dir='ltr'>φησι</span> 
     </span>
    </p>
   </div>
   <div class='ocr_carea' id='block_1_40' title="bbox 121 3615 1710 3689">
    <p class='ocr_par' dir='ltr' id='par_1_40' title="bbox 121 3615 1710 3689">
     <span class='ocr_line' id='line_1_40' title="bbox 121 3615 1710 3689; baseline 0.004 -20"><span class='ocrx_word' id='word_1_298' title='bbox 121 3616 181 3669; x_wconf 78' lang='grc' dir='ltr'><strong>τὸ</strong></span> <span class='ocrx_word' id='word_1_299' title='bbox 208 3615 308 3669; x_wconf 87' lang='grc' dir='ltr'><strong>τοῦ</strong></span> <span class='ocrx_word' id='word_1_300' title='bbox 339 3616 610 3673; x_wconf 79' lang='grc' dir='ltr'>Δεσπότου</span> <span class='ocrx_word' id='word_1_301' title='bbox 643 3618 1009 3689; x_wconf 82' lang='grc' dir='ltr'>παράγγελμα</span> <span class='ocrx_word' id='word_1_302' title='bbox 1031 3636 1047 3685; x_wconf 89' lang='grc'>;</span> <span class='ocrx_word' id='word_1_303' title='bbox 1070 3617 1463 3686; x_wconf 82' lang='grc' dir='ltr'>Βαπτίζοντες</span> <span class='ocrx_word' id='word_1_304' title='bbox 1487 3621 1710 3688; x_wconf 84' lang='grc' dir='ltr'>αὐτοὺς</span> 
     </span>
    </p>
   </div>
   <div class='ocr_carea' id='block_1_41' title="bbox 122 3708 1709 3779">
    <p class='ocr_par' dir='ltr' id='par_1_41' title="bbox 122 3708 1709 3779">
     <span class='ocr_line' id='line_1_41' title="bbox 122 3708 1709 3779; baseline 0.004 -18"><span class='ocrx_word' id='word_1_305' title='bbox 122 3711 206 3775; x_wconf 80' lang='grc' dir='ltr'><strong>είς</strong></span> <span class='ocrx_word' id='word_1_306' title='bbox 234 3709 301 3761; x_wconf 85' lang='grc' dir='ltr'>τὸ</span> <span class='ocrx_word' id='word_1_307' title='bbox 333 3708 525 3779; x_wconf 81' lang='grc' dir='ltr'>ὄνομα</span> <span class='ocrx_word' id='word_1_308' title='bbox 560 3708 665 3763; x_wconf 86' lang='grc' dir='ltr'><strong>τοῦ</strong></span> <span class='ocrx_word' id='word_1_309' title='bbox 708 3712 939 3779; x_wconf 83' lang='grc' dir='ltr'>Πατρὸς</span> <span class='ocrx_word' id='word_1_310' title='bbox 978 3711 1080 3765; x_wconf 77' lang='grc' dir='ltr'><strong>καί</strong></span> <span class='ocrx_word' id='word_1_311' title='bbox 1116 3711 1224 3767; x_wconf 86' lang='grc' dir='ltr'><strong>τοῦ</strong></span> <span class='ocrx_word' id='word_1_312' title='bbox 1265 3713 1403 3767; x_wconf 74' lang='grc' dir='ltr'>Υλοῦ</span> <span class='ocrx_word' id='word_1_313' title='bbox 1453 3714 1553 3767; x_wconf 78' lang='grc' dir='ltr'><strong>καί</strong></span> <span class='ocrx_word' id='word_1_314' title='bbox 1602 3714 1709 3768; x_wconf 87' lang='grc' dir='ltr'><strong>τοῦ</strong></span> 
     </span>
    </p>
   </div>
   <div class='ocr_carea' id='block_1_42' title="bbox 118 3802 1706 3876">
    <p class='ocr_par' dir='ltr' id='par_1_42' title="bbox 118 3802 1706 3876">
     <span class='ocr_line' id='line_1_42' title="bbox 118 3802 1706 3876; baseline 0.008 -27"><span class='ocrx_word' id='word_1_315' title='bbox 118 3802 295 3870; x_wconf 70' lang='grc' dir='ltr'>ἁγίου</span> <span class='ocrx_word' id='word_1_316' title='bbox 335 3803 701 3870; x_wconf 80' lang='grc' dir='ltr'>Πνεύματος.</span> <span class='ocrx_word' id='word_1_317' title='bbox 740 3803 864 3867; x_wconf 86' lang='grc' dir='ltr'>Πῶς</span> <span class='ocrx_word' id='word_1_318' title='bbox 904 3805 983 3867; x_wconf 87' lang='grc' dir='ltr'><strong>είς</strong></span> <span class='ocrx_word' id='word_1_319' title='bbox 1022 3804 1082 3857; x_wconf 84' lang='grc' dir='ltr'>τὸ</span> <span class='ocrx_word' id='word_1_320' title='bbox 1123 3804 1293 3875; x_wconf 77' lang='grc' dir='ltr'>ὄνομα</span> <span class='ocrx_word' id='word_1_321' title='bbox 1324 3804 1419 3858; x_wconf 90' lang='grc' dir='ltr'><strong>τοῦ</strong></span> <span class='ocrx_word' id='word_1_322' title='bbox 1461 3804 1706 3876; x_wconf 83' lang='grc' dir='ltr'>Πατρός;</span> 
     </span>
    </p>
   </div>
   <div class='ocr_carea' id='block_1_43' title="bbox 136 3892 1707 3967">
    <p class='ocr_par' dir='ltr' id='par_1_43' title="bbox 136 3892 1707 3967">
     <span class='ocr_line' id='line_1_43' title="bbox 136 3892 1707 3967; baseline 0.004 -23"><span class='ocrx_word' id='word_1_323' title='bbox 136 3892 358 3963; x_wconf 64' lang='grc' dir='ltr'>Ἐπειδὴ</span> <span class='ocrx_word' id='word_1_324' title='bbox 387 3893 528 3965; x_wconf 80' lang='grc' dir='ltr'>ἁρχὴ</span> <span class='ocrx_word' id='word_1_325' title='bbox 554 3893 661 3946; x_wconf 86' lang='grc' dir='ltr'><strong>τῶν</strong></span> <span class='ocrx_word' id='word_1_326' title='bbox 687 3895 922 3947; x_wconf 84' lang='grc' dir='ltr'>πάντων.</span> <span class='ocrx_word' id='word_1_327' title='bbox 952 3894 1075 3957; x_wconf 82' lang='grc' dir='ltr'><strong>Πῶς</strong></span> <span class='ocrx_word' id='word_1_328' title='bbox 1104 3896 1184 3958; x_wconf 80' lang='grc' dir='ltr'><strong>είς</strong></span> <span class='ocrx_word' id='word_1_329' title='bbox 1209 3895 1300 3948; x_wconf 87' lang='grc' dir='ltr'>τὸν</span> <span class='ocrx_word' id='word_1_330' title='bbox 1324 3896 1486 3961; x_wconf 80' lang='grc' dir='ltr'>Υίόν;</span> <span class='ocrx_word' id='word_1_331' title='bbox 1520 3896 1707 3967; x_wconf 80' lang='grc' dir='ltr'>ἐπειδὴ</span> 
     </span>
    </p>
   </div>
   <div class='ocr_carea' id='block_1_44' title="bbox 122 3984 1705 4058">
    <p class='ocr_par' dir='ltr' id='par_1_44' title="bbox 122 3984 1705 4058">
     <span class='ocr_line' id='line_1_44' title="bbox 122 3984 1705 4058; baseline 0.003 -22"><span class='ocrx_word' id='word_1_332' title='bbox 122 3984 453 4054; x_wconf 86' lang='grc' dir='ltr'>δημιουργὸς</span> <span class='ocrx_word' id='word_1_333' title='bbox 511 3985 611 4055; x_wconf 83' lang='grc' dir='ltr'>τῆς</span> <span class='ocrx_word' id='word_1_334' title='bbox 654 3986 902 4047; x_wconf 81' lang='grc' dir='ltr'>κτίσεως.</span> <span class='ocrx_word' id='word_1_335' title='bbox 957 3985 1081 4049; x_wconf 85' lang='grc' dir='ltr'>Πῶς</span> <span class='ocrx_word' id='word_1_336' title='bbox 1119 3989 1198 4050; x_wconf 86' lang='grc' dir='ltr'><strong>είς</strong></span> <span class='ocrx_word' id='word_1_337' title='bbox 1252 3987 1315 4041; x_wconf 82' lang='grc' dir='ltr'>τὸ</span> <span class='ocrx_word' id='word_1_338' title='bbox 1365 3986 1591 4058; x_wconf 85' lang='grc' dir='ltr'>Πνεῦμα</span> <span class='ocrx_word' id='word_1_339' title='bbox 1644 3988 1705 4041; x_wconf 85' lang='grc' dir='ltr'>τὸ</span> 
     </span>
    </p>
   </div>
   <div class='ocr_carea' id='block_1_45' title="bbox 125 4076 1708 4147">
    <p class='ocr_par' dir='ltr' id='par_1_45' title="bbox 125 4076 1708 4147">
     <span class='ocr_line' id='line_1_45' title="bbox 125 4076 1708 4147; baseline 0.002 -17"><span class='ocrx_word' id='word_1_340' title='bbox 125 4077 310 4144; x_wconf 79' lang='grc' dir='ltr'>ἆγιον;</span> <span class='ocrx_word' id='word_1_341' title='bbox 347 4076 564 4147; x_wconf 78' lang='grc' dir='ltr'>Ἐπειδὴ</span> <span class='ocrx_word' id='word_1_342' title='bbox 595 4078 939 4132; x_wconf 81' lang='grc' dir='ltr'>τελειωτικὸν</span> <span class='ocrx_word' id='word_1_343' title='bbox 958 4079 1065 4132; x_wconf 84' lang='grc' dir='ltr'><strong>τῶν</strong></span> <span class='ocrx_word' id='word_1_344' title='bbox 1094 4080 1329 4134; x_wconf 84' lang='grc' dir='ltr'>πάντων.</span> <span class='ocrx_word' id='word_1_345' title='bbox 1378 4081 1708 4134; x_wconf 80' lang='grc' dir='ltr'>Ύποκῦπτο-</span> 
     </span>
    </p>
   </div>
   <div class='ocr_carea' id='block_1_46' title="bbox 130 4164 1705 4243">
    <p class='ocr_par' dir='ltr' id='par_1_46' title="bbox 130 4164 1705 4243">
     <span class='ocr_line' id='line_1_46' title="bbox 130 4164 1705 4243; baseline 0.004 -22"><span class='ocrx_word' id='word_1_346' title='bbox 130 4186 226 4239; x_wconf 82' lang='grc' dir='ltr'><strong>μεν</strong></span> <span class='ocrx_word' id='word_1_347' title='bbox 266 4164 366 4223; x_wconf 78' lang='grc' dir='ltr'><strong>οῦν</strong></span> <span class='ocrx_word' id='word_1_348' title='bbox 404 4169 481 4239; x_wconf 83' lang='grc' dir='ltr'>τῷ</span> <span class='ocrx_word' id='word_1_349' title='bbox 524 4171 731 4242; x_wconf 76' lang='grc' dir='ltr'>Πατρὶ,</span> <span class='ocrx_word' id='word_1_350' title='bbox 762 4172 847 4224; x_wconf 78' lang='grc' dir='ltr'>ἵνα</span> <span class='ocrx_word' id='word_1_351' title='bbox 898 4171 1269 4243; x_wconf 73' lang='grc' dir='ltr'>ἁγιασθῶμεψ</span> <span class='ocrx_word' id='word_1_352' title='bbox 1318 4173 1705 4243; x_wconf 80' lang='grc' dir='ltr'>ὑποκύπτομεν</span> 
     </span>
    </p>
   </div>
   <div class='ocr_carea' id='block_1_47' title="bbox 126 4259 1704 4335">
    <p class='ocr_par' dir='ltr' id='par_1_47' title="bbox 126 4259 1704 4335">
     <span class='ocr_line' id='line_1_47' title="bbox 126 4259 1704 4335; baseline 0.002 -20"><span class='ocrx_word' id='word_1_353' title='bbox 126 4262 216 4315; x_wconf 74' lang='grc' dir='ltr'>καὶ</span> <span class='ocrx_word' id='word_1_354' title='bbox 244 4259 384 4331; x_wconf 80' lang='grc' dir='ltr'>Υίῷ,</span> <span class='ocrx_word' id='word_1_355' title='bbox 420 4261 508 4316; x_wconf 81' lang='grc' dir='ltr'><strong>ῖνα</strong></span> <span class='ocrx_word' id='word_1_356' title='bbox 546 4263 677 4315; x_wconf 81' lang='grc' dir='ltr'>αὐτὸ</span> <span class='ocrx_word' id='word_1_357' title='bbox 705 4263 864 4316; x_wconf 91' lang='grc' dir='ltr'>τοῦτο</span> <span class='ocrx_word' id='word_1_358' title='bbox 890 4263 1113 4335; x_wconf 83' lang='grc' dir='ltr'>γένηται</span> <span class='ocrx_word' id='word_1_359' title='bbox 1139 4282 1152 4295; x_wconf 90' lang='grc'><strong>·</strong></span> <span class='ocrx_word' id='word_1_360' title='bbox 1200 4264 1586 4335; x_wconf 82' lang='grc' dir='ltr'>ὑποκύπτομεν</span> <span class='ocrx_word' id='word_1_361' title='bbox 1611 4266 1704 4319; x_wconf 75' lang='grc' dir='ltr'>καὶ</span> 
     </span>
    </p>
   </div>
   <div class='ocr_carea' id='block_1_48' title="bbox 125 4352 1703 4427">
    <p class='ocr_par' dir='ltr' id='par_1_48' title="bbox 125 4352 1703 4427">
     <span class='ocr_line' id='line_1_48' title="bbox 125 4352 1703 4427; baseline 0.003 -23"><span class='ocrx_word' id='word_1_362' title='bbox 125 4352 260 4422; x_wconf 84' lang='grc' dir='ltr'>ἁγίῳ</span> <span class='ocrx_word' id='word_1_363' title='bbox 310 4352 593 4423; x_wconf 86' lang='grc' dir='ltr'>Πνεύματι</span> <span class='ocrx_word' id='word_1_364' title='bbox 612 4393 627 4418; x_wconf 92' lang='grc'><strong>,</strong></span> <span class='ocrx_word' id='word_1_365' title='bbox 656 4354 743 4407; x_wconf 80' lang='grc' dir='ltr'>ἵνα</span> <span class='ocrx_word' id='word_1_366' title='bbox 790 4353 949 4407; x_wconf 88' lang='grc' dir='ltr'>τοῦτο</span> <span class='ocrx_word' id='word_1_367' title='bbox 991 4355 1276 4426; x_wconf 82' lang='grc' dir='ltr'>γενώμεθα</span> <span class='ocrx_word' id='word_1_368' title='bbox 1304 4357 1439 4427; x_wconf 82' lang='grc' dir='ltr'>ὅπερ</span> <span class='ocrx_word' id='word_1_369' title='bbox 1466 4358 1582 4409; x_wconf 75' lang='grc' dir='ltr'>ἐστὶ</span> <span class='ocrx_word' id='word_1_370' title='bbox 1611 4356 1703 4410; x_wconf 82' lang='grc' dir='ltr'>καὶ</span> 
     </span>
    </p>
   </div>
   <div class='ocr_carea' id='block_1_49' title="bbox 120 4444 1704 4520">
    <p class='ocr_par' dir='ltr' id='par_1_49' title="bbox 120 4444 1704 4520">
     <span class='ocr_line' id='line_1_49' title="bbox 120 4444 1704 4520; baseline 0.004 -24"><span class='ocrx_word' id='word_1_371' title='bbox 120 4444 364 4513; x_wconf 81' lang='grc' dir='ltr'>λέγεται.</span> <span class='ocrx_word' id='word_1_372' title='bbox 394 4446 507 4499; x_wconf 87' lang='grc' dir='ltr'>Οὐκ</span> <span class='ocrx_word' id='word_1_373' title='bbox 552 4446 666 4499; x_wconf 77' lang='grc' dir='ltr'>ἐστι</span> <span class='ocrx_word' id='word_1_374' title='bbox 697 4446 791 4501; x_wconf 87' lang='grc' dir='ltr'><strong>τοῦ</strong></span> <span class='ocrx_word' id='word_1_375' title='bbox 829 4447 1104 4520; x_wconf 81' lang='grc' dir='ltr'>άγιασμοῦ</span> <span class='ocrx_word' id='word_1_376' title='bbox 1150 4448 1400 4519; x_wconf 77' lang='grc' dir='ltr'>διαφορὰ,</span> <span class='ocrx_word' id='word_1_377' title='bbox 1437 4448 1512 4513; x_wconf 88' lang='grc' dir='ltr'><strong>ὡς</strong></span> <span class='ocrx_word' id='word_1_378' title='bbox 1542 4448 1704 4503; x_wconf 88' lang='grc' dir='ltr'>πλέον</span> 
     </span>
    </p>
   </div>
   <div class='ocr_carea' id='block_1_50' title="bbox 120 4536 1703 4615">
    <p class='ocr_par' dir='ltr' id='par_1_50' title="bbox 120 4536 1703 4615">
     <span class='ocr_line' id='line_1_50' title="bbox 120 4536 1703 4615; baseline 0.004 -27"><span class='ocrx_word' id='word_1_379' title='bbox 120 4536 211 4589; x_wconf 84' lang='grc' dir='ltr'><strong>τοῦ</strong></span> <span class='ocrx_word' id='word_1_380' title='bbox 238 4537 455 4607; x_wconf 82' lang='grc' dir='ltr'>Πατρὸς</span> <span class='ocrx_word' id='word_1_381' title='bbox 480 4536 796 4605; x_wconf 77' lang='grc' dir='ltr'>άγιάζοντος</span> <span class='ocrx_word' id='word_1_382' title='bbox 814 4580 829 4604; x_wconf 88' lang='grc'><strong>,</strong></span> <span class='ocrx_word' id='word_1_383' title='bbox 861 4540 1081 4594; x_wconf 78' lang='grc' dir='ltr'>ἔλαττον</span> <span class='ocrx_word' id='word_1_384' title='bbox 1123 4539 1180 4593; x_wconf 82' lang='grc' dir='ltr'>δὲ</span> <span class='ocrx_word' id='word_1_385' title='bbox 1219 4539 1313 4593; x_wconf 87' lang='grc' dir='ltr'><strong>τοῦ</strong></span> <span class='ocrx_word' id='word_1_386' title='bbox 1337 4540 1467 4594; x_wconf 88' lang='grc' dir='ltr'>Υίοῦ</span> <span class='ocrx_word' id='word_1_387' title='bbox 1489 4583 1504 4606; x_wconf 92' lang='grc'><strong>,</strong></span> <span class='ocrx_word' id='word_1_388' title='bbox 1540 4537 1703 4615; x_wconf 82' lang='grc' dir='ltr'>ἦττον</span> 
     </span>
    </p>
   </div>
   <div class='ocr_carea' id='block_1_51' title="bbox 119 4627 1701 4705">
    <p class='ocr_par' dir='ltr' id='par_1_51' title="bbox 119 4627 1701 4705">
     <span class='ocr_line' id='line_1_51' title="bbox 119 4627 1701 4705; baseline 0.005 -25"><span class='ocrx_word' id='word_1_389' title='bbox 119 4627 174 4680; x_wconf 84' lang='grc' dir='ltr'>δὲ</span> <span class='ocrx_word' id='word_1_390' title='bbox 202 4628 311 4681; x_wconf 71' lang='grc' dir='ltr'><strong>τῶν</strong></span> <span class='ocrx_word' id='word_1_391' title='bbox 331 4628 428 4682; x_wconf 80' lang='grc' dir='ltr'>δύο</span> <span class='ocrx_word' id='word_1_392' title='bbox 454 4628 549 4682; x_wconf 90' lang='grc' dir='ltr'><strong>τοῦ</strong></span> <span class='ocrx_word' id='word_1_393' title='bbox 571 4630 726 4698; x_wconf 88' lang='grc' dir='ltr'>άγίου</span> <span class='ocrx_word' id='word_1_394' title='bbox 754 4630 1091 4700; x_wconf 85' lang='grc' dir='ltr'>Πνεύματος.</span> <span class='ocrx_word' id='word_1_395' title='bbox 1120 4632 1219 4685; x_wconf 75' lang='grc' dir='ltr'>Διὰ</span> <span class='ocrx_word' id='word_1_396' title='bbox 1243 4632 1298 4685; x_wconf 92' lang='grc' dir='ltr'><strong>τί</strong></span> <span class='ocrx_word' id='word_1_397' title='bbox 1322 4628 1413 4687; x_wconf 79' lang='grc' dir='ltr'><strong>οὖν</strong></span> <span class='ocrx_word' id='word_1_398' title='bbox 1432 4632 1530 4697; x_wconf 85' lang='grc' dir='ltr'><strong>τὰς</strong></span> <span class='ocrx_word' id='word_1_399' title='bbox 1554 4636 1701 4705; x_wconf 79' lang='grc' dir='ltr'>τρεῖς</span> 
     </span>
    </p>
   </div>
   <div class='ocr_carea' id='block_1_52' title="bbox 1807 766 3383 841">
    <p class='ocr_par' dir='ltr' id='par_1_52' title="bbox 1807 766 3383 841">
     <span class='ocr_line' id='line_1_52' title="bbox 1807 766 3383 841; baseline -0.006 -15"><span class='ocrx_word' id='word_1_400' title='bbox 1807 787 1929 841; x_wconf 69' lang='lat' dir='ltr'><strong>qua:</strong></span> <span class='ocrx_word' id='word_1_401' title='bbox 1953 771 2101 826; x_wconf 88' lang='lat' dir='ltr'><strong>vires</strong></span> <span class='ocrx_word' id='word_1_402' title='bbox 2144 776 2407 838; x_wconf 88' lang='lat' dir='ltr'><strong>superant</strong></span> <span class='ocrx_word' id='word_1_403' title='bbox 2444 766 2744 831; x_wconf 86' lang='lat' dir='ltr'><strong>humanas,</strong></span> <span class='ocrx_word' id='word_1_404' title='bbox 2780 766 2911 819; x_wconf 86' lang='lat' dir='ltr'><strong>illud</strong></span> <span class='ocrx_word' id='word_1_405' title='bbox 2938 766 3120 835; x_wconf 81' lang='lat' dir='ltr'><strong>potius</strong></span> <span class='ocrx_word' id='word_1_406' title='bbox 3169 778 3383 835; x_wconf 64' lang='grc' dir='ltr'><strong>(μεως-ιν</strong></span> 
     </span>
    </p>
   </div>
   <div class='ocr_carea' id='block_1_53' title="bbox 1805 857 3379 931">
    <p class='ocr_par' dir='ltr' id='par_1_53' title="bbox 1805 857 3379 931">
     <span class='ocr_line' id='line_1_53' title="bbox 1805 857 3379 931; baseline -0.003 -15"><span class='ocrx_word' id='word_1_407' title='bbox 1805 876 1951 925; x_wconf 85' lang='lat' dir='ltr'><strong>mus,</strong></span> <span class='ocrx_word' id='word_1_408' title='bbox 1984 862 2133 931; x_wconf 85' lang='lat' dir='ltr'><strong>quod</strong></span> <span class='ocrx_word' id='word_1_409' title='bbox 2200 860 2363 915; x_wconf 90' lang='lat' dir='ltr'><strong>etiam</strong></span> <span class='ocrx_word' id='word_1_410' title='bbox 2400 857 2789 929; x_wconf 90' lang='lat' dir='ltr'><strong>particularem</strong></span> <span class='ocrx_word' id='word_1_411' title='bbox 2839 857 3077 912; x_wconf 88' lang='lat' dir='ltr'><strong>ostendit</strong></span> <span class='ocrx_word' id='word_1_412' title='bbox 3124 870 3379 926; x_wconf 61' lang='lat' dir='ltr'><strong>compres-</strong></span> 
     </span>
    </p>
   </div>
   <div class='ocr_carea' id='block_1_54' title="bbox 1805 950 3381 1021">
    <p class='ocr_par' dir='ltr' id='par_1_54' title="bbox 1805 950 3381 1021">
     <span class='ocr_line' id='line_1_54' title="bbox 1805 950 3381 1021; baseline -0.002 -12"><span class='ocrx_word' id='word_1_413' title='bbox 1805 954 2148 1020; x_wconf 85' lang='lat' dir='ltr'><strong>bensionem,</strong></span> <span class='ocrx_word' id='word_1_414' title='bbox 2184 952 2345 1021; x_wconf 83' lang='lat' dir='ltr'><strong>cujus</strong></span> <span class='ocrx_word' id='word_1_415' title='bbox 2396 950 2474 1006; x_wconf 88' lang='lat' dir='ltr'><strong>rei</strong></span> <span class='ocrx_word' id='word_1_416' title='bbox 2501 950 2679 1021; x_wconf 87' lang='lat' dir='ltr'><strong>gratia</strong></span> <span class='ocrx_word' id='word_1_417' title='bbox 2716 965 2811 1019; x_wconf 86' lang='lat' dir='ltr'><strong>per</strong></span> <span class='ocrx_word' id='word_1_418' title='bbox 2861 965 3059 1019; x_wconf 83' lang='lat' dir='ltr'><strong>aquam</strong></span> <span class='ocrx_word' id='word_1_419' title='bbox 3129 951 3381 1021; x_wconf 76' lang='lat' dir='ltr'><strong>purgatio</strong></span> 
     </span>
    </p>
   </div>
   <div class='ocr_carea' id='block_1_55' title="bbox 1805 1043 3382 1109">
    <p class='ocr_par' dir='ltr' id='par_1_55' title="bbox 1805 1043 3382 1109">
     <span class='ocr_line' id='line_1_55' title="bbox 1805 1043 3382 1109; baseline -0.003 -7"><span class='ocrx_word' id='word_1_420' title='bbox 1805 1049 1897 1102; x_wconf 82' lang='lat' dir='ltr'><strong>ﬁat</strong></span> <span class='ocrx_word' id='word_1_421' title='bbox 1926 1049 1950 1101; x_wconf 84' lang='lat'><strong>?</strong></span> <span class='ocrx_word' id='word_1_422' title='bbox 1972 1056 2027 1103; x_wconf 91' lang='lat' dir='ltr'><strong>et</strong></span> <span class='ocrx_word' id='word_1_423' title='bbox 2058 1062 2159 1102; x_wconf 92' lang='lat' dir='ltr'><strong>cur</strong></span> <span class='ocrx_word' id='word_1_424' title='bbox 2182 1056 2351 1101; x_wconf 74' lang='lat' dir='ltr'><strong>terna:</strong></span> <span class='ocrx_word' id='word_1_425' title='bbox 2383 1044 2764 1100; x_wconf 89' lang='lat' dir='ltr'><strong>immersiones</strong></span> <span class='ocrx_word' id='word_1_426' title='bbox 2790 1043 3199 1099; x_wconf 85' lang='lat' dir='ltr'><strong>adhibeantur?</strong></span> <span class='ocrx_word' id='word_1_427' title='bbox 3221 1043 3382 1109; x_wconf 82' lang='lat' dir='ltr'><strong>Quod</strong></span> 
     </span>
    </p>
   </div>
   <div class='ocr_carea' id='block_1_56' title="bbox 1801 1135 3384 1209">
    <p class='ocr_par' dir='ltr' id='par_1_56' title="bbox 1801 1135 3384 1209">
     <span class='ocr_line' id='line_1_56' title="bbox 1801 1135 3384 1209; baseline -0.002 -16"><span class='ocrx_word' id='word_1_428' title='bbox 1801 1139 1967 1209; x_wconf 91' lang='lat' dir='ltr'><strong>igitur</strong></span> <span class='ocrx_word' id='word_1_429' title='bbox 2004 1146 2060 1193; x_wconf 89' lang='lat' dir='ltr'><strong>et</strong></span> <span class='ocrx_word' id='word_1_430' title='bbox 2092 1137 2283 1193; x_wconf 85' lang='lat' dir='ltr'><strong>Patres</strong></span> <span class='ocrx_word' id='word_1_431' title='bbox 2314 1135 2645 1197; x_wconf 85' lang='lat' dir='ltr'><strong>docuerunt,</strong></span> <span class='ocrx_word' id='word_1_432' title='bbox 2675 1144 2730 1192; x_wconf 84' lang='lat' dir='ltr'><strong>et</strong></span> <span class='ocrx_word' id='word_1_433' title='bbox 2756 1143 2945 1190; x_wconf 85' lang='lat' dir='ltr'><strong>nostra</strong></span> <span class='ocrx_word' id='word_1_434' title='bbox 2979 1149 3133 1189; x_wconf 90' lang='lat' dir='ltr'><strong>mens</strong></span> <span class='ocrx_word' id='word_1_435' title='bbox 3191 1150 3384 1192; x_wconf 63' lang='lat' dir='ltr'><strong>assert.-</strong></span> 
     </span>
    </p>
   </div>
   <div class='ocr_carea' id='block_1_57' title="bbox 1803 1225 3383 1299">
    <p class='ocr_par' dir='ltr' id='par_1_57' title="bbox 1803 1225 3383 1299">
     <span class='ocr_line' id='line_1_57' title="bbox 1803 1225 3383 1299; baseline -0.004 -15"><span class='ocrx_word' id='word_1_436' title='bbox 1803 1245 1924 1285; x_wconf 83' lang='lat' dir='ltr'><strong>sutn</strong></span> <span class='ocrx_word' id='word_1_437' title='bbox 1974 1227 2222 1299; x_wconf 65' lang='lat' dir='ltr'><strong>praebens</strong></span> <span class='ocrx_word' id='word_1_438' title='bbox 2261 1227 2495 1296; x_wconf 86' lang='lat' dir='ltr'><strong>accepit,</strong></span> <span class='ocrx_word' id='word_1_439' title='bbox 2538 1225 2643 1280; x_wconf 91' lang='lat' dir='ltr'><strong>hoc</strong></span> <span class='ocrx_word' id='word_1_440' title='bbox 2681 1233 2806 1280; x_wconf 90' lang='lat' dir='ltr'><strong>est:</strong></span> <span class='ocrx_word' id='word_1_441' title='bbox 2836 1225 3086 1290; x_wconf 79' lang='lat' dir='ltr'><strong>Quatuor</strong></span> <span class='ocrx_word' id='word_1_442' title='bbox 3111 1225 3383 1286; x_wconf 77' lang='lat' dir='ltr'><strong>elementa</strong></span> 
     </span>
    </p>
   </div>
   <div class='ocr_carea' id='block_1_58' title="bbox 1804 1318 3380 1389">
    <p class='ocr_par' dir='ltr' id='par_1_58' title="bbox 1804 1318 3380 1389">
     <span class='ocr_line' id='line_1_58' title="bbox 1804 1318 3380 1389; baseline -0.004 -13"><span class='ocrx_word' id='word_1_443' title='bbox 1804 1330 1931 1376; x_wconf 83' lang='lat' dir='ltr'><strong>nota</strong></span> <span class='ocrx_word' id='word_1_444' title='bbox 1961 1322 2242 1383; x_wconf 88' lang='lat' dir='ltr'><strong>habemus,</strong></span> <span class='ocrx_word' id='word_1_445' title='bbox 2270 1336 2341 1375; x_wconf 79' lang='lat' dir='ltr'><strong>ex</strong></span> <span class='ocrx_word' id='word_1_446' title='bbox 2368 1319 2568 1389; x_wconf 84' lang='lat' dir='ltr'><strong>quibus</strong></span> <span class='ocrx_word' id='word_1_447' title='bbox 2612 1318 2848 1373; x_wconf 88' lang='lat' dir='ltr'><strong>mundus</strong></span> <span class='ocrx_word' id='word_1_448' title='bbox 2879 1318 3213 1373; x_wconf 87' lang='lat' dir='ltr'><strong>constitutus</strong></span> <span class='ocrx_word' id='word_1_449' title='bbox 3257 1328 3339 1372; x_wconf 85' lang='lat' dir='ltr'><strong>cst</strong></span> <span class='ocrx_word' id='word_1_450' title='bbox 3364 1335 3380 1377; x_wconf 69' lang='grc' dir='ltr'><strong>ς</strong></span> 
     </span>
    </p>
   </div>
   <div class='ocr_carea' id='block_1_59' title="bbox 1764 1410 3385 1484">
    <p class='ocr_par' dir='ltr' id='par_1_59' title="bbox 1764 1410 3385 1484">
     <span class='ocr_line' id='line_1_59' title="bbox 1764 1410 3385 1484; baseline -0.002 -16"><span class='ocrx_word' id='word_1_451' title='bbox 1764 1422 1771 1427; x_wconf 86' lang='grc'><em>’</em></span> <span class='ocrx_word' id='word_1_452' title='bbox 1802 1429 1923 1484; x_wconf 66' lang='lat' dir='ltr'><strong>quae</strong></span> <span class='ocrx_word' id='word_1_453' title='bbox 1954 1413 2118 1468; x_wconf 89' lang='lat' dir='ltr'><strong>etiam</strong></span> <span class='ocrx_word' id='word_1_454' title='bbox 2160 1415 2207 1467; x_wconf 89' lang='lat' dir='ltr'><strong>si</strong></span> <span class='ocrx_word' id='word_1_455' title='bbox 2238 1411 2458 1467; x_wconf 84' lang='lat' dir='ltr'><strong>nomina</strong></span> <span class='ocrx_word' id='word_1_456' title='bbox 2484 1410 2701 1466; x_wconf 88' lang='lat' dir='ltr'><strong>silentio</strong></span> <span class='ocrx_word' id='word_1_457' title='bbox 2738 1418 3133 1479; x_wconf 60' lang='lat' dir='ltr'><strong>prmtcreantur</strong></span> <span class='ocrx_word' id='word_1_458' title='bbox 3153 1451 3170 1476; x_wconf 96' lang='lat'><strong>,</strong></span> <span class='ocrx_word' id='word_1_459' title='bbox 3207 1410 3385 1464; x_wconf 49' lang='lat' dir='ltr'><strong>omni.</strong></span> 
     </span>
    </p>
   </div>
   <div class='ocr_carea' id='block_1_60' title="bbox 1804 1501 3382 1572">
    <p class='ocr_par' dir='ltr' id='par_1_60' title="bbox 1804 1501 3382 1572">
     <span class='ocr_line' id='line_1_60' title="bbox 1804 1501 3382 1572; baseline -0.001 -11"><span class='ocrx_word' id='word_1_460' title='bbox 1804 1507 1907 1562; x_wconf 91' lang='lat' dir='ltr'><strong>bus</strong></span> <span class='ocrx_word' id='word_1_461' title='bbox 1934 1514 2064 1561; x_wconf 84' lang='lat' dir='ltr'><strong>nota</strong></span> <span class='ocrx_word' id='word_1_462' title='bbox 2101 1512 2253 1561; x_wconf 89' lang='lat' dir='ltr'><strong>sunt.</strong></span> <span class='ocrx_word' id='word_1_463' title='bbox 2280 1501 2437 1570; x_wconf 87' lang='lat' dir='ltr'><strong>Quod</strong></span> <span class='ocrx_word' id='word_1_464' title='bbox 2466 1502 2513 1558; x_wconf 91' lang='lat' dir='ltr'><strong>si</strong></span> <span class='ocrx_word' id='word_1_465' title='bbox 2552 1510 2778 1572; x_wconf 80' lang='lat' dir='ltr'><strong>prepter</strong></span> <span class='ocrx_word' id='word_1_466' title='bbox 2809 1501 3176 1571; x_wconf 84' lang='lat' dir='ltr'><strong>simpliciores</strong></span> <span class='ocrx_word' id='word_1_467' title='bbox 3217 1501 3382 1559; x_wconf 86' lang='lat' dir='ltr'><strong>etiam</strong></span> 
     </span>
    </p>
   </div>
   <div class='ocr_carea' id='block_1_61' title="bbox 1803 1593 3383 1667">
    <p class='ocr_par' dir='ltr' id='par_1_61' title="bbox 1803 1593 3383 1667">
     <span class='ocr_line' id='line_1_61' title="bbox 1803 1593 3383 1667; baseline -0.002 -16"><span class='ocrx_word' id='word_1_468' title='bbox 1803 1597 2024 1653; x_wconf 83' lang='lat' dir='ltr'><strong>nomina</strong></span> <span class='ocrx_word' id='word_1_469' title='bbox 2073 1595 2350 1667; x_wconf 82' lang='lat' dir='ltr'><strong>(eorum)</strong></span> <span class='ocrx_word' id='word_1_470' title='bbox 2410 1595 2572 1649; x_wconf 86' lang='lat' dir='ltr'><strong>edere</strong></span> <span class='ocrx_word' id='word_1_471' title='bbox 2628 1593 2696 1647; x_wconf 91' lang='lat' dir='ltr'><strong>ad</strong></span> <span class='ocrx_word' id='word_1_472' title='bbox 2762 1608 2875 1647; x_wconf 89' lang='lat' dir='ltr'><strong>rem</strong></span> <span class='ocrx_word' id='word_1_473' title='bbox 2939 1595 3210 1662; x_wconf 86' lang='lat' dir='ltr'><strong>pertinet:</strong></span> <span class='ocrx_word' id='word_1_474' title='bbox 3244 1594 3383 1662; x_wconf 81' lang='lat' dir='ltr'><strong>ignis</strong></span> 
     </span>
    </p>
   </div>
   <div class='ocr_carea' id='block_1_62' title="bbox 1805 1680 3383 1759">
    <p class='ocr_par' dir='ltr' id='par_1_62' title="bbox 1805 1680 3383 1759">
     <span class='ocr_line' id='line_1_62' title="bbox 1805 1680 3383 1759; baseline -0.001 -16"><span class='ocrx_word' id='word_1_475' title='bbox 1805 1690 1952 1759; x_wconf 91' lang='lat' dir='ltr'><strong>(est)</strong></span> <span class='ocrx_word' id='word_1_476' title='bbox 1996 1697 2051 1743; x_wconf 91' lang='lat' dir='ltr'><strong>et</strong></span> <span class='ocrx_word' id='word_1_477' title='bbox 2082 1702 2192 1751; x_wconf 86' lang='lat' dir='ltr'><strong>aer,</strong></span> <span class='ocrx_word' id='word_1_478' title='bbox 2235 1694 2381 1742; x_wconf 86' lang='lat' dir='ltr'><strong>terra</strong></span> <span class='ocrx_word' id='word_1_479' title='bbox 2428 1694 2482 1741; x_wconf 89' lang='lat' dir='ltr'><strong>et</strong></span> <span class='ocrx_word' id='word_1_480' title='bbox 2542 1700 2705 1755; x_wconf 82' lang='lat' dir='ltr'><strong>aqua.</strong></span> <span class='ocrx_word' id='word_1_481' title='bbox 2735 1680 2868 1740; x_wconf 84' lang='lat' dir='ltr'><strong>Cum</strong></span> <span class='ocrx_word' id='word_1_482' title='bbox 2923 1686 3091 1754; x_wconf 82' lang='lat' dir='ltr'><strong>igitur</strong></span> <span class='ocrx_word' id='word_1_483' title='bbox 3144 1686 3285 1741; x_wconf 84' lang='lat' dir='ltr'><strong>Deus</strong></span> <span class='ocrx_word' id='word_1_484' title='bbox 3326 1696 3383 1741; x_wconf 83' lang='lat' dir='ltr'><strong>et</strong></span> 
     </span>
    </p>
   </div>
   <div class='ocr_carea' id='block_1_63' title="bbox 1804 1777 3383 1848">
    <p class='ocr_par' dir='ltr' id='par_1_63' title="bbox 1804 1777 3383 1848">
     <span class='ocr_line' id='line_1_63' title="bbox 1804 1777 3383 1848; baseline -0.004 -12"><span class='ocrx_word' id='word_1_485' title='bbox 1804 1788 2054 1836; x_wconf 74' lang='lat' dir='ltr'><strong>servator</strong></span> <span class='ocrx_word' id='word_1_486' title='bbox 2111 1787 2299 1835; x_wconf 83' lang='lat' dir='ltr'><strong>noster</strong></span> <span class='ocrx_word' id='word_1_487' title='bbox 2332 1793 2432 1848; x_wconf 87' lang='lat' dir='ltr'><strong>pro</strong></span> <span class='ocrx_word' id='word_1_488' title='bbox 2459 1778 2618 1833; x_wconf 91' lang='lat' dir='ltr'><strong>nobis</strong></span> <span class='ocrx_word' id='word_1_489' title='bbox 2656 1786 2970 1846; x_wconf 87' lang='lat' dir='ltr'><strong>susceptam</strong></span> <span class='ocrx_word' id='word_1_490' title='bbox 3027 1777 3383 1833; x_wconf 84' lang='lat' dir='ltr'><strong>administra-</strong></span> 
     </span>
    </p>
   </div>
   <div class='ocr_carea' id='block_1_64' title="bbox 1804 1870 3380 1942">
    <p class='ocr_par' dir='ltr' id='par_1_64' title="bbox 1804 1870 3380 1942">
     <span class='ocr_line' id='line_1_64' title="bbox 1804 1870 3380 1942; baseline -0.003 -14"><span class='ocrx_word' id='word_1_491' title='bbox 1804 1875 2007 1929; x_wconf 83' lang='lat' dir='ltr'><strong>tionem</strong></span> <span class='ocrx_word' id='word_1_492' title='bbox 2063 1872 2362 1942; x_wconf 87' lang='lat' dir='ltr'><strong>impleret,</strong></span> <span class='ocrx_word' id='word_1_493' title='bbox 2420 1886 2585 1925; x_wconf 91' lang='lat' dir='ltr'><strong>unum</strong></span> <span class='ocrx_word' id='word_1_494' title='bbox 2644 1888 2711 1925; x_wconf 77' lang='lat' dir='ltr'><strong>ex</strong></span> <span class='ocrx_word' id='word_1_495' title='bbox 2744 1870 2829 1925; x_wconf 84' lang='lat' dir='ltr'><strong>his</strong></span> <span class='ocrx_word' id='word_1_496' title='bbox 2889 1878 3147 1940; x_wconf 81' lang='lat' dir='ltr'><strong>quatuor,</strong></span> <span class='ocrx_word' id='word_1_497' title='bbox 3178 1878 3380 1924; x_wconf 85' lang='lat' dir='ltr'><strong>terram</strong></span> 
     </span>
    </p>
   </div>
   <div class='ocr_carea' id='block_1_65' title="bbox 1804 1959 3382 2035">
    <p class='ocr_par' dir='ltr' id='par_1_65' title="bbox 1804 1959 3382 2035">
     <span class='ocr_line' id='line_1_65' title="bbox 1804 1959 3382 2035; baseline -0.003 -16"><span class='ocrx_word' id='word_1_498' title='bbox 1804 1962 2319 2035; x_wconf 88' lang='lat' dir='ltr'><strong>(scilicet)subiit,</strong></span> <span class='ocrx_word' id='word_1_499' title='bbox 2376 1970 2437 2016; x_wconf 91' lang='lat' dir='ltr'><strong>ut</strong></span> <span class='ocrx_word' id='word_1_500' title='bbox 2489 1961 2641 2016; x_wconf 85' lang='lat' dir='ltr'><strong>illine</strong></span> <span class='ocrx_word' id='word_1_501' title='bbox 2707 1961 2872 2015; x_wconf 84' lang='lat' dir='ltr'><strong>vitam</strong></span> <span class='ocrx_word' id='word_1_502' title='bbox 2929 1961 3215 2016; x_wconf 78' lang='lat' dir='ltr'><strong>excitaret.</strong></span> <span class='ocrx_word' id='word_1_503' title='bbox 3271 1959 3382 2015; x_wconf 85' lang='lat' dir='ltr'><strong>Nos</strong></span> 
     </span>
    </p>
   </div>
   <div class='ocr_carea' id='block_1_66' title="bbox 1807 2052 3381 2125">
    <p class='ocr_par' dir='ltr' id='par_1_66' title="bbox 1807 2052 3381 2125">
     <span class='ocr_line' id='line_1_66' title="bbox 1807 2052 3381 2125; baseline -0.002 -13"><span class='ocrx_word' id='word_1_504' title='bbox 1807 2072 1938 2112; x_wconf 89' lang='lat' dir='ltr'><strong>vero</strong></span> <span class='ocrx_word' id='word_1_505' title='bbox 1970 2055 2238 2125; x_wconf 87' lang='lat' dir='ltr'><strong>baptisma</strong></span> <span class='ocrx_word' id='word_1_506' title='bbox 2270 2065 2618 2111; x_wconf 84' lang='lat' dir='ltr'><strong>assumentes</strong></span> <span class='ocrx_word' id='word_1_507' title='bbox 2659 2053 2725 2108; x_wconf 88' lang='lat' dir='ltr'><strong>ad</strong></span> <span class='ocrx_word' id='word_1_508' title='bbox 2770 2053 3131 2108; x_wconf 83' lang='lat' dir='ltr'><strong>imitationem</strong></span> <span class='ocrx_word' id='word_1_509' title='bbox 3172 2052 3381 2109; x_wconf 82' lang='lat' dir='ltr'><strong>Domini</strong></span> 
     </span>
    </p>
   </div>
   <div class='ocr_carea' id='block_1_67' title="bbox 1808 2146 3385 2218">
    <p class='ocr_par' dir='ltr' id='par_1_67' title="bbox 1808 2146 3385 2218">
     <span class='ocr_line' id='line_1_67' title="bbox 1808 2146 3385 2218; baseline -0.005 -13"><span class='ocrx_word' id='word_1_510' title='bbox 1808 2157 1862 2206; x_wconf 90' lang='lat' dir='ltr'><strong>et</strong></span> <span class='ocrx_word' id='word_1_511' title='bbox 1888 2149 2133 2204; x_wconf 85' lang='lat' dir='ltr'><strong>doctoris</strong></span> <span class='ocrx_word' id='word_1_512' title='bbox 2177 2158 2230 2203; x_wconf 89' lang='lat' dir='ltr'><strong>et</strong></span> <span class='ocrx_word' id='word_1_513' title='bbox 2268 2147 2616 2218; x_wconf 65' lang='lat' dir='ltr'><strong>praceptoris</strong></span> <span class='ocrx_word' id='word_1_514' title='bbox 2635 2146 2811 2201; x_wconf 84' lang='lat' dir='ltr'><strong>nostri</strong></span> <span class='ocrx_word' id='word_1_515' title='bbox 2837 2186 2855 2212; x_wconf 89' lang='lat'><strong>,</strong></span> <span class='ocrx_word' id='word_1_516' title='bbox 2902 2146 2957 2201; x_wconf 90' lang='lat' dir='ltr'><strong>in</strong></span> <span class='ocrx_word' id='word_1_517' title='bbox 2988 2155 3133 2201; x_wconf 90' lang='lat' dir='ltr'><strong>terra</strong></span> <span class='ocrx_word' id='word_1_518' title='bbox 3163 2147 3385 2217; x_wconf 79' lang='lat' dir='ltr'><strong>quidem</strong></span> 
     </span>
    </p>
   </div>
   <div class='ocr_carea' id='block_1_68' title="bbox 1808 2239 3382 2314">
    <p class='ocr_par' dir='ltr' id='par_1_68' title="bbox 1808 2239 3382 2314">
     <span class='ocr_line' id='line_1_68' title="bbox 1808 2239 3382 2314; baseline -0.002 -17"><span class='ocrx_word' id='word_1_519' title='bbox 1808 2257 1919 2297; x_wconf 88' lang='lat' dir='ltr'><strong>non</strong></span> <span class='ocrx_word' id='word_1_520' title='bbox 1943 2241 2241 2314; x_wconf 87' lang='lat' dir='ltr'><strong>sepelimur</strong></span> <span class='ocrx_word' id='word_1_521' title='bbox 2272 2241 2291 2311; x_wconf 95' lang='lat'>(</span> <span class='ocrx_word' id='word_1_522' title='bbox 2318 2241 2434 2295; x_wconf 74' lang='lat' dir='ltr'><strong>haec</strong></span> <span class='ocrx_word' id='word_1_523' title='bbox 2491 2241 2641 2295; x_wconf 90' lang='lat' dir='ltr'><strong>enim</strong></span> <span class='ocrx_word' id='word_1_524' title='bbox 2684 2239 3058 2295; x_wconf 78' lang='lat' dir='ltr'><strong>inﬁrmitatem</strong></span> <span class='ocrx_word' id='word_1_525' title='bbox 3096 2246 3150 2294; x_wconf 90' lang='lat' dir='ltr'><strong>et</strong></span> <span class='ocrx_word' id='word_1_526' title='bbox 3189 2254 3382 2294; x_wconf 87' lang='lat' dir='ltr'><strong>corru—</strong></span> 
     </span>
    </p>
   </div>
   <div class='ocr_carea' id='block_1_69' title="bbox 1809 2333 3386 2407">
    <p class='ocr_par' dir='ltr' id='par_1_69' title="bbox 1809 2333 3386 2407">
     <span class='ocr_line' id='line_1_69' title="bbox 1809 2333 3386 2407; baseline 0.001 -17"><span class='ocrx_word' id='word_1_527' title='bbox 1809 2338 2053 2407; x_wconf 89' lang='lat' dir='ltr'><strong>ptionem</strong></span> <span class='ocrx_word' id='word_1_528' title='bbox 2127 2342 2339 2389; x_wconf 69' lang='lat' dir='ltr'><strong>natura:</strong></span> <span class='ocrx_word' id='word_1_529' title='bbox 2357 2344 2562 2390; x_wconf 75' lang='lat' dir='ltr'><strong>nostrae</strong></span> <span class='ocrx_word' id='word_1_530' title='bbox 2602 2333 2925 2407; x_wconf 88' lang='lat' dir='ltr'><strong>cooperiens</strong></span> <span class='ocrx_word' id='word_1_531' title='bbox 2958 2341 3134 2389; x_wconf 90' lang='lat' dir='ltr'><strong>morte</strong></span> <span class='ocrx_word' id='word_1_532' title='bbox 3166 2334 3386 2404; x_wconf 81' lang='lat' dir='ltr'><strong>penitus</strong></span> 
     </span>
    </p>
   </div>
   <div class='ocr_carea' id='block_1_70' title="bbox 1810 2427 3384 2501">
    <p class='ocr_par' dir='ltr' id='par_1_70' title="bbox 1810 2427 3384 2501">
     <span class='ocr_line' id='line_1_70' title="bbox 1810 2427 3384 2501; baseline -0.002 -15"><span class='ocrx_word' id='word_1_533' title='bbox 1810 2430 2074 2501; x_wconf 86' lang='lat' dir='ltr'><strong>perempti</strong></span> <span class='ocrx_word' id='word_1_534' title='bbox 2126 2429 2378 2500; x_wconf 91' lang='lat' dir='ltr'><strong>corporis</strong></span> <span class='ocrx_word' id='word_1_535' title='bbox 2415 2436 2792 2500; x_wconf 78' lang='lat' dir='ltr'><strong>tegumentum</strong></span> <span class='ocrx_word' id='word_1_536' title='bbox 2845 2427 3138 2497; x_wconf 79' lang='lat' dir='ltr'><strong>exsistit),</strong></span> <span class='ocrx_word' id='word_1_537' title='bbox 3171 2427 3270 2483; x_wconf 86' lang='lat' dir='ltr'><strong>sed</strong></span> <span class='ocrx_word' id='word_1_538' title='bbox 3315 2428 3384 2483; x_wconf 85' lang='lat' dir='ltr'><strong>ad</strong></span> 
     </span>
    </p>
   </div>
   <div class='ocr_carea' id='block_1_71' title="bbox 1809 2516 3387 2591">
    <p class='ocr_par' dir='ltr' id='par_1_71' title="bbox 1809 2516 3387 2591">
     <span class='ocr_line' id='line_1_71' title="bbox 1809 2516 3387 2591; baseline -0.001 -17"><span class='ocrx_word' id='word_1_539' title='bbox 1809 2529 1969 2575; x_wconf 66' lang='lat' dir='ltr'><strong>terrae</strong></span> <span class='ocrx_word' id='word_1_540' title='bbox 2003 2528 2295 2591; x_wconf 88' lang='lat' dir='ltr'><strong>cognatum</strong></span> <span class='ocrx_word' id='word_1_541' title='bbox 2355 2518 2689 2575; x_wconf 89' lang='lat' dir='ltr'><strong>elementum</strong></span> <span class='ocrx_word' id='word_1_542' title='bbox 2731 2532 2927 2588; x_wconf 86' lang='lat' dir='ltr'><strong>aquam</strong></span> <span class='ocrx_word' id='word_1_543' title='bbox 2969 2516 3289 2581; x_wconf 82' lang='lat' dir='ltr'><strong>venientes,</strong></span> <span class='ocrx_word' id='word_1_544' title='bbox 3325 2517 3387 2574; x_wconf 84' lang='lat' dir='ltr'><strong>in</strong></span> 
     </span>
    </p>
   </div>
   <div class='ocr_carea' id='block_1_72' title="bbox 1811 2609 3383 2679">
    <p class='ocr_par' dir='ltr' id='par_1_72' title="bbox 1811 2609 3383 2679">
     <span class='ocr_line' id='line_1_72' title="bbox 1811 2609 3383 2679; baseline -0.003 -11"><span class='ocrx_word' id='word_1_545' title='bbox 1811 2614 1923 2679; x_wconf 89' lang='lat' dir='ltr'><strong>illa,</strong></span> <span class='ocrx_word' id='word_1_546' title='bbox 1978 2613 2141 2669; x_wconf 81' lang='lat' dir='ltr'><strong>sicuti</strong></span> <span class='ocrx_word' id='word_1_547' title='bbox 2183 2612 2441 2668; x_wconf 80' lang='lat' dir='ltr'><strong>Servatur</strong></span> <span class='ocrx_word' id='word_1_548' title='bbox 2494 2612 2550 2667; x_wconf 92' lang='lat' dir='ltr'><strong>in</strong></span> <span class='ocrx_word' id='word_1_549' title='bbox 2586 2619 2733 2665; x_wconf 83' lang='lat' dir='ltr'><strong>terra</strong></span> <span class='ocrx_word' id='word_1_550' title='bbox 2760 2652 2775 2674; x_wconf 94' lang='lat'><strong>,</strong></span> <span class='ocrx_word' id='word_1_551' title='bbox 2808 2625 2910 2665; x_wconf 91' lang='lat' dir='ltr'><strong>nos</strong></span> <span class='ocrx_word' id='word_1_552' title='bbox 2943 2609 3337 2665; x_wconf 78' lang='lat' dir='ltr'><strong>abscondimus</strong></span> <span class='ocrx_word' id='word_1_553' title='bbox 3366 2650 3383 2674; x_wconf 86' lang='lat'><strong>,</strong></span> 
     </span>
    </p>
   </div>
   <div class='ocr_carea' id='block_1_73' title="bbox 1809 2701 3385 2775">
    <p class='ocr_par' dir='ltr' id='par_1_73' title="bbox 1809 2701 3385 2775">
     <span class='ocr_line' id='line_1_73' title="bbox 1809 2701 3385 2775; baseline -0.002 -15"><span class='ocrx_word' id='word_1_554' title='bbox 1809 2706 1974 2775; x_wconf 91' lang='lat' dir='ltr'><strong>idque</strong></span> <span class='ocrx_word' id='word_1_555' title='bbox 2022 2719 2147 2759; x_wconf 87' lang='lat' dir='ltr'><strong>cum</strong></span> <span class='ocrx_word' id='word_1_556' title='bbox 2193 2712 2277 2759; x_wconf 88' lang='lat' dir='ltr'><strong>ter</strong></span> <span class='ocrx_word' id='word_1_557' title='bbox 2314 2703 2479 2759; x_wconf 80' lang='lat' dir='ltr'><strong>simul</strong></span> <span class='ocrx_word' id='word_1_558' title='bbox 2543 2702 2773 2757; x_wconf 80' lang='lat' dir='ltr'><strong>fecimus</strong></span> <span class='ocrx_word' id='word_1_559' title='bbox 2803 2741 2818 2765; x_wconf 94' lang='lat'><strong>,</strong></span> <span class='ocrx_word' id='word_1_560' title='bbox 2859 2701 3044 2756; x_wconf 89' lang='lat' dir='ltr'><strong>triduo</strong></span> <span class='ocrx_word' id='word_1_561' title='bbox 3106 2710 3385 2771; x_wconf 84' lang='lat' dir='ltr'><strong>peractam</strong></span> 
     </span>
    </p>
   </div>
   <div class='ocr_carea' id='block_1_74' title="bbox 1809 2791 3386 2865">
    <p class='ocr_par' dir='ltr' id='par_1_74' title="bbox 1809 2791 3386 2865">
     <span class='ocr_line' id='line_1_74' title="bbox 1809 2791 3386 2865; baseline -0.004 -13"><span class='ocrx_word' id='word_1_562' title='bbox 1809 2797 1970 2852; x_wconf 90' lang='lat' dir='ltr'><strong>nobis</strong></span> <span class='ocrx_word' id='word_1_563' title='bbox 2000 2795 2421 2852; x_wconf 87' lang='lat' dir='ltr'><strong>resurrectionis</strong></span> <span class='ocrx_word' id='word_1_564' title='bbox 2466 2794 2694 2865; x_wconf 80' lang='lat' dir='ltr'><strong>gratiam</strong></span> <span class='ocrx_word' id='word_1_565' title='bbox 2728 2792 3068 2862; x_wconf 70' lang='lat' dir='ltr'><strong>attingimus,</strong></span> <span class='ocrx_word' id='word_1_566' title='bbox 3094 2806 3270 2862; x_wconf 85' lang='lat' dir='ltr'><strong>eaque</strong></span> <span class='ocrx_word' id='word_1_567' title='bbox 3304 2791 3386 2845; x_wconf 81' lang='lat' dir='ltr'><strong>fa-</strong></span> 
     </span>
    </p>
   </div>
   <div class='ocr_carea' id='block_1_75' title="bbox 1811 2885 3386 2959">
    <p class='ocr_par' dir='ltr' id='par_1_75' title="bbox 1811 2885 3386 2959">
     <span class='ocr_line' id='line_1_75' title="bbox 1811 2885 3386 2959; baseline -0.004 -14"><span class='ocrx_word' id='word_1_568' title='bbox 1811 2891 2008 2954; x_wconf 85' lang='lat' dir='ltr'><strong>cimus,</strong></span> <span class='ocrx_word' id='word_1_569' title='bbox 2041 2906 2151 2944; x_wconf 87' lang='lat' dir='ltr'><strong>non</strong></span> <span class='ocrx_word' id='word_1_570' title='bbox 2202 2888 2422 2943; x_wconf 85' lang='lat' dir='ltr'><strong>silentio</strong></span> <span class='ocrx_word' id='word_1_571' title='bbox 2471 2886 2787 2959; x_wconf 81' lang='lat' dir='ltr'><strong>mysterium</strong></span> <span class='ocrx_word' id='word_1_572' title='bbox 2844 2896 3229 2948; x_wconf 85' lang='lat' dir='ltr'><strong>assumemes,</strong></span> <span class='ocrx_word' id='word_1_573' title='bbox 3286 2885 3386 2940; x_wconf 84' lang='lat' dir='ltr'><strong>sed</strong></span> 
     </span>
    </p>
   </div>
   <div class='ocr_carea' id='block_1_76' title="bbox 1812 2976 3381 3050">
    <p class='ocr_par' dir='ltr' id='par_1_76' title="bbox 1812 2976 3381 3050">
     <span class='ocr_line' id='line_1_76' title="bbox 1812 2976 3381 3050; baseline -0.005 -13"><span class='ocrx_word' id='word_1_574' title='bbox 1812 2983 1976 3037; x_wconf 85' lang='lat' dir='ltr'><strong>trium</strong></span> <span class='ocrx_word' id='word_1_575' title='bbox 2010 2987 2325 3037; x_wconf 87' lang='lat' dir='ltr'><strong>sanctarum</strong></span> <span class='ocrx_word' id='word_1_576' title='bbox 2357 2980 2745 3050; x_wconf 86' lang='lat' dir='ltr'><strong>hypostaseon,</strong></span> <span class='ocrx_word' id='word_1_577' title='bbox 2772 2978 2828 3032; x_wconf 91' lang='lat' dir='ltr'><strong>in</strong></span> <span class='ocrx_word' id='word_1_578' title='bbox 2858 2991 2998 3047; x_wconf 77' lang='lat' dir='ltr'><strong>quas</strong></span> <span class='ocrx_word' id='word_1_579' title='bbox 3023 2976 3381 3041; x_wconf 84' lang='lat' dir='ltr'><strong>credidimus,</strong></span> 
     </span>
    </p>
   </div>
   <div class='ocr_carea' id='block_1_77' title="bbox 1812 3065 3387 3143">
    <p class='ocr_par' dir='ltr' id='par_1_77' title="bbox 1812 3065 3387 3143">
     <span class='ocr_line' id='line_1_77' title="bbox 1812 3065 3387 3143; baseline -0.006 -15"><span class='ocrx_word' id='word_1_580' title='bbox 1812 3074 2034 3143; x_wconf 81' lang='lat' dir='ltr'><strong>inquas</strong></span> <span class='ocrx_word' id='word_1_581' title='bbox 2058 3072 2221 3127; x_wconf 87' lang='lat' dir='ltr'><strong>etiam</strong></span> <span class='ocrx_word' id='word_1_582' title='bbox 2258 3084 2578 3140; x_wconf 88' lang='lat' dir='ltr'><strong>speramus,</strong></span> <span class='ocrx_word' id='word_1_583' title='bbox 2624 3082 2692 3125; x_wconf 81' lang='lat' dir='ltr'><strong>ex</strong></span> <span class='ocrx_word' id='word_1_584' title='bbox 2725 3067 2926 3139; x_wconf 81' lang='lat' dir='ltr'><strong>quibus</strong></span> <span class='ocrx_word' id='word_1_585' title='bbox 2981 3065 3141 3121; x_wconf 85' lang='lat' dir='ltr'><strong>nobis</strong></span> <span class='ocrx_word' id='word_1_586' title='bbox 3168 3067 3387 3120; x_wconf 53' lang='lat' dir='ltr'><strong>contio.</strong></span> 
     </span>
    </p>
   </div>
   <div class='ocr_carea' id='block_1_78' title="bbox 1810 3159 3381 3237">
    <p class='ocr_par' dir='ltr' id='par_1_78' title="bbox 1810 3159 3381 3237">
     <span class='ocr_line' id='line_1_78' title="bbox 1810 3159 3381 3237; baseline -0.004 -17"><span class='ocrx_word' id='word_1_587' title='bbox 1810 3166 1910 3237; x_wconf 82' lang='lat' dir='ltr'><strong>git,</strong></span> <span class='ocrx_word' id='word_1_588' title='bbox 1939 3174 1996 3219; x_wconf 90' lang='lat' dir='ltr'><strong>ut</strong></span> <span class='ocrx_word' id='word_1_589' title='bbox 2026 3171 2080 3220; x_wconf 87' lang='lat' dir='ltr'><strong>et</strong></span> <span class='ocrx_word' id='word_1_590' title='bbox 2110 3177 2256 3218; x_wconf 90' lang='lat' dir='ltr'><strong>nunc</strong></span> <span class='ocrx_word' id='word_1_591' title='bbox 2286 3162 2479 3227; x_wconf 87' lang='lat' dir='ltr'><strong>simus.</strong></span> <span class='ocrx_word' id='word_1_592' title='bbox 2519 3170 2574 3217; x_wconf 88' lang='lat' dir='ltr'><strong>et</strong></span> <span class='ocrx_word' id='word_1_593' title='bbox 2603 3176 2795 3217; x_wconf 87' lang='lat' dir='ltr'><strong>rursus</strong></span> <span class='ocrx_word' id='word_1_594' title='bbox 2827 3159 2997 3215; x_wconf 79' lang='lat' dir='ltr'><strong>futuri</strong></span> <span class='ocrx_word' id='word_1_595' title='bbox 3028 3159 3204 3215; x_wconf 89' lang='lat' dir='ltr'><strong>simus</strong></span> <span class='ocrx_word' id='word_1_596' title='bbox 3230 3199 3245 3224; x_wconf 92' lang='lat'><strong>,</strong></span> <span class='ocrx_word' id='word_1_597' title='bbox 3278 3173 3381 3214; x_wconf 85' lang='lat' dir='ltr'><strong>no-</strong></span> 
     </span>
    </p>
   </div>
   <div class='ocr_carea' id='block_1_79' title="bbox 1811 3248 3385 3324">
    <p class='ocr_par' dir='ltr' id='par_1_79' title="bbox 1811 3248 3385 3324">
     <span class='ocr_line' id='line_1_79' title="bbox 1811 3248 3385 3324; baseline -0.006 -13"><span class='ocrx_word' id='word_1_598' title='bbox 1811 3256 2053 3311; x_wconf 89' lang='lat' dir='ltr'><strong>minibus</strong></span> <span class='ocrx_word' id='word_1_599' title='bbox 2105 3269 2271 3324; x_wconf 86' lang='lat' dir='ltr'><strong>super</strong></span> <span class='ocrx_word' id='word_1_600' title='bbox 2323 3268 2424 3308; x_wconf 88' lang='lat' dir='ltr'><strong>nos</strong></span> <span class='ocrx_word' id='word_1_601' title='bbox 2473 3251 2859 3323; x_wconf 81' lang='lat' dir='ltr'><strong>pronuntiatis.</strong></span> <span class='ocrx_word' id='word_1_602' title='bbox 2896 3248 3152 3305; x_wconf 86' lang='lat' dir='ltr'><strong>Forsitan</strong></span> <span class='ocrx_word' id='word_1_603' title='bbox 3210 3248 3385 3303; x_wconf 52' lang='lat' dir='ltr'><strong>oll&#39;en.</strong></span> 
     </span>
    </p>
   </div>
   <div class='ocr_carea' id='block_1_80' title="bbox 1810 3341 3384 3417">
    <p class='ocr_par' dir='ltr' id='par_1_80' title="bbox 1810 3341 3384 3417">
     <span class='ocr_line' id='line_1_80' title="bbox 1810 3341 3384 3417; baseline -0.004 -14"><span class='ocrx_word' id='word_1_604' title='bbox 1810 3348 1995 3414; x_wconf 87' lang='lat' dir='ltr'><strong>deris,</strong></span> <span class='ocrx_word' id='word_1_605' title='bbox 2048 3348 2142 3417; x_wconf 90' lang='lat' dir='ltr'><strong>qui</strong></span> <span class='ocrx_word' id='word_1_606' title='bbox 2180 3347 2447 3401; x_wconf 87' lang='lat' dir='ltr'><strong>adversus</strong></span> <span class='ocrx_word' id='word_1_607' title='bbox 2481 3345 2711 3416; x_wconf 88' lang='lat' dir='ltr'><strong>gloriam</strong></span> <span class='ocrx_word' id='word_1_608' title='bbox 2766 3342 3007 3415; x_wconf 86' lang='lat' dir='ltr'><strong>Spiritus</strong></span> <span class='ocrx_word' id='word_1_609' title='bbox 3045 3341 3384 3397; x_wconf 87' lang='lat' dir='ltr'><strong>conﬁdenter</strong></span> 
     </span>
    </p>
   </div>
   <div class='ocr_carea' id='block_1_81' title="bbox 1811 3433 3384 3509">
    <p class='ocr_par' dir='ltr' id='par_1_81' title="bbox 1811 3433 3384 3509">
     <span class='ocr_line' id='line_1_81' title="bbox 1811 3433 3384 3509; baseline -0.003 -18"><span class='ocrx_word' id='word_1_610' title='bbox 1811 3452 2044 3509; x_wconf 88' lang='lat' dir='ltr'><strong>pugnas,</strong></span> <span class='ocrx_word' id='word_1_611' title='bbox 2075 3445 2130 3493; x_wconf 90' lang='lat' dir='ltr'><strong>et</strong></span> <span class='ocrx_word' id='word_1_612' title='bbox 2166 3436 2377 3492; x_wconf 85' lang='lat' dir='ltr'><strong>invides</strong></span> <span class='ocrx_word' id='word_1_613' title='bbox 2404 3435 2687 3491; x_wconf 88' lang='lat' dir='ltr'><strong>Paracleto</strong></span> <span class='ocrx_word' id='word_1_614' title='bbox 2718 3434 3149 3496; x_wconf 77' lang='lat' dir='ltr'><strong>venerationem,</strong></span> <span class='ocrx_word' id='word_1_615' title='bbox 3172 3448 3278 3501; x_wconf 90' lang='lat' dir='ltr'><strong>qua</strong></span> <span class='ocrx_word' id='word_1_616' title='bbox 3307 3433 3384 3504; x_wconf 84' lang='lat' dir='ltr'><strong>pii</strong></span> 
     </span>
    </p>
   </div>
   <div class='ocr_carea' id='block_1_82' title="bbox 1810 3525 3387 3597">
    <p class='ocr_par' dir='ltr' id='par_1_82' title="bbox 1810 3525 3387 3597">
     <span class='ocr_line' id='line_1_82' title="bbox 1810 3525 3387 3597; baseline -0.003 -11"><span class='ocrx_word' id='word_1_617' title='bbox 1810 3546 1934 3586; x_wconf 88' lang='lat' dir='ltr'><strong>eum</strong></span> <span class='ocrx_word' id='word_1_618' title='bbox 1959 3537 2310 3585; x_wconf 84' lang='lat' dir='ltr'><strong>venerantur.</strong></span> <span class='ocrx_word' id='word_1_619' title='bbox 2360 3527 2465 3584; x_wconf 90' lang='lat' dir='ltr'><strong>Sed</strong></span> <span class='ocrx_word' id='word_1_620' title='bbox 2495 3529 2685 3584; x_wconf 84' lang='lat' dir='ltr'><strong>omitte</strong></span> <span class='ocrx_word' id='word_1_621' title='bbox 2736 3541 2949 3583; x_wconf 88' lang='lat' dir='ltr'><strong>mecum</strong></span> <span class='ocrx_word' id='word_1_622' title='bbox 2981 3525 3297 3597; x_wconf 78' lang='lat' dir='ltr'><strong>conﬂigere,</strong></span> <span class='ocrx_word' id='word_1_623' title='bbox 3329 3534 3387 3583; x_wconf 88' lang='lat' dir='ltr'><strong>et</strong></span> 
     </span>
    </p>
   </div>
   <div class='ocr_carea' id='block_1_83' title="bbox 1811 3618 3386 3694">
    <p class='ocr_par' dir='ltr' id='par_1_83' title="bbox 1811 3618 3386 3694">
     <span class='ocr_line' id='line_1_83' title="bbox 1811 3618 3386 3694; baseline -0.004 -17"><span class='ocrx_word' id='word_1_624' title='bbox 1811 3637 2026 3694; x_wconf 82' lang='lat' dir='ltr'><strong>Oppone</strong></span> <span class='ocrx_word' id='word_1_625' title='bbox 2050 3631 2123 3686; x_wconf 90' lang='lat' dir='ltr'><strong>te,</strong></span> <span class='ocrx_word' id='word_1_626' title='bbox 2161 3623 2207 3678; x_wconf 92' lang='lat' dir='ltr'><strong>si</strong></span> <span class='ocrx_word' id='word_1_627' title='bbox 2250 3632 2424 3693; x_wconf 85' lang='lat' dir='ltr'><strong>potes,</strong></span> <span class='ocrx_word' id='word_1_628' title='bbox 2464 3621 2679 3677; x_wconf 90' lang='lat' dir='ltr'><strong>Domini</strong></span> <span class='ocrx_word' id='word_1_629' title='bbox 2724 3619 2971 3684; x_wconf 79' lang='lat' dir='ltr'><strong>vocibus,</strong></span> <span class='ocrx_word' id='word_1_630' title='bbox 3003 3633 3125 3689; x_wconf 57' lang='lat' dir='ltr'><strong>quae</strong></span> <span class='ocrx_word' id='word_1_631' title='bbox 3163 3618 3386 3671; x_wconf 55' lang='lat' dir='ltr'><strong>invoca.</strong></span> 
     </span>
    </p>
   </div>
   <div class='ocr_carea' id='block_1_84' title="bbox 1810 3706 3383 3783">
    <p class='ocr_par' dir='ltr' id='par_1_84' title="bbox 1810 3706 3383 3783">
     <span class='ocr_line' id='line_1_84' title="bbox 1810 3706 3383 3783; baseline -0.003 -15"><span class='ocrx_word' id='word_1_632' title='bbox 1810 3716 2013 3769; x_wconf 87' lang='lat' dir='ltr'><strong>tionem</strong></span> <span class='ocrx_word' id='word_1_633' title='bbox 2040 3721 2096 3769; x_wconf 91' lang='lat' dir='ltr'><strong>et</strong></span> <span class='ocrx_word' id='word_1_634' title='bbox 2124 3712 2658 3783; x_wconf 87' lang='lat' dir='ltr'><strong>cognominationem</strong></span> <span class='ocrx_word' id='word_1_635' title='bbox 2688 3708 3037 3781; x_wconf 88' lang='lat' dir='ltr'><strong>baptismatis</strong></span> <span class='ocrx_word' id='word_1_636' title='bbox 3064 3706 3383 3764; x_wconf 88' lang='lat' dir='ltr'><strong>hominibus</strong></span> 
     </span>
    </p>
   </div>
   <div class='ocr_carea' id='block_1_85' title="bbox 1808 3798 3382 3874">
    <p class='ocr_par' dir='ltr' id='par_1_85' title="bbox 1808 3798 3382 3874">
     <span class='ocr_line' id='line_1_85' title="bbox 1808 3798 3382 3874; baseline -0.008 -10"><span class='ocrx_word' id='word_1_637' title='bbox 1808 3808 2168 3864; x_wconf 87' lang='lat' dir='ltr'><strong>instituerunt</strong></span> <span class='ocrx_word' id='word_1_638' title='bbox 2190 3805 2253 3859; x_wconf 79' lang='lat'><strong>“.</strong></span> <span class='ocrx_word' id='word_1_639' title='bbox 2291 3806 2357 3860; x_wconf 85' lang='lat' dir='ltr'><strong>Et</strong></span> <span class='ocrx_word' id='word_1_640' title='bbox 2406 3818 2529 3874; x_wconf 69' lang='lat' dir='ltr'><strong>quae</strong></span> <span class='ocrx_word' id='word_1_641' title='bbox 2560 3812 2686 3857; x_wconf 90' lang='lat' dir='ltr'><strong>sunt</strong></span> <span class='ocrx_word' id='word_1_642' title='bbox 2712 3801 2879 3855; x_wconf 84' lang='lat' dir='ltr'><strong>verba</strong></span> <span class='ocrx_word' id='word_1_643' title='bbox 2936 3798 3204 3855; x_wconf 77' lang='lat' dir='ltr'><strong>Dominiei</strong></span> <span class='ocrx_word' id='word_1_644' title='bbox 3238 3812 3382 3867; x_wconf 60' lang='lat' dir='ltr'><strong>prtev</strong></span> 
     </span>
    </p>
   </div>
   <div class='ocr_carea' id='block_1_86' title="bbox 1808 3888 3383 3970">
    <p class='ocr_par' dir='ltr' id='par_1_86' title="bbox 1808 3888 3383 3970">
     <span class='ocr_line' id='line_1_86' title="bbox 1808 3888 3383 3970; baseline -0.01 -15"><span class='ocrx_word' id='word_1_645' title='bbox 1808 3898 1994 3970; x_wconf 83' lang='lat' dir='ltr'><strong>cepti?</strong></span> <span class='ocrx_word' id='word_1_646' title='bbox 2023 3897 2366 3968; x_wconf 79' lang='lat' dir='ltr'><strong>Baptizantes</strong></span> <span class='ocrx_word' id='word_1_647' title='bbox 2416 3912 2504 3951; x_wconf 84' lang='lat' dir='ltr'><strong>eos</strong></span> <span class='ocrx_word' id='word_1_648' title='bbox 2545 3897 2600 3949; x_wconf 85' lang='lat' dir='ltr'><strong>in</strong></span> <span class='ocrx_word' id='word_1_649' title='bbox 2642 3910 2827 3949; x_wconf 84' lang='lat' dir='ltr'><strong>nomen</strong></span> <span class='ocrx_word' id='word_1_650' title='bbox 2866 3891 3047 3945; x_wconf 78' lang='lat' dir='ltr'><strong>Patris</strong></span> <span class='ocrx_word' id='word_1_651' title='bbox 3080 3900 3128 3944; x_wconf 77' lang='lat' dir='ltr'><strong>et</strong></span> <span class='ocrx_word' id='word_1_652' title='bbox 3176 3888 3305 3941; x_wconf 78' lang='lat' dir='ltr'><strong><em>Filii</em></strong></span> <span class='ocrx_word' id='word_1_653' title='bbox 3329 3897 3383 3942; x_wconf 80' lang='lat' dir='ltr'><strong>et</strong></span> 
     </span>
    </p>
   </div>
   <div class='ocr_carea' id='block_1_87' title="bbox 1810 3979 3381 4062">
    <p class='ocr_par' dir='ltr' id='par_1_87' title="bbox 1810 3979 3381 4062">
     <span class='ocr_line' id='line_1_87' title="bbox 1810 3979 3381 4062; baseline -0.01 -14"><span class='ocrx_word' id='word_1_654' title='bbox 1810 3992 2041 4062; x_wconf 75' lang='lat' dir='ltr'><strong>Spiritus</strong></span> <span class='ocrx_word' id='word_1_655' title='bbox 2089 3990 2281 4045; x_wconf 75' lang='lat' dir='ltr'><strong>sancti.</strong></span> <span class='ocrx_word' id='word_1_656' title='bbox 2325 3988 2611 4055; x_wconf 84' lang='lat' dir='ltr'><strong>Quomodo</strong></span> <span class='ocrx_word' id='word_1_657' title='bbox 2641 3987 2696 4040; x_wconf 90' lang='lat' dir='ltr'><strong>in</strong></span> <span class='ocrx_word' id='word_1_658' title='bbox 2756 3999 2953 4039; x_wconf 84' lang='lat' dir='ltr'><strong>nomen</strong></span> <span class='ocrx_word' id='word_1_659' title='bbox 2987 3980 3213 4037; x_wconf 82' lang='lat' dir='ltr'><strong>Patris?</strong></span> <span class='ocrx_word' id='word_1_660' title='bbox 3251 3979 3381 4048; x_wconf 81' lang='lat' dir='ltr'><strong>quia</strong></span> 
     </span>
    </p>
   </div>
   <div class='ocr_carea' id='block_1_88' title="bbox 1808 4069 3380 4155">
    <p class='ocr_par' dir='ltr' id='par_1_88' title="bbox 1808 4069 3380 4155">
     <span class='ocr_line' id='line_1_88' title="bbox 1808 4069 3380 4155; baseline -0.01 -17"><span class='ocrx_word' id='word_1_661' title='bbox 1808 4084 2133 4155; x_wconf 90' lang='lat' dir='ltr'><strong>principium</strong></span> <span class='ocrx_word' id='word_1_662' title='bbox 2161 4090 2245 4137; x_wconf 86' lang='lat' dir='ltr'><strong>est</strong></span> <span class='ocrx_word' id='word_1_663' title='bbox 2280 4082 2522 4137; x_wconf 90' lang='lat' dir='ltr'><strong>omnium</strong></span> <span class='ocrx_word' id='word_1_664' title='bbox 2562 4094 2765 4143; x_wconf 87' lang='lat' dir='ltr'><strong>rerum.</strong></span> <span class='ocrx_word' id='word_1_665' title='bbox 2794 4076 2911 4142; x_wconf 90' lang='lat' dir='ltr'><strong>Qua</strong></span> <span class='ocrx_word' id='word_1_666' title='bbox 2954 4076 3167 4129; x_wconf 80' lang='lat' dir='ltr'><strong>ratione</strong></span> <span class='ocrx_word' id='word_1_667' title='bbox 3203 4073 3259 4126; x_wconf 92' lang='lat' dir='ltr'><strong>in</strong></span> <span class='ocrx_word' id='word_1_668' title='bbox 3290 4069 3380 4124; x_wconf 60' lang='lat' dir='ltr'><strong>Fi.</strong></span> 
     </span>
    </p>
   </div>
   <div class='ocr_carea' id='block_1_89' title="bbox 1808 4163 3379 4245">
    <p class='ocr_par' dir='ltr' id='par_1_89' title="bbox 1808 4163 3379 4245">
     <span class='ocr_line' id='line_1_89' title="bbox 1808 4163 3379 4245; baseline -0.004 -18"><span class='ocrx_word' id='word_1_669' title='bbox 1808 4176 1985 4228; x_wconf 78' lang='lat' dir='ltr'><strong>lium?</strong></span> <span class='ocrx_word' id='word_1_670' title='bbox 2015 4173 2274 4245; x_wconf 83' lang='lat' dir='ltr'><strong>quoniam</strong></span> <span class='ocrx_word' id='word_1_671' title='bbox 2328 4171 2584 4235; x_wconf 87' lang='lat' dir='ltr'><strong>conditor</strong></span> <span class='ocrx_word' id='word_1_672' title='bbox 2634 4176 2901 4225; x_wconf 69' lang='lat' dir='ltr'><strong>creaturae</strong></span> <span class='ocrx_word' id='word_1_673' title='bbox 2940 4175 3045 4223; x_wconf 88' lang='lat' dir='ltr'><strong>est.</strong></span> <span class='ocrx_word' id='word_1_674' title='bbox 3090 4163 3379 4231; x_wconf 88' lang='lat' dir='ltr'><strong>Quomodo</strong></span> 
     </span>
    </p>
   </div>
   <div class='ocr_carea' id='block_1_90' title="bbox 1808 4253 3377 4334">
    <p class='ocr_par' dir='ltr' id='par_1_90' title="bbox 1808 4253 3377 4334">
     <span class='ocr_line' id='line_1_90' title="bbox 1808 4253 3377 4334; baseline -0.006 -16"><span class='ocrx_word' id='word_1_675' title='bbox 1808 4265 1863 4318; x_wconf 90' lang='lat' dir='ltr'><strong>in</strong></span> <span class='ocrx_word' id='word_1_676' title='bbox 1899 4263 2163 4334; x_wconf 89' lang='lat' dir='ltr'><strong>Spiritum</strong></span> <span class='ocrx_word' id='word_1_677' title='bbox 2208 4263 2507 4319; x_wconf 85' lang='lat' dir='ltr'><strong>sanctum?</strong></span> <span class='ocrx_word' id='word_1_678' title='bbox 2538 4260 2665 4332; x_wconf 86' lang='lat' dir='ltr'><strong>quia</strong></span> <span class='ocrx_word' id='word_1_679' title='bbox 2723 4261 2830 4313; x_wconf 83' lang='lat' dir='ltr'><strong>vim</strong></span> <span class='ocrx_word' id='word_1_680' title='bbox 2892 4259 3077 4311; x_wconf 88' lang='lat' dir='ltr'><strong>omnia</strong></span> <span class='ocrx_word' id='word_1_681' title='bbox 3127 4253 3377 4309; x_wconf 81' lang='lat' dir='ltr'><strong>absoluta</strong></span> 
     </span>
    </p>
   </div>
   <div class='ocr_carea' id='block_1_91' title="bbox 1807 4344 3380 4421">
    <p class='ocr_par' dir='ltr' id='par_1_91' title="bbox 1807 4344 3380 4421">
     <span class='ocr_line' id='line_1_91' title="bbox 1807 4344 3380 4421; baseline -0.006 -10"><span class='ocrx_word' id='word_1_682' title='bbox 1807 4356 2066 4411; x_wconf 88' lang='lat' dir='ltr'><strong>reddendi</strong></span> <span class='ocrx_word' id='word_1_683' title='bbox 2110 4355 2292 4410; x_wconf 85' lang='lat' dir='ltr'><strong>habet.</strong></span> <span class='ocrx_word' id='word_1_684' title='bbox 2343 4354 2731 4409; x_wconf 86' lang='lat' dir='ltr'><strong>Submittimus</strong></span> <span class='ocrx_word' id='word_1_685' title='bbox 2783 4351 2948 4421; x_wconf 84' lang='lat' dir='ltr'><strong>igitur</strong></span> <span class='ocrx_word' id='word_1_686' title='bbox 2984 4363 3082 4402; x_wconf 89' lang='lat' dir='ltr'><strong>nos</strong></span> <span class='ocrx_word' id='word_1_687' title='bbox 3116 4344 3288 4407; x_wconf 86' lang='lat' dir='ltr'><strong>Patri,</strong></span> <span class='ocrx_word' id='word_1_688' title='bbox 3318 4353 3380 4401; x_wconf 75' lang='lat' dir='ltr'><strong>ut</strong></span> 
     </span>
    </p>
   </div>
   <div class='ocr_carea' id='block_1_92' title="bbox 1807 4438 3380 4515">
    <p class='ocr_par' dir='ltr' id='par_1_92' title="bbox 1807 4438 3380 4515">
     <span class='ocr_line' id='line_1_92' title="bbox 1807 4438 3380 4515; baseline -0.008 -12"><span class='ocrx_word' id='word_1_689' title='bbox 1807 4448 2257 4515; x_wconf 82' lang='lat' dir='ltr'><strong>sanctiﬁcemur;</strong></span> <span class='ocrx_word' id='word_1_690' title='bbox 2284 4446 2660 4503; x_wconf 84' lang='lat' dir='ltr'><strong>submittimus</strong></span> <span class='ocrx_word' id='word_1_691' title='bbox 2699 4446 2826 4499; x_wconf 91' lang='lat' dir='ltr'><strong>item</strong></span> <span class='ocrx_word' id='word_1_692' title='bbox 2863 4457 2961 4497; x_wconf 87' lang='lat' dir='ltr'><strong>nos</strong></span> <span class='ocrx_word' id='word_1_693' title='bbox 2992 4439 3153 4502; x_wconf 90' lang='lat' dir='ltr'><strong>Filio,</strong></span> <span class='ocrx_word' id='word_1_694' title='bbox 3186 4449 3246 4492; x_wconf 91' lang='lat' dir='ltr'><strong>ut</strong></span> <span class='ocrx_word' id='word_1_695' title='bbox 3276 4438 3380 4492; x_wconf 84' lang='lat' dir='ltr'><strong>hoe</strong></span> 
     </span>
    </p>
   </div>
   <div class='ocr_carea' id='block_1_93' title="bbox 1803 4534 3381 4612">
    <p class='ocr_par' dir='ltr' id='par_1_93' title="bbox 1803 4534 3381 4612">
     <span class='ocr_line' id='line_1_93' title="bbox 1803 4534 3381 4612; baseline -0.008 -16"><span class='ocrx_word' id='word_1_696' title='bbox 1803 4542 1984 4612; x_wconf 90' lang='lat' dir='ltr'><strong>ipsum</strong></span> <span class='ocrx_word' id='word_1_697' title='bbox 2021 4538 2113 4594; x_wconf 76' lang='lat' dir='ltr'><strong>fiat</strong></span> <span class='ocrx_word' id='word_1_698' title='bbox 2140 4557 2155 4607; x_wconf 92' lang='lat'>;</span> <span class='ocrx_word' id='word_1_699' title='bbox 2187 4539 2563 4597; x_wconf 83' lang='lat' dir='ltr'><strong>sttbmittimus</strong></span> <span class='ocrx_word' id='word_1_700' title='bbox 2590 4551 2692 4592; x_wconf 89' lang='lat' dir='ltr'><strong>nos</strong></span> <span class='ocrx_word' id='word_1_701' title='bbox 2731 4534 2962 4606; x_wconf 88' lang='lat' dir='ltr'><strong>Spiritui</strong></span> <span class='ocrx_word' id='word_1_702' title='bbox 3013 4545 3231 4603; x_wconf 82' lang='lat' dir='ltr'><strong>quoque</strong></span> <span class='ocrx_word' id='word_1_703' title='bbox 3252 4544 3381 4584; x_wconf 75' lang='lat' dir='ltr'><strong>san—</strong></span> 
     </span>
    </p>
   </div>
   <div class='ocr_carea' id='block_1_94' title="bbox 1803 4622 3379 4700">
    <p class='ocr_par' dir='ltr' id='par_1_94' title="bbox 1803 4622 3379 4700">
     <span class='ocr_line' id='line_1_94' title="bbox 1803 4622 3379 4700; baseline -0.005 -12"><span class='ocrx_word' id='word_1_704' title='bbox 1803 4642 1913 4697; x_wconf 92' lang='lat' dir='ltr'><strong>cto,</strong></span> <span class='ocrx_word' id='word_1_705' title='bbox 1946 4641 2009 4687; x_wconf 88' lang='lat' dir='ltr'><strong>ut</strong></span> <span class='ocrx_word' id='word_1_706' title='bbox 2058 4633 2111 4687; x_wconf 92' lang='lat' dir='ltr'><strong>id</strong></span> <span class='ocrx_word' id='word_1_707' title='bbox 2157 4631 2455 4688; x_wconf 78' lang='lat' dir='ltr'><strong>elﬁciamur</strong></span> <span class='ocrx_word' id='word_1_708' title='bbox 2487 4672 2503 4697; x_wconf 94' lang='lat'><strong>,</strong></span> <span class='ocrx_word' id='word_1_709' title='bbox 2544 4629 2690 4700; x_wconf 85' lang='lat' dir='ltr'><strong>quod</strong></span> <span class='ocrx_word' id='word_1_710' title='bbox 2719 4627 2886 4699; x_wconf 66' lang='lat' dir='ltr'><strong>(ille)</strong></span> <span class='ocrx_word' id='word_1_711' title='bbox 2920 4632 3006 4682; x_wconf 88' lang='lat' dir='ltr'><strong>est</strong></span> <span class='ocrx_word' id='word_1_712' title='bbox 3042 4639 3108 4679; x_wconf 89' lang='lat' dir='ltr'><strong>ac</strong></span> <span class='ocrx_word' id='word_1_713' title='bbox 3157 4622 3379 4680; x_wconf 79' lang='lat' dir='ltr'><strong>dicitur.</strong></span> 
     </span>
    </p>
   </div>
   <div class='ocr_carea' id='block_1_95' title="bbox 124 4712 1702 4795">
    <p class='ocr_par' dir='ltr' id='par_1_95' title="bbox 124 4716 1692 4793">
     <span class='ocr_line' id='line_1_95' title="bbox 124 4716 1692 4793; baseline 0.005 -26"><span class='ocrx_word' id='word_1_714' title='bbox 124 4716 450 4782; x_wconf 78' lang='grc' dir='ltr'>ὑποστάσεις</span> <span class='ocrx_word' id='word_1_715' title='bbox 494 4718 987 4790; x_wconf 79' lang='grc' dir='ltr'>κατακερματίζεις</span> <span class='ocrx_word' id='word_1_716' title='bbox 1030 4723 1110 4785; x_wconf 88' lang='grc' dir='ltr'><strong>είς</strong></span> <span class='ocrx_word' id='word_1_717' title='bbox 1145 4720 1433 4793; x_wconf 80' lang='grc' dir='ltr'>διαφόρους</span> <span class='ocrx_word' id='word_1_718' title='bbox 1473 4722 1692 4791; x_wconf 79' lang='grc' dir='ltr'>φύσεις,</span> 
     </span>
    </p>
   </div>
   <div class='ocr_carea' id='block_1_96' title="bbox 1808 4712 3380 4795">
    <p class='ocr_par' dir='ltr' id='par_1_96' title="bbox 1808 4712 3380 4787">
     <span class='ocr_line' id='line_1_96' title="bbox 1808 4712 3380 4787; baseline -0.006 -10"><span class='ocrx_word' id='word_1_719' title='bbox 1808 4722 1920 4779; x_wconf 83' lang='grc' dir='ltr'>Νοη</span> <span class='ocrx_word' id='word_1_720' title='bbox 1972 4733 2058 4781; x_wconf 84' lang='lat' dir='ltr'><strong>est</strong></span> <span class='ocrx_word' id='word_1_721' title='bbox 2090 4724 2402 4780; x_wconf 74' lang='lat' dir='ltr'><strong>differentia</strong></span> <span class='ocrx_word' id='word_1_722' title='bbox 2452 4720 2948 4784; x_wconf 79' lang='lat' dir='ltr'><strong>sanctiﬁcatiOnis,</strong></span> <span class='ocrx_word' id='word_1_723' title='bbox 3000 4715 3160 4787; x_wconf 87' lang='lat' dir='ltr'><strong>quasi</strong></span> <span class='ocrx_word' id='word_1_724' title='bbox 3216 4712 3380 4767; x_wconf 82' lang='lat' dir='ltr'><strong>Patre</strong></span> 
     </span>
    </p>
   </div>
   <div class='ocr_carea' id='block_1_97' title="bbox 121 4809 1698 4886">
    <p class='ocr_par' dir='ltr' id='par_1_97' title="bbox 121 4809 1698 4886">
     <span class='ocr_line' id='line_1_97' title="bbox 121 4809 1698 4886; baseline 0.006 -26"><span class='ocrx_word' id='word_1_725' title='bbox 121 4809 208 4861; x_wconf 76' lang='grc' dir='ltr'>καὶ</span> <span class='ocrx_word' id='word_1_726' title='bbox 257 4812 412 4881; x_wconf 87' lang='grc' dir='ltr'>τρεῖς</span> <span class='ocrx_word' id='word_1_727' title='bbox 464 4809 674 4883; x_wconf 81' lang='grc' dir='ltr'>ἐργάζῃ</span> <span class='ocrx_word' id='word_1_728' title='bbox 721 4810 889 4875; x_wconf 85' lang='grc' dir='ltr'>Θεοὺς</span> <span class='ocrx_word' id='word_1_729' title='bbox 928 4813 1213 4884; x_wconf 87' lang='grc' dir='ltr'>ἀνομοίους</span> <span class='ocrx_word' id='word_1_730' title='bbox 1257 4814 1518 4885; x_wconf 87' lang='grc' dir='ltr'>ἀλλήλων,</span> <span class='ocrx_word' id='word_1_731' title='bbox 1571 4816 1698 4886; x_wconf 82' lang='grc' dir='ltr'>μίαν</span> 
     </span>
    </p>
   </div>
   <div class='ocr_carea' id='block_1_98' title="bbox 121 4900 1485 4976">
    <p class='ocr_par' dir='ltr' id='par_1_98' title="bbox 121 4900 1485 4976">
     <span class='ocr_line' id='line_1_98' title="bbox 121 4900 1485 4976; baseline 0.007 -26"><span class='ocrx_word' id='word_1_732' title='bbox 121 4900 264 4969; x_wconf 73' lang='grc' dir='ltr'>παρὰ</span> <span class='ocrx_word' id='word_1_733' title='bbox 296 4900 519 4953; x_wconf 86' lang='grc' dir='ltr'>πάντων</span> <span class='ocrx_word' id='word_1_734' title='bbox 546 4901 640 4953; x_wconf 77' lang='grc' dir='ltr'>καὶ</span> <span class='ocrx_word' id='word_1_735' title='bbox 665 4900 761 4972; x_wconf 77' lang='grc' dir='ltr'>τὴν</span> <span class='ocrx_word' id='word_1_736' title='bbox 790 4902 955 4973; x_wconf 78' lang='grc' dir='ltr'>αὐτὴν</span> <span class='ocrx_word' id='word_1_737' title='bbox 983 4903 1141 4976; x_wconf 90' lang='grc' dir='ltr'>χάριν</span> <span class='ocrx_word' id='word_1_738' title='bbox 1164 4903 1485 4975; x_wconf 86' lang='grc' dir='ltr'>δεχόμενος;</span> 
     </span>
    </p>
   </div>
   <div class='ocr_carea' id='block_1_99' title="bbox 1806 4802 3380 4887">
    <p class='ocr_par' dir='ltr' id='par_1_99' title="bbox 1806 4802 3380 4887">
     <span class='ocr_line' id='line_1_99' title="bbox 1806 4802 3380 4887; baseline -0.01 -17"><span class='ocrx_word' id='word_1_739' title='bbox 1806 4817 2060 4887; x_wconf 86' lang='lat' dir='ltr'><strong>amplius,</strong></span> <span class='ocrx_word' id='word_1_740' title='bbox 2094 4816 2235 4871; x_wconf 90' lang='lat' dir='ltr'><strong>Filio</strong></span> <span class='ocrx_word' id='word_1_741' title='bbox 2263 4819 2466 4878; x_wconf 90' lang='lat' dir='ltr'><strong>minus,</strong></span> <span class='ocrx_word' id='word_1_742' title='bbox 2497 4823 2552 4867; x_wconf 85' lang='lat' dir='ltr'><strong>et</strong></span> <span class='ocrx_word' id='word_1_743' title='bbox 2595 4812 2779 4866; x_wconf 89' lang='lat' dir='ltr'><strong>minus</strong></span> <span class='ocrx_word' id='word_1_744' title='bbox 2805 4823 2967 4881; x_wconf 82' lang='lat' dir='ltr'><strong>quam</strong></span> <span class='ocrx_word' id='word_1_745' title='bbox 2996 4816 3225 4875; x_wconf 89' lang='lat' dir='ltr'><strong>uterque</strong></span> <span class='ocrx_word' id='word_1_746' title='bbox 3254 4802 3380 4871; x_wconf 50' lang='lat' dir='ltr'><strong>Spiv</strong></span> 
     </span>
    </p>
   </div>
   <div class='ocr_carea' id='block_1_100' title="bbox 1803 4895 3382 4973">
    <p class='ocr_par' dir='ltr' id='par_1_100' title="bbox 1803 4895 3382 4973">
     <span class='ocr_line' id='line_1_100' title="bbox 1803 4895 3382 4973; baseline -0.008 -11"><span class='ocrx_word' id='word_1_747' title='bbox 1803 4909 1915 4964; x_wconf 86' lang='lat' dir='ltr'><strong>ritu</strong></span> <span class='ocrx_word' id='word_1_748' title='bbox 1947 4916 2138 4964; x_wconf 85' lang='lat' dir='ltr'><strong>sancto</strong></span> <span class='ocrx_word' id='word_1_749' title='bbox 2161 4907 2557 4963; x_wconf 81' lang='lat' dir='ltr'><strong>sanctificante.</strong></span> <span class='ocrx_word' id='word_1_750' title='bbox 2581 4904 2694 4960; x_wconf 89' lang='lat' dir='ltr'><strong>Cur</strong></span> <span class='ocrx_word' id='word_1_751' title='bbox 2722 4904 2890 4973; x_wconf 83' lang='lat' dir='ltr'><strong>igitur</strong></span> <span class='ocrx_word' id='word_1_752' title='bbox 2914 4901 3087 4957; x_wconf 85' lang='lat' dir='ltr'><strong>trinas</strong></span> <span class='ocrx_word' id='word_1_753' title='bbox 3125 4899 3248 4953; x_wconf 80' lang='lat' dir='ltr'><strong>illas</strong></span> <span class='ocrx_word' id='word_1_754' title='bbox 3277 4895 3382 4965; x_wconf 75' lang='lat' dir='ltr'><strong>by-</strong></span> 
     </span>
    </p>
   </div>
   <div class='ocr_carea' id='block_1_101' title="bbox 120 4992 3380 5063">
    <p class='ocr_par' dir='ltr' id='par_1_101' title="bbox 120 4992 3380 5063">
     <span class='ocr_line' id='line_1_101' title="bbox 120 4992 3380 5063; baseline -0.001 -18"><span class='ocrx_word' id='word_1_755' title='bbox 120 5000 366 5058; x_wconf 83' lang='lat' dir='ltr'><strong>postases</strong></span> <span class='ocrx_word' id='word_1_756' title='bbox 425 4992 669 5048; x_wconf 83' lang='lat' dir='ltr'><strong>concidis</strong></span> <span class='ocrx_word' id='word_1_757' title='bbox 707 5008 772 5048; x_wconf 90' lang='lat' dir='ltr'><strong>ac</strong></span> <span class='ocrx_word' id='word_1_758' title='bbox 808 4994 1007 5051; x_wconf 87' lang='lat' dir='ltr'><strong>dividis</strong></span> <span class='ocrx_word' id='word_1_759' title='bbox 1050 4996 1103 5050; x_wconf 87' lang='lat' dir='ltr'><strong>in</strong></span> <span class='ocrx_word' id='word_1_760' title='bbox 1130 4996 1375 5053; x_wconf 85' lang='lat' dir='ltr'><strong>diversas</strong></span> <span class='ocrx_word' id='word_1_761' title='bbox 1420 5006 1646 5053; x_wconf 89' lang='lat' dir='ltr'><strong>naturas</strong></span> <span class='ocrx_word' id='word_1_762' title='bbox 1680 5035 1697 5063; x_wconf 85' lang='lat'><strong>,</strong></span> <span class='ocrx_word' id='word_1_763' title='bbox 1736 5013 1801 5055; x_wconf 90' lang='lat' dir='ltr'><strong>ac</strong></span> <span class='ocrx_word' id='word_1_764' title='bbox 1853 5011 1968 5058; x_wconf 88' lang='lat' dir='ltr'><strong>tres</strong></span> <span class='ocrx_word' id='word_1_765' title='bbox 1999 5000 2166 5056; x_wconf 77' lang='lat' dir='ltr'><strong>emcis</strong></span> <span class='ocrx_word' id='word_1_766' title='bbox 2196 4997 2335 5054; x_wconf 90' lang='lat' dir='ltr'><strong>Deos</strong></span> <span class='ocrx_word' id='word_1_767' title='bbox 2368 4999 2511 5053; x_wconf 88' lang='lat' dir='ltr'><strong>inter</strong></span> <span class='ocrx_word' id='word_1_768' title='bbox 2549 5012 2609 5054; x_wconf 87' lang='lat' dir='ltr'><strong>se</strong></span> <span class='ocrx_word' id='word_1_769' title='bbox 2640 4994 2957 5057; x_wconf 87' lang='lat' dir='ltr'><strong>dissimiles,</strong></span> <span class='ocrx_word' id='word_1_770' title='bbox 3020 5006 3149 5047; x_wconf 80' lang='lat' dir='ltr'><strong>cum</strong></span> <span class='ocrx_word' id='word_1_771' title='bbox 3213 4999 3380 5044; x_wconf 79' lang='lat' dir='ltr'><strong>unam</strong></span> 
     </span>
    </p>
   </div>
   <div class='ocr_carea' id='block_1_102' title="bbox 121 5080 1699 5159">
    <p class='ocr_par' dir='ltr' id='par_1_102' title="bbox 121 5080 1699 5159">
     <span class='ocr_line' id='line_1_102' title="bbox 121 5080 1699 5159; baseline 0.002 -22"><span class='ocrx_word' id='word_1_772' title='bbox 121 5090 171 5137; x_wconf 85' lang='lat' dir='ltr'><strong>et</strong></span> <span class='ocrx_word' id='word_1_773' title='bbox 206 5080 456 5136; x_wconf 86' lang='lat' dir='ltr'><strong>eamdem</strong></span> <span class='ocrx_word' id='word_1_774' title='bbox 500 5082 570 5139; x_wconf 90' lang='lat' dir='ltr'><strong>ab</strong></span> <span class='ocrx_word' id='word_1_775' title='bbox 600 5085 860 5141; x_wconf 84' lang='lat' dir='ltr'><strong>omnibus</strong></span> <span class='ocrx_word' id='word_1_776' title='bbox 914 5087 1077 5142; x_wconf 90' lang='lat' dir='ltr'><strong>etiam</strong></span> <span class='ocrx_word' id='word_1_777' title='bbox 1132 5088 1362 5159; x_wconf 86' lang='lat' dir='ltr'><strong>gratiam</strong></span> <span class='ocrx_word' id='word_1_778' title='bbox 1406 5088 1699 5158; x_wconf 84' lang='lat' dir='ltr'><strong>accipias?</strong></span> 
     </span>
    </p>
   </div>
   <div class='ocr_carea' id='block_1_103' title="bbox 198 5172 1696 5247">
    <p class='ocr_par' dir='ltr' id='par_1_103' title="bbox 198 5172 1696 5247">
     <span class='ocr_line' id='line_1_103' title="bbox 198 5172 1696 5247; baseline 0 -19"><span class='ocrx_word' id='word_1_779' title='bbox 198 5172 419 5244; x_wconf 78' lang='grc' dir='ltr'>Ἐπειδὴ</span> <span class='ocrx_word' id='word_1_780' title='bbox 448 5172 505 5227; x_wconf 79' lang='grc' dir='ltr'>δὲ</span> <span class='ocrx_word' id='word_1_781' title='bbox 537 5172 607 5226; x_wconf 81' lang='grc' dir='ltr'>τὰ</span> <span class='ocrx_word' id='word_1_782' title='bbox 634 5175 1007 5246; x_wconf 82' lang='grc' dir='ltr'>ὑποδείγματα</span> <span class='ocrx_word' id='word_1_783' title='bbox 1045 5175 1413 5247; x_wconf 76' lang='grc' dir='ltr'>ὲμψυχότερον</span> <span class='ocrx_word' id='word_1_784' title='bbox 1442 5177 1531 5230; x_wconf 70' lang='grc' dir='ltr'><strong>ἀεὶ</strong></span> <span class='ocrx_word' id='word_1_785' title='bbox 1559 5176 1696 5247; x_wconf 83' lang='grc' dir='ltr'>πρὸς</span> 
     </span>
    </p>
   </div>
   <div class='ocr_carea' id='block_1_104' title="bbox 1864 5167 3380 5240">
    <p class='ocr_par' dir='ltr' id='par_1_104' title="bbox 1864 5167 3380 5240">
     <span class='ocr_line' id='line_1_104' title="bbox 1864 5167 3380 5240; baseline -0.003 -12"><span class='ocrx_word' id='word_1_786' title='bbox 1864 5172 2132 5240; x_wconf 90' lang='lat' dir='ltr'><strong>Quoniam</strong></span> <span class='ocrx_word' id='word_1_787' title='bbox 2167 5178 2350 5227; x_wconf 89' lang='lat' dir='ltr'><strong>autem</strong></span> <span class='ocrx_word' id='word_1_788' title='bbox 2400 5169 2788 5227; x_wconf 88' lang='lat' dir='ltr'><strong>similitudines</strong></span> <span class='ocrx_word' id='word_1_789' title='bbox 2824 5181 3042 5237; x_wconf 86' lang='lat' dir='ltr'><strong>semper</strong></span> <span class='ocrx_word' id='word_1_790' title='bbox 3072 5167 3380 5223; x_wconf 73' lang='lat' dir='ltr'><strong>orationem</strong></span> 
     </span>
    </p>
   </div>
   <div class='ocr_carea' id='block_1_105' title="bbox 116 5258 1702 5338">
    <p class='ocr_par' dir='ltr' id='par_1_105' title="bbox 116 5264 1696 5338">
     <span class='ocr_line' id='line_1_105' title="bbox 116 5264 1696 5338; baseline 0.001 -21"><span class='ocrx_word' id='word_1_791' title='bbox 116 5267 237 5328; x_wconf 75' lang='grc' dir='ltr'>τοὺς</span> <span class='ocrx_word' id='word_1_792' title='bbox 267 5264 572 5328; x_wconf 81' lang='grc' dir='ltr'>ἀκούοντας</span> <span class='ocrx_word' id='word_1_793' title='bbox 597 5265 689 5318; x_wconf 79' lang='grc' dir='ltr'>τὸν</span> <span class='ocrx_word' id='word_1_794' title='bbox 709 5265 865 5336; x_wconf 87' lang='grc' dir='ltr'>λόγον</span> <span class='ocrx_word' id='word_1_795' title='bbox 891 5266 1204 5337; x_wconf 76' lang='grc' dir='ltr'>ἐργάζεται,</span> <span class='ocrx_word' id='word_1_796' title='bbox 1237 5266 1403 5321; x_wconf 88' lang='grc' dir='ltr'>είκόνι</span> <span class='ocrx_word' id='word_1_797' title='bbox 1436 5266 1696 5338; x_wconf 86' lang='grc' dir='ltr'>βούλομαι</span> 
     </span>
    </p>
   </div>
   <div class='ocr_carea' id='block_1_106' title="bbox 1808 5258 3379 5338">
    <p class='ocr_par' dir='ltr' id='par_1_106' title="bbox 1808 5258 3379 5336">
     <span class='ocr_line' id='line_1_106' title="bbox 1808 5258 3379 5336; baseline -0.004 -18"><span class='ocrx_word' id='word_1_798' title='bbox 1808 5266 1939 5336; x_wconf 68' lang='lat' dir='ltr'><strong>apud</strong></span> <span class='ocrx_word' id='word_1_799' title='bbox 1973 5264 2251 5320; x_wconf 78' lang='lat' dir='ltr'><strong>auditores</strong></span> <span class='ocrx_word' id='word_1_800' title='bbox 2280 5262 2458 5335; x_wconf 86' lang='lat' dir='ltr'><strong>magis</strong></span> <span class='ocrx_word' id='word_1_801' title='bbox 2486 5264 2722 5318; x_wconf 84' lang='lat' dir='ltr'><strong>vividam</strong></span> <span class='ocrx_word' id='word_1_802' title='bbox 2754 5259 2989 5316; x_wconf 86' lang='lat' dir='ltr'><strong>reddunt</strong></span> <span class='ocrx_word' id='word_1_803' title='bbox 3014 5278 3032 5314; x_wconf 63' lang='grc' dir='ltr'><strong>ιε</strong></span> <span class='ocrx_word' id='word_1_804' title='bbox 3074 5258 3379 5313; x_wconf 86' lang='lat' dir='ltr'><strong>simulacro</strong></span> 
     </span>
    </p>
   </div>
   <div class='ocr_carea' id='block_1_107' title="bbox 118 5351 1702 5429">
    <p class='ocr_par' dir='ltr' id='par_1_107' title="bbox 118 5356 1694 5429">
     <span class='ocr_line' id='line_1_107' title="bbox 118 5356 1694 5429; baseline 0.001 -20"><span class='ocrx_word' id='word_1_805' title='bbox 118 5357 405 5411; x_wconf 80' lang='grc' dir='ltr'>παιδεῦσαι</span> <span class='ocrx_word' id='word_1_806' title='bbox 431 5356 540 5410; x_wconf 87' lang='grc' dir='ltr'><strong>τῶν</strong></span> <span class='ocrx_word' id='word_1_807' title='bbox 575 5356 1036 5429; x_wconf 83' lang='grc' dir='ltr'>βλασφημούντων</span> <span class='ocrx_word' id='word_1_808' title='bbox 1062 5358 1159 5427; x_wconf 83' lang='grc' dir='ltr'>τὴν</span> <span class='ocrx_word' id='word_1_809' title='bbox 1209 5356 1457 5428; x_wconf 81' lang='grc' dir='ltr'>γνώμην,</span> <span class='ocrx_word' id='word_1_810' title='bbox 1490 5360 1552 5411; x_wconf 84' lang='grc' dir='ltr'>ὲκ</span> <span class='ocrx_word' id='word_1_811' title='bbox 1584 5357 1694 5410; x_wconf 87' lang='grc' dir='ltr'><strong>τῶν</strong></span> 
     </span>
    </p>
   </div>
   <div class='ocr_carea' id='block_1_108' title="bbox 1808 5351 3377 5429">
    <p class='ocr_par' dir='ltr' id='par_1_108' title="bbox 1808 5351 3377 5422">
     <span class='ocr_line' id='line_1_108' title="bbox 1808 5351 3377 5422; baseline -0.003 -12"><span class='ocrx_word' id='word_1_812' title='bbox 1808 5356 2393 5413; x_wconf 71' lang='lat' dir='ltr'><strong>rolomaledicentium</strong></span> <span class='ocrx_word' id='word_1_813' title='bbox 2450 5363 2689 5411; x_wconf 81' lang='lat' dir='ltr'><strong>mentem</strong></span> <span class='ocrx_word' id='word_1_814' title='bbox 2741 5351 2982 5419; x_wconf 85' lang='lat' dir='ltr'><strong>erudire,</strong></span> <span class='ocrx_word' id='word_1_815' title='bbox 3024 5366 3123 5422; x_wconf 81' lang='lat' dir='ltr'><strong>per</strong></span> <span class='ocrx_word' id='word_1_816' title='bbox 3157 5360 3377 5406; x_wconf 77' lang='lat' dir='ltr'><strong>terrena</strong></span> 
     </span>
    </p>
   </div>
   <div class='ocr_carea' id='block_1_109' title="bbox 120 5448 1696 5521">
    <p class='ocr_par' dir='ltr' id='par_1_109' title="bbox 120 5448 1696 5521">
     <span class='ocr_line' id='line_1_109' title="bbox 120 5448 1696 5521; baseline 0.001 -20"><span class='ocrx_word' id='word_1_817' title='bbox 120 5450 317 5518; x_wconf 76' lang='grc' dir='ltr'>γηίνων</span> <span class='ocrx_word' id='word_1_818' title='bbox 342 5449 439 5501; x_wconf 60' lang='grc' dir='ltr'><strong>καὶ⁸</strong></span> <span class='ocrx_word' id='word_1_819' title='bbox 461 5451 734 5503; x_wconf 87' lang='grc' dir='ltr'>ταπεινῶν</span> <span class='ocrx_word' id='word_1_820' title='bbox 766 5448 1159 5521; x_wconf 79' lang='grc' dir='ltr'>σαφηνίζωντὰ</span> <span class='ocrx_word' id='word_1_821' title='bbox 1189 5450 1419 5519; x_wconf 79' lang='grc' dir='ltr'>μεγάλα,</span> <span class='ocrx_word' id='word_1_822' title='bbox 1449 5452 1543 5504; x_wconf 68' lang='grc' dir='ltr'>καὶ</span> <span class='ocrx_word' id='word_1_823' title='bbox 1571 5452 1696 5503; x_wconf 85' lang='grc' dir='ltr'>κατ’</span> 
     </span>
    </p>
   </div>
   <div class='ocr_carea' id='block_1_110' title="bbox 1794 5449 3375 5520">
    <p class='ocr_par' dir='ltr' id='par_1_110' title="bbox 1794 5449 3375 5520">
     <span class='ocr_line' id='line_1_110' title="bbox 1794 5449 3375 5520; baseline -0.006 -17"><span class='ocrx_word' id='word_1_824' title='bbox 1794 5458 1957 5520; x_wconf 86' lang='lat' dir='ltr'><strong>atque</strong></span> <span class='ocrx_word' id='word_1_825' title='bbox 2002 5449 2264 5514; x_wconf 86' lang='lat' dir='ltr'><strong>humilia,</strong></span> <span class='ocrx_word' id='word_1_826' title='bbox 2320 5462 2556 5519; x_wconf 88' lang='lat' dir='ltr'><strong>magna,</strong></span> <span class='ocrx_word' id='word_1_827' title='bbox 2597 5460 2827 5518; x_wconf 68' lang='lat' dir='ltr'><strong>quaeque</strong></span> <span class='ocrx_word' id='word_1_828' title='bbox 2872 5459 3038 5500; x_wconf 82' lang='lat' dir='ltr'><strong>sensu</strong></span> <span class='ocrx_word' id='word_1_829' title='bbox 3080 5457 3191 5498; x_wconf 91' lang='lat' dir='ltr'><strong>non</strong></span> <span class='ocrx_word' id='word_1_830' title='bbox 3251 5457 3375 5497; x_wconf 65' lang='lat' dir='ltr'><strong>cer.</strong></span> 
     </span>
    </p>
   </div>
   <div class='ocr_carea' id='block_1_111' title="bbox 119 5536 1702 5613">
    <p class='ocr_par' dir='ltr' id='par_1_111' title="bbox 119 5537 1697 5613">
     <span class='ocr_line' id='line_1_111' title="bbox 119 5537 1697 5613; baseline 0.001 -23"><span class='ocrx_word' id='word_1_831' title='bbox 119 5537 363 5609; x_wconf 72' lang='grc' dir='ltr'>αἴσθησιν</span> <span class='ocrx_word' id='word_1_832' title='bbox 396 5538 473 5609; x_wconf 83' lang='grc' dir='ltr'>μὴ</span> <span class='ocrx_word' id='word_1_833' title='bbox 500 5538 824 5609; x_wconf 79' lang='grc' dir='ltr'>βλεπόμενα.</span> <span class='ocrx_word' id='word_1_834' title='bbox 848 5541 913 5593; x_wconf 84' lang='grc' dir='ltr'><strong>Εἰ</strong></span> <span class='ocrx_word' id='word_1_835' title='bbox 942 5542 1050 5611; x_wconf 88' lang='grc' dir='ltr'><strong>γάρ</strong></span> <span class='ocrx_word' id='word_1_836' title='bbox 1080 5557 1163 5593; x_wconf 89' lang='grc' dir='ltr'><strong>σοι</strong></span> <span class='ocrx_word' id='word_1_837' title='bbox 1188 5541 1385 5594; x_wconf 69' lang='grc' dir='ltr'>συνέϐη</span> <span class='ocrx_word' id='word_1_838' title='bbox 1414 5542 1697 5613; x_wconf 62' lang='grc' dir='ltr'>συμφορὰν</span> 
     </span>
    </p>
   </div>
   <div class='ocr_carea' id='block_1_112' title="bbox 1808 5536 3375 5613">
    <p class='ocr_par' dir='ltr' id='par_1_112' title="bbox 1808 5536 3375 5611">
     <span class='ocr_line' id='line_1_112' title="bbox 1808 5536 3375 5611; baseline -0.009 -11"><span class='ocrx_word' id='word_1_839' title='bbox 1808 5552 2039 5611; x_wconf 69' lang='lat' dir='ltr'><strong>nuntur,</strong></span> <span class='ocrx_word' id='word_1_840' title='bbox 2088 5542 2398 5600; x_wconf 86' lang='lat' dir='ltr'><strong>declarans.</strong></span> <span class='ocrx_word' id='word_1_841' title='bbox 2435 5541 2572 5598; x_wconf 80' lang='lat' dir='ltr'><strong>Nam</strong></span> <span class='ocrx_word' id='word_1_842' title='bbox 2603 5542 2651 5598; x_wconf 92' lang='lat' dir='ltr'><strong>si</strong></span> <span class='ocrx_word' id='word_1_843' title='bbox 2689 5537 2961 5611; x_wconf 88' lang='lat' dir='ltr'><strong>ejusmodi</strong></span> <span class='ocrx_word' id='word_1_844' title='bbox 3010 5537 3107 5593; x_wconf 90' lang='lat' dir='ltr'><strong>tibi</strong></span> <span class='ocrx_word' id='word_1_845' title='bbox 3147 5536 3375 5599; x_wconf 68' lang='lat' dir='ltr'><strong>calami.</strong></span> 
     </span>
    </p>
   </div>
   <div class='ocr_carea' id='block_1_113' title="bbox 190 5716 1397 5783">
    <p class='ocr_par' dir='ltr' id='par_1_113' title="bbox 190 5716 1397 5783">
     <span class='ocr_line' id='line_1_113' title="bbox 190 5716 1397 5783; baseline 0.002 -13"><span class='ocrx_word' id='word_1_846' title='bbox 190 5717 230 5748; x_wconf 81' lang='lat'>“</span> <span class='ocrx_word' id='word_1_847' title='bbox 269 5716 413 5773; x_wconf 78' lang='lat' dir='ltr'><strong>Psal.</strong></span> <span class='ocrx_word' id='word_1_848' title='bbox 455 5718 689 5780; x_wconf 69' lang='lat' dir='ltr'><strong>cm,9.4.</strong></span> <span class='ocrx_word' id='word_1_849' title='bbox 770 5720 813 5751; x_wconf 82' lang='lat'>”</span> <span class='ocrx_word' id='word_1_850' title='bbox 848 5718 1041 5773; x_wconf 83' lang='lat' dir='ltr'><strong>Matth.</strong></span> <span class='ocrx_word' id='word_1_851' title='bbox 1086 5734 1275 5783; x_wconf 81' lang='lat' dir='ltr'><strong>xxvttt,</strong></span> <span class='ocrx_word' id='word_1_852' title='bbox 1316 5719 1397 5773; x_wconf 82' lang='lat' dir='ltr'><strong>l9.</strong></span> 
     </span>
    </p>
   </div>
   <div class='ocr_carea' id='block_1_114' title="bbox 441 5809 1126 5871">
    <p class='ocr_par' dir='ltr' id='par_1_114' title="bbox 441 5809 1126 5871">
     <span class='ocr_line' id='line_1_114' title="bbox 441 5809 1126 5871; baseline -0.003 0"><span class='ocrx_word' id='word_1_853' title='bbox 441 5810 717 5871; x_wconf 62' lang='grc' dir='ltr'>Ριιηιοι.</span> <span class='ocrx_word' id='word_1_854' title='bbox 746 5812 862 5870; x_wconf 78' lang='lat' dir='ltr'><strong>Gn.</strong></span> <span class='ocrx_word' id='word_1_855' title='bbox 906 5809 1126 5871; x_wconf 72' lang='lat' dir='ltr'><strong>XLVI.</strong></span> 
     </span>
    </p>
   </div>
   <div class='ocr_carea' id='block_1_115' title="bbox 2958 5800 3033 5871">
    <p class='ocr_par' dir='ltr' id='par_1_115' title="bbox 2958 5800 3033 5871">
     <span class='ocr_line' id='line_1_115' title="bbox 2958 5800 3033 5871; baseline 0.027 -2"><span class='ocrx_word' id='word_1_856' title='bbox 2958 5800 3033 5871; x_wconf 75' lang='grc'><strong>19</strong></span> 
     </span>
    </p>
   </div>
  </div>
