3842 6396
480 243 585 300 587
617 276 634 290 .

1725 227 1785 285 S.
1821 223 2147 283 GBEGOBI!
2177 220 2483 277 NYSSENI

3640 200 3753 267 588'

480 371 567 414 tas
596 355 907 418 accidisset,
938 360 997 407 ut
1030 350 1279 422 captivus
1315 365 1468 407 esses
1507 346 1651 419 apud
1696 347 1884 404 hostes
1909 365 1924 415 ;
1948 361 2065 401 ser-

2186 342 2546 415 ιίχμαλωσίας
2579 338 2931 411 ὑπομείναντι
2956 330 3096 390 εἶναι
3128 332 3281 407 παρά
3311 334 3421 395 τοῖς
3445 329 3747 402 πολεμίοις’

480 467 582 506 vus
629 457 812 503 autem
846 454 903 501 et
948 445 1181 499 amictus
1232 458 1358 498 cum
1406 442 1609 513 gemitu
1658 439 1942 510 antiquam
1996 437 2063 490 li-

480 542 789 601 bertatem,
843 551 1006 607 quam
1066 535 1357 590 habuisses
1386 572 1401 597 ,
1454 530 1847 595 desiderares;
1904 538 2068 597 atque

482 638 706 701 repente
730 630 846 683 noti
876 635 932 685 et
956 628 1106 683 cives
1137 636 1273 689 tres,
1305 625 1400 696 qui
1430 624 1487 679 in
1523 622 1809 694 regionem
1840 631 2063 676 tuorum

480 722 828 777 dominorum
857 734 924 775 ac
964 728 1323 790 tyrannorum
1372 714 1757 779 advenissent,
1793 727 1861 768 ex
1894 710 2066 782 aequis

482 811 732 881 partibus
764 810 895 865 dato
941 808 1137 880 pretio,
1163 820 1274 877 quo
1307 803 1659 860 redimereris
1681 842 1698 869 ,
1735 808 2068 871 sumptuque

461 903 803 974 ‘pecuniario
854 900 1137 972 aequaliter
1183 898 1328 952 inter
1362 910 1422 951 se
1474 893 1651 948 diviso
1678 933 1695 961 ,
1728 892 2065 947 liberassent

484 1006 540 1052 te
578 996 647 1051 ab
679 1000 911 1066 urgente
967 989 1331 1048 necessitate:
1366 1002 1436 1041 an
1472 999 1582 1040 non
1603 984 1710 1039 hoc
1738 981 2064 1039 beneficium

486 1095 823 1143 consecutus
852 1124 868 1150 ,
914 1082 1166 1138 similiter
1196 1079 1324 1134 illos
1368 1084 1484 1133 tres
1547 1090 1648 1147 pro
1694 1072 2067 1129 benefactori-

486 1182 593 1235 bus
628 1178 897 1241 haberes,
933 1182 987 1230 et
1026 1172 1184 1245 pretii
1222 1186 1333 1241 quo
1366 1166 1681 1237 redemptus
1724 1180 1881 1221 esses
1914 1179 2067 1220 com-

489 1272 869 1344 pensationem
900 1282 967 1323 ex
1018 1264 1190 1334 aequis
1220 1261 1472 1333 partibus
1505 1259 1819 1314 tribueres:
1853 1271 1976 1311 cum
2010 1263 2065 1311 et

492 1360 737 1418 studium
767 1371 868 1428 pro
892 1364 948 1409 te
969 1368 1261 1409 commune
1290 1391 1305 1415 ,
1341 1357 1704 1419 sumptusque
1757 1346 2065 1402 communis

491 1455 709 1514 fuisset,
736 1425 783 1506 si
815 1447 979 1503 modo
1010 1446 1197 1516 justus
1226 1441 1479 1500 beneﬁcii
1512 1441 1818 1497 aestimator
1869 1425 2067 1493 esses?

490 1552 671 1617 Atque
703 1546 817 1598 haec
844 1539 1065 1612 quidem
1100 1545 1375 1608 quatenus
1405 1549 1500 1605 per
1522 1531 1772 1602 exempla
1825 1544 1941 1585 rem
1971 1527 2067 1584 de-

492 1643 802 1693 monstrare
866 1627 1273 1685 conveniebat:
1318 1639 1429 1679 non
1497 1622 1644 1678 enim
1701 1636 1849 1676 nunc
1905 1619 2066 1677 nobis

2171 437 2441 491 δουλεύειν
2486 435 2544 488 δὲ
2593 433 2688 487 καὶ
2730 426 3222 501 ταλαιπωρεῖσθαι,
3268 427 3361 480 καὶ
3401 424 3610 480 στένειν
3650 423 3753 494 τὴν

2172 528 2408 582 παλαιὰν
2436 524 2747 596 ἐλευθερίαν
2772 525 2839 593 ἢν
2870 517 3014 592 εἶχες
3031 536 3045 551 ο
3077 517 3273 589 ἀθρόον
3300 516 3357 568 δὲ
3384 517 3533 587 τρεῖς
3551 514 3753 585 γνώρι-

2174 640 2267 695 μοι
2307 622 2404 675 ικαὶ
2441 620 2654 673 πολῖται
2693 618 2751 670 ἐν
2787 618 2855 686 τῇ
2895 613 3053 685 χώρα
3078 612 3188 665 τῶν
3218 608 3324 663 σῶν
3352 607 3631 671 δεσποτῶν
3660 605 3753 657 καὶ

2171 713 2450 786 τυράννων
2480 710 2763 781 γενόμενοι
2785 702 3167 777 ήλευθέρωσάν
3192 719 3250 755 σε
3274 703 3371 772 τῆς
3396 697 3754 768 ἐπικειμένης

2172 807 2438 877 ἀνάγκης,
2464 804 2634 876 λύτρα
2663 801 2845 864 δόντες
2882 796 3068 869 ἑξίσης
3086 834 3102 860 ,
3131 796 3226 848 καὶ
3247 794 3346 865 τὴν
3375 791 3619 859 δαπάνην
3641 787 3754 841 τῶν

2172 899 2469 971 χρημάτων
2510 895 2572 961 ἐξ
2622 891 2925 965 ἰσομοιρίας
2965 889 3102 960 πρὸς
3147 886 3374 949 ἑαυτοὺς
3419 881 3753 951 διελόμενοι·

2172 989 2284 1063 ἆρα
2306 991 2405 1062 τῆς
2435 989 2657 1061 χάριτος
2689 986 2905 1057 ἐκείνης
2934 979 3137 1052 τυχὼν,
3166 979 3267 1032 οὐκ
3305 975 3371 1030 ἂν
3400 974 3602 1045 ὁμοίως
3626 972 3758 1032 τοὺς

2171 1062 2320 1154 τρεῖς
2346 1083 2422 1145 ὡς
2447 1079 2739 1152 εὐεργέτας
2764 1076 2962 1147 ἐώρας,
2985 1071 3210 1127 καὶτῶν
3235 1068 3443 1140 λύτρων
3471 1065 3571 1136 τὴν
3599 1062 3760 1133 ἀμοι-

2171 1153 2272 1248 ϐήν
2302 1173 2363 1239 ἐξ
2404 1172 2706 1244 ἰσομοιρίας
2743 1170 3053 1238 εἰσέφερες,
3102 1160 3285 1231 κοινῆς
3324 1158 3463 1227 ὑπὲρ
3512 1154 3609 1209 σοῦ
3660 1153 3759 1206 καὶ
3818 1228 3837 1243 κ

2150 1269 2269 1339 τῆς
2296 1264 2533 1335 σπουδῆς
2566 1263 2658 1316 καὶ
2696 1260 2795 1331 τῆς
2826 1257 3071 1327 δαπάνης
3113 1249 3505 1323 γεγενημένης,
3534 1248 3601 1301 ἀν
3637 1260 3747 1312 περ

2170 1337 2374 1421 δίκαιος
2402 1356 2651 1427 ὑπάρχῃς
2681 1352 2783 1423 τῆς
2816 1347 3131 1421 εὐεργεσίας
3163 1344 3392 1416 κριτής;
3424 1342 3534 1396 Καὶ
3568 1337 3749 1391 ταῦτα

2174 1451 2273 1522 μὲν
2308 1450 2431 1503 ὅσον
2463 1449 2522 1500 ἐν
2562 1444 2974 1514 ὑποδείγμασιν·
3003 1440 3065 1494 οὐ
3098 1439 3208 1510 γὰρ
3238 1436 3335 1491 νῦν
3360 1436 3495 1505 ἡμῖν
3536 1433 3743 1497 σκοπὸς

2170 1540 2264 1595 τὸν
2290 1539 2391 1609 τῆς
2420 1538 2655 1599 πίστεως
2682 1532 3010 1589 ἀπευθύνειν
3047 1531 3224 1600 λόγον.
3260 1527 3405 1599 Πρὸς
3455 1527 3513 1580 δὲ
3534 1527 3627 1579 τὸν
3656 1528 3747 1578 ἐν-

2174 1632 2385 1686 εστῶτα
2421 1630 2612 1702 καιρὸν
2651 1630 2747 1682 καὶ
2787 1626 2884 1699 τὴν
2925 1622 3292 1695 προκειμένην
3312 1620 3565 1674 ὑπόθεσιν
3613 1619 3751 1673 ἀνα-

494 1725 836 1799 propositum
868 1727 976 1783 est,
1027 1727 1188 1772 reette
1218 1714 1348 1769 lidei
1378 1711 1597 1767 tradere
1637 1708 1927 1764 rationem.
1957 1706 2068 1763 Sed

2186 1724 2489 1796 δράμωμεν.
2533 1720 2789 1791 Εὑρίσκω
2825 1719 2936 1789 γὰρ
2978 1718 3059 1769 ὅτι
3095 1716 3197 1786 τὴν
3236 1712 3328 1767 τοῦ
3374 1712 3755 1783 βαπτίσματος

495 1822 564 1874 ad
608 1830 847 1888 praesens
894 1822 1109 1881 tempus
1172 1823 1237 1862 ac
1287 1802 1632 1876 propositum
1684 1806 2069 1872 argumentum

496 1921 865 1966 recurramus.
915 1901 1052 1957 Nam
1086 1898 1326 1961 invenio,
1362 1895 1511 1968 quod
1557 1908 1668 1948 non
1720 1893 1899 1948 solum
1953 1898 2078 1960 post

504 2016 762 2067 crucem,
799 1994 1088 2066 Evangelia
1121 1990 1355 2063 gratiam
1406 1984 1752 2059 baptismatis
1815 1983 2078 2054 praedica-

498 2102 735 2157 verunt,
770 2089 867 2145 sed
896 2095 952 2143 et
985 2096 1112 2140 ante
1141 2080 1578 2137 incarnationem
1622 2074 1838 2130 Domini
1870 2073 2078 2144 ubique

499 2194 659 2239 vetus
697 2179 984 2249 Scriptura
1048 2170 1480 2242 regenerationis
1530 2176 1731 2223 nostrae
1782 2164 2076 2236 imaginem

505 2271 922 2348 praeﬁguravit:
955 2280 1065 2321 non
1100 2270 1286 2334 aperte
1312 2268 1369 2317 et
1408 2260 1686 2317 evidenter
1724 2256 1956 2311 formam
1985 2268 2079 2309 os-

500 2344 735 2421 tendens
762 2400 778 2427 ,
828 2356 925 2415 sed
983 2352 1369 2425 aenigmatibus
1392 2358 1449 2406 et
1479 2347 1781 2404 involucris
1825 2344 2080 2400 humani-

503 2469 667 2512 tatem
698 2453 796 2509 Dei
842 2454 1296 2521 praemonstrans.
1337 2442 1402 2496 Et
1434 2452 1493 2497 ut
1536 2456 1712 2512 agnus
1776 2448 1907 2493 ante
1942 2451 2081 2507 pra:-

503 2544 809 2603 dieabatur,
840 2546 895 2594 et
924 2551 1056 2591 crux
1081 2531 1526 2605 prophetabatur,
1585 2530 1661 2582 ita
1695 2528 1863 2583 etiam
1905 2526 2084 2597 bapti-

506 2650 625 2690 sma
652 2673 668 2697 ,
714 2638 770 2687 et
798 2629 979 2686 verbis
1012 2634 1067 2683 et
1105 2639 1165 2680 re
1199 2624 1317 2695 ipsa
1352 2619 1717 2685 inditabatur.
1746 2621 1817 2674 At
1867 2616 2084 2687 rediga-

505 2742 628 2782 mus
682 2724 1036 2779 honestarum
1087 2732 1271 2773 rerum
1324 2712 1590 2770 studiosis
1646 2712 1703 2767 in
1759 2709 2083 2766 memoriam

506 2820 750 2889 ﬁguras;
781 2814 950 2884 exigit
979 2809 1125 2867 enim
1159 2817 1375 2878 tempus
1435 2805 1695 2860 feriarum
1723 2804 1742 2874 (
1766 2801 1921 2873 eam)
1958 2810 2084 2855 tan-

506 2927 671 2984 quam
741 2904 1113 2964 necessariam
1172 2898 1779 2956 commemorationem.
1808 2893 1956 2965 Agar
1984 2907 2087 2946 an-

506 2981 634 3058 cilla
682 2994 1070 3058 Abrahami",
1097 2991 1254 3062 cujus
1300 2990 1465 3046 etiam
1500 2986 1704 3041 Paulus
1746 2984 1816 3039 ad
1866 2981 2087 3038 Galatas

505 3094 676 3150 verba
705 3090 935 3152 faciens,
967 3083 1321 3155 allegoricam
1378 3078 1713 3134 mentionem
1749 3072 1877 3128 facit
1899 3072 1966 3139 ιι,
2018 3073 2088 3128 ab

507 3186 675 3241 domo
734 3178 943 3236 domini
997 3175 1083 3231 sui
1134 3180 1359 3245 propter
1413 3170 1549 3223 iram
1599 3166 1779 3222 Sarrae
1843 3165 2091 3236 ablegata

510 3275 781 3348 (molesta
806 3270 951 3326 enim
1001 3265 1257 3337 legitimis
1312 3260 1581 3317 uxoribus
1609 3273 1699 3315 res
1724 3263 1831 3325 est,
1865 3264 2093 3327 propter

508 3366 792 3422 dominum
838 3366 1094 3429 suspecta
1136 3355 1403 3423 ancilla),
1437 3352 1655 3407 deserta
1706 3364 1771 3404 ac
1830 3349 2093 3404 destituta

510 3457 785 3515 ferebatur
804 3453 872 3508 ad
901 3459 1101 3507 terram
1126 3447 1421 3509 desertam,
1465 3445 1757 3498 laetantem
1780 3456 1966 3497 secum
1997 3442 2093 3497 lia-

510 3549 647 3604 bens
670 3559 895 3618 puerum
926 3539 1207 3597 lsmaelem
1233 3538 1299 3591 ¹¹⁵.
1323 3536 1459 3591 Cum
1483 3542 1665 3590 autem
1688 3533 1910 3591 redacta
1946 3540 2095 3591 esset

513 3641 582 3696 ad
620 3637 858 3709 inopiam
922 3647 1108 3689 rerum
1151 3628 1617 3689 necessariarum,
1654 3625 1882 3697 ipsaque
1927 3641 2095 3696 prope

512 3743 760 3794 mortem,
782 3737 837 3785 et
858 3733 987 3782 ante
1015 3739 1135 3780 eam
1161 3721 1297 3777 adeo
1318 3733 1455 3791 puer
1476 3718 1717 3774 venisset
1733 3719 1917 3788 (quam
1949 3717 2095 3773 enim

512 3824 570 3878 in
594 3830 714 3876 utre
735 3832 929 3889 aquam
960 3815 1223 3871 habuerat
1247 3850 1265 3877 ,
1295 3814 1621 3879 consumpta
1663 3807 2095 3878 erat:quoniam

516 3930 586 3969 ne
610 3912 725 3966 ﬁeri
757 3908 976 3981 quidem
1012 3912 1248 3976 poterat,
1284 3910 1345 3956 ut
1375 3899 1682 3973 Synagoga,
1710 3912 1833 3969 qua:
1875 3897 2009 3953 olim
2038 3899 2096 3952 in

514 4006 705 4076 ﬁguris
746 3996 1000 4074 perennis
1056 3996 1221 4053 fontis
1272 3993 1640 4059 versabatur,
1716 3989 2097 4048 suﬂicientiam

514 4101 640 4154 vitae
672 4094 958 4162 haberet),
988 4091 1214 4163 angelus
1243 4089 1298 4144 in
1332 4088 1614 4158 insperato
1644 4093 1889 4156 apparet,
1922 4092 1975 4139 et
2007 4097 2098 4138 os-

519 4189 694 4247 tendit
727 4187 777 4244 ei
813 4190 1057 4258 Zputeum
1089 4197 1244 4253 aqua:
1278 4181 1547 4236 viventis:
1578 4189 1743 4248 atque
1792 4175 1920 4232 inde
1970 4190 2095 4231 cum

519 4283 835 4345 hausisset,
876 4283 1059 4334 servat
1116 4274 1418 4330 lsmaelem.
1467 4260 1605 4327 Vide
1656 4269 1823 4342 igitur
1869 4269 2097 4339 ﬁguram

522 4374 856 4445 mysticam,
891 4366 1349 4440 quemadmodum
1400 4366 1585 4421 statim
1660 4362 1729 4418 ab
1788 4362 1944 4416 initio
2002 4375 2176 4459 perD

523 4480 724 4535 aquam
765 4462 1057 4525 viventem,
1090 4474 1211 4530 quae
1239 4474 1350 4514 non
1376 4457 1531 4530 prius
1560 4462 1727 4519 esset,
1757 4455 1854 4510 sed
1890 4469 1986 4526 per
2008 4469 2102 4508 an-

523 4558 707 4628 gelum
735 4554 882 4610 dono
928 4553 1056 4609 data
1105 4557 1271 4616 esset,
1310 4549 1561 4621 pereunti
1595 4547 1746 4604 salus
1786 4544 2097 4617 contigerit.

526 4645 659 4701 Item
702 4642 992 4715 posteriori
1034 4649 1281 4712 tempore
1330 4640 1539 4710 nuptiis
1584 4636 1845 4708 conjungi
1878 4642 2100 4707 oporte-

524 4739 621 4794 bat
658 4736 939 4792 'lsaacum
964 4733 1031 4794 ιθ.
1061 4741 1283 4803 prepter
1329 4747 1492 4803 quem
1537 4731 1703 4787 etiam
1743 4727 1940 4785 lsmael
1994 4742 2104 4783 una

526 4843 653 4884 cum
678 4834 851 4882 matre
876 4833 1102 4896 paterna
1132 4823 1263 4880 sede
1293 4823 1487 4894 pulsus
1519 4828 1656 4878 erat.
1681 4819 1885 4877 Missus
1923 4826 2107 4874 autem

527 4935 726 4978 servus
755 4915 1059 4972 Abrahami
1100 4916 1384 4987 pronubus
1423 4922 1477 4972 et
1505 4913 1816 4985 nuptiarum
1843 4910 2107 4968 concilia-

526 5021 637 5074 tor,
672 5017 731 5064 ut
782 5008 1006 5064 domino
1055 5021 1158 5061 suo
1204 5020 1464 5077 sponsam
1511 5005 1845 5067 adduceret,
1897 5001 2105 5057 invenit

529 5101 830 5157 Rebeccam
885 5097 954 5154 ad
1003 5108 1226 5169 puteum
1265 5113 1281 5151 :
1317 5111 1383 5152 ac
1441 5094 1682 5165 nuptiae,l
1723 5108 1848 5164 quae
1900 5091 2107 5147 Christi

530 5209 702 5267 genus
732 5192 1007 5249 eliectura:
1045 5197 1221 5256 erant,
1268 5188 1336 5244 ad
1383 5203 1581 5259 aquam
1636 5187 1853 5241 initium
1884 5199 1949 5240 ac
1990 5184 2105 5255 pri-

531 5302 678 5342 mam
707 5286 1012 5357 paetionem
1043 5283 1574 5353 conventionemque
1600 5280 1933 5336 habuerunt.
1960 5277 2105 5345 Quin

533 5379 697 5435 etiam
741 5379 857 5448 ipse
886 5390 1107 5449 quoque
1143 5374 1298 5429 Isaac
1333 5387 1456 5428 eum
1505 5371 1760 5443 gregibus
1812 5368 2105 5441 praefectus

543 5478 723 5538 esset,
767 5470 823 5524 in
855 5469 1113 5526 omnibus
1141 5468 1278 5524 locis
1311 5465 1643 5532 solitudinis,
1699 5472 1896 5535 puteos
1933 5461 2108 5517 fodie-

606 5655 652 5689 "
684 5650 823 5709 Gen.
854 5662 968 5717 xvr,
1001 5648 1086 5704 15.
1164 5646 1207 5680 ⁸⁵
1237 5642 1413 5700 Galat.
1454 5657 1528 5708 iv,
1562 5638 1635 5694 τε
1671 5654 1793 5712 sqq.

1873 5638 1917 5670 “
1945 5636 2080 5692 Gen.
2125 5647 2240 5697 ut,
2271 5630 2305 5684 9
2334 5644 2459 5700 sqq.

2177 1816 2336 1887 χάριν
2357 1815 2419 1868 ού
2447 1814 2606 1885 μόνον
2632 1812 2702 1865 τά
2737 1810 2877 1882 μετά
2902 1809 2994 1863 τὸν
3022 1807 3252 1879 σταυρὸν
3281 1804 3544 1876 ἐκήρυξεν
3575 1804 3758 1871 Εὐαγ-

2177 1908 2356 1977 γέλια,
2386 1905 2523 1961 ἀλλά
2549 1905 2644 1958 καί
2667 1903 2777 1975 πρὸ
2802 1901 2904 1973 τῆς
2936 1899 3403 1971 ἐνανθρωπήσεως
3423 1896 3520 1949 τοῦ
3545 1894 3758 1967 Κυρίου

2179 1996 2457 2070 πανταχοῦ
2480 2000 2514 2069 ή
2549 1996 2767 2051 Παλαιὰ
2794 1993 2987 2066 Γραφὴ
3014 1992 3117 2064 τῆς
3148 1989 3570 2059 παλιγγενεσίας
3598 1988 3760 2058 ἡμῶν

2180 2092 2535 2164 προετύπωσε
2577 2090 2677 2161 τὴν
2720 2088 2939 2145 εἰκόνα*
2979 2087 3040 2141 ού
3069 2084 3357 2157 τηλαυγῶς
3400 2082 3502 2151 τήν
3541 2081 3761 2152 μορφὴν
3835 2100 3837 2117 ι

2182 2187 2588 2258 ἐμφανίζουσα,
2624 2181 2993 2254 αἰνίγμασιδέ
3026 2178 3122 2233 τοῦ
3151 2178 3286 2232 Θεοῦ
3323 2176 3423 2246 τὴν
3453 2173 3763 2244 φιλανθρω-

2181 2281 2312 2334 πίαν
2335 2276 2836 2350 προῦποφαίνουσα.
2857 2273 2970 2327 Καὶ
2988 2272 3063 2336 ὡς
3081 2274 3110 2325 ὁ
3132 2269 3300 2342 ἀμνὸς
3322 2265 3764 2338 προεκηρύττετο

2182 2375 2277 2427 καὶ
2306 2374 2335 2426 ὁ
2365 2372 2598 2443 σταυρὸς
2622 2366 3045 2441 προεφητεύετοο
3070 2364 3213 2418 οὕτω
3254 2361 3350 2416 καὶ
3385 2361 3449 2414 τὸ
3477 2359 3764 2429 βάπτισμα

2182 2462 2504 2534 πρακτικῶς
2528 2463 2623 2517 καὶ
2645 2459 2880 2529 λογικῶς
2908 2455 3195 2529 ἐμηνύετο.
3245 2452 3671 2523 Ἀναμνήσωμεν
3705 2450 3765 2502 δὲ

2182 2558 2308 2620 τοὺς
2326 2554 2647 2626 φιλοκάλους
2667 2552 2775 2606 τῶν
2798 2550 3005 2603 τύπων’
3031 2549 3253 2602 ἀπαιτεῖ
3273 2544 3381 2615 γὰρ
3399 2546 3428 2598 ὁ
3444 2543 3542 2614 τῆς
3566 2540 3765 2613 ἑορτῆς

2185 2647 2376 2720 καιρὸς
2400 2648 2477 2710 ὡς
2505 2644 2807 2715 ἀναγκαίαν
2840 2643 2939 2715 τὴν
2976 2643 3215 2713 μνήμην.
3257 2639 3322 2691 Ἠ
3359 2637 3537 2706 Ι’Δγαρ
3562 2636 3599 2705 ή
3632 2651 3770 2687 παι-

2184 2743 2342 2816 δίσκη
2387 2740 2482 2796 τοῦ
2544 2738 2792 2810 Ἀϐράμ,
2822 2739 2891 2808 ἢν
2925 2736 3021 2790 καὶ
3051 2733 3263 2797 Παῦλος
3300 2731 3591 2801 ἀλληγορεῖ
3625 2728 3768 2799 πρὸς

2186 2835 2433 2897 Γαλάτας
2464 2831 2842 2902 διαλεγόμενος
2860 2869 2876 2894 ,
2907 2826 3286 2898 ἐκπεμφθεῖσα
3314 2823 3416 2894 τῆς
3455 2822 3634 2885 οἰκίας
3664 2820 3769 2872 τοῦ

2188 2929 2403 3002 κυρίου,
2425 2928 2514 2983 διὰ
2537 2927 2637 3000 τὴν
2656 2926 2825 2999 ὀργὴν
2850 2925 2948 2997 τῆς
2968 2923 3185 2995 Σάρρας
3209 2924 3226 2993 (
3248 2919 3481 2993 χαλεπὸν
3505 2918 3613 2989 γὰρ
3639 2919 3770 2980 ταῖς

2114 3049 2157 3108 C
2189 3025 2440 3097 νομίμοις
2474 3021 2720 3093 γυναιξὶν
2761 3018 3177 3090 ύποπτευομένη
3201 3016 3362 3086 δούλη
3386 3013 3521 3086 πρὸς
3558 3013 3650 3066 τὸν
3682 3012 3776 3065 δε-

2193 3118 2433 3190 σπότην)
2454 3117 2659 3191 ἕρημος
2685 3115 2909 3187 ἐφέρετο
2928 3114 3065 3184 πρὸς
3089 3112 3294 3184 ἐρημον
3317 3109 3440 3182 γῆν,
3464 3105 3779 3177 ὑπομάζιεν

2192 3213 2392 3284 ἔχουσα
2418 3211 2616 3283 βρέφος
2661 3210 2753 3263 τὸν
2803 3206 3045 3279 Ἰσμαήλ.
3106 3203 3323 3275 Ἐπειδὴ
3366 3202 3425 3256 δὲ
3463 3201 3521 3257 ἐν
3562 3198 3780 3269 ἀπορία

2190 3305 2299 3359 τῶν
2324 3304 2633 3373 ἀναγκαίων
2653 3302 2896 3371 γέγονεν,
2922 3299 3059 3370 αὐτή
3082 3314 3141 3351 τε
3167 3298 3333 3366 ἐγγὺς
3355 3291 3487 3365 ἦλθε
3512 3292 3778 3355 θανάτου,
3822 3350 3831 3357 ο

2193 3400 2290 3454 καὶ
2319 3397 2425 3471 πρό
2457 3414 2521 3467 γε
2555 3395 2724 3467 αὐτῆς
2752 3394 2813 3447 τὸ
2844 3390 3056 3445 παιδίον
3079 3388 3161 3462 (τὸ
3184 3388 3290 3460 γὰρ
3314 3387 3373 3440 ὃν
3407 3386 3465 3438 ἐν
3504 3383 3585 3454 τῷ
3615 3384 3780 3452 ἀσκῴ

2195 3491 2340 3562 ὕδωρ
2380 3486 2691 3559 ἐδαπανήθη
2711 3502 2724 3515 ·
2752 3485 2875 3538 ἐπεὶ
2906 3481 3045 3555 μηδέ
3077 3476 3187 3535 οἷόν
3213 3496 3276 3532 τε
3303 3478 3405 3547 τὴν
3438 3474 3783 3543 Συναγωγὴν

2194 3584 2523 3655 αὐτάρκειαν
2548 3579 2691 3650 ἔχειν
2722 3577 2867 3649 ζωῆς
2885 3617 2901 3644 ,
2930 3575 3029 3649 τὴν
3065 3574 3204 3637 τέως
3228 3574 3287 3627 ἐν
3308 3573 3421 3633 τοῖς
3439 3569 3631 3631 τύποις
3653 3567 3781 3620 διά-

2194 3694 2399 3745 γουσαν
2434 3676 2533 3745 τῆς
2560 3672 2783 3727 ἀεννάου
2813 3668 3018 3742 πηγῆς)
3040 3683 3055 3699 '
3096 3664 3324 3737 ἄγγελος
3353 3664 3418 3717 ἐκ
3456 3661 3552 3716 τοῦ
3592 3678 3783 3731 παρα-

2194 3773 2347 3839 δόξου
2387 3769 2667 3841 φαίνεται,
2721 3766 2816 3820 καὶ
2853 3763 3123 3819 δείκνυσιν
3172 3760 3309 3831 αὐτῇ
3360 3759 3533 3831 φρέαρ
3578 3756 3783 3819 ὓδατος

2197 3866 2428 3931 ζῶντος·
2479 3860 2731 3918 κάκεῖθεν
2778 3857 3129 3930 ἀρυσαμένη,
3173 3853 3333 3919 σώζει
3378 3853 3470 3906 τὸν
3523 3850 3782 3920 Ἰσμαήλ.

2198 3958 2343 4031 Ὅρα
2370 3956 2550 4010 τοίνυν
2578 3953 2748 4008 τύπον
2785 3950 3046 4021 μυστικόν
3067 3964 3081 3978 ο
3113 3949 3260 4009 ὅπως
3289 3945 3449 4008 εὐθὺς
3490 3943 3548 4009 ἐξ
3596 3942 3786 4011 ἀρχῆς

2195 4054 2261 4107 δι’
2302 4051 2492 4113 ὕδατος
2537 4047 2740 4112 ζῶντος
2789 4042 2868 4113 τῷ
2898 4040 3257 4111 ἀπολλυμένῳ
3294 4039 3329 4109 ή
3374 4034 3617 4106 σωτηρία
3642 4073 3659 4097 ,
3719 4035 3785 4086 ού

2198 4145 2462 4217 πρότερον
2490 4140 2660 4203 ὄντος,
2689 4135 2826 4191 ἀλλά
2865 4135 2939 4188 δι’
2965 4132 3195 4203 ἀγγέλου
3237 4127 3380 4183 κατά
3407 4127 3563 4198 χάριν
3593 4124 3787 4179 δοθένς⁹

2197 4254 2307 4301 τος.
2336 4233 2562 4307 Χρόνοις
2582 4232 2638 4285 δὲ
2664 4229 2890 4300 ὕστερον
2922 4225 3085 4280 πάλιν
3122 4222 3320 4293 γάμοις
3356 4219 3461 4273 ἔδει
3503 4219 3784 4281 καταζευ-

2198 4330 2393 4402 χθῆναι
2414 4325 2505 4380 τὸν
2542 4322 2745 4386 Ἰσαὰκ,
2769 4320 2837 4374 δι’
2865 4319 2923 4373 δν
2952 4318 3047 4372 καὶ
3067 4317 3097 4368 ὁ
3131 4312 3354 4384 Ἰσμαὴλ
3384 4312 3479 4365 σὺν
3506 4310 3573 4381 τῇ
3609 4310 3790 4379 μητρὶ

2199 4400 2300 4492 τῆς
2323 4417 2594 4491 πατρικῆς
2620 4414 2805 4477 ἐστίας
2822 4409 3020 4482 ἠλάθη.
3058 4405 3407 4466 Ἀποσταλεὶς
3429 4402 3485 4455 δέ
3509 4402 3537 4454 ὁ
3556 4400 3790 4470 οἰκέτης

2208 4515 2294 4570 τοῦ
2345 4511 2595 4584 Ἀϐραὰμ
2620 4507 3017 4582 προμνήστωρ,
3054 4501 3194 4556 ὥστε
3224 4498 3303 4570 τῷ
3326 4496 3497 4569 κυρίῳ
3532 4494 3793 4565 νυμφεύ-

2204 4605 2434 4669 σασθαι,
2480 4602 2725 4675 εὑρίσκει
2769 4597 2867 4670 τὴν
2925 4593 3221 4649 Ῥεϐέκκαν
3259 4590 3351 4643 ἐπὶ
3385 4587 3479 4642 τοῦ
3510 4585 3791 4658 φρέατοςο

2204 4700 2300 4753 καὶ
2326 4696 2502 4767 γάμος
2522 4733 2537 4757 ,
2582 4695 2611 4747 ὁ
2645 4689 2852 4764 μέλλων
2881 4688 3054 4741 ποιεῖν
3091 4684 3154 4737 τὸ
3185 4682 3340 4753 γένος
3372 4676 3614 4750 Χριστοῦ
3636 4718 3651 4742 ,
3693 4678 3797 4730 ἐπὶ

2205 4790 2393 4854 ὓδατος
2420 4786 2581 4842 ἔλαϐε
2606 4786 2705 4857 τήν
2741 4780 2917 4855 ἀρχὴν
2954 4778 3048 4835 καὶ
3088 4776 3188 4848 τὴν
3217 4772 3439 4846 πρώτην
3480 4770 3795 4841 συνθήκην.

2206 4888 2281 4943 Οὐ
2316 4884 2420 4957 μὴν
2446 4881 2584 4937 ἀλλά
2611 4880 2707 4935 καὶ
2732 4876 2893 4940 αὐτὸς
2912 4876 2941 4928 ό
2981 4872 3188 4937 Ἰσαὰκ,
3216 4868 3380 4941 ήνίκα
3407 4868 3526 4928 ταῖς
3557 4864 3803 4933 ἀγέλαις

2208 4981 2532 5052 ἐφεστήκει,
2568 4973 2839 5044 πανταχοῦ
2871 4968 2974 5040 τῆς
3015 4964 3252 5038 ἐρημίας
3290 4961 3502 5033 ὤρυσσε
3529 4956 3756 5052 φρέατα
3782 4998 3800 5023 ,

2206 5050 2350 5146 άπερ
2388 5050 2715 5143 ἐνέφραττον
2748 5066 2841 5120 καὶ
2868 5059 3241 5132 κατεχώννυον
3272 5057 3321 5109 οἱ
3352 5050 3641 5121 ἀλλόφυλοι
3664 5066 3684 5082 ⁸
3718 5051 3805 5111 εἰς

2208 5169 2377 5224 τύπον
2414 5165 2520 5221 τῶν
2560 5164 2640 5227 εἰς
2667 5162 2891 5231 ὕστερον
2926 5154 3161 5217 ἀσεϐῶν,
3194 5152 3306 5205 ὅσοι
3335 5146 3433 5219 τὴν
3456 5144 3550 5198 τοῦ
3588 5143 3803 5213 βαπτὶ-

2212 5278 2417 5333 σματος
2443 5259 2602 5331 χάριν
2635 5253 2872 5308 ἐκώλυον
2896 5248 2992 5305 καὶ
3031 5243 3382 5314 ἀνεστόμουν,
3415 5234 3807 5306 ζυγομαχοῦν-

2209 5328 2300 5421 τες
2327 5328 2586 5427 πρὸςντὴν
2612 5348 2889 5421 ἀλήθειαν.
2930 5342 3068 5396 Ἀλλ’
3094 5342 3242 5411 ὅμως
3284 5336 3334 5389 οἰ
3376 5333 3657 5427 μάρτυρες
3702 5328 3807 5427 καὶ

2210 5452 2259 5502 οἰ
2282 5417 2460 5519 ⁷ἱερεῖς
2502 5417 2950 5516 φρεωρυχοῦντες
2987 5432 3269 5501 ἐνίκησαν,
3303 5424 3399 5481 καὶ
3450 5422 3634 5476 πᾶσαν
3693 5417 3807 5489 τὴν

2540 5625 2582 5658 ¹⁶
2609 5622 2745 5677 Gen.
2789 5632 2939 5681 χιιι,
2968 5615 3002 5670 3
3023 5627 3147 5685 sqq.
