3842 6414
90 242 204 299 589

89 352 429 424 οξκουμένην
474 354 536 408 τὸ
587 355 683 410 τοῦ
731 356 1106 434 βαπτίσματος
1159 367 1330 440 δῶρον
1394 373 1683 432 ἐπέκλυσε.

87 443 252 499 Κατά
278 447 378 517 τὴν
415 447 588 520 αὐτὴν
613 449 669 504 δὲ
700 451 792 504 τοῦ
822 451 980 523 λόγου
1008 457 1234 530 δύναμιν
1263 461 1510 517 σπεύδων
1539 469 1632 520 καὶ
1655 471 1684 522 6

99 534 301 588 Ἰακὼϐ
348 537 444 590 ἐπὶ
481 539 814 609 μνηστείαν,
862 544 1139 619 ἀδοκήτως
1181 551 1273 604 ἐπὶ
1302 551 1397 605 τοῦ
1447 556 1682 626 φρέατος

1319 262 1384 316 IN
1425 263 1822 326 BAPTISMUM
1860 270 2156 332 CHRISTI.

3269 307 3376 363 590

1716 389 1762 443 Α
1793 381 1886 436 bat
1905 423 1920 448 ,
1954 402 2094 455 quos
2125 390 2442 463 alienigenae
2468 397 2850 470 obstruebant,
2868 415 2922 460 et
2953 424 3148 482 aggere
3177 416 3370 474 obrue-

1789 474 1923 529 bant
1979 486 2032 533 et
2053 483 2430 552 occultabant,
2458 489 2526 543 ad
2562 493 2791 563 figuram
2814 474 3150 575 eorumtqui
3179 519 3369 578 postea

1786 566 2038 638 fuerunt,
2072 574 2384 644 impiorum,
2419 582 2514 651 qui
2571 585 2771 642 donum
2804 566 3150 662 baptismatis
3177 566 3370 670 prohi-

86 629 395 698 συνήντησε
437 633 504 701 τῇ
551 632 774 705 Ῥαχήλ.
834 636 1114 694 Ἐπέκειτο
1141 643 1198 695 δὲ
1228 643 1373 707 λίθος
1406 648 1581 716 μέγας
1605 669 1635 704 τ

86 719 280 758 arulam
339 720 401 758 An
435 722 640 758 ηι-Ἇςηηηρ
668 727 946 758 mensus...
973 733 1150 758 ......λ-.
1189 736 1475 758 ι----ινμ
1508 756 1532 758 _,
1606 740 1637 758 τι

2025 629 2037 638 1
2151 629 2168 644 ⁸
2249 629 2258 630 ,
2423 629 2514 651 Ἴ..-
2573 629 2771 642 mm"...
2805 629 3150 662 υανιιυιυαιιθ
3177 629 3364 670 prum-

1786 656 1989 714 bebant
2038 672 2092 718 et
2133 664 2527 740 impediebant,
2576 677 2796 734 veritati
2848 698 2970 740 sese
3002 701 3364 758 opponentes.

83 719 307 786 φρέατι,
339 720 401 774 ὃν
435 722 640 793 πλῆθος
668 727 946 797 ποιμένων
972 733 1151 787 συνιὸν
1185 736 1536 793 ἀπεκύλισεν’
1577 719 1678 798 εἷθ’

80 809 255 872 οὕτως
302 812 519 877 ἑαυτοῖς
557 815 652 870 καὶ
691 822 804 884 τοῖς
839 824 1132 892 προϐάτοις
1170 828 1475 902 ὑδρεύοντο.
1537 836 1594 889 '0
1621 838 1679 892 δὲ

93 903 296 956 Ἰακὼϐ
333 905 497 975 μόνος
545 909 832 966 ἀποκυλίει
871 913 960 968 τὸν
989 916 1155 985 λίθον,
1196 924 1290 976 καὶ
1328 927 1537 992 ποτίζει
1578 929 1678 1000 τῆς

84 993 336 1063 μνηστῆς
368 995 440 1049 τά
483 997 754 1067 πρόϐατα.
786 1002 1060 1077 Αίνιγμα,
1105 1005 1294 1080 οἶμαι,
1342 993 1675 1090 τὸ’προ”ἰγμ”α

80 1086 174 1137 καὶ
203 1086 337 1140 σκιὰ
359 1087 455 1140 τοῦ
485 1089 794 1160 μέλλοντος.
822 1096 918 1161 Τίς
944 1098 1050 1171 γὰρ
1076 1102 1104 1155 6
1128 1086 1672 1177 émxsfpevogvliiloc,

79 1177 304 1246 ῆαὺτὸς
353 1181 382 1233 6
418 1182 684 1251 Χριστός;
729 1187 866 1259 Περὶ
907 1186 967 1246 οὗ
1022 1210 1187 1264 φησιν
1248 1197 1475 1265 Ἡσαΐας
1501 1219 1514 1232 ·
1562 1202 1674 1257 Καὶ

77 1270 312 1338 ἐμϐαλῶ
338 1275 426 1339 είς
458 1279 532 1330 τὰ
558 1277 802 1347 θεμέλια
832 1283 988 1336 Σιὼν
1009 1286 1183 1341 λίθον
1207 1293 1536 1364 πολυτελῆ,
1573 1295 1672 1349 ἕνα

75 1382 262 1432 τιμον,
287 1366 603 1425 ἐκλεκτόν.
623 1373 731 1426 Καὶ
752 1375 949 1447 Δανιὴλ
964 1379 1186 1449 ὁμοίως
1221 1383 1479 1456 Ἐτμήθη
1498 1391 1670 1458 λίθος

73 1457 218 1510 ἄνευ
255 1461 494 1528 χειρός·
544 1465 844 1532 τουτέστιν,
899 1468 1196 1546 Ἐγεννήθη
1255 1476 1490 1546 Χριστὸς
1537 1457 1665 1536 ἄνευ

71 1549 283 1620 ἀνδρός.
339 1553 429 1617 Ὠς
473 1554 584 1627 γὰρ
626 1559 814 1614 καινόν
857 1561 973 1616 ἐστι
1016 1565 1110 1618 καὶ
1158 1569 1480 1640 παράδοξον,
1519 1573 1666 1629 λίθον

71 1640 279 1710 πέτρας
308 1644 832 1718 ἀποτμηθῆναιᾶνευ
847 1651 1128 1726 λιθοτόμου
1162 1660 1256 1712 καὶ
1280 1660 1528 1732 ὀργάνων
1550 1665 1664 1718 λιθο

68 1732 366 1800 ουργικῶψ
425 1735 571 1791 οὕτω
590 1739 791 1805 παντὸς
813 1743 1069 1800 ἐπέκεινα
1093 1746 1390 1822 θαύματος,
1415 1754 1472 1820 ἐξ
1495 1757 1663 1828 ἀνυμ-
1693 1745 1736 1801 Β
1765 1760 1882 1832 ipse

68 1825 268 1890 φεύτου
305 1828 580 1900 παρθένου
615 1831 773 1886 τόκον
797 1834 1051 1907 ὀφθῆναι.

69 1931 344 1987 noratum,
369 1924 596 1978 electum
622 1926 687 1979 ³⁸.
726 1925 794 1981 Et
817 1926 1008 1987 Daniel
1033 1933 1321 1993 similiter:
1353 1938 1539 1996 Sectus
1585 1957 1662 1998 est
1701 1945 1838 2016 lapis
1896 1950 2091 2024 absque
2138 1974 2299 2012 manu
2324 1963 2389 2027 ιθ,
2443 1963 2497 2019 id
2536 1975 2620 2022 est
2653 2007 2666 2033 ,

1783 746 2172 810 Verumtamen
2199 768 2468 831 martyres
2496 772 2549 818 et
2574 771 2888 828 sacerdotes
2920 746 3116 843 puteos
3150 780 3366 839 fodien-

1780 847 1864 897 tes
1899 844 2191 914 vicerunt,
2224 865 2551 926 omnemque
2609 868 2879 918 terrarum
2928 870 3115 926 orbem
3178 875 3366 946 bapti-

1779 934 1973 990 smatis
2033 937 2237 994 donum
2271 934 2589 1000 'inundavit.
2623 947 2726 1005 Per
2773 955 3018 1012 eamdem
3049 961 3175 1016 item
3213 964 3365 1020 Scri—

1792 1030 1967 1091 pturzn
1987 1026 2096 1082 vim
2134 1030 2401 1090 festinans
2431 1037 2498 1092 ad
2526 1043 2802 1108 sponsalia
2823 1048 2987 1102 etiam
3017 1049 3209 1121 Jacob,
3241 1056 3363 1112 ino-

1775 1115 1962 1183 pinato
1984 1119 2052 1173 ad
2072 1132 2289 1191 puteum
2308 1127 2526 1184 obviam
2549 1131 2728 1191 factus
2744 1147 2827 1192 est
2849 1139 3072 1198 Racheli
3096 1146 3159 1201 ".
3185 1115 3362 1220 impo-

1774 1209 1940 1264 situm
1975 1219 2157 1268 autem
2185 1226 2303 1272 erat
2328 1229 2494 1289 puteo
2523 1239 2717 1282 saxum
2747 1246 3004 1302 magnum
3031 1278 3045 1301 ,
3082 1241 3227 1308 quod
3265 1244 3359 1298 ubi

1773 1311 1948 1359 caatus
1993 1317 2277 1376 pastorum
2318 1317 2692 1386 convenisset,
2736 1326 3034 1393 revolvere,
3061 1345 3125 1386 ac
3155 1335 3235 1390 sic
3265 1336 3362 1392 de-

1771 1392 1900 1451 inde
1935 1405 1990 1452 et
2018 1399 2124 1453 sibi
2167 1410 2221 1456 et
2250 1406 2446 1462 ovibus
2492 1423 2689 1479 aquam
2727 1414 2950 1474 haurire
2985 1392 3256 1482 solebant.
3287 1429 3362 1484 At

1767 1483 1939 1543 Jacob
1972 1490 2125 1547 solus
2168 1506 2386 1552 amovet
2434 1515 2652 1569 saxum,
2686 1521 2752 1562 ac
2797 1519 2930 1579 potu
2990 1527 3206 1584 sponsae
3244 1537 3360 1578 suae

1766 1577 1944 1633 reﬁcit
1969 1595 2121 1639 oves.
2154 1584 2431 1660 IEnigma,
2469 1596 2682 1665 Opinor,
2707 1614 2769 1654 ea
2797 1577 2894 1658 res
2917 1577 3124 1677 (erat),
3151 1618 3206 1666 et
3237 1629 3356 1667 um-

1766 1668 1864 1723 bra
1899 1670 2090 1728 futuri.
2132 1676 2268 1744 Quis
2298 1684 2442 1738 enim
2492 1687 2782 1758 impositus
2818 1694 2958 1765 lapis
2991 1699 3133 1758 alius
3189 1715 3352 1776 atque

1928 1765 2232 1826 Christus?
2266 1771 2342 1828 De
2402 1793 2513 1846 quo
2575 1781 2709 1837 dicit
2742 1785 2958 1844 Isaias:
3024 1790 3095 1846 Et
3142 1765 3348 1850 imm-it-

1766 1865 1874 1909 tam
1926 1858 1980 1913 in
2015 1862 2367 1930 fundamenta
2404 1871 2537 1927 Sion
2587 1875 2814 1945 lapidem
2861 1885 3195 1953 pretiosum,
3251 1890 3348 1946 ho-

2739 1969 2912 2030 Natus
2959 1986 3044 2032 est
3094 1980 3346 2037 Christus

2375 2015 2388 2027 ι
2444 2015 2497 2019 --
2541 2015 2618 2022 ⁷-⁷
2653 2015 2666 2033 ι
2739 2015 2912 2030 *νυ-νυν
2960 2015 3044 2032 uo.
3095 2015 3343 2037 υιιιιοιυῠ

67 2015 275 2084 absque
307 2018 449 2074 viro.
487 2017 557 2074 Ut
581 2021 728 2076 enim
763 2038 984 2090 novum,
1029 2028 1335 2087 inauditum
1365 2045 1419 2089 et
1450 2039 1769 2096 inusitatum
1800 2053 1906 2109 est,
1934 2047 2170 2118 lapidem
2206 2053 2276 2109 ab
2317 2070 2452 2127 rupe
2481 2060 2731 2118 abscindi
2760 2067 2880 2122 sine
2919 2084 3085 2139 Opera
3133 2074 3343 2145 latomi,

68 2115 228 2145 atauo
261 2108 651 2145 ἱηαΙι-ηωοηιῖο
676 2113 947 2145 Ισιοηηιὲηςρ
977 2137 988 2145 .
1028 2120 1099 2145 ει..
1137 2134 1351 2145 ..η-η--.
1407 2142 1478 2145 -.α
1545 2144 1548 2145 ,
1651 2130 1660 2139 -
1807 2134 1819 2145 .
2007 2139 2016 2145 .
2043 2140 2054 2145 -
2126 2141 2136 2145 -

1894 2108 1898 2109 ν
1993 2108 2008 2118 _
2259 2108 2264 2109 ,
2355 2108 2450 2127 ,Γ
2483 2108 2731 2118 _---....-.
2761 2108 2880 2122 νη...
2919 2108 3016 2139 vv.

67 2115 228 2177 atque
261 2108 655 2169 instrumentis
676 2113 991 2172 latomicis:
1028 2120 1104 2174 ita
1135 2134 1360 2185 superat
1398 2142 1560 2183 omne
1592 2130 1939 2200 miraculum,
1970 2139 2138 2194 videri
2173 2152 2392 2212 partum
2420 2163 2481 2203 ex
2513 2151 2725 2223 virgine
2761 2157 3016 2230 innupta.

139 2297 432 2352 Ἐπέκειτο
462 2300 641 2354 τοίνυν
668 2302 747 2373 τῷ
788 2304 982 2376 φρέατι
1011 2309 1040 2362 6
1081 2308 1228 2375 λίθος
1255 2314 1282 2365 6
1313 2316 1501 2386 νοητὸς
1525 2318 1660 2388 Χρι-

65 2389 216 2455 στὸς,
251 2389 517 2461 κρύπτων
544 2394 602 2448 ἐν
635 2393 789 2464 βάθει
816 2400 908 2451 καὶ
938 2403 1223 2474 μυστηρίῳ
1243 2405 1303 2459 τὸ
1331 2407 1429 2479 τῆς
1458 2409 1657 2477 παλιγ-

61 2481 315 2547 γενεσίας
375 2482 618 2554 λουτρὸν,
677 2487 757 2540 ἔτι
788 2490 981 2560 χρόνου
1025 2495 1221 2548 πολλοῦ
1268 2497 1518 2570 δεόμενον
1579 2503 1660 2565 είς

59 2573 408 2644 ἀποκάλυψιν
447 2575 524 2640 ὡς
555 2578 791 2648 σχοινίου
825 2583 1060 2654 μακροῦ.
1094 2585 1286 2652 Οὐδεὶς
1313 2590 1367 2644 δὲ
1393 2591 1484 2644 τὸν
1513 2592 1658 2646 λίθον

60 2665 414 2735 ἁπεκύλισεν,
456 2671 505 2722 εί
535 2669 610 2741 μὴ
656 2672 893 2744 Ἰσραὴλ,
918 2676 976 2739 ὃς
1008 2678 1126 2732 ἐστι
1171 2681 1293 2744 νοῦς
1327 2684 1470 2753 ὁρῶν
1495 2684 1647 2739 Θεόν.

71 2757 227 2810 ’Δλλά
249 2758 352 2812 καὶ
380 2760 643 2830 ἀνιμᾶται
666 2763 726 2816 τὸ
757 2764 920 2836 ὕδωρ,
946 2769 1042 2822 καὶ
1069 2771 1277 2835 ποτίζει
1306 2773 1375 2826 τά
1400 2776 1648 2846 πρόϐατα

59 2850 149 2919 τῆς
193 2852 430 2924 Ῥαχὴλ,
464 2855 734 2922 τουτέστι,
776 2863 1073 2932 μυστήριον
1111 2868 1491 2938 κεκρυμμένον
1513 2871 1646 2924 ἀπο-

59 2943 304 3013 καλύψας
316 2944 499 2998 δίδωσι
519 2945 748 3009 ζωτικὸν
763 2949 906 3024 ὕδωρ
920 2956 985 3024 τῇ
1001 2955 1170 3028 ἀγέλῃ
1185 2958 1282 3028 τῆς
1298 2958 1643 3032 Ἐκκλησίας.

55 3033 156 3085 Καὶ
173 3033 240 3086 τὸ
267 3033 380 3086 τῶν
400 3035 566 3105 τριῶν
589 3037 799 3107 ῥάϐδων
820 3039 914 3092 τοῦ
946 3041 1137 3097 Ἰακὼϐ
1154 3044 1406 3112 πρόσθες.
1440 3050 1558 3118 ’Δφ“
1583 3041 1646 3104 οὗ

1826 2318 2120 2392 lmpositus
2155 2327 2322 2397 igitur
2381 2342 2501 2387 erat
2562 2344 2730 2405 puteo
2778 2339 2956 2411 lapis,
3012 2347 3107 2416 qui
3161 2362 3343 2409 mente

1753 2414 2002 2470 cernitur
2030 2416 2306 2485 Christus,
2365 2424 2713 2486 abscondens
2770 2431 2828 2486 in
2859 2414 3138 2504 profundo
3177 2452 3342 2514 atque

1753 2505 2023 2574 mysterio
2074 2508 2359 2568 lavacrum
2415 2525 2875 2590 regenerationis,
2946 2531 3093 2599 quod
3156 2534 3338 2592 adhuc

1753 2598 1931 2652 multo
1976 2605 2244 2672 tempore,
2281 2613 2545 2678 tanquam
2598 2614 2764 2685 longo
2823 2598 2976 2686 fune,
3029 2625 3097 2678 ad
3127 2631 3339 2685 revela-

1754 2686 1958 2745 tionem
2012 2706 2152 2762 opus
2180 2695 2438 2756 habebat.
2473 2699 2644 2758 Nemo
2677 2719 2859 2763 autem
2915 2711 3152 2783 lapidem
3182 2734 3335 2775 amo-

1753 2780 1932 2844 vebat,
1954 2782 2060 2839 nisi
2085 2787 2273 2852 Israel,
2296 2805 2417 2860 quae
2442 2801 2527 2848 est
2551 2810 2704 2852 mens
2722 2800 2913 2859 videns
2937 2803 3127 2861 Deum.
3159 2809 3333 2877 Quin-

1753 2873 1920 2929 etiam
1948 2876 2133 2931 haurit
2176 2894 2396 2951 aquam,
2427 2894 2481 2940 et
2511 2895 2697 2955 potum
2742 2893 2948 2960 prmbet
2993 2873 3202 2957 ovibus
3217 2903 3330 2956 ιιι...

1760 2963 1958 3032 chelis,
1983 2967 2090 3024 hoc
2118 2979 2225 3035 est,
2256 2979 2541 3045 mysterio,
2583 2983 2731 3050 quod
2777 2985 3159 3048 absconditum
3187 3008 3326 3064 erat,

1751 3057 2014 3124 revelato,
2058 3060 2150 3117 dat
2191 3079 2388 3135 aquam
2421 3071 2642 3126 vitalem
2675 3072 2938 3135 Ecclesia:
2970 3085 3144 3156 gregi.
3173 3057 3328 3144 Adde

54 3131 153 3196 γὰρ
186 3128 250 3180 αἱ
288 3130 438 3196 τρεῖς
472 3128 658 3198 ῥάϐδοι
695 3133 760 3202 τῇ
793 3135 942 3204 πηγῇ
974 3136 1373 3206 παρετέθησαν,
1420 3141 1486 3195 ὲκ
1516 3142 1637 3196 τότε

54 3217 76 3252 Α
111 3217 301 3252 Αριεη..
327 3220 356 3252 Α
389 3218 648 3252 "una."
702 3222 872 3252 ...ι....-
903 3225 1117 3252 ι.,.‹..---
1181 3230 1396 3252 ,κη-,η
1420 3250 1431 3252 Α
1465 3233 1506 3252 ι..
1621 3236 1633 3252 ι

2241 3128 2257 3135 -
2732 3128 2936 3135 ------”
2970 3128 3144 3156 ο“νυ·’
3173 3128 3327 3144 ""“"

1749 3147 1849 3204 huc
1907 3151 2074 3207 trium
2111 3155 2387 3227 virgarum
2435 3160 2623 3221 Jacobi
2659 3181 2773 3224 rem
2827 3181 3062 3242 gestam.
3101 3179 3180 3234 Ex
3214 3198 3327 3252 quo

52 3217 76 3268 6
105 3217 301 3271 Λαϐαν
327 3220 356 3272 6
389 3218 668 3284 πολύθεος,
702 3222 872 3294 πένης
901 3225 1139 3292 ἐγένετο,
1180 3230 1432 3294 πλούσιος
1460 3233 1516 3286 δὲ
1548 3236 1642 3289 καὶ

52 3309 360 3384 πολύαρνος
417 3310 632 3367 Ἰακώϐ.
679 3314 1130 3389 Ἀλληγορηθήτω
1170 3319 1227 3373 δὲ
1272 3323 1301 3376 6
1348 3323 1533 3378 Λάϐαν
1561 3329 1641 3390 εἰς

50 3403 131 3454 τὸν
181 3401 458 3467 διάϐολον,
505 3406 600 3458 καὶ
635 3407 664 3458 6
707 3405 900 3460 Ἰακὼϐ
938 3409 1018 3471 είς
1071 3409 1162 3464 τὸν
1193 3413 1447 3478 Χριστόν.
1485 3416 1641 3472 Μετὰ

51 3492 148 3560 γὰρ
186 3492 258 3547 τὺ
307 3492 613 3566 βάπτισμα,
663 3497 900 3569 Χριστὸς
929 3502 1111 3555 πᾶσαν
1157 3500 1261 3575 ἦρε
1307 3506 1406 3577 τὴν
1439 3508 1639 3578 ἀγέλην

48 3587 131 3638 τοῦ
164 3588 430 3654 Μτανᾶ,
467 3590 562 3643 καὶ
593 3590 1081 3667 αὐτὸςὲπλούτησε.
1113 3595 1354 3670 Μωῦσῆς
1391 3600 1448 3653 δὲ
1474 3603 1502 3655 6
1538 3602 1636 3673 μέ-

45 3952 267 4025 ὲξετέθη
308 3955 449 4026 πρὸς
491 3961 613 4022 ταῖς
645 3960 832 4031 ὄχθαις
873 3962 968 4015 τοῦ
1008 3967 1275 4036 ποταμοῦ,
1305 3970 1364 4022 οὐ
1406 3972 1630 4042 γυμνὸς,

177 4047 481 4118 ἐμϐληθεὶς
502 4049 754 4124 λάρνακι.
793 4054 939 4108 Ἐδει
969 4056 1078 4127 γὰρ
1111 4052 1249 4113 εἶναι
1275 4063 1520 4127 τυπικῶς
1542 4064 1632 4118 τὸν

43 4136 201 4204 νόμον
245 4137 304 4190 ὲν
335 4138 574 4211 κιϐωτῷ.
639 4142 838 4212 Ἐγγὺς
864 4144 922 4197 δὲ
967 4147 1235 4221 κατετέθη
1281 4151 1375 4205 τοῦ
1416 4153 1628 4218 ὕδατος.

43 4223 256 4297 Γειτνιᾷ
278 4227 390 4298 γὰρ
420 4229 450 4280 6
479 4229 642 4300 νόμος
676 4235 743 4303 τῇ
774 4234 958 4304 χάριτι
980 4251 994 4265 ·
1027 4237 1121 4289 καὶ
1153 4239 1221 4292 τὰ
1251 4242 1501 4315 ἐφήμερα
1522 4245 1630 4298 τῶν

51 4318 322 4391 Ἐϐραίων
363 4321 732 4392 ραντίσματα,
759 4325 794 4380 ἃ
841 4327 1033 4399 μικρὸν
1073 4329 1300 4403 ὕστερον
1334 4334 1525 4405 ἔμελλε
1550 4335 1629 4407 τῷ

41 4410 223 4480 τελείῳ
249 4411 348 4463 καὶ
366 4411 662 4485 θαυμαστῷ
683 4415 1014 4489 βαπτίσματι
1041 4421 1503 4494 καλυφθήσεσθαι.
1541 4428 1628 4493 Ὠς

41 4499 90 4551 δὲ
116 4500 323 4572 Παύλῳ
354 4502 433 4573 τῷ
476 4503 746 4577 θεσπεσίῳ
782 4507 946 4575 δοκεῖ,
977 4512 1070 4565 καὶ
1101 4514 1129 4566 6
1158 4512 1283 4577 λαὸς
1324 4515 1485 4581 αὐτὸς
1522 4519 1621 4591 τὴν
1649 4498 1701 4559 Ῐ)

51 4591 315 4664 Ἐρυθρὰν
343 4597 670 4665 περαιωθεὶς
699 4599 994 4669 θάλασσαν,
1021 4604 1118 4676 τὴν
1138 4606 1196 4673 ἐξ
1224 4607 1412 4673 ὓδατος
1440 4628 1619 4683 σωτη-

39 4683 151 4751 ρίαν
200 4685 621 4756 εὐηγγελίσατο.
669 4692 953 4763 Παρῆλθεν
986 4696 1015 4747 6
1045 4694 1191 4761 λαὸς,
1223 4699 1318 4752 καὶ
1369 4700 1620 4770 βασιλεὺς

36 4777 59 4826 6
87 4776 393 4844 Αἰγύπτιος
433 4780 572 4849 μετὰ
599 4782 698 4852 τῆς
737 4788 995 4855 στρατιᾶς
1022 4788 1298 4862 ἐϐυθίσθη,
1335 4792 1429 4845 καὶ
1461 4793 1620 4849 τοῦτο

35 4868 87 4918 τὸ
116 4869 427 4939 μυστήριον
452 4870 540 4925 διὰ
565 4872 673 4926 τῶν
711 4874 888 4946 ἔργων
923 4881 1346 4951 προεφητεύετο.
1381 4885 1489 4939 Καὶ
1522 4886 1618 4944 νῦν

35 4958 152 5027 γὰρ,
194 4957 366 5029 ἡνίκα
395 4959 460 5014 ἂν
485 4962 513 5013 ὁ
537 4960 663 5025 λαὸς
691 4965 747 5016 ἐν
770 4965 847 5035 τῷ
878 4966 978 5036 τῆς
1017 4968 1434 5038 παλιγγενεσίας
1463 4973 1616 5029 ὕδατι

33 5049 274 5118 γένηται,
313 5048 533 5117 φεύγων
554 5050 652 5122 τὴν
681 5053 976 5121 Αἴγυπτον,
998 5056 1096 5129 τὴν
1132 5060 1411 5133 μοχθηρὰν
1434 5064 1614 5135 ἁμαρ-

31 5143 162 5205 τίαν,
199 5139 370 5203 αὐτὸς
400 5142 499 5211 μὲν
526 5142 903 5216 ἐλευθεροῦται
925 5149 1019 5201 καὶ
1038 5149 1290 5216 σώζεται,
1307 5155 1335 5205 6
1355 5153 1410 5207 δὲ
1433 5155 1614 5209 διάϐο-

32 5231 108 5293 λος
131 5234 277 5302 μετά
312 5232 422 5286 τῶν
455 5234 600 5287 ἰδίων
630 5236 918 5308 ὑπηρετῶν
944 5240 1108 5312 (λέγω
1129 5241 1194 5314 δὴ
1223 5244 1333 5298 τῶν
1363 5247 1613 5318 πνευμά-

31 5341 124 5377 των
156 5328 260 5398 τῆς
309 5327 596 5398 πονηρίας)
632 5330 996 5401 ἀποπνίγεται
1039 5337 1107 5406 τῇ
1143 5336 1288 5408 λύπῃ
1320 5339 1416 5392 καὶ
1458 5340 1613 5409 φθεί-

32 5431 194 5481 ρεται,
239 5417 534 5488 συμφορὰν
576 5419 714 5472 ίδίαν
740 5420 838 5492 τὴν
860 5425 968 5478 τῶν
991 5425 1296 5496 ἀνθρώπων
1339 5432 1612 5503 σωτηρίαν

93 5621 132 5649 ¹⁷
170 5620 325 5695 (ἔθη.
375 5636 533 5695 amt,
575 5622 608 5677 9
644 5640 766 5694 sqq.
873 5626 916 5658 "
947 5626 1053 5683 lsa.
1088 5645 1296 5695 xxvm,
1335 5631 1423 5688 i6.

29 5685 58 5739 5
83 5705 200 5762 sqq.
283 5694 329 5723 ¹¹
374 5691 392 5745 ι
425 5692 550 5746 Cor.
595 5711 648 5761 x,
685 5685 881 5769 i'sqq.
961 5699 1006 5730 "
1039 5701 1212 5757 Exod.
1245 5685 1358 5772 xiv,
1382 5685 1460 5760 7212
1491 5720 1611 5778 sqq.

1527 5633 1571 5665 "
1613 5634 1745 5693 Dan.
1794 5655 1852 5710 ιι,
1897 5642 1987 5700 45.

1745 3242 1888 3295 enim
1924 3251 2038 3300 tres
2095 3246 2200 3302 illaa
2228 3249 2394 3322 virgae
2449 3253 2586 3311 fonti
2646 3263 2911 3331 appositae
2956 3278 3104 3333 sunt,
3154 3242 3324 3328 ex.eo

1743 3337 1987 3401 tempore
2006 3332 2192 3391 Laban
2215 3338 2305 3394 ille
2335 3342 2629 3400 multorum
2654 3347 2881 3406 deorum
2929 3359 3324 3426 superstitione

1742 3420 2067 3492 implicitus,
2125 3443 2332 3500 pauper
2387 3437 2594 3501 evasit;
2627 3437 2799 3498 Jacob
2838 3420 3018 3502 autem
3051 3448 3215 3506 ditari
3265 3465 3322 3508 et

1740 3515 1900 3584 agnis
1932 3517 2218 3576 abundare
2265 3525 2526 3594 coepit”.
2572 3530 2884 3602 Allegorico
2921 3547 3102 3595 autem
3152 3559 3321 3601 sensu

1739 3602 1926 3663 Laban
1956 3611 2022 3664 ad
2058 3611 2357 3681 diabolum,
2401 3617 2572 3676 Jacob
2607 3624 2673 3679 ad
2710 3625 2993 3685 Christum
3023 3633 3316 3692 referatur.

1735 3693 1872 3750 Nam
1903 3707 2028 3768 post
2081 3701 2351 3773 baptisma
2393 3707 2651 3770 Christus
2686 3731 2904 3775 omnem
2953 3724 3156 3782 diaboli
3193 3746 3319 3800 gre-

1737 3803 1856 3858 gem
1883 3792 2129 3864 abstulit,
2157 3805 2212 3852 et
2239 3798 2359 3870 ipse
2391 3802 2602 3862 ditatus
2627 3818 2733 3867 est.
2762 3811 2976 3884 Moyses
3009 3792 3317 3878 autemville

1616 3918 1632 3943 ,
1734 3894 1988 3951 magnus,
2014 3900 2140 3942 cum
2174 3903 2312 3958 puer
2350 3894 2526 3953 scitus
2565 3906 2621 3954 et
2646 3903 2887 3972 elegans,
2939 3915 3103 3980 atque
3147 3913 3315 3970 etiam

1732 3985 1882 4027 nunc
1904 3975 2008 4030 sub
2031 3977 2294 4037 uberibus
2321 3992 2488 4051 esset,
2521 3993 2798 4046 communi
2829 4009 2894 4050 ac
2917 3997 3058 4053 tristi
3089 4011 3314 4058 senten-

1731 4061 1854 4128 tiae,
1889 4080 2052 4134 quam
2101 4069 2275 4127 durus
2329 4073 2422 4129 ille
2473 4074 2690 4134 Pharao
2746 4081 3010 4142 adversus
3073 4089 3312 4150 infantes

1731 4156 2009 4212 masculos
2035 4159 2255 4228 tulerat,
2283 4165 2592 4236 subjectus,
2629 4175 2915 4241 expositus
2943 4186 3027 4234 est
3061 4181 3129 4235 ad
3163 4183 3312 4254 ripas

1731 4246 1932 4314 amnis,
1967 4265 2075 4305 non
2134 4253 2338 4320 nudus,
2370 4259 2465 4312 sed
2499 4259 2653 4316 cista:
2706 4264 2998 4336 impositus
3029 4271 3098 4326 “.
3131 4272 3309 4346 Opor-

1731 4338 1878 4394 tebat
1906 4343 2053 4397 enim
2098 4344 2271 4417 legem
2298 4351 2480 4420 typice
2506 4361 2562 4408 et
2589 4355 2884 4428 allegorice
2913 4377 3037 4420 esse
3071 4365 3126 4422 in
3158 4338 3307 4425 arca.

1729 4428 1910 4502 Prope
1956 4450 2155 4507 aquam
2207 4453 2388 4497 autem
2453 4445 2738 4518 depositus
2765 4462 2872 4508 est.
2910 4453 3103 4513 Vicina
3161 4463 3308 4518 enim

1727 4525 1917 4593 gratiae
1949 4527 2034 4583 lex
2064 4537 2169 4597 est,
2192 4539 2248 4587 et
2278 4536 2615 4604 quotidianae
2647 4540 3000 4602 Hebraeorum
3033 4555 3310 4622 aspersio-

1725 4629 1826 4671 nes
1861 4634 1874 4670 :
1907 4632 2046 4687 qute,
2081 4622 2246 4691 paulo
2303 4635 2428 4694 post
2475 4628 2719 4688 futurum
2769 4645 2889 4690 erat
2945 4648 3005 4693 ut
3063 4643 3310 4712 perfecto

1723 4717 1888 4777 atque
1943 4710 2264 4769 admirando
2303 4716 2632 4788 baptismate
2688 4710 3091 4798 obtegerentnr.
3128 4734 3306 4806 Atque

1722 4807 1784 4852 ut
1813 4800 2001 4857 divino
2032 4803 2203 4862 Paulo
2235 4809 2536 4880 videtur",
2571 4817 2734 4872 etiam
2769 4823 3006 4892 populus
3035 4827 3170 4897 ipse,
3205 4800 3300 4898 qui

1721 4889 1969 4948 Rubrum
2004 4912 2155 4955 mare
2181 4904 2458 4970 transivit,
2494 4923 2638 4970 eam.
2673 4927 2794 4981 quae
2822 4929 2887 4970 ex
2914 4931 3054 4987 aqua
3084 4921 3300 4977 contin-

1722 4983 1820 5053 git,
1848 4988 2080 5044 salutem
2102 4995 2471 5052 annnntiavit.
2505 4997 2788 5060 Transivit
2834 4983 3088 5078 populus,
3110 5021 3175 5066 et
3201 5029 3300 5070 rex

1722 5073 2014 5147 Egyptius
2045 5096 2170 5136 cum
2194 5087 2441 5144 exercitu
2464 5091 2788 5154 submersus
2815 5073 2988 5165 est”,
3012 5109 3066 5157 et
3095 5113 3299 5174 myste-

1723 5169 1864 5222 rium
1899 5185 1995 5239 per
2021 5187 2188 5243 opera
2219 5179 2638 5247 prmdicebatnr.
2665 5187 2876 5245 Etenim
2903 5208 3049 5249 nunc
3077 5169 3296 5265 quando

1720 5261 1958 5329 populus
2012 5264 2228 5334 fugiens
2287 5270 2618 5344 Egyptum,
2671 5279 2979 5350 improbum
3039 5261 3295 5358 (scilicet)

1718 5357 2026 5415 peccatum,
2063 5353 2120 5409 in
2176 5371 2315 5429 aqua
2369 5369 2800 5434 regenerationis
2861 5353 3133 5439 versatur,
3177 5353 3294 5447 ipse

1717 5440 1937 5507 quidem
1977 5443 2240 5503 liberatur
2293 5461 2349 5508 et
2389 5465 2684 5526 servatur;
2711 5459 2966 5521 diabolus
3004 5481 3136 5523 vero
3166 5484 3292 5526 cum

2087 5650 2132 5682 ¹⁰
2178 5650 2314 5710 Gen.
2371 5672 2497 5725 xxx,
2535 5657 2604 5712 27
2639 5674 2763 5732 sqq.
2842 5664 2883 5695 "
2926 5663 3101 5723 Exod.
3155 5683 3286 5738 xm,
