3842 6416
511 241 610 299 591
693 259 696 262 '

1761 241 1819 298 S.
1849 240 2174 299 GREGORII
2195 240 2488 296 NYSSENI

3671 245 3774 304 59?.

511 365 630 422 suis
671 365 937 428 ministris
968 363 1058 434 (de
1089 363 1375 436 Spiritibus
1410 364 1668 420 nimirum
1719 365 1982 436 improbis
2014 366 2093 420 lo-

2204 367 2517 435 ἡγούμενος.
2566 363 2747 418 Ἱκανὰ
2784 364 2880 434 μὲν
2910 359 3004 417 οῦν
3041 365 3133 420 καὶ
3173 365 3343 420 ταῦτα
3382 367 3460 429 είς
3490 365 3778 437 βεϐαίωσιν

509 456 672 528 quor)
712 456 879 510 animi
933 455 1121 511 dolore
1172 456 1493 521 suﬁ'ocatur,
1542 465 1596 510 et
1645 457 1956 522 conﬁcitur,
1989 471 2090 526 pro

513 563 612 603 sua
677 547 990 601 calamitate
1039 547 1322 601 hominum
1375 549 1608 603 salutem
1642 549 1870 604 ducens.
1914 551 2090 617 Atque

508 642 675 694 etiam
708 639 824 692 hac
849 637 1072 708 quidem
1105 638 1266 693 nobis
1296 639 1362 692 ad
1398 637 1870 693 conﬁrmationem
1895 653 2091 708 propo-

509 732 600 786 siti
640 739 908 786 tractatus
941 727 1277 786 suﬁ'ecerint.
1319 729 1704 785 Verumtamen
1741 745 1810 784 ne
1858 745 2088 800 sequen—

511 827 586 878 tia
619 823 837 894 quidem
875 825 1226 878 honestarum
1269 837 1452 877 rerum
1487 821 1738 878 studioso
1769 821 2092 894 negligenda

517 927 672 970 sunt.
711 915 894 970 Multis
922 915 1066 970 enim
1106 912 1465 968 incommodis
1487 913 1852 979 conﬂictatus,
1899 931 2093 985 quem-

515 1005 809 1062 admodum
895 1005 1223 1069 didicimus,
1274 1004 1628 1060 Hebraeorum
1709 1007 1983 1076 populus,
2041 1017 2090 1060 et

501 1099 789 1154 laborioso
821 1109 982 1168 atque
1047 1097 1282 1153 molesto
1326 1097 1641 1152 solitudinis
1693 1097 1948 1154 conlecto
1987 1097 2086 1150 cir'

513 1191 688 1254 cuitu,
713 1205 820 1245 non
847 1191 1001 1259 prius
1037 1197 1238 1244 terram
1265 1189 1650 1260 promissionis
1680 1189 1905 1260 recepit,
1931 1199 2096 1259 quam

515 1283 756 1339 ducente
787 1282 938 1346 Jesu,
971 1283 1250 1352 vitamque
1281 1281 1401 1352 ejus
1429 1281 1766 1352 gubernante
1799 1279 1864 1336 ad
1903 1278 2096 1336 Iorda-

515 1393 640 1432 nem
675 1377 922 1447 pervenit
949 1375 1015 1430 “.
1041 1375 1397 1445 Perspicuum
1427 1383 1514 1429 est
1533 1381 1738 1438 autem,
1763 1372 1908 1443 quod
1933 1373 2098 1428 etiam

516 1467 702 1532 Jesus,
745 1467 838 1536 qui
901 1465 1189 1519 duodecim
1255 1477 1388 1519 saxa
1439 1464 1494 1518 in
1547 1461 1770 1518 ﬂumine
1820 1461 2096 1531 deposuit,

516 1559 806 1614 duodecim
837 1557 1139 1626 discipulos
1182 1555 1471 1610 ministros
1501 1555 1849 1624 baptismatis
1883 1567 2098 1623 praepa-

515 1651 676 1706 rabat
725 1665 790 1704 ac
841 1648 1292 1718 prazdestinabat.
1350 1647 1522 1700 Porro
1591 1645 1920 1701 sacriﬁcium
1967 1642 2101 1696 illud

519 1742 875 1805 admirabile,
928 1739 1185 1810 quodque
1255 1731 1473 1794 omnem
1529 1739 1822 1792 humanam
1878 1743 2100 1805 superat

519 1841 782 1896 mentem,
821 1829 1095 1884 Thesbitaa
1137 1829 1284 1882 illius
1312 1827 1482 1890 senis,
1532 1827 1662 1898 quid
1690 1825 1837 1880 aliud
1877 1825 2094 1880 tandem

521 1933 684 1993 atque
708 1937 767 1978 re
795 1923 913 1992 ipsa
962 1920 1346 1992 praesigniﬁcat
1393 1919 1552 1974 ﬁdem
1602 1919 1658 1972 in
1679 1917 1892 1972 Patrem
1923 1927 1976 1972 et
2005 1915 2097 1970 Fi-

519 2015 656 2069 lium
697 2022 752 2069 et
785 2013 1052 2084 Spiritum
1103 2019 1374 2074 sanctum,
1423 2021 1588 2080 atque
1637 2009 2100 2080 redemptionem?

521 2103 886 2174 Posteaquam
941 2101 1088 2157 enim
1133 2099 1429 2154 universus
1462 2098 1816 2156 Hebraeorum
1865 2097 2100 2168 populus

521 2197 701 2267 patria
754 2197 1075 2250 conculcata
1115 2193 1348 2263 pietate,
1394 2191 1449 2245 in
1502 2205 1743 2245 errorem
1799 2191 2098 2244 multorum

523 2290 758 2343 deorum
811 2287 996 2340 cultus
1025 2286 1320 2355 prolapsus
1361 2289 1479 2339 erat
1511 2301 1524 2338 :
1561 2291 1616 2338 et
1643 2298 1738 2337 rex
1789 2282 1977 2344 Achab
2030 2281 2100 2335 ab

525 2381 946 2436 simulacrorum
978 2379 1130 2433 cultu
1167 2375 1549 2438 deludehatur,
1577 2389 1702 2428 cum
1736 2375 1934 2428 malam
1979 2373 2103 2429 vita

527 2472 736 2528 sociam
791 2469 1352 2538 scelestissimamque
1413 2465 1709 2536 impietatis
1781 2467 2098 2535 magistram

528 2565 756 2619 haberet.
811 2561 1106 2616 infaustam
1169 2571 1223 2614 et
1287 2557 1678 2614 exsecrandam
1737 2555 2100 2612 Jezabelem:

529 2655 769 2724 repletus
797 2653 1060 2722 propheta
1083 2649 1260 2721 gratia
1290 2647 1584 2717 spirituali,
1609 2653 1663 2700 et
1699 2661 1827 2700 eum
1879 2646 2101 2700 Achabo

531 2759 885 2816 congressus,
923 2751 1062 2798 teste
1115 2756 1260 2810 rege,
1290 2740 1549 2809 omnique
1603 2739 1806 2808 pepulo
1847 2737 2104 2793 sacerdo-

529 2840 680 2894 tibus
710 2836 836 2890 Baal
866 2843 926 2890 se
949 2833 1207 2904 opposuit
1258 2833 1324 2888 ad
1355 2839 1634 2887 certamen
1683 2833 1876 2901 ingens
1906 2839 1960 2887 et
2011 2831 2106 2886 ad-

530 2931 820 2994 mirabile;
876 2935 1042 2996 atque
1103 2925 1269 2990 illos,
1325 2924 1420 2993 qui
1478 2931 1880 2993 proposuerant
1943 2931 2107 2994 atque

531 3022 768 3094 professi
813 3027 988 3084 erant,
1023 3016 1170 3086 quod
1203 3017 1410 3086 absque
1453 3016 1562 3085 igni
1595 3015 1787 3070 bovem
1826 3017 2106 3070 sacriﬁca-

2189 459 2288 529 τῆς
2305 458 2672 529 προκειμένης
2693 455 3078 528 πραγματείας
3097 453 3185 528 ἦν.
3211 457 3358 529 Πλὴν
3379 457 3499 511 οὑδέ
3521 458 3630 510 τῶν
3650 459 3778 527 agn;

2191 551 2494 620 ἀμελητέον
2523 549 2602 620 τῷ
2632 550 2925 621 φιλοκάλῳ.
2957 549 3135 602 Πολλὰ
3176 549 3284 620 γὰρ
3312 548 3519 614 παθὼν,
3549 548 3627 612 ὡς
3669 549 3778 602 ἐδι-

2191 642 2488 713 δάχθημεν,
2519 643 2547 695 6
2577 641 2686 695 τῶν
2731 641 2998 714 Ἐϐραίων
3042 641 3193 709 λαὸς,
3233 642 3327 695 καὶ
3355 642 3454 714 τὴν
3499 641 3780 712 μοχθηρὰν

2191 733 2450 796 διανύσας
2479 732 2577 803 τῆς
2612 733 2822 805 ἐρήμου
2852 733 3101 804 περίοδον
3125 771 3141 798 ,
3171 734 3232 786 οὑ
3273 733 3534 806 πρότερον
3557 734 3656 806 τήν
3677 733 3780 804 γῆν

2191 827 2291 896 τῆς
2337 826 2668 894 ἐπαγγελίας
2715 825 2977 890 ἀπέλαϐε,
3023 826 3155 898 πρὶν
3199 826 3521 898 ὀδηγοῦντος
3579 825 3776 898 Ἰησοῦ,

2193 919 2288 971 καὶ
2330 917 2427 988 τὴν
2451 917 2595 988 ζωὴν
2641 917 2807 978 αὑτοῦ
2837 917 3230 988 κυϐερνῶντος,
3265 920 3344 982 εἰς
3383 917 3476 971 τὸν
3511 917 3780 989 Ἰορδάνην

2195 1008 2524 1080 ἐπεραιώθη.
2566 1007 2774 1080 Ἰησοῦς
2815 1009 2870 1063 δὲ
2911 1011 3006 1062 καὶ
3033 1010 3158 1075 τοὺς
3185 1009 3394 1064 δώδεκα
3435 1009 3620 1072 λίθους
3645 1011 3783 1062 ἀπο-

2195 1099 2422 1170 θέμενος
2441 1101 2499 1153 ἐν
2524 1099 2602 1172 τῷ
2635 1101 2887 1171 ῥεύματι,
2917 1101 3184 1172 πρόδηλόν
3207 1103 3374 1168 ἐστιν,
3401 1101 3486 1155 ὅτι
3515 1101 3642 1166 τοὺς
3681 1100 3782 1154 δὼ-

2195 1191 2332 1245 δεκα
2354 1189 2620 1261 μαθητὰς,
2648 1193 2774 1255 τοὺς
2797 1191 3074 1263 ὑπηρέτας
3101 1189 3193 1245 τοῦ
3223 1191 3618 1262 βαπτίσματος,
3649 1207 3784 1262 προ-
3819 1239 3832 1250 ,

2197 1279 2543 1353 ηυτρέπιςεν.
2581 1282 2646 1334 Ἡ
2665 1281 2723 1335 δὲ
2744 1281 3029 1354 θαυμαστὴ
3048 1282 3326 1356 ἱερουργία
3350 1284 3442 1336 καὶ
3467 1284 3642 1337 πάντα
3655 1281 3784 1336 νοῦν

2198 1373 2503 1444 ἀνθρώπων
2533 1375 2934 1448 ὑπερϐαίνουσα
2961 1375 3056 1429 τοῦ
3090 1375 3347 1430 Θεσϐίτου
3377 1373 3472 1429 τοῦ
3503 1377 3782 1447 γέροντος,

2199 1467 2252 1519 τί
2281 1483 2411 1520 ποτε
2435 1465 2582 1531 ἄλλο,
2612 1467 2646 1538 ἢ
2669 1467 2987 1538 πρακτικῶς
3015 1467 3316 1539 προμηνύει
3340 1469 3437 1540 τήν
3467 1472 3545 1534 είς
3561 1469 3785 1541 Πατέρα

2203 1559 2297 1614 καὶ
2319 1559 2447 1612 Υίδν
2473 1561 2567 1614 καὶ
2593 1559 2746 1629 ἅγιον
2771 1560 2994 1631 Πνεῦμα
3018 1560 3223 1626 πίστιν,
3251 1562 3345 1615 καὶ
3367 1562 3781 1634 ἀπολύτρωσινς

2216 1651 2434 1725 Ἐπειδὴ
2462 1652 2570 1724 γὰρ
2591 1652 2736 1716 ἅπας
2763 1655 2791 1707 6
2817 1653 2928 1706 τῶν
2960 1653 3222 1725 Ἐϐραίων
3243 1654 3368 1718 λαὸς
3391 1655 3489 1727 τὴν
3520 1657 3784 1729 πατρῴαν

2135 1769 2172 1823 Β
2205 1747 2455 1817 πατήσας
2478 1745 2775 1810 εὐσέϐειαν,
2797 1748 2875 1810 είς
2900 1746 2998 1818 τὴν
3020 1746 3277 1799 πολύθεον
3299 1747 3506 1820 πλάνην
3528 1747 3780 1813 ἐξέπεσε,

2200 1837 2296 1888 καὶ
2349 1839 2378 1889 6
2422 1836 2675 1907 βασιλεὺς
2737 1835 2942 1907 Ἀχαὰϐ
2998 1835 3148 1906 παρὰ
3195 1835 3296 1905 τῆς
3341 1837 3782 1907 εἰδωλολατρείας

2200 1927 2473 1992 ἐπαίζετο,
2506 1929 2682 2000 κακὴν
2721 1927 2816 1981 τοῦ
2863 1927 2978 1998 βίου
3026 1925 3282 1980 κοινωνὸν
3329 1928 3420 1982 καὶ
3463 1927 3786 1998 παμμίαρον

2197 2019 2298 2089 τῆς
2329 2017 2581 2082 ἀσεϐείας
2612 2017 2751 2089 ἔχων
2785 2017 3102 2072 διδάσκαλον
3137 2016 3235 2087 τὴν
3263 2017 3576 2088 δυσώνυμον
3613 2017 3784 2081 ἰεζά-

2201 2111 2328 2164 ϐελο
2364 2111 2624 2180 πλησθεὶς
2643 2111 2671 2164 6
2699 2111 2988 2182 Προφήτης
3017 2113 3117 2180 τῆς
3151 2097 3524 2181 πνευματικῆς
3543 2111 3786 2182 χάριτος,

2201 2203 2372 2257 ἐλθὼν
2401 2203 2458 2256 δέ
2493 2205 2572 2266 είς
2599 2203 2888 2272 συντυχίαν
2921 2201 2998 2272 τῷ
3039 2201 3265 2272 Ἀχαὰϐ,
3302 2203 3404 2255 61:6
3439 2203 3678 2273 μάρτυρι
3713 2203 3792 2272 τῷ

2205 2295 2417 2367 βασιλεί
2448 2297 2542 2350 καὶ
2579 2295 2742 2350 παντὶ
2771 2293 2851 2365 τῷ
2894 2293 3032 2364 λαῷ,
3067 2295 3180 2358 τοῖς
3222 2293 3321 2364 τῆς
3357 2293 3504 2346 Βάαλ
3547 2293 3791 2365 ἱερεῦσιν

2201 2387 2563 2456 ἀντικατέστη
2598 2385 2734 2456 πρὸς
2779 2385 2965 2454 ἀγῶνα
3013 2384 3326 2455 θαυμαστὸν
3377 2385 3472 2438 καὶ
3523 2385 3790 2451 ἐξαίσιον.

2202 2477 2313 2530 Καὶ
2341 2475 2778 2547 προϐαλλόμενος
2793 2476 2975 2538 αὑτοῖς
2995 2477 3057 2528 τὸ
3085 2474 3256 2544 χωρὶς
3283 2473 3458 2544 πυρὸς
3494 2475 3790 2544 ἱερουργῆ-

2203 2587 2294 2623 σαι
2314 2570 2405 2622 τὸν
2431 2568 2558 2640 βοῦν
2581 2608 2597 2632 ,
2636 2567 3072 2636 καταγελάστους
3099 2565 3262 2630 ἔδειξε
3301 2567 3390 2619 καὶ
3413 2565 3649 2628 ἀθλίους,
3695 2567 3795 2635 μά-

2201 2679 2304 2732 την
2341 2660 2667 2731 εὐχομένους
2713 2658 2806 2711 καὶ
2835 2658 3136 2727 κράζοντας
3163 2659 3276 2719 τοῖς
3319 2657 3416 2709 οὑκ
3455 2651 3574 2707 οὑσι
3625 2654 3794 2715 θεοῖς.

2205 2754 2390 2818 Τέλος,
2425 2751 2888 2822 ἐπικαλεσάμενος
2931 2751 3094 2814 αὑτὸς
3123 2750 3216 2803 τὸν
3251 2749 3380 2802 ἴδιον
3403 2749 3494 2800 καὶ
3533 2746 3796 2816 ἁληθινδν

2207 2845 2362 2910 Θεὸν,
2415 2843 2742 2915 ὑπερϐολαῖς
2779 2843 2990 2896 πλείοσι
3023 2843 3118 2895 καὶ
3168 2840 3526 2912 προσθήκαις,
3575 2837 3800 2906 θαυμα-

2207 2937 2350 3000 στῶς
2403 2935 2678 3000 ἐξετέλεσε
2727 2935 2790 2988 τὺ
2835 2933 3142 3004 προϐληθὲν
3195 2931 3504 3000 ἀγώνισμα.
3561 2929 3638 2982 06
3691 2929 3802 2995 γὰρ

2211 3026 2396 3091 ἁπλῶς
2419 3027 2714 3097 εὐξάμενος
2741 3027 2918 3097 ἤγαγε
2947 3026 3009 3078 τὸ
3038 3025 3149 3097 πῦρ
3179 3025 3238 3090 ἐξ
3267 3021 3492 3090 ούρανοῦ
3517 3021 3664 3072 κατὰ
3687 3021 3798 3070 τῶν

531 3116 644 3170 turi
679 3119 884 3176 essent,
913 3109 1175 3164 ridiculos
1217 3123 1282 3162 ac
1329 3108 1560 3162 miseros
1593 3109 1852 3172 ostendit,
1903 3108 2104 3165 frustra

2221 3119 2390 3183 ξύλων
2415 3118 2594 3190 ξηρῶν
2625 3118 2998 3190 ὑπαρχόντων,
3023 3117 3157 3170 ἀλλὰ
3181 3118 3290 3178 τοίς
3313 3112 3613 3184 ὑπηρέταις
3639 3113 3802 3176 ἐγκε-

533 3212 822 3277 precantes
851 3209 904 3256 et
933 3201 1256 3255 invocantes
1281 3197 1436 3263 deos,
1488 3199 1581 3267 qui
1618 3199 1754 3254 nulli
1780 3208 1928 3256 sunt.
1964 3200 2111 3256 Tan-

533 3297 658 3353 dem
682 3296 798 3367 ipse
831 3307 932 3348 suo
963 3305 1028 3346 ac
1053 3289 1184 3345 vero
1203 3287 1312 3344 Deo
1341 3289 1613 3356 invocato,
1644 3292 1964 3348 excessibus
1985 3291 2108 3362 piu-

533 3391 691 3444 ribus
720 3395 776 3442 et
821 3383 1224 3455 adiectionibus
1257 3382 1582 3437 mirabiliter
1617 3386 1956 3454 propositum
1987 3401 2110 3441 cer-

533 3491 717 3536 tamen
755 3481 964 3550 peregit
989 3478 1060 3532 ’⁵.
1106 3475 1227 3531 Non
1265 3478 1410 3530 enim
1443 3476 1765 3545 simpliciter
1813 3487 2105 3547 precatus,

497 3599 500 3602 ι
535 3575 738 3646 lignis,
773 3587 897 3642 qua:
943 3569 1097 3626 arida
1151 3579 1358 3634 essent,
1391 3569 1570 3640 ignem
1599 3585 1628 3623 e
1662 3570 1804 3624 coelo
1861 3575 2112 3642 superin-

535 3663 714 3726 duxit,
747 3660 844 3716 sed
869 3675 998 3714 cum
1029 3659 1308 3714 ministros
1339 3658 1590 3713 hortatus
1621 3668 1795 3716 esset.
1821 3675 1884 3715 ac
1909 3662 2110 3731 jussis-

2216 3211 2544 3282 λευσάμενος
2563 3213 2658 3265 καὶ
2682 3211 2990 3283 προστάξας
3009 3209 3152 3282 ’ύδωρ
3171 3207 3392 3278 κομίσαι
3417 3204 3572 3258 πολύ.
3599 3205 3804 3273 Τρίτον

2215 3303 2272 3357 δέ
2299 3303 2406 3358 τῶν
2437 3303 2705 3374 σχιδάκων
2752 3303 3028 3374 καταχέας
3065 3303 3193 3365 τοὺς
3233 3300 3630 3371 ἀμφορίσκους,
3667 3296 3801 3364 εὕῖᾗ

2213 3399 2275 3449 τὸ
2317 3396 2428 3468 πῦρ
2456 3395 2659 3465 ἀνῆψεν
2695 3395 2752 3462 ἐξ
2801 3395 3018 3458 ὕδατος·
3061 3393 3149 3448 ἵνα
3187 3394 3249 3446 ἐκ
3281 3392 3378 3461 τῆς
3415 3388 3652 3459 φυσικῆς
3695 3388 3798 3438 τῶι

2219 3489 2494 3559 στοιχείων
2539 3487 2928 3557 ἐναντιάτητος,
2975 3487 3040 3539 ἐκ
3075 3483 3169 3537 τοῦ
3225 3480 3526 3554 παραδόξου
3569 3477 3800 3546 συνδραο

2222 3579 2430 3649 μόντων
2449 3579 2530 3642 είς
2558 3577 2742 3646 φιλίαν
2769 3578 2862 3630 καὶ
2889 3575 3199 3647 συνεργίαν,
3228 3572 3365 3644 μετά
3399 3569 3602 3638 πολλῆς
3633 3569 3809 3638 ὑπερ-

2219 3671 2381 3741 ϐολῆς
2409 3669 2522 3726 τοῦ,
2541 3669 2670 3722 ἰδίου
2711 3669 2842 3722 Θεοῦ
2875 3668 2973 3740 τὴν
3002 3653 3228 3738 δύναμιν
3261 3663 3584 3732 ἐνδείξηται.

535 3763 642 3818 set,
666 3761 728 3808 ut
755 3753 982 3807 multam
1008 3745 1509 3820 aquam‘aﬁ‘errent,
1533 3763 1597 3803 ac
1625 3758 1706 3804 ter
1731 3751 1784 3805 in
1812 3753 1956 3824 ligna
1990 3755 2116 3812 ﬁssa
2157 3763 2540 3832 amphoriscos
2571 3762 2876 3824 eﬁudisset,
2900 3761 3148 3814 oratione
3209 3760 3384 3828 ignem
3417 3752 3670 3808 accendit
3743 3765 3810 3806 ex

535 3861 702 3916 aqua,
791 3854 852 3898 ut
911 3859 978 3898 ex
1035 3843 1395 3912 repugnantia
1457 3844 1696 3898 naturali
1747 3846 2164 3918 elementorum,
2205 3873 2328 3926 qua:
2349 3865 2546 3926 prmter
2574 3873 2726 3927 spem
2777 3865 2830 3909 et
2887 3855 3202 3924 opinionem
3265 3851 3330 3905 ad
3363 3847 3730 3904 concordiam
3757 3853 3812 3900 et

535 3952 784 3996 ιιιῑιιυυιη
842 3938 1218 4008 adiumemum
1277 3947 1697 4005 concurrerant.
1749 3953 1878 3996 cum
1925 3961 2120 4018 magna
2161 3955 2549 4022 exsuperantia
2589 3962 2753 4023 atque
2784 3965 3016 4006 excessu
3059 3955 3289 4011 naturae,
3319 3947 3404 4000 sui
3477 3943 3572 3996 Dei
3617 3949 3814 4010 poten-

537 4037 666 4089 tiam
701 4035 1127 4088 demonstraret.
1339 4079 1344 4084 .

609 4125 722 4179 Hoc
753 4125 916 4178 modo
944 4122 1093 4178 Elias
1128 4121 1345 4200 quidem
1370 4131 1554 4194 aperte
1585 4139 1727 4190 eam,
1762 4143 1884 4198 qua:
1927 4131 1982 4184 in
2011 4147 2112 4201 po-

537 4226 746 4271 sterum
779 4214 1088 4285 peragenda
1132 4225 1270 4279 erat,
1312 4215 1660 4284 baptismatis
1710 4221 2112 4277 institutionem

539 4317 594 4364 ct
647 4308 1034 4370 initiationem,
1095 4289 1206 4376 per
1243 4307 1565 4362 admirabile
1609 4309 1742 4363 illud
1781 4313 2116 4368 sacriﬁcium

539 4403 701 4458 nobis
731 4402 1004 4472 praedixit.
1047 4401 1200 4470 Aqua
1231 4402 1374 4455 enim
1407 4409 1489 4456 ter
1537 4404 1882 4473 superinfusa
1925 4421 2120 4462 accen-

2281 4133 2468 4186 Ταῦτα
2502 4129 2599 4202 μὲν
2644 4132 2672 4184 6
2718 4129 2904 4192 Ἠλίας
2939 4125 3128 4196 σαφῶς
3177 4123 3278 4195 τὴν
3309 4125 3366 4186 ἐς
3411 4121 3644 4192 ὕστερον
3681 4122 3812 4192 μὲλ-

2215 4225 2412 4280 λουσαν
2440 4221 2710 4278 τελεῖσθαι
2741 4221 2835 4274 τοῦ
2871 4217 3248 4290 βαπτίσματος
3289 4213 3692 4284 μυσταγωγίαν
3719 4213 3810 4266 διὰ

2215 4317 2314 4388 τῆς
2345 4313 2666 4384 θαυμαστῆς
2697 4313 2909 4381 ἐκείνης
2949 4307 3260 4381 ἱερουργίας
3300 4306 3430 4376 ἡμῖν
3479 4303 3816 4374 προανεφὼ-

2217 4422 2398 4475 νησεν.
2431 4403 2623 4456 ’Ύδατι
2659 4401 2768 4472 γὰρ
2817 4399 3032 4470 ἀνήφθη
3063 4398 3126 4450 τὸ
3165 4395 3278 4466 πῦρ
3316 4395 3496 4466 τρίτον
3525 4395 3818 4464 ἐπαντλη-

541 4511 636 4550 sus
659 4501 746 4549 est
771 4494 934 4563 ignis,
955 4499 1016 4546 ut
1037 4491 1454 4560 signiﬁcaretur,
1480 4495 1626 4564 quod
1653 4495 1742 4549 ubi
1765 4511 1905 4566 aqua
1929 4499 2104 4568 mysti

2223 4497 2367 4552 θέντι
2389 4513 2402 4526 ·
2431 4495 2571 4548 ὥστε
2598 4492 2906 4563 δηλοῦσθαι,
2947 4490 3026 4543 ὅτι
3056 4489 3190 4541 ὅπου
3226 4487 3370 4557 ὕδωρ
3409 4485 3467 4537 1:6
3513 4488 3814 4554 μυστικὸν,

541 4601 608 4639 ca
663 4593 770 4648 est,
808 4583 923 4638 illic
971 4583 1138 4638 etiam
1180 4584 1407 4654 spiritus
1439 4593 1521 4640 est
1579 4587 1668 4640 ille
1695 4587 2006 4651 viviﬁcans,
2036 4602 2120 4640 ar-

543 4679 702 4740 dens,
739 4675 956 4746 igneus,
1000 4674 1096 4744 qui
1127 4675 1324 4745 impios
1354 4677 1652 4740 comburit,
1688 4687 1740 4731 et
1784 4677 1968 4732 ﬁdeles
1995 4678 2120 4731 illu-

543 4769 738 4821 minat.
771 4765 1082 4831 Quinetiam
1109 4766 1269 4834 lmjus
1289 4781 1509 4838 quoque
1537 4768 1843 4837 discipulus
1867 4767 2116 4833 Elisaaus,

545 4873 672 4912 cum
715 4855 782 4910 ad
827 4857 952 4912 eum
999 4858 1227 4926 supplex
1265 4859 1506 4914 venisset
1554 4857 1794 4914 Naaman
1848 4857 2019 4930 Syrus
2049 4859 2116 4926 ’⁸,

544 4949 640 5018 qui
673 4950 836 5019 lepra:
879 4949 1074 5002 morbo
1108 4947 1410 5016 laborabat,
1455 4964 1582 5003 cum
1620 4951 1841 5004 lavisset
1889 4950 1944 5003 in
1991 4947 2120 5003 Jor-

545 5043 708 5108 dane,
739 5051 935 5112 purgat
967 5050 1254 5112 mgrotum,
1309 5051 1364 5096 et
1413 5043 1653 5113 generali
1708 5057 1813 5098 usu
1863 5055 2038 5112 aquae,
2073 5052 2126 5097 et

515 5133 772 5203 ospeciali
805 5133 985 5188 amnis
1035 5133 1184 5188 illius
1232 5133 1586 5190 immersione
1636 5145 1822 5205 aperte
1853 5149 2124 5204 praemon-

547 5233 730 5280 strans
763 5223 1028 5279 futurum.
1061 5209 1429 5281 Ex'amnibus
1474 5227 1618 5280 enim
1661 5227 1812 5282 solus
1841 5225 2122 5290 Jordanis,

549 5329 676 5370 cum
709 5317 764 5369 in
795 5331 856 5370 se
887 5315 1186 5386 recepisset
1211 5315 1666 5372 sanctiﬁcationis
1692 5326 1746 5372 et
1781 5316 2122 5372 benedictio-

547 5407 638 5460 nis
659 5406 954 5476 primitias,
985 5417 1250 5477 tanquam
1299 5423 1366 5462 ex
1395 5408 1628 5478 quodam
1665 5409 1817 5464 fonte
1841 5425 1952 5464 sua:
1987 5409 2120 5478 ligu-

549 5513 625 5551 ται
660 5499 714 5570 in
761 5505 932 5550 totum
987 5500 1251 5554 mundum
1295 5500 1496 5554 donum
1549 5501 1912 5570 baptismatis,
1961 5501 2118 5571 quasi

628 5673 675 5708 ⁸⁵
703 5673 818 5729 Jos.
852 5691 934 5742 ιιι,
987 5676 1010 5728 l
1045 5691 1164 5745 sqq.
1242 5679 1286 5711 ³⁵
1319 5676 1380 5731 ιιι
1413 5676 1544 5747 lleg.
1579 5693 1732 5744 ιιι-ιιι,
1771 5679 1838 5730 ‘22
1871 5693 1988 5746 sqq.

2219 4591 2338 4643 ἐκεῖ
2357 4590 2450 4642 καὶ
2484 4587 2700 4658 πνεῦμα
2726 4586 2786 4638 1:6
2811 4581 3119 4654 ζωπυροῦν,
3148 4579 3212 4633 τὸ
3241 4579 3460 4650 θερμὸν,
3494 4579 3556 4630 τὸ
3582 4595 3818 4649 πυροειο

2218 4683 2325 4745 δὲς,
2364 4681 2426 4733 τὸ
2459 4682 2584 4743 τοὺς
2633 4677 2848 4740 ἀσεϐεῖς
2894 4677 3044 4728 καῖον
3077 4674 3169 4726 καὶ
3211 4674 3334 4734 τοὺς
3367 4671 3592 4733 πιστοὺς
3641 4671 3824 4738 φωτί..

2221 4773 2334 4838 ζον.
2371 4774 2444 4827 Οὑ
2481 4774 2588 4845 μὴν
2617 4771 2752 4826 ἀλλὰ
2785 4770 2878 4823 καὶ
2909 4771 2938 4822 6
2965 4767 3154 4820 τούτου
3187 4763 3432 4836 μαθητής
3475 4764 3820 4828 Ἐλισσαῖος,

2223 4863 2470 4927 ἐλθόντος
2497 4863 2636 4936 πρὸς
2679 4862 2840 4918 αὑτὸν
2887 4859 3064 4914 ἱκέτου
3095 4857 3316 4926 Νεεμὰν
3343 4857 3436 4908 τοῦ
3485 4857 3666 4926 Σύρου
3729 4859 3824 4910 τοῦ

2224 4957 2320 5028 τὴν
2347 4955 2555 5027 λέπραν
2584 4957 2932 5026 νοσήσαντος,
2963 4951 3160 5012 λούσας
3201 4953 3258 5002 ὲν
3295 4949 3372 5019 τῷ
3413 4949 3686 5018 Ἰορδάνῃ.
3723 4967 3828 5002 κα-

2225 5049 2403 5120 θαίρει
2431 5049 2522 5101 τὸν
2554 5048 2868 5118 ἄρρωστον
2903 5043 2998 5097 καὶ
3018 5043 3084 5113 τῇ
3117 5043 3304 5112 γενικῇ
3337 5041 3526 5110 χρήσει
3555 5038 3658 5090 τοῦ
3693 5040 3830 5092 65:-

2223 5153 2314 5198 τος
2361 5136 2455 5189 καὶ
2501 5135 2577 5204 τῶ
2613 5133 2763 5204 ίδικῷ
2794 5129 2888 5186 τοῦ
2937 5129 3182 5200 ποταμοῦ
3225 5129 3560 5199 βαπτίσματι
3616 5130 3828 5198 σαφῶς

2225 5228 2646 5299 προῦποφαίνων
2675 5227 2735 5279 τὺ
2764 5225 2973 5296 μέλλον.
2999 5223 3174 5284 Μόνος
3199 5222 3304 5291 γὰρ
3343 5220 3610 5291 Ἰορδάνης
3641 5239 3831 5274 ποτα-

2233 5317 2346 5386 μῶν
2385 5319 2442 5371 ἑν
2487 5315 2664 5386 ἐαυτῷ
2697 5315 2986 5385 δεξάμενος
3021 5311 3114 5365 τοῦ
3149 5310 3416 5380 ἀγιασμοῦ
3457 5311 3552 5362 καὶ
3579 5311 3694 5380 τῆς
3733 5311 3830 5364 εὑ-

2227 5407 2411 5474 λογίας
2429 5407 2531 5477 τὴν
2559 5407 2669 5459 ἀπα
2680 5407 2830 5476 ρχήν,
2859 5403 3048 5472 ὥσπερ
3078 5400 3140 5452 ἐκ
3160 5417 3302 5462 τινος
3335 5400 3515 5469 πηγῆς
3537 5398 3634 5451 τοῦ
3679 5399 3828 5452 ἰδίω

2226 5499 2394 5550 τύπου
2429 5497 2506 5568 τῷ
2531 5499 2718 5568 κόσμῳ
2751 5497 2910 5550 παντὶ
2943 5495 3040 5565 τὴν
3069 5491 3160 5544 τοῦ
3195 5491 3566 5561 βαπτίσματος
3591 5490 3826 5559 ὲπωχέ-

2069 5681 2116 5710 ¹¹⁵
2157 5675 2222 5731 ll’
2259 5675 2389 5746 Reg.
2439 5693 2486 5738 ν,
2525 5677 2546 5727 l
2586 5691 2705 5746 sqq.
