3842 6412
86 345 199 404 595

1331 357 1398 413 IN
1430 361 1831 420 BAPTISMUM
1872 369 2167 427 CHRISTI.

3263 389 3369 450 59!:

82 480 251 517 τευσε
296 466 480 536 χάριν.
532 467 718 522 Ταῦτα
763 471 860 540 μὲν
887 467 980 524 οὖν
1029 474 1227 545 ἐνεργὰ
1261 476 1355 529 καὶ
1399 480 1660 548 πρακτικὲ

87 562 392 578 --...-.-'...___
424 557 484 578 -.τ
509 575 524 578 -
561 557 595 578 ἓν
617 558 638 578 l,
676 559 762 578 κν-
789 560 807 578 ς
986 563 1010 572 ’-
1139 565 1155 578 ι
1400 570 1412 578 .
1540 575 1580 578 --

1785 501 1881 554 per
1914 489 2090 544 rivum
2133 502 2187 546 et
2224 495 2603 563 aquaeductum
2668 501 2983 557 trausl‘udit.
3018 507 3197 578 Atque
3247 512 3364 568 haec

87 562 396 625 μηνύματα
422 557 524 626 τῆς
555 557 642 612 διὰ
669 559 764 612 τοῦ
789 560 1014 633 λουτροῦ
1046 565 1498 636 παλιγγενεσίας.
1540 575 1686 628 Κατ-

85 644 294 715 ἰδωμεν
319 646 379 700 δὲ
414 648 598 702 λοιπὸν
636 651 729 715 τὰς
777 653 866 706 διὰ
914 654 1090 723 λόγων
1117 659 1214 713 καὶ
1247 662 1443 728 φωνῶν
1472 682 1685 737 προφη-

85 735 260 798 τείας.
310 738 372 791 ’0
407 740 505 808 μὲν
534 737 627 794 οὖν
659 741 886 807 Ἡσαΐας
921 746 1182 818 κέκραγε,
1217 749 1421 819 λέγων·
1449 735 1686 810 Amica-

84 831 220 891 σθε,
249 831 500 897 καθαροί
528 831 776 900 γένεσθε
799 852 812 865 ’
841 837 1096 906 ἀφέλετε
1121 841 1228 906 τὰς
1251 846 1543 913 πονηρίας
1563 848 1681 902 ἀπὸ

85 918 209 971 τῶν
239 921 465 989 ⁴ψυχῶν
496 924 681 992 ὑμῶν.
725 927 782 978 Ὀ
816 927 874 981 δὲ
905 929 1068 983 Δαϐίδ
1086 948 1100 963 ⁸
1134 934 1506 1000 Πρεσέλθετε
1533 940 1685 1007 πρὸς

85 1014 297 1078 αὐτὸν,
328 1015 428 1068 καὶ
458 1019 813 1086 φωτίσθητε,
848 1023 946 1076 καὶ
980 1025 1052 1079 τὰ
1095 1029 1388 1094 πρόσωπα
1418 1031 1581 1100 ὑμῶν
1608 1035 1680 1088 οὐ

82 1103 171 1170 μὴ
203 1109 648 1178 καταισχυνθῇ.
698 1113 957 1186 Ἰεζεκιὴλ
982 1117 1039 1170 δὲ
1076 1119 1186 1173 τῶν
1223 1121 1316 1174 δύο
1350 1125 1680 1196 σαφέστερον

87 1197 184 1248 καὶ
211 1197 539 1271 λευκότερον
563 1204 816 1274 γράφων,
833 1209 1173 1280 ὑπισχνεῖται
1193 1213 1292 1284 τὴν
1310 1214 1482 1287 καλὴν
1507 1219 1678 1286 ἐπαγ-

86 1287 273 1352 γελίαν
293 1304 309 1317 ·
339 1291 454 1344 Καὶ
493 1292 661 1359 ρανῶ
715 1295 808 1364 ἐφ’
845 1297 1002 1367 ὑμᾶς
1045 1302 1310 1370 καθαρὸν
1346 1303 1523 1372 ὕδωρ,
1579 1307 1678 1360 καὶ

86 1381 614 1449 καθαρισθήσεσθε
678 1386 797 1440 ἀπὸ
849 1389 1063 1444 πασῶν
1115 1391 1235 1447 τῶν
1297 1396 1679 1467 ἀκαθαρσιῶν

85 1469 273 1537 ὑμῶν,
311 1473 412 1526 καὶ
444 1475 564 1527 ἀπὸ
599 1477 841 1532 ,πάντων
868 1481 986 1534 τῶν
1021 1483 1283 1540 εἰδώλων
1305 1488 1474 1557 ὑμῶν
1493 1494 1675 1544 καθα-

76 1561 187 1628 ριῶ
235 1562 417 1632 ὑμᾶς,
453 1567 555 1620 καὶ
605 1568 777 1624 δώσω
819 1573 962 1641 ὑμῖν
993 1576 1244 1644 καρδίαν
1283 1581 1521 1650 καινὴν,
1576 1585 1674 1639 καὶ

83 1653 324 1723 πνεῦμα
354 1651 568 1712 καινὸν
606 1660 780 1716 δώσω
817 1664 993 1734 ὑμῖν⁹
1017 1668 1118 1721 καὶ
1155 1671 1360 1739 ἀφελεῖ)
1396 1674 1512 1742 τὴν
1534 1693 1674 1746 uap-

80 1744 220 1798 δίαν
249 1746 368 1815 τὴν
398 1752 644 1819 λιθίνην
674 1756 742 1808 ἐκ
771 1755 880 1824 τῆς
908 1760 1138 1828 σαρκὸς
1160 1763 1345 1832 ὑμῶν,
1373 1767 1473 1821 καί
1501 1744 1672 1825 δώσω

81 1838 228 1906 ὑμῖν
246 1841 505 1908 καρδίαν
531 1847 715 1912 σαρκί
717 1865 831 1916 νην
848 1866 865 1882 ο
894 1852 991 1906 καὶ
1016 1852 1084 1907 τὸ
1104 1857 1343 1926 πνεῦμά
1353 1876 1474 1929 μου
1499 1861 1672 1916 δώσω

81 1930 149 1981 ἐν
196 1930 369 1999 ὑμῖν.
411 1934 816 2006 Ἐναργέστατα
864 1941 922 1995 δὲ
955 1943 1049 1997 καὶ⁹
1091 1945 1120 1998 ὁ
1157 1949 1430 2021 Ζαχαρίας
1477 1955 1567 2007 τόν
1612 1973 1671 2010 τε

96 2021 310 2090 Ἰησοῦν
337 2028 668 2097 προφητεύει
692 2033 782 2084 τὸν
811 2035 1154 2108 ἐνδεδυμένον
1185 2042 1246 2095 τὸ
1268 2046 1510 2124 ῥυπαρδν
1541 2050 1670 2120 ἱμά-

80 2119 214 2177 τιον,
263 2115 364 2187 τὴν
396 2117 646 2192 δουλικὴν
697 2123 794 2178 καὶ
821 2127 1100 2200 ἡμετέραν
1141 2133 1339 2205 σάρκα,
1375 2115 1582 2194 ἐκδύων
1614 2142 1670 2195 δὲ

83 2205 247 2302 αύτδν
278 2209 384 2279 τῆς
414 2211 764 2302 σκυθρωπῆς
809 2218 1055 2288 ἐσθῆτος,
1092 2228 1289 2295 κοσμεῖ
1333 2230 1398 2298 τῇ
1453 2229 1673 2302 καθαρᾷ

81 2298 172 2350 καὶ
205 2297 502 2374 λαμπούσῃ
531 2303 690 2376 στολῇ
717 2321 730 2334 ·
760 2306 1026 2363 διδάσκων
1056 2314 1206 2384 ἡμᾶς
1232 2316 1319 2370 διὰ
1349 2297 1442 2371 τοῦ
1474 2297 1671 2375 εἰκονιλ

81 2388 176 2440 κοῦ
210 2390 633 2464 ὑποδείγματος,
663 2397 746 2451 ὅτι
773 2399 838 2470 δὴ
871 2402 929 2453 ὲν
959 2403 1034 2473 τῷ
1066 2405 1403 2479 βαπτίσματι
1423 2413 1518 2466 τοῦ
1561 2416 1667 2486 Ἰη-

83 2481 172 2578 σοῦ
217 2483 424 2575 πάντες
467 2488 625 2578 ἡμεῖς
655 2491 968 2564 ὲκδυὸμενοι
1011 2499 1109 2562 τὰς
1151 2503 1426 2574 ἁμαρτίας
1471 2507 1548 2570 ὡς
1581 2481 1666 2578 χὶ-

77 2571 221 2624 τῶνα
272 2572 552 2646 πτωχικόν
593 2596 652 2632 τε
680 2581 774 2634 καὶ
817 2571 1239 2662 πολυκὸλλητον,
1273 2571 1364 2648 τὸν
1406 2595 1547 2668 ἱερὸν
1573 2571 1667 2653 καὶ

78 2662 368 2758 κάλλιστον
394 2666 487 2720 τὸν
511 2668 614 2739 τῆς
649 2672 1069 2745 παλιγγενεσίας
1100 2662 1519 2758 μετενδυόμείία.
1554 2692 1664 2746 Ποῦ

75 2752 128 2854 δὲ
161 2753 411 2824 θήσομεν
449 2758 670 2813 κάκεῖνο
698 2763 793 2817 τοῦ
832 2767 1054 2824 Ἡσαΐου
1081 2773 1142 2827 τὸ
1178 2752 1376 2844 λόγιον,
1404 2781 1539 2852 πρὸς
1566 2783 1664 2854 τὴν

304 2849 526 2943 κρᾶζον·
547 2854 944 2928 Εὐφράνθητι,
965 2861 1182 2932 ἕρημος
1203 2844 1463 2936 διψῶσιν
1481 2844 1665 2943 ἀγαλ-

75 2935 309 3030 λιᾴσθω
332 2940 571 3010 ἕρημος,
603 2945 704 2999 καί
728 2948 976 3006 ἀνθείτω
1004 2955 1084 3019 ὡς
1110 2935 1335 3026 κρίνον,
1369 2964 1468 3019 καὶ
1489 2935 1663 3030 ἐξαν-

76 3028 252 3094 θὴσει
281 3032 384 3124 καί
410 3035 842 3104 ἀταλλιάσεται
868 3045 941 3098 τὰ
967 3046 1157 3115 ἔρημα
1183 3052 1292 3107 τοῦ
1333 3028 1655 3125 Ἰορδάνου.

1787 581 2010 651 quidem
2034 598 2200 653 opere
2233 592 2400 655 atque
2433 602 2490 642 re
2520 590 2635 657 ipsa
2661 592 2945 662 designata
2997 606 3126 652 sunt
3161 600 3364 656 indicia

1787 677 2242 742 regenerationis,
2272 694 2401 748 qua:
2422 695 2520 749 per
2543 683 2814 737 lavacrum
2846 688 3134 759 contingit.
3167 692 3365 748 Videa-

1784 781 1908 821 mus
1946 777 2126 824 autem
2179 770 2440 840 deinceps
2488 789 2601 838 eas,
2655 791 2778 845 quae
2829 794 2924 846 per
2976 797 3258 840 sermones
3300 801 3363 840 ac

1783 870 1949 911 voces
1971 857 2132 912 editae
2153 870 2303 920 sunt,
2339 861 2676 930 praphetias.
2721 866 2892 935 Igitur
2934 868 3105 925 Isaias
3139 873 3360 940 quidem

1782 948 1986 1002 clamat
2015 949 2206 1006 dicens
2243 970 2256 1006 :
2301 951 2601 1015 Lavamini,
2653 957 2980 1023 puri'estote,
3018 961 3222 1030 auferte
3276 981 3364 1017 ue-

1780 1038 1976 1107 quitias
2003 1039 2067 1093 ab
2101 1040 2379 1096 animabus
2411 1043 2592 1096 vestris
2627 1045 2691 1098 ’7.
2721 1044 2889 1100 David
2941 1058 3120 1104 autem
3154 1069 3167 1104 :
3198 1054 3361 1106 Acce-

1780 1129 1889 1183 dite
1921 1131 1989 1184 ad
2029 1149 2168 1198 eum,
2225 1143 2275 1188 et
2304 1135 2706 1199 illuminantini,
2734 1149 2784 1191 et
2832 1140 3008 1194 vultus
3055 1149 3214 1196 vestri
3252 1162 3356 1199 non

1780 1220 2168 1288 ronlundentur
2218 1224 2285 1277 ’⁸.
2347 1224 2598 1282 Ezechiel
2663 1238 2843 1283 autem
2910 1240 3142 1302 utroque
3200 1249 3356 1302 aper-

1779 1313 1910 1378 tius,
1959 1314 2162 1370 clarius
2216 1325 2272 1369 et
2297 1317 2588 1373 candidius
2623 1320 2900 1385 scribens,
2945 1325 3232 1394 pollicetur
3261 1328 3356 1382 bo-

1778 1419 1904 1459 nam
1941 1407 2360 1475 promissionem
2397 1429 2407 1462 :
2439 1409 2507 1464 Et
2553 1429 2797 1483 spargam
2838 1431 2993 1483 super
3029 1434 3118 1471 vos
3166 1436 3358 1487 aquam

1775 1510 1985 1563 puram,
2019 1507 2067 1551 et
2118 1499 2470 1569 purgabimini
2505 1502 2572 1555 ab
2602 1505 2844 1578 omnibus
2889 1508 3246 1563 immunditiis
3275 1527 3359 1564 ve-
3464 1508 3467 1510 ’

1776 1588 1924 1651 stris,
1965 1597 2012 1640 et
2047 1588 2111 1642 ab
2133 1590 2372 1643 omnibus
2404 1593 2707 1648 simulacris
2730 1599 2916 1651 vestris
2945 1601 3216 1654 ‘muudabo
3246 1619 3355 1666 vos,

1772 1689 1821 1733 et
1859 1679 1996 1734 dabo
2047 1682 2188 1735 vobis
2221 1699 2313 1735 cor
2332 1700 2542 1752 novum.
2581 1695 2632 1738 et
2673 1687 2918 1754 spiritum
2963 1706 3156 1744 novum
3217 1692 3355 1745 dabo

1775 1770 1937 1833 vobis,
1977 1781 2027 1826 et
2065 1774 2303 1842 auferam
2339 1792 2430 1829 cor
2459 1778 2720 1846 lapideum
2770 1780 2834 1834 de
2873 1798 3031 1836 carne
3059 1793 3269 1848 vestra;
3305 1794 3355 1838 et

1774 1858 1910 1913 dabo
1944 1862 2084 1916 vobis
2115 1879 2206 1917 cor
2239 1880 2487 1920 carneum
2507 1908 2524 1933 ,
2563 1876 2613 1921 et
2656 1869 2904 1938 spiritum
2931 1889 3103 1926 meum
3135 1875 3189 1927 in
3213 1874 3360 1928 vobis.

1775 1951 1912 2005 dabo
1940 1953 2006 2010 “.
2068 1953 2489 2012 Evidentissime
2529 1965 2712 2015 autem
2747 1963 2911 2015 etiam
2968 1961 3264 2020 Zacharias
3301 1976 3355 2020 et

1773 2044 1958 2100 Jesum
1989 2046 2275 2116 prophetat
2301 2048 2551 2104 indutum
2586 2051 2752 2120 pallio
2781 2053 3006 2108 sordido
3041 2055 3107 2119 ³ο,
3143 2057 3351 2123 servili,

1775 2140 2005 2201 scilicet,
2026 2149 2325 2212 nostraque
2349 2157 2536 2210 carne;
2559 2152 2616 2199 et
2635 2159 2844 2201 exuens
2863 2161 2987 2201 eum
3010 2148 3155 2204 tristi
3180 2159 3351 2216 veste,

1774 2247 1909 2300 pura
1942 2233 2336 2303 splendidaque
2385 2235 2527 2290 stola
2573 2247 2824 2300 exornat,
2869 2237 3075 2294 docens
3110 2255 3208 2296 nos
3254 2256 3352 2310 per

1772 2324 2154 2394 imaginariam
2185 2327 2622 2394 similitudinem,
2669 2331 2818 2399 quod
2846 2331 3109 2386 nimirum
3153 2333 3208 2387 in
3253 2334 3353 2388 ba-

1774 2416 2030 2483 ptismate
2056 2415 2208 2482 Jesu,
2244 2434 2435 2476 omnes
2467 2435 2567 2475 nos
2612 2431 2876 2478 exuentes
2925 2435 3151 2494 peccata
3177 2463 3192 2488 ,
3223 2433 3351 2480 tan-
3398 2447 3401 2450 ·

1770 2524 1933 2576 quam
1978 2510 2220 2563 tunicam
2253 2511 2494 2565 mendici
2525 2513 2686 2568 vilem
2740 2524 2794 2569 et
2827 2530 2894 2569 ex
2924 2516 3112 2572 multis
3157 2518 3352 2586 pannis

1767 2610 2052 2657 consutam
2081 2643 2094 2666 ,
2144 2618 2359 2658 sacram
2414 2613 2580 2676 atque
2633 2607 3061 2678 pulcherrimam
3093 2648 3107 2671 ,
3157 2624 3352 2676 nempe

1769 2696 2202 2766 regenerationis
2254 2698 2541 2769 (vestem)
2587 2699 2822 2753 invicem
2885 2701 3189 2755 induimus.
3243 2699 3348 2756 Ubi

1768 2800 1895 2841 vero
1928 2801 2195 2856 ponemus
2234 2787 2400 2842 etiam
2428 2788 2560 2842 illud
2586 2789 2739 2844 Isaiae
2779 2791 3090 2855 oraculum,
3117 2791 3183 2846 ad
3215 2793 3350 2846 soli-

1767 2877 2014 2933 tudinem
2039 2879 2328 2934 clamantis
2362 2899 2374 2933 :
2403 2878 2634 2943 Lwtare,
2666 2881 2896 2936 solitudo
2919 2884 3126 2948 sitiens;
3162 2885 3347 2938 exsul-

1766 2979 1835 3023 tet
1865 2967 2208 3032 solitudo,'ac
2232 2971 2425 3038 ﬂoreat
2480 2983 2538 3025 ut
2594 2973 2815 3026 lilium:
2855 2985 2904 3027 et
2943 2975 3258 3045 eﬂlorescoat
3297 2983 3348 3029 et

1762 3060 2107 3114 exsultabant
2158 3057 2369 3116 deserta
2427 3061 2685 3117 Iordanis
2732 3063 2797 3117 ³³.
2849 3062 3208 3134 Perspicuum
3263 3074 3348 3119 est

76 3122 352 3230 prﬁqlov
378 3117 500 3230 ’γὰρ
523 3129 598 3192 ὠς
629 3131 690 3183 οὐ
719 3134 905 3200 τόποις
931 3138 1158 3210 ἀψύχοις
1191 3146 1283 3199 καὶ
1313 3117 1660 3224 ἀναισθήτοις

1767 3153 1932 3214 enim,
1951 3152 2096 3220 quod
2128 3166 2235 3206 non
2253 3151 2393 3207 locis
2424 3152 2742 3210 inanimatis
2765 3161 2819 3208 et
2840 3168 3004 3208 sensu
3031 3155 3345 3210 carentibus

74 3216 165 3287 τὴν
187 3219 538 3312 εὐφροσύνην
569 3223 976 3293 εὐαγγελίζεται
996 3247 1008 3260 ·
1050 3233 1185 3288 ἀλλὰ
1227 3216 1543 3312 τροπολογεέ
1572 3216 1662 3302 διά

73 3310 166 3379 τῆς
198 3312 413 3404 μου
433 3311 531 3386 τὴν
558 3317 818 3389 αύχμὼδη
850 3320 1030 3404 ψυχὴν
1053 3326 1146 3380 καὶ
1177 3310 1507 3404 ἀκόσμητον.
1529 3338 1660 3393 Ὠσ-

74 3418 174 3470 περ
203 3401 272 3473 δὴ
323 3404 418 3458 καὶ
453 3405 482 3457 ὁ
507 3407 688 3472 Δαῧὶδ,
723 3410 848 3464 ὅταν
880 3397 1014 3485 λέγῃ
1037 3431 1051 3446 ο
1099 3416 1172 3471 ἸΙ
1201 3397 1393 3492 ψυλξή-
1414 3445 1534 3496 μου
1579 3431 1662 3498 ὡς

73 3493 144 3561 τῆ
188 3494 458 3564 ἄνυδρός
502 3514 620 3554 σοι.
668 3503 777 3555 Καὶ
808 3505 996 3558 πάλιν
1045 3493 1442 3585 Ἐδίψησενῆ

209 3586 502 3679 ἶπρὸς-τὸν
531 3592 681 3645 Θεὸν
716 3597 974 3665 ἰσχυρὸν
995 3599 1103 3655 τὸν
1131 3600 1334 3662 ζῶντα.
1366 3609 1474 3664 Καὶ
1494 3586 1658 3679 uti};

73 3676 126 3725 ὲν
154 3675 514 3752 Εὐαγγελίοις
541 3681 570 3733 ὑ
592 3682 827 3754 Κύριοςο
881 3687 1023 3742 Ἐάν
1055 3706 1146 3757 τις
1183 3692 1333 3764 διψᾷ
1350 3736 1364 3761 ,
1393 3675 1659 3770 ἐρχέσθω

73 3769 220 3862 πρός
248 3787 366 3862 με,
391 3771 491 3824 καί
533 3774 770 3831 πινέτω.
813 3778 923 3833 Καὶ
972 3781 1109 3854 πρὸς
1140 3785 1239 3857 τὴν
1289 3769 1654 3862 Σαμαρεῖτιν·

75 3857 194 3923 Πᾶς
225 3861 260 3912 ὀ
296 3860 490 3916 πίνων
516 3862 586 3922 ἐκ
615 3865 722 3919 τοῦ
750 3866 968 3936 ὕδατος
992 3872 1229 3938 τούτου,
1263 3857 1512 3947 διψήσει
1545 3884 1658 3938 πά-

71 3953 197 4002 ,ιινο
244 3952 316 4018 ὃς
359 3952 413 4006 δ’
439 3954 516 4008 ἂν
550 3956 658 4027 πίῃ
698 3959 766 4012 ἐκ
813 3961 918 4015 τοῦ
956 3962 1198 4032 ὕδατος,
1223 3965 1295 4025 οὗ
1339 3971 1450 4042 ἐγὼ
1485 3974 1656 4030 δώσω

71 4041 250 4107 αὐτῷ,
283 4045 358 4097 οὺ
393 4045 480 4114 μὴ
519 4046 771 4116 διψήσει
808 4055 896 4118 εὶς
941 4054 1048 4109 τὸν
1080 4056 1284 4114 αἰῶνα.
1315 4041 1424 4116 καὶ
1460 4067 1493 4135 ή
1520 4067 1655 4140 τιμὴ

70 4134 125 4186 δὲ
165 4135 260 4188 τοῦ
316 4138 621 4210 Καρμήλου
671 4142 869 4198 δίδοται
911 4149 978 4218 τῇ
1005 4147 1150 4222 ψυχῇ
1202 4155 1266 4223 τῇ
1313 4134 1511 4229 ἐχούσῄ

71 4228 327 4297 ὁμοίωσιν
378 4231 517 4302 πρὸς
561 4232 660 4304 τὴν
711 4234 954 4308 ἔρημον·
1009 4241 1305 4312 τουτέστιν,
1359 4248 1391 4318 ἡ
1439 4228 1527 4304 διά
1560 4228 1652 4305 τοῦ

73 4320 387 4391 Πνεύματος
416 4323 592 4395 χάρις.
642 4327 858 4400 Ἐπειδὴ
898 4330 1007 4402 γὰρ
1048 4332 1234 4398 Ἠλίας
1273 4337 1371 4407 μὲν
1405 4336 1535 4410 ᾤκει
1563 4344 1654 4399 τὸν

74 4414 370 4506 Κάρμηλον
402 4416 722 4491 (ὀνομαστὸν
746 4421 803 4474 δὲ
826 4422 888 4475 τὸ
919 4424 1044 4495 ὅρος
1075 4427 1291 4496 ἐγένετο
1322 4431 1411 4484 διὰ
1439 4433 1538 4506 τὴν
1558 4437 1653 4491 τοῦ

1768 3243 2013 3298 laetitiam
2049 3245 2390 3298 annuntiat:
2440 3245 2538 3301 sed
2585 3261 2683 3316 per
2740 3247 3091 3302 solitudinem
3138 3249 3347 3315 tropice

1767 3345 1823 3392 et
1857 3337 2152 3408 allegorice
2204 3337 2511 3408 squalidam
2553 3348 2608 3393 et
2643 3339 2952 3394 inornatam
2997 3340 3235 3394 animam
3266 3342 3344 3396 si-

1769 3429 2019 3497 gniﬁcat.
2062 3429 2548 3496 Quemadmodum
2593 3444 2728 3485 sane
2775 3432 2939 3486 etiam
2995 3431 3185 3495 David,
3215 3448 3340 3487 cum

1765 3520 1899 3574 dicit
1931 3539 1944 3574 :
1978 3521 2168 3575 Anima
2222 3538 2336 3574 mea
2359 3521 2494 3584 sitit,
2557 3521 2695 3574 sicut
2730 3529 2870 3574 terra
2891 3538 3148 3591 aquarum
3180 3537 3343 3590 penu-

1766 3612 1850 3664 ria
1890 3610 2140 3664 laborans
2169 3611 2234 3663 ³³.
2267 3609 2331 3664 Et
2391 3625 2587 3667 rursus
2625 3609 2846 3666 :Sitivit
2881 3613 3060 3666 anima
3111 3629 3225 3666 mea
3271 3612 3342 3664 ad

1765 3703 1933 3758 Deum
1965 3703 2173 3772 fortem,
2206 3704 2375 3757 vivum
2415 3704 2479 3757 ³³.
2515 3704 2756 3774 Itemque
2783 3703 3047 3760 Dominus
3083 3705 3139 3759 in
3168 3705 3342 3758 Evan-

1763 3795 1923 3864 geliis
1955 3813 1968 3849 :
2005 3794 2065 3850 Si
2089 3796 2204 3864 quis
2229 3795 2540 3861 sitit,veniat
2564 3795 2633 3848 ad
2669 3811 2768 3859 me,
2801 3813 2863 3848 ac
2899 3796 3041 3849 bibat
3078 3796 3143 3850 ³³.
3177 3795 3243 3849 Et
3272 3795 3340 3850 ad

1766 3886 2168 3941 Samaritanam
2198 3905 2211 3941 :
2247 3886 2552 3956 Quicunque
2581 3886 2708 3941 bibit
2752 3903 2818 3941 ea:
2870 3903 3008 3956 aqua
3031 3888 3148 3948 hac,
3196 3887 3340 3942 sitiet

1762 3994 1992 4032 rursus:
2033 3988 2088 4031 at
2121 3979 2210 4046 qui
2243 3977 2427 4030 biberit
2480 3993 2545 4031 ea:
2576 3994 2711 4047 aqua
2757 3994 2915 4045 quam
2954 3994 3045 4047 ego
3099 3977 3235 4043 dabo
3267 3978 3336 4041 ei,
3387 4012 3392 4017 -

1762 4086 1866 4123 non
1920 4069 2058 4122 sitiet
2111 4069 2164 4120 in
2209 4067 2550 4121 internum”.
2580 4069 2759 4135 Atque
2793 4067 2969 4121 honor
3007 4067 3170 4120 etiam
3202 4067 3336 4119 Car-

1761 4162 1887 4216 meli
1924 4161 1968 4190 ³⁶
2011 4161 2175 4214 datur
2229 4159 2425 4212 animae
2472 4159 2691 4214 habenti
2742 4159 3149 4212 similitudinem
3209 4171 3334 4210 cum

1761 4253 1978 4306 deserto
2013 4268 2027 4304 :
2056 4251 2158 4303 hoc
2185 4257 2268 4304 est
2303 4250 2530 4312 donum,
2558 4251 2702 4319 quod
2727 4250 2998 4319 contingit
3034 4265 3130 4318 per
3157 4250 3334 4320 Spiri-

1762 4353 1896 4398 tum.
1929 4341 2195 4408 Quoniam
2246 4341 2391 4396 enim
2420 4341 2564 4394 Elias
2589 4343 2809 4411 quidem
2841 4341 3154 4396 Carmelum
3183 4343 3335 4397 inco-

1761 4434 1904 4490 lebat
1953 4435 1979 4502 Δ(
2006 4433 2190 4488 clarus
2221 4440 2401 4486 autem
2433 4445 2589 4488 mons
2645 4440 2866 4503 propter
2893 4433 3151 4488 virtutem
3178 4433 3334 4488 inha-

72 4505 422 4571 ἐποικοῦντας
454 4509 654 4582 ἀρετὴν
683 4514 779 4566 καὶ
813 4514 1102 4587 ἀοίδιμον),
1135 4521 1164 4571 ὁ
1194 4519 1251 4572 δέ
1291 4537 1356 4589 γε
1400 4505 1654 4598 Ἰωάννης

1767 4526 1984 4581 bitantis
2032 4532 2087 4579 et
2139 4523 2284 4578 fama
2317 4524 2628 4579 celebratus
2677 4525 2803 4594 est),
2855 4522 3099 4579 Joannes
3147 4533 3330 4580 autem

74 4595 434 4671 ὗΒαπτιστὴς
469 4601 530 4655 ὲν
557 4602 636 4674 τῷ
664 4606 935 4676 πνεύματι
976 4609 1156 4664 Ἠλίου
1195 4613 1534 4686 διαλάμπων,
1559 4595 1651 4676 τδν

84 4689 357 4761 Ἰορδάνην
389 4693 582 4763 ἡγίαζε
604 4711 623 4730 ο
665 4696 754 4752 διὰ
801 4698 961 4753 τοῦτο
997 4703 1026 4754 ὁ
1053 4703 1345 4776 Προφήτης
1374 4708 1647 4776 ἐθέσπιζε,

73 4777 164 4847 τὴν
185 4780 360 4850 τιμὴν
379 4781 476 4834 τοῦ
499 4784 800 4857 Καρμήλου
821 4788 899 4860 τῷ
922 4792 1153 4864 ποταμῷ
1177 4795 1516 4868 δοθήσεσθαι.
1540 4804 1650 4858 Καὶ

74 4869 163 4965 τὴν
209 4871 372 4938 δόξαν
400 4873 456 4929 δὲ
495 4876 590 4930 τοῦ
639 4880 896 4948 Λιϐάνου,
942 4886 1006 4938 ἐκ
1034 4887 1134 4958 τῆς
1173 4892 1490 4965 παραϐολῆς
1541 4897 1649 4952 τῶν

74 4958 290 5055 ύφηλῶν
319 4965 571 5038 δένδρων,
607 4969 699 5024 ἐπὶ
745 4972 836 5026 τὸν
887 4977 1128 5049 ποταμὸν
1170 4958 1519 5055 μετήνεγκεν.
1562 4990 1650 5054 Ὡς

74 5051 174 5153 γάρ
202 5055 416 5120 ἐκεῖνος
457 5061 487 5112 δ
524 5061 754 5128 Λίϐανος
803 5066 990 5139 ἱκανὴν
1023 5069 1135 5141 ἔχει
1169 5051 1444 5146 θαύματος
1483 5051 1651 5153 ἀφορξ

77 5143 195 5214 μὴν,
229 5148 375 5202 αὐτὰ
423 5150 494 5204 τὰ
523 5151 713 5224 δένδρα
757 5155 794 5210 δ.
840 5158 964 5229 φύει
1002 5161 1096 5214 καὶ
1143 5143 1368 5235 τρέφει·
1410 5143 1651 5235 οὕτως1ὁ

85 5235 353 5333 Ἰορδάνης
392 5240 692 5307 δοξάζεται,
729 5248 1050 5321 ἀνθρώπους
1090 5256 1397 5326 ἀναγεννῶν
1423 5263 1517 5316 καὶ
1549 5282 1648 5333 φυ-

73 5327 238 5382 τεύων
262 5332 322 5384 ὲν
349 5333 428 5405 τῷ
451 5335 546 5388 τοῦ
570 5337 705 5392 Θεοῦ
727 5343 1061 5417 παραδείσῳ·
1089 5342 1185 5412 ὧν,
1213 5351 1352 5405 κατὰ
1377 5353 1476 5424 τὴν
1503 5355 1644 5425 ψαλ-

77 5421 236 5493 μικὴν
265 5427 781 5498 φωνὴν,ὰνθούντων
807 5435 893 5488 ἀεὶ
920 5437 1013 5490 καὶ
1037 5440 1160 5502 ταῖς
1190 5441 1412 5514 ἀρεταῖς
1433 5421 1643 5517 κομώνο

74 5528 194 5580 των,
227 5517 294 5570 τὸ
323 5520 422 5590 μὲν
444 5522 640 5592 φύλλον
662 5527 762 5579 οὐκ
784 5529 1209 5602 άπορῤυήσεται,
1236 5533 1328 5590 τὸν
1347 5537 1403 5590 δὲ
1433 5541 1644 5610 καρπὸν

136 5742 178 5769 ’⁷
215 5741 322 5795 lsa.
357 5758 391 5804 l,
426 5743 507 5796 l6.
611 5747 655 5776 "
692 5747 834 5804 Psal.
872 5767 1064 5808 χχχιιι.
1096 5753 1148 5808 6.

1235 5755 1517 5833 ’ξ-Εκεςίι.
1555 5763 1698 5825 χχιι,
1731 5761 1802 5815 25
1831 5778 1952 5833 sqq.

1757 4618 1997 4688 Baptista
2025 4618 2080 4672 in
2124 4617 2319 4688 spiritu
2375 4617 2502 4672 Eliae
2547 4618 2904 4688 resplendens
2932 4617 3002 4682 ³⁷,
3037 4615 3330 4673 Jordanem

1755 4711 2136 4767 sanctiﬁcabat
2165 4727 2178 4764 :
2211 4709 2419 4765 ideirco
2460 4709 2724 4780 propheta
2780 4710 3184 4764 vaticinabatur
3233 4712 3331 4764 ho-

1754 4819 1944 4858 norem
1974 4802 2207 4856 Carmeli
2241 4801 2316 4854 illi
2350 4801 2516 4856 ﬂuvio
2565 4801 2750 4855 datum
2803 4801 2894 4856 iri.
2936 4803 3114 4871 Atque
3163 4801 3326 4855 etiam

1754 4897 1981 4966 gloriam
2005 4895 2198 4948 Libani
2228 4910 2292 4948 ex
2317 4893 2671 4948 similitudine
2691 4909 3040 4962 procerarum
3068 4887 3348 4947 arborum

1752 4987 2036 5043 transtulit
2081 4986 2148 5039 ad
2179 5001 2417 5048 amnem.
2477 4985 2547 5040 Ut
2589 4985 2733 5039 enim
2776 4984 3017 5040 Libanus
3060 4984 3151 5038 ille
3189 4981 3325 5037 satis

1753 5095 2004 5150 magnam
2035 5093 2258 5132 causam
2292 5076 2672 5131 admirationis
2701 5077 2849 5146 ipsas
2889 5075 3115 5129 arbores
3138 5073 3321 5136 habet,

1753 5190 1893 5244 quas
1923 5171 2172 5240 producit
2197 5179 2250 5224 et
2271 5169 2366 5223 alit
2402 5188 2416 5223 :
2448 5170 2521 5223 ita
2549 5167 2806 5223 Iordanis
2824 5167 3150 5228 celebratur,
3175 5165 3322 5234 quod

1757 5266 2012 5321 homines
2043 5269 2391 5332 regeneraret
2432 5277 2496 5316 ac
2523 5263 2794 5332 plantaret
2827 5261 2882 5314 in
2915 5257 3167 5328 paradiso
3201 5256 3318 5319 Dei,

1748 5371 2005 5426 quorum,
2027 5353 2186 5422 juxta
2215 5369 2405 5408 vocem
2441 5354 2659 5422 psalmi,
2705 5367 2920 5420 semper
2939 5348 3246 5403 ﬂorentium
3269 5353 3323 5404 et

1747 5444 2046 5500 virtutibus
2085 5445 2246 5512 quasi
2297 5444 2660 5498 frondentium
2705 5443 2892 5496 folium
2939 5440 3159 5510 quidem
3212 5456 3320 5494 non

1751 5539 1947 5596 detinet
1970 5537 2014 5568 ³⁸
2043 5555 2055 5589 :
2094 5535 2274 5590 fructu
2309 5543 2492 5591 autem
2525 5537 2580 5589 in
2605 5545 2847 5604 tempore
2890 5542 3150 5605 percepto
3177 5533 3321 5589 Deus

2031 5763 2075 5792 ³ο
2111 5761 2279 5815 Zaclt.
2312 5777 2391 5820 ιιι.
2424 5760 2474 5814 5.
2564 5761 2604 5790 ³¹
2637 5747 2738 5812 isa.
2769 5761 3029 5825 uvaQ.
3090 5758 3134 5791 ³²
3173 5759 3317 5816 Psal.

76 5824 233 5876 ςιιιι,
265 5813 316 5867 6.
396 5813 602 5871 3"l‘sal.
630 5834 702 5883 Li,
725 5819 774 5874 5.
854 5823 896 5854 ³⁸
924 5821 1081 5880 Joan.
1119 5841 1213 5893 vn,
1255 5827 1342 5881 57.
1422 5830 1464 5860 ³⁵
1493 5829 1650 5885 Joan.

1777 5813 2005 5888 lin"
2040 5813 2345 5900 lsairaxav,
2472 5834 2512 5864 37
2546 5830 2674 5887 huc.
2711 5849 2748 5898 ι,
2784 5833 2865 5888 17.
2920 5813 2990 5863 ’³⁵
3019 5830 3164 5886 Psal.
3196 5848 3234 5895 ι,
3264 5830 3300 5885 3
