3842 6406
487 301 589 362 ὀθὸ

1726 311 1783 367 S.
1821 310 2149 369 GREGORII
2183 313 2472 372 NYSSENl

3641 311 3758 370 596

488 421 780 490 laetabitur,
809 432 1069 497 tanquam
1116 428 1297 485 bonus
1329 429 1609 500 plantator
1638 431 1757 486 suis
1801 432 2061 502 operibus

2194 453 2221 487 ν
2251 434 2429 507 καιρῷ
2458 433 2749 505 δεξάμενος
2778 437 2808 488 ὁ
2845 434 2977 499 Θεὸς
3010 435 3468 507 εὐφρανθήσεται,
3498 434 3577 499 ὡς
3602 437 3754 503 άγα-

486 516 752 584 gaudens.
789 515 963 575 Porro
989 519 1212 576 divinus
1240 520 1415 576 David
1462 523 1628 577 etiam
1658 538 1847 578 vocem
1871 523 2067 594 praedi-

490 623 643 673 cens,
665 625 830 680 quam
854 610 923 669 de
944 613 1098 669 ctelis
1119 612 1282 671 Pater
1305 630 1472 685 super
1494 614 1713 682 Filium,
1737 616 1867 673 dum
1894 618 2066 686 bapti-

486 711 726 765 zaretur,
754 702 960 768 emisit,
988 713 1050 761 ut
1078 704 1147 759 ad
1162 706 1471 761 naturalem
1494 705 1716 762 deitatis
1738 705 2061 778 dignitatem

485 793 783 851 deduceret
828 796 1141 864 audientes,
1193 799 1288 869 qui
1333 800 1489 869 prius
1543 800 1610 854 ad
1642 813 1786 865 eam,
1810 816 1933 870 quae
1962 801 2067 856 sub

486 902 709 943 sensum
733 888 987 958 cadebat,
1012 891 1309 946 humanam
1350 892 1615 947 vilitatem
1670 892 2065 962 respiciebant,

487 978 632 1033 libro
658 978 1004 1036 Psalmurum
1038 996 1141 1039 suo
1167 982 1375 1038 dictum
1419 984 1554 1038 illud
1586 984 1869 1054 inscripsit
1897 999 1912 1036 :
1953 984 2064 1039 Vox

484 1066 703 1122 Domini
733 1086 888 1139 super
910 1088 1098 1143 aquas,
1129 1089 1229 1128 vox
1249 1072 1460 1128 Domini
1498 1074 1551 1128 in
1581 1076 1976 1145 magniﬁcentia
1997 1075 2067 1132 ".

486 1157 691 1215 Verum
724 1165 1059 1219 testimoniis
1094 1166 1335 1236 quidem,
1366 1183 1431 1222 ex
1468 1167 1652 1222 divina
1694 1167 1981 1238 Scriptura
2012 1166 2070 1223 in

488 1253 734 1308 medium
785 1255 1102 1324 aﬂ‘erendis,
1138 1259 1229 1315 hic
1279 1260 1405 1315 finis
1451 1269 1573 1317 esto
1621 1260 2072 1331 :(progredietur

488 1345 633 1401 enim
665 1348 842 1403 oratio
860 1348 1208 1406 adinlinitam
1237 1352 1630 1422 prolixitatem,
1663 1354 1708 1409 si
1733 1353 1855 1425 quis
1884 1353 2072 1408 volue-

488 1436 560 1491 rit
588 1437 771 1492 omnia
800 1439 1078 1509 sigillatim
1101 1443 1273 1497 electa
1312 1443 1408 1497 uni
1438 1443 1580 1497 libro
1610 1443 1922 1511 mandare.)

562 1525 675 1583 Vos
712 1536 893 1585 autem
926 1546 1153 1596 omnes,
1184 1533 1281 1604 qui
1310 1533 1454 1588 dono
1497 1534 1931 1604 regenerationis
1966 1548 2067 1589 vo-

466 1621 578 1680 bis
610 1623 843 1696 placetis
863 1665 879 1690 ,
911 1641 976 1681 ac
1004 1641 1105 1698 pro
1131 1628 1305 1699 gloria
1335 1627 1634 1683 salutarem
1662 1626 2072 1682 renovationem

494 1716 745 1780 habetis,
798 1717 1069 1772 ostendite
1120 1718 1256 1772 mihi
1314 1726 1439 1789 post
1494 1718 1784 1788 mysticam
1837 1717 2070 1788 gratiam

491 1822 708 1861 morum
750 1807 1224 1873 immutationem,
1267 1817 1323 1865 et
1366 1810 1423 1864 in
1465 1809 1664 1865 melius
1707 1808 2069 1864 trausl‘orma-
2098 1794 2145 1851 Β

492 1900 663 1957 tionis
697 1899 1068 1957 dill'erentiam
1101 1902 1344 1973 puritate
1374 1902 1499 1956 vitae
1526 1900 1767 1957 instituti
1803 1899 2063 1955 indicate.

490 1991 628 2046 Nam
662 1991 797 2046 nihil
829 1992 1052 2063 quidem
1094 2008 1161 2049 ex
1209 1993 1278 2049 iis
1325 1993 1521 2060 rebus,
1566 2007 1690 2064 qua;
1731 1992 1836 2048 sub
1876 1991 2070 2046 oculos

491 2083 734 2148 eadunt,
780 2083 1127 2148 immutatur,
1177 2084 1428 2154 corporis
1475 2084 1606 2140 item
1653 2084 1810 2155 signa
1857 2083 2071 2153 integra

492 2185 753 2240 manent,
782 2174 1018 2245 ejusque
1056 2189 1179 2245 quae
1219 2175 1441 2230 videtur
1488 2181 1702 2230 naturae
1746 2173 1919 2245 ﬁgura
1958 2188 2069 2228 non

494 2274 762 2320 mutatur.
817 2265 926 2320 Sed
978 2280 1119 2335 opus
1170 2274 1257 2320 est
1311 2266 1495 2335 aliqua
1542 2280 1774 2335 prorsus
1833 2263 2070 2320 evidenti

493 2355 1000 2423 demonstratione,
1043 2373 1140 2428 per
1179 2372 1342 2428 quam
1380 2372 1749 2428 agnoscamus
1793 2356 2070 2412 hominem

494 2461 690 2503 recens
716 2456 907 2502 natum
933 2489 949 2516 ,
992 2448 1170 2519 signis
1212 2448 1546 2519 quibusdam
1586 2448 1933 2514 manifestis,
1972 2463 2072 2502 no-

494 2555 623 2594 vum
655 2554 685 2593 a
720 2547 905 2596 vetere
936 2540 1315 2597 discernentes
1342 2560 1356 2595 :
1389 2540 1507 2596 haec
1543 2550 1727 2595 autem
1762 2540 1920 2611 signa
1947 2556 2073 2597 esse

493 2632 692 2699 opinor
721 2645 854 2697 eos,
886 2634 981 2702 qui
1016 2632 1320 2689 secundum
1356 2634 1702 2705 propositum
1740 2634 1911 2701 ﬁunt,
1953 2634 2075 2689 ani-

492 2733 805 2782 unanimus
828 2764 842 2789 ,
878 2740 977 2795 per
1006 2740 1146 2797 quos
1178 2740 1302 2782 sese
1340 2740 1641 2797 segregans
1668 2740 1699 2779 a
1727 2735 1911 2783 vetere
1940 2741 2074 2783 con-

492 2819 817 2885 suetudine,
846 2833 911 2873 ac
940 2834 1145 2875 novum
1171 2819 1298 2874 vita;
1326 2817 1565 2874 instituti
1596 2820 1703 2875 iter
1728 2819 2072 2891 ingrediens,

495 2920 682 2979 aperte
730 2910 1032 2967 familiares
1076 2911 1329 2977 docebit,
1375 2912 1525 2983 quod
1569 2912 1675 2967 alia
1719 2913 1967 2983 quaedam
2006 2928 2074 2968 ex

494 3002 600 3054 alia
628 2998 770 3057 facta
799 3003 901 3066 sit,
937 3001 1147 3057 nullum
1178 3011 1306 3072 post
1334 3017 1395 3058 se
1432 3003 1638 3059 veteris
1668 3004 1929 3075 nequitiae
1980 3022 2075 3062 ve-

482 3092 717 3187 Istigium
743 3107 809 3147 ac
835 3094 1055 3165 signum
1077 3094 1419 3165 relinquens.
1451 3094 1552 3150 Est
1580 3104 1763 3152 autem
1794 3097 1884 3151 hic
1904 3105 2077 3154 trans-
2102 3119 2149 3182 ο

482 3185 846 3241 ‘l‘ormationis
896 3186 1130 3253 modus,
1190 3186 1239 3243 si
1274 3187 1409 3241 mihi
1447 3188 1735 3244 credentes
1763 3190 2070 3245 orationem

495 3289 598 3345 pro
630 3275 745 3347 lege
791 3278 1189 3333 servaveritis:
1224 3275 1356 3331 Erat
1408 3288 1535 3333 ante
1586 3278 1860 3349 baptisma
1910 3280 2075 3337 homo

496 3375 826 3439 protervus,
857 3384 1057 3426 avarus
1089 3376 1143 3425 et
1173 3368 1481 3436 fraudator,
1514 3380 1703 3441 raptor
1735 3388 1918 3428 rerum
1951 3374 2077 3429 alie-

497 3472 694 3513 narum
714 3499 731 3526 ,
760 3457 1093 3513 convitiator
1118 3470 1173 3514 et
1201 3458 1505 3516 maledicus
1522 3501 1537 3526 ,
1574 3463 1807 3516 mendax
1829 3505 1843 3527 ,
1878 3464 2077 3518 calum-

498 3552 700 3615 niator,
734 3566 799 3606 ac
826 3551 873 3606 si
901 3549 1050 3621 quod
1080 3551 1167 3607 his
1196 3552 1377 3608 simile
1410 3553 1671 3626 (vitium)
1697 3565 1781 3611 est
1809 3564 1863 3612 et
1892 3557 2072 3616 aliine.

500 3643 584 3696 Sit
612 3658 760 3697 nunc.
787 3643 1103 3709 modestus,
1138 3644 1362 3701 sobrius
1381 3686 1396 3711 ,
1426 3646 1543 3703 suis
1575 3657 1900 3713 contentus,
1930 3658 1985 3704 et
2010 3665 2072 3704 ex

485 3737 589 3796 his
619 3744 944 3806 paupertate
971 3736 1418 3794 conﬂictantibus
1444 3739 1797 3810 impartiens,
1827 3741 2078 3799 veritatis

485 3825 789 3882 ustudiosus
808 3828 1124 3891 yhonorem
1156 3829 1394 3884 libenter
1421 3831 1547 3887 aliis
1577 3831 1832 3889 deferens
1852 3872 1867 3895 ,
1900 3834 2078 3889 comis

500 3925 557 3971 et
583 3916 857 3975 affabilis:
891 3928 952 3974 ut
979 3921 1296 3977 summatim
1325 3921 1505 3977 dicam
1526 3964 1543 3991 ,
1574 3939 1789 3979 omnem
1820 3924 1977 3983 laude
2004 3926 2080 3980 di-

497 4024 659 4080 gnam
687 4011 959 4066 actionem
988 4028 1272 4072 exercens.
1304 4015 1376 4072 Ut
1403 4016 1546 4071 enim
1575 4018 1905 4075 adventante
1934 4020 2075 4085 luce,

499 4101 741 4157 tenebrae
766 4101 1166 4170 discutiuntur,
1194 4116 1249 4162 et
1280 4107 1405 4163 albo
1432 4109 1617 4163 colore
1644 4110 1783 4164 illito
1809 4122 2082 4167 atramen-

501 4198 617 4244 tum
663 4192 952 4250 aboletur:
986 4196 1062 4251 ita
1091 4198 1260 4253 etiam
1292 4208 1456 4255 vetus
1491 4200 1658 4255 homo
1682 4201 1910 4271 justitiae
1949 4219 2081 4274 ope-

502 4281 659 4337 ribus
688 4295 988 4342 exornatus
1014 4287 1284 4344 aboletur.
1331 4288 1501 4348 Vides
1539 4293 1786 4347 utetiam
1816 4292 2081 4352 Zachaeus

502 4374 808 4430 mutatione
852 4376 978 4431 vita:
1021 4378 1260 4435 instituti
1298 4383 1654 4452 publicanum
1700 4388 1938 4454 occidit,
1971 4389 2077 4454 iis,

2165 527 2255 591 θὸς
2278 528 2581 598 φυτοκόμος
2611 529 2724 589 τοῖς
2764 526 2917 590 ίδίοις
2962 526 3144 597 ἔργοις
3180 526 3647 596 ἐπαγαλλόμενος.
3693 527 3756 579 '0

2163 619 2219 673 δὲ
2250 619 2535 681 Θεσπέσιος
2554 617 2717 671 Δαϐὶδ
2757 617 2851 672 καὶ
2880 616 2980 688 τὴν
3022 619 3208 689 φωνὴν
3254 616 3641 689 προφητεύων,
3686 621 3758 686 ἣν

2165 711 2225 775 ἐξ
2247 710 2489 782 οὐρανῶν
2522 710 2550 762 ό
2589 709 2778 781 Πατὴρ
2809 710 3064 781 ἐπαφῆκε
3084 708 3163 780 τῷ
3190 708 3307 779 Υίῷ
3336 708 3757 779 βαπτιζομένῳ.

2166 803 2253 857 ίνα
2271 801 2408 872 πρὸς
2423 801 2484 855 τὸ
2502 800 2733 871 φυσικὸν
2751 800 2853 871 τῆς
2876 800 3127 872 θεότητος
3146 799 3364 871 ἀξίωμα
3379 800 3506 865 τοὺς
3528 798 3763 853 ἀκούον-

2164 912 2263 958 τας
2290 894 2552 966 ὁδηγήσῃ,
2581 892 2719 963 πρὸς
2752 892 2852 965 τήν
2889 892 3154 965 αἰσθητὴν
3189 893 3326 956 τέως
3353 892 3455 966 τὴν
3478 892 3626 946 κατὰ
3663 892 3763 945 τὸν

2166 986 2451 1057 ἄνθρωπον
2485 984 2758 1039 εὐτέλειαν
2804 982 3120 1054 βλέποντας,
3151 982 3453 1054 ἐνέγραψεν
3479 984 3666 1037 ἐκεῖνο
3688 985 3765 1052 τῇ

2170 1076 2356 1149 βίϐλῳ,
2406 1076 2497 1143 τὸ,
2528 1074 2699 1145 Φωνὴ
2748 1076 2973 1143 Κυρίου
3007 1074 3107 1128 ἐπὶ
3131 1074 3251 1129 τῶν
3283 1074 3543 1140 ὑδάτων,
3576 1073 3766 1143 φωνὴ

2167 1168 2390 1236 Κυρίου
2436 1168 2507 1221 ἐν
2535 1164 3040 1237 μεγαλοπρεπείᾳ.
3078 1162 3239 1218 Ἀλλὰ
3276 1164 3377 1228 τὰς
3411 1164 3513 1234 μὲν
3548 1164 3617 1216 ἐκ
3646 1162 3769 1215 τῶν
3820 1226 3842 1239 ί

2170 1257 2329 1313 θείων
2366 1256 2600 1330 Γραφῶν
2635 1256 2961 1328 μαρτυρίας,
3002 1255 3166 1326 μέχρι
3209 1254 3399 1309 τούτου
3443 1254 3729 1309 παυστέον
3752 1271 3767 1283 ·

2169 1348 2409 1419 χωρήσοι
2439 1346 2549 1418 γὰρ
2576 1348 2607 1400 ὁ
2632 1347 2790 1416 λόγος
2823 1349 2903 1411 είς
2931 1346 3130 1419 πλῆθος
3158 1347 3404 1418 ἄπειρον,
3436 1347 3491 1400 εῐ
3511 1365 3601 1411 τις
3633 1348 3770 1419 βου-

2170 1437 2308 1511 ληθῇ
2338 1438 2408 1492 τὰ
2430 1438 2766 1493 καθέκαστον
2794 1438 3036 1506 ἐκλέγων
3058 1438 3141 1491 ἐνὶ
3166 1437 3507 1509 παραθέσθαι
3535 1438 3768 1509 βιϐλίῳ.

2254 1533 2442 1603 Ὑμεῖς
2461 1532 2517 1585 δὲ
2541 1531 2763 1598 πάντες,
2786 1532 2899 1585 ὅσοι
2924 1530 3003 1602 τῷ
3030 1530 3188 1602 δώρῳ
3214 1531 3305 1601 τῆς
3332 1530 3770 1599 παλιγγενεσίας

2171 1623 2666 1695 ἐγκαλλωπίζεσθε,
2696 1623 2792 1678 καὶ
2835 1623 3097 1694 καύχημα
3137 1621 3333 1693 φέρετε
3363 1622 3770 1693 ἁνακαινισμὺν

2173 1715 2265 1769 τὸν
2290 1714 2555 1785 σωτήριον
2573 1754 2589 1780 ,
2615 1712 2825 1779 δείξατέ
2866 1730 2957 1785 μοι
2990 1713 3129 1784 μετὰ
3155 1712 3257 1785 τὴν
3296 1712 3567 1785 μυστικὴν
3594 1713 3772 1785 χάριν

2172 1806 2271 1879 τὴν
2297 1806 2408 1861 τῶν
2442 1806 2660 1879 τρόπων
2692 1804 3015 1877 ἐναλλαγὴν,
3044 1804 3139 1859 καὶ
3164 1805 3264 1876 τῆς
3291 1803 3385 1857 ἐπὶ
3412 1805 3474 1859 τὸ
3505 1807 3771 1876 κρεῖττον

2174 1899 2636 1970 μετακοσμήσεως
2663 1898 2763 1971 τὴν
2784 1896 3050 1969 διαφορὰν
3074 1900 3140 1969 τῇ
3167 1897 3498 1969 καθαρότητι
3524 1898 3633 1969 τῆς
3670 1914 3771 1949 m-

2171 1990 2375 2055 λιτείας
2402 1990 2729 2062 γνωρίσατε.
2764 1989 2888 2044 Τῶν
2925 1989 3026 2061 μὲν
3065 1990 3178 2061 γὰρ
3203 1989 3622 2044 ὑποπιπτόντων
3649 1992 3772 2053 τοῖς

2172 2082 2467 2154 ὀφθαλμοῖς
2521 2081 2673 2136 οὐδὲν
2712 2080 3039 2147 ἀλλοιοῦται,
3071 2082 3123 2134 οί
3162 2081 3221 2136 δὲ
3254 2081 3350 2135 τοῦ
3379 2081 3639 2153 σώματος
3662 2100 3773 2152 χα-

2175 2174 2449 2247 ρακτῆρες
2479 2174 2732 2245 μένουσιν
2751 2174 3141 2245 ἀμετάϐλητοι,
3172 2174 3268 2227 καὶ
3290 2174 3323 2245 ἡ
3345 2173 3447 2244 τῆς
3470 2174 3775 2245 όρωμένης

2173 2265 2389 2336 φύσεως
2434 2265 2721 2330 διάπλασις
2749 2266 2851 2320 οὐκ
2892 2265 3202 2336 ἀμείϐεται.
3244 2264 3417 2336 Χρεία
3452 2265 3510 2319 δέ
3536 2265 3775 2328 πάντως

2174 2356 2321 2420 τινὸς
2348 2356 2614 2430 ἐναργοῦς
2654 2358 3003 2426 ἀποδείξεως,
3032 2358 3100 2411 δι’
3123 2352 3191 2428 ἦς
3218 2356 3643 2427 ἐπιγνωώμεθα
3676 2356 3777 2409 τὸν

2172 2447 2458 2519 ἀρτίτοκον
2496 2447 2803 2519 ἄνθρωπον,
2853 2448 3143 2521 συμϐόλοις
3202 2448 3315 2501 τισὶ
3354 2448 3613 2517 φανεροῖς
3679 2446 3779 2498 τὸν

2174 2539 2293 2594 νέον
2324 2538 2435 2593 ἀπὸ
2461 2537 2557 2592 τοῦ
2601 2537 2833 2592 παλαιοῦ
2874 2538 3261 2610 διακρίνοντες.
3291 2536 3476 2591 Ταῦτα
3515 2536 3577 2589 δὲ
3600 2531 3778 2606 οἶμαι

2173 2631 2461 2703 τυγχάνειν
2507 2628 2576 2684 τὰ
2603 2630 2745 2684 κατὰ
2794 2629 3052 2702 πρόθεσιν
3082 2631 3182 2702 τῆς
3226 2629 3407 2701 ψυχῆς
3458 2629 3779 2699 κινήματα,

2178 2725 2276 2794 ἀφ’
2317 2715 2393 2778 ὧν
2441 2722 2642 2794 ἑαυτὴν
2678 2720 2988 2794 χωρίζουσα
3020 2722 3121 2793 τῆς
3149 2721 3387 2785 παλαιᾶς
3438 2718 3775 2791 συνηθείας,

2174 2814 2444 2885 νεωτέραν
2462 2812 2521 2867 δὲ
2543 2813 2811 2883 τέμνουσα
2834 2811 2934 2883 τῆς
2967 2811 3242 2875 πολιτείας
3266 2811 3408 2874 ὁδὸν,
3432 2809 3646 2874 διδάξει
3678 2828 3780 2863 σα-

2177 2908 2293 2979 φῶς
2324 2909 2451 2971 τοὺς
2479 2906 2809 2978 γνωρίμους,
2839 2904 2915 2969 ὡς
2943 2904 3077 2975 άλλη
3108 2922 3191 2969 τις
3235 2903 3296 2969 ἐξ
3325 2903 3489 2974 ἄλλης
3527 2902 3780 2972 γεγένη‹

2175 3016 2287 3063 ται,
2321 2996 2472 3050 οὐδὲν
2493 2997 2592 3068 τῆς
2614 2996 2850 3059 παλαιᾶς
2879 2994 3215 3065 ἐφελκομένη
3256 2992 3568 3065 γνώρισμα.
3605 2993 3783 3046 Ἐστι

2176 3090 2235 3143 δέ
2256 3080 2410 3152 οὗτος
2435 3088 2533 3159 τῆς
2562 3086 2973 3158 μεταποιήσεως
2993 3087 3021 3139 ό
3044 3086 3244 3158 τρόπος
3264 3126 3279 3151 ,
3308 3086 3375 3139 ἄν
3399 3103 3489 3156 μοι
3510 3086 3783 3139 πεισθέν-

2176 3200 2269 3246 τες
2295 3182 2387 3236 τὸν
2413 3182 2570 3250 λόγον
2595 3181 2671 3245 ὡς
2692 3181 2856 3252 νόμον
2885 3180 3173 3252 φυλάξητε*
3203 3175 3312 3233 Ἦν
3336 3180 3365 3231 ὁ
3397 3179 3505 3250 πρὸ
3536 3179 3644 3235 cur?»
3676 3180 3783 3250 βα-

2176 3274 2478 3345 πτίσματος
2508 3272 2793 3344 ἄνθρωπος
2845 3271 3168 3336 ἀκόλαστος,
3195 3270 3548 3338 πλεονέκτης,
3578 3272 3786 3341 ἅρπαξ

2174 3367 2283 3423 τῶν
2316 3364 2630 3436 ἀλλοτρίων,
2666 3365 2926 3437 λοίδορος,
2960 3363 3224 3434 ψεύστης,
3257 3362 3635 3433 συκοφάντης,
3682 3366 3785 3417 καὶ

2176 3458 2232 3512 εί
2258 3475 2313 3511 τι
2346 3457 2556 3521 τούτοις
2585 3458 2770 3528 ὅμοιον
2798 3458 2891 3511 καὶ
2917 3455 3230 3512 ἀκόλουθον.
3258 3456 3502 3509 Γενέσθω
3544 3456 3651 3511 νῦν
3687 3460 3787 3511 κόο

2178 3565 2356 3617 σμιος,
2394 3545 2649 3619 σώφρων,
2696 3546 3033 3618 ἀρκούμενος
3071 3549 3184 3610 τοῖς
3219 3545 3389 3610 ἰδίοις,
3419 3547 3515 3599 καὶ
3548 3548 3621 3601 ἐκ
3648 3550 3787 3602 τού-

2177 3658 2286 3694 των
2308 3642 2419 3705 τοῖς
2448 3641 2507 3693 ἐν
2536 3639 2698 3711 πενίᾳ
2729 3639 3061 3710 μεταδιδοὺς,
3092 3638 3412 3710 φιλαλήθης,
3445 3640 3787 3710 τιμητικὸς,

2177 3733 2602 3805 εὐπροσήγορος,
2644 3733 2824 3786 πᾶσαν
2868 3730 3055 3796 ἁπλῶς
3105 3731 3505 3803 ἐπαινουμένην
3560 3733 3789 3804 πρᾶξιν

2177 3825 2384 3879 ἀσκῶν.
2426 3824 2514 3889 Ὠς
2538 3824 2648 3897 γὰρ
2667 3824 2746 3896 τῷ
2772 3823 2912 3894 φωτὶ
2943 3823 3004 3876 τὸ
3040 3823 3231 3886 σκότος
3249 3822 3455 3886 λύεται,
3496 3823 3596 3877 καὶ
3632 3825 3789 3893 ἁφα-

2178 3915 2386 3980 νίζεται
2432 3915 2494 3968 τὸ
2540 3915 2709 3986 μέλαν
2758 3912 3192 3987 ἐπιχρωσθείσης
3228 3913 3587 3985 λευκότητος·
3624 3914 3790 3969 οὕτω

2179 4009 2275 4062 καὶ⁵
2299 4009 2329 4061 ὁ
2361 4008 2589 4071 παλαιὸς
2628 4007 2913 4079 ἄνθρωπος
2948 4008 3061 4067 τοῖς
3088 4006 3187 4076 τῆς
3212 4005 3555 4075 δικαιοσύνης
3583 4005 3789 4076 ἔργοις

2180 4100 2573 4171 ἐπικοσμηθεὶς
2595 4097 2936 4170 ἀφανίζεται.
2975 4099 3138 4171 Ὀρᾷς
3157 4098 3308 4160 ὅπως
3327 4097 3420 4150 καὶ
3440 4099 3470 4149 ὁ
3489 4099 3790 4167 Ζακχαῖος

2178 4194 2245 4263 τῇ
2277 4191 2542 4263 μεταϐολῇ
2574 4190 2669 4245 τοῦ
2701 4191 2816 4261 βίου
2856 4190 2950 4245 τὸν
2978 4188 3214 4259 τελώνην
3275 4188 3587 4253 ἀπέκτεινε,
3632 4190 3792 4261 πρὸς

2183 4283 2284 4354 μὲν
2310 4283 2436 4347 τοὺς
2482 4280 2859 4355 ζημιωθέντας
2885 4281 3087 4346 ἀδίκως
3119 4280 3427 4351 τετραπλῆν
3466 4280 3791 4350 ἐπανάγων

2180 4376 2279 4448 τὴν
2305 4375 2559 4430 ἀπόδοσιν
2579 4390 2594 4405 ⁸
2620 4374 2842 4446 ἐμέριζε
2867 4374 2925 4428 δὲ
2948 4376 3061 4439 τοῖς
3084 4376 3318 4443 πτωχοῖς
3342 4372 3412 4425 τὰ
3432 4374 3789 4441 κατάλοιπα,

501 4466 596 4533 qui
632 4466 891 4522 damnum
926 4469 1131 4540 injuria
1160 4484 1524 4545 acceperant,
1560 4478 1927 4550 quadruplum
1956 4482 2072 4550 ejus

2194 4468 2217 4522 ὶ
2268 4469 2529 4540 πρότερον
2578 4466 2731 4539 παρὰ
2769 4466 2879 4521 τῶν
2921 4466 3149 4537 πτωχῶν
3194 4465 3523 4537 θλιϐομένων
3574 4469 3792 4531 κακῶς

501 4555 650 4626 quod
683 4559 1017 4625 amiserant,
1049 4577 1320 4634 reponens
1348 4584 1361 4620 :
1397 4566 1677 4624 distribuit
1710 4570 1839 4626 item
1872 4587 2072 4641 paupe-

2194 4558 2560 4631 ἑθησαύρισεν.
2599 4557 3003 4628 Εὐαγγελιστὴς
3034 4559 3062 4611 ὀ
3090 4557 3366 4619 Ματθαῖος
3393 4556 3554 4620 ἄλλος
3591 4558 3789 4611 τελώ-

503 4645 659 4703 ribus
686 4648 917 4719 reliqua,
941 4667 1062 4720 quae
1089 4651 1242 4722 prius
1270 4670 1301 4709 a
1331 4657 1665 4727 pauperibus
1693 4660 1835 4715 male
1863 4668 2072 4714 extorta

2194 4668 2297 4723 ρης,
2326 4652 2614 4723 ὁμότεχνος
2644 4650 2739 4704 τοῦ
2769 4650 3064 4721 Ζακχαίου,
3092 4648 3293 4712 εὐθέως
3323 4648 3459 4719 μετὰ
3492 4648 3594 4719 τὴν
3632 4651 3790 4722 κλῆ-

502 4738 798 4808 collegerat
837 4739 906 4792 δο.
937 4740 1283 4813 Evangelista
1323 4744 1611 4801 Matthaeus
1650 4747 1796 4801 alius
1838 4747 2072 4816 publica-

2194 4761 2265 4797 σιν
2293 4743 2481 4813 ὥσπερ
2505 4761 2560 4796 τι
2592 4745 2932 4816 προσωπεῖον
2950 4742 3148 4812 ήμειψε
3179 4738 3271 4793 τὸν
3300 4739 3432 4810 βίον.
3457 4738 3728 4813 Διώκτης
3758 4746 3793 4796 ὁ

502 4846 607 4884 nus
656 4830 701 4861 “
761 4830 1011 4887 eumdem
1061 4849 1185 4888 cum
1234 4834 1466 4891 Zachaao
1507 4845 1777 4906 quiestmn
1828 4837 2072 4901 faciens,

2194 4835 2413 4901 Παῦλος,
2430 4835 2565 4890 ἀλλὰ
2594 4834 2731 4906 μετὰ
2745 4834 2844 4906 τὴν
2865 4835 3024 4906 χάριν
3052 4833 3389 4897 Ἀπόστολος,
3414 4832 3653 4903 βαρείας
3679 4838 3795 4903 φέ-

499 4918 861 4990 eamdemque
901 4930 1074 4977 artem
1114 4939 1417 4988 exercens,
1450 4927 1635 4981 statim
1678 4935 1803 4997 post
1833 4929 2072 4982 vocatio-

2194 4947 2289 4983 κον
2304 4928 2402 4992 τὰς
2416 4927 2634 4991 ἁλύσεις
2650 4927 2789 4998 ὑπὲρ
2806 4924 3065 4998 Χριστοῦ,
3082 4927 3161 4989 είς
3176 4923 3468 4994 ἀπολογίαν
3486 4924 3583 4978 καὶ
3602 4930 3795 4997 μετά-

500 5027 625 5066 nem
677 5020 941 5082 tanquam
987 5030 1281 5084 personam
1329 5019 1624 5088 quamdam
1671 5018 1799 5074 vitae
1847 5020 2072 5075 mutavit

2194 5037 2326 5074 lOtaV
2358 5020 2469 5077 τῶν
2500 5019 2698 5073 ἀδίκων
2744 5016 2995 5089 δεσμῶν,
3021 5016 3058 5071 δι
3105 5015 3257 5085 παρὰ
3304 5013 3399 5068 τοῦ
3430 5015 3599 5085 νόμου
3636 5022 3793 5072 ποτὲ

499 5106 844 5160 institutum.
896 5106 1229 5164 Persecutor
1287 5110 1480 5181 (erat)
1527 5111 1762 5177 Paulus,
1806 5111 1904 5166 sed
1956 5119 2072 5182 post

2194 5112 2355 5167 ta6¢bv
2406 5112 2547 5167 κατὰ
2591 5110 2701 5166 τῶν
2741 5108 3091 5179 Εύαγγελίων
3142 5108 3429 5162 ἐϐάστασε.
3488 5106 3796 5179 Τοιαύτην

500 5198 732 5263 gratiam
785 5198 1085 5269 Apostolus
1135 5201 1203 5264 ",
1251 5216 1449 5272 graves
1502 5201 1702 5271 (illas)
1749 5203 1932 5259 ferens
1980 5219 2072 5273 pro

2194 5205 2460 5276 προσῆκεν
2506 5200 2645 5260 εἶναι
2682 5204 2780 5276 τὴν
2820 5203 3205 5273 ἁναγέννησιν·
3248 5200 3419 5264 οὕτως
3454 5198 3797 5268 ἐξαλείφειν

500 5284 722 5341 Christo
747 5297 973 5345 catenas
999 5290 1065 5344 ad
1098 5291 1471 5361 paenitentiam
1499 5298 1556 5345 et
1583 5294 1959 5363 purgationem
1990 5296 2072 5348 in-

2194 5294 2284 5365 τὴν
2312 5295 2451 5366 πρὸς
2476 5296 2575 5367 τὴν
2616 5294 2890 5367 ἁμαρτίαν
2928 5292 3251 5364 συνήθειαν·
3279 5290 3423 5345 οὕτω
3480 5290 3797 5345 πολιτεύε-

499 5375 775 5444 justorum
806 5381 1181 5447 vinculorum,
1211 5400 1334 5453 quae
1364 5398 1493 5438 cum
1521 5385 1819 5455 aliquando
1844 5402 2072 5455 accepts

2194 5385 2308 5439 σθαι
2335 5388 2461 5451 τοὺς
2492 5388 2642 5450 υἱοὺς
2686 5387 2781 5441 τοῦ
2813 5386 2949 5441 Θεοῦ
2970 5404 2984 5418 ο
3023 5385 3186 5439 τέκνα
3211 5385 3320 5457 γὰρ
3365 5382 3577 5437 ἐκείνου
3622 5387 3797 5454 μετά

504 5474 589 5521 set
631 5482 662 5519 a
709 5468 862 5539 lege.
914 5471 1180 5529 adversus
1224 5473 1518 5545 Evangelia
1568 5477 1844 5545 portabat.
1887 5477 2072 5533 Talem

2194 5477 2280 5549 τὴν
2314 5479 2471 5551 χάριν
2501 5479 2790 5550 ἀκούομεν.
2832 5479 2940 5535 Καὶ
2973 5478 3059 5532 διὰ
3100 5476 3259 5531 τοῦτο
3293 5475 3567 5548 προσῆκεν
3592 5476 3792 5547 ἀκρε-

507 5561 762 5619 convenit
792 5575 914 5617 esse
949 5566 1419 5634 regenerationem
1440 5609 1456 5634 ,
1494 5568 1570 5622 ita
1598 5568 1823 5624 abolere
1862 5576 2072 5639 oportet

2194 5570 2296 5634 ϐῶς
2341 5569 2810 5642 ἐπισκοπήσασθαι
2847 5569 2915 5625 τά
2944 5569 3037 5623 τοῦ
3065 5567 3382 5640 γεννήτορος
3425 5565 3582 5637 ήμῶν
3618 5566 3793 5627 ἰδιώ-

580 5735 785 5803 υΡειιι.
823 5756 1012 5809 uvam,
1048 5744 1099 5811 5,
1128 5745 1172 5805 ί.
1255 5746 1296 5778 ’⁵ο
1330 5745 1459 5808 Luc.
1494 5765 1606 5817 xix,
1643 5750 1694 5805 8.
1777 5752 1817 5785 δι
1860 5752 2049 5811 Matth.

2203 5750 2253 5807 9.
2334 5752 2375 5784 δ’
2405 5751 2526 5815 Act.
2582 5766 2661 5819 lx,
2700 5748 2715 5802 Ι
2749 5763 2867 5825 sqq.
