3842 6400
426 285 530 351 ισο

1676 292 1731 347 s.
1764 284 2090 349 caecum:
2123 282 2411 362 mssast

3574 282 3682 338 600

421 405 544 469 Ioco
578 412 935 482 proferentes.
968 407 1050 468 Tu
1080 416 1229 470 enim
1263 431 1453 471 revera
1474 456 1489 480 ,
1524 416 1787 481 Domine,
1819 430 1992 485 purus

2096 414 2190 466 καὶ
2232 409 2467 480 ὴλέησας
2498 401 2912 475 φιλανθρώπως.
2959 401 3280 473 Ἐμίσησας,
3330 399 3425 454 καὶ
3461 400 3683 471 διηλλά-

422 517 486 556 ac
518 504 778 572 perennis
809 502 933 560 fons
965 504 1230 562 bonitatis
1252 522 1346 570 es,
1374 507 1469 577 qui
1508 511 1658 576 juste
1700 522 1803 562 nos
1833 522 1994 565 aver-

418 600 603 660 satus,
653 610 719 650 ac
765 596 999 667 benigne
1026 598 1200 654 nostri
1240 599 1500 655 misertus
1545 615 1648 664 es;
1695 598 1824 653 odio
1870 615 1995 668 pro-

419 694 665 749 secutus,
688 694 742 741 et
762 688 1147 745 reconciliatus
1172 706 1265 756 es;
1294 701 1615 746 exsecratus
1642 705 1722 755 es.
1741 698 1795 745 et
1822 690 1993 746 bene-

418 773 608 830 dixisti
634 793 652 843 ;
682 778 1064 835 exterminasti
1096 796 1163 835 ex
1192 782 1479 851 paradiso,
1524 790 1578 837 ct
1606 782 1802 837 iterum
1836 797 1994 837 revo-

418 867 598 934 casti;
646 870 853 926 exuisti
903 888 1006 927 nus
1054 871 1199 927 foliis
1250 873 1531 936 liculneis,
1586 873 1848 928 indecoro
1896 872 1994 927 illo

364 996 369 1005 ,
418 960 766 1027 legumento,
796 969 852 1015 et
889 962 1298 1018 circumdedisti
1342 964 1507 1033 pallio
1548 964 1824 1033 pretioso;
1865 978 1994 1033 ape-

419 1050 581 1105 ruisti
615 1062 922 1117 carcerem,
953 1070 1016 1108 ac
1046 1055 1303 1110 dimisisti
1332 1054 1726 1110 condemnatos
1756 1073 1770 1121 ;
1803 1070 1993 1123 asper-

418 1143 541 1198 sisti
585 1159 728 1214 aqua
778 1161 956 1216 pura,
1001 1154 1055 1201 et
1099 1162 1130 1202 a
1161 1147 1418 1203 sordibus
1464 1147 1764 1202 mundasti.
1790 1146 1911 1201 Non
1945 1147 1993 1202 si

418 1236 655 1304 posthac
683 1251 714 1289 a
743 1245 797 1293 te
820 1246 1047 1292 vocetur
1070 1237 1245 1291 Adam
1265 1278 1280 1303 ,
1310 1238 1629 1302 erubescet,
1658 1252 1837 1308 neque
1863 1252 1995 1292 con-

419 1326 652 1381 scicntia
682 1336 1049 1397 coarguente,
1078 1329 1179 1383 sub
1221 1330 1347 1385 luco
1381 1329 1627 1400 paradisi
1668 1329 1846 1385 latens
1883 1344 1995 1400 pra:

419 1417 633 1486 pudore
660 1434 720 1475 se
747 1419 1040 1474 obvelabit.
1072 1419 1261 1490 Neque
1305 1435 1437 1475 vero
1465 1420 1752 1476 ﬂammeus
1778 1420 1994 1491 gladius

417 1508 737 1576 paradisum
769 1506 1172 1575 circumdabit,
1205 1511 1298 1581 qui
1332 1511 1482 1566 aditu
1514 1511 1838 1568 accedentes
1867 1527 1992 1582 pro-

417 1596 638 1660 hibeat,
680 1605 735 1653 et
767 1598 951 1653 locum
998 1598 1200 1654 efﬁciat
1244 1600 1627 1669 inaccessum,
1668 1604 1762 1658 sed
1808 1604 1994 1658 omnia

417 1687 579 1742 nobis
607 1688 918 1743 baeredibus
943 1689 1152 1758 peccati
1174 1689 1244 1744 ad
1275 1691 1516 1745 laetitiam
1540 1692 1799 1747 traducta
1826 1702 1956 1749 sunt
1975 1733 1988 1756 ,

2096 520 2199 572 γης
2217 518 2229 532 '
2254 498 2569 571 κατηράσω,
2598 495 2688 548 καὶ
2719 493 3025 566 ηὐλόγησας
3045 509 3057 521 ·
3088 491 3353 563 ἐξώρισας
3379 492 3471 545 τοῦ
3498 506 3683 563 παρα-

2094 594 2292 657 δείσου,
2324 592 2417 645 καὶ
2450 588 2610 642 πάλιν
2634 584 2945 641 ἀνεκαλέσω
2964 602 2977 616 σ
3011 584 3265 649 ὲξέδυσας
3283 584 3353 637 τὰ
3373 583 3545 653 φύλλα
3573 582 3680 652 τῆς

2099 684 2268 754 συκῆς
2288 683 2387 753 τὴν
2419 682 2702 752 ἀσχήμονα
2730 678 2964 749 σκέπην,
3001 676 3096 730 καὶ
3123 674 3443 746 περιέϐαλες
3460 675 3684 746 ἱμάτιον

2097 774 2426 846 πολύτιμον’
2479 769 2696 844 ἧνοιξας
2753 770 2815 822 τὸ
2864 769 3255 839 δεσμωτήριον,
3309 769 3403 822 καὶ
3455 768 3683 838 ἀφῆκας

2094 871 2221 934 τοὺς
2266 865 2801 938 κατακεκριμένουςο
2856 860 3179 933 ὲρῤάντισας
3226 858 3379 914 ὕδατι
3425 859 3681 931 καθαρῷ,

2097 961 2194 1016 καὶ
2236 959 2344 1012 τῶν
2372 956 2559 1027 ρύπων
2602 953 2902 1025 ὲκάθαρας.
2936 951 3136 1005 Οὐκέτι
3166 950 3495 1021 καλούμενος
3525 951 3684 1022 παρά

2100 1052 2192 1105 σοῦ
2239 1053 2268 1105 ὁ
2312 1049 2481 1118 Ἀδὰμ
2512 1044 2951 1116 αἰσχυνθήσεται,
2994 1041 3115 1095 οὐδὲ
3154 1040 3307 1113 παρά
3348 1040 3444 1095 τοῦ
3497 1058 3681 1095 συνει-

2096 1142 2245 1205 δότος
2288 1136 2640 1210 ἐλεγχόμενος
2688 1129 3077 1205 ὲγκαλύψεται,
3112 1132 3216 1189 ὑπὸ
3252 1135 3317 1204 τῇ
3358 1133 3536 1207 λόχμῃ
3582 1132 3683 1187 τοῦ

2098 1231 2425 1304 παραδείσου
2459 1227 2854 1301 κρυπτόμενος.
2888 1223 3025 1280 Οὔτε
3058 1224 3163 1296 μὴν
3195 1226 3230 1295 ἠ
3265 1224 3488 1295 φλογίνη
3539 1227 3681 1295 ῥομ-

2097 1324 2230 1393 φαία
2268 1320 2536 1377 κυκλώσει
2569 1318 2660 1373 τὸν
2705 1316 3052 1388 παράδεισον,
3097 1314 3389 1386 ἀπρόσιτον
3434 1315 3545 1378 τοῖς
3579 1318 3678 1383 ἐγ·

2095 1412 2305 1482 γίζουσι
2354 1409 2583 1465 ποιοῦσα
2626 1406 2721 1481 τὴν
2771 1406 3005 1459 εἴσοδονο
3056 1405 3233 1460 πάντα
3275 1404 3331 1457 δὲ
3382 1405 3511 1475 ἡμῖν
3560 1407 3681 1468 τοῖς

2096 1504 2451 1577 κληρονόμοις
2498 1501 2597 1571 τῆς
2647 1498 2919 1570 ἁμαρτίας
2970 1494 3376 1568 μετεσκευάσθη
3410 1492 3545 1567 πρὸς
3590 1496 3684 1549 εὐ-

2096 1597 2402 1670 φροσύνην·
2438 1596 2533 1648 καὶ
2564 1591 2722 1665 βατὸς
2762 1591 2861 1662 μὲν
2889 1586 3162 1660 ἀνθρώπῳ
3203 1588 3550 1677 παράδεισος,
3581 1588 3683 1641 καὶ

2096 1689 2320 1762 οὐρανὸς
2347 1687 2543 1752 αὑτός·
2579 1680 2928 1754 συνηρμόσθη
2976 1681 3032 1734 δὲ
3076 1681 3157 1743 εἰς
3189 1679 3372 1750 φιλίαν
3404 1681 3437 1750 ὴ
3474 1679 3683 1743 κτίσις,

417 1787 481 1832 ac
512 1778 803 1847 paradisus
833 1757 1051 1850 quidem
1086 1791 1249 1851 atque
1275 1783 1456 1853 ipsum
1491 1784 1627 1839 adeo
1655 1784 1854 1840 calum
1892 1785 1993 1839 ho-

2094 1785 2127 1854 ἡ
2160 1757 2448 1852 εγκὸσμιός
2480 1796 2539 1833 τε
2562 1778 2657 1832 καὶ
2690 1774 3078 1846 ὑπερκόσμιος,
3118 1772 3286 1826 πάλαι
3317 1771 3452 1843 πρὸς
3479 1771 3685 1841 ἑαυτὴν

414 1870 550 1923 mini
592 1879 779 1940 patet:
813 1881 1067 1928 creatura
1102 1882 1287 1930 autem
1341 1882 1451 1930 tam
1505 1876 1782 1931 mundana
1824 1893 1991 1947 quam

416 1962 865 2030 supramundana
884 1964 1013 2019 olim
1041 1965 1185 2021 inter
1209 1982 1270 2022 se
1293 1960 1572 2024 dissidens
1596 1968 1665 2023 ad
1691 1969 1991 2024 amicitiam

416 2052 584 2118 coiit,
615 2058 778 2123 atque
818 2056 1168 2111 reconciliata
1197 2065 1314 2123 est,
1345 2066 1399 2112 et
1436 2059 1688 2117 homines
1727 2075 1854 2115 cum
1889 2076 1991 2115 an-

413 2140 550 2210 gelis
581 2140 806 2197 illorum
846 2143 1089 2203 colentes
1135 2146 1468 2219 theologiam
1510 2151 1815 2208 concordes
1860 2151 1992 2206 facti

412 2246 608 2290 sumus
638 2241 802 2303 atque
830 2239 1235 2295 consensimus.
1269 2239 1497 2310 Propter
1525 2242 1639 2296 haec
1676 2243 1841 2311 igitur
1881 2258 1992 2297 om-

410 2325 536 2388 nia,
568 2324 753 2394 gaudii
785 2326 1048 2398 hymnum
1092 2330 1204 2391 Deo
1238 2348 1537 2401 canamus,
1566 2350 1727 2404 quem
1759 2351 1823 2389 os
1864 2336 1989 2406 Spi-

410 2415 523 2470 ritu
551 2418 841 2475 obsessum
870 2420 1000 2475 olim
1034 2424 1351 2493 prophetico
1381 2441 1572 2495 magna
1595 2442 1731 2484 voce
1756 2444 1993 2497 pronun-

412 2507 599 2563 tiavit:
622 2504 866 2566 Exsultat
883 2513 1063 2567 anima
1082 2531 1196 2569 mea
1215 2516 1267 2570 in
1286 2516 1514 2572 Domino
1525 2530 1543 2583 ;
1566 2518 1735 2573 induit
1756 2521 1893 2573 enim
1912 2538 1991 2575 me

409 2600 576 2665 pallia
606 2601 838 2657 salutari
863 2640 879 2671 ,
907 2615 956 2661 et
985 2610 1164 2661 tunica
1188 2609 1391 2666 lwtitiw
1417 2611 1764 2667 circumdedit
1793 2629 1907 2679 me;
1931 2625 1990 2669 ut

410 2701 601 2756 sponso
630 2692 907 2762 adoptavit
936 2697 1066 2752 mihi
1099 2702 1317 2756 mitram
1340 2744 1356 2769 ,
1384 2712 1434 2758 et
1470 2713 1526 2757 ut
1555 2721 1804 2774 sponsam
1837 2722 1990 2760 exor-

408 2783 553 2841 navit
585 2800 666 2838 me
688 2798 998 2842 ornamento
1026 2792 1091 2844 ⁵⁷.
1125 2792 1362 2849 Ornator
1387 2804 1571 2851 autem
1600 2812 1817 2867 sponsa:
1844 2813 1993 2867 proro

2092 1872 2481 1938 στασιάζουσα·
2535 1872 2629 1925 καὶ
2666 1869 2923 1938 ἀγγέλοις
2971 1866 3021 1920 οἱ
3068 1864 3345 1936 ἄνθρωποι
3380 1863 3685 1935 ἐγενόμεθα

2092 1965 2393 2037 σύμφωνοι,
2441 1964 2543 2035 τὴν
2593 1962 2819 2016 ἐκείνων
2865 1957 3215 2021 εὐσεϐοῦντες
3248 1956 3544 2025 θεολογίαν.
3580 1954 3686 2008 Διὰ

2090 2058 2155 2129 δὴ
2196 2056 2369 2111 ταῦτα
2403 2055 2600 2119 πάντα,
2650 2053 2741 2107 τόν
2794 2052 2892 2123 τῆς
2925 2052 3101 2123 χαρᾶς
3149 2044 3315 2119 ὕμνον
3342 2048 3562 2119 ᾅσωμεν
3600 2045 3689 2117 τῷ

2090 2148 2228 2219 Θεῷ,
2260 2148 2319 2202 ὃν
2350 2143 2524 2217 στόμα
2556 2144 2633 2217 τῷ
2667 2143 2946 2213 Πνεύματι
2992 2141 3219 2209 κάτοχον
3265 2138 3430 2190 πάλαι
3460 2152 3685 2206 προφη-

2094 2241 2261 2306 τικῶς
2297 2240 2613 2311 ἐξεϐόησεν*
2659 2234 3072 2307 Ἀγαλλιάσθω
3114 2231 3153 2299 ἠ
3199 2227 3369 2299 ψυχή
3413 2244 3531 2297 μου
3578 2224 3686 2279 ἐπὶ

2095 2333 2176 2400 τῷ
2212 2334 2428 2401 Κυρίῳ,
2456 2330 2710 2386 ἐνέδυσε
2741 2328 2852 2399 γάρ
2869 2342 2945 2398 με
2970 2324 3202 2395 ίμάτιον
3233 2321 3548 2389 σωτηρίου,
3573 2320 3681 2372 καὶ

2094 2425 2317 2496 χιτῶνα
2343 2423 2733 2493 εὐφροσύνης
2768 2416 3079 2490 περιέϐη.ὶέ
3118 2433 3261 2485 μοι·
3311 2415 3390 2478 ὡς
3441 2411 3689 2481 νυμφίῳ

2097 2515 2413 2588 περιέθηκέ
2455 2533 2558 2585 μοι
2588 2516 2826 2585 μίτραν,
2875 2511 2975 2565 καὶ
3022 2510 3102 2575 ὡς
3140 2507 3384 2575 νύμφην
3433 2502 3685 2557 κατεκό-

2095 2606 2300 2681 σμησέ
2310 2626 2388 2679 με
2407 2609 2634 2678 κόσμῳ.
2662 2606 2972 2677 Κοσμήτωρ
2999 2602 3054 2655 δὲ
3086 2592 3300 2661 πάντως
3333 2598 3430 2666 τῆς
3458 2593 3686 2664 νύμφης

2094 2706 2124 2757 ό
2154 2701 2408 2775 Χριστός,
2437 2701 2465 2754 ό
2490 2701 2585 2766 ὢν,
2621 2698 2716 2753 καὶ
2746 2696 2948 2769 προὼν.
2974 2695 3069 2748 καὶ
3087 2692 3360 2762 ἐσόμενος,
3393 2685 3683 2756 εὐλογητὸς

2098 2796 2191 2851 νῦν
2221 2795 2318 2850 καὶ
2347 2796 2426 2858 εἰς
2457 2795 2583 2856 τοὺς
2616 2792 2839 2854 αἰῶνας.
2875 2788 3071 2859 Ἀμήν.

408 2882 504 2926 συθ
534 2880 617 2928 θεῖ
640 2871 931 2942 Christus;
973 2880 1067 2948 qui
1102 2888 1215 2949 est,
1252 2895 1307 2940 et
1335 2893 1465 2942 ante
1490 2897 1611 2943 erat
1631 2928 1645 2953 ,
1676 2896 1731 2943 et
1762 2887 1979 2943 futurus
2007 2894 2110 2955 est,
2132 2886 2458 2943 benedictus
2492 2899 2641 2939 nunc
2671 2892 2725 2938 et
2761 2884 2814 2936 in
2841 2878 3067 2936 saecula.
3092 2877 3285 2931 Amen.

477 3029 521 3059 ⁸⁷
557 3027 666 3085 lsa.
697 3047 815 3098 LXI,
855 3034 944 3090 10.

414 3218 437 3255 ε
533 3222 539 3227 .
2640 3226 2645 3229 ι
3566 3220 3633 3249 ﬂ,

1688 3404 1912 3490 ΤΟΥ
2007 3399 2383 3490 ΑΥΤΟΥ

1124 3584 1364 3706 ΕΙΣ
1472 3592 1677 3710 ΤΟ
1788 3598 2017 3709 ΑΓ]

2091 3595 2267 3712 )Ν
2382 3594 2913 3710 ΠΑΣΧΑ

483 3796 604 3858 ΚΑΙ
642 3805 799 3859 ΠΕΡΙ
837 3805 974 3860 ΤΗΣ
1009 3808 1410 3865 ΤΡῘΗΜΕΡΟΥ
1449 3808 1885 3863 ΠΡΟΘΕΣΜΙΑΣ
1920 3810 2057 3864 ΤΗΣ
2094 3814 2230 3867 ΤΟΥ
2268 3812 2566 3875 ΧΡΙΣΤΟΥ
2602 3806 3053 3871 ΛΝΑΣΤΑΣΕΩΣ
3089 3810 3219 3866 ΛΟΓ
3222 3814 3287 3867 01
3327 3814 3589 3871 HENTE.

1978 3993 2048 4011 ul—

1751 4140 2289 4233 EJUSDEM

1268 4356 1415 4477 IN
1479 4350 2157 4475 SANCTUM
2247 4351 2793 4472 PASCHA

686 4634 689 4637 .
734 4572 823 4637 ΕΤ
861 4580 951 4639 DE
983 4574 1336 4639 TBIDUANO
1374 4582 1594 4639 FESTO
1624 4582 2228 4642 RESURRECTIONIS
2262 4580 2540 4641 CHRISTI
2573 4580 2965 4638 ORATIUNES
3002 4582 3327 4650 QUINQUE.

548 4734 791 4803 [Quarum
822 4737 1101 4803 interpretes
1127 4742 1281 4807 fuere,
1310 4739 1485 4802 prima:
1512 4742 1684 4792 Petrus
1709 4737 2015 4853 F558
2033 4738 2457 4867 sﬁcgirtglllzzitlertiw
2476 4744 2522 4792 et
2545 4745 2734 4805 quarta:
2760 4740 3050 4794 Lammina
3072 4741 3302 4806 Sirenas,
3334 4740 3514 4807 quinta

919 5031 1175 5092 ORATIO
1213 5036 1451 5096 PRIMA.

2704 5042 2927 5098 ΛΟΓΟΣ
2960 5046 3039 5097 Α’.

474 5127 535 5185 δί
572 5111 1141 5202 (ιυέραιινίαιειιετυῐη
1197 5133 1506 5191 benedictio
1543 5136 1729 5193 divino
1768 5136 2017 5208 Spiritut

2147 5141 2216 5194 Εἴ
2241 5156 2325 5205 τις
2357 5139 2713 5211 πατριαρχῶν
2759 5138 2978 5207 εὐλογία
3005 5136 3135 5208 θείῳ
3166 5133 3443 5204 Πνεύματι
3471 5133 3532 5187 τὸ
3569 5134 3661 5204 βέ-

400 5220 727 5277 conﬁrmata
756 5232 861 5288 est,
892 5223 940 5278 si
969 5223 1114 5294 quod
1145 5224 1199 5278 in
1228 5225 1346 5297 lege
1372 5228 1653 5297 praemium
1708 5229 1875 5284 vitam
1909 5247 1973 5286 ex

365 5328 377 5347 ι
401 5314 607 5370 virtute
636 5315 1057 5373 instituentibus
1086 5319 1446 5388 promissum,
1483 5322 1531 5376 si
1562 5322 1693 5393 q‘uid
1725 5323 1975 5378 veritatis

358 5405 651 5465 frcterum
704 5407 1062 5463 historiarum
1114 5410 1400 5481 enigmata
1448 5413 1867 5483 portenderunt,
1928 5415 1976 5469 si

401 5496 533 5567 quid
562 5500 693 5555 boni
743 5501 890 5572 quod
923 5498 1107 5572 supra'
1142 5512 1395 5559 naturam
1445 5506 1537 5570 sit,
1587 5508 1973 5576 prophetarum

403 5590 625 5645 Oracula
662 5593 1120 5660 praanuntiarunt,
1153 5610 1215 5650 ea
1237 5596 1717 5655 omniahodierno
1752 5612 1976 5652 munere

404 5680 782 5737 continentur.
819 5681 941 5749 Quo
978 5684 1138 5740 nobis
1161 5686 1452 5765 nonaliter
1486 5702 1648 5756 quam
1677 5687 1723 5744 si
1751 5696 1969 5760 specta-

2075 5230 2224 5286 6atov
2276 5232 2506 5302 ἔχουσα,
2562 5230 2616 5282 εἴ
2664 5247 2718 5283 τι
2765 5230 2864 5299 τῆς
2914 5228 3287 5298 πνευματικῆς
3336 5224 3660 5295 νομοθεσίας

2074 5323 2277 5391 ἀγαθὸν
2306 5324 2370 5376 δι’
2400 5320 2729 5391 ἐπαγγελίας
2758 5323 2870 5383 τοῖς
2896 5317 3245 5388 κατορθοῦσιν
3277 5316 3574 5380 ἐλπίζεται,
3606 5318 3661 5369 et

2074 5432 2157 5477 τις
2202 5415 2287 5469 διὰ
2333 5414 2441 5467 τῶν
2505 5411 2789 5482 ἱστορικῶν
2853 5410 3187 5481 αἰνιγμάτων
3240 5408 3339 5478 τῆς
3395 5409 3655 5478 ἀληθείας

2075 5502 2513 5573 προδιατύπωσις
2563 5499 2701 5554 εἶναι
2738 5500 3069 5563 πιστεύεται,
3116 5500 3172 5553 εί
3212 5516 3296 5561 τις
3339 5499 3651 5570 προφητικὴ

2081 5595 2231 5667 φωνὴ
2274 5595 2342 5648 τὰ
2388 5595 2529 5664 ὑπὲρ
2561 5592 2721 5663 φύσιν
2768 5593 3195 5661 εὐαγγελίζεται,
3239 5592 3415 5644 πάντα
3466 5591 3650 5643 ἐκεῖνα

2081 5690 2178 5759 τῆς
2227 5688 2505 5760 παρούσης
2559 5687 2779 5760 χάριτός
2824 5687 2951 5744 sici.
3004 5686 3116 5743 Καὶ
3164 5684 3351 5756 ὥσπερ
3402 5680 3543 5739 κατά
3586 5680 3650 5734 τὸ
