3842 6412
80 318 168 374 601
1031 316 1096 373 IN
1135 316 1409 375 CHRISTI
1448 318 2080 389 RESURRECTIONEM
2119 322 2328 378 ORAT.
2365 322 2405 377 l.

3223 320 3342 379 (ἱθῖ

79 431 441 502 προκείμενον
489 436 597 498 τοῖς
644 435 940 504 ὀφθαλμοῖς
989 436 1147 506 ἡμῶν
1189 436 1386 507 θέαμα,
1435 437 1493 489 ἓν
1538 437 1653 506 φῶς

1761 443 1882 496 culo
1906 441 2068 497 nobis
2097 442 2282 510 aliquo
2318 440 2600 511 proposito
2650 439 2834 494 lumen
2870 432 3037 492 unum
3066 454 3132 493 ex
3166 440 3329 493 innu—

79 527 508 598 περιαστράπτει
561 528 622 580 τὸ
664 528 760 591 τὰς
812 529 965 597 ὄψεις
1014 532 1079 582 ἐκ
1125 530 1331 600 μυρίων
1358 518 1658 599 λαμπάδων

80 616 493 688 ὲρανιξόμενοψ
543 618 687 672 οὕτω
722 620 871 673 πᾶσα
919 621 952 690 ἡ
1009 620 1103 673 τοῦ
1135 619 1373 691 Χριστοῦ
1419 620 1656 690 εὐλογία,

78 709 285 780 πυρσοῦ
319 710 477 781 δίκην
518 709 640 763 καθ’
681 710 879 780 ἑαυτὴν
906 710 1217 780 λάμπουσα,
1249 710 1405 764 τοῦτο
1435 713 1568 782 ἡμῖν
1598 712 1659 764 τὸ

82 804 219 872 μέγα
245 801 367 870 φῶς
400 802 791 873 ἀπεργάζεται,
820 802 882 855 τὸ
920 804 985 855 ὲκ
1025 802 1235 856 πολλῶν
1261 820 1320 855 τε
1348 803 1444 856 καὶ
1476 803 1656 855 ποικί-

78 894 178 946 λων
204 893 309 964 τῆς
352 896 576 965 Γραφῆς
608 896 843 949 ἀκτίνων
878 894 1401 966 συγκεραννύμενον.
1443 894 1658 959 Ἔξεστι

80 984 179 1055 γὰρ
200 984 391 1038 λαϐεῖν
416 986 508 1055 ἀφ’
539 985 768 1040 ἑκάστου
798 987 907 1039 τῶν
930 984 1299 1039 θεοπνεύστων
1332 986 1659 1056 ἀποδειγμά-

81 1092 179 1127 των
211 1075 275 1128 τὸ
308 1076 409 1146 τῆς
438 1077 716 1147 παρούσης
748 1076 1061 1148 ἱερομηνίας
1088 1076 1439 1147 κατάλληλον.
1466 1078 1658 1147 Ζητεῖς

81 1166 169 1235 τὴν
198 1164 295 1219 τοῦ
331 1168 580 1238 Ἀϐραάμ
603 1168 887 1236 εὐλαγίανς
921 1167 1105 1239 Ἔχεις
1126 1168 1189 1221 τὸ
1208 1167 1555 1239 ζητούμενον,
1579 1170 1660 1233 είς

84 1256 143 1307 τά
190 1258 443 1328 παρόντα
487 1257 718 1328 βλέπων.
762 1259 925 1329 Ὁρᾷς
954 1257 1024 1311 τά
1064 1258 1237 1328 ἄστρα
1266 1257 1359 1310 τοῦ
1393 1257 1658 1328 ούρανοῦ,

83 1348 247 1401 ταῦτα
282 1349 427 1418 λέγω
454 1350 521 1403 τά
552 1350 745 1421 ἄστρα,
789 1349 861 1403 τὰ
898 1350 964 1404 ὲκ
990 1350 1084 1402 τοῦ
1124 1350 1335 1421 Πατρὸς
1365 1350 1397 1419 ἡ
1409 1349 1524 1419 μῶν
1557 1350 1658 1419 ἀρ-

83 1439 203 1501 τίως
234 1440 615 1504 ἀνατείλαντα,
654 1442 749 1495 καὶ
777 1441 1003 1513 οὐρανὸν
1031 1441 1239 1509 ἀθρόως
1272 1440 1378 1517 ,τὴν
1430 1440 1658 1512 Ἐκκλη-

88 1531 196 1583 σίαν
221 1533 545 1602 ποιήσαντα,
580 1528 654 1587 ὧν
681 1536 712 1605 ὴ
741 1535 839 1605 τῆς
865 1534 1044 1603 ψυχῆς
1072 1533 1456 1603 ἀστράπτουσα
1482 1533 1658 1604 χάρις,

86 1626 193 1686 ταῖς
234 1624 347 1677 τῶν
391 1626 613 1697 πυρσῶν
644 1627 825 1679 ἀκτῖσι
867 1626 1320 1695 διασημαίνεται;
1361 1626 1453 1679 καὶ
1486 1624 1663 1679 ταῦτά

84 1734 158 1778 τις
189 1714 365 1768 εἰπὼν
402 1716 570 1781 ὅντως
595 1716 689 1770 τοῦ
736 1716 985 1787 Ἀϐραὰμ
1017 1710 1159 1768 εἶναι
1185 1714 1347 1769 τέκνα
1393 1715 1451 1779 ἐξ
1484 1716 1660 1785 ἐπαγ-

86 1805 261 1873 γελίας
298 1806 447 1877 αὑτῷ
475 1807 835 1879 γεγενημένα,
869 1807 939 1860 τά
976 1810 1089 1870 τοῖς
1116 1805 1337 1877 ἄστροις
1375 1804 1469 1860 τοῦ
1495 1807 1659 1879 οὐρα-

87 1896 166 1949 νοῦ
195 1897 552 1968 όμοιούμενα,
580 1898 678 1967 τῆς
710 1897 965 1968 ἀληθείας
990 1898 1087 1967 οὐχ
1118 1898 1512 1966 ἁμαρτήσεται.
1551 1898 1660 1951 Καὶ

85 1988 384 2057 θαυμάζεις
422 1988 512 2040 τὸν
548 1987 746 2059 ὑψηλὸν
780 1988 1039 2049 Μωῡσέα,
1089 1987 1183 2040 τὸν
1211 1989 1390 2039 πᾶσαν
1421 1987 1519 2057 τὴν
1562 1985 1658 2040 τοῦ

86 2078 210 2129 Θεοῦ
262 2079 443 2131 κτίσιν
489 2077 808 2132 διαλαϐόντα
851 2082 916 2149 τῇ
958 2078 1183 2148 δυνάμει
1231 2077 1329 2148 τῆς
1371 2076 1658 2145 γνώσεως;

98 2169 219 2220 Ἰδού
254 2186 339 2221 σοι
383 2169 481 2238 τῆς
528 2168 749 2240 πρώτης
779 2169 1169 2240 κοσμογενείας
1208 2168 1269 2221 τὸ
1299 2167 1660 2238 εὑλογημένον

88 2263 382 2316 Σάϐϐατον.
458 2261 731 2334 Γνώρισον
793 2262 859 2314 δι’
936 2262 1143 2315 ἐκείνου
1214 2260 1308 2314 τοῦ
1379 2260 1658 2315 Σαϐϐάτου

88 2355 235 2407 τοῦτο
273 2353 336 2407 τὸ
381 2354 678 2417 Σάϐϐατόν,
708 2355 808 2425 τὴν
836 2355 935 2424 τῆς
983 2354 1379 2416 καταπαύσεως
1422 2352 1658 2424 ἡμέραν,

88 2452 144 2518 ἣν
191 2449 489 2517 εὐλόγησεν
530 2449 558 2500 6
602 2444 732 2509 Θεὸς
783 2447 921 2517 ὑπὲρ
969 2446 1068 2510 τὰς
1109 2446 1271 2508 ἄλλας
1301 2445 1530 2516 ἡμέρας.
1571 2444 1661 2497 Ἐν

87 2538 252 2612 ταύτῃ
296 2540 406 2608 γάρ
449 2538 789 2591 κατέπαυσεν
846 2536 1059 2606 άληθῶς
1113 2537 1220 2590 ἀπὸ
1280 2536 1495 2589 πάντων
1552 2536 1660 2589 τῶν

87 2631 257 2697 ἔργων
300 2628 464 2681 αὑτοῦ
508 2630 537 2681 6
570 2629 878 2698 Μονογενὴς
909 2628 1037 2690 Θεὸς
1061 2669 1075 2693 ,
1124 2628 1215 2681 διὰ
1252 2629 1352 2698 τῆς
1386 2626 1529 2681 κατὰ
1569 2626 1660 2680 τὸν

87 2723 310 2774 θάνατον
362 2720 670 2791 οἰκονομίας
698 2722 762 2790 τῇ
793 2719 957 2790 σαρκὶ
986 2719 1315 2782 σαὸὁατίσας
1334 2736 1347 2749 ·
1385 2719 1480 2773 καὶ
1513 2720 1593 2783 είς
1631 2717 1661 2772 ὃ

86 2804 145 2881 ἦν
192 2811 361 2865 πάλιν
407 2809 735 2875 ἐπανελθὼν,
761 2812 858 2880 ,διὰ
888 2812 987 2882 τῆς
1032 2811 1382 2874 ἀναστάσεως
1422 2810 1570 2865 ἆπαν
1597 2811 1661 2864 τὸ

89 2901 336 2971 κείμενον
386 2899 565 2970 ἑαυτῷ
610 2900 994 2971 συνανέστησε,
1027 2898 1161 2970 ζωὴ,
1209 2901 1302 2953 καὶ
1346 2900 1659 2965 ἀνάστασις,

88 2994 171 3045 καὶ
214 2990 472 3063 ἀνατολὴ,
526 2991 617 3043 καὶ
656 2990 840 3061 ἡμέρα
891 2992 1003 3053 τοῖς
1036 2992 1093 3042 ὲν
1142 2992 1323 3043 σκότει
1382 2992 1477 3043 καὶ
1534 2991 1662 3061 σκιᾷ

1762 533 2121 588 merabilibus
2149 532 2358 603 facibus
2398 530 2691 585 conﬂatum
2724 531 3130 599 praestringeret
3157 532 3328 585 aciem

1759 625 2066 691 oculorum,
2108 624 2289 679 omnis
2327 622 2530 678 Christi
2584 621 2907 676 benedictio.
2942 630 3204 691 tanquam
3238 622 3333 677 lux

1759 733 1858 788 per
1884 734 1943 773 se
1978 717 2210 787 fulgens,
2243 730 2499 787 magnum
2531 714 2676 768 hunc
2708 714 2905 768 animis
2930 715 3130 768 nostris
3151 715 3333 783 splen-

1758 810 1949 864 dorem
1980 824 2044 863 ex
2080 809 2268 862 multis
2300 816 2353 862 et
2384 805 2550 859 variis
2594 805 2891 873 Scriptura:
2937 806 3103 858 radiis
3139 819 3331 873 prove-

1759 902 1996 956 nientem
2028 902 2248 957 emittit.
2272 899 2427 953 Licet
2449 898 2597 953 enim
2626 913 2692 953 ex
2718 898 2949 967 singulis
2980 898 3099 966 ejus
3129 896 3333 952 divinis

1756 995 2022 1063 exemplis
2052 1002 2297 1048 mutuum
2327 991 2556 1060 hujusce
2591 989 2925 1045 celebritatis
2956 990 3331 1045 testimonium

1758 1086 2033 1155 colligere.
2067 1083 2277 1150 Quaeris
2310 1082 2542 1137 Abrahae
2572 1080 3049 1137 benedictionem?
3083 1079 3330 1134 Praesen-

1758 1178 1832 1230 tia
1872 1175 2262 1245 contemplare,
2294 1183 2347 1228 et
2373 1174 2599 1230 habebis
2640 1172 2694 1226 id
2727 1170 2874 1241 quod
2906 1170 3161 1239 requiris.
3191 1169 3329 1225 (ἰωιὶ

1761 1268 1946 1322 stellas
1976 1281 2084 1320 non
2115 1264 2493 1333 vides‘?llas,
2548 1265 2792 1333 inquam,
2825 1262 3039 1325 stellas,
3066 1277 3189 1329 qua:
3220 1278 3327 1315 nu-

1761 1374 1858 1428 per
1895 1375 1961 1413 ex
1994 1358 2190 1428 spiritu
2236 1356 2393 1411 nobis
2432 1367 2654 1420 exortae,
2680 1356 2861 1409 statim
2895 1357 3092 1409 coelum
3142 1351 3332 1406 Eccle-

1762 1451 1900 1505 siam
1935 1448 2290 1505 reddiderunt
2323 1467 2336 1503 :
2372 1448 2654 1504 stellarum
2687 1447 2829 1501 enim
2871 1445 3040 1500 radiis
3070 1445 3329 1515 prazclara

1761 1542 2003 1595 virorum
2036 1541 2235 1594 virtute
2262 1540 2570 1609 pietateque
2622 1536 2997 1607 prteslantium
3054 1535 3227 1605 gratia
3257 1536 3332 1589 si-

1762 1629 2051 1701 gniﬁcatur
2092 1641 2284 1698 :‘quos
2314 1629 2359 1683 si
2402 1628 2525 1697 quis
2558 1627 2789 1681 Abrahae
2828 1627 2972 1680 ﬁlios
3001 1641 3067 1680 ex
3100 1625 3332 1695 promis-

1764 1724 1917 1778 sione
1963 1730 2119 1776 natos
2157 1721 2280 1775 coeli
2311 1720 2583 1776 sideribus
2617 1719 2822 1774 similes
2867 1717 3087 1782 dixerit,
3120 1731 3151 1770 a
3181 1716 3331 1770 veri-

1761 1818 1871 1865 tate
1904 1826 2013 1865 non
2046 1810 2342 1877 aberrabit.
2372 1810 2575 1865 Mosem
2619 1809 2771 1881 illum
2802 1808 3063 1863 eximium
3091 1807 3331 1862 admira-

1759 1902 1859 1963 ris,
1914 1901 2005 1971 qui
2080 1901 2321 1955 scientia:
2387 1898 2823 1969 cognitionisque
2870 1897 3180 1968 praestantia
3241 1913 3335 1953 res

1760 2007 1951 2047 omnes
1991 2008 2021 2045 a
2070 1988 2177 2046 Deo
2213 2001 2527 2061 procreatas
2557 1988 3008 2058 comprehendit?
3040 1986 3178 2041 Ecce
3227 1986 3329 2041 tibi

1761 2086 1950 2155 prima:
1983 2084 2171 2138 mundi
2225 2083 2620 2153 procreationis
2667 2081 2989 2159 Sabbatum,
3024 2081 3112 2134 cui
3160 2080 3327 2135 bene-

1759 2176 1897 2231 dixit
1946 2176 2109 2232 Deus.
2166 2175 2245 2230 Ex
2281 2176 2375 2229 illo
2408 2175 2646 2230 Sabbato
2685 2189 2924 2244 przcsens
2966 2173 3072 2228 boc
3121 2170 3332 2226 Sabba-

1760 2280 1873 2326 tum
1912 2287 2165 2342 agnosce,
2192 2270 2392 2341 quietis
2437 2269 2583 2323 hunc
2630 2269 2797 2331 diem,
2853 2268 2936 2321 cui
2997 2280 3161 2335 supra
3212 2264 3333 2318 dies

1762 2366 1906 2420 alios
1934 2364 2196 2419 Dominus
2250 2360 2545 2417 benedixit.
2576 2359 2633 2414 ln
2671 2360 2775 2415 hoc
2798 2360 2945 2414 enim
2975 2372 3099 2412 vcre
3125 2354 3194 2411 ab
3214 2370 3334 2411 om-

1759 2457 1923 2511 nibus
1967 2455 2224 2524 operibus
2271 2453 2388 2509 suis
2435 2451 2576 2507 Deus
2624 2450 2949 2519 Unigenitus
2997 2447 3331 2517 conquievit,

1759 2549 1851 2618 qui
1882 2548 2069 2602 divino
2117 2546 2313 2601 salutis
2346 2545 2599 2598 humana
2632 2541 2890 2597 curandae
2923 2540 3176 2603 consilio,
3205 2553 3330 2593 cum

1760 2653 1857 2707 per
1883 2646 2115 2692 mortem
2174 2636 2327 2689 carni
2380 2636 2615 2705 quietem
2663 2633 3005 2702 praabuisset,
3032 2639 3088 2685 et
3141 2631 3198 2685 in
3252 2627 3329 2690 id,

1761 2730 1907 2801 quod
1949 2736 2089 2793 erat,
2143 2743 2241 2797 per
2296 2726 2754 2793 resurrectionem
2809 2725 3146 2787 revertisset,
3176 2721 3335 2792 quid-

1761 2822 1889 2892 quid
1916 2822 2134 2891 jacebat
2167 2836 2354 2876 secum
2397 2820 2764 2881 exsuscitans,
2815 2820 2944 2880 vita,
2989 2826 3044 2873 et
3080 2832 3333 2873 resurre-

1761 2916 1892 2979 ctio,
1920 2924 1974 2969 et
2015 2928 2234 2975 aurora,
2293 2920 2347 2967 et
2401 2927 2577 2971 mane.
2644 2919 2697 2966 et
2762 2910 2880 2965 dies
2930 2910 2983 2963 in
3016 2910 3255 2964 tenebris
3278 2915 3335 2963 et

1764 3006 1958 3059 umbra
1987 3006 2180 3060 mortis
2215 3004 2541 3072 degentibus
2573 3002 2751 3059 factus
2774 3003 2918 3057 est’.
2956 2998 3136 3055 Simili
3166 2999 3335 3055 bene-

89 3082 314 3135 Θανάτου
380 3079 710 3151 καθημένοις
742 3081 1047 3150 γενόμενος.
1086 3081 1301 3150 Πλήρης
1336 3098 1415 3133 τοι
1445 3081 1478 3151 ἡ
1520 3081 1659 3133 ἱστο-

1764 3098 2001 3153 dictione
2032 3096 2258 3151 historia
2288 3097 2415 3150 item
2447 3094 2645 3149 referta
2672 3102 2757 3148 est
2772 3094 2812 3145 ³.
2842 3093 3003 3147 Pater
3023 3090 3177 3145 lsaac
3199 3090 3333 3146 dile-

91 3176 173 3245 ρία
221 3174 325 3243 τῆς
372 3171 666 3241 συγγενοῦς
711 3172 959 3240 εὐλογίας
991 3189 1004 3204 ο
1050 3174 1078 3225 6
1128 3172 1310 3243 πατὴρ
1343 3172 1435 3223 τοῦ
1479 3170 1659 3225 Ἰσαὰκ

1763 3198 1855 3244 cto
1896 3188 2008 3243 ﬁlio
2038 3204 2147 3243 non
2188 3203 2421 3258 parcens
2454 3201 2575 3249 suo,
2605 3193 2658 3240 et
2691 3185 3001 3254 unigenitus
3033 3184 3256 3245 oblatio,
3279 3188 3335 3237 et

89 3265 293 3319 ἐκείνου
321 3262 415 3316 τοῦ
462 3262 743 3332 ἀγαπητοῦ
784 3264 858 3334 μὴ
887 3262 1215 3333 φειδόμενος,
1249 3262 1342 3316 καὶ
1377 3263 1407 3315 6
1446 3278 1665 3333 μονογε-

88 3360 176 3429 νὴς
208 3356 495 3427 προσφορὰ
525 3356 616 3409 καὶ
651 3355 809 3408 θυσία
848 3360 1156 3424 γενόμενος,
1212 3355 1305 3407 καὶ
1336 3353 1507 3426 ἀμνὸς
1542 3354 1663 3409 ἀντὶ

88 3452 270 3507 τούτου
308 3448 761 3519 σφαγιαζόμενος.
808 3448 1023 3513 Ἔξεστι
1063 3446 1171 3513 γὰρ
1204 3446 1329 3499 ίδεῖν
1348 3446 1491 3517 ὲντῇ
1519 3447 1663 3499 ἱστο-

93 3544 174 3612 ρίᾳ
204 3542 315 3595 πᾶν
354 3540 417 3593 τὸ
448 3540 548 3609 τῆς
590 3537 870 3600 εὐσεϐείας
904 3538 1219 3608 μυστήριον.
1261 3538 1318 3589 '0
1362 3537 1533 3607 ἀμνὸς
1567 3537 1662 3591 τοῦ

92 3633 240 3697 ξύλου
278 3632 598 3703 ἐξήρτηται,
632 3633 694 3684 ὲκ
717 3630 826 3683 τῶν
856 3631 1097 3700 κεράτων
1121 3628 1481 3699 κατεχόμενος
1503 3644 1518 3658 ⁸
1548 3632 1576 3682 6
1606 3630 1663 3683 δὲ

94 3724 381 3793 μονογενὴς
405 3724 659 3793 βαστάζει
693 3722 778 3790 ἐφ’
805 3720 998 3773 ἑαυτοῦ
1022 3722 1087 3774 τά
1114 3720 1212 3790 τῆς
1239 3719 1663 3791 ὁλοκαρπώσεως

91 3818 233 3883 ξύλα.
289 3818 490 3886 Ὁρᾷς,
521 3816 550 3867 6
578 3814 754 3867 πάντα
798 3813 978 3885 φέρων
1010 3812 1087 3883 τῷ
1121 3813 1325 3883 ῥήματι
1371 3816 1468 3883 τῆς
1502 3813 1659 3868 δυνάο

94 3926 249 3977 μεως,
305 3908 335 3959 6
384 3904 543 3985 αὐτὸς
575 3906 668 3958 καὶ
717 3905 776 3959 τὸ
806 3904 1021 3976 φορτίον
1060 3904 1215 3975 φέρει
1244 3904 1352 3957 τῶν
1382 3905 1662 3976 ἡμετέρων

93 4002 275 4065 ξύλων,
320 4000 415 4053 καὶ
443 3998 548 4053 ὑπὸ
579 3998 670 4051 τοῦ
701 3997 857 4064 ξύλου
882 3997 1340 4067 ἀναλαμϐάνεται,
1379 3998 1662 4067 βαστάζων

91 4094 157 4155 ὡς
188 4093 325 4155 Θεὸς
352 4130 367 4155 ,
398 4092 493 4143 καὶ
533 4087 701 4159 ἀμνὸς
731 4088 1157 4158 βασταζόμενος·
1192 4088 1334 4141 οὕτω
1363 4086 1455 4140 τοῦ
1508 4087 1661 4155 ἁγίου

94 4184 405 4254 Πνεύματος
434 4181 495 4235 τὸ
542 4181 685 4251 μέγα
718 4181 1016 4249 μυστήριον
1060 4180 1302 4242 τυπικῶς
1338 4179 1663 4250 ἀμφοτέροις

93 4273 526 4344 ὲπιμερίσαντος,
556 4271 636 4340 τῷ
672 4285 728 4323 τε
762 4269 1102 4340 ἠγαπημένῳ
1128 4269 1263 4339 Υίῷ,
1296 4270 1389 4322 καὶ
1418 4268 1496 4340 τῷ
1527 4286 1664 4339 συμ-

95 4363 503 4436 παραδειχθέντι
536 4363 790 4434 προϐάτῳ
817 4377 834 4395 ο
855 4362 995 4418 ὥστε
1040 4362 1315 4433 δειχθῆναι
1360 4363 1418 4415 ὲν
1459 4361 1557 4431 μὲν
1585 4359 1662 4432 τῷ

1761 3282 1980 3336 victima
2015 3280 2210 3341 factus,
2244 3290 2297 3333 et
2320 3293 2493 3348 agnus
2531 3279 2653 3331 loco
2694 3277 2841 3332 illius
2878 3275 2972 3344 qui
3013 3272 3333 3329 immolaba-

1764 3378 1871 3422 tur.
1905 3367 2055 3423 Licet
2083 3370 2228 3423 enim
2260 3374 2431 3421 totum
2469 3366 2523 3419 in
2564 3365 2667 3419 hac
2708 3363 2932 3419 historia
2962 3361 3180 3431 pietatis
3214 3376 3339 3430 my-

1764 3460 1991 3514 sterium
2040 3457 2262 3513 intueri.
2309 3460 2498 3526 Agnus
2545 3470 2576 3510 e
2621 3455 2770 3524 ligno
2816 3452 3079 3508 cornibus
3110 3451 3337 3505 haerens

1764 3552 2049 3622 pendebat.
2090 3549 2414 3619 Unigenitus
2436 3556 2617 3603 autem
2646 3545 2952 3600 holocausti
2977 3544 3125 3614 ligna
3154 3549 3335 3613 gesta-

1761 3647 1873 3698 bat.
1897 3641 2093 3698 Cernis
2120 3655 2228 3710 quo
2257 3639 2420 3695 modo
2452 3640 2546 3709 qui
2591 3646 2789 3692 cuncta
2824 3635 2930 3691 fert
2961 3635 3131 3693 verbo
3162 3632 3337 3687 virtu-

1763 3735 1834 3788 tis
1860 3748 1990 3796 sua},
2021 3732 2067 3787 is
2100 3740 2155 3785 et
2183 3731 2455 3801 lignorum
2478 3736 2791 3782 nostrorum
2823 3724 2926 3780 fert
2955 3739 3120 3783 onus,
3149 3728 3204 3777 et
3238 3736 3335 3774 su-

1766 3840 1863 3893 per
1886 3823 2097 3893 lignum
2130 3820 2433 3883 extollitur,
2463 3818 2642 3873 ferens
2666 3815 2884 3887 quidem
2916 3822 2976 3868 ut
3005 3811 3170 3877 Deus,
3204 3810 3335 3868 sub-

1763 3916 1905 3969 latus
1954 3921 2135 3967 autem
2191 3922 2453 3981 tanquam
2509 3904 2873 3979 agnus?lSic
2908 3905 3052 3960 enim
3095 3902 3342 3973 Spiritus

1763 4017 1983 4061 sanctus
2029 4014 2259 4074 utraque
2289 4019 2350 4058 re
2396 4003 2577 4071 magni
2608 3999 2859 4071 mysterii
2907 3998 3137 4066 ﬁguram
3166 3994 3337 4063 parti-

1763 4106 1852 4151 tus
1877 4106 1980 4159 est,
2008 4102 2123 4148 tum
2158 4094 2358 4149 dilecto
2388 4090 2523 4155 ﬁlio,
2557 4098 2672 4144 tum
2711 4088 2875 4143 simul
2903 4096 3127 4141 ostenso
3154 4098 3330 4154 agno;

1762 4195 1822 4239 ut
1853 4201 1948 4255 per
1973 4199 2171 4255 agnum
2203 4182 2397 4237 mortis
2424 4187 2826 4236 sacramentum
2850 4175 3205 4246 signiﬁcaret,
3238 4186 3343 4241 per
3456 4180 3461 4185 '

1762 4278 2100 4348 unigenitum
2126 4282 2305 4329 autem
2334 4275 2503 4326 vitam
2536 4278 2709 4323 morte
2738 4282 2844 4323 non
2878 4274 3118 4335 ereptam
3145 4270 3332 4318 osten-

1762 4370 1933 4425 deret.
1993 4367 2052 4422 Si
2090 4367 2175 4422 vis
2225 4375 2280 4420 et
2334 4364 2536 4420 Mosam
2574 4363 2755 4432 ipsum
2812 4357 3185 4420 considerare,
3216 4369 3339 4407 ma-

94 4459 343 4528 προϐάτῳ
380 4456 441 4510 τὸ
480 4455 575 4509 τοῦ
618 4455 846 4509 θανάτου
895 4456 1213 4525 μυστήριον,
1258 4455 1313 4506 ὲν
1356 4454 1413 4506 δὲ
1454 4452 1531 4523 τῷ
1567 4470 1659 4523 μο-

1765 4477 1935 4515 nuum
1997 4459 2321 4514 extensione
2378 4469 2601 4529 crucem
2666 4451 3105 4514 describentem,
3160 4461 3335 4516 eaque

98 4553 289 4618 θογενεϊ
319 4550 419 4619 τὴν
446 4547 612 4617 ζωὴν,
640 4548 736 4616 τὴν
770 4546 843 4618 μὴ
861 4546 1289 4616 διακοπτομένην
1312 4544 1390 4615 τῷ
1420 4543 1653 4615 θανάτῳ.

93 4642 148 4695 Εἰ
181 4645 236 4696 δὲ
259 4641 441 4713 βούλει
486 4640 581 4693 καὶ
625 4639 785 4693 αὑτὸν
817 4638 908 4691 τὸν
952 4638 1190 4693 Μωῦσέα
1218 4636 1422 4701 λαόεϊν,
1451 4638 1518 4708 τῇ
1549 4635 1657 4689 τῶν

92 4735 281 4805 χειρῶν
329 4732 550 4787 ἐκτάσει
596 4729 686 4783 τὸν
736 4729 965 4799 σταυρὸν
1010 4728 1396 4799 διαγράφοντα,
1445 4729 1541 4781 καὶ
1582 4727 1659 4791 ὡς

93 4828 161 4896 τῷ
199 4828 440 4896 σχήματι
486 4821 660 4891 τούτῳ
703 4820 794 4872 τὸν
850 4819 1093 4889 Ἀμαλὴχ
1125 4820 1655 4889 καταστρεφόμενον,

94 4918 257 4984 ἒξεστί
284 4934 368 4970 σοι
401 4915 615 4985 βλέπειν
653 4914 710 4967 ὲν
745 4915 810 4983 τῇ
849 4910 1074 4983 ἀληθείᾳ
1107 4911 1197 4965 τὸν
1239 4910 1427 4973 τύπον,
1461 4909 1658 4981 καὶτῷ

96 5009 303 5080 σταυρῷ
347 5006 441 5061 τὸν
498 5006 744 5076 Ἀμαλὴχ
786 5004 1178 5057 ὑποπίπτοντα.
1229 5004 1414 5073 Ἔχεις
1444 5002 1657 5056 καὶτὸν

104 5100 344 5163 Ἡσαΐαν,
377 5099 437 5151 οὑ
477 5098 649 5168 μικρά
688 5111 769 5149 σοι
809 5095 945 5165 πρὸς
987 5095 1085 5166 τὴν
1132 5094 1411 5164 παροῦσαν
1451 5109 1657 5147 συνεισ-

94 5180 321 5264 φέροντα
370 5193 551 5262 χάριν.
610 5190 747 5259 Παρ*
792 5185 955 5241 αὐτοῦ
988 5188 1096 5256 γὰρ
1128 5186 1514 5258 προεδιδάχθης
1558 5185 1658 5256 τὴν

97 5283 429 5356 ἀνύμφευτον
462 5278 690 5351 μητέρα,
722 5277 817 5347 τὴν
842 5275 1090 5346 ἀπάτορα
1122 5276 1318 5346 σάρκα,
1340 5274 1438 5345 τὴν
1464 5272 1658 5328 ἀνώδυ-

96 5391 174 5426 νον
222 5374 410 5432 ὠδῖνα,
462 5370 554 5423 τὸν
606 5367 902 5438 ἀμόλυντον
951 5364 1109 5417 τόκον
1129 5381 1141 5394 ’
1194 5363 1363 5427 οὕτως
1414 5363 1655 5426 εἰπόντος

96 5465 185 5518 τοῦ
213 5464 499 5535 Προφήτω
518 5475 534 5492 ⁸
586 5460 727 5515 Ἰδοὺ
748 5459 787 5526 ή
823 5457 1115 5525 παρθένος
1133 5457 1202 5509 ἐν
1234 5456 1443 5525 γαστρί
1468 5454 1657 5523 λήψει

99 5558 303 5616 ramuli
322 5556 552 5619 τέξεται
564 5556 715 5607 υἱόν·
730 5550 825 5605 καὶ
844 5549 1173 5604 καλέσουσι
1192 5549 1257 5602 τὸ
1275 5550 1458 5609 ὄνομα
1471 5548 1655 5602 αὐτοῦ

162 5736 336 5792 ‘Gen.
388 5750 534 5801 xxvi,
559 5734 611 5789 4.
686 5734 705 5764 ¹
744 5734 847 5789 lsa.
887 5733 1039 5799 “,2.

1142 5736 1143 5739 ‘
1184 5730 1204 5760 ³
1230 5727 1363 5784 Gen.
1396 5742 1532 5793 xxu,
1566 5726 1588 5781 Ι
1625 5744 1746 5799 sqq.

1765 4553 1940 4608 forma
2007 4549 2340 4605 Amaleeitas
2394 4547 2449 4601 in
2513 4545 2694 4616 fugam
2746 4551 3068 4605 vertentem,
3102 4540 3335 4594 veritate

1763 4644 1997 4713 ﬁguram
2025 4655 2363 4711 expressam,
2424 4645 2479 4698 et
2527 4635 2787 4691 Amalech
2847 4633 2997 4688 cruci
3051 4632 3333 4687 cedentem

1764 4733 2227 4789 animadvertes‘.
2264 4728 2443 4785 Habes
2488 4736 2542 4783 et
2575 4725 2791 4789 Isaiam,
2836 4724 2931 4795 qui
2974 4723 3203 4794 gratiam
3230 4722 3333 4775 bo—

1764 4825 2011 4879 diernam
2057 4838 2166 4877 non
2218 4835 2413 4891 parum
2456 4819 2714 4873 illustrat.
2752 4816 2837 4871 Ab
2870 4816 2989 4885 ipso
3031 4813 3176 4868 enim
3220 4824 3335 4864 ma-

1763 4927 1901 4972 trem
1926 4916 2233 4984 innuptam,
2267 4913 2387 4968 sine
2446 4918 2604 4981 patre
2658 4923 2903 4974 carnem,
2963 4906 3083 4962 sine
3145 4903 3336 4957 dolore

1762 5007 2131 5080 puerperium,
2182 5005 2302 5061 sine
2346 5003 2467 5058 labe
2508 5009 2726 5070 partum
2770 5006 2897 5053 ante
2948 4993 3209 5051 didicisti.
3241 4990 3335 5048 Sic

1758 5098 1906 5153 enim
1936 5096 2179 5166 loquitur
2202 5093 2468 5164 prepheta
2496 5110 2509 5145 :
2536 5089 2672 5146 Ecce
2708 5091 2851 5159 virgo
2885 5090 2939 5143 in
2972 5094 3119 5139 utero
3149 5084 3329 5137 conci-

1761 5188 1888 5256 piet,
1923 5197 1971 5241 et
2015 5186 2185 5255 pariet
2219 5185 2391 5254 ﬁlium
2429 5199 2446 5237 :
2479 5191 2530 5237 et
2560 5181 2815 5237 vocabunt
2841 5194 3025 5232 nomen
3047 5176 3160 5245 ejus
3199 5174 3331 5227 Em-

1764 5278 1995 5341 manuel,
2022 5292 2143 5346 qua:
2172 5290 2277 5331 vox
2323 5274 2615 5346 signiﬁcat,
2648 5271 2943 5327 Nobiscum
2998 5267 3137 5322 Deus
3155 5269 3198 5320 ⁸.
3240 5265 3333 5321 Et-

1765 5368 1910 5423 enim
1943 5368 2059 5421 sine
2082 5367 2269 5422 dolore
2300 5374 2514 5436 partum
2552 5363 2857 5427 exstitisse,
2902 5361 3017 5430 ipsa
3047 5357 3125 5413 rei
3156 5356 3330 5427 aequi-

1762 5468 1848 5513 tas
1892 5468 1946 5512 te
1974 5458 2210 5513 docebit.
2244 5455 2378 5511 Nam
2421 5471 2543 5511 cum
2591 5455 2770 5510 omnis
2806 5453 3057 5531 voluptas
3084 5448 3329 5504 dolorem

1762 5548 2112 5618 conjunctum
2139 5548 2353 5609 habeat,
2386 5561 2609 5602 necesse
2648 5552 2755 5609 cst,
2787 5552 2846 5598 ut
2880 5544 2937 5599 in
2969 5544 3057 5609 iis,
3092 5556 3213 5614 qua:
3254 5540 3330 5594 ita

1822 5728 1841 5761 ⁸
1870 5728 2040 5785 Exod.
2072 5744 2206 5793 xv",
2241 5728 2326 5783 ll.
2400 5725 2422 5757 '
2452 5722 2557 5781 lsa.
2591 5723 2787 5791 vu,l4.
