3842 6404
485 280 595 340 605

1810 292 1869 349 S.
1909 292 2241 351 GREGOBII
2276 292 2569 350 NYSSENI

3646 288 3754 345 ϐω

485 395 739 466 copulata
795 405 949 466 sunt,
992 413 1118 456 eum
1165 417 1336 458 unum
1395 403 1569 474 abest,
1614 407 1845 464 alterum
1898 410 2058 465 etiam

2179 410 2584 482 Ἐμμανουὴλ,
2602 411 2631 465 δ
2656 411 2773 463 ἐστι
2796 410 2937 465 Μεθ’
2969 408 3135 479 ἡμῶν
3154 411 3188 463 δ
3210 409 3500 475 Θεός.’¹οτι
3530 407 3592 461 δὲ
3617 406 3753 459 ἀπό-

487 489 653 544 absit.

2166 520 2273 567 νως
2299 502 2521 571 γέγονεν
2541 503 2575 573 ἡ
2594 500 2743 564 ὠδὶς,
2772 498 2986 571 πρῶτον
3009 499 3106 569 μέν
3128 515 3188 551 σε
3208 497 3269 550 τὸ
3286 497 3430 561 εἰκὸς
3453 494 3751 559 διδαξάτω.

499 565 717 649 Ἐπειδὴ
744 578 855 650 γὰρ
881 579 1031 633 πᾶσα
1059 580 1220 653 ἡδονὴ
1265 584 1611 656 συνημμένον
1635 585 1748 657 ἔχει
1799 588 1891 643 τὸν
1948 589 2127 658 πόνον,
2166 565 2390 663 ἀνάγκη,
2432 565 2582 645 πᾶσά
2627 589 2722 644 ἐπὶ
2768 565 2880 642 τῶν
2930 565 3289 658 συνημμένως
3332 584 3748 657 θεωρουμένων,

484 666 578 723 τοῦ
608 670 725 732 ἑνός
757 670 832 741 μὴ
863 670 1035 733 ὄντος,
1072 672 1207 743 μηδὲ
1238 672 1301 725 τὸ
1328 674 1513 745 ἕτερον
1538 672 1699 731 εἶναι.

557 758 743 828 Itaque
766 774 892 813 cum
921 760 1069 815 nulla
1092 763 1437 832 concipiendi
1476 766 1724 834 voluptas
1746 774 2057 823 antecesse-

484 850 578 915 rit,
611 866 679 906 ne
709 851 952 920 pariendi
994 852 1212 922 quidem
1244 852 1400 907 dolor
1431 862 1517 911 est
1546 866 1896 914 consecutus.
1942 858 2057 914 Hoc

486 953 663 997 autem
696 943 969 1013 prophetae
994 945 1177 1000 verbis
1196 946 1358 1000 etiam
1390 949 1801 1018 comprobatur,
1828 968 1947 1021 qua:
1971 953 2056 1008 sic

486 1032 687 1088 habent
720 1052 734 1086 :
765 1033 1063 1104 Antequam
1096 1036 1289 1089 veniret
1327 1036 1481 1091 dolor
1519 1049 1707 1106 partus
1741 1040 1876 1109 ejus,
1915 1041 2053 1109 e/fu-

484 1125 584 1192 git,
606 1132 655 1178 et
681 1126 876 1192 peperit
902 1127 1257 1181 masculum‘.
1277 1127 1403 1194 Aut,
1431 1129 1887 1198 quemadmodum
1918 1134 2056 1187 alius

484 1217 754 1286 interpres
786 1217 863 1270 ait
904 1234 917 1271 :
954 1216 1252 1285 Antequam
1286 1218 1491 1272 dolores
1518 1221 1759 1285 sentiret,
1800 1223 2054 1290 peperit".

485 1306 565 1361 Ex
601 1308 723 1375 hac,
748 1308 945 1378 inquit,
974 1308 1198 1379 Virgine
1228 1319 1398 1365 matre
1427 1310 1566 1364 Puer
1593 1323 1748 1366 natus
1775 1323 1853 1368 est
1889 1314 2059 1378 nobis,

482 1408 535 1454 et
558 1400 700 1467 ﬁlius
733 1398 893 1454 datus
936 1408 1014 1455 est
1058 1400 1230 1455 nobis.
1268 1400 1435 1471 Cujus
1474 1402 1749 1471 imperium
1777 1422 1935 1475 super
1962 1405 2059 1459 hu-

485 1508 685 1546 merum
722 1489 860 1562 ejus,
892 1503 941 1547 et
982 1504 1201 1547 vocatur
1237 1510 1425 1549 nomen
1467 1495 1580 1564 ejus
1629 1498 1808 1565 magni
1848 1499 2061 1552 consilii

493 1580 731 1650 angelus,
774 1580 915 1635 Deus
956 1581 1137 1649 fortis,
1184 1591 1386 1651 potens,
1435 1585 1671 1653 princeps
1712 1587 1880 1652 pacis,
1909 1596 2059 1652 pater

2234 761 2410 813 Ὅπου
2460 759 2641 813 τοίνυν
2695 758 2858 831 ἡδονὴ
2902 757 2997 812 τοῦ
3052 756 3211 811 τόκου
3253 757 3317 810 οὐ
3369 757 3747 829 καθηγήσατο,

2160 851 2282 905 οὐδὲ
2310 853 2340 905 6
2384 851 2545 914 πόνος
2596 849 3053 922 ἐπηκολούθησεν.
3092 850 3324 902 Ἔτκιτα
3360 848 3418 902 δὲ
3456 850 3553 903 καὶ
3583 852 3620 921 ἡ
3654 850 3751 902 τοῦ

2161 942 2450 1013 Προφήτου
2498 942 2641 1010 λέξις
2685 941 2892 1013 βεϐαιοῖ
2937 940 3036 995 τὸν
3083 940 3263 1009 λόγον,
3315 940 3509 1011 ἔχουσα
3565 940 3750 994 οὕτω·

2161 1034 2313 1101 Πρὶν
2342 1034 2639 1087 εἰσελθεῖν
2674 1033 2783 1087 τὸν
2833 1035 3028 1088 πόνον
3076 1030 3197 1087 τῶν
3245 1032 3476 1087 ὠδίνων
3524 1032 3747 1102 αὐτῆς,

2160 1124 2437 1194 ἐξέφυγε,
2486 1124 2585 1181 καί
2612 1126 2817 1179 ἔτεκεν
2842 1122 3053 1192 ἄρσεν.
3088 1125 3182 1188 Ἢ,
3232 1122 3309 1186 ὥς
3340 1140 3504 1194 φησιν
3554 1124 3749 1195 ἔτερος

2164 1216 2275 1269 τῶν
2302 1216 2604 1287 ἑρμηνέων,
2630 1212 2781 1283 Πρὶν
2799 1215 3101 1282 ὠδινήσει,
3126 1216 3350 1270 ἔτεκεν.
3387 1216 3483 1270 Ἐκ
3514 1216 3749 1287 ταύτης,

2161 1304 2334 1374 φησὶ,
2397 1304 2497 1374 τῆς
2563 1304 2834 1377 παρθένου
2885 1304 3091 1376 μητρὸς
3141 1306 3385 1360 Παιδίον
3446 1307 3749 1377 ἐγεννήθη

2160 1394 2325 1463 ⁴ἡμῖν,
2366 1395 2466 1449 καὶ
2506 1397 2636 1461 υἱὸς
2676 1395 2854 1464 ἐδόθη
2888 1396 3063 1466 ἡμῖν’
3108 1393 3182 1454 οὗ
3216 1398 3255 1465 ἠ
3298 1398 3455 1467 ἀρχὴ
3486 1400 3749 1469 ἐγενήθη

2162 1485 2255 1539 ἐίπί
2290 1486 2397 1540 τοῦ
2427 1485 2588 1555 ὤμου
2622 1486 2828 1551 αὐτοῦ,
2850 1485 3124 1556 μεγάλης
3158 1486 3401 1556 βουλῆς
3431 1488 3749 1556 Ἄγγελος,

2158 1576 2263 1632 καὶ
2294 1577 2363 1631 τὰ
2423 1577 2571 1649 ἑξῆς.
2611 1577 2780 1631 Τοῦτο
2828 1579 2890 1632 τὺ
2927 1578 3158 1642 παιδίον,
3191 1573 3345 1643 οὗτος
3384 1582 3414 1634 6
3458 1580 3595 1643 υίὸς,
3646 1581 3752 1646 Ὠς

486 1670 657 1740 futuri
682 1672 884 1726 secuti.
912 1669 1012 1727 Hic
1048 1688 1203 1743 puer,
1238 1673 1327 1727 hic
1363 1674 1528 1740 illius,
1560 1673 1629 1728 Ut
1658 1676 1767 1729 ovis
1800 1675 1869 1729 ad
1914 1677 2056 1729 occi-

2163 1670 2451 1736 πρόϐατον
2479 1665 2591 1723 ’ἐπὶ
2620 1669 2867 1738 σφαγὴν
2893 1670 3075 1739 ἤχθη,
3105 1674 3201 1726 καί
3232 1672 3314 1738 ὡς
3342 1671 3531 1741 ἀμνὸς
3560 1673 3749 1725 ἐναν-

484 1762 687 1817 sionem
716 1760 906 1817 ductus
925 1773 1023 1829 est,
1055 1773 1106 1818 et
1126 1773 1377 1835 tanquam
1402 1782 1568 1836 agnus
1599 1782 1779 1820 coram
1815 1765 2057 1822 tondente

480 1868 563 1920 se,
592 1853 906 1909 obmutuit“.
941 1852 1038 1910 Vel
1066 1857 1271 1925 potius,
1314 1856 1494 1926 inquit
1528 1856 1815 1926 Jeremias,
1849 1857 1952 1912 Hic
1980 1866 2060 1915 est

485 1961 652 2015 agnus
679 1944 772 2000 ille
792 1957 1118 2011 mansuetus,
1149 1948 1240 2017 qui
1268 1948 1337 2001 ad
1363 1949 1627 2003 victimam
1655 1948 1926 2004 ducitur“.
1959 1948 2061 2005 Hic

484 2045 569 2090 est
598 2034 689 2091 ille
726 2039 883 2106 panis
916 2036 1007 2091 cui
1031 2036 1238 2107 lignum
1268 2037 1544 2107 injiciunt,
1576 2038 1669 2109 qui
1710 2039 1870 2109 panis
1897 2039 2059 2108 ligni-

483 2140 593 2195 que
623 2132 753 2180 sunt
776 2125 963 2182 hostes
983 2128 1046 2182 ¹⁰.
1090 2127 1201 2182 Imo
1222 2143 1354 2182 vero
1378 2128 1510 2183 illud
1538 2144 1570 2184 e
1598 2129 1883 2200 propheta,
1911 2130 2060 2201 quod

485 2216 891 2286 apertissimum
935 2224 991 2273 et
1035 2218 1402 2273 clarissimum
1460 2228 1564 2285 est,
1608 2228 1663 2275 et
1701 2236 1812 2292 quo
1855 2232 2060 2292 myste-

484 2306 632 2361 rium
664 2308 985 2378 planissime
1033 2309 1366 2376 declaratur,
1397 2311 1753 2382 accipiamus,
1782 2312 1936 2369 Jonte
1975 2315 2061 2369 ni-

488 2398 688 2452 mirum
728 2400 1118 2470 exemplum“,
1143 2402 1235 2471 qui
1267 2402 1385 2458 sine
1422 2401 1724 2459 oli'ensione
1770 2404 1826 2459 in
1875 2413 2057 2460 cetum

484 2488 787 2559 ingressus,
826 2500 880 2546 et
906 2492 1025 2547 sine
1058 2493 1306 2549 molestia
1359 2509 1577 2549 rursum
1628 2510 1905 2567 egressus,
1931 2511 2057 2551 cum

485 2578 541 2633 in
573 2579 695 2650 ejus
733 2581 1038 2638 visceribus
1068 2585 1248 2639 tribus
1284 2583 1478 2640 diebus
1519 2594 1573 2640 et
1603 2585 1829 2642 totidem
1880 2587 2057 2642 nocti-

485 2670 591 2727 bus
613 2674 1030 2742 permansisset,
1065 2674 1284 2731 Domini
1320 2678 1462 2748 apud
1500 2678 1707 2735 inferos
1747 2693 2058 2734 commora-

493 2764 697 2818 tionem
729 2764 1070 2820 indicavit".
1111 2765 1237 2823 Haac
1276 2775 1331 2822 et
1372 2768 1565 2824 horum
1613 2770 1814 2825 similia
1843 2778 2061 2840 oportet

485 2867 552 2908 ex
585 2854 817 2925 singulis
874 2856 1177 2927 Scriptum
1226 2858 1361 2914 locis
1398 2858 1675 2930 indagare,
1722 2867 1887 2929 atque
1932 2860 2060 2915 seli-

485 2962 631 3016 gere.
656 2946 849 3002 Omnia
883 2950 1029 3005 enim
1064 2951 1157 3005 illa
1187 2966 1252 3006 ex
1282 2953 1642 3022 praesentibus
1670 2953 1873 3007 cernis.
1907 2953 1972 3006 Et
1992 2967 2058 3006 ea

2156 1760 2289 1814 τίον
2326 1761 2432 1814 τοῦ
2462 1760 2764 1829 κείροντος
2798 1761 2986 1815 αὐτὸν
3030 1762 3290 1833 ἄφωνος·
3323 1764 3522 1834 μᾶλλον
3552 1764 3634 1829 δὲ,
3668 1763 3750 1828 ῶς

2159 1869 2330 1923 φησιν
2376 1851 2665 1923 Ἱερεμίας,
2693 1851 2881 1906 Τοῦτό
2913 1853 3045 1907 ἐστι
3066 1854 3134 1907 τὸ
3155 1855 3364 1923 ἀρνίον
3395 1858 3463 1909 τὸ
3486 1855 3745 1921 ἄκακον,

2157 1945 2223 1997 τὸ
2251 1943 2544 2013 ἀγόμενον
2595 1943 2702 1998 τοῦ
2754 1943 3020 1999 θύεσθαι.
3067 1937 3233 2006 Οὗτος
3276 1946 3305 1998 6
3364 1946 3547 2017 ἄρτος,
3589 1939 3638 2014 ᾧ
3686 1948 3751 2000 τὸ

2160 2034 2314 2101 ξύλον
2370 2034 2727 2107 ἐμϐάλλουσιν
2760 2037 2809 2089 οί
2847 2034 3059 2090 καὶτοῦ
3106 2036 3271 2107 ἄρτου
3309 2037 3401 2091 καὶ
3444 2037 3538 2091 τοῦ
3581 2039 3747 2103 ξύλου

2159 2125 2425 2196 πολέμιοι.
2458 2125 2673 2179 Μᾶλλον
2692 2125 2749 2179 δὲ
2775 2125 2837 2179 τὸ
2866 2126 3082 2181 πάντων
3101 2125 3518 2198 γνωριμώτερόν
3547 2145 3605 2181 τε
3651 2128 3750 2180 καὶ

2158 2216 2532 2288 φανερώτερον
2576 2218 2641 2271 ὲκ
2664 2216 2757 2271 τοῦ
2793 2219 3080 2289 Προφήτω
3130 2217 3402 2289 λάϐωμεν,
3426 2218 3492 2272 δι’
3512 2212 3577 2273 οὗ
3610 2236 3751 2289 προ-

2157 2306 2425 2377 γράφεται
2460 2308 2645 2377 σαφῶς
2677 2309 2740 2362 τὸ
2772 2309 3088 2380 μυστήριον,
3120 2309 3214 2362 τὸν
3254 2308 3439 2364 ⁹ῐωνῐὶν
3463 2310 3631 2379 λέγω,
3654 2310 3751 2364 τὸν

2157 2397 2382 2461 ἀπαθῶς
2412 2398 2552 2453 κατὰ
2576 2398 2671 2452 τοῦ
2702 2401 2902 2470 κήτους
2934 2399 3463 2471 καταδυόμενον,καὶ
3480 2401 3605 2471 δίχα
3638 2400 3751 2453 πά-

2165 2486 2294 2551 θους
2324 2489 2389 2541 ἐκ
2411 2487 2505 2540 τοῦ
2540 2491 2735 2560 κήτους
2768 2490 3147 2561 ἀναδυόμενον,
3165 2490 3257 2544 τὸν
3283 2492 3378 2545 καὶ
3408 2492 3585 2563 τρισὶν
3605 2491 3751 2562 ἠμέ-

2167 2597 2288 2651 ραις
2310 2581 2403 2633 καὶ
2434 2581 2724 2645 τοσαύταις
2752 2580 2900 2648 νυξὶν
2938 2582 2996 2635 ὲν
3022 2585 3134 2647 τοῖς
3160 2583 3390 2655 κητῴοις
3415 2583 3751 2654 σπλάγχνοις

2168 2669 2256 2741 τὴν
2280 2672 2337 2723 ὲν
2361 2670 2486 2742 ᾅδου
2516 2672 2797 2744 διατριϐὴν
2825 2672 2918 2727 τοῦ
2967 2674 3174 2745 Κυρίου
3213 2675 3747 2746 προδιαγράψαντος.

2159 2760 2344 2815 Ταῦτα
2372 2762 2467 2815 καὶ
2495 2761 2567 2815 τὰ
2597 2763 2818 2817 τοιαῦτα
2858 2764 2939 2817 δεῖ
2978 2780 3037 2817 σε
3072 2765 3202 2835 παρ’
3238 2764 3475 2835 ἑκάστης
3504 2765 3747 2836 Γραφῆς

2159 2850 2447 2923 ἀναζητεῖν
2492 2854 2586 2907 καὶ
2635 2853 2972 2921 ἐκλέγεσθαι.
3013 2856 3197 2909 Πάντα
3247 2856 3359 2927 γὰρ
3413 2858 3615 2921 ἐκεῖνα,
3655 2857 3753 2912 διὰ

2160 2943 2267 2997 τῶν
2294 2944 2576 3014 παρόντων
2614 2946 2778 3016 ὁρᾷς⁶
2816 2946 2911 2999 κει)⁸
2932 2947 2989 3001 ἐν
3019 2949 3086 3017 τῇ
3118 2945 3365 3018 παρούσῃ
3401 2946 3750 3025 φαιδρότητι,

487 3038 749 3095 hodierna
785 3040 990 3105 laetitia,
1025 3050 1085 3095 ut
1116 3043 1171 3095 in
1200 3020 1493 3113 Evangelio
1522 3044 1775 3111 legimus,
1817 3047 1944 3098 Tota
1973 3042 2058 3096 les:

2163 3036 2336 3102 Ὄλος
2370 3040 2405 3091 ὀ
2441 3038 2625 3105 νόμος
2658 3036 2939 3107 κρέμαται
2982 3040 3081 3093 καὶ
3110 3042 3162 3093 oi
3207 3020 3524 3108 προφῆται,
3562 3039 3752 3105 καθώς

486 3130 694 3200 pendet,
737 3141 787 3187 et
819 3134 1165 3202 prophetat".
1214 3134 1297 3200 Et,
1349 3135 1807 3206 quemadmodum
1854 3134 2057 3190 Paulus

487 3223 651 3287 ait“,
711 3224 891 3279 omnis
941 3224 1261 3295 Scriptum,
1318 3227 1509 3282 divino
1565 3226 1770 3297 Spiritu
1820 3227 2060 3282 dictante

487 3320 743 3378 exarata,
779 3313 1020 3384 legisque
1076 3330 1290 3370 summa
1326 3316 1380 3370 in
1432 3316 1533 3371 hac
1579 3316 1751 3386 gratia
1776 3315 2060 3370 concludi-

491 3410 602 3459 tur.
634 3402 757 3457 Haec
781 3406 925 3459 enim
968 3416 1024 3460 et
1066 3407 1335 3460 malorum
1380 3415 1465 3462 est
1514 3408 1656 3472 linis,
1693 3416 1747 3463 et
1786 3408 2058 3462 bonorum

490 3494 843 3565 principium.
874 3494 1009 3549 Nam
1044 3496 1278 3565 exempli
1316 3511 1503 3561 causa,
1546 3495 1693 3551 Mors
1731 3499 1962 3567 regnavit
1993 3498 2058 3552 ab

489 3585 663 3640 Adam
685 3586 755 3649 ⁸⁸,
787 3586 998 3655 imperii
1031 3586 1275 3657 pestiferi
1298 3587 1508 3644 ducens
1541 3588 1779 3651 initium,
1801 3596 1856 3644 et
1883 3590 2057 3659 impo-

491 3682 615 3730 tens
637 3675 784 3731 illius
814 3676 1125 3732 dominatus
1172 3676 1239 3731 ad
1271 3676 1474 3732 Mosem
1524 3693 1699 3747 usque
1738 3677 2057 3748 permansit,

491 3781 616 3821 cum
647 3765 767 3836 ejus
813 3768 895 3822 vis
938 3782 967 3821 a
1016 3767 1133 3838 lege
1171 3768 1397 3824 minime
1448 3770 1855 3839 reprimeretur.
1894 3766 2060 3824 Venit

488 3858 619 3914 vita:
664 3873 912 3930 regnum,
967 3866 1021 3916 et
1064 3860 1308 3917 solutum
1369 3870 1454 3918 est
1508 3862 1700 3918 mortis
1748 3863 2057 3933 imperium.

490 3951 759 4023 Apparuit
807 3950 915 4006 alia
952 3954 1251 4023 generatio,
1309 3954 1417 4008 alia
1472 3954 1606 4017 vita,
1655 3954 1798 4009 alius
1841 3954 2060 4011 vivendi

492 4041 708 4108 modus,
729 4042 904 4113 ipsius
925 4053 1136 4101 natura:
1163 4057 1364 4102 nostra;
1390 4047 1765 4102 commutatio.
1798 4046 2059 4113 Quaenam

2159 3126 2292 3195 φησί
2320 3142 2423 3179 που
2450 3126 2510 3179 τὸ
2539 3126 2885 3196 Εύαγγέλιον·
2914 3127 3010 3181 καὶ
3062 3129 3168 3190 πᾶς
3190 3128 3543 3191 θεόπνευστος
3582 3129 3749 3198 λόγος

2158 3216 2253 3269 καὶ
2283 3215 2446 3287 νὸμδς
2474 3218 2532 3271 ὲν
2560 3216 2731 3289 ταύτῃ
2759 3218 3251 3286 ἀνακεφαλαιοῦται
3275 3222 3339 3290 τῇ
3370 3220 3574 3291 χάριτι,
3597 3222 3752 3276 κατὰ

2120 3305 2255 3378 ετὴν
2297 3306 2393 3361 τοῦ
2444 3307 2657 3361 Παύλου
2718 3310 2922 3379 φωνήν.
2969 3308 3137 3362 Τοῦτο
3174 3310 3284 3381 γάρ
3334 3311 3469 3375 ἐστι,
3496 3312 3592 3365 καὶ
3632 3312 3752 3365 τῶν

2161 3399 2505 3471 σκυθρωπῶν
2530 3398 2590 3453 τὸ
2623 3400 2822 3471 πέρας,
2851 3399 2945 3454 καὶ
2974 3400 3081 3454 τῶν
3106 3401 3324 3471 ἀγαθῶν
3349 3402 3382 3472 ἡ
3420 3403 3584 3473 ἀρχή.
3612 3398 3752 3460 Οἷὰν

2156 3508 2211 3543 τι
2238 3490 2382 3559 λέγω
2399 3508 2413 3522 ο
2451 3491 2877 3546 Ἐϐασίλευσεν
2898 3495 2932 3547 ό
2950 3492 3202 3559 θάνατος
3230 3493 3349 3547 ἀπὸ
3386 3494 3589 3562 Ἀδὰμ,
3640 3496 3752 3566 τῆς

2159 3581 2484 3653 φθοροποιοῦ
2529 3583 2814 3655 δυνάμεως
2864 3582 3046 3638 λαϐὼν
3089 3585 3189 3655 τὴν
3219 3584 3423 3656 ἀρχὴν,
3462 3584 3597 3638 ἀλλὰ
3644 3588 3751 3640 καὶ

2162 3673 2324 3745 μέχρι
2356 3674 2635 3738 Μωῦσέως
2659 3674 2825 3728 αὐτοῦ
2855 3675 2916 3729 τὸ
2959 3675 3193 3747 πονηρὸν
3221 3676 3419 3747 κράτος
3443 3676 3746 3747 διέμεινεν,

2158 3764 2312 3819 οὐδὲν
2355 3764 2449 3818 τοῦ
2486 3765 2655 3837 νόμου
2695 3765 2797 3838 τὴν
2828 3766 3003 3839 κακὴν
3032 3766 3127 3820 τοῦ
3162 3769 3390 3824 θανάτου
3418 3768 3750 3824 δυναστείαν

2164 3857 2564 3929 ἀμϐλύναντος.
2609 3852 2813 3911 Ἦλθεν
2867 3860 2901 3929 ὴ
2952 3857 3053 3928 τῆς
3102 3858 3248 3929 ζωῆς
3306 3859 3584 3929 βασιλεία,
3643 3864 3750 3917 καὶ

2159 3948 2426 4021 κατελύθη
2457 3948 2551 4002 τοῦ
2585 3949 2813 4003 θανάτου
2846 3948 2905 4003 τὸ
2942 3950 3161 4021 κράτος.
3201 3952 3312 4005 Καὶ
3336 3952 3556 4021 γέγονεν
3596 3953 3745 4028 άλλη

2159 4039 2429 4109 γέννησις,
2468 4039 2583 4109 βίος
2627 4040 2833 4112 ἕτερος,
2878 4039 3005 4093 ἄλλο
3037 4040 3184 4108 ζωῆς
3225 4037 3383 4106 εἶδος,
3421 4044 3591 4115 αὐτῆς
3637 4046 3748 4116 τῆς

491 4133 809 4203 generatio?
844 4133 979 4201 Quae
1023 4152 1128 4190 non
1175 4152 1240 4190 ea:
1290 4138 1654 4207 sanguinibus,
1689 4153 1851 4206 neque
1878 4153 1943 4192 ex
1974 4155 2058 4191 vo-

2163 4130 2373 4200 φύσεως
2415 4132 2574 4203 ἡμῶν
2624 4134 3115 4205 μεταστοιχείωσις.
3175 4134 3437 4205 Τούτουή
3478 4136 3746 4208 γέννησις

492 4226 697 4281 luntate
722 4227 843 4291 viri,
878 4244 1039 4297 neque
1068 4242 1134 4281 ea:
1160 4228 1426 4283 voluntate
1463 4232 1662 4295 carnis,
1714 4230 1803 4285 sed
1856 4247 1921 4285 ea:
1953 4230 2058 4285 Deo

2164 4222 2285 4274 Οὐκ
2306 4220 2377 4285 ἐξ
2402 4220 2681 4290 αἱμάτων,
2702 4220 2844 4275 οὐδὲ
2862 4222 2931 4275 ἐκ
2959 4220 3293 4290 θελήματος
3318 4222 3559 4290 ἀνδρὸς,
3590 4226 3747 4279 οὐδὲ

494 4329 639 4394 picta
669 4328 745 4373 est
766 4319 829 4374 “.
858 4319 1112 4386 Quinam,
1166 4319 1399 4390 inquies,
1433 4320 1536 4377 hoc
1566 4321 1681 4377 ﬁeri
1715 4322 1926 4393 potest?
1950 4323 2058 4376 Au-

2163 4312 2229 4367 ἐκ
2250 4313 2579 4383 θελήματος
2601 4313 2849 4382 σαρκός,
2873 4313 3012 4368 ἀλλ’
3034 4314 3101 4367 ἐκ
3120 4313 3747 4383 Θεοῦ,τενομένη.ῐ1ῶς

490 4408 570 4476 di,
599 4423 725 4463 nam
754 4410 943 4479 paucis
974 4411 1281 4481 explicabo.
1316 4410 1479 4469 Fetus
1504 4413 1591 4468 hic
1616 4429 1715 4484 per
1743 4413 1900 4468 ﬁdem
1924 4428 2057 4469 con-

2164 4401 2321 4455 τοῦτο
2335 4420 2351 4470 ;
2364 4401 2558 4472 Σαφῶς
2570 4419 2652 4456 σοι
2680 4404 3016 4473 παραστήσω
3034 4402 3122 4456 διὰ
3140 4402 3234 4455 τοῦ
3255 4404 3412 4472 λόγου
3434 4404 3529 4476 τὴν
3549 4406 3740 4477 χάριν.

490 4500 712 4569 cipitur,
752 4517 849 4571 per
880 4501 1223 4573 baptismatis
1272 4504 1735 4574 regenerationem
1778 4505 1835 4558 in
1884 4505 2058 4560 lucem

2166 4487 2334 4559 Οὗτος
2375 4497 2403 4548 6
2428 4495 2583 4557 τόκος
2607 4494 2695 4548 διὰ
2732 4494 2965 4557 πίστεως
2986 4498 3329 4566 κυοφορεῖται
3354 4510 3368 4524 ⁸
3401 4496 3486 4551 διὰ
3513 4498 3616 4567 τῆς
3642 4500 3744 4555 τοῦ

488 4590 691 4657 editur,
724 4592 998 4647 nutricem
1024 4593 1187 4649 habet
1208 4593 1533 4661 Ecelesiam,
1558 4594 1723 4664 hujus
1750 4594 2056 4651 doctrinam

2165 4586 2535 4657 βαπτίσματος
2566 4587 2975 4655 άναγεννήσεως
3022 4589 3101 4650 είς
3132 4586 3247 4655 φῶς
3279 4587 3490 4656 ἄγεταιο
3534 4593 3747 4661 τροφὸς

488 4692 546 4741 et
581 4684 829 4740 instituta
867 4685 1010 4756 sugit
1046 4692 1305 4756 tanquam
1341 4687 1531 4751 ubera,
1572 4688 1649 4741 illi
1689 4687 1929 4743 caelestis
1959 4703 2055 4758 pa-

2163 4677 2352 4731 τούτου
2378 4680 2412 4748 ή
2450 4678 2742 4750 Ἐκκλησία
2773 4678 3000 4745 γίνεται’
3040 4679 3230 4749 μαζὸς,
3279 4680 3348 4733 τὰ
3394 4680 3742 4753 διδάγματα·

488 4774 577 4829 nis
602 4780 686 4828 est
719 4772 875 4829 cibus
910 4792 925 4829 :
956 4775 1135 4831 aetatis
1160 4776 1423 4845 perfectio
1443 4785 1529 4831 est
1563 4776 1814 4831 sublimis
1841 4776 2053 4849 vivendi

2163 4769 2348 4841 τροφὴ,
2376 4772 2405 4823 6
2432 4768 2640 4824 ἄνωθεν
2672 4770 2833 4841 άρτος
2855 4786 2870 4801 ·
2904 4770 3120 4839 ἡλικίας
3156 4771 3448 4836 τελείωσις,
3476 4774 3509 4842 ἡ
3552 4774 3747 4849 ὑψηλὴ

486 4864 653 4928 ratio,
694 4866 896 4935 nuptiae
936 4868 1277 4923 consuetudo
1306 4868 1588 4939 sapientia:
1620 4887 1632 4922 :
1670 4867 1849 4932 liberi,
1895 4882 2054 4936 spes;

2163 4862 2428 4915 πολιτεία·
2459 4863 2709 4932 γάμος,ἡ
2738 4863 2837 4932 τῆς
2876 4863 3065 4932 σοφίας
3086 4862 3385 4933 συμϐίωσις
3404 4881 3419 4896 ο
3456 4866 3649 4930 τέκνα,
3684 4870 3745 4921 αἱ

486 4953 706 5021 domus,
738 4970 996 5026 regnum;
1043 4958 1333 5015 haereditas
1388 4968 1442 5015 et
1495 4959 1795 5030 opulentia,
1849 4959 2058 5015 deliciae

2163 4954 2400 5018 ἐλπίδες*
2436 4949 2595 5017 οἴκοι,
2642 4956 2676 5025 ὴ
2714 4952 2989 5023 βασιλεία·
3034 4953 3235 5023 κλῆρος
3273 4955 3367 5007 καὶ
3407 4954 3667 5021 πλοῦτος,
3706 4962 3743 5029 ἠ

485 5046 764 5118 paradisi;
807 5047 932 5105 linis
962 5064 1071 5105 non
1112 5065 1284 5116 mors,
1315 5050 1413 5108 sed
1435 5051 1546 5107 vita
1578 5052 1693 5117 illa,
1726 5066 1851 5122 quae
1882 5050 2058 5123 dignis

2163 5044 2216 5098 ὲν
2241 5042 2318 5114 τῷ
2358 5043 2671 5115 παραδείσῳ
2715 5043 2912 5114 τρυφήο
2948 5041 3103 5107 τέλος
3134 5042 3211 5105 δὲ,
3243 5044 3370 5097 ἀντὶ
3404 5044 3666 5110 θανάτου,
3704 5051 3740 5117 ἡ

484 5148 677 5209 parata
700 5147 806 5205 est,
828 5140 1143 5197 beatissima
1166 5150 1220 5199 et
1248 5142 1600 5214 sempiterna.
1631 5140 1747 5198 Hoc
1779 5142 1835 5197 in
1865 5141 2058 5198 melius

2163 5135 2330 5198 ἀΐδιος
2349 5134 2483 5204 ζωὴ,
2506 5137 2563 5188 ὲν
2582 5137 2648 5206 τῇ
2666 5133 2997 5205 ὑποκειμένῃ
3019 5136 3129 5198 τοῖς
3157 5134 3332 5203 ἁγίοις
3349 5137 3743 5208 μακαριότητι.

484 5228 932 5285 oommutationis
957 5230 1172 5285 initium
1212 5230 1406 5288 videns
1440 5246 1676 5302 magnus
1715 5232 1808 5288 ille
1846 5230 2056 5287 Zacha-

2163 5226 2376 5297 Ταύτην
2403 5227 2506 5296 ὁρᾷ
2525 5228 2617 5280 καὶ
2641 5228 2671 5280 6
2702 5226 2871 5296 μέγας
2890 5226 3163 5298 Ζαχαρίας
3182 5228 3281 5295 τὴν
3307 5226 3480 5298 ἀρχὴν
3505 5228 3649 5299 πρὸς
3678 5232 3745 5285 τὸ

486 5318 603 5375 rias
645 5320 892 5391 ambigit,
929 5322 1075 5393 quod
1121 5323 1201 5378 illi
1236 5338 1436 5379 nomen
1479 5324 1745 5395 imponat,
1778 5322 2055 5395 quomodo

2163 5318 2362 5387 ἀγαθὸν
2407 5318 2765 5384 ἀλλοιώσεως,
2811 5319 2907 5373 καὶ
2950 5318 3279 5391 ἀμφιϐάλλει
3329 5320 3460 5389 περὶ
3500 5322 3603 5391 τῆς
3637 5323 3741 5377 τοῦ

487 5420 811 5479 praesentem
840 5414 1072 5484 gratiam
1103 5415 1359 5487 appellet.
1391 5416 1624 5483 Etenim,
1669 5432 1793 5472 cum
1836 5430 1901 5472 ea
1932 5430 2055 5486 qua:

2163 5411 2418 5482 ὀνόματος
2461 5410 2725 5481 κλήσεως,
2773 5411 2827 5464 τί
2875 5412 2982 5483 χρὴ
3020 5412 3225 5483 κυρίως
3276 5414 3596 5482 προσειπεῖν
3633 5415 3741 5486 τὴν

561 5617 583 5647 ⁸
612 5617 710 5699 '89;
733 5634 885 5699 ειη,
914 5623 968 5677 7.
1044 5625 1063 5655 ⁷
1093 5621 1197 5699 lsa.
1241 5626 1395 5699 11,6.
1435 5626 1492 5699 ς
1525 5626 1630 5681 lsa.
1657 5643 1772 5690 un,
1807 5629 1875 5699 '7.'
1906 5630 1927 5662 '
1956 5628 2154 5685 Jerem.
2184 5644 2261 5693 XI,
2300 5630 2382 5685 l9.
2460 5630 2504 5661 ¹⁰
2530 5629 2663 5684 ibid.
2741 5628 2779 5661 "
2808 5627 2933 5699 Jon.
2962 5643 3026 5695 ιι,
3061 5627 3085 5683 l
3122 5642 3243 5699 sqq.
3320 5626 3364 5657 "
3394 5623 3585 5681 Matth.
3631 5640 3731 5689 ιιι,

494 5685 582 5742 4οο
658 5689 700 5721 ⁸⁸
732 5690 919 5747 Matth.
952 5696 1199 5759 “11,40.
1278 5695 1322 5728 ἰ
1357 5694 1399 5751 ll
1433 5697 1670 5755 Timoth.
1697 5685 1777 5768 ut,
1809 5698 1895 5756 {6.
2003 5702 2043 5733 ⁸⁸
2068 5685 2331 5767 Βοωίν,
2375 5700 2460 5757 lt.
2540 5700 2759 5756 “Joan.
2800 5715 2838 5767 ι,
2882 5698 2967 5753 l5.
