3842 6438
119 359 224 412 605

1063 361 1131 416 ΙΝ
1176 358 1446 420 CHRISTI
1487 364 2124 426 RESURRECTIONEM
2162 372 2369 431 ORA'I‘.
2409 378 2452 431 l.

3278 384 3385 440 606

118 471 425 565 ἐνεστῶσαν
473 472 652 565 χάριν.
701 474 784 528 Τὰ
824 475 932 548 γὰρ
979 479 1113 534 ἄλλα
1143 482 1210 534 τὰ
1251 485 1382 555 περὶ
1429 486 1490 540 τὸ
1524 487 1731 552 πάθος,

1835 489 2177 546 deruciatus
2231 501 2578 561 ortemque
2635 493 2930 562 pertinent,
2990 498 3382 565 percurrisset,

120 564 375 633 θαύματα
396 564 698 631 διεξελθὼν,
733 568 828 620 καὶ
857 567 1012 623 τοῦτό
1041 587 1172 642 φησι
1206 575 1336 645 περὶ
1383 574 1477 628 τοῦ
1502 577 1694 648 καιροῦ

119 656 345 722 τούτου,
377 659 460 711 ὅτι
495 661 618 727 Οὐχ
665 660 877 729 ἡμέρα,
921 662 1178 732 καίοὺχὶ
1223 666 1360 730 νύξ.
1384 667 1461 720 Δι’
1506 663 1585 722 ὧν
1610 669 1696 722 ἐν-

119 750 416 816 δείκνυται,
445 752 526 803 ὅτι
557 751 736 822 ἡμέρα
768 752 867 822 μὲν
894 753 1161 824 κληθῆναι
1185 757 1245 810 οὐ
1274 757 1515 825 δύναται,
1546 761 1695 832 ἡλίου

123 841 196 911 μὴ
224 842 405 904 ὄντος,
450 841 548 906 νὺξ
576 841 632 895 δὲ
662 843 762 896 οὐκ
799 843 913 897 ἐστι
941 845 1018 915 τῷ
1051 847 1186 917 μηδὲ
1217 849 1407 912 σκότος
1434 847 1593 906 εἶναι.
1625 852 1700 905 Τὸ

121 941 225 1008 γάρ
273 940 466 1002 σκότος
520 939 779 994 ἐκάλεσεν
830 943 858 995 6
910 942 1042 1006 Θεὸς
1095 943 1293 1012 νύκτα,
1344 947 1525 1012 καθώς
1567 964 1700 1021 φησι

123 1030 385 1099 Μωῦσῆς.

204 1123 362 1175 Ἐπεὶ
417 1120 512 1176 οὖν
566 1123 707 1176 κατὰ
764 1123 863 1195 μέν
922 1125 1012 1179 τὸν
1076 1128 1304 1198 χρόνον,
1365 1129 1497 1195 νὺξ,
1563 1130 1704 1186 κατὰ

124 1212 176 1262 δέ
209 1210 274 1263 τὸ
335 1210 472 1280 φῶς,
509 1211 690 1283 ήμέρα
717 1227 732 1241 ⁸
759 1212 949 1266 τούτου
1001 1214 1184 1269 ἕνεκέν
1231 1234 1395 1286 φησιν
1424 1220 1452 1272 6
1484 1221 1706 1290 Προφή-

36 1349 44 1352 _
133 1319 268 1369 τηςο
297 1302 405 1353 Καὶ
429 1303 553 1370 Οὐχ
597 1301 809 1371 ἡμέρα,
858 1304 957 1357 καὶ
983 1305 1119 1374 οὐχί
1153 1305 1289 1371 νύξ.
1317 1308 1379 1360 Ei
1427 1302 1518 1361 οῦν
1566 1309 1704 1380 μήτε

127 1393 243 1459 νὺξ,
271 1393 414 1446 κατὰ
441 1393 534 1446 τὸν
559 1396 842 1465 Προφήτου
871 1396 1048 1464 λόγον,
1085 1398 1114 1450 6
1146 1399 1334 1470 καιρὸς
1354 1393 1507 1463 οὗτός
1536 1391 1704 1467 ἐστιν,

129 1486 258 1539 ἄλλο
319 1503 371 1537 τι
433 1484 585 1556 παρὰ
654 1485 828 1539 ταῦτα
875 1487 1091 1551 πάντως
1151 1489 1184 1557 ὴ
1246 1487 1494 1559 παροῦσα
1550 1490 1710 1562 χάρις

131 1577 248 1629 ἐστὶ
273 1577 367 1630 καὶ
404 1574 749 1647 ὀνομάζεται.
779 1577 1042 1631 Βούλεσθε
1070 1579 1209 1634 εῐπω
1234 1581 1262 1633 ὃ
1290 1580 1663 1652 ἐντεθύμημαι
1690 1598 1707 1649 ;

129 1670 294 1738 Αὕτη
332 1669 505 1723 ἐστὶν
548 1669 739 1738 ἡμέρα
793 1669 872 1739 ἣν
891 1671 1184 1740 ἐποίησεν
1225 1675 1258 1726 ὁ
1285 1675 1499 1742 Κύριος
1522 1690 1537 1705 ⁶
1575 1674 1709 1745 ἄλλη

132 1762 284 1832 παρὰ
310 1762 408 1825 τὰς
439 1763 496 1814 ἐν
521 1763 662 1834 ἀρχῇ
685 1764 832 1816 ἐστιν
859 1762 1018 1834 α’ύτη.
1061 1765 1149 1818 Ἐν
1170 1765 1341 1838 ταύτῃ
1374 1766 1481 1837 γὰρ
1511 1768 1655 1820 ποιεῖ
1684 1769 1713 1820 6

129 1853 265 1915 Θεὸς
310 1857 380 1924 τῇ
434 1854 618 1925 ἡμέρα
660 1854 888 1925 οὐρανὸν
943 1856 1164 1922 καινὸν,
1193 1857 1288 1910 καὶ
1331 1860 1437 1927 γῆν
1484 1857 1711 1928 καινὴν,

131 1911 316 2007 καΘῶς
354 1911 530 2014 ’φησιν
549 1911 604 1995 .6.
626 1911 941 2016 Προφήτης.
975 1946 1132 1998 Ποῖον
1151 1911 1163 1922 1
1191 1911 1452 2016 οὐρανόν;
1482 1945 1542 1999 τὸ
1743 1911 1787 1967 Β

133 2035 329 2107 ρέωμα
366 2036 463 2106 τῆς
520 2037 598 2100 είς
632 2036 862 2108 Χριστὸν
917 2037 1149 2100 πίστεως
1179 2053 1195 2068 ⁸
1233 2037 1393 2091 ποίαν
1440 2037 1586 2108 γῆν;
1617 2038 1715 2110 τὴν

133 2127 354 2196 ἀγαθὴν
407 2126 635 2199 καρδίαν
669 2127 835 2198 φημὶ,
885 2129 1065 2192 καθὼς
1113 2125 1264 2183 εἶπεν
1307 2129 1582 2202 ὁΚύριος,
1619 2131 1718 2200 τὴν

133 2221 238 2290 γῆν
261 2219 369 2291 τὴν
401 2219 659 2273 πίνουσαν
696 2220 788 2273 τὸν
812 2220 899 2272 ἐπ’
931 2222 1068 2293 αὐτῇ
1106 2223 1399 2292 ἐρχόμενον
1422 2223 1596 2287 ὑετὸν,
1627 2224 1720 2276 καὶ

133 2313 226 2364 τὸν
257 2310 524 2380 πολύχουν
561 2310 760 2380 στάχυν
797 2310 1153 2382 ἁδρύνουσαν.
1202 2313 1291 2366 Ἐν
1317 2313 1487 2384 ταύτῃ
1518 2316 1584 2385 τῇ
1609 2313 1722 2368 κτί-

133 2419 244 2465 σει,
275 2401 425 2470 ἥλιος
481 2399 580 2470 μέν
614 2401 760 2454 ἐστιν
788 2401 816 2453 6
859 2400 1097 2472 καθαρὸς
1147 2401 1261 2472 βίος
1297 2420 1311 2435 ο
1339 2402 1514 2475 ἄστρα
1555 2404 1632 2472 δέ,
1664 2405 1722 2458 αἱ

135 2493 363 2561 ἀρεταί·
396 2493 505 2563 ἀὴρ
531 2493 610 2555 δὲ,
646 2494 679 2562 ἡ
704 2493 967 2564 διαφανὴς
997 2495 1239 2547 πολιτεία
1259 2509 1272 2523 °
1293 2494 1536 2549 Θάλασσα
1562 2496 1638 2562 δέ,
1663 2496 1724 2549 τὸ

137 2585 308 2654 βάθος
346 2586 462 2638 ἐστί
486 2584 581 2638 τοῦ
612 2584 840 2637 πλούτου
872 2588 972 2656 τῆς
1011 2587 1201 2655 σοφίας
1223 2605 1284 2640 τε
1311 2588 1403 2642 καὶ
1434 2588 1720 2656 γνώσεωςο

137 2680 271 2730 πόαι
320 2677 413 2730 καὶ
449 2677 826 2748 βλαστήματα,
860 2679 894 2748 ἡ
921 2679 1099 2750 ἀγαθὴ
1152 2679 1470 2734 διδασκαλία
1517 2681 1611 2735 καὶ
1657 2681 1729 2735 τὰ

139 2769 264 2821 Θεία
303 2769 548 2839 δόγματα
569 2811 584 2835 ,
617 2771 760 2842 ἅπερ
789 2773 817 2823 6
844 2771 972 2835 λαὸς
1005 2773 1104 2841 τῆς
1153 2773 1326 2843 νομῆς
1346 2813 1360 2836 ,
1387 2774 1667 2828 τουτέστιν
1692 2776 1726 2845 ἡ

138 2862 349 2933 ποίμνη
372 2863 464 2916 τοῦ
488 2862 623 2916 Θεοῦ
660 2864 973 2935 ἐπινέμεται
992 2880 1008 2896 ο
1039 2865 1233 2936 δένδρα
1254 2866 1309 2919 δὲ
1332 2867 1586 2922 ποιοῦντα
1606 2886 1730 2940 καρ-

140 2958 270 3022 πὸν,
303 2959 336 3027 ή
378 2957 488 3009 τῶν
526 2957 756 3010 ἐντολῶν
795 2957 1046 3029 ἐργασία.
1097 2958 1185 3011 Ἐν
1214 2958 1386 3031 ταύτῃ
1435 2959 1676 3024 κτίζεται
1702 2962 1730 3014 6

139 3047 401 3119 ἀληθινὸς
447 3048 767 3118 ἄνθρωπος,
797 3051 825 3103 ὁ
871 3050 991 3103 κατ’
1025 3049 1210 3104 εἰκόνα
1265 3050 1556 3121 γενόμενος
1597 3051 1729 3104 Θεοῦ

141 3140 251 3192 καὶ
272 3139 549 3210 ὁμοίωσιν.
591 3135 738 3210 τΔρὸι
789 3157 869 3192 σοι
921 3139 981 3192 οὐ
1042 3140 1244 3211 κόσμος
1300 3141 1506 3209 γίνεται
1538 3143 1732 3215 ἡάρχῆ

1801 581 1870 637 de
1899 590 2147 652 tempore
2185 582 2312 646 hoc,
2352 581 2535 652 Neque
2571 583 2706 650 dies,
2744 585 2944 656 inquit,
2981 604 3143 656 neque
3191 590 3384 642 nox".

1803 672 2018 739 Quibus
2051 673 2234 729 verbis
2262 673 2525 736 ostendit,
2567 690 2744 744 neque
2775 677 2942 747 diem,
2989 695 3113 734 cum
3147 681 3229 736 sol
3274 697 3382 735 non

1804 766 1971 829 adsit,
2003 765 2187 822 vocari
2217 780 2402 834 posse,
2432 781 2610 835 neque
2657 777 2899 832 noctem,
2937 786 3061 825 cum
3094 773 3276 827 absint
3307 783 3387 826 te-

1803 855 2009 920 nebrae,
2037 872 2178 928 quas
2199 857 2364 925 Deus,
2398 865 2460 912 ut
2515 857 2694 916 Moses
2717 861 2934 927 scribit,
2964 873 3178 919 noctem
3213 865 3388 919 nomi-

1805 947 2029 1003 navit".

1880 1119 2281 1188 Quamobrem,
2315 1137 2440 1178 cum
2480 1133 2534 1180 et
2563 1141 2673 1181 nox
2703 1127 2977 1191 tenebris.
3017 1136 3072 1184 et
3108 1129 3226 1185 dies
3259 1131 3380 1186 sole

1808 1214 2233 1285 praescribatur,
2271 1217 2539 1286 prapheta
2564 1260 2580 1284 ,
2620 1219 2803 1288 Neque
2843 1220 2992 1286 dies,
3036 1221 3247 1292 inquit,
3293 1239 3387 1277 ne-

1809 1322 1907 1374 que
1939 1321 2064 1359 nox.
2100 1306 2257 1372 Quod
2293 1308 2342 1364 si
2373 1324 2555 1379 neque
2581 1326 2692 1365 nox
2714 1354 2729 1376 ,
2761 1328 2939 1383 neque
2969 1313 3124 1380 dies,
3170 1323 3386 1384 tempus

1812 1393 1916 1448 hoc
1960 1394 2069 1450 dici
2130 1404 2346 1465 potest,
2405 1398 2512 1453 alio
2567 1400 2789 1456 nomine
2848 1402 3100 1471 profecto
3146 1418 3392 1472 praesens

1813 1486 1990 1556 gratia
2057 1494 2142 1542 est
2207 1488 2556 1558 appellanda.
2621 1489 2805 1548 Vultis
2867 1507 3138 1564 exponam
3200 1494 3391 1560 vobis,

1814 1579 1946 1648 quid
1987 1580 2104 1649 ipse
2146 1582 2424 1636 sentiam?
2453 1581 2583 1636 Haec
2619 1592 2697 1638 est
2737 1583 2849 1639 dies
2887 1586 3026 1650 illa,
3076 1603 3236 1657 quam
3267 1587 3393 1656 fecit

1815 1669 2178 1732 Dominus”,
2236 1686 2266 1724 a
2331 1671 2526 1729 diebus
2581 1674 2691 1729 illis
2757 1676 2919 1746 longe
2983 1676 3239 1742 diversa,
3297 1675 3393 1747 qui

1817 1760 2006 1816 mundi
2055 1763 2456 1831 procreationis
2488 1765 2649 1819 initio
2689 1774 2819 1821 sunt
2853 1769 3138 1824 constituti
3161 1767 3222 1841 ,[
3255 1783 3396 1838 quos

1821 1851 2086 1919 temporis
2119 1866 2320 1906 cursus
2345 1853 2646 1908 dimetitur.
2675 1854 2917 1913 Alterius
2962 1857 3081 1911 haac
3116 1865 3202 1912 est
3267 1871 3397 1927 pro-

1815 1941 2116 1998 creationis
2175 1942 2464 2016 initium.]
2520 1944 2577 1998 In
2616 1945 2720 2000 hac
2763 1948 2910 2002 enim
2945 1948 3035 2003 die
3065 1948 3262 2003 coelum
3299 1963 3398 2001 no-

1817 2047 1945 2086 vum
1995 2031 2128 2086 facit
2165 2031 2311 2089 Deus
2364 2041 2418 2088 et
2467 2042 2668 2089 terram
2721 2051 2954 2101 novam,
3007 2047 3068 2093 ut
3127 2040 3204 2093 ait
3264 2037 3400 2093 Pro-

1816 2124 1981 2194 pheta
2010 2125 2080 2177 ὀ.
2144 2125 2372 2196 Ecquod
2410 2127 2652 2182 cmlum?
2682 2129 3083 2186 ﬁrmamentum
3116 2131 3237 2201 ejus
3275 2147 3399 2201 qua:

1820 2215 1875 2271 in
1903 2215 2129 2272 Christo
2165 2228 2251 2274 est
2290 2219 2439 2274 ﬁdei.
2477 2222 2719 2291 Ecquam
2750 2223 2999 2276 terram?
3029 2238 3125 2278 cor
3159 2223 3397 2288 bonum,

1822 2308 2046 2377 inquam
2070 2347 2085 2372 ,
2131 2316 2191 2362 ut
2219 2308 2358 2364 dixit
2387 2310 2653 2369 Dominus
2677 2353 2692 2379 ,
2726 2321 2926 2369 terram
2979 2331 3101 2385 quae
3134 2315 3273 2370 bibit
3307 2332 3402 2371 su-

1823 2414 1923 2469 per
1957 2414 2018 2453 se
2047 2400 2355 2456 venientem
2410 2402 2638 2458 imbrem
2661 2443 2677 2468 ,
2701 2411 2756 2459 et
2788 2405 2998 2474 spicam
3039 2405 3401 2475 multiplicem

1826 2492 2054 2562 parit".
2108 2491 2169 2546 In
2220 2492 2324 2549 hac
2378 2494 2695 2560 creatione,
2759 2497 2841 2550 sol
2892 2497 3111 2566 quidem
3161 2505 3247 2554 est
3291 2498 3403 2551 vita

1828 2582 2062 2647 munda,
2087 2582 2292 2648 stellae,
2328 2583 2598 2651 virtutes;
2632 2599 2749 2650 aer,
2782 2587 3050 2656 praeclara
3104 2601 3406 2642 conversa-

1826 2675 1938 2741 tio;
1975 2689 2147 2736 mare,
2194 2674 2429 2729 altitudo
2466 2675 2804 2742 divitiarum,
2837 2677 3117 2747 sapientia:
3143 2686 3198 2733 et
3222 2679 3404 2733 scien-

1826 2768 1954 2832 tiae;
1999 2765 2181 2819 herbae
2221 2773 2278 2819 et
2323 2765 2570 2834 germina
2598 2805 2614 2828 ,
2650 2766 2793 2819 bona
2844 2766 3134 2831 doctrina,
3187 2765 3406 2820 divina-

1829 2871 1935 2926 que
1979 2855 2342 2921 documenta,
2376 2871 2497 2925 quae
2554 2856 2789 2925 populus
2827 2871 3046 2926 pascuae
3071 2895 3086 2920 ,
3147 2856 3254 2911 hoc
3288 2865 3404 2918 est.

1833 2948 1941 3002 Dei.
1962 2964 2092 3018 grex
2121 2948 2337 3018 carpit,
2372 2954 2538 3018 atque
2579 2947 2932 3017 depascitur;
2965 2947 3194 3003 arbores
3227 2947 3411 3002 feren-

1832 3048 1915 3095 tes
1947 3039 2183 3094 fructum
2210 3078 2224 3103 ,
2251 3039 2635 3094 mandatorum
2681 3038 3020 3094 observatio.
3070 3039 3128 3093 in
3185 3038 3289 3092 hac
3324 3037 3413 3093 die

1831 3148 1996 3188 verus
2039 3132 2203 3187 homo
2251 3140 2577 3202 procreatur
2610 3131 2677 3186 ad
2712 3131 3006 3200 imaginem
3052 3138 3106 3185 et
3148 3130 3412 3186 similitu-

142 3233 315 3302 αῦτη,
360 3232 427 3288 Ἡ
467 3231 677 3301 ἡμέρα,
711 3229 792 3299 ἢν
835 3233 1125 3300 ἐποίησεν
1150 3235 1183 3287 d
1209 3234 1459 3302 K-dptoc;
1504 3235 1636 3305 Περὶ
1665 3232 1731 3308 ἧς

1835 3225 2014 3280 dinem
2048 3225 2162 3281 Dei.
2196 3223 2394 3278 Annon
2424 3223 2661 3279 mundus
2694 3223 2790 3277 tibi
2813 3225 2871 3276 iit
2901 3222 3004 3277 hoc
3038 3221 3401 3292 principium,

143 3343 318 3396 φησιν
363 3326 391 3377 6
424 3325 710 3396 προφήτης
742 3324 1045 3396 Ζαχαρίας,
1078 3327 1159 3378 ὅτι
1209 3323 1332 3378 οὗτε
1371 3325 1554 3398 ἡμέρα
1594 3327 1731 3380 κατὰ

1838 3315 1968 3371 Haec
2002 3315 2143 3381 dies,
2176 3331 2335 3386 quam
2375 3314 2498 3384 fecit
2528 3314 2831 3368 Dominus?
2856 3312 3031 3379 Quam
3064 3328 3245 3383 neque
3269 3312 3414 3368 diem

145 3419 253 3480 τὰς
274 3416 443 3479 ἄλλας
462 3415 692 3486 ἡμέρας,
721 3413 845 3469 οὔτε
873 3416 969 3480 νὺξ
1000 3415 1140 3469 κατὰ
1177 3416 1275 3480 τὰς
1305 3416 1469 3479 ἄλλας
1503 3417 1732 3480 νύκτας.

147 3509 267 3563 Καὶ
303 3507 459 3561 οὔπω
483 3508 546 3560 τὸ
571 3507 842 3579 ἐξαίρετον
868 3511 967 3579 τῆς
987 3507 1266 3578 παρούσης
1293 3507 1510 3578 χάριτος
1535 3511 1564 3561 6
1583 3508 1738 3576 λόγος

150 3600 445 3670 ἐκήρυξεν.
473 3599 622 3670 Αὕτη
661 3598 816 3652 ἔλυσε
847 3598 945 3669 τὴν
985 3599 1080 3652 τοῦ
1122 3598 1352 3652 Θανάτου
1375 3599 1559 3654 ὠδῖνα.
1591 3598 1740 3669 Αὕτη

151 3693 251 3746 τὸν
274 3693 388 3745 τῶν
417 3692 625 3764 νεκρῶν
662 3692 1000 3763 πρωτότοκον
1034 3686 1384 3762 ἐμαιεύσατο.
1433 3692 1520 3746 Ἐν
1567 3691 1740 3762 ταύτῃ

156 3783 562 3854 συνετρίϐησαν
611 3784 666 3837 αἱ
715 3783 935 3852 σιδηραῖ
982 3782 1076 3836 τοῦ
1135 3783 1366 3836 Θανάτου
1416 3783 1600 3838 πύλαι.
1657 3784 1745 3835 Ἐν

155 3878 336 3945 ταύτῃ
391 3876 441 3927 oi
488 3874 678 3944 χαλκοῖ
719 3875 813 3928 τοῦ
863 3875 990 3946 ᾅδου
1047 3876 1232 3946 μοχλοὶ
1286 3875 1742 3946 συνεθλάσθησαν.

160 3967 281 4020 Νῦν
304 3966 584 4035 ἀνοίγεται
615 3966 710 4019 τοῦ
734 3966 965 4021 θανάτου
987 3967 1048 4020 τὸ
1078 3968 1466 4039 δεσμωτήριον.
1500 3967 1614 4020 Νῦν
1649 3985 1749 4037 κη-

163 4061 433 4132 ρύσσεται
480 4062 590 4123 τοῖς
642 4060 1006 4130 αἰχμαλώτοις
1050 4062 1082 4129 ἡ
1117 4060 1329 4130 ἄφεσις.
1381 4061 1495 4114 Νῦν
1542 4060 1749 4129 γίνεται

162 4155 280 4215 τοῖς
315 4151 539 4220 τυφλοῖς
593 4151 972 4222 ήὰνάὸλεψις.
1024 4151 1138 4204 Νῦν
1171 4155 1282 4215 τοῖς
1327 4154 1386 4204 ἐν
1434 4152 1614 4206 σκότει
1659 4151 1752 4207 καὶ

165 4243 302 4312 σκιᾷ
357 4240 589 4296 Θανάτου
639 4242 989 4312 καθημένοις,
1013 4244 1046 4312 ἡ
1075 4242 1134 4306 ἐξ
1175 4242 1342 4311 ὕψους
1377 4243 1608 4315 ἀνατολὴ
1638 4247 1753 4298 ἐπι-

169 4336 491 4388 σκέπτεται.
516 4333 781 4387 Βούλεσθέ
808 4351 861 4386 τι
888 4333 982 4386 καὶ
1015 4335 1143 4403 περὶ
1173 4334 1270 4404 τῆς
1292 4334 1592 4405 τριημέρου
1620 4353 1753 4402 προ-

1837 3424 1961 3464 esse
1990 3406 2122 3462 dicit
2165 3407 2434 3478 propheta
2508 3405 2706 3461 diebus
2732 3405 2857 3460 aliis
2883 3444 2898 3470 ,
2963 3419 3144 3476 neque
3195 3412 3415 3459 noctem

1839 3500 1964 3554 aliis
2013 3498 2268 3554 noctibus
2303 3497 2583 3551 similem?
2632 3494 2738 3550 Sed
2795 3493 2941 3564 quod
2994 3493 3050 3548 in
3088 3493 3192 3548 hac
3242 3493 3419 3564 gratia

1839 3589 2355 3662 prmstantissimum
2399 3599 2521 3653 est,
2552 3587 2797 3643 nondum
2833 3585 3248 3656 explicavimus.
3294 3582 3420 3638 Haec

1843 3680 2036 3735 mortis
2086 3679 2304 3734 dolores
2355 3678 2628 3734 dissolvit.
2661 3675 2788 3732 Haec
2817 3685 3160 3731 mortuorum
3216 3675 3420 3746 primo-

1843 3772 2085 3843 genitum
2132 3771 2324 3827 edidit.
2352 3770 2412 3826 ln
2457 3770 2561 3825 hac
2617 3769 2803 3825 ferreae
2842 3770 3034 3825 mortis
3089 3776 3258 3838 porta:
3292 3782 3421 3821 con-

1847 3865 2035 3920 fractae
2071 3873 2220 3920 sunt.
2263 3863 2322 3919 in
2362 3863 2464 3918 hac
2518 3863 2645 3918 terei
2694 3862 2994 3917 inferorum
3048 3869 3229 3916 vectes
3279 3874 3423 3914 com-

1848 3957 2070 4012 minuti.
2108 3954 2267 4010 Nunc
2301 3954 2497 4008 mortis
2521 3967 2709 4008 carcer
2737 3952 3004 4021 aperitur.
3035 3949 3194 4005 Nunc
3244 3950 3423 4020 capti-

1849 4049 1938 4103 vis
1973 4048 2199 4104 libertas
2222 4045 2601 4102 denuntiatur.
2633 4042 2791 4098 Nunc
2815 4043 2976 4099 cazcis
3002 4043 3220 4098 videndi
3243 4042 3417 4095 facul—

1851 4150 1938 4197 tas
1971 4142 2264 4212 praebetur.
2298 4138 2454 4194 Nunc
2507 4138 2693 4194 oriens
2730 4152 2796 4192 ex
2831 4137 2942 4192 alto
2977 4136 3164 4191 invisit
3193 4151 3292 4192 eos
3328 4137 3426 4205 qui

1853 4235 1912 4288 in
1943 4233 2185 4289 tenebris
2230 4240 2286 4287 et
2328 4231 2524 4286 umbra
2564 4230 2762 4285 mortis
2804 4229 3184 4285 considebant.
3247 4227 3430 4284 Vultis

1855 4325 2018 4382 etiam
2050 4323 2117 4379 de
2149 4323 2317 4378 tridui
2377 4321 2647 4394 praeﬁnito
2677 4322 2913 4376 termino
2964 4319 3174 4390 aliquid
3225 4319 3429 4380 intelli-

171 4425 409 4496 Θεσμίας
434 4424 623 4496 μαθεῖν
645 4441 660 4489 ;
693 4425 879 4494 Ἀρκεῖ
905 4424 1156 4478 τοσοῦτον
1192 4425 1402 4495 μαθεῖν,
1421 4427 1503 4479 ὅτι
1530 4427 1588 4478 ἐν
1615 4425 1731 4479 οὔτι

1856 4416 2182 4489 gere‘Hllud
2214 4415 2422 4472 dixisse
2457 4415 2705 4472 contenti
2762 4414 2972 4479 simus,
3014 4423 3125 4468 tam
3172 4412 3430 4484 exiguum
3505 4435 3513 4443 -

169 4519 342 4588 ὀλίγῳ
374 4517 454 4588 τῷ
486 4516 720 4589 χρονικῷ
750 4516 1093 4587 διαστήματι,
1120 4517 1403 4586 ἥρκεσενή
1433 4517 1760 4571 παντοδύναο

1860 4510 2121 4580 temporis
2160 4508 2400 4579 spatium
2441 4507 2610 4565 fuisse
2642 4509 2813 4572 satis,
2848 4517 2907 4561 ut
2935 4506 3286 4575 omnipotens
3341 4519 3432 4558 sa-

175 4629 278 4681 μος
298 4609 464 4678 σοφία
489 4611 548 4662 ἐν
576 4611 642 4679 τῇ
685 4609 881 4680 καρδίᾳ
912 4609 1010 4678 τῆς
1046 4607 1148 4677 γῆς
1186 4610 1448 4679 γενομένη
1473 4611 1501 4662 6
1533 4608 1731 4679 Κύριος

1863 4593 2067 4673 pientia
2123 4602 2179 4656 in
2239 4602 2406 4657 corde
2442 4609 2604 4656 terrae
2664 4601 2943 4657 exsistcns
2977 4612 3230 4671 magnam
3284 4596 3434 4650 illam

171 4705 268 4757 τὸν
294 4703 468 4772 μέγαν
499 4702 704 4754 ἐκεῖνον
730 4699 855 4752 νοῦν
896 4700 986 4753 τὸν
1022 4703 1078 4752 ἐν
1109 4701 1242 4771 αὐτῇ
1270 4699 1626 4770 διαιτώμενον
1662 4717 1731 4753 κα

1862 4707 2100 4750 mentem
2154 4695 2210 4748 in
2239 4709 2306 4750 eo
2338 4694 2674 4748 habitantem
2737 4693 2960 4748 stultam
3019 4690 3291 4746 redderet.
3344 4686 3435 4740 Sic

174 4793 527 4863 ταμωρᾶναι.
561 4791 717 4845 Οῦτω
744 4791 852 4862 γὰρ
881 4792 910 4844 ὁ
943 4791 1239 4862 Προφήτης
1263 4792 1426 4845 αὑτὸν
1452 4793 1759 4861 κατονομάη

177 4885 263 4948 ζει
289 4925 304 4946 ,
343 4884 517 4954 μέγαν
568 4881 693 4934 νοῦν
752 4883 913 4936 αὐτὸν
962 4882 1250 4936 ἀποκαλῶν
1311 4883 1407 4936 καὶ
1461 4882 1761 4956 Ἀσσύριον-

1860 4787 2007 4842 enim
2038 4785 2192 4840 illum
2242 4786 2490 4839 nominat
2526 4783 2798 4855 PrOpheta
2823 4824 2838 4847 ,
2886 4796 3138 4853 magnam
3196 4788 3436 4834 mentem

1862 4879 2015 4932 illum
2069 4885 2124 4932 et
2180 4876 2468 4947 Assyrium
2503 4876 2784 4946 appellans
2805 4877 2872 4928 ”.
2936 4873 3210 4940 Quoniam
3273 4869 3435 4938 igitur

190 4974 352 5028 Ἐπεὶ
400 4969 493 5026 οὖν
526 4971 677 5024 ἐστία
701 4972 784 5035 τίς
814 4974 930 5024 ἐστι
952 4970 1047 5026 τοῦ
1085 4970 1234 5044 νοῦή
1266 4972 1460 5043 καρδία
1479 4973 1566 5043 (ἐν
1593 4973 1731 5026 ταύτπ

1862 4970 2199 5026 domicilium
2258 4968 2535 5039 quoddam
2571 4968 2772 5024 mentis
2801 4976 2887 5024 est
2919 4982 3054 5032 cor;
3090 4966 3144 5019 in
3181 4977 3248 5017 eo
3292 4960 3438 5015 enim

177 5068 294 5137 γὰρ
325 5065 387 5118 τὸ
419 5064 748 5136 ἡγεμονικὸν
776 5061 915 5116 εἶναι
949 5063 1306 5133 πιστεύεται),
1330 5065 1416 5119 διὰ
1439 5066 1594 5119 τοῦτο
1626 5067 1768 5135 γίνε-

1868 5065 2218 5137 principatus
2265 5064 2438 5118 animi
2479 5079 2602 5120 esse
2625 5062 2869 5118 creditur
2899 5079 2913 5114 :
2946 5058 3152 5113 idcirco
3177 5054 3440 5109 Dominus

176 5177 275 5215 ται
305 5161 362 5212 ἐν
386 5161 451 5229 τῇ
485 5158 682 5228 καρδίᾳ
719 5157 819 5227 τῆς
871 5157 976 5227 γῆς
1016 5159 1045 5210 6
1099 5157 1321 5229 Κύριος,
1363 5159 1484 5228 ἥτις
1511 5160 1626 5211 ἐστὶ
1676 5176 1731 5212 το

1869 5167 2052 5213 manet
2080 5158 2134 5212 in
2165 5157 2330 5212 corde
2355 5165 2551 5218 terrae,
2593 5154 2686 5210 ubi
2721 5161 2806 5209 est
2831 5151 3032 5205 mentis
3078 5146 3229 5201 illius
3275 5144 3439 5198 caele-

182 5253 282 5306 νοῦ
348 5251 560 5304 ἐκείνου
601 5251 849 5320 οὐράνιον
885 5250 1201 5320 ἐνδιαίτημα
1222 5267 1235 5280 ·
1275 5250 1415 5305 ὥστε
1449 5251 1548 5322 τὴν
1583 5250 1731 5321 βουλὶ

1872 5259 1956 5305 ste
1977 5249 2341 5313 domicilium,
2378 5257 2440 5303 ut
2475 5247 2770 5303 consilium
2805 5242 2926 5312 ejus
2961 5239 3192 5295 stultum
3223 5234 3439 5299 reddat,

183 5341 362 5396 αὐτοῦ
390 5343 660 5412 μωρᾶναι,
686 5340 867 5403 καθὼς
900 5341 1237 5412 ὁΙΙροφήτης
1270 5343 1422 5411 φησὶ,
1456 5343 1551 5395 καὶ
1574 5341 1774 5412 δράξα-

187 5433 322 5487 σθαι
353 5431 443 5484 τὸν
471 5431 632 5500 σοφὸν
662 5431 720 5482 ἐν
748 5433 815 5501 τῇ
869 5432 1174 5503 πανουργίᾳ
1197 5432 1360 5485 αὐτοῦ
1392 5433 1483 5486 καὶ
1523 5433 1774 5504 περιτρέ-

187 5525 295 5594 ψαι
341 5522 490 5592 αὐτῷ
545 5521 680 5592 πρὶς
718 5523 777 5575 τδ
806 5522 1046 5576 ἐναντίον
1085 5523 1154 5577 τὰ
1198 5525 1335 5592 σοφὰ
1380 5527 1769 5595 ἐγχειρήματα.

1875 5348 1935 5395 ιιι
1990 5340 2068 5394 ait
2134 5342 2445 5411 prOpheta,
2506 5351 2558 5394 et
2608 5334 2983 5408 apprehendat
3048 5330 3323 5401 sapientes
3387 5327 3442 5382 in

1879 5435 2082 5488 astutia
2129 5448 2318 5488 eorum
2343 5433 2424 5500 ³³,
2458 5440 2512 5488 et
2551 5431 2824 5501 sapientes
2851 5427 3097 5495 ipsorum
3130 5429 3360 5476 conatus
3388 5419 3443 5473 in

1881 5525 2219 5578 contrarium
2267 5532 2467 5579 vertat.
2495 5522 2632 5577 Nam
2669 5519 2798 5590 quia
2830 5517 2944 5572 ﬁeri
2976 5529 3086 5569 non
3131 5519 3346 5584 poterat
3385 5517 3444 5566 ut

207 5614 434 5684 Ἐπειδὴ
465 5612 573 5683 γὰρ
615 5614 894 5683 ἀμήχανον
922 5609 990 5683 ἦν
1016 5613 1106 5667 τὸν
1141 5615 1372 5686 ἄρχοντα
1419 5615 1513 5669 τοῦ
1551 5616 1731 5669 σκότον.

1882 5619 2136 5690 princeps
2187 5618 2532 5673 tenebrarum
2604 5627 2808 5668 meram
2845 5609 3021 5664 *lucis
3087 5603 3438 5676 praesentiam

279 5729 320 5758 ’⁷
352 5726 516 5781 Zach.
539 5743 648 5787 xlv,
674 5727 727 5782 7.
810 5726 851 5758 ⁸⁸
881 5723 1015 5780 Gen.
1054 5743 1092 5786 ι,
1127 5728 1178 5782 5.
1260 5730 1301 5761 ¹⁹
1326 5729 1466 5786 Psal.
1503 5745 1668 5793 cxvn,
1699 5731 1786 5788 SM.

196 5799 250 5840 ”
274 5798 381 5854 lsa.
419 5814 565 5865 uix,
594 5799 675 5852 Η.
754 5797 798 5828 ’⁸
833 5795 934 5852 Job
969 5814 1018 5862 v,
1054 5798 1135 5856 13,.

1889 5729 2331 5797 '°lsa.1.xv,l7.
2428 5731 2470 5762 “
2514 5727 2617 5785 lsa.
2652 5741 2760 5790 ιιι,
2822 5723 2906 5778 Η.
3001 5723 3044 5753 ³⁸
3081 5719 3187 5780 lsa.
3247 5731 3302 5784 x,
3340 5715 3442 5785 ﬂ;
