3842 6404
449 288 558 339 6οἰ

1686 288 1741 342 S.
1781 284 2107 343 GREGORII
2146 286 2416 344 NYSSEN
2423 289 2444 344 ι

3608 286 3711 342 608

456 401 782 471 attingeret,
831 402 936 457 nisi
993 412 1203 474 partem
1253 408 1492 478 aliquam
1551 408 1739 464 carnis
1790 407 1845 462 in
1911 407 2027 477 ipsa

2132 405 2356 476 ἀκράτῳ
2378 403 2673 477 προσμίξαι
2707 409 2772 477 τῇ
2805 403 2898 459 τοῦ
2924 404 3098 474 φωτὸς
3127 403 3416 475 παρουσίᾳ,
3451 403 3526 473 μὴ
3580 419 3709 474 σαρ-

454 493 870 562 conspexisset,
927 494 1166 562 idcirco,
1203 507 1558 570 posteaquam
1608 500 1851 554 divinam
1907 513 2032 552 car-

455 598 578 636 nctn
614 582 784 648 vidit,
832 591 887 637 et
923 599 1010 640 res
1053 587 1408 646 admirandas
1459 606 1580 661 quae
1614 606 1710 660 per
1758 590 1934 660 ipsam
2000 604 2032 644 ιι

455 673 740 728 divinitate
775 671 1186 743 eﬂiciebautur,
1229 681 1459 751 aspexit,
1493 682 1768 751 speravit,
1823 697 1920 745 se,
1979 681 2025 736 si

456 774 633 820 morte
665 780 896 822 carnem
926 768 1230 834 aliecissct,
1266 787 1480 827 omnem
1522 775 1687 828 etiam
1724 774 1983 828 virtutem
2006 811 2023 838 ,

453 872 577 926 qua:
608 857 662 910 in
712 858 829 928 ipsa
877 869 1038 928 erat,
1070 869 1478 931 superaturum.
1515 863 1704 933 Itaque
1767 863 1896 917 dum
1944 863 2032 918 in-

457 950 614 1005 hians
635 950 703 1004 ad
759 953 945 1008 carnis
993 968 1175 1008 escam
1214 956 1461 1025 aspirat,
1510 954 1815 1010 divinitatis
1864 955 2031 1009 hamo

455 1043 756 1100 transﬁxus
783 1055 902 1111 est,
939 1055 1102 1116 atque
1129 1047 1202 1100 ita
1226 1045 1394 1101 draco
1447 1060 1544 1115 per
1570 1047 1795 1104 hamum
1829 1046 2029 1103 ductus

453 1143 653 1198 est,ut
675 1137 746 1190 ait
777 1134 912 1200 Job,
955 1137 1050 1206 qui
1085 1154 1180 1207 per
1224 1153 1312 1201 se,
1367 1137 1515 1208 quod
1572 1137 1820 1193 futurum
1874 1149 2027 1206 erat,

458 1226 866 1294 praenuntians,
912 1228 1124 1291 Hamo,
1183 1227 1393 1298 inquit,
1453 1228 1734 1285 draconem
1776 1229 1933 1284 duces
1957 1231 2024 1286 “.

457 1314 760 1371 Audiamus
788 1326 966 1390 autem
995 1334 1026 1370 a
1077 1319 1338 1388 propheta
1360 1357 1376 1383 ,
1414 1335 1664 1389 quamam
1715 1331 1872 1375 erant
1922 1337 1987 1377 ea
2008 1361 2024 1386 ,

457 1422 578 1475 quae
611 1421 708 1460 cor
761 1408 908 1464 istud
943 1417 1106 1466 terra:
1158 1409 1423 1468 adversus
1485 1413 1803 1468 universum
1853 1413 2028 1469 inibat

458 1496 724 1559 consilia,
788 1511 913 1549 cum
969 1497 1232 1559 adversus
1283 1497 1498 1554 Domini
1545 1515 1796 1555 carnem.
1841 1499 2027 1556 fauces

457 1587 693 1655 aperuit.
736 1584 876 1652 Quid
918 1587 974 1641 in
1026 1604 1152 1642 eum
1183 1589 1318 1644 dicit
1369 1587 1577 1657 Isaias,
1632 1592 1781 1646 illius
1839 1592 2026 1647 redar-

2137 497 2232 561 κός
2274 513 2394 552 τινα
2449 499 2640 568 μοῖραν
2691 498 3042 569 θεωρήσαντα
3079 495 3137 547 ἐν
3173 495 3351 564 ἐαυτῷ
3387 511 3399 524 ο
3428 494 3518 548 διὰ
3551 493 3710 548 τοῦτο

2135 589 2211 652 ὡς
2231 588 2337 644 εἶδε
2361 589 2457 661 τὴν
2482 589 2745 660 ,θεοφόρον
2776 590 2975 659 σάρκα,
2999 585 3106 642 εἶδε
3148 588 3205 641 δέ
3233 589 3329 642 καί⁵
3354 587 3424 641 τὰ
3451 587 3585 658 παρ’
3611 588 3712 640 αύο

2133 680 2231 751 τῆς
2255 681 2620 752 ἐνεργούμενα
2656 683 2756 751 τῆς
2786 679 3036 751 θεότητος
3067 679 3341 750 θαύματα,
3373 679 3626 750 ἧλπισεν,
3661 679 3708 731 εί

2133 769 2232 840 τῆς
2266 771 2464 843 σαρκὸς
2504 771 2591 824 διὰ
2616 770 2711 824 τοῦ
2763 769 2996 824 Θανάτου
3040 772 3363 842 κρατήσειε,
3397 771 3491 823 καὶ
3525 770 3711 839 πάσης

2131 862 2230 932 τῆς
2257 865 2314 914 ἐν
2339 863 2474 932 αὐτῇ
2507 863 2804 934 κρατήσειν
2845 861 3144 932 δυνάμεως.
3178 863 3288 915 Καὶ
3329 861 3519 915 τούτου
3551 862 3711 932 χάριν

2131 953 2191 1006 τὸ
2217 954 2314 1024 τῆς
2364 954 2563 1026 σαρκὸς
2591 955 2781 1026 δέλεαρ
2826 954 3131 1026 περιχανὼν
3150 995 3163 1017 ,
3193 953 3269 1024 τῷ
3322 954 3421 1022 τῆς
3454 952 3710 1021 θεότητος

2131 1043 2411 1114 ἀγκίστρῳ
2449 1044 2781 1114 περιεπάρη,
2811 1043 2906 1096 καὶ
2943 1040 3115 1105 οὕτως
3141 1041 3281 1112 ἤχθη
3307 1041 3338 1094 ὁ
3368 1039 3589 1108 δράκων
3620 1038 3710 1091 διὰ

2129 1133 2224 1188 τοῦ
2257 1134 2552 1205 ἀγκίστρου
2569 1176 2584 1199 ,
2619 1134 2799 1198 καθώς
2827 1151 2988 1205 φησιν
3015 1137 3044 1188 ὁ
3096 1131 3233 1197 Ἰὼϐ,
3255 1135 3283 1186 ὁ
3312 1131 3709 1204 προαναφωνή-

2135 1241 2232 1288 σας
2275 1225 2341 1278 δι’
2375 1225 2538 1279 αὑτοῦ
2587 1226 2647 1279 τὸ
2686 1225 2942 1296 ἐσόμενον
2969 1267 2985 1292 ,
3019 1225 3218 1294 λέγων,
3246 1227 3327 1278 ὅτι
3370 1225 3573 1289 Ἀξεις
3603 1223 3710 1277 τὸν

2132 1314 2426 1383 δράκοντα
2469 1317 2540 1370 ἐν
2592 1317 2908 1388 ἀγκίστρῳ.
2946 1317 3292 1385 Ἀκούσωμεν
3333 1315 3391 1368 δέ
3429 1315 3582 1385 παρὰ
3610 1315 3709 1380 τῆς

2129 1405 2223 1459 τοῦ
2246 1407 2532 1478 Προφήτου
2566 1409 2750 1481 φωνῆς
2773 1451 2788 1475 ,
2822 1409 2946 1463 τίνα
2979 1403 3072 1479 ἦν,
3105 1407 3142 1462 ἃ
3174 1408 3208 1478 ἡ
3243 1405 3439 1478 καρδία
3472 1407 3575 1475 τῆς
3606 1405 3709 1473 γῆς

2130 1497 2266 1564 αὕτη
2295 1499 2440 1553 κατά
2482 1498 2577 1552 τοῦ
2633 1499 2836 1564 παντὸς
2868 1499 3257 1564 ἐϐουλεύσατο,
3281 1499 3370 1552 ὅτε
3415 1495 3562 1550 κατά
3611 1499 3709 1565 τῆς

2130 1589 2334 1660 σαρκὸς
2370 1589 2463 1643 τοῦ
2489 1591 2698 1661 Κυρίου
2728 1591 2791 1645 τὸ
2813 1591 2988 1662 στόμα
3033 1590 3232 1662 ἤνοιξε.
3264 1589 3330 1642 Τί
3371 1588 3523 1657 λέγει
3573 1586 3708 1657 πρὸς

455 1693 628 1746 guens
662 1680 941 1751 cogitata?
971 1679 1048 1734 Tu
1090 1679 1278 1734 dixisti
1305 1682 1361 1735 in
1379 1682 1535 1737 corde
1565 1693 1655 1738 tuo
1684 1701 1703 1738 :
1739 1682 1807 1738 In
1837 1685 2025 1738 coelum

2132 1677 2294 1732 αὑτὸν
2338 1679 2566 1746 Ἡσαΐας
2599 1681 2834 1752 ἐλέγχων
2857 1682 3016 1736 αὐτόν
3034 1700 3048 1747 ;
3069 1681 3154 1736 Σὺ
3171 1676 3344 1746 εἶπας
3366 1680 3437 1734 ἐν
3458 1679 3535 1747 τῇ
3569 1695 3708 1746 καρ-

455 1768 777 1832 ascendam,
815 1785 972 1838 super
1011 1781 1161 1825 astra
1199 1772 1316 1828 coeli
1361 1788 1556 1840 ponam
1603 1774 1797 1829 solium
1857 1791 2027 1829 meum

2132 1765 2231 1836 δίᾳ
2268 1784 2382 1824 σου
2407 1787 2420 1802 ·
2465 1772 2569 1837 Είς
2613 1746 3433 1840 τὸκ’τοῠρανὸνίάναὸ³ήσομαι
3458 1809 3474 1833 ,
3505 1746 3710 1823 ἐπάνω

455 1861 731 1929 (sedeboin
755 1873 928 1916 monte
976 1863 1187 1918 excelso
1229 1881 1392 1934 supra
1412 1866 1572 1920 nubes
1632 1867 2030 1938 conscendam),

449 1961 502 2006 et
533 1969 621 2007 ero
652 1953 843 2008 similis
876 1955 1154 2009 Altissimo
1178 1957 1247 2010 ".
1287 1956 1414 2012 Haec
1450 1975 1639 2014 secum
1702 1962 2032 2016 sceleratum

453 2061 550 2099 cor
583 2047 882 2116 cogitabat.
916 2047 1058 2104 Ante
1097 2065 1264 2114 vero,
1321 2053 1453 2121 quid
1509 2068 1704 2124 magna
1741 2054 1834 2109 illa
1877 2070 2032 2110 mens

453 2135 509 2188 in
552 2137 800 2203 malitia,
857 2139 990 2208 quid
1046 2140 1335 2210 improbus
1386 2143 1478 2198 ille
1527 2145 1791 2215 Assyrius
1843 2160 2031 2202 secum

455 2223 573 2292 ipse
597 2224 913 2293 loqueretur
937 2269 952 2293 ,
979 2243 1045 2282 ex
1065 2227 1219 2284 lsa'ia:
1252 2231 1382 2286 item
1412 2233 1592 2289 verbis
1618 2235 2026 2306 intelligamus:

455 2315 611 2378 Dixi,
637 2315 977 2374 Fortitudine
1027 2337 1214 2376 manus
1253 2340 1379 2378 mea:
1404 2324 1602 2393 faciam
1625 2367 1641 2393 ,
1669 2337 1719 2381 et
1748 2328 2032 2396 prudentia

452 2407 727 2472 sapientia:
743 2425 870 2463 mea:
906 2412 1155 2466 terminus
1187 2414 1418 2482 gentium
1455 2415 1735 2485 auferam,
1780 2426 1830 2471 et
1873 2416 2030 2486 forti-

454 2499 688 2553 tudinem
731 2517 911 2554 eorum
937 2504 1252 2570 prwdabor,
1280 2517 1331 2560 et
1366 2509 1671 2561 concutiam
1727 2511 1881 2564 urbes
1930 2510 2032 2565 Ita-

453 2593 650 2644 bitatas
670 2631 684 2654 ,
717 2603 764 2646 et
799 2594 977 2648 orbem
1003 2607 1274 2654 terrarum
1306 2599 1608 2654 universum
1654 2610 1914 2671 tanquam
1945 2607 2031 2658 ni-

453 2682 577 2735 rluni
609 2686 1073 2754 comprehendam,
1098 2697 1147 2741 et
1187 2698 1442 2760 tanquam
1485 2709 1585 2747 ova
1633 2693 1886 2751 derelicta
1927 2698 2030 2752 tol-

454 2773 590 2838 lam,
627 2785 676 2828 et
702 2793 806 2830 non
833 2780 934 2832 erit
972 2781 1061 2850 qui
1091 2781 1332 2851 .eﬁ'ugiat
1378 2801 1487 2847 me,
1555 2795 1652 2840 aut
1694 2789 2028 2845 contradicat

2137 1861 2257 1915 τῶν
2296 1862 2569 1931 νεφελῶν
2598 1862 2766 1931 θήσω
2817 1862 2925 1917 τὸν
2947 1864 3163 1932 θρόνον
3197 1879 3336 1932 μου,
3364 1861 3464 1916 καί
3490 1861 3708 1930 ἔσομαι

2133 1953 2333 2023 ὅμοιος
2365 1953 2445 2019 τῷ
2499 1955 2789 2024 Ὑψίστῳ.
2833 1953 3018 2010 Ταῦτα
3047 1957 3080 2027 ή
3114 1954 3326 2026 πονηρά
3355 1954 3554 2026 καρδία
3583 1953 3706 2008 καθ’

2133 2045 2330 2116 ἑαυτῆς
2359 2045 2738 2101 ἐϐουλεύσατο.
2758 2046 2869 2100 Καὶ
2897 2045 2978 2098 ἔτι
3010 2045 3118 2117 πρὸ
3137 2045 3361 2108 τούτων,
3383 2046 3410 2097 ὁ
3447 2043 3622 2114 μέγας
3653 2044 3711 2093 ὲν

2132 2135 2301 2206 κακίᾳ
2321 2134 2512 2206 νοῦς,ό
2544 2136 2778 2207 πονηρὸς
2815 2135 3117 2206 ’Λσσύριος,
3139 2132 3226 2189 οἷα
3253 2135 3389 2207 πρὸς
3415 2134 3582 2188 αὑτὸν
3623 2133 3711 2187 δι·-

2131 2226 2300 2298 εξῄει,
2346 2227 2666 2299 ἀκούσωμεν
2698 2227 2858 2282 πάλιν
2891 2231 2956 2282 ἐκ
2984 2228 3084 2299 τῆς
3129 2228 3349 2282 Ἡσαΐου
3379 2227 3564 2298 φωνῆς
3583 2242 3598 2257 ο
3637 2228 3712 2280 ’Δ

2131 2323 2262 2382 εἷπε
2285 2345 2301 2360 ο
2333 2327 2418 2397 Τῇ
2461 2330 2637 2398 ισχύτ
2675 2327 2783 2397 τῆς
2833 2327 3030 2398 χειρός
3059 2341 3178 2394 μου
3210 2318 3594 2387 ποιήσω,καὶ
3629 2315 3713 2385 τῇ

2131 2421 2319 2489 σοφίᾳ
2351 2419 2462 2488 τῆς
2493 2420 2800 2486 συνέσεως
2827 2417 3030 2488 ἀφελῶ
3057 2416 3186 2484 ὅρια
3223 2412 3431 2479 ἐθνῶν,
3472 2411 3568 2464 καί
3593 2409 3715 2478 τὴν

2135 2511 2318 2579 ἰσχὺν
2339 2510 2538 2565 αὐτῶν
2565 2511 2975 2581 προνομεύσω,
2995 2507 3102 2562 καὶ
3125 2509 3312 2561 σείσω
3335 2506 3544 2569 πόλεις
3570 2517 3714 2556 κατ-

2130 2603 2504 2673 οικουμένας,
2560 2603 2660 2658 καὶ
2702 2603 2818 2672 τὴν
2845 2599 3205 2670 οἰκουμένην
3247 2596 3399 2664 ὅλην
3440 2595 3712 2660 καταλή-

2130 2695 2320 2762 ψομαι
2365 2694 2448 2760 ὠς
2485 2694 2750 2748 νοσσίαν
2770 2733 2786 2759 ,
2815 2692 2913 2746 καί
2944 2692 3024 2757 ὠς
3064 2687 3575 2757 καταλελειμμένα
3621 2686 3713 2739 ὠὰ

2130 2784 2273 2855 ἀρῶ,
2300 2786 2397 2840 καὶ
2427 2788 2539 2841 οὐκ
2560 2786 2732 2839 ἔστιν
2755 2784 2823 2851 ὃς
2863 2781 3240 2853 διαφεύξπαί
3260 2798 3357 2850 με,
3378 2781 3416 2848 ἢ
3452 2778 3707 2846 ἀντείπῃ

453 2865 664 2920 mihi".
705 2867 816 2924 llac
850 2871 939 2925 ille
999 2887 1096 2941 spe
1143 2864 1428 2946 deceptus,
1493 2892 1617 2932 eum
1657 2880 1752 2949 qui
1807 2891 2027 2951 propter

2132 2894 2249 2946 μοι.
2281 2878 2436 2932 Μετά
2474 2877 2679 2948 ταύτης
2707 2877 2808 2946 τῆς
2838 2875 3049 2939 ἐλπίδος
3077 2874 3290 2944 δέχεται
3321 2873 3378 2925 ἐν
3404 2869 3581 2940 ἐαυτῷ
3610 2870 3710 2922 τὸν

452 2969 608 3008 suam
636 2973 764 3029 erga
789 2975 962 3030 genus
987 2961 1291 3018 humanum
1323 2966 1763 3024 benevolentiam
1782 2971 1836 3025 in
1859 2974 2024 3028 terris

2132 2968 2220 3028 διὰ
2267 2969 2674 3042 φιλανθρωπίαν
2713 2969 2826 3032 τοῖς
2875 2967 3024 3022 κάτω
3069 2966 3502 3066 ἐπιδημήσαντα.
3535 2963 3602 3014 Τί
3641 2962 3711 3066 δὲ

453 3047 741 3104 nobiscum
777 3053 1136 3120 versabatur,
1169 3055 1224 3109 in
1258 3071 1318 3112 sc
1347 3060 1616 3130 suscepit.
1651 3059 1855 3117 Verum
1878 3079 2025 3133 qua:-

453 3148 576 3156 _A_
621 3136 694 3156 ,ηε
912 3155 915 3156 ,
979 3141 993 3156 .
1525 3147 1538 3156 .
1911 3154 1918 3156 λ

2132 3063 2280 3135 αὐτῷ
2311 3065 2433 3119 ἀντὶ
2457 3064 2564 3118 τῶν
2592 3063 2952 3118 ἐλπισθέντων
2979 3061 3208 3130 γίνεται,
3229 3058 3497 3128 διηγεῖται
3519 3054 3711 3155 carpi-ix

452 3148 579 3188 nam
621 3136 694 3188 illi
755 3153 944 3193 eorum
979 3141 1135 3209 loco,
1188 3159 1311 3212 quae
1359 3147 1650 3216 sperabat.
1705 3154 2020 3220 evenerint,

451 3226 714 3294 propheta
747 3229 1112 3286 calamitatem
1141 3232 1320 3301 ipsius
1381 3235 1666 3294 declarans
1717 3248 1902 3309 aperte
1949 3244 2025 3298 si-

451 3315 699 3385 gnificat,
736 3319 1038 3384 Quomodo,
1066 3324 1354 3393 inquiens,
1375 3328 1564 3382 cecidit
1587 3346 1616 3384 e
1639 3331 1766 3385 coelo
1787 3331 2022 3403 Lucifer,

450 3407 542 3474 qui
577 3424 731 3461 mane
759 3410 1076 3468 oriebatur?
1108 3413 1382 3479 Quomodo
1410 3421 1672 3475 contritus
1703 3432 1782 3476 est
1826 3424 1879 3477 in
1917 3435 2025 3479 ter-

453 3496 613 3552 ram?
639 3497 806 3566 Super
848 3518 966 3556 eum
1007 3514 1181 3560 strata
1231 3518 1308 3562 est
1361 3511 1620 3579 putredo,
1660 3514 2025 3570 indumentum

452 3587 618 3654 ipsius
646 3598 724 3642 est
747 3593 999 3647 vermium
1028 3598 1402 3664 operimentum
1417 3600 1461 3632 ’⁷
1484 3639 1500 3665 ,
1525 3609 1579 3655 et
1628 3612 1828 3659 caetera
1850 3645 1865 3670 ,
1899 3607 2024 3676 qui-

455 3677 558 3733 bus
580 3679 839 3738 interitus
872 3683 992 3753 ejus
1031 3686 1398 3755 describitur,
1458 3708 1580 3762 qua:
1614 3695 1839 3751 cuilibet
1899 3697 2027 3754 licet

451 3784 519 3824 ex
561 3775 838 3845 prophetae
888 3777 1112 3849 scriptis
1177 3781 1523 3854 intelligere;
1592 3787 1729 3842 mihi
1763 3791 1910 3844 enim
1959 3792 2026 3847 ad

454 3865 1156 3942 propositum'redeundum
1188 3882 1295 3930 est.

523 3951 606 4007 0b
633 3954 693 4009 id
739 3956 905 4026 igitur
952 3975 1079 4015 vera
1119 3964 1387 4035 sapientia
1437 3968 1493 4022 in
1543 3972 1822 4041 arroganti
1859 3973 2028 4030 corde

453 4051 614 4100 terra:
643 4059 910 4116 versatur,
937 4058 997 4105 ut
1020 4067 1267 4124 magnam
1299 4057 1446 4112 illam
1477 4060 1530 4114 in
1563 4063 1770 4117 malitia
1793 4073 2025 4121 mentem

452 4133 650 4198 deleat,
697 4143 757 4190 ut
801 4141 1035 4197 tenebrae
1068 4144 1438 4202 discutiantur
1487 4165 1517 4204 a
1567 4151 1707 4216 luce,
1751 4161 1826 4219 ut,
1881 4155 2028 4225 quod

453 4227 685 4282 mortale
723 4237 828 4294 est,
879 4233 1240 4291 absorbeatur
1269 4253 1300 4292 a
1326 4241 1438 4294 vita
1459 4241 1525 4308 ’⁸,
1570 4251 1625 4298 et
1652 4253 1896 4300 extremo
1922 4248 2030 4302 ini-

453 4319 616 4382 unico,
645 4330 819 4374 morte
846 4324 1123 4391 nimirum,
1156 4329 1456 4397 destructo,
1492 4335 1693 4389 malum
1727 4344 2024 4395 evertatur.

2128 3158 2160 3226 ἡ
2203 3139 2508 3228 πρὸφητεία
2547 3156 2609 3208 τὸ
2659 3155 2777 3208 κατ’
2811 3153 3019 3208 ἐκείνου
3067 3152 3240 3216 πάθος
3280 3150 3538 3219 λέγουσα’
3574 3143 3712 3211 Πῶς

2129 3248 2421 3312 ἐξέπεσεν
2450 3247 2515 3300 ἐκ
2547 3246 2651 3301 τοῦ
2693 3245 2952 3315 οὐρανοῦ
2986 3248 3019 3299 ὁ
3044 3245 3384 3312 ἑωσφόρος
3407 3241 3538 3306 Πῶς
3558 3256 3711 3294 mvr-

2129 3338 2325 3405 ετρίϐη
2365 3335 2464 3390 ἐπὶ
2497 3335 2612 3404 τὴν
2661 3333 2794 3407 γῆν,
2823 3328 2871 3401 ᾧ
2918 3332 3272 3401 ὑπεστρώοη
3303 3332 3341 3396 ἡ
3371 3329 3570 3399 σῆψις
3595 3369 3612 3394 ,
3662 3323 3712 3396 ᾧ

2128 3427 2356 3497 ἔνδυμα
2385 3429 2611 3498 γίνεται
2653 3428 2692 3495 ’ἡ
2731 3424 3016 3495 περιϐολὴ
3056 3423 3174 3478 τῶν
3211 3422 3576 3488 axem-timur;
3615 3423 3712 3475 καὶ

2129 3521 2231 3573 ὅσα
2264 3519 2398 3575 ἄλλα
2447 3521 2574 3591 περὶ
2615 3518 2709 3572 τοῦ
2748 3516 3058 3590 ἀφανισμοῦ
3107 3515 3270 3570 αὐτοῦ
3319 3513 3663 3584 διεξέρχεται
3693 3554 3706 3580 ,

2131 3612 2274 3683 άπερ
2305 3612 2481 3678 ἔξεστι
2505 3611 2582 3682 τῷ
2607 3611 2931 3683 ’βουλομένῳ
2961 3608 3021 3675 ἐξ
3048 3608 3226 3665 αὐτῶν
3256 3607 3366 3661 τῶν
3386 3606 3708 3677 γεγραμμέ-

2131 3721 2235 3758 νων
2260 3703 2324 3757 δι’
2355 3703 2640 3774 ἀκριϐείας
2670 3701 2880 3772 μαθεῖν.
2921 3700 3074 3772 Ἐμοὶ
3122 3699 3179 3754 δέ
3212 3697 3350 3768 πρὸς
3377 3696 3469 3750 τὸν
3505 3694 3707 3750 σκοπὸν

2121 3797 2461 3853 ἐπανακτέον
2494 3796 2584 3849 τὸν
2612 3794 2789 3863 λόγον.

2203 3978 2302 4032 Διά
2334 3977 2493 4031 τοῦτο
2520 3978 2727 4045 γίνεται
2759 3979 2792 4047 ή
2840 3974 3067 4046 ἀληθινὴ
3111 3973 3291 4044 σοφία,
3319 3977 3377 4028 ἐν
3419 3978 3486 4046 τῇ
3537 3991 3706 4045 μεγα-

2129 4068 2428 4139 λοῤῥήμονι
2465 4067 2640 4138 ταύτῃ
2670 4066 2866 4138 καρδίᾳ
2895 4065 2994 4135 τῆς
3035 4064 3158 4135 γῆς,
3189 4065 3276 4120 ἵνα
3317 4063 3623 4138 ἐξαφανίσῃ
3649 4059 3708 4128 ἐξ

2130 4161 2302 4231 αὐτῆς
2323 4159 2414 4213 τὸν
2444 4159 2616 4230 μέγαν
2647 4160 2703 4212 ἐν
2739 4158 2908 4229 κακίᾳ⁴
2931 4157 3077 4224 νοῦν,
3098 4158 3192 4211 καὶ
3211 4156 3453 4229 φωτισθῇ
3488 4157 3550 4210 τὸ
3580 4158 3704 4211 σκό-

2130 4269 2238 4316 τος,
2274 4254 2370 4307 καὶ
2398 4250 2677 4323 καταποθῇ
2715 4251 2776 4304 τὸ
2814 4249 3004 4322 θνητὸν
3039 4250 3143 4303 ὑπὸ
3172 4251 3270 4321 τῆς
3315 4249 3482 4320 ζωῆς,
3516 4250 3615 4304 καί⁵
3646 4249 3706 4302 τὸ

2130 4344 2297 4399 κακὸν
2355 4346 2434 4409 εἰς
2485 4343 2825 4413 ἀνυπαρξίαν
2879 4344 3264 4415 μεταχωρήσῃ,
3328 4342 3420 4396 τοῦ
3474 4343 3702 4414 ἐσχάτου

452 4408 580 4465 Haec
623 4411 722 4466 tibi
753 4417 1073 4488 praescripto
1125 4420 1290 4476 tridui
1338 4425 1518 4493 spatio
1571 4426 1825 4484 conlecta
1875 4440 2023 4487 sunt.

2132 4437 2327 4510 ἐχθροῦ
2354 4408 2813 4509 καταργηθέντος,
2846 4408 2906 4500 δὲ
2955 4408 3114 4490 ἐστιν-
3213 4408 3471 4499 θάνατος.
3519 4408 3705 4489 Ταῦτά

452 4498 592 4554 Νυηι
639 4503 793 4558 tarda
829 4506 1044 4562 videtur
1087 4509 1202 4566 hac
1242 4515 1456 4583 gratia?
1497 4514 1638 4571 Num
1670 4519 1836 4576 nimis
1869 4522 2034 4594 longo

453 4593 738 4650 intervallo
766 4605 977 4654 tantum
1008 4601 1208 4658 bonum
1237 4613 1451 4675 partum
1483 4611 1602 4665 est?
1627 4609 1722 4667 Vis
1755 4593 2011 4671 eximiam

452 4683 709 4741 virtutem
739 4702 1057 4759 agnoscere,
1088 4709 1196 4764 qua
1227 4704 1336 4751 tam
1368 4701 1565 4770 exiguo
1600 4707 1864 4773 temporis
1883 4723 2032 4778 ,spa-

454 4775 531 4829 tio
560 4776 675 4832 lucc
719 4791 872 4852 gesta
903 4786 1071 4838 sunt?
1097 4785 1299 4844 Omnes
1345 4791 1478 4846 mihi
1511 4792 1792 4850 hominum
1844 4775 2033 4856 anates

451 4883 733 4936 enumera,
787 4888 907 4942 qua:
953 4873 1063 4944 jam
1100 4879 1228 4936 inde
1255 4881 1326 4937 ab
1378 4883 1498 4954 ipso
1529 4885 1707 4957 primo
1755 4891 2024 4947 malorum

451 4970 576 5017 ortu
615 4979 790 5035 usque
820 4967 888 5021 ad
943 4985 1133 5026 eorum
1179 4973 1456 5031 interitum
1491 4980 1840 5047 exstiterunt,
1893 4993 2026 5055 quot

453 5053 684 5124 singulis
732 5059 984 5116 aetatibus
1043 5061 1310 5130 homines,
1363 5083 1525 5138 quam
1585 5073 1753 5129 multa
1805 5053 2024 5136 cunctis

452 5151 703 5206 aetatibus
731 5151 1011 5209 hominum
1040 5158 1208 5212 millia
1237 5159 1478 5218 fuerunt.
1513 5163 1642 5221 lniri
1685 5184 1792 5224 non
1826 5173 2027 5242 poterit

455 5256 715 5295 numerus
745 5244 1112 5304 multitudinis
1143 5267 1355 5320 eorum,
1385 5269 1481 5324 per
1503 5271 1643 5326 quos
1670 5261 1873 5317 malitia
1901 5261 2028 5332 jure

455 5333 860 5402 quodammodo
912 5339 1256 5400 haereditario
1313 5347 1394 5402 sic
1448 5362 1744 5422 propagata
1801 5363 1904 5420 est,
1968 5365 2028 5410 ut

457 5425 612 5480 malae
663 5429 1027 5497 improbitatis
1073 5434 1274 5492 divitiae
1332 5440 1387 5494 in
1437 5440 1682 5514 singulos
1728 5445 2029 5516 dispertita:

456 5516 793 5588 singulorum
838 5523 1022 5580 studio
1059 5536 1112 5582 et
1143 5542 1306 5600 Opera
1349 5541 1524 5590 aucta:
1577 5535 1725 5605 sint,
1761 5548 1922 5610 atque
1953 5541 2027 5596 ita

2132 4548 2214 4585 σοι
2244 4533 2278 4602 ἡ
2305 4531 2602 4602 τριήμερος
2635 4528 2938 4600 προθεσμία
2988 4531 3397 4600 κατείργασται.
3432 4528 3524 4600 Μὴ
3573 4527 3705 4600 βρα-

2127 4623 2243 4676 δεῖα
2264 4623 2298 4692 ἡ
2327 4621 2516 4692 χάρις;
2563 4619 2637 4691 μὴ
2677 4620 2743 4672 δι’
2780 4619 2956 4691 ἄκρας
2989 4620 3236 4690 περιόδου
3269 4618 3519 4673 τοσοῦτον
3567 4620 3705 4688 ἀγα.

2130 4715 2218 4769 om
2250 4713 2607 4785 κατώρθωται
2635 4731 2650 4780 ;
2678 4712 2866 4766 Βούλει
2891 4711 3093 4780 γνῶναι
3142 4711 3202 4765 τὺ
3233 4711 3569 4783 ὑπερϐάλλον
3607 4715 3704 4782 τῆς

2125 4806 2427 4877 δυνάμεως,
2453 4805 2558 4858 τῶν
2609 4806 2667 4858 ἐν
2721 4802 2862 4858 οὕτω
2903 4804 3094 4874 βραχεῖ
3134 4803 3308 4875 χρόνῳ
3339 4803 3704 4874 κατορθωθέν-

2127 4915 2272 4957 τωνς
2305 4897 2647 4969 .⁹Αρίθμησόν
2672 4916 2761 4968 μοι
2795 4898 2976 4961 πάσας
3007 4897 3105 4960 τὰς
3146 4895 3348 4967 μεταξὺ
3377 4896 3574 4964 γενεὰς
3595 4896 3704 4950 τῶν

2129 4989 2455 5062 ἀνθρώπων,
2486 4989 2594 5043 ἀπὸ
2624 4990 2724 5060 τῆς
2768 4988 2988 5062 πρώτης
3014 4989 3124 5043 τῶν
3153 4988 3337 5043 κακῶν
3365 4989 3576 5042 εἰσόδου
3607 4991 3702 5042 καὶ

2133 5083 2292 5154 μέχρι
2322 5083 2421 5154 τῆς
2449 5081 2775 5148 ἀναλύσεως,
2803 5081 2959 5135 πόσοι
2988 5081 3108 5135 καθ’
3137 5081 3372 5151 ἐκάστην
3390 5080 3586 5150 γενεὰν
3607 5082 3701 5135 άν-

2129 5177 2335 5248 θρωποι
2373 5176 2432 5229 ἐν
2457 5175 2651 5239 πόσαις
2671 5174 3064 5246 ἀριθμούμενοι
3099 5173 3374 5244 μυριάσιν.
3418 5173 3701 5227 Ἀδύνατόν

2127 5270 2274 5322 ἐστιν
2295 5267 2511 5341 ἀριθμῷ
2529 5268 2899 5339 διαλειφθῆναι
2920 5268 2982 5320 τὺ
3011 5267 3232 5339 πλῆθος,
3251 5260 3326 5320 ὧν
3354 5267 3414 5320 ἐν
3438 5268 3561 5330 ταῖς
3589 5266 3704 5320 δια·

2127 5360 2308 5429 δοχαῖς
2345 5361 2379 5430 ὴ
2431 5359 2596 5412 κακία
2662 5359 3089 5412 συνεπλατύνετο
3117 5399 3130 5423 ,
3162 5357 3257 5411 καὶ
3308 5360 3336 5411 ὁ
3385 5356 3554 5422 κακὸς,
3603 5358 3702 5427 τῆς

2129 5452 2391 5522 πονηρίας
2431 5449 2656 5514 πλοῦτος
2703 5453 2780 5514 είς
2820 5451 2944 5514 τοὺς
2997 5450 3120 5503 καθ’
3153 5451 3378 5503 ἕκαστον
3412 5448 3700 5519 μεριζόμε-

2129 5561 2238 5608 νος,
2265 5543 2331 5596 ὃι’
2378 5543 2608 5598 ἑκάστου
2649 5541 2850 5646 μείζὲυν
2882 5541 3109 5611 ἐγίνετο,
3131 5544 3224 5595 καὶ
3276 5539 3418 5601 οὕτω
3473 5540 3701 5609 πολυγο-

530 5696 576 5726 ¹⁸
605 5695 707 5754 Job
747 5716 832 5766 st,
877 5702 956 5758 l9.
1030 5705 1076 5737 "
1104 5706 1208 5763 lsa.
1255 5725 1365 5778 xw,
1399 5711 1486 5783 l3,
1510 5712 1599 5771 14.
1674 5716 1720 5748 ’⁸
1749 5713 1854 5774 Isa.
1888 5733 1943 5782 ι,
1975 5719 2027 5772 Η

2134 5720 2177 5751 ²⁷
2206 5717 2288 5774 lsa
2350 5735 2458 5783 ειν,
2503 5719 2564 5775 12
2594 5735 2714 5781 sqq.
2769 5720 2815 5752 "
2849 5716 2890 5772 ll
2923 5717 3051 5773 Cor.
3079 5733 3130 5778 v.
3152 5715 3204 5770 5.
