3842 6412
107 281 207 336 609

1090 272 1158 328 ΙΝ
1196 270 1470 330 CHRISTI
1509 271 2144 333 RESURRECTIONEM
2183 275 2390 331 ORAT.
2434 277 2474 332 l.

3279 269 3387 323 (iit)

106 390 270 444 νοῦσα
328 387 630 460 συνδιεξῄει
663 391 784 453 ταῖς
832 390 920 443 ἀεὶ
966 390 1378 460 ἐπιγενομέναις
1416 392 1632 457 γενεαῖς
1659 391 1694 461 ἡ

1811 389 2033 444 fecunda
2068 390 2277 444 malitia
2310 389 2564 444 :etatihus
2589 387 2780 442 ordine
2810 383 3232 442 succedentibus
3268 400 3390 454 per-

107 483 273 538 κακία
303 484 540 554 χεομένη
573 482 653 554 τῷ
682 482 877 553 πλήθει
914 483 1050 554 πρὸς
1091 482 1338 554 ἄπειρον,
1369 483 1476 546 ἓως
1521 484 1603 547 εἰς
1641 482 1704 536 τὸ

106 574 412 644 ἀκρότατον
452 573 547 626 τοῦ
589 572 762 626 κακοῦ
796 571 1132 644 προελθοῦσα
1160 611 1174 636 ,
1209 571 1392 643 πάσης
1427 572 1702 644 κατεκρά-

105 681 235 736 τησε
271 663 376 734 τῆς
415 663 764 734 ἀνθρωπίνης
797 663 1015 731 φύσεως
1051 679 1066 694 ·
1093 663 1236 716 οὕτω
1273 661 1368 717 τοῦ
1415 664 1703 736 Προφὴτου

105 756 414 820 καθολικῶς
465 755 892 827 ἀποφηναμένου
913 795 928 819 ,
959 757 1043 809 ὅτι
1075 754 1306 822 Πάντες
1340 755 1664 821 ἐξέκλιναν
1685 797 1702 824 ,

106 852 229 918 ἅμα
273 848 719 918 ἡχρειώθησαν,
759 849 852 903 καὶ
874 848 974 903 οὐκ
1007 845 1077 921 ἦν
1105 852 1162 903 ὲν
1202 851 1316 913 τοῖς
1349 845 1499 904 οὖσιν
1531 849 1703 916 οὐδὲν,

106 945 133 997 ὃ
162 944 238 1016 μὴ
269 944 471 1007 κακίας
518 943 749 1014 ὄργανον
779 937 868 1014 ἦν.
890 941 1001 1015 Τὴν
1041 937 1134 996 οῦν
1166 941 1435 1014 τοσαύτην
1474 942 1570 996 τοῦ
1605 961 1706 997 κα-

110 1035 204 1088 κοῦ
244 1034 486 1107 σωρείαν
513 1034 613 1107 τὴν
643 1033 754 1088 ἀπὸ
800 1033 1110 1104 καταϐολῆς
1151 1033 1357 1106 κόσμου
1415 1035 1577 1107 μέχρι
1607 1036 1706 1106 τῆς

111 1127 250 1180 κατά
288 1128 352 1180 τὸ
377 1126 550 1193 πάθος
575 1125 669 1180 τοῦ
709 1126 921 1199 Κυρίου
964 1126 1278 1198 οἰκονομίας
1310 1127 1709 1201 συναθροισθεῖ-

111 1239 228 1287 dav,
256 1222 289 1274 ὁ
329 1222 388 1274 ὲν
412 1222 560 1292 τρισὶ
592 1221 813 1292 διαχέας
847 1220 1106 1292 ἡμέραις,
1141 1223 1342 1292 μικράν
1365 1238 1446 1274 σοι
1481 1221 1708 1293 πεποίη-

110 1332 195 1367 ται
239 1313 347 1383 τῆς
383 1312 835 1385 ὑπερϐαλλούσης
873 1312 1158 1383 δυνάμεως
1187 1313 1286 1385 τὴν
1337 1313 1629 1381 ὲπίδειξινς
1669 1314 1703 1387 ἢ

110 1408 225 1478 οὐχὶ
265 1407 462 1460 πασῶν
530 1406 641 1460 τῶν
686 1407 745 1460 ἐν
797 1407 916 1470 ταῖς
967 1406 1230 1478 ἱστορίαις
1285 1405 1707 1478 θαυματοποιῶν

114 1499 512 1574 ίσχυροτέραν;
551 1500 762 1570 Ὥσπερ
803 1499 914 1571 γάρ
941 1497 1226 1563 πλεονάζει
1250 1497 1343 1552 τοῦ
1375 1497 1613 1570 Σαμψὼν
1646 1497 1708 1551 τὸ

112 1592 320 1661 θαῦμα,
348 1591 412 1645 ού
462 1591 604 1645 κατά
649 1590 712 1644 τὸ
753 1593 1082 1662 κατισχύσαι
1129 1592 1289 1663 μόνον
1333 1591 1429 1645 τοῦ
1471 1593 1704 1658 λέοντος,

111 1686 242 1740 ἀλλά
277 1687 374 1739 καὶ
417 1685 480 1738 τὸ
524 1684 741 1749 ἀπόνως
785 1685 948 1740 αὐτὸν
995 1685 1430 1757 διαχειρίσασθαι
1473 1689 1707 1757 γυμναῖς

111 1780 198 1829 καὶ
233 1775 461 1840 ἀόπλοις
495 1777 653 1847 χερσὶ
673 1776 765 1829 τὸν
789 1776 934 1848 θῆρα
971 1749 1380 1842 καταπαίζοντα
1401 1749 1703 1830 διανσπάσα-
1736 1749 1782 1809 Β

113 1871 233 1922 σθαι
251 1886 266 1898 ·
305 1868 451 1922 οὕτω
481 1869 581 1922 καὶ
606 1868 702 1922 τοῦ
730 1870 853 1940 δίχα
877 1868 1059 1940 πάσης
1086 1870 1355 1940 ὲργωδίας
1384 1871 1475 1924 τὸν
1499 1869 1704 1942 Κύριον

110 1961 202 2031 τὴν
248 1959 525 2032 τοσαύτην
582 1961 844 2031 ἀφανίσαι
903 1963 1132 2029 κακίαν,
1183 1961 1457 2031 ἀπόδειξις
1504 1961 1704 2034 μείζων

110 2053 224 2105 ἐστὶ.
264 2051 364 2107 τοῦ
399 2051 499 2122 τῆς
534 2053 816 2124 δυνάμεως
855 2053 1303 2126 ὑπερϐάλλοντος.
1337 2054 1451 2125 Οὐχ
1498 2054 1705 2108 ὑδάτων

110 2143 358 2214 ἀπείρων
396 2145 658 2214 ὲπιῤῥοαὶ
705 2145 768 2197 ὲκ
815 2144 920 2198 τῶν
972 2144 1178 2200 ἄνωθεν
1225 2143 1585 2216 καταρακτῶν
1629 2144 1708 2216 τῷ

112 2235 460 2307 ὑποκειμένῳ
519 2237 1070 2306 ὲγκαταπίπτουσαι,
1118 2237 1239 2295 οὐδὲ
1312 2237 1537 2291 ἄϐυσσοι
1599 2237 1707 2290 τῶν

115 2329 260 2382 ἰδίων
301 2329 442 2400 ὅρων
488 2328 974 2401 ὑπεροιδαίνουσαι,
1015 2331 1106 2384 καὶ
1158 2333 1269 2392 τοῖς
1306 2330 1568 2400 πελάγεσι
1609 2330 1708 2402 τὴν

111 2419 212 2489 γῆν
247 2419 663 2486 ὲπικλύζουσαι,
691 2421 812 2474 οὐδὲ
839 2423 1040 2493 πᾶσαὴ
1067 2423 1360 2494 οἰκουμένη
1393 2423 1520 2496 νηὸς
1551 2422 1708 2494 δίκην

112 2512 412 2583 αὖτανδρος
432 2511 512 2585 τῷ
546 2513 693 2584 βυθῷ
715 2513 1123 2587 καλυπτομένη,
1157 2515 1280 2569 οὐδὲ
1322 2515 1422 2588 ὅρη
1449 2509 1708 2587 γινόμενα

115 2603 297 2674 βύθια,
326 2604 423 2657 καὶ
448 2605 686 2676 κορυφαὶ
725 2605 834 2659 τῶν
857 2606 1002 2677 ὀρῶν
1041 2607 1396 2679 ὑποϐρύχιοι·
1428 2608 1550 2662 οὐδὲ
1585 2609 1708 2663 καθ’

113 2697 410 2769 ὁμοιότητα
443 2698 694 2770 Σοδόμων
719 2700 776 2752 αί
798 2699 898 2770 τῆς
921 2700 1119 2770 φλογὸς
1144 2701 1441 2773 ἐπομϐρίαι
1475 2702 1554 2773 τῷ
1574 2703 1708 2775 πυρὶ

113 2791 170 2842 τὸ
196 2790 486 2863 διεφθορὸς
538 2792 1000 2864 ὲκκαθαίρουσαι,’
1042 2795 1163 2847 οὐδὲ
1200 2795 1326 2849 ἄλλο
1369 2812 1421 2848 τι
1467 2795 1708 2850 τοιοῦτον

114 2879 271 2933 οὐδέν
315 2897 329 2912 ο
371 2879 506 2934 ἀλλὰ
554 2881 702 2953 ἀπλῆ
743 2900 825 2946 τις
871 2885 968 2936 καὶ
1015 2885 1399 2956 ἀκατάληπτος
1447 2887 1710 2958 ἐπιδημία

119 2973 258 3042 μόνη
286 2972 435 3042 ζωῆς
459 3014 474 3037 ,
502 2973 595 3026 καὶ¹
626 2974 804 3042 φωτὸς
837 2976 1106 3048 παρουσία
1133 3016 1147 3041 ,
1181 2979 1294 3041 τοῖς
1317 2979 1374 3030 ἐν
1407 2977 1588 3031 σκότει
1614 2978 1709 3032 καὶ

117 3064 244 3132 σκιᾷ
309 3061 541 3116 θανάτου
591 3063 962 3134 καθημένοις,
1015 3063 1256 3135 ἔκλειψιν
1313 3067 1550 3138 παντελῆ
1614 3069 1708 3122 καὶ

114 3152 425 3222 ἀφανισμὸν
447 3152 539 3206 τοῦ
557 3172 616 3208 τε
645 3155 870 3218 σκότους
894 3155 988 3209 καὶ
1010 3155 1103 3210 τοῦ
1128 3155 1358 3211 θανάτου
1386 3157 1698 3230 πεποίηται.

114 3242 273 3296 Εἴπω
305 3261 358 3296 τι
387 3245 524 3317 πρὸς
567 3249 679 3311 τοῖς
717 3247 1028 3319 εἰρημένοις
1059 3249 1152 3302 καὶ
1179 3235 1402 3320 ἓτερονξ
1447 3249 1617 3321 Ἐφύη
1644 3251 1706 3304 τὸ

116 3335 287 3388 κακὸν
325 3338 385 3388 ἐν
416 3337 496 3408 τῷ
541 3337 662 3408 ὄφει
689 3357 703 3370 ·
745 3340 952 3412 ἡττήθη
986 3342 1019 3412 ἡ
1069 3342 1206 3414 γυνὴ
1240 3343 1339 3414 τῆς
1382 3343 1582 3414 πείρας
1609 3344 1704 3397 τοῦ

118 3425 422 3498 δράκοντος
454 3446 468 3459 ·
519 3431 732 3503 ἡττήθη
787 3432 926 3504 μετὰ
979 3435 1152 3488 ταῦτα
1211 3436 1311 3507 τῆς
1376 3437 1707 3512 γυναικὺςό

116 3520 276 3592 ἀνήρ.
300 3522 401 3574 Διὰ
431 3523 599 3596 τριῶν
621 3523 746 3596 ἔσχε
767 3525 827 3579 τὸ
857 3526 1025 3580 κακὸν
1062 3527 1160 3599 τὴν
1190 3529 1423 3598 γένεσιν.
1471 3531 1616 3602 Πρὸς
1655 3531 1706 3584 τί

122 3630 210 3682 μοι
250 3613 442 3682 βλέπει
473 3613 734 3688 τούτωνή
790 3619 1014 3691 μνήμη;
1047 3620 1205 3674 Ἔστι
1236 3621 1357 3674 τινὰ
1384 3621 1478 3674 τοῦ
1500 3621 1706 3684 ἀγαθοῦ

115 3703 270 3769 τάξιν
307 3705 400 3760 διὰ
432 3707 529 3778 τῆς
557 3709 614 3761 ἐν
644 3709 720 3780 τῷ
741 3709 896 3782 κακῷ
935 3711 1139 3777 τάξεως
1180 3715 1532 3786 κατανοῆσαι.
1569 3717 1707 3788 Τρία

119 3796 304 3866 βλέπω
353 3798 528 3853 ταῦτα
566 3801 659 3854 τοῦ
691 3803 863 3856 κακοῦ
909 3803 1088 3874 δοχεῖα
1113 3822 1126 3835 ·
1159 3806 1372 3877 πρῶτον
1409 3808 1506 3879 μὲν
1531 3848 1546 3874 ,
1579 3810 1635 3862 ἐν
1664 3803 1709 3879 ᾦ

116 3889 176 3941 τὸ
211 3891 434 3962 πρῶτον
465 3894 694 3966 συνέστη
721 3911 734 3925 ο
766 3895 1038 3968 δεύτερον,
1087 3900 1166 3962 είς
1196 3898 1224 3951 ὃ
1253 3900 1526 3973 μετερῤύη
1547 3919 1560 3933 ·
1593 3900 1711 3974 τρί-

116 4002 226 4048 τον,
259 3987 322 4039 ὲν
434 3985 572 4055 μετὰ
615 3985 786 4040 ταῦτα
821 3989 1131 4058 ἐπεγένετο.
1175 3990 1388 4064 Ἐπειδὴ
1439 3993 1616 4046 τοίνυν
1651 3993 1708 4046 ὲν

116 4082 229 4142 τοῖς
261 4079 415 4151 τρισὶ
442 4080 653 4144 τούτοις
681 4083 712 4153 ἡ
748 4082 914 4136 κακία
949 4082 1382 4158 ὲπλήμμυρε,τῇ
1404 4086 1708 4160 διαϐολικῇ,

119 4171 286 4240 λέγω,
321 4171 505 4242 φύσει,
547 4175 645 4228 καὶ
689 4174 770 4246 τῷ
815 4175 923 4228 τῶν
970 4177 1245 4246 γυναικῶν
1295 4177 1461 4248 γένει,
1504 4180 1597 4233 καὶ
1631 4179 1710 4252 τῷ

119 4264 454 4335 πληρώματι
479 4266 588 4320 τῶν
623 4267 832 4339 ἀνδρῶν
858 4285 872 4298 ·
903 4269 1094 4322 τούτου
1125 4271 1286 4342 χάριν
1321 4272 1628 4337 ἀκολούθως
1651 4276 1709 4328 ὲν

115 4361 298 4430 τρισὶν
327 4358 564 4431 ἡμέραις
604 4361 638 4432 ἡ
694 4361 846 4426 νόσος
874 4362 1277 4432 ἐξαφανίζεται,
1316 4365 1531 4437 ἑκάστῳ
1561 4366 1710 4435 γένει

1808 479 1926 536 fusa
1965 481 2200 536 creverit
2237 482 2290 534 in
2323 480 2614 541 inﬁnitum,
2647 480 2823 533 donec
2848 477 2915 531 ad
2942 492 3217 532 summum
3264 475 3390 529 mali

1805 573 2086 628 cumulum
2150 574 2474 643 perveniens
2540 581 2709 626 tutam
2774 582 3026 626 naturam
3089 556 3391 622 humanam

1806 664 2138 734 occupavit?
2173 663 2266 719 Sic
2294 664 2439 719 enim
2468 663 2589 718 sine
2613 663 2932 733 exceptione
2961 656 3230 730 Propheta
3263 672 3391 713 sen-

1805 762 2035 815 tentiam
2099 761 2243 826 tulit,
2304 758 2518 824 Omnes,
2581 758 2833 829 inquiens
2858 760 2923 819 ”,
2971 757 3390 820 declinaverunt,

1806 854 1968 908 simul
1996 853 2210 908 inutiles
2246 854 2375 924 facti
2409 862 2555 914 sunt,
2590 852 2728 906 adeo
2752 859 2810 905 ut
2852 851 2989 905 nihil
3025 851 3390 914 inveniretur,

1805 947 1953 1016 quod
2005 946 2228 1000 malitia:
2279 962 2387 1001 non
2446 953 2593 1000 esset
2656 944 3098 1020 instrumentum;
3149 941 3386 996 Tantum

1807 1038 1976 1109 igitur
2015 1037 2286 1092 malorum
2340 1051 2621 1102 acervum,
2667 1036 2737 1089 ab
2763 1035 2882 1104 ipsa
2910 1034 3097 1087 mundi
3121 1035 3388 1088 constitu-

1807 1132 1958 1186 tione
1994 1130 2062 1185 ad
2091 1137 2320 1186 mortem
2351 1145 2526 1200 usque
2559 1129 2772 1184 Domini
2807 1128 3148 1181 cumulatum
3180 1137 3233 1181 et
3284 1141 3388 1180 au-

1809 1231 1979 1289 ctum,
2027 1223 2119 1294 qui
2161 1221 2336 1278 tribus
2363 1221 2559 1277 diebus
2587 1219 2860 1285 dissolvit,
2893 1225 2949 1275 et
2993 1219 3208 1285 evertit,
3257 1234 3387 1289 par-

1808 1330 2007 1370 vamne
2055 1315 2156 1371 tibi
2203 1315 2517 1385 prmstantis
2568 1312 2842 1384 potentiae,
2896 1311 3223 1382 virtutisque
3276 1327 3395 1369 sua:

1809 1405 2268 1477 significationem
2303 1404 2494 1460 dedit?
2522 1404 2714 1460 Nonne
2743 1404 2827 1460 vis
2860 1402 3003 1472 ejus,
3049 1420 3231 1458 rerum
3270 1418 3403 1475 om-l

1808 1500 1981 1566 nium,
2043 1515 2164 1569 quae
2213 1498 2588 1554 monumentis
2642 1497 2998 1553 historiarum
3049 1495 3390 1551 admiranda:

1808 1601 2333 1656 commemorantur,
2370 1593 2623 1665 apparuit
2653 1591 3157 1648 excellentissima?
3192 1590 3390 1656 Quem-

1811 1686 2104 1742 admodum
2129 1687 2274 1741 enim
2307 1685 2590 1742 Samsonis
2615 1685 2826 1740 facinus
2851 1700 2917 1739 eo
2943 1685 3116 1754 magis
3145 1685 3389 1738 admira-

1809 1793 1953 1843 mur,
1987 1779 2132 1848 quod
2171 1780 2282 1832 non
2318 1779 2493 1833 solum
2532 1779 2742 1832 leonem
2787 1776 2938 1842 vicit,
2986 1778 3079 1832 sed
3113 1793 3236 1832 eum
3271 1779 3390 1833 sine

1809 1870 1992 1925 labore
2027 1871 2326 1940 superavit,
2390 1870 2646 1941 quodque
2675 1871 2819 1926 nuda
2871 1871 3178 1941 inermique
3223 1885 3388 1923 manu

1809 1967 2017 2014 tantam
2044 1959 2238 2022 feram,
2275 1963 2536 2031 tanquam
2588 1959 2780 2016 ludens
2811 1960 3014 2016 occidit
3040 1943 3391 2016 et‘dilacera-

1808 2052 1888 2107 vii.
1903 2052 1970 2084 ’θ’
1997 2070 2010 2106 :
2035 2053 2115 2107 sic
2141 2069 2204 2108 ea
2227 2069 2284 2108 re
2310 2053 2524 2108 Domini
2550 2054 2724 2109 virtus
2751 2054 3029 2129 excelluit,
3061 2053 3206 2126 quod
3239 2042 3392 2109 nullo

1808 2147 2027 2217 negotio
2055 2146 2319 2200 malitiam
2350 2147 2574 2203 delevit.
2603 2145 2789 2218 Neque
2814 2149 2960 2202 enim
3015 2148 3395 2219 superioribus

1808 2240 2105 2294 cataractis
2134 2239 2447 2309 patefactis,
2502 2226 2826 2311 abyssisque
2850 2241 3102 2312 proprios
3129 2243 3396 2296 terminos

1808 2331 2270 2395 transilientibus,
2319 2339 2373 2386 et
2420 2331 2756 2396 tumefactis,
2806 2347 3072 2401 aquarum
3128 2332 3393 2386 immensa

1808 2422 1894 2477 vis
1925 2421 2154 2492 ingruit,
2189 2436 2311 2493 quae
2345 2429 2549 2476 terram
2587 2421 2830 2477 obruens
2863 2421 3196 2484 universam,
3234 2414 3394 2474 mon-

1810 2521 2003 2585 tesque
2029 2513 2445 2580 transcendens,
2474 2522 2530 2588 et
2555 2513 2825 2569 montium
2859 2513 3079 2584 fastigia
3105 2527 3394 2581 superans,

1809 2609 1998 2662 orbem
2027 2614 2289 2677 tanquam
2336 2607 2616 2676 navigium
2666 2607 2828 2660 simul
2865 2620 2990 2660 cum
3046 2607 3181 2674 ipsis
3209 2607 3396 2658 nautis

1811 2708 1975 2770 atque
2005 2700 2321 2755 vectoribus
2354 2699 2695 2756 demerserit.
2738 2696 2946 2769 Neque,
2986 2705 3046 2752 ut
3079 2697 3393 2752 Sodomita-

1809 2806 1933 2845 rum
1964 2791 2329 2861 'temporibus
2391 2790 2640 2861 contigit,
2709 2791 2872 2861 ignis,
2941 2799 2994 2846 et
3050 2791 3395 2846 ﬂammarum

1811 2884 2008 2948 imber,
2069 2883 2218 2954 quod
2275 2891 2594 2960 corruptum
2644 2892 2785 2950 erat,
2839 2898 3079 2954 purgans
3128 2883 3393 2954 expiavit.

1810 2974 1998 3047 Neque
2029 2976 2176 3031 aliud
2207 2975 2505 3046 quidquam
2543 2974 2742 3029 accidit
2779 2975 3069 3044 ejusmodi.
3119 2975 3224 3030 Sed
3258 2975 3395 3030 siin-

1734 3109 1778 3168 ο
1813 3069 1938 3138 ριθι
1967 3068 2214 3138 quaedam
2247 3076 2301 3122 et
2333 3051 2788 3137 incomprehensa
2832 3065 3218 3138 peregrinatio,
3277 3068 3394 3121 sola

1812 3161 1936 3216 vitae
1967 3160 2217 3231 lucisque
2245 3162 2534 3230 praesentia
2565 3159 2620 3212 in
2643 3153 2905 3226 tenebris,
2934 3168 2990 3214 et
3030 3159 3254 3230 regione
3281 3175 3394 3212 um-

1809 3253 1923 3308 brae
1947 3252 2144 3307 mortis
2185 3249 2601 3306 considentibus
2627 3251 2884 3306 tenebras
2924 3265 3116 3306 omnes
3145 3249 3392 3320 dispulit,

1808 3352 1862 3400 et
1924 3353 2158 3400 mortem
2217 3343 2392 3414 ipsam
2455 3342 2750 3398 interfecit.
2810 3343 3042 3399 Aliudne
3095 3344 3394 3414 quidquam

1810 3435 2106 3507 adiungam
2143 3436 2210 3491 iis
2255 3451 2376 3504 qua:
2407 3433 2555 3489 dicta
2588 3435 2756 3489 sunt?
2800 3435 2861 3488 in
2894 3445 3146 3505 serpente
3189 3435 3394 3489 malum

1809 3537 2060 3584 exortum
2089 3536 2193 3584 est.
2225 3527 2420 3582 Mulier
2459 3527 2716 3583 draconis
2747 3527 2962 3584 insidiis
2999 3528 3225 3599 decepta
3269 3528 3392 3582 fuit.

1809 3619 2054 3676 Mulieris
2089 3620 2359 3676 illecebris
2421 3621 2506 3676 vir
2553 3620 2698 3691 ipse
2732 3615 2925 3676 cessit.
2982 3619 3184 3677 Tribus
3245 3622 3396 3700 hisce

1810 3713 2073 3784 gradibus
2130 3714 2335 3768 malum
2394 3714 2639 3770 emersit.
2700 3713 2972 3781 Quorsum
3020 3715 3134 3771 inec
3186 3725 3395 3786 Spectat

1813 3805 2266 3859 commemoratio
2293 3805 2316 3864 ?
2340 3803 2492 3860 Licet
2520 3820 2585 3861 ex
2609 3805 2714 3859 hoc
2737 3806 2863 3858 mali
2891 3804 3082 3860 ordine
3103 3807 3395 3876 quemdam

1813 3896 1942 3951 boni
1969 3897 2215 3952 ordinem
2241 3897 2318 3950 illi
2345 3897 2768 3967 respondentem
2793 3896 3244 3952 animadvertere.
3273 3897 3398 3951 llzee

1814 3990 1916 4043 tria
1941 4005 2107 4045 cerno
2136 3989 2262 4043 mali
2293 3989 2638 4060 receptacula
2665 3990 2967 4069 :lprimum,
3002 3990 3056 4044 in
3085 4005 3191 4060 quo
3216 3990 3400 4060 primo

1815 4082 2106 4138 constitit:
2159 4081 2414 4147 alterum,
2462 4083 2518 4136 in
2549 4083 2693 4152 quod
2732 4081 2995 4149 deﬂuxit;
3049 4081 3295 4149 tertium,
3337 4084 3399 4138 in

1814 4189 1927 4246 quo
1966 4172 2154 4245 postea
2185 4173 2421 4228 inhaesit.
2465 4173 2646 4239 Quare
2673 4189 2797 4228 cum
2832 4174 2887 4228 in
2923 4173 3007 4228 his
3039 4172 3217 4228 tribus
3243 4174 3398 4227 mali-

1815 4270 1892 4323 tia
1945 4268 2291 4334 redundarit,
2332 4283 2528 4337 nempe
2570 4268 2624 4322 in
2680 4274 2872 4320 natura
2905 4265 3196 4328 diabolica,
3253 4273 3307 4321 et
3342 4267 3400 4320 in

1821 4379 2018 4435 genere
2049 4361 2364 4431 mulierum,
2402 4368 2455 4417 et
2486 4362 2540 4416 in
2570 4361 2814 4416 virorum
2857 4362 3234 4432 plenitudine;
3260 4376 3399 4416 con-

121 4450 224 4505 τῶν
267 4454 330 4505 ὲν
360 4451 533 4524 κακίᾳ
572 4453 939 4527 νενοσηκότων
977 4457 1106 4526 μιᾶς
1132 4456 1344 4529 ἡμέρας
1384 4458 1708 4532 ἀποκληρω-

1816 4465 2139 4513 sentaneum
2193 4453 2314 4520 fuit,
2374 4463 2432 4509 ut
2480 4454 2646 4508 triutn
2698 4454 2911 4509 dierum
2947 4454 3123 4525 spatio
3174 4448 3408 4510 mOrbus

122 4541 309 4614 θείσης
346 4543 488 4615 πρὸς
527 4544 670 4598 ἴασιν
693 4563 706 4576 ο
740 4548 798 4600 ὲν
845 4548 944 4619 μιᾷ
973 4547 1153 4620 ἡμέρᾳ
1182 4549 1231 4601 οἱ
1280 4549 1471 4622 ἄνδρες
1503 4552 1601 4625 τῆς
1624 4552 1711 4605 νό-

124 4652 212 4689 σον
269 4636 660 4708 καθαίρονται·
714 4639 773 4694 ὲν
820 4642 888 4712 τῇ
940 4640 1190 4715 δευτέρᾳ,
1217 4641 1279 4696 τὸ
1305 4643 1414 4699 τῶν
1439 4646 1714 4714 γυναικῶν

122 4729 491 4800 θεραπεύεται
522 4729 680 4797 γένος
698 4747 714 4763 ·
750 4733 808 4786 ὲν
836 4736 901 4805 τῇ
925 4733 1212 4808 τελευταίᾳ
1231 4735 1494 4807 ,ἔσχατος
1522 4738 1715 4810 ἐχθρὸς

121 4825 483 4894 καταργεῖται
512 4825 541 4877 ὁ
564 4823 813 4892 θάνατος,
845 4827 940 4880 καὶ
974 4827 1101 4899 περὶ
1138 4828 1300 4884 αὐτὸν
1320 4831 1485 4903 ἀρχαί
1507 4849 1589 4895 τε,
1622 4835 1715 4886 καὶ

122 4915 387 4982 ἐξουσίαι,
419 4918 516 4972 καὶ
561 4917 821 4990 δυνάμεις
867 4920 977 4974 τῶν
1025 4923 1418 4994 ἀντικειμένων
1437 4925 1716 4996 δυνάμεων

122 5010 226 5063 τῶν
251 5027 314 5064 τε
350 5009 790 5082 προκαθημένων
808 5014 1279 5082 συναφανίζονται.
1309 5017 1401 5088 Μὴ
1434 5016 1718 5089 θαυμάσῃς

121 5102 179 5156 δὲ
225 5104 272 5156 εί
327 5106 603 5174 χρονικοῖς
657 5104 1021 5177 διαστήμασιν
1069 5110 1102 5178 ἡ
1149 5107 1242 5162 τοῦ
1298 5109 1500 5179 ἀγαθοῦ
1541 5111 1717 5176 κτίσις

122 5195 528 5268 ἐπιμερίζεται.
559 5198 671 5251 Καὶ
714 5196 824 5270 γὰρ
875 5199 1028 5271 παρὰ
1076 5200 1176 5272 τὴν
1214 5200 1436 5273 πρώτην
1475 5202 1569 5256 τοῦ
1625 5204 1716 5257 κό-

126 5300 263 5354 σμου
288 5284 526 5353 γένεσιν,
557 5287 656 5340 οὐκ
705 5288 947 5361 ἠτόνειὴ
986 5289 1106 5342 θεία
1148 5291 1376 5365 δύναμις
1414 5294 1629 5350 ἅπαντα
1655 5297 1714 5349 ὲν

125 5375 327 5447 ἀκαρεῖ
371 5376 659 5432 τελειῶσαι
696 5378 763 5432 τά
799 5379 950 5444 ὅντα,
981 5380 1095 5434 ἀλλ’
1133 5382 1283 5453 ὅμως
1314 5386 1714 5457 συμπαραλαμ-

125 5469 277 5522 ϐάνει
312 5472 380 5540 τῇ
408 5469 740 5543 δημιουργίᾳ
767 5471 874 5524 τῶν
908 5471 1077 5527 ὄντων
1104 5475 1199 5528 καὶ
1241 5475 1311 5528 τά
1343 5477 1568 5547 χρονικὰ
1595 5477 1712 5531 δια-

128 5564 415 5633 στήματα·
441 5561 517 5626 ὡς
552 5563 668 5616 τόδε
698 5563 797 5633 μέν
843 5581 896 5617 τι
931 5563 1073 5618 κατὰ
1097 5565 1198 5636 τὴν
1233 5566 1454 5638 πρώτην
1499 5568 1712 5639 ἡμέραν

198 5742 244 5772 ⁸⁹
274 5741 420 5799 Psal.
453 5759 573 5809 xm,
607 5744 658 5799 5.
739 5742 1003 5798 “'Judic.
1047 5759 1157 5812 XIV,
1195 5744 1250 5800 6.

1817 4551 2203 4621 expelleretur,
2253 4547 2486 4620 singulis
2519 4547 2812 4618 generibus
2842 4547 3050 4602 malitia
3101 4547 3404 4602 laboranti-

1817 4645 1921 4700 bus
1945 4644 2152 4698 tributo
2183 4643 2484 4697 curationis
2509 4641 2616 4705 die,
2651 4649 2710 4695 ut
2736 4657 2847 4695 uno
2869 4640 3088 4711 quidem
3113 4641 3217 4695 viri
3247 4655 3409 4694 cura-

1817 4745 2030 4802 rentur,
2085 4737 2258 4794 altcro
2308 4735 2636 4791 feminarum
2688 4741 3178 4810 genustcxtremo
3214 4743 3401 4789 autem

1817 4838 2096 4882 extremus
2131 4825 2326 4886 hostis,
2359 4840 2526 4889 mors,
2561 4823 2957 4888 destrueretur,
2993 4830 3047 4878 et
3074 4823 3167 4893 qui
3200 4824 3405 4878 mortis

1817 4919 2052 4976 ministri
2085 4929 2212 4974 sunt
2239 4918 2540 4988 principes,
2585 4925 2639 4972 et
2666 4925 2965 4987 potestates
2997 4917 3260 4972 virtutum
3303 4916 3404 4969 ad-

1816 5011 2186 5066 versariarum
2244 5017 2299 5065 et
2356 5009 2740 5079 imperantium
2797 5008 3238 5079 proﬂigarentur.
3288 5006 3401 5063 Nec

1818 5103 2109 5158 admireris
2144 5102 2268 5157 boni
2297 5109 2618 5174 proventum
2650 5101 2765 5156 ﬁeri
2793 5101 3056 5171 temporis
3086 5100 3402 5156 intervallo.

1819 5195 1954 5250 Nam
2009 5204 2062 5251 et
2111 5195 2166 5249 in
2224 5194 2399 5266 prima
2458 5195 2648 5248 mundi
2695 5195 3079 5264 procreatione
3124 5181 3406 5250 momento

1818 5295 2034 5360 poterat
2090 5287 2274 5341 divina
2330 5287 2508 5342 virtus
2567 5294 2764 5341 cuncta
2815 5285 3096 5356 perlicere,
3159 5295 3403 5342 attamen

1817 5397 2003 5438 rerum
2063 5380 2411 5437 fabricationi
2465 5389 2712 5452 tempora
2758 5379 3076 5448 distribuit;
3121 5388 3175 5436 ut
3224 5382 3403 5450 primo

1819 5475 2038 5546 quidem
2071 5473 2159 5530 die
2184 5489 2313 5544 pars
2337 5488 2526 5528 earum
2550 5488 2658 5528 una
2683 5473 3130 5538 constitueretur,
3162 5474 3399 5529 secundo

1822 5575 2004 5625 autem
2056 5567 2248 5635 altera,
2297 5574 2461 5638 atque
2511 5565 2588 5622 ita
2615 5563 2879 5636 deinceps
2920 5565 3165 5650 reliquae,
3224 5566 3399 5622 donec
