3842 6418
475 248 571 306 611
806 252 811 257 ’
1060 296 1063 299 .
1430 250 1433 251 ⁷
1745 242 1807 298 S.
1845 240 2040 298 GREGl

2142 241 2177 297 ll
2215 239 2508 298 NYSSENI
3611 247 3716 304 612

474 368 658 422 omnia
707 362 946 435 perfecta
981 368 1131 427 sunt,
1165 368 1219 417 et
1253 359 1524 426 absoluta,
1576 374 1640 416 eo
1671 360 1881 416 dierum
1939 377 2040 415 nu-

2148 358 2495 430 τελειωθῆναι
2522 357 2582 413 τδ
2602 357 2769 430 μέρος
2796 358 2894 429 τῆς
2922 358 3151 424 κτίσεως
3173 399 3191 426 ,
3215 359 3273 413 ἐν
3306 359 3361 415 δὲ
3390 362 3457 434 τῇ
3489 360 3717 434 δευτέρᾳ

477 472 649 521 mero,
683 456 776 524 qui
806 454 1043 523 scriptus
1081 462 1187 519 est,
1220 452 1327 509 Deo
1353 461 1550 508 cuncta
1581 451 1894 521 perﬁciente
1921 466 1934 501 :
1966 450 2040 506 sic

2146 450 2208 502 τὸ
2238 450 2455 522 ἕτερον·
2487 451 2584 503 καὶ
2625 449 2824 521 ἐφεξῆς
2872 450 3073 521 ὁμοίως
3110 452 3420 524 ἐπεραιώθη
3460 452 3529 509 τὰ
3567 454 3714 519 ὄντα,

474 550 638 602 etiam
669 547 759 601 hic
790 560 854 601 ea
877 544 1158 615 sapientia:
1182 544 1413 609 ratione,
1437 557 1558 613 quae
1582 542 1762 596 verbis
1782 540 2040 612 explicari

2148 542 2339 612 ῥηταῖς
2364 539 2602 612 ἡμέραις
2622 540 2719 595 τοῦ
2754 540 2890 595 Θεοῦ
2917 540 3017 613 τὴν
3043 543 3221 597 κτίσιν
3277 543 3494 597 ἅπασαν
3523 561 3717 616 συναρ-

474 655 583 692 non
634 645 836 707 potest,
869 636 1046 692 tribus
1089 634 1282 690 diebus
1331 634 1535 688 malum
1587 632 1824 702 ejicitur,
1871 638 1925 687 et
1952 647 2049 689 ert-

474 729 717 784 cluditur
744 729 814 785 ab
865 726 1199 789 hominibus,
1257 724 1599 788 mulieribus,
1654 731 1711 778 et
1749 737 1778 775 a
1818 737 2047 792 serpen-

475 822 609 874 tium
658 834 879 891 genere,
931 818 987 873 in
1017 816 1219 888 quibus
1267 816 1461 887 primis
1490 822 1685 870 natura
1716 814 1834 868 vitii
1862 823 2047 868 ortum

478 909 688 966 habuit.

550 1093 675 1147 Haec
707 1092 773 1147 de
801 1091 967 1146 trium
989 1089 1201 1145 dierum
1217 1086 1427 1143 numeri
1457 1100 1625 1142 causa
1645 1083 2042 1156 cegitavimus:

476 1194 645 1248 recte,
697 1198 908 1246 necne,
964 1181 1275 1235 auditorum
1349 1177 1615 1248 judicium
1665 1188 1803 1232 esto.
1860 1175 2047 1246 Neque

476 1277 622 1331 enim
668 1275 832 1329 verba
875 1280 1065 1328 nostra
1116 1277 1318 1326 certam
1364 1268 1847 1324 demonstrationis
1881 1268 2046 1323 ratio-

475 1384 600 1423 nem
637 1367 836 1421 habere
873 1365 1145 1428 volumus,
1188 1362 1282 1417 sed
1315 1362 1388 1415 ita
1415 1360 1706 1431 quaerendo
1739 1375 1839 1415 nos
1885 1375 2045 1416 exer-

475 1473 681 1514 cemus.
706 1456 859 1521 Quod
891 1457 935 1509 si
972 1468 1031 1509 re
1076 1453 1191 1523 ipsa
1244 1450 1565 1522 praeﬁnitum
1599 1448 1794 1504 horum
1833 1448 2046 1504 dierum

475 1564 767 1604 numerum
813 1548 972 1617 plane
1022 1546 1108 1601 vis
1152 1543 1460 1615 perspicere
1510 1540 1728 1612 (neque
1772 1541 1916 1597 enim
1967 1541 2046 1597 illi

476 1656 669 1710 parum
719 1640 892 1703 deest,
944 1638 990 1693 si
1042 1644 1167 1706 post
1232 1636 1421 1690 horam
1485 1648 1685 1687 nonam
1737 1646 2045 1702 parasceva:

476 1745 689 1803 tempus
719 1730 1054 1796 consideres,
1087 1744 1193 1800 qua
1228 1726 1445 1799 quidem
1473 1725 1608 1781 hora
1639 1723 1902 1779 Dominus
1936 1722 2044 1778 Pa-

476 1825 575 1879 tris
601 1823 854 1878 manibus
886 1821 1140 1892 spiritum
1177 1815 1621 1887 commendavit),
1649 1815 1927 1887 paulisper
1952 1823 2040 1869 at-

2150 632 2430 702 μόσιντος.
2455 630 2613 685 Οὕτω
2636 632 2729 686 καὶ
2750 631 2982 686 ἐνταῦθα
3006 632 3150 687 κατά
3178 632 3270 687 τὸν
3290 635 3525 707 ἄρρητον
3550 636 3714 690 αὐτοῦ

2145 723 2247 793 τῆς
2288 722 2478 791 σοφίας
2510 722 2685 791 λόγον,
2710 725 2769 776 ἐν
2810 723 2989 795 τρισὶν
3017 724 3253 797 ἡμέραις
3296 727 3403 779 τῶν
3459 728 3627 781 όντων
3655 730 3714 781 τὸ

2147 815 2313 869 κακὸν
2345 813 2685 881 ἐξοικίζεται,
2717 815 2776 882 ἐξ
2797 815 3038 889 ἀνδρῶν,
3066 818 3132 870 ἐκ
3167 817 3471 886 γυναικῶν,
3495 820 3589 873 καὶ
3618 820 3713 873 τοῦ

2144 905 2334 975 γένους
2357 903 2465 958 τῶν
2507 904 2702 973 ὄφεων,
2732 903 2792 956 ἐν
2817 899 2898 968 οἷς
2932 903 3168 975 πρώτοις
3199 905 3234 976 ή
3261 905 3359 977 τῆς
3390 906 3585 971 κακίας
3624 908 3716 978 φύς

2146 1016 2230 1063 σις
2254 998 2379 1069 ἔσχε
2400 997 2500 1068 τὴν
2535 996 2767 1065 γένεσιν.
3733 1040 3740 1052 .

2226 1089 2385 1144 Ἀλλά
2423 1088 2551 1161 περὶ
2582 1086 2683 1160 μὲν
2727 1084 2825 1160 τῆς
2850 1087 2944 1142 τοῦ
2981 1086 3215 1159 ἀριθμοῦ
3245 1084 3353 1141 τῶν
3380 1088 3598 1160 ἡμερῶν
3628 1090 3683 1142 αί

2143 1182 2264 1247 τίας
2283 1222 2299 1249 ,
2348 1180 2523 1236 ταῦτα
2557 1182 2934 1253 ὑπενοήσαμεν
2957 1197 2971 1211 ο
3027 1179 3138 1233 εἴτε
3168 1180 3224 1233 δὲ
3260 1180 3456 1251 ὀρθῶς,
3485 1182 3592 1234 εἴτε
3619 1185 3711 1235 καὶ

2148 1274 2244 1345 μὴν
2278 1277 2337 1328 ὲν
2368 1276 2435 1345 τῇ
2479 1274 2658 1345 κρίσει
2707 1273 2814 1327 τῶν
2849 1271 3132 1344 ἀκροατῶν
3164 1272 3582 1343 καταλείψομεν.
3636 1276 3709 1327 Οὐ
3808 1269 3815 1275 ’

2144 1364 2254 1437 γὰρ
2281 1365 2553 1434 ἀπόφασις
2587 1366 2617 1418 6
2640 1364 2797 1433 λόγος
2825 1364 2995 1429 ἐστὶν,
3024 1362 3159 1416 ἀλλά
3186 1364 3460 1432 γυμνασία
3488 1367 3581 1418 καὶ
3617 1365 3711 1434 ζή-

2144 1474 2321 1529 τησις.
2354 1456 2417 1511 Εἰ
2448 1457 2506 1509 δὲ
2539 1454 2721 1527 ζητεῖς
2763 1456 2829 1509 δι’
2860 1455 3145 1527 ἀκριϐείας
3184 1455 3308 1508 ίδεῖν
3349 1455 3406 1509 ὲν
3444 1456 3522 1527 τῷ
3555 1458 3710 1510 πάθει

2142 1548 2253 1603 τῶν
2302 1548 2521 1620 ἡμερῶν
2561 1547 2764 1601 τούτων
2789 1548 2889 1618 τὴν
2922 1545 3257 1618 προθεσμίαν
3286 1546 3489 1619 (λείπει
3510 1550 3618 1620 γὰρ
3638 1550 3711 1619 τῷ
3808 1546 3815 1555 ’

2148 1639 2367 1711 ἀριθμῷ
2390 1641 2492 1693 οὐκ
2517 1639 2717 1708 ὀλίγον,
2764 1639 2814 1693 εί
2847 1638 2983 1711 μετά
3014 1632 3111 1710 τὴν
3140 1638 3368 1710 ἐννάτην
3406 1640 3505 1710 τῆς
3548 1658 3717 1713 παρα-

2151 1732 2354 1801 σκευῆς
2380 1730 2530 1802 ῶραν
2554 1728 2847 1803 ἀριθμοίης
2871 1731 2962 1785 τὸν
2992 1730 3205 1802 χρόνον,
3231 1732 3326 1801 ἀφ’
3350 1724 3419 1803 ἧς
3461 1734 3581 1795 ταῖς
3613 1751 3712 1786 πα-

2146 1827 2363 1895 τρικαῖς
2394 1824 2551 1895 χερσὶ¹
2578 1822 2639 1876 τὸ
2669 1822 2886 1894 πνεῦμα
2915 1823 3225 1896 παρέθετο),
3257 1824 3450 1895 μικρὸν
3473 1823 3708 1893 ἐπίσχες,

475 1915 656 1980 tende,
684 1924 739 1969 et
762 1914 1012 1976 fortasse,
1042 1911 1185 1981 quod
1216 1910 1440 1981 quaeris,
1477 1907 1744 1963 invenies.
1769 1905 2040 1975 Quonam,

2144 1915 2240 1969 καὶ
2268 1914 2495 1985 παρέξει
2528 1932 2609 1968 σοι
2641 1913 2802 1985 τυχὸν
2846 1916 2875 1968 6
2903 1914 3059 1983 λόγος
3099 1914 3197 1986 τὴν
3240 1915 3368 1986 περὶ
3400 1915 3590 1969 τούτου
3622 1933 3711 1968 σα·

474 2005 712 2076 inquies,
739 2015 898 2074 pacto
915 2004 937 2057 ?
953 2002 1156 2058 Divinae
1180 2000 1429 2073 potentiae
1458 1997 1888 2070 magnitudinem
1911 2012 2044 2053 con-

473 2098 674 2161 sidera,
704 2105 760 2151 et
788 2095 934 2166 quod
963 2097 1105 2150 scire
1137 2094 1313 2165 cupis,
1371 2092 1664 2164 intelliges.
1714 2090 2043 2160 Recordare,

473 2188 605 2259 quid
644 2187 712 2243 de
749 2203 808 2243 se
838 2186 1101 2241 Dominus
1155 2184 1544 2255 pronuntiarit,
1604 2191 1660 2239 et
1687 2198 1807 2239 eam
1868 2184 2042 2253 ipsius

470 2297 595 2339 esse
622 2282 876 2335 virtutem
894 2293 1214 2349 cognosces,
1256 2286 1316 2332 ut
1357 2275 1655 2343 voluntate,
1705 2291 1813 2331 non
1860 2286 2043 2331 autem

472 2380 683 2426 natura:
737 2368 1063 2423 necessitate
1117 2367 1355 2420 animam
1402 2379 1435 2418 a
1472 2379 1699 2434 corpore
1748 2364 2041 2436 disiungat.

474 2461 646 2516 Nemo
675 2462 841 2523 enim,
872 2457 1070 2529 inquit,
1102 2456 1242 2511 tollit
1270 2456 1506 2511 animam
1532 2471 1701 2510 meam
1734 2472 1768 2509 a
1817 2472 1918 2515 me.
1953 2456 2044 2510 sed

472 2572 569 2625 ego
601 2569 738 2623 pono
783 2552 935 2605 illam
979 2569 1011 2604 a
1058 2550 1273 2618 meipso.
1322 2547 1651 2603 Potestatem
1689 2549 1829 2602 enim
1878 2548 2043 2603 habeo

472 2646 700 2715 ponendi
727 2661 865 2707 eam,
896 2653 943 2697 et
966 2652 1275 2712 potestatem
1322 2641 1486 2696 habeo
1532 2641 1723 2695 iterum
1770 2657 2046 2695 assumen-

477 2739 537 2791 di
560 2739 625 2791 ³⁰.
660 2736 775 2791 Hoc
805 2736 964 2789 nobis
996 2736 1071 2789 ita
1099 2734 1417 2800 constituto,
1448 2732 1733 2804 perspicue
1754 2734 1958 2803 patebit
1987 2733 2043 2789 id

474 2830 621 2901 quod
649 2827 944 2899 quaesitum
983 2833 1089 2882 est.

544 3013 646 3080 Qui
680 3010 825 3067 enim
850 3014 1121 3078 potestate
1161 3019 1261 3059 sua
1299 3012 1496 3059 cuncta
1522 3004 1784 3075 disponit,
1813 3019 1922 3060 non
1973 3020 2038 3061 ex
2069 3017 2114 3080 ο

474 3105 784 3177 proditione
839 3098 944 3153 sibi
996 3094 1402 3167 impendentem
1457 3097 1875 3161 necessitatem,
1929 3113 2039 3151 non

473 3198 790 3254 .‘udnorum
814 3190 970 3262 quasi
1004 3188 1319 3259 praedonum
1343 3187 1627 3257 impetum,
1657 3204 1767 3242 non
1792 3188 2035 3259 iniquam

475 3288 639 3343 Pilati
672 3282 1001 3341 sententiam
1034 3285 1340 3349 exspectat,
1388 3286 1450 3333 ut
1491 3293 1680 3333 eorum
1730 3279 1938 3334 malitia
1972 3281 2044 3336 sit

472 3377 786 3437 communis
832 3372 1119 3429 hominum
1153 3370 1349 3427 salutis
1380 3370 1708 3441 principium
1742 3381 1794 3425 et
1837 3386 2040 3437 causa;

476 3471 575 3528 sed
624 3466 856 3523 consilio
903 3479 1004 3519 suo
1052 3462 1390 3527 antevertit,
1437 3470 1492 3517 et
1538 3477 1741 3517 arcano
1788 3463 2043 3517 sacriﬁcii

473 3576 698 3633 genere,
727 3556 874 3629 quod
914 3557 983 3610 ab
1015 3553 1329 3610 hominibus
1368 3553 1518 3609 cerni
1552 3569 1662 3609 non
1692 3563 1926 3624 poterat,
1956 3570 2043 3610 se-

475 3657 656 3725 ipsum
690 3667 788 3722 pro
814 3649 974 3704 nobis
1012 3647 1249 3702 hostiam
1296 3644 1476 3709 offert,
1516 3653 1572 3701 et
1614 3646 1894 3699 victimam
1931 3646 2038 3699 im-

473 3747 677 3808 molat,
718 3740 978 3798 sacerdos
1009 3738 1173 3795 simul
1202 3738 1492 3801 exsistens,
1523 3744 1579 3791 et
1602 3751 1776 3806 agnus
1806 3735 1921 3799 Dei,
1953 3736 2042 3792 ille

470 3837 567 3908 qui
604 3835 792 3891 mundi
829 3840 1113 3904 peccatum
1164 3829 1325 3885 tollit.
1362 3827 1593 3896 Quando
1627 3825 1683 3882 id
1743 3828 2043 3898 praestitit?

470 3941 596 3983 eum
627 3937 830 3994 corpus
861 3936 1020 3977 suum
1059 3918 1342 3989 discipulis
1367 3918 1708 3989 congregatis
1744 3918 2039 3986 edendum,

469 4027 524 4072 et
563 4014 883 4085 sanguinem
916 4009 1211 4065 bibendum
1242 4007 1493 4078 praebuit,
1534 4014 1665 4062 tunc
1710 4015 1897 4078 aperte
1941 4007 2038 4063 de-

466 4107 699 4164 claravit
728 4103 854 4175 agni
888 4099 1219 4158 sacriﬁcium
1242 4099 1353 4168 jam
1380 4112 1504 4153 esse
1538 4097 1862 4167 perfectum.
1900 4098 2037 4153 Nam

467 4199 709 4253 victima:
737 4208 941 4264 corpus
967 4206 1079 4245 non
1121 4198 1207 4246 est
1253 4187 1322 4244 ad
1374 4186 1644 4244 edendum
1677 4188 1955 4256 idoneum,
1990 4191 2038 4247 si

464 4291 770 4344 animatum
824 4284 914 4339 sit.
965 4280 1148 4349 Quare
1202 4295 1328 4336 cum
1377 4295 1579 4351 corpus
1622 4282 1931 4349 edendum,
1982 4290 2039 4338 et

2146 2008 2391 2078 φήνειαν.
2443 2007 2539 2071 Τίς
2563 2001 2656 2061 οὖν
2690 2007 2718 2059 6
2746 2006 2905 2075 λόγος
2929 2022 2945 2072 ;
3003 2005 3327 2075 Ἀνάϐλεψον
3352 2008 3430 2071 είς
3456 2007 3519 2060 τὸ
3549 2024 3711 2077 μεγα-

2144 2101 2286 2154 λεῖον
2317 2102 2417 2170 τῆς
2449 2099 2598 2163 θείας
2636 2098 2949 2170 δυνάμεως,
3006 2098 3101 2151 καὶ
3125 2098 3223 2153 οὐκ
3254 2098 3541 2168 ἀγνοήσεις
3566 2101 3627 2152 τὸ
3659 2101 3710 2152 ἐν

2147 2193 2296 2263 τόπῳ
2325 2190 2678 2262 ζητούμενον.
2707 2188 2985 2262 Μνήσθητι
3013 2190 3114 2259 τῆς
3139 2190 3472 2262 Δεσποτικῆς
3502 2192 3711 2259 ἀποφά-

2150 2302 2309 2350 σεως,
2333 2282 2385 2336 τί
2414 2284 2540 2355 περί
2570 2280 2732 2336 αὑτοῦ
2758 2281 3117 2350 ἀποφαίνεται
3143 2284 3171 2335 6
3200 2280 3293 2334 τοῦ
3321 2282 3520 2347 παντὸς
3548 2282 3712 2353 ἐξημ-

2151 2378 2315 2448 μένος
2342 2376 2405 2429 τδ
2446 2376 2646 2448 κράτος
2679 2392 2693 2406 ο
2723 2372 2842 2438 πῶς
2871 2375 3322 2448 ἀὐτοκρατορικῇ
3352 2375 3587 2448 ἐξουσίᾳ,
3618 2376 3712 2430 καὶ

2144 2470 2205 2522 οὐ
2251 2468 2465 2538 φύσεως
2512 2468 2724 2539 ἀνάγκῃ
2772 2466 3113 2535 διαζεύγνυσι
3155 2465 3254 2539 τὴν
3296 2454 3470 2538 ψυχὴν
3512 2469 3577 2521 ἐκ
3618 2470 3711 2522 τοῦ

2148 2560 2398 2630 σώματος
2423 2601 2436 2625 ,
2480 2560 2538 2612 ἐν
2566 2552 2647 2622 οἷς
2682 2575 2867 2629 φησιν,
2905 2558 2987 2611 ὅτι
3018 2558 3232 2624 Οὐδείς
3272 2560 3421 2627 αἴρει
3454 2560 3571 2627 τὴν
3599 2564 3714 2629 ψυ-

2148 2651 2268 2719 χήν
2288 2668 2427 2719 μου,
2454 2649 2590 2703 ἀλλ’
2615 2647 2733 2717 ἐγὼ
2762 2648 2961 2716 τίθημι
2979 2646 3174 2717 αὐτὴν
3201 2648 3302 2717 ἀφ’
3320 2648 3556 2704 ἑαυτοῦ.
3588 2651 3713 2715 Ἐξ-

2148 2742 2365 2796 ουσίαν
2405 2740 2522 2810 ἔχω
2553 2740 2740 2795 θεῖναι
2765 2738 2989 2807 αὐτὴν,
3016 2739 3115 2793 καὶ
3147 2739 3438 2805 ἐξουσίαν
3463 2741 3581 2809 ἔχω
3610 2742 3717 2796 πά-

2145 2835 2248 2886 λιν
2272 2830 2481 2886 λαϐεῖν
2518 2828 2730 2895 αὑτήν.
2770 2827 2940 2883 Τοῦτό
2970 2847 3061 2901 μοι
3088 2830 3285 2903 στήτω,
3314 2830 3407 2884 καὶ
3437 2828 3498 2883 τὸ
3523 2829 3720 2902 ζητού-

2150 2940 2309 2994 μενον
2350 2922 2758 2993 σεσαφήνισται.

2224 3012 2284 3064 ’0
2330 3012 2439 3082 γὰρ
2488 3010 2665 3065 πάντα
2713 3010 2856 3064 κατά
2909 3008 3007 3083 τὴν
3060 3010 3380 3085 δεσποτικὴν
3430 3014 3718 3071 αὐθεντίαν

2143 3103 2480 3174 οἰκονομῶν,
2533 3103 2633 3157 οὐκ
2684 3102 2942 3173 ἀναμένει
3005 3100 3103 3175 τὴν
3156 3102 3221 3156 ἐκ
3271 3088 3715 3177 τῆςπροδοσίας

2142 3195 2405 3265 ἀνάγκην,
2453 3195 2547 3248 καὶ
2572 3193 2671 3266 τήν
2703 3192 2997 3265 λῃστρικὴν
3039 3194 3224 3263 ἔφοδον
3262 3195 3370 3249 τῶν
3413 3196 3714 3269 Ἰουδαίων,

2140 3283 2237 3337 καὶ
2280 3283 2378 3353 τὴν
2422 3280 2514 3335 τοῦ
2560 3282 2793 3336 Πιλάτου
2834 3283 3149 3354 παράνομον
3188 3284 3385 3355 κρίσιν,
3428 3285 3570 3341 ὥστε
3614 3291 3713 3360 τὴν

2141 3373 2363 3428 ἐκείνων
2443 3374 2641 3429 κακίαν
2721 3374 2964 3445 ἀρχηγὸν
3011 3376 3104 3428 καὶ
3148 3376 3326 3430 αἰτίαν
3375 3377 3473 3448 τῆς
3528 3385 3715 3453 κοινῆς

2140 3467 2249 3521 τῶν
2288 3465 2588 3538 ἀνθρώπων
2636 3466 2910 3538 σωτηρίας
2945 3465 3234 3535 γενέσθαι·
3281 3467 3417 3523 ἀλλὰ
3463 3472 3713 3542 προλαμ-

2142 3559 2291 3612 ϐάνει
2332 3562 2397 3631 τῇ
2458 3558 2740 3631 οἰκονομίᾳ
2769 3558 2868 3630 τὴν
2906 3557 3111 3628 ἔφοδον,
3158 3557 3295 3614 κατὰ
3338 3561 3429 3614 τὸν
3471 3563 3709 3635 ἀῤῥητον

2140 3652 2236 3722 τῆς
2269 3651 2584 3722 ἱερουργίας
2609 3651 2832 3722 τρόπον,
2860 3651 2954 3705 καλ¹
2982 3653 3095 3715 τοῖς
3129 3650 3435 3724 ἀνθρώποις
3458 3654 3707 3726 ἀόρατον,

2138 3744 2235 3796 καὶ
2258 3743 2447 3796 ἐαυτὸν
2492 3743 2833 3815 προσήνεγκε
2875 3742 3189 3815 προσφορὰν
3216 3745 3311 3798 καὶ
3336 3744 3529 3799 θυσίαν
3571 3746 3709 3820 ὑπὲρ

2139 3832 2316 3903 ήμῶν,
2362 3833 2390 3886 ό
2418 3833 2596 3905 ἱερεὺς
2622 3833 2756 3902 ἅμα,
2785 3831 2877 3886 καὶ
2907 3833 2935 3885 ό
2964 3830 3134 3902 ἀμνὸς
3162 3832 3254 3886 τοῦ
3292 3832 3448 3897 Θεοῦ,
3478 3837 3506 3888 ό
3539 3835 3709 3907 αίρων

2137 3922 2235 3993 τὴν
2269 3922 2541 3993 ἁμαρτίαν
2570 3920 2665 3974 τοῦ
2690 3919 2917 3991 κόσμου.
2949 3921 3087 3975 Πότε
3109 3921 3307 3988 τοῦτο;
3344 3924 3469 3977 Ὅτε
3499 3924 3707 3995 βρωτὺν

2138 4011 2331 4065 ἐαυτοῦ
2372 4011 2435 4065 τὸ
2473 4011 2632 4082 σῶμα
2666 4011 2747 4074 είς
2793 4010 2993 4082 βρῶσιν
3050 4012 3236 4081 σαφῶς
3262 4012 3594 4067 ἐνδείκνυται
3631 4015 3706 4086 τῷ

2137 4105 2238 4176 ἤδη
2262 4103 2588 4174 γεγενῆσθαι
2617 4102 2800 4174 ἐντελῆ
2821 4101 2913 4156 τοῦ
2937 4100 3111 4174 ἀμνοῦ
3139 4102 3236 4173 τὴν
3259 4102 3469 4159 θυσίαν.
3497 4105 3575 4160 Οὐ
3597 4107 3705 4178 γὰρ

2138 4198 2204 4253 ἂν
2235 4194 2303 4270 ἦν
2331 4198 2392 4251 τὸ
2422 4198 2579 4268 σῶμα
2604 4196 2697 4251 τοῦ
2728 4197 2925 4269 ἱερείου
2959 4196 3095 4267 πρὸς
3143 4196 3341 4267 ἐδωδὴν
3375 4198 3703 4270 ἐπιτήδειον,

2136 4288 2295 4360 εῖπερ
2320 4287 2560 4359 ἔμψυχον
2577 4282 2664 4358 ἦν.
2691 4284 2901 4342 Οὐκοῦν
2926 4286 3015 4339 ὅτε
3046 4286 3286 4357 παρέσχε
3305 4288 3417 4350 τοῖς
3435 4287 3703 4359 μαθηταῖς

465 4376 789 4446 sanguinem
819 4372 1111 4426 bibendum
1141 4370 1430 4441 discipulis
1476 4371 1744 4439 exhibuit,
1782 4372 1896 4442 jam
1943 4386 2034 4427 ar-

2142 4380 2401 4450 ὲμφαγεῖν
2421 4378 2516 4432 τοῦ
2551 4376 2820 4449 σώματος,
2845 4377 2941 4431 καὶ
2968 4375 3060 4429 τοῦ
3085 4377 3313 4446 αἵματος
3338 4378 3576 4447 ἐμπιεῖν,
3599 4380 3699 4450 ήδη

464 4484 605 4524 cana
636 4475 691 4521 et
741 4480 852 4518 non
903 4462 1222 4533 aspectabili
1253 4463 1467 4519 ratione
1514 4478 1717 4533 corpus
1770 4472 1890 4518 erat
1927 4464 2033 4519 im-

465 4562 753 4624 molatum,
788 4566 849 4612 ut
876 4557 1052 4627 ipsius
1088 4558 1409 4628 mysterium
1444 4558 1754 4629 peragentis
1774 4560 2032 4629 potestati

461 4653 809 4708 collibuerat.
848 4647 912 4702 Et
939 4648 1119 4701 anima
1150 4648 1206 4702 in
1247 4648 1353 4704 illis
1378 4660 1516 4716 erat,
1545 4648 1600 4703 in
1622 4650 1822 4719 quibus
1842 4649 2030 4705 eadem

462 4748 583 4816 ipsa
613 4749 858 4813 potestas
894 4739 1044 4793 illam
1076 4739 1348 4810 deposuit,
1392 4740 1665 4811 simulque
1691 4756 1816 4796 cum
1847 4741 2027 4796 divina

462 4837 687 4899 virtute,
722 4844 844 4901 quae
875 4843 997 4884 cum
1022 4829 1113 4883 illa
1141 4837 1263 4884 erat
1290 4829 1607 4899 conjuncta,
1640 4830 1697 4884 in
1718 4844 1782 4885 ea
1809 4830 2031 4901 regione

459 4925 647 4980 cordis
681 4928 903 4977 versata
930 4927 1033 4975 est.
1066 4920 1255 4989 itaque
1286 4920 1332 4975 si
1354 4921 1481 4991 quis
1515 4921 1644 4981 inde
1693 4929 1907 4991 tempus
1939 4923 2028 4976 in-

460 5016 631 5085 cipiat
669 5011 931 5075 dimetiri,
964 5025 1087 5065 cum
1123 5011 1456 5066 sacriﬁcium
1497 5011 1609 5067 Deo
1643 5012 1846 5067 factum
1880 5024 1963 5068 est
1997 5029 2029 5068 a

459 5120 660 5176 magno
680 5104 775 5157 illo
806 5101 1060 5170 Principe
1103 5102 1473 5168 sacerdotum,
1502 5104 1597 5174 qui
1629 5105 1867 5170 ratione,
1905 5120 2029 5175 quae

460 5214 560 5252 nec
592 5197 779 5251 verbis
803 5193 1089 5263 explicari,
1118 5209 1221 5248 nec
1251 5194 1427 5249 oculis
1453 5196 1688 5265 perspici
1716 5197 1921 5266 potuit,
1946 5212 2028 5251 se-

461 5303 639 5355 ipsum
704 5300 802 5355 pro
864 5283 1142 5339 communi
1212 5283 1495 5337 hominum
1550 5285 1725 5340 salute
1767 5294 2026 5355 tanquam

458 5393 656 5446 agnum
687 5376 905 5439 obtulit,
955 5392 1064 5429 non
1115 5375 1331 5434 recedet
1366 5390 1396 5429 a
1440 5378 1687 5432 veritate.
1723 5376 1850 5431 Erat
1879 5379 2023 5431 enim

463 5485 683 5537 vespera
712 5510 726 5532 ,
770 5484 897 5523 cum
946 5482 1161 5521 sacrum
1216 5467 1347 5521 illud
1389 5482 1590 5537 corpus
1624 5464 2021 5523 comederunt:

459 5573 622 5630 quam
653 5559 871 5628 quidem
904 5572 1189 5629 vesperam
1239 5575 1368 5625 nox,
1398 5574 1516 5631 qua:
1546 5574 1878 5630 parasceven
1923 5576 2021 5616 an-

529 5650 574 5681 “
629 5649 785 5706 Joan.
816 5668 871 5718 τ,
902 5650 989 5706 18.

2134 4470 2271 4524 κατά
2293 4469 2355 4522 τὸ
2384 4468 2609 4541 θελητὺν
2659 4469 2727 4538 τῇ
2761 4466 2979 4538 ἐξουσίᾳ
3000 4464 3096 4519 τοῦ
3125 4465 3186 4518 τὸ
3229 4466 3528 4536 μυστήριον
3554 4467 3701 4519 οἰκο-

2132 4560 2421 4631 νομοῦντος
2441 4559 2694 4631 ἀρρήτως
2719 4574 2779 4610 τε
2811 4557 2906 4610 καὶ
2924 4555 3168 4627 ἀοράτως
3187 4553 3248 4610 τὸ
3275 4556 3434 4625 σῶμα
3452 4556 3698 4611 ἐτέθυτο.

2132 4651 2298 4719 Καὶή
2345 4648 2489 4719 ψυχὴ
2530 4650 2587 4701 ἐν
2620 4648 2847 4708 ἐκείνοις
2884 4641 2973 4718 ἦν,
3004 4648 3063 4700 ἐν
3090 4639 3172 4708 οἷς
3207 4645 3375 4716 αὐτὴν
3414 4648 3447 4716 ή
3480 4646 3701 4712 ἐξουσία

2130 4742 2224 4796 τοῦ
2254 4740 2656 4813 οίκονομοῦντος
2679 4737 2969 4791 ἐναπέθετο
2998 4736 3136 4807 μετά
3165 4735 3263 4807 τῆς
3285 4735 3701 4806 ἐγκεκραμένης

2130 4835 2267 4905 αὐτῇ
2309 4832 2459 4895 θείας
2495 4832 2791 4903 δυνάμεως,
2824 4830 2913 4883 τὸν
2945 4831 3002 4882 ἐν
3047 4826 3246 4898 καρδίᾳ
3274 4828 3478 4881 ἐκεῖνον
3521 4826 3701 4897 χῶρον

2131 4922 2517 4996 περιπολοῦσα.
2569 4921 2775 4976 Οὐκοῦν
2818 4921 2911 4990 ἀφ’
2943 4914 3005 4973 οὗ
3054 4918 3335 4991 προσήχθη
3378 4918 3457 4990 τῷ
3489 4918 3615 4990 Θεῷ
3666 4921 3699 4989 ἡ

2130 5016 2287 5069 θυσία
2312 5016 2465 5087 παρὰ
2490 5014 2583 5069 τοῦ
2612 5013 2846 5086 μεγάλου
2882 5012 3220 5084 Ἀρχιερέως,
3253 5010 3347 5064 τοῦ
3383 5010 3473 5065 τὸν
3500 5011 3699 5064 ἐαυτοῦ

2128 5107 2298 5179 ἀμνὸν
2313 5107 2450 5178 ὑπὲρ
2467 5106 2566 5177 τῆς
2587 5106 2769 5175 κοινῆς
2790 5104 3057 5175 ἁμαρτίας
3073 5102 3327 5174 ἀρρήτως
3343 5118 3403 5155 τε
3422 5103 3519 5155 καὶ
3536 5101 3703 5173 ἀορά-

2125 5216 2233 5262 τως
2255 5198 2719 5270 ίερουργήσαντος,
2742 5197 2849 5251 ἀπὸ
2862 5195 2983 5247 τότε
3004 5210 3088 5256 τις
3114 5192 3363 5263 ἀριθμῶν
3389 5193 3482 5245 τὸν
3504 5194 3702 5267 χρόνον

2124 5290 2227 5360 τῆς
2252 5289 2508 5360 ἀληθείας
2537 5289 2635 5359 οὐχ
2658 5287 3055 5359 ἁμαρτήσεται.
3097 5282 3336 5354 Ἐσπέρα
3366 5283 3465 5352 μὲν
3492 5284 3605 5354 γὰρ
3630 5281 3702 5355 ἦν

2126 5382 2213 5434 ὅτε
2249 5380 2464 5453 ἐϐρώθη
2502 5380 2563 5433 τὸ
2611 5382 2751 5451 ἱερὸν
2787 5380 2961 5432 ἐκεῖνο
3019 5376 3114 5429 καὶ
3153 5375 3305 5444 ἆγιον
3346 5374 3528 5446 σῶμα.
3581 5376 3701 5443 Νὺξ

2124 5470 2181 5522 δὲ
2210 5471 2308 5542 τὴν
2338 5470 2574 5541 ἑσπέραν
2594 5469 2806 5540 ἐκείνην
2834 5470 2868 5540 ή
2896 5467 3002 5539 πρὸ
3020 5470 3119 5539 τῆς
3147 5472 3501 5539 παρασκευῆς
3524 5469 3699 5522 διεδέ-

2126 5548 2274 5625 ξατο.
2318 5556 2451 5615 Εἶτα
2477 5562 2511 5632 ἡ
2540 5559 2640 5631 τῆς
2670 5559 3020 5631 παρασκευῆς
3052 5551 3254 5632 ἡμέρα,
3282 5561 3350 5631 τῇ
3381 5560 3702 5630 ἐπεισάκτῳ
