3842 6410
84 271 183 326 615

1007 264 1073 320 ΙΝ
1112 263 1388 321 CHRISTI
1447 254 2080 316 BESURRECTIONEM
2118 256 2326 314 ORAT.
2367 257 2402 313 1.

3238 256 3340 311 6M

84 384 239 437 νυκτὶ
286 381 679 454 διατμηθεῖσα,
726 382 807 445 είς
846 380 975 453 μίαν
999 382 1169 437 νύκτα
1208 383 1304 437 καὶ
1343 384 1423 445 είς
1450 378 1663 451 ἡμέρας

1776 377 1991 443 tecedit,
2007 377 2241 446 excepit.
2271 374 2410 430 Huic
2432 376 2703 431 successit
2722 373 3041 443 Parasceva:
3065 372 3203 437 dies,
3222 389 3344 443 quae

82 476 174 530 δύο
210 474 674 545 καταψηφίζεται.
702 473 888 544 Είγάρ
910 474 972 527 τὸ
998 474 1187 538 σκότος
1212 477 1241 527 6
1268 473 1400 536 Θεὸς
1438 474 1663 528 ἐκάλεσε

82 568 275 633 νύκτα,
309 568 371 622 ἐν
410 566 468 619 δὲ
507 568 627 630 ταῖς
671 566 849 637 τρισὶν
897 566 1069 636 ὥραις
1106 566 1321 634 ἐγένετο
1350 564 1540 626 σκότος
1573 564 1667 618 ἐπὶ

84 660 268 712 πᾶσαν
297 658 399 728 τὴν
420 656 745 725 οἰκουμένην
773 671 788 684 ·
821 655 961 726 αὕτη
1002 656 1150 708 ἐστὶν
1178 657 1212 725 ὴ
1243 653 1383 708 κατά
1412 654 1473 707 τὸ
1505 654 1668 724 μέσον

84 751 181 821 τῆς
214 748 434 820 ἡμέρας
483 748 940 818 καινοτομηθεῑσα
968 745 1095 813 νὺξ,
1142 746 1211 798 τὰ
1258 745 1351 799 δύο
1408 746 1670 817 τμήματα

85 843 192 895 τῶν
226 840 454 913 ἡμερῶν
489 841 557 894 δι’
608 841 807 911 ἑαυτῆς
845 840 1281 910 περιγράφουσα,
1317 839 1379 892 τὸ
1423 839 1520 909 μὲν
1562 838 1670 892 ἀπὸ

87 934 181 987 τοῦ
206 934 411 1005 ὄρθρου
460 932 554 985 ἐπὶ
570 932 669 1004 τὴν
689 932 855 1003 ἐκτην
882 931 1052 1002 ὤραν,
1074 931 1135 985 τὸ
1161 931 1218 984 δὲ
1252 931 1359 984 ἀπὸ
1380 932 1477 1000 τῆς
1504 930 1659 985 ἐννά-

89 1043 186 1097 της
213 1025 312 1078 ἐπὶ
344 1025 443 1095 τὴν
481 1024 740 1094 ἑσπέραν.
795 1023 957 1075 Ὥστε
985 1018 1124 1075 εἶναι
1154 1022 1313 1092 μέχρι
1338 1020 1549 1085 τούτου,
1574 1019 1669 1073 δύο

91 1119 289 1180 νύκτας
313 1116 408 1170 καὶ
431 1115 649 1187 ἡμέρας
669 1113 781 1168 δύο.
813 1110 965 1178 Εἶτα,
997 1113 1104 1185 πρὸ
1123 1112 1217 1166 τοῦ
1245 1112 1526 1167 Σαϐϐάτου
1548 1111 1667 1177 νὺξ,

92 1209 180 1261 καὶ
218 1206 367 1278 μετὰ
396 1205 602 1274 ταύτην
635 1206 669 1276 ἡ
716 1203 811 1258 τοῦ
855 1204 1135 1259 Σαδϐἀτου
1163 1204 1365 1276 ἡμέρα,
1400 1204 1541 1275 ἔχεις
1572 1204 1673 1268 τάς

90 1301 236 1371 τρεῖς
278 1298 527 1366 νύκταςᾼ
555 1296 798 1369 Ζήτησόν
831 1313 922 1367 μοι
962 1296 1146 1349 λοιπὸν
1177 1296 1277 1367 τὴν
1307 1296 1673 1366 ἀναστάσιμον

92 1391 253 1459 ὥραν,
284 1389 382 1443 καὶ
413 1388 665 1459 εὑρήσεις
701 1387 800 1459 τὴν
833 1388 890 1439 ἐν
913 1390 1027 1451 τοῖς
1052 1387 1367 1458 εἰρημένοις
1395 1386 1670 1457 ἀλήθειαν.

93 1483 225 1535 Πότε
254 1476 352 1535 οὖν
369 1480 549 1548 τοῦτο;
587 1479 733 1550 Ὀψὲ
749 1478 1088 1542 Σαϐὄὰτων,
1104 1478 1377 1543 Ματθαίος
1398 1478 1668 1549 βοᾷ.Αὖτη

91 1590 165 1624 τοι
191 1573 225 1643 ή
248 1571 372 1642 ὥρα
400 1570 503 1641 τῆς
519 1570 888 1633 Ἀναστάσεως
914 1567 1053 1622 κατά
1069 1568 1167 1639 τὴν
1188 1568 1282 1622 τοῦ
1306 1568 1537 1638 ἀγγέλου
1569 1585 1676 1637 φω-

92 1667 203 1733 νήν.
236 1659 410 1726 Οὗτος
435 1663 559 1734 ὄρος
582 1661 683 1732 τῆς
713 1662 771 1714 ἐν
804 1660 1001 1732 καρδίᾳ
1026 1660 1127 1731 τῆς
1157 1661 1259 1730 γῆς
1281 1659 1556 1729 διαγωγῆς
1580 1657 1672 1713 τοῦ

1771 474 1933 522 nocte
1960 466 2052 520 illa
2079 474 2307 536 propter
2336 464 2471 519 solis
2501 466 2940 521 obscurationem
2971 463 3257 533 interiecta
3287 465 3343 519 in

1771 559 1890 614 dies
1928 558 2069 614 duos
2116 566 2172 613 et
2228 568 2444 612 noctem
2494 572 2657 611 unam
2697 557 2872 611 divisa
2920 564 3028 611 est.
3086 554 3244 621 Nam,
3294 557 3342 612 si

1776 652 1922 708 Deus
1951 662 2168 708 noctem
2218 654 2474 709 tenebras
2512 653 2803 723 appellavit
2827 654 2892 719 ³¹,
2925 653 3103 709 tribus
3161 660 3341 707 autem

1774 744 1927 800 boris
1949 745 2187 801 tenebrae
2205 744 2362 800 factae
2389 754 2518 801 sunt
2541 760 2704 815 super
2722 745 3033 801 universam
3047 752 3251 801 terram
3272 743 3341 807 ³²,

1775 837 2013 906 spatium
2049 836 2184 890 illud
2208 837 2264 890 in
2302 836 2406 891 diei
2445 837 2627 891 medio
2671 836 3033 891 constitutum
3066 851 3174 890 nox
3219 836 3342 898 fuit,

1776 943 1898 998 quae
1927 928 2158 995 singulis
2213 928 2364 983 illius
2413 944 2480 983 ex
2529 936 2761 998 utraque
2800 938 2957 998 parte
3010 928 3343 984 sectionibus

1777 1021 1939 1075 binos
1966 1020 2084 1075 dies
2116 1019 2365 1075 definivit
2412 1039 2425 1075 :
2470 1035 2641 1074 unum
2673 1018 2891 1089 quidem
2944 1019 3013 1074 ab
3054 1027 3179 1074 ortu
3214 1020 3346 1074 solis

1776 1128 1954 1183 usque
1983 1112 2050 1166 ad
2077 1122 2283 1167 sextam
2332 1113 2547 1177 horam,
2591 1112 2827 1166 alterum
2883 1118 3065 1166 autem
3095 1111 3162 1165 ab
3213 1112 3345 1166 hora

1776 1219 1922 1260 nona
1951 1219 2124 1273 usque
2154 1204 2219 1259 ad
2259 1218 2568 1275 vesperam.
2595 1202 2774 1273 Atque
2806 1202 2883 1257 ita
2909 1203 3047 1257 duas
3095 1201 3207 1272 jam
3247 1218 3347 1257 no-

1777 1304 1894 1351 ctes
1934 1295 2221 1359 habemus,
2262 1302 2317 1351 et
2372 1294 2596 1351 totidem
2632 1294 2770 1350 dies.
2806 1292 2946 1348 Hinc
2980 1292 3206 1347 Sabbati
3236 1308 3348 1347 nox

1777 1396 1863 1442 est
1890 1387 2206 1452 subsecuta,
2243 1394 2299 1442 et
2329 1385 2550 1442 Sabbati
2573 1385 2713 1443 dies.
2736 1385 2816 1441 Ex
2842 1386 3044 1457 quibus
3075 1393 3187 1441 tres
3203 1384 3344 1449 dies,

1779 1487 1836 1535 et
1884 1490 2079 1535 noctes
2132 1481 2317 1536 itidem
2357 1487 2471 1536 tres
2511 1480 2901 1536 conﬁciuntur.
2934 1478 3231 1550 Reliquum
3262 1487 3349 1535 est

1778 1578 1837 1625 ut
1867 1572 2288 1629 resurrectionis
2323 1572 2511 1627 horam
2561 1573 2945 1644 inquiramus:
2988 1587 3098 1644 qua
3125 1572 3347 1643 quidem

1779 1662 2025 1728 inventa,
2065 1664 2269 1719 veritas
2313 1663 2573 1720 exstabit.
2627 1662 2857 1731 Quando
2906 1665 3075 1735 igitur
3104 1664 3350 1720 surrexit

92 1757 317 1828 Κυρίου.
334 1756 605 1828 Ἐσπέρας
616 1755 724 1826 γὰρ
741 1754 841 1825 ήδη
865 1753 1085 1825 βαθείας
1104 1754 1479 1824 γεγενημένης
1502 1752 1674 1825 (ἀρχὴ

1778 1752 2084 1810 Dominus?
2115 1750 2334 1825 Vespere
2361 1754 2719 1810 Sabbatorum
2737 1797 2754 1823 ,
2790 1755 2891 1811 tibi
2926 1755 3214 1811 Matthaaus
3239 1756 3350 1809 cla-

92 1851 141 1903 δὲ
165 1847 235 1921 ἦν
288 1850 390 1921 τῆς
416 1849 609 1913 νυκτὸς
642 1849 859 1918 ἐκείνης
888 1848 922 1920 ή
951 1847 1178 1921 ἑσπέρα,
1205 1846 1273 1918 ἢν
1309 1846 1609 1917 διαδέχεται
1637 1845 1673 1915 ή

94 1942 186 2012 μία
207 1940 320 1995 τῶν
350 1939 643 1994 Σαὸϐἀτων
679 1939 862 2011 ήμέρα
881 1940 924 2011 ),
970 1939 1089 1993 τότε
1120 1940 1149 1992 6
1194 1937 1416 2009 σεισμὸς
1444 1937 1671 2006 γίνεται.

94 2033 219 2086 Τότε
249 2034 281 2085 6
309 2032 750 2102 καταπράπτων
789 2033 901 2096 τοῖς
942 2030 1233 2102 ἐνδύμασιν
1275 2029 1504 2100 ἄγγελος
1542 2030 1677 2082 ἀπο-

93 2125 264 2177 κυλίει
289 2123 382 2177 τὸν
412 2122 559 2176 λίθον
585 2121 680 2175 τοῦ
707 2122 998 2194 μνημείου.
1026 2123 1092 2175 Αἱ
1119 2122 1178 2175 δὲ
1193 2124 1453 2191 γυναῖκες
1483 2119 1676 2191 μικρὸν

93 2215 507 2287 ἐπορθρίσασαι,
534 2213 938 2285 ὑποφαινούσης
966 2214 1065 2285 ἤδη
1094 2214 1193 2285 τῆς
1220 2215 1252 2285 ή
1263 2212 1331 2284 μέ
1343 2230 1441 2283 ρας
1471 2211 1534 2264 τὸ
1554 2211 1678 2280 φέγ-

93 2326 203 2377 γος,
226 2308 307 2371 ὡς
332 2307 429 2360 καί
461 2323 582 2360 τινα
623 2306 852 2378 ἡλιακὴν
885 2305 1058 2375 αύγὴν
1092 2306 1192 2376 τῆς
1215 2304 1483 2373 ἀνατολῆς
1507 2304 1677 2373 ὑπερ-

93 2399 403 2471 φαίνεσθαι,
429 2399 549 2453 τότε
577 2397 847 2469 ἱστοροῦσι
874 2396 974 2467 τὴν
996 2396 1098 2468 ήδη
1126 2393 1502 2465 γεγενημένην
1540 2392 1676 2447 ἀνά·

96 2510 319 2547 στασιν·
353 2493 410 2545 αἳ
442 2492 504 2544 τὸ
530 2491 631 2561 μὲν
660 2489 844 2560 θαῦμα
875 2489 1138 2558 ἔγνωσαν,
1179 2487 1279 2558 τὴν
1316 2487 1373 2540 δὲ
1406 2485 1553 2557 ὤραν
1575 2486 1675 2538 οὐκ

96 2585 469 2656 ἐδιδάχθησαν.
491 2584 613 2636 Ὅτι
648 2582 746 2653 μὲν
771 2580 880 2653 γὰρ
909 2580 1141 2653 ήγέρθη,
1188 2574 1310 2632 εἷπε
1342 2578 1479 2649 πρὸς
1503 2578 1675 2642 αὑτὰς

93 2680 122 2731 6
152 2676 387 2745 ἄγγελος
414 2692 428 2707 ·
475 2674 538 2727 τὸ
565 2673 620 2726 δὲ
658 2673 811 2736 πότε,
844 2670 923 2741 τῷ
966 2673 1169 2743 ῥήματι
1212 2672 1274 2724 οὐ
1314 2669 1671 2742 προσέθηκεν.

108 2767 247 2820 Ἀλλ’
295 2769 324 2820 6
371 2765 544 2836 μέγας
592 2763 867 2826 Ματθαῖος
913 2763 1071 2833 μόνος
1120 2762 1229 2815 τῶν
1275 2760 1675 2830 εὐαγγελιστῶν

96 2862 317 2913 πάντων
339 2858 430 2911 τὸν
456 2857 647 2927 καιρὸν
677 2856 744 2909 δι’
770 2855 1058 2927 ἀκριϐείας
1081 2855 1482 2925 ἐπεσημήνατο,
1506 2852 1675 2907 εἰπὼν

94 2953 190 3023 τὴν
221 2950 462 3023 ἑσπέραν
489 2945 629 3003 εἶναι
647 2948 743 3002 τοῦ
767 2949 1069 3011 Σαϐϐάτου,
1098 2946 1196 3019 τὴν
1224 2946 1373 3018 ὥραν
1392 2947 1491 3017 τῆς
1522 2947 1677 3001 Ἀνα-

100 3061 370 3108 στασεως.

1778 1864 1838 1904 ra
1870 1863 2003 1902 voce
2042 1846 2330 1903 denuntiat
2350 1848 2417 1902 ³³.
2453 1848 2578 1903 llaec
2610 1855 2697 1904 est
2733 1847 3160 1904 resurrectionis
3189 1848 3349 1914 hora,

1776 1940 2079 1997 secundum
2137 1939 2317 2010 angeli
2368 1954 2579 1995 vocem.
2613 1939 2715 1996 Hic
2754 1940 3022 1996 terminus
3070 1939 3173 1996 fuit
3200 1956 3351 1997 com-

1776 2030 2102 2087 morationis
2128 2029 2345 2085 Domini
2396 2031 2451 2085 in
2482 2031 2649 2087 corde
2695 2039 2876 2087 terrae.
2933 2030 3174 2102 Vespera
3202 2032 3347 2089 enim

1773 2123 1886 2195 jam
1917 2122 2209 2194 profunda,
2244 2137 2368 2193 qua:
2394 2121 2613 2192 quidem
2656 2138 2885 2195 vespera
2935 2124 3138 2191 noctis,
3185 2138 3350 2195 quam

1776 2229 1884 2270 una
1912 2214 2275 2270 Sabbatorum
2299 2214 2419 2271 dies
2446 2214 2827 2285 consequitur,
2855 2215 3187 2287 principium
3210 2227 3351 2280 erat,

1777 2313 2119 2362 terraemotus
2151 2304 2332 2362 factus
2356 2313 2457 2371 est.
2493 2305 2649 2361 Tunc
2688 2306 2918 2377 angelus
2953 2306 3008 2360 in
3057 2305 3351 2360 vestimen-

1775 2398 1849 2454 tis
1888 2396 2104 2468 fulgens
2134 2398 2367 2453 revolvit
2393 2398 2628 2469 lapidem
2672 2398 3036 2453 monumenti.
3091 2397 3349 2453 Mulieres

1779 2496 1963 2544 autem
1985 2504 2145 2543 mane
2167 2498 2479 2560 surgentes,
2510 2504 2635 2544 cum
2662 2489 2769 2566 diei
2790 2490 2902 2560 jam
2924 2490 3017 2545 lux
3043 2499 3351 2561 appareret,

1775 2590 1831 2639 et
1856 2580 2090 2637 orientis
2118 2581 2254 2638 solis
2305 2582 2567 2651 splendor
2618 2589 2960 2648 cerneretur,
3004 2592 3116 2636 tum
3174 2584 3350 2637 visqu

1776 2677 2011 2741 pergunt
2038 2671 2523 2735 resurrectionem,
2566 2688 2688 2742 qua:
2718 2671 2832 2741 jam
2886 2671 3034 2727 facta
3084 2682 3245 2729 erat:
3298 2682 3353 2728 et

1775 2762 2102 2817 miraculum
2132 2762 2355 2832 quidem
2388 2772 2785 2833 cognoverunt,
2822 2764 3011 2819 horam
3038 2775 3215 2820 autem
3243 2781 3353 2837 qua

1775 2852 2116 2923 contigisset,
2151 2868 2261 2907 non
2303 2851 2633 2908 didicerunt.
2668 2854 2910 2924 Angelus
2960 2856 3108 2911 enim
3162 2872 3351 2913 surre-

1776 2944 1923 2999 xisse
1953 2943 2175 3013 quidem
2209 2930 2515 2999 Dominum}
2551 2944 2863 3010 nuntiavit;
2897 2946 3118 3017 quando
3169 2957 3351 3003 autem

1778 3035 2100 3101 surrexerit,
2134 3050 2243 3090 non
2272 3034 2550 3105 patefecit.
2581 3035 2651 3090 At
2681 3052 2913 3108 magnus
2941 3038 3226 3094 Matthaeus
3257 3056 3350 3097 so-

98 3140 184 3192 lus
227 3153 293 3192 ex
352 3135 612 3191 omnibus
653 3131 1006 3204 evangelistis
1059 3138 1277 3202 tempus
1325 3139 1583 3188 accurate
1628 3129 1945 3199 descripsit,
2008 3128 2201 3183 dicens
2244 3127 2693 3185 Resurrectionis
2757 3129 2952 3186 horam
2998 3130 3171 3187 fuisse
3212 3129 3347 3189 Sab-

95 3233 206 3287 bati
234 3243 541 3297 vesperam.

168 3324 233 3377 Εἰ
260 3321 320 3375 δὲ
349 3319 525 3375 ταῦτα
551 3318 738 3372 τοῦτον
766 3317 879 3388 ἔχει
905 3316 998 3370 τὸν
1029 3316 1248 3389 τρόπον,
1291 3317 1670 3389 ἓστηκενήμῖν

1843 3313 1977 3379 Qua:
2006 3328 2131 3369 cum
2168 3314 2243 3368 ita
2273 3328 2333 3369 se
2365 3313 2623 3379 habeant,
2655 3322 2873 3371 constat
2902 3316 3063 3372 nobis
3108 3316 3349 3387 prmtini-

94 3416 132 3485 ὴ
157 3411 491 3483 προθεσμία,
530 3410 640 3465 ἀπὸ
667 3410 767 3480 τῆς
796 3408 935 3480 μετά
972 3408 1069 3480 τὴν
1091 3409 1370 3481 ,πέμπτην
1412 3406 1670 3479 ἑσπέρας,

96 3508 175 3569 είς
213 3507 317 3576 τὴν
349 3504 444 3557 τοῦ
473 3503 754 3557 Σαδϐάτου
796 3502 1035 3573 ἑσπέραν
1074 3500 1530 3573 διαμετρουμένου
1578 3499 1674 3553 τοῦ

97 3596 315 3667 χρόνου,
360 3596 461 3665 τῆς
491 3593 787 3665 ἐμϐολίμου
816 3592 1011 3656 νυκτὸς
1031 3630 1048 3655 ,
1097 3592 1281 3656 καθὼς
1313 3590 1550 3664 εἴρηται,
1575 3590 1676 3662 τὴν

99 3686 456 3759 παρασκευὴν
493 3688 573 3749 εἰς
615 3685 827 3757 ἡμέρας
854 3684 948 3739 δύο
983 3684 1077 3739 καὶ
1104 3684 1273 3739 νύκτα
1309 3684 1440 3755 μίαν
1466 3700 1677 3756 κερμα-

96 3781 373 3850 τιζούσης.
408 3778 555 3831 Ἔδει
582 3778 692 3849 γὰρ
715 3777 807 3830 ἐπὶ
840 3777 935 3831 τοῦ
963 3776 1316 3841 δεσπόζοντος
1341 3778 1400 3829 ἐν
1426 3779 1492 3848 τῇ
1521 3776 1678 3829 δυνα-

100 3874 248 3944 στείᾳ
275 3870 447 3926 αὐτοῦ
468 3871 564 3925 τοῦ
600 3871 814 3936 αἰῶνος,
854 3871 929 3943 μὴ
952 3872 1064 3935 τοῖς
1095 3869 1544 3941 συντεταγμένοις
1584 3867 1674 3922 τοῦ

99 3964 287 4033 χρόνου
323 3961 545 4034 μέτροις
582 3961 653 4015 τὰ
683 3961 820 4033 ἔργα
860 3962 981 4014 κατ’
1028 3961 1275 4033 ἀνάγκην
1306 3961 1679 4035 συμπαρατεί-

97 4054 282 4107 νεσθαι
303 4068 321 4083 ·
349 4051 487 4105 ἀλλὰ
507 4051 646 4122 πρὸς
671 4049 772 4122 τὴν
793 4050 900 4104 τῶν
920 4050 1088 4104 ὄντων
1115 4050 1304 4122 χρείαν
1334 4051 1675 4121 καινοτομεῖ-

99 4147 218 4200 σθαι
246 4144 346 4199 τοῦ
366 4144 563 4216 χρόνου
584 4145 653 4198 τὰ
676 4144 870 4215 μέτρα,
904 4144 1000 4196 καὶ
1028 4142 1429 4215 συντομώτερον
1449 4142 1547 4215 τὴν
1568 4140 1679 4196 τῶν

98 4237 318 4306 ἀγαθῶν
350 4237 632 4308 ἐνέργειαν
660 4234 761 4305 τῆς
793 4230 945 4299 θείας
990 4235 1271 4301 δυνάμεως
1300 4234 1675 4307 ἐπιτελούσης,

100 4326 447 4398 κολοὸώτερα
483 4325 578 4379 τοῦ
622 4326 816 4398 χρόνου
854 4325 1230 4396 σχεδιασθῆναι
1259 4326 1326 4379 τὰ
1357 4325 1530 4397 μέτρα
1554 4343 1568 4356 ·
1603 4325 1679 4389 ὡς

105 4421 234 4490 μήτε
261 4418 525 4472 ἐλάττονα
567 4417 676 4472 τῶν
701 4416 868 4490 τριῶν
901 4421 1010 4489 ήμε
1020 4417 1127 4491 ρῶν
1167 4417 1388 4472 καὶτῶν
1413 4417 1681 4472 τοσούτων

102 4509 308 4565 νυκτῶν
332 4509 705 4581 ἀριθμηθῆναι
731 4509 820 4563 τὸν
849 4510 1061 4580 χρόνον.
1120 4509 1338 4581 Ἐπειδὴ
1366 4509 1555 4564 τοῦτον
1588 4509 1679 4565 τὸν

102 4599 333 4671 ἀριθμὸν
362 4601 393 4653 6
437 4600 698 4672 μυστικὸς
734 4602 832 4656 καλ⁸
872 4601 1183 4674 ἀπόρρητος
1214 4602 1462 4674 ἐπιζητεῖ
1496 4602 1673 4672 λόγος,

1774 3414 1892 3460 tum
1926 3405 2093 3461 tridui
2126 3406 2366 3477 spatium
2395 3420 2427 3460 a
2447 3421 2673 3475 vespera
2700 3413 2825 3477 post
2861 3409 3109 3479 quintam
3156 3424 3338 3480 usque

1775 3498 1843 3551 ad
1893 3513 2176 3568 vesperam
2230 3497 2457 3554 Sabbati
2502 3506 2717 3568 tempus
2785 3501 3209 3556 resurrectionis
3269 3503 3349 3555 ita

1774 3589 2210 3657 dimetientibus,
2268 3598 2329 3645 ut
2384 3590 2671 3661 interiecta
2708 3605 2838 3657 nox,
2887 3592 3353 3662 quemadmodum

1775 3682 1981 3737 dictum
2010 3690 2116 3749 est,
2157 3691 2610 3747 connumeretur,
2640 3698 2763 3754 quae
2786 3698 3118 3755 parasceven
3151 3686 3207 3741 in
3230 3684 3351 3740 dies

1775 3774 1917 3830 duos
1946 3783 2003 3829 et
2028 3783 2245 3830 noctem
2287 3790 2453 3829 unam
2502 3776 2760 3845 partitur.
2802 3775 3041 3831 Decebat
3087 3777 3255 3842 enim,
3288 3787 3348 3831 ut

1775 3864 1832 3920 in
1871 3865 1993 3935 ejus
2025 3866 2279 3936 imperio,
2310 3867 2404 3937 qui
2442 3867 2662 3923 saeculis
2691 3866 3027 3934 dominatur,
3076 3883 3218 3923 nova
3256 3884 3348 3921 ra-

1775 3954 1926 4010 tione
1955 3956 2135 4026 spatia
2166 3956 2429 4027 temporis
2469 3958 3021 4013 accommodarentur
3052 3959 3119 4013 ad
3164 3974 3351 4014 rerum

1775 4045 2090 4111 utilitatem,
2121 4062 2232 4103 non
2262 4058 2444 4104 autem
2478 4065 2569 4105 res
2592 4050 2910 4107 necessario
2945 4052 3165 4107 statutis
3211 4058 3349 4105 tem-

1775 4138 1930 4208 poris
1982 4138 2238 4195 terminis
2280 4140 2727 4207 extenderentur,
2779 4150 2835 4198 et
2871 4141 3060 4197 divina
3104 4143 3347 4213 potentia

1776 4228 2014 4285 celerius
2040 4228 2185 4283 bona
2210 4230 2373 4286 nobis
2398 4230 2468 4285 ad
2496 4232 2703 4287 exitum
2733 4232 3084 4303 perducente,
3131 4233 3348 4288 termini

1778 4319 2043 4389 temporis
2073 4320 2149 4375 ita
2181 4321 2661 4388 contraherentur,
2696 4332 2753 4378 ut
2788 4339 2898 4379 non
2953 4325 3240 4395 pauciores
3265 4333 3349 4378 ta-

1775 4425 1922 4477 men,
1965 4427 2129 4481 quam
2160 4421 2272 4470 tres
2311 4414 2433 4470 dies
2488 4423 2544 4470 et
2595 4416 2822 4472 totidem
2860 4426 3051 4473 noctes
3091 4418 3348 4473 contine-

1776 4512 1920 4558 rent.
1953 4501 2110 4559 Hunc
2133 4506 2280 4561 enim
2315 4521 2607 4562 numerum
2635 4509 2869 4580 mystica
2896 4516 2951 4565 et
2971 4524 3175 4565 arcana
3208 4512 3359 4565 ratio

1778 4594 2112 4665 postulabat,
2134 4611 2204 4652 ne
2223 4597 2385 4653 solita
2419 4598 2633 4654 dierum
2655 4609 2709 4654 et
2732 4599 2972 4655 noctium
3001 4602 3178 4671 spatia
3206 4603 3351 4657 cele-

106 4692 236 4761 μήτε
266 4691 343 4745 τὰ
387 4692 595 4761 συνήθη
635 4691 746 4746 τῶν
774 4692 998 4764 ἡμερῶν
1028 4710 1087 4746 τε
1115 4693 1211 4747 καὶ
1236 4693 1445 4749 νυκτῶν
1472 4695 1674 4766 ἀναμέ-

1782 4700 1897 4743 rem
1961 4688 2162 4745 divinae
2208 4691 2434 4747 virtutis
2500 4692 2771 4748 actionem
2824 4694 3186 4751 retardarent.
3243 4697 3353 4763 Qui

104 4800 298 4837 νουσαν
324 4782 673 4855 διαστήματα
705 4783 841 4855 πρὸς
882 4784 942 4837 τὸ
967 4785 1130 4855 τάχος
1158 4784 1256 4857 τῆς
1276 4786 1554 4857 ἐνεργείας
1577 4787 1676 4858 τὴν

105 4872 249 4926 θείαν
290 4873 679 4944 ἐμποδίζεσθαι
719 4874 965 4946 δύναμιν.
1011 4875 1074 4931 '0
1116 4877 1225 4949 γὰρ
1265 4876 1514 4944 ἐξουσίαν
1538 4877 1675 4949 έχων

104 4964 191 5016 καὶ
229 4964 410 5018 θεῖναι
449 4964 544 5034 ἀφ’
586 4965 779 5019 ἑαυτοῦ
816 4966 917 5037 τὴν
957 4966 1136 5039 ψυχὴν
1159 4969 1252 5023 καὶ⁵
1273 4968 1558 5023 ἀναλαὸεἰν
1586 4970 1675 5022 ὅτε

104 5052 374 5117 ἐϐούλετο,
423 5051 669 5116 ἐξουσίαν
716 5049 861 5124 εἶχεν
893 5053 969 5117 ὡς
1015 5055 1243 5127 ποιητὴς
1288 5056 1398 5110 τῶν
1439 5057 1672 5123 αἰώνων,

102 5143 218 5213 οὐχὶ
244 5142 535 5197 δουλεῦσαι
573 5143 660 5196 διὰ
684 5144 792 5199 τῶν
819 5144 994 5216 ἔργων
1018 5146 1098 5216 τῷ
1128 5148 1324 5219 χρόνῳ,
1360 5147 1496 5201 ἀλλά
1518 5150 1678 5220 ποιῆ-

105 5250 188 5286 σαι
226 5234 375 5288 κατά
405 5234 477 5287 τά
498 5234 634 5306 ἔργα
660 5235 751 5289 τὸν
780 5237 990 5307 χρόνον.
1040 5238 1182 5291 Ἀλλ’
1206 5238 1359 5293 οὔπω
1389 5238 1484 5293 τοῦ
1521 5239 1681 5310 μεγίξ

106 5341 226 5378 στου
252 5326 366 5379 τῶν
399 5327 705 5396 κεφαλαίων
730 5330 758 5382 6
780 5329 937 5397 λόγος
965 5329 1163 5400 ἥψατο.
1200 5333 1393 5402 Ζητεῖν
1417 5332 1526 5404 γὰρ
1551 5332 1679 5397 τοὺς

107 5417 602 5489 φιλομαθεστέρους
626 5419 794 5485 είκὺς,
818 5419 937 5484 πῶς
965 5421 1024 5474 ἐν
1049 5421 1128 5491 τῷ
1148 5423 1325 5495 χρόνῳ
1348 5423 1527 5494 τρισὶν
1551 5425 1679 5478 ἐαυ-

105 5508 190 5562 τὸν
223 5510 253 5562 6
295 5510 502 5583 Κύριος
552 5511 755 5579 δίδωσι,
794 5515 861 5585 τῇ
900 5530 961 5567 τε
993 5513 1191 5587 καρδίᾳ
1222 5515 1322 5586 τῆς
1344 5516 1448 5587 γῆς
1475 5517 1568 5570 καὶ
1599 5516 1678 5586 τῷ

174 5686 218 5719 ⁸⁸
248 5684 384 5742 Gen.
422 5703 461 5753 ι,
488 5688 540 5743 5.
619 5688 663 5723 "
700 5687 890 5745 Matth.
944 5696 1112 5756 xxvni,
1153 5689 1244 5747 45.

1777 4779 1923 4835 enim
1951 4788 2007 4836 et
2036 4783 2301 4851 ponendae
2323 4791 2380 4838 et
2401 4798 2622 4839 rursum
2651 4788 2931 4841 sumenda:
2969 4788 3184 4853 animae,
3223 4804 3349 4842 cum

1777 4871 1962 4936 vellet,
1992 4872 2228 4928 habebat
2255 4882 2602 4944 potestatem,
2628 4885 2841 4946 poterat
2872 4879 3059 4943 etiam,
3085 4888 3353 4948 tanquam

1779 4964 2105 5019 saculorum
2141 4974 2354 5032 auctor,
2382 4965 2619 5035 eﬂicere,
2641 4976 2701 5022 ut
2732 4968 3041 5024 actionibus
3063 4970 3177 5025 suis
3213 4977 3351 5022 tem-

1780 5071 1885 5127 pus
1919 5056 2231 5122 inserviret,
2275 5073 2388 5112 non
2426 5066 2609 5114 autem
2646 5060 2895 5116 actiones
2935 5061 3185 5129 tempori.
3244 5059 3353 5114 Sed

1781 5162 1966 5203 rerum
1995 5149 2354 5205 maximarum
2380 5158 2545 5220 caput
2580 5152 2822 5207 nondum
2849 5153 3157 5222 attigimus.
3212 5150 3347 5205 Illud

1776 5242 1921 5295 enim
1955 5257 1985 5295 a
2014 5242 2279 5300 studiosis
2302 5246 2544 5314 oportuit
2565 5245 2904 5315 investigari,
2933 5243 3209 5315 quomodo
3242 5259 3355 5298 uno

1778 5337 2078 5406 eodemque
2109 5343 2357 5409 tempore
2379 5337 2645 5395 Dominus
2683 5354 2743 5394 se
2781 5338 2960 5395 tribus
2992 5338 3079 5394 his
3117 5337 3353 5403 dederit,

1778 5424 1931 5480 cordi
1956 5433 2134 5494 terrae,
2170 5428 2425 5499 paradiso
2450 5444 2576 5485 cum
2615 5430 2851 5495 latrone,
2893 5428 3185 5498 Patrisque
3233 5445 3352 5483 ma-

1777 5518 1957 5575 nibus.
2000 5519 2135 5575 Nam
2162 5521 2228 5577 ad
2258 5521 2557 5593 pharisazos
2604 5522 2856 5595 quidem,
2882 5521 3353 5592 quemadmodum,

1320 5691 1366 5724 ³³
1422 5690 1614 5747 Matth.
1655 5708 1847 5758 xxvutt,
1886 5695 1936 5749 Ι.
