3842 6464
473 263 584 322 615

1680 260 1739 318 S.
1770 259 2099 316 GREGORII
2133 251 2428 318 NYSSENI

3635 271 3740 328 6l6

473 379 676 450 inquit,
705 376 879 431 Jonas
928 375 1032 445 fuit
1075 375 1129 429 in
1159 381 1336 430 ventre
1361 351 1466 429 ceti
1518 373 1689 429 tribus
1720 375 1941 430 diebus:
1979 377 2049 429 sic

2157 377 2470 448 παραδείσῳ
2522 377 2619 431 σὺν
2641 356 2740 448 ’τῷ
2765 377 2937 453 λῃστῇ
2967 379 3061 433 καὶ
3090 380 3210 440 ταῖς
3240 379 3520 452 πατρῴαις
3555 387 3736 454 χερσί.

472 473 576 526 erit
604 479 652 524 et
680 467 860 522 Filius
879 469 1106 522 hominis
1129 469 1183 521 in
1213 468 1370 522 corde
1390 477 1542 522 teme
1569 466 1825 522 triduano
1844 475 2056 537 tempo-

474 565 551 617 ris
569 561 747 631 spatio
765 560 832 612 ³⁸.
855 561 934 614 Ad
956 560 1221 614 latronem
1241 568 1445 623 autem,
1472 557 1643 633 Hodie
1664 573 1866 612 mecum
1883 558 1986 611 eris
2003 557 2058 610 in

471 653 728 723 paradiso
741 650 786 681 ³⁸
808 669 822 717 ;
847 650 912 704 ad
931 650 1142 706 Patrem
1166 667 1316 714 vero,
1333 650 1397 704 In
1413 665 1600 704 manus
1621 659 1742 703 tuas
1754 648 2057 704 commendo

473 748 724 816 spiritum
758 758 930 798 meum
955 745 1021 798 ³⁸.
1056 743 1226 798 Nemo
1275 743 1420 798 cnim
1453 749 1548 796 aut
1567 741 1886 812 paradisum
1913 739 2057 809 apud

466 837 683 894 inferos
709 854 831 894 esse
846 838 1063 903 dixerit,
1083 840 1177 890 au’t
1201 836 1408 890 inferos
1431 835 1485 888 in
1502 833 1775 905 paradiso,
1794 832 2054 888 uteodem

475 938 723 998 tempore
762 927 1055 996 utrobique
1095 925 1296 989 fuerit,
1354 932 1448 978 aut
1499 923 1586 978 his
1625 921 1806 978 Patris
1862 937 2057 976 manus

475 1020 730 1076 indicari.
756 1020 824 1073 At
857 1019 974 1074 haec
1005 1018 1092 1089 pie
1126 1016 1606 1072 considerantibus
1639 1030 1710 1070 ne
1753 1016 2055 1086 quaestione

473 1112 697 1183 quidem
725 1111 958 1166 fortasse
984 1109 1274 1167 videantur
1312 1107 1500 1178 digna.
1536 1105 1642 1173 Qui
1681 1104 1827 1162 enim
1868 1106 2054 1160 divina

473 1201 720 1272 potentia
753 1215 853 1256 sua
887 1199 1093 1269 ubique
1123 1207 1227 1265 est,
1262 1198 1310 1252 is
1330 1206 1383 1252 et
1409 1197 1574 1253 rebus
1594 1196 1748 1251 adest
1775 1196 2052 1259 omnibus,

473 1303 528 1348 et
556 1293 706 1347 nullo
730 1290 1044 1346 excluditur
1065 1290 1207 1344 loco.
1244 1287 1444 1343 Verum
1475 1303 1575 1358 ego
1597 1288 1866 1342 rationem
1890 1288 2052 1341 aliam

470 1394 734 1456 praetcrea
770 1383 991 1438 memini
1026 1396 1113 1436 me
1139 1377 1417 1445 didiCisse,
1454 1395 1620 1450 quam
1648 1381 1825 1446 vobis,
1850 1380 1895 1434 si
1931 1381 2052 1450 pla-

462 1486 580 1541 vcet,
625 1474 864 1530 breviter
913 1473 1219 1544 explicabo.
1258 1471 1491 1537 Quando
1544 1469 1780 1540 Spiritus
1827 1479 2056 1525 sanctus

469 1568 529 1622 in
576 1565 861 1636 Virginem
906 1565 1078 1628 venit,
1116 1564 1277 1633 eique
1330 1562 1602 1617 Altissimi
1641 1560 1817 1617 virtus
1856 1562 2052 1617 obum-

374 1694 375 1697 η
469 1659 651 1714 bravit
672 1658 738 1722 ³⁷,
780 1665 841 1711 ut
888 1655 1053 1710 homo
1100 1669 1278 1710 novus
1318 1654 1373 1722 in
1404 1655 1524 1724 ipsa
1573 1655 1909 1724 gigneretur,
1955 1651 2052 1722 qui

2159 466 2305 534 Πρὸς
2347 467 2476 530 τοὺς
2505 467 2832 537 Φαρισαίους
2873 470 2971 538 μὲν
2999 469 3109 540 γάρ
3157 486 3343 540 φησιν,
3383 471 3468 524 ὃτι
3502 473 3738 543 Ὠσπερ

2171 558 2365 626 Ἰωνᾶς
2398 557 2625 641 μὲιινὶῆτν¹
2652 561 2723 615 ἐν
2757 561 2834 629 τῇ
2864 563 3064 628 κοιλίῃ
3104 563 3211 617 τοῦ
3239 563 3460 633 κήτους
3481 605 3496 628 ,
3547 567 3739 634 οὕτως

2155 649 2328 705 ἔσται
2355 653 2452 705 καὶ
2477 655 2511 707 ό
2528 652 2678 720 ’Υἱὸς
2709 653 2819 708 τοῦ
2856 655 3172 722 ἀνθρώπου
3207 655 3278 709 ἐν
3295 656 3371 724 τῇ
3392 658 3608 727 καρδίᾳ
3629 657 3739 726 τῆς

2156 741 2289 812 γῆς,
2313 743 2453 798 κατά
2484 745 2544 798 τὸ
2572 747 2868 816 τριήμερον
2894 746 2989 799 τοῦ
3017 747 3208 817 χρόνου
3241 749 3514 820 διάστημα
3537 770 3550 781 ·
3599 753 3739 824 πρὸς

2155 835 2247 889 τὸν
2275 835 2498 909 λῃστὴν,
2530 838 2612 890 ὅτι
2642 838 2914 907 Σήμερον
2933 840 3064 908 μετ’
3092 839 3240 909 ἐμοῦ
3260 843 3375 911 ἔσῃ
3405 843 3474 896 ὲν
3509 843 3593 909 τῷ
3625 861 3738 898 παι

2145 923 2410 993 ραδείσφ
2433 943 2445 957 ⁸
2478 925 2618 997 πρὸς
2647 927 2704 980 δὲ
2729 928 2821 982 τὸν
2864 929 3106 1001 Πατέρα,
3144 930 3230 984 ὅτι
3271 934 3375 998 Εις
3391 935 3598 1002 χεῖράς
3617 953 3738 990 σου

2154 1020 2512 1088 παρατίθημι
2551 1019 2620 1073 τὸ
2658 1021 2897 1090 πνεῦμὰ
2927 1040 3067 1092 μου.
3104 1023 3241 1079 Οὔτε
3282 1027 3391 1097 γὰρ
3422 1031 3480 1082 ὲν
3505 1031 3741 1102 ὑποχθοο

2153 1111 2285 1176 νίοις
2307 1123 2393 1176 τις
2421 1112 2488 1167 ἂν
2525 1113 2616 1167 τὸν
2663 1113 3027 1186 παράδεισον,
3077 1115 3202 1172 οὔτε
3240 1119 3299 1172 έν
3331 1121 3648 1192 παραδείσῳ
3670 1124 3740 1178 τὰ

2153 1204 2447 1275 ὑποχθόνια
2471 1223 2486 1238 ο
2522 1205 2664 1260 ὥστε
2691 1207 2840 1260 ’κατά
2888 1208 3084 1262 ταύτὸν
3124 1211 3182 1262 έν
3213 1211 3544 1283 ἀμφοτέροις
3569 1213 3738 1280 εἶναι,

2152 1297 2186 1367 ἢ
2217 1300 2374 1368 χεῖρα
2395 1298 2490 1352 τοῦ
2511 1299 2722 1370 Πατρὸς
2749 1298 3002 1368 λέγεσθαι
3027 1300 3217 1355 ταῦτα.
3259 1303 3419 1358 Ἀλλά
3433 1305 3592 1359 τοῦτο
3611 1308 3736 1376 μὲν,
3811 1301 3818 1308 ’

2154 1387 2213 1438 ὲν
2242 1389 2354 1452 τοῖς
2401 1388 2642 1464 εὐσεϐῶς
2684 1389 3054 1461 λογιζομένοις
3095 1392 3256 1463 τυχὸν
3291 1394 3412 1447 οὐδὲ
3451 1393 3742 1467 ζητήσεως

2151 1477 2318 1542 ἄξιον.
2367 1479 2426 1532 Ὀ
2456 1480 2565 1551 γὰρ
2598 1480 2875 1551 πανταχοῦ
2903 1481 2978 1535 ὢν
3013 1482 3100 1537 διὰ
3123 1484 3223 1554 τῆς
3245 1484 3394 1549 θείας
3425 1487 3740 1558 δυνάμεως,

2153 1570 2246 1622 καὶ
2271 1570 2436 1623 παντὶ
2464 1572 2696 1645 πάρεστι
2721 1574 2816 1626 καὶ
2849 1573 3062 1636 οὐδενὸς
3089 1575 3462 1631 ἀπολείπεται.
3505 1576 3655 1646 Ἐγὼ
3681 1579 3740 1632 δὲ

2153 1662 2246 1714 καὶ
2271 1662 2457 1735 ἕτερον
2483 1658 2600 1717 οἶδα
2636 1664 2795 1732 λόγον
2828 1666 2956 1737 περὶ
2979 1665 3168 1722 τούτου
3201 1667 3409 1738 μαθὼν,
3443 1670 3503 1722 ὃν
3543 1670 3739 1740 βουλο-

468 1759 761 1822 propterea
803 1757 1033 1805 vocatus
1071 1754 1156 1803 est
1197 1762 1397 1814 novus,
1425 1746 1575 1817 quod
1607 1761 1640 1800 a
1670 1745 1803 1820 Deo
1851 1754 2049 1817 praeter

2161 1725 2338 1824 μένοις
2360 1719 2487 1826 ύμῖν
2509 1756 2579 1809 δι’
2601 1719 2796 1826 ὀλίέων
2821 1719 3302 1830 ὲκθήσομαιίώτε

463 1846 755 1901 hominum
784 1839 1240 1898 consuetudinem
1271 1849 1488 1895 creatus
1527 1845 1632 1902 est,
1669 1847 1728 1892 ut
1773 1837 1868 1894 Dei
1900 1846 2050 1894 esset

461 1936 810 1994 domicilium
837 1949 951 1988 non
989 1929 1366 1986 manufactum
1397 1949 1412 1997 ;
1448 1944 1625 2000 neque
1653 1930 1800 1984 enim
1841 1929 1894 1982 in
1926 1943 2046 1983 ma-

467 2028 730 2093 nuiactis,
762 2027 867 2081 hoc
894 2033 997 2090 est,
1029 2024 1313 2079 hominum
1345 2038 1513 2093 opera
1560 2021 1901 2076 constructis
1944 2020 2044 2074 Al-

463 2122 719 2178 tissimus
750 2119 961 2174 habitat
983 2117 1050 2183 ⁸⁸,
1076 2127 1207 2171 tunc
1240 2116 1518 2185 Sapientia
1555 2116 1662 2172 sibi
1692 2115 1914 2170 domum
1948 2129 2046 2168 ex-

461 2211 777 2269 adiiieante
794 2210 863 2274 ³³,
895 2208 1320 2264 obumbratione
1369 2214 1633 2277 tanquam
1677 2207 1820 2277 signi
1872 2204 2046 2260 forma

467 2304 624 2360 intus
651 2301 883 2356 aedilicio
910 2300 1232 2366 constituto,
1280 2297 1497 2355 duabus
1523 2299 1632 2354 illis
1661 2299 1930 2369 partibus,
1979 2313 2047 2353 ex

358 2392 360 2394 ’
468 2396 670 2469 quibus
701 2394 939 2448 humana
973 2399 1190 2449 constat
1228 2401 1422 2447 natura
1455 2391 1734 2462 (animum
1761 2400 1814 2446 et
1846 2404 2049 2461 corpus

470 2487 806 2560 intelligo),
856 2486 1104 2557 potentia
1151 2483 1335 2538 divina
1384 2481 1680 2553 conjuncta
1743 2490 1829 2539 est
1853 2489 1881 2547 ,"
1927 2497 2048 2538 sese

469 2585 690 2655 utrique
716 2581 926 2654 pariter
978 2578 1367 2633 commiseens.
1405 2575 1704 2646 Oportebat
1753 2576 1922 2641 enim,
1963 2585 2044 2640 ut,

462 2691 597 2732 cum
666 2683 900 2743 utraque
961 2679 1089 2741 pars
1142 2681 1366 2740 promer
1431 2677 1716 2739 peccatum
1773 2670 2046 2740 supplicio

464 2767 665 2824 mortis
697 2748 843 2822 esset
872 2761 1111 2819 obnoxia
1139 2762 1446 2831 (siquidem
1476 2761 1673 2817 animae
1703 2777 1853 2817 mors
1899 2771 1984 2818 est
2013 2775 2046 2816 a

466 2876 598 2917 vera
621 2862 731 2915 vita
761 2858 1058 2929 sejunclio,
1089 2856 1343 2925 corporis
1381 2864 1561 2908 autem
1613 2869 1762 2911 mors
1800 2863 1886 2910 est
1927 2855 2044 2925 ipsa

465 2953 750 3024 corruptio
799 2962 854 3006 et
918 2949 1282 3019 dissolutio),
1321 2949 1632 3018 oportebat,
1682 2948 1927 3018 inquam,
1982 2955 2044 3002 ut

463 3048 593 3102 vitae
620 3042 936 3113 conjunctio
969 3040 1038 3094 ab
1063 3048 1299 3108 utraque
1346 3044 1518 3107 parte
1548 3044 1778 3091 mortem
1810 3036 2045 3106 eXpelle—

462 3147 571 3194 ret.
607 3136 795 3206 Itaque
837 3133 1124 3188 divinitate
1156 3131 1379 3200 utrique
1422 3128 1663 3183 hominis
1704 3128 1844 3197 parti
1879 3143 2044 3198 copu-

466 3233 602 3296 lata,
638 3230 692 3284 in
731 3237 964 3297 utraque
994 3213 1285 3296 perspicua
1319 3222 1638 3277 exCellentis
1669 3230 1878 3274 natura:
1907 3221 2048 3274 indi-

363 3332 368 3338 '
465 3327 553 3379 cia
607 3330 923 3393 patuerunt.
959 3321 1176 3388 Corpus
1212 3315 1358 3370 enim
1407 3321 1618 3366 attactu
1665 3326 1769 3368 suo
1824 3312 2045 3365 morbos

460 3431 694 3479 curans,
725 3412 1066 3468 divinitatem
1100 3423 1209 3480 prae
1231 3423 1290 3464 se
1323 3405 1532 3462 ferebat
1559 3422 1574 3471 ;
1611 3405 1831 3458 animus
1863 3411 2044 3457 autem

429 3507 432 3511 ’
464 3506 674 3577 potenti
703 3505 793 3557 illa
836 3504 1116 3556 voluntate
1160 3499 1400 3554 divinam
1431 3496 1686 3550 virtutem
1737 3495 2037 3548 indicabat.

427 3619 431 3623 ·
463 3593 937 3664 Quemadmodum
971 3591 1115 3648 enim
1142 3585 1402 3660 tangendi
1435 3602 1636 3643 sensus
1667 3595 1752 3642 est
1797 3585 2045 3654 corporis

462 3690 745 3762 prOprius,
781 3689 860 3741 sic
896 3685 1064 3740 animi
1095 3684 1352 3754 proprius
1380 3690 1463 3737 est
1498 3680 1800 3735 voluntatis
1841 3688 2040 3732 motus.

462 3779 696 3836 Accedit
751 3780 1004 3849 leprosus
1050 3770 1280 3847 corporé
1332 3776 1444 3845 jam
1483 3773 1821 3829 dissolutus
1882 3780 2045 3842 atque

463 3871 772 3929 confectus.
805 3869 1094 3937 Quomodo
1147 3879 1372 3923 curatur
1423 3881 1453 3919 a
1495 3866 1766 3920 Domino?
1814 3865 2044 3920 Animus

464 3966 604 4029 lvult,
659 3961 915 4035 corpus[
955 3961 1195 4032 attingit.
1237 3961 1485 4030 Utroque
1534 3958 1696 4012 modo
1753 3957 2045 4026 expellitur

464 4059 711 4113 morbus.
748 4056 944 4110 Statim
985 4055 1154 4121 enim,
1183 4061 1241 4108 ut
1271 4053 1538 4122 scriptum
1569 4059 1655 4106 est
1675 4050 1745 4116 ⁸ο,
1791 4049 2044 4105 discessit

459 4148 672 4222 abeo]
704 4151 874 4219 lepra.
929 4146 1170 4200 Rursum
1225 4159 1350 4200 cum
1400 4152 1481 4198 tot
1528 4142 1810 4197 hominum
1870 4141 2043 4195 millia

460 4241 611 4313 apud
649 4255 707 4296 se
736 4239 1092 4295 considerent
1131 4237 1188 4291 in
1221 4235 1541 4299 solitudine,
1575 4234 1750 4290 noluit
1777 4247 1872 4287 eos
1897 4231 2043 4301 jeju-

461 4349 570 4388 nos
601 4331 895 4385 dimittere.
929 4329 1179 4382 Manibus
1217 4327 1386 4396 igitur
1437 4341 1605 4394 panes
1636 4324 1816 4394 fregit.

2155 1845 2427 1928 Παρθένον
2466 1847 2525 1901 τὸ
2560 1847 2785 1919 Πνεῦμα
2820 1849 2882 1903 τὸ
2915 1849 3091 1919 ἀγιον,
3123 1852 3217 1904 καὶ
3256 1855 3290 1923 ἠ
3335 1853 3426 1908 τοῦ
3471 1854 3737 1924 Ὑψίστου

2154 1936 2382 2009 δύναμις
2410 1940 2546 2011 αὐτῇ
2574 1941 2920 2006 ἐπεσκίασεν,
2951 1942 3044 1996 ἐπὶ
3070 1942 3151 2014 τῷ
3177 1943 3270 1996 τὸν
3303 1947 3487 1999 καινὸν
3517 1946 3738 2018 ἄνθρω-

2155 2045 2256 2081 πον
2296 2030 2355 2082 ὲν
2386 2031 2523 2100 αὐτῇ
2555 2034 2815 2102 συστῆναι
2839 2032 2968 2102 (τὸν
3004 2032 3092 2086 διὰ
3118 2033 3276 2088 τοῦτο
3298 2036 3482 2090 καινὸν
3515 2036 3740 2106 ὠνομα-

2156 2120 2372 2190 σμένον,
2392 2121 2483 2175 ¹ὅτι
2513 2122 2654 2176 κατά
2673 2121 2804 2176 Θεὸν
2841 2123 3086 2194 ἐκτίσθη,
3124 2125 3185 2178 οὺ
3206 2126 3346 2179 κατά
3382 2126 3738 2198 ἀνθρωπίνην

2156 2211 2462 2283 συνήθειαν,
2493 2211 2635 2266 ὥστε
2685 2213 2934 2281 γενέσθαι
2975 2213 3108 2268 Θεοῦ
3143 2215 3346 2286 δοχεῖον
3387 2217 3742 2288 ἀχειροποίη-

2151 2319 2243 2355 τον
2269 2318 2282 2332 ·
2319 2305 2382 2356 οὐ
2408 2303 2522 2374 ’γὰρ
2561 2307 2802 2359 κατοικεῖ
2826 2305 2884 2359 ἑν
2909 2308 3326 2377 χειροποιήτοις,
3352 2310 3462 2370 τοῖς
3491 2308 3598 2361 ὑπὸ
3632 2310 3740 2361 ἀν-

2123 2412 2126 2414 ’
2152 2393 2404 2462 θρώπων,
2434 2394 2598 2464 λέγω,
2622 2397 3164 2468 κατεσκευασμένοις,
3191 2401 3221 2452 ὁ
3252 2399 3536 2469 Ὗψιστος)
3557 2419 3570 2431 ο
3603 2401 3739 2456 τότε

2150 2485 2336 2548 αὐτοῖς
2376 2486 2467 2539 τὸν
2510 2484 2656 2540 οἷκον
2689 2487 2788 2559 τῆς
2825 2488 3021 2557 Σοφίας
3061 2489 3469 2561 οἰκοδομούσης,
3519 2492 3619 2545 καὶ
3654 2492 3740 2564 τῷ

2149 2575 2249 2646 τῆς
2281 2575 2560 2648 δυνάμεως
2589 2578 2995 2650 ἁποσκιάσματι
3025 2579 3190 2633 οἱονεὶ
3231 2579 3384 2652 τύπῳ
3429 2583 3742 2654 σφραγῖδος

2149 2668 2360 2723 ἔνδοθεν
2403 2668 2948 2741 καταμορφωθέντος,
2992 2671 3112 2724 τότε
3153 2672 3501 2744 ἀμφοτέροις,
3543 2673 3611 2726 δι’
3659 2666 3743 2727 ὧν

2149 2763 2182 2832 ή
2215 2760 2532 2831 ἀνθρωπίνη
2567 2760 2729 2831 φύσις
2758 2762 3052 2831 συνέστηκε
3076 2764 3254 2834 (ψυχῇ
3293 2782 3353 2817 τε
3372 2806 3387 2826 ,
3425 2765 3568 2834 λέγω
3587 2805 3606 2830 ,
3636 2768 3742 2818 καὶ

2149 2853 2434 2923 σώματι),
2482 2853 2515 2923 ἡ
2559 2851 2678 2906 θεία
2732 2855 3125 2925 κατακιρνᾶται
3178 2854 3424 2926 δύναμις,
3479 2857 3745 2929 ἑκατέρῳ

2150 2945 2496 3016 καταλλήλως
2543 2945 2740 3018 ἑαυτὴν
2788 2948 3156 3019 καταμίξασα.
3242 2949 3390 3002 Ἔδει
3450 2950 3556 3020 γὰρ
3621 2951 3744 3005 τῶν

2149 3038 2241 3091 δύο
2276 3037 2481 3091 τούτων
2521 3037 2610 3091 διὰ
2642 3039 2741 3110 τῆς
2781 3041 3062 3112 παρακοῆς
3099 3041 3476 3110 νεκρωθέντων
3513 3044 3743 3116 (ἐπειδὴ

2147 3131 2416 3202 νέκρωσις
2467 3125 2574 3201 ἦν,
2623 3130 2723 3201 τῆς
2771 3131 2866 3202 μὲν
2907 3131 3083 3204 ψυχῆς
3129 3135 3161 3203 ἡ
3219 3131 3319 3202 τῆς
3365 3132 3532 3196 ὅντως
3579 3133 3743 3203 ζωῆς

2147 3221 2496 3293 ἀλλοτρίωσις
2519 3239 2531 3252 ο
2553 3221 2645 3275 τοῦ
2682 3222 2928 3293 σώματος
2956 3223 3013 3276 δὲ
3042 3226 3073 3295 ἡ
3109 3224 3282 3295 φθορά
3309 3240 3367 3276 τε
3407 3217 3515 3277 ’καὶ
3549 3225 3745 3278 διάλυ-

2149 3318 2278 3384 σις),
2307 3313 2633 3386 ἀμφοτέρων
2677 3314 2881 3369 τούτων
2908 3318 2974 3385 τῇ
3011 3317 3261 3386 ἐπιμιξία
3295 3316 3392 3386 τῆς
3421 3316 3566 3385 ζωῆς
3599 3317 3750 3381 ἐξοι-

2148 3405 2404 3475 κισθῆναι
2431 3405 2523 3458 τὸν
2546 3405 2794 3458 θάνατον.
2841 3406 2985 3476 Πρὸς
3014 3406 3272 3475 ἑκάτερον
3298 3406 3472 3460 τοίνυν
3500 3406 3614 3458 τῶν
3641 3409 3746 3460 τοῦ

2146 3497 2432 3568 ἀνθρώπου
2452 3498 2756 3568 τμημάτων
2780 3497 3128 3570 καταλλήλως
3147 3500 3245 3570 τῆς
3275 3499 3525 3570 θεότητος
3558 3501 3632 3569 ἐμ
3648 3518 3748 3568 μι-

2146 3589 2397 3660 χθείσης,
2447 3590 2513 3643 δι’
2569 3591 2894 3661 ἀμφοτέρων
2940 3591 3168 3662 ὲπίδηλα
3218 3591 3314 3662 τῆς
3354 3591 3751 3663 ὑπερεχούσης

2145 3683 2361 3761 φύσεως
2399 3683 2470 3735 τὰ
2514 3682 2869 3754 γνωρίσματα
2907 3679 2994 3755 ἦν.
3060 3683 3133 3735 Τὸ
3164 3683 3262 3752 μὲν
3290 3684 3396 3751 γὰρ
3441 3684 3606 3753 σῶμα
3639 3685 3748 3752 τὴν

2145 3776 2203 3827 ὲν
2237 3773 2386 3844 αύτῷ
2419 3773 2650 3843 θεότητα
2681 3773 2770 3826 διὰ
2801 3774 2899 3841 τῆς
2952 3774 3094 3844 ἁφῆς
3120 3774 3218 3836 τὰς
3251 3774 3418 3837 ἰάσεις
3466 3775 3750 3844 ἐνεργοῦν

2145 3867 2314 3934 ὲπεσή
2324 3880 2505 3935 μαινε·
2523 3865 2556 3935 ἡ
2577 3864 2635 3917 δὲ
2649 3863 2796 3934 ψυχὴ
2813 3863 2890 3935 τῷ
2908 3863 3118 3934 δυνατῷ
3139 3865 3328 3934 ἐκείνῳ
3348 3863 3622 3937 θελήματι
3640 3867 3749 3936 τὴν

2145 3958 2296 4011 θείαν
2331 3951 2666 4011 ἐνεδείκνυτο
2703 3956 2950 4026 δύναμιν.
3015 3957 3224 4028 Ὥσπερ
3255 3957 3363 4027 γὰρ
3397 3958 3430 4026 ἡ
3456 3957 3603 4010 κατά
3637 3957 3749 4029 τὴν

2144 4049 2288 4119 ἁφὴν
2316 4047 2567 4116 αίσθησις
2591 4045 2686 4100 τοῦ
2717 4045 2965 4118 σώματός
2989 4049 3136 4101 ἐστιν
3170 4047 3295 4114 ίδνία,
3321 4045 3462 4100 οὕτω
3491 4048 3593 4101 καὶ
3631 4048 3750 4119 τῆς

2143 4141 2323 4212 ψυχῆς
2371 4143 2405 4212 ἡ
2447 4139 2587 4195 κατά
2634 4141 2953 4210 προαίρεσιν
2993 4139 3227 4210 κίνησις.
3291 4139 3676 4211 Προσέρχεται
3718 4144 3753 4195 ὁ

2144 4234 2346 4307 λεπρὸς
2371 4231 2712 4305 διερῤυηκὼς
2741 4233 2842 4303 ἤδη
2872 4233 2965 4287 καὶ
2991 4232 3360 4304 ἡχρειωμένος
3380 4233 3457 4302 τῷ
3487 4232 3746 4304 σώματι.

2145 4325 2272 4388 Πῶς
2299 4324 2508 4394 γίνεται
2547 4324 2639 4376 ἐπὶ
2675 4323 2865 4377 τούτου
2907 4324 3058 4395 παρά
3099 4323 3194 4377 τοῦ
3227 4323 3432 4394 Κυρίου
3474 4325 3510 4394 ἡ
3545 4325 3750 4391 (ang;

469 4422 541 4476 Ἦ
563 4421 709 4493 ψυχὴ
739 4419 883 4473 θέλει
911 4422 1006 4473 καὶ
1038 4419 1098 4471 τὸ
1127 4417 1284 4488 σῶμα
1309 4457 1324 4471 .
1345 4460 1358 4474 .
1381 4457 1395 4471 .
1422 4419 1456 4488 ἡ
1487 4417 1682 4486 λέπρα.
1726 4418 1899 4471 Πάλιν
1921 4419 2048 4483 τοὺς
2085 4421 2144 4474 ἐν
2171 4417 2391 4480 πολλαῖς
2423 4415 2626 4486 χιλιάσι
2646 4414 2792 4469 ,κατὰ
2807 4415 2904 4486 τὴν
2935 4414 3139 4487 ἔρημον
3192 4413 3339 4485 αὐτῷ
3391 4415 3749 4485 προσεδρεύσ

467 4528 688 4575 σαντας,
733 4509 999 4563 ἀπολῦσαι
1040 4508 1136 4579 μὲν
1185 4509 1402 4578 νήστεις
1461 4508 1519 4560 ού
1551 4507 1731 4560 θέλει·
1778 4511 1900 4572 ταῖς
1959 4511 2118 4581 χερσὶ
2149 4508 2206 4562 δὲ
2239 4507 2522 4568 διακλᾶται
2543 4508 2665 4570 τοὺς
2695 4508 2910 4576 ἄρτους.

537 4602 704 4658 Vides
741 4602 1014 4673 quomodo
1075 4601 1332 4656 divinitas
1381 4601 1598 4671 utrique
1631 4600 1770 4671 parti
1816 4601 2041 4671 conjun-
2072 4605 2118 4660 D

455 4703 556 4750 ecta
589 4707 684 4765 per
709 4702 998 4762 utramque
1025 4684 1372 4755 declaratur,
1402 4705 1546 4744 cum»
1561 4697 1616 4745 et
1659 4704 1860 4760 corpus
1895 4699 2044 4762 agat,

454 4797 523 4844 et
576 4787 793 4842 animus
827 4785 1002 4840 velit?
1057 4783 1255 4839 Verum
1305 4798 1414 4837 non
1461 4791 1544 4838 est
1573 4797 1800 4838 necesse
1865 4792 1925 4837 ut
1956 4799 2046 4838 res

457 4895 661 4935 omnes
708 4876 1056 4932 admirandas
1103 4875 1294 4952 eodem
1327 4884 1486 4944 pacto
1541 4873 1812 4945 perfectas
1853 4891 2047 4931 recen-

459 4987 708 5028 seamus.
743 4968 884 5024 Sunt
916 4969 1061 5024 enim
1100 4968 1355 5022 omnibus
1393 4975 1553 5021 notae.
1580 4965 1945 5033 Quamobrem
1977 4967 2046 5022 ad

461 5063 546 5130 id,
571 5062 730 5132 cujus
760 5061 936 5132 gratia
967 5061 1082 5115 haec
1113 5073 1606 5115 commemoramus
1628 5101 1643 5127 ,
1687 5067 2042 5115 revertemur.

465 5154 753 5223 Quomodo
820 5152 1012 5209 eodem
1053 5161 1299 5224 tempore
1337 5159 1392 5207 et
1449 5153 1591 5222 apud
1629 5152 1853 5216 inferos,
1889 5160 1944 5207 et
1991 5153 2046 5207 in

464 5248 725 5319 paradiso
748 5245 1012 5301 Dominus
1052 5244 1239 5311 fuerit,
1290 5244 1573 5314 quaritur.
1621 5244 1797 5313 Cujus
1826 5245 2046 5314 quidem

460 5339 789 5410 quaestionis
807 5354 914 5393 una
938 5330 1262 5401 solutio'est,
1299 5343 1358 5390 ut
1387 5336 1658 5402 dicamus,
1687 5336 1822 5390 nihil
1861 5337 2046 5391 avium

466 5438 564 5484 aut
595 5430 940 5485 inaccessum
978 5444 1100 5484 esse
1123 5427 1250 5489 Deo,
1285 5427 1338 5480 in
1365 5442 1475 5497 quo
1509 5427 1689 5482 omnia
1712 5429 2042 5483 consistunt.

2227 4599 2390 4672 Ὁρᾷς
2434 4598 2552 4663 πῶς
2588 4598 2655 4651 δι’
2681 4598 3004 4669 ἀμφοτέρων
3028 4599 3062 4668 ἠ
3096 4599 3153 4650 έν
3192 4598 3435 4668 ἐκατέρῳ
3468 4615 3758 4673 συμπαρο

2147 4691 2464 4764 ομαρτοῦσα
2503 4690 2692 4762 θεότης
2732 4689 3115 4761 δημοσιεύεται
3140 4729 3155 4754 ,
3185 4688 3264 4761 τῷ
3310 4707 3368 4743 τε
3410 4692 3759 4760 ἐνεργοῦντι

2145 4787 2376 4858 σώματι,
2414 4786 2510 4838 καὶ
2551 4787 2618 4856 τῇ
2647 4786 2791 4856 ὁρμῇ
2835 4783 2928 4837 τοῦ
2961 4784 3021 4838 ὲν
3053 4785 3122 4854 τῇ
3152 4783 3293 4853 ψυχῇ
3321 4783 3614 4854 γινομένου
3645 4785 3756 4840 θε-

2143 4877 2401 4947 λήματος.
2448 4876 2557 4928 Καὶ
2579 4874 2631 4929 τί
2681 4877 2785 4945 χρὴ
2819 4875 2996 4928 πάντα
3022 4873 3270 4938 διεξιέναι
3303 4873 3442 4926 αὐτὰ
3468 4873 3762 4944 θαύματα.

2141 4955 2512 5038 ὁμοιοτρόπως
2561 4963 2985 5035 ἐπιτελούμενα,
3033 4967 3145 5028 τοῖς
3183 4963 3467 5035 προδήλοις
3500 4967 3762 5036 ὲνασχοο

2143 5060 2338 5114 λοῦντα
2385 5060 2483 5114 τὸν
2530 5060 2724 5129 λόγον;
2773 5059 2911 5112 Ἀλλ’
2951 5053 3014 5114 οὗ
3056 5058 3214 5129 χάριν
3261 5057 3369 5111 τῶν
3414 5058 3763 5129 εἰρημένων

2143 5151 2442 5225 ἐμνήσθην,
2484 5152 2622 5225 πρὸς
2661 5153 2837 5204 ἐκεῖνο
2859 5150 2953 5206 καὶ
2995 5150 3393 5222 μεταϐήσομαι.
3425 5150 3556 5214 Πῶς
3585 5155 3766 5206 κατὰ

2142 5245 2337 5298 ταύτὸν
2377 5245 2471 5299 καὶ¹
2500 5247 2560 5297 ὲν
2601 5243 2680 5314 τῷ
2723 5243 2822 5315 ᾄδῃ
2860 5244 2957 5298 καὶ
2987 5245 3046 5297 ἐν
3077 5243 3154 5314 τῷ
3184 5241 3500 5312 παραδείσῳ
3542 5244 3574 5296 ὁ
3625 5244 3768 5297 Κύ-

2146 5353 2297 5407 ριος;
2323 5331 2398 5391 05
2430 5336 2743 5407 ζητήματος
2768 5336 2921 5399 λύσις
2947 5335 3065 5388 ἐστὶ
3091 5335 3210 5406 μία,
3238 5333 3298 5387 τὸ
3330 5333 3501 5405 μηδὲν
3525 5334 3765 5389 ἄϐατον

2142 5422 2282 5480 εἶναι
2306 5427 2459 5499 Θεῷ,
2509 5429 2567 5482 ὲν
2692 5429 2761 5483 τὰ
2803 5428 2982 5482 πάντα
3008 5427 3354 5498 συνέστηκεν.
3420 5425 3627 5497 Ἑτέρα
3683 5427 3767 5480 δὲ

544 5631 589 5661 ³¹ι
619 5630 807 5685 Matth.
845 5648 942 5693 xu,
978 5633 1068 5687 40.
1147 5633 1191 5664 ³⁸
1225 5632 1356 5685 Luc.
1411 5647 1566 5688 nul.
1619 5631 1707 5686 45.
1786 5633 1829 5665 ³⁸
1858 5633 2010 5700 ι1›ιι1.,
2045 5663 2049 5676 ι

2210 5633 2252 5666 ³⁷
2280 5634 2410 5689 Luc.
2445 5650 2478 5700 l,
2530 5635 2616 5690 35.
2699 5635 2741 5667 ³⁸
2770 5633 2889 5689 Act.
2935 5649 3063 5697 mn,
3097 5632 3186 5686 2i.
3264 5631 3307 5662 ³⁸
3342 5629 3505 5684 Prov.
3557 5645 3636 5694 Ix,
3685 5631 3757 5686 1.

405 5704 408 5707 ’
470 5701 518 5733 ⁸ο
552 5701 740 5756 Matth.
785 5719 900 5768 vm,
943 5705 995 5758 5.
1074 5704 1115 5735 ⁸¹
1157 5702 1347 5758 Matth.
1383 5718 1471 5767 XV,
1502 5702 1570 5754 ’52
1599 5719 1717 5772 εψιο
