3842 6466
109 337 215 392 617

1069 341 1138 398 IN
1178 341 1453 399 CHRISTI
1495 338 2128 398 RESURRECTIONEM
2169 342 2375 398 ORAT.
2415 342 2456 397 I.

3287 337 3391 391 6I8

116 453 249 524 πρὸς
278 453 348 525 ἢν
381 452 476 507 νῦν
502 455 531 508 6
559 453 715 525 λόγος
743 457 929 528 βλέπει
954 476 967 489 ·
1000 460 1083 512 ὃτι
1121 459 1242 514 ὅλον
1289 462 1381 514 τὸν
1405 461 1695 532 ἄνθρωπον

1806 460 1984 516 Altera
2019 461 2219 516 solutio
2257 470 2341 517 est
2366 461 2480 522 illa,
2505 460 2570 513 ad
2597 475 2759 529 quam
2790 472 2936 512 nunc
2969 453 3148 510 oratio
3199 462 3389 511 nostra

111 542 202 595 τοῦ
231 542 374 597 Θεοῦ
419 545 508 599 διὰ
555 546 659 616 τῆς
688 549 824 619 πρὸς
849 551 1040 604 ἑαυτὸν
1093 551 1446 623 ἀνακράσεως
1485 552 1566 616 είς
1603 553 1703 621 τὴν

112 637 261 691 θείαν
293 637 458 707 φύσιν
487 643 1017 709 μετασκευάσαντος,
1049 645 1108 698 ὲν
1131 643 1210 715 τῷ
1237 645 1417 716 καιρῷ
1434 646 1532 715 τῆς
1561 645 1704 698 κατά

110 729 169 781 τὸ
196 729 372 794 πάθος
415 732 730 803 οἰκονομίας
759 733 821 786 οὑ
853 733 1086 804 θατέρου
1117 736 1314 808 μέρους
1353 736 1415 789 τὸ
1441 735 1594 801 ἆπαξ
1613 738 1703 805 ἐγ-

113 820 314 892 κραθὲν
348 821 704 894 ἀνεχώρησεν
734 823 1154 896 (ἀμεταμέλητα
1174 826 1283 898 γὰρ
1313 825 1407 880 τοῦ
1437 827 1572 880 Θεοῦ
1627 827 1700 880 τά

111 913 484 986 χαρίσματα)·
540 915 676 972 ἀλλά
717 918 814 989 τὴν
855 919 955 990 μὲν
985 919 1168 991 ψυχὴν
1215 920 1311 974 τοῦ
1357 921 1626 992 σώματος,
1665 923 1699 992 ἡ

112 1005 302 1075 θεότης
332 1007 598 1070 ἑκουσίως
618 1007 913 1075 διέζευξεν,
949 1011 1148 1082 ἑαυτὴν
1187 1011 1243 1064 δὲ
1276 1014 1334 1065 ἐν
1368 1012 1701 1082 ἀμφοτέροις

115 1097 383 1168 μένουσαν
412 1099 634 1165 ἔδειξεν.
697 1100 799 1155 Διά
841 1103 938 1173 μὲν
972 1103 1082 1176 γὰρ
1133 1103 1224 1157 τοῦ
1269 1102 1539 1176 σώματος,
1572 1106 1631 1157 ὲν
1655 1098 1700 1172 ᾧ

111 1191 200 1262 τὴν
235 1193 305 1245 ὲκ
327 1191 423 1245 τοῦ
442 1191 676 1247 Θανάτου
707 1195 1058 1266 καταφθορὰν
1086 1196 1187 1250 οὐκ
1220 1197 1458 1265 ἐδέξατο,
1487 1201 1698 1270 κατήρ-

111 1297 245 1352 γησε
297 1281 392 1335 τὸν
436 1281 630 1353 ἔχοντα
656 1273 749 1338 τοῦ
782 1285 1012 1340 θανάτου
1042 1287 1103 1341 τὸ
1133 1289 1352 1358 κράτος,
1399 1289 1487 1344 διὰ
1521 1290 1577 1344 δὲ
1599 1291 1700 1360 τῆς

108 1374 286 1444 ψυχῆς
312 1375 616 1447 ὡδοποίησε
661 1376 741 1448 τῷ
780 1378 950 1450 λῃστῇ
988 1381 1087 1452 τὴν
1124 1381 1218 1434 ἐπὶ
1247 1380 1337 1434 τὸν
1372 1383 1699 1453 παράδεισον

109 1467 312 1520 εἴσοδον
333 1485 350 1500 ·
399 1469 494 1522 καὶ
514 1469 584 1523 τά
606 1469 701 1523 δύο
729 1471 852 1524 κατ’
883 1472 1046 1526 αὐτὸν
1072 1475 1396 1546 ἐνεργεῖται,
1428 1475 1495 1528 δι’
1522 1477 1700 1545 ἀμφο-

107 1562 284 1632 τέρων
314 1562 417 1634 τῆς
446 1563 701 1636 θεότητος
726 1564 786 1618 τὺ
817 1565 1023 1634 ἀγαθὸν
1045 1568 1440 1640 κατορθούσης·
1475 1569 1566 1623 διὰ
1600 1571 1699 1642 μὲν

107 1654 202 1722 τῆς
241 1653 340 1707 τοῦ
369 1653 622 1724 σώματος
650 1655 983 1728 ἀφθαρσίας,
1015 1659 1112 1729 τὴν
1141 1658 1234 1711 τοῦ
1270 1659 1497 1714 θανάτου
1538 1661 1702 1715 κατά-

107 1744 260 1798 λυσιν
287 1763 302 1775 ·
331 1745 420 1800 διά
449 1745 506 1798 δὲ
534 1747 634 1815 τῆς
658 1745 838 1817 ψυχῆς
869 1747 1007 1818 πρὸς
1028 1747 1125 1818 τὴν
1170 1748 1315 1802 ίδίαν-
1336 1750 1520 1803 ἑστίαν
1550 1752 1698 1802 ὲπει-

103 1839 368 1911 γομένης,
399 1839 498 1911 τὴν
526 1839 620 1892 ἐπὶ
645 1839 735 1893 τὸν
769 1817 1094 1910 παράδεισον
1125 1842 1243 1896 τῶν
1261 1844 1563 1913 ἀνθρώπων
1591 1847 1691 1897 ἐπ·
1730 1817 1773 1876 Β

105 1932 313 1986 άνοδον.
374 1930 527 1985 Ἐπεὶ
567 1927 661 1986 οὖν
703 1931 923 1988 διπλοῦν
960 1934 1057 2002 μὲν
1100 1934 1159 1988 τὸ
1199 1935 1537 2007 ἀνθρώπινον
1569 1936 1698 2005 σύγ-

105 2042 321 2096 κραμα,
348 2025 497 2094 ἁπλῆ
531 2024 588 2077 δὲ
621 2026 714 2078 καὶ
738 2025 1016 2096 μονοειδὴς
1047 2027 1079 2097 ἡ
1110 2026 1209 2096 τῆς
1239 2027 1491 2100 θεότητος
1512 2029 1693 2098 φύσις,

105 2120 157 2170 ἐν
194 2116 281 2187 τῷ
305 2115 484 2189 καιρῷ
517 2116 618 2185 τῆς
641 2115 735 2169 τού
760 2117 1010 2186 σώματος
1038 2117 1144 2171 ἀπὸ
1172 2118 1272 2189 τῆς
1291 2118 1468 2190 ψυχῆς
1491 2118 1696 2184 διαζεύ-

103 2210 239 2274 Eam;
261 2251 282 2273 ,
315 2210 376 2262 οὐ
411 2208 844 2278 συνδιασχίζεται
878 2207 954 2280 τῷ
985 2208 1224 2281 συνθέτῳ
1261 2210 1322 2263 τὸ
1367 2211 1694 2283 ἀδιαίρετον,

103 2301 242 2356 ἀλλά
277 2302 341 2355 τὸ
369 2300 604 2372 ἔμπαλιν
645 2299 871 2368 γίνεται.
937 2301 1015 2372 Τῇ
1055 2301 1163 2373 γὰρ
1193 2303 1404 2375 ἐνότητι
1429 2304 1526 2374 τῆς
1547 2303 1698 2368 θείας

104 2395 326 2463 φύσεως
350 2397 452 2465 τῆς
475 2393 617 2448 κατά
646 2393 707 2447 τὸ
732 2388 850 2447 ἴσον
875 2395 932 2448 ὲν
961 2394 1292 2467 ἀμφοτέροις
1318 2395 1505 2467 οὖσης,
1537 2398 1699 2452 πάλιν

103 2489 241 2560 πρὸς
272 2487 477 2558 ἄλληλα
507 2487 577 2540 τὰ
601 2487 864 2540 διεστῶτα
894 2487 1223 2558 συμφύεται.
1251 2491 1362 2544 Kal.
1382 2490 1526 2545 οὕτω
1554 2492 1699 2560 γίνε-

99 2599 210 2644 ται,
228 2583 261 2634 6
287 2580 516 2642 θάνατος
536 2578 655 2650 μὲν,
686 2580 748 2631 ἐκ
778 2579 876 2649 τῆς
897 2579 1004 2632 τῶν
1028 2582 1466 2652 συμπεφυκότων
1495 2583 1700 2655 διαιρέ-

103 2689 271 2735 σεως·
306 2674 340 2742 ἡ
374 2671 670 2734 ἀνάστασις
701 2669 778 2732 δὲ,
799 2671 866 2722 ἐκ
895 2669 997 2740 τῆς
1022 2670 1131 2724 τῶν
1161 2671 1541 2745 διαιρεθέντων
1569 2674 1701 2728 ἐνώ-

104 2781 270 2828 σεως.
338 2764 402 2816 Et
450 2763 507 2816 δὲ
554 2761 734 2834 ζητεῖς
775 2761 892 2825 πῶς
937 2762 996 2814 ἐν
1033 2760 1110 2833 τῷ
1159 2763 1470 2836 παραδείσῳ
1505 2763 1600 2828 ὢν,
1642 2769 1700 2818 ὲν

99 2859 221 2920 ταῖς
252 2855 415 2924 χερσὶ
436 2853 531 2906 τοῦ
561 2852 776 2924 Πατρὶς
806 2850 999 2904 ἑαυτὸν
1024 2852 1406 2923 παρατίθεται,
1430 2856 1701 2926 ἑρμηνεύ-

104 2968 184 3003 σει
214 2967 301 3002 σοι
331 2950 360 3001 6
382 2947 583 3017 ὑψηλὸς
619 2946 848 3008 Ἡσαΐας
875 2945 936 2998 τὸ
968 2947 1317 3017 περὶτούτων
1347 2948 1696 3020 ζητούμενον.

102 3039 242 3094 Εἷπε
278 3039 392 3108 γὰρ
437 3040 642 3099 ἐκεῖνος
673 3038 735 3089 ὲκ
779 3039 1071 3107 προσώπου
1121 3037 1215 3091 τοῦ
1255 3037 1390 3093 Θεοῦ
1440 3041 1569 3111 περὶ
1603 3041 1700 3113 τῆς

100 3133 214 3186 ἄνω
259 3128 620 3202 Ἰερουσαλὴμ
641 3168 655 3190 ,
697 3128 762 3197 ἣν
787 3128 886 3180 οὐκ
935 3129 1100 3198 ἄλλην
1131 3129 1282 3202 παρά
1315 3133 1407 3184 τὸν
1439 3133 1697 3204 παράδει-

102 3242 193 3278 σον
224 3220 372 3277 εἶναι
408 3220 757 3292 πιστεύομεν,
781 3221 864 3273 ὅτι
899 3221 954 3272 Ἐ
960 3222 1022 3275 πὶ
1050 3220 1168 3275 τῶν
1189 3224 1403 3292 χειρῶν
1423 3243 1544 3295 μου
1569 3226 1700 3287 ἐζω-

100 3313 394 3386 ςφάρησά
431 3331 549 3368 σου
588 3315 660 3368 τὰ
707 3315 896 3384 τείχη.
956 3314 1018 3366 Εἰ
1063 3310 1154 3368 οὖν
1180 3316 1238 3368 ἐν
1270 3319 1387 3379 ταῖς
1414 3317 1570 3388 χερσὶ
1606 3318 1698 3371 τοῦ

100 3409 326 3481 Πατρὸς
362 3407 808 3479 περιγέγραπται
845 3409 878 3477 ἡ
918 3405 1292 3478 Ἰερουσαλὴμ,
1324 3409 1445 3479 ἥτις
1489 3409 1637 3464 ἐστὶν
1675 3411 1703 3463 6

99 3500 470 3570 παράδεισος,
495 3499 740 3571 δηλονότι
779 3499 805 3550 6
835 3498 892 3550 ὲν
924 3497 1235 3571 παραδείσῳ
1267 3499 1553 3572 γενόμενος
1584 3503 1702 3564 ταῖς

99 3591 399 3665 πατρῴαις
449 3591 664 3654 πάντως
711 3589 1042 3644 ἐνδιαιτᾶται
1092 3591 1404 3663 παλάμαις,
1457 3595 1514 3646 ὲν
1547 3589 1698 3665 αἷςὴ

100 3687 225 3742 θεία
254 3687 414 3750 πόλις
455 3683 552 3756 τὴν
585 3683 930 3755 περιγραφὴν
964 3685 1096 3756 ἔχει.
1130 3687 1240 3739 Καὶ
1281 3685 1457 3740 ταῦτα
1486 3687 1584 3756 μὲν
1623 3688 1703 3750 είς

95 3795 387 3835 τοσουτον.

723 3871 746 3887 ιδ
794 3872 805 3886 ο

175 3873 328 3925 ’Ὅσα
356 3865 411 3924 δὲ
457 3870 566 3923 τῶν
611 3871 886 3925 Ἰουδαίων
936 3870 1208 3942 ἀκούομεν
1259 3871 1704 3944 κατατρεχόντων
1759 3893 1763 3898 ε

97 3968 159 4019 ὲν
207 3965 423 4036 σφοδρᾷ
469 3966 775 4037 κατηγορίᾳ
831 3963 924 4018 τοῦ
978 3964 1267 4035 δόγματος,
1315 3963 1462 4029 ἄξιον
1507 3963 1572 4017 ἂν
1619 3965 1704 4035 εἴη

98 4059 432 4132 προσθεῖναι
468 4057 556 4111 διὰ
587 4058 833 4129 βραχέων
855 4057 930 4128 τῷ
951 4058 1112 4126 λόγῳ.
1147 4058 1380 4127 Λέγουσι
1406 4058 1515 4129 γὰρ
1541 4061 1599 4111 ὲν
1627 4057 1704 4128 τῷ

97 4153 240 4222 περὶ
279 4149 380 4203 τοῦ
414 4150 609 4219 Πάσχα
635 4149 778 4221 λόγῳ
799 4153 910 4213 τοῖς
946 4149 1216 4213 Ἰουδαίοις
1250 4149 1703 4220 νενομοθετῆσθαι

92 4246 262 4317 παρά
299 4245 398 4299 τοῦ
419 4245 698 4308 Μωῦσέως
724 4245 822 4315 τὴν
849 4245 1448 4316 τεσσαρεσκαιδεκάτην
1487 4243 1580 4298 τοῦ
1613 4260 1702 4297 σε-

93 4337 334 4409 ληναίου
359 4337 560 4409 δρόμου
605 4338 879 4408 περίοδον,
924 4340 1016 4391 καὶ
1040 4338 1148 4392 τῶν
1180 4338 1322 4392 ἑπτὰ
1359 4337 1581 4409 ἡμερῶν
1606 4337 1704 4407 τὴν

91 4431 529 4502 ἀζυμοςραγίαν,
580 4431 674 4483 καὶ
707 4431 836 4500 ὄψον
885 4431 978 4482 ἐπὶ
1011 4433 1124 4494 τοῖς
1171 4430 1402 4501 ἀζύμοις
1434 4430 1704 4485 ποιεῖσθαι

1805 561 2054 624 spectat:
2102 569 2299 624 nempe
2353 553 2519 608 Deum
2569 554 2661 622 qui
2718 559 2894 604 totum
2951 549 3227 604 hominem
3293 563 3389 617 per

1805 661 1961 702 suam
1988 662 2112 700 cum
2146 647 2238 700 illo
2269 645 2715 715 coniunctionem
2765 644 2821 698 in
2858 651 3109 698 naturam
3145 640 3386 696 divinam

1803 744 2131 800 mutaverat,
2164 738 2358 790 mortis
2417 746 2661 806 tempore
2703 750 2733 788 a
2783 741 2976 788 neutra
3009 733 3178 796 illius,
3225 747 3386 800 quem

1804 827 1972 884 semel
2035 839 2440 899 assumpserat,
2504 835 2658 897 parte
2731 824 3048 881 recessisse.
3095 822 3388 892 Nunquam

1801 921 1946 975 enim
1981 921 2133 975 illum
2168 935 2392 976 suorum
2433 933 2724 975 munerum
2760 917 2989 987 ptenitet
3011 915 3081 970 δ’.
3121 913 3388 968 Divinitas

1801 1027 1932 1081 ergo
1972 1014 2253 1068 voluntate
2275 1012 2492 1084 quidem
2526 1013 2768 1067 animum
2789 1025 2820 1064 a
2843 1021 3075 1080 corpore
3095 1007 3386 1077 disjunxit,

1802 1105 1897 1160 sed
1953 1105 2011 1160 in
2072 1116 2306 1176 utroque
2355 1115 2535 1160 tamen
2586 1119 2646 1159 se
2690 1117 2914 1157 manere
2965 1099 3385 1155 demonstravit.

1800 1194 1938 1249 Nam
1977 1211 2074 1266 per
2119 1211 2344 1267 corpus,
2376 1197 2432 1251 in
2479 1211 2588 1266 quo
2628 1193 3040 1263 corruptionem
3091 1206 3159 1246 ex
3212 1198 3390 1244 morte

1801 1290 2218 1359 provenientem
2259 1305 2370 1345 non
2412 1289 2636 1344 admisit
2657 1288 2726 1352 ³³,
2758 1285 2952 1342 evertit
2980 1299 3129 1347 eum,
3169 1282 3261 1352 qui
3291 1281 3391 1334 ha-

1801 1381 1964 1437 bebat
1982 1382 2177 1439 mortis
2229 1381 2618 1453 imperium“:
2663 1395 2762 1450 per
2796 1379 3039 1433 animum
3077 1382 3257 1430 autem
3307 1373 3389 1427 la-

1800 1473 1945 1527 troni
2000 1472 2256 1544 patefecit
2294 1472 2503 1526 aditum
2560 1471 2618 1525 in
2675 1469 3033 1540 paradisum:
3093 1473 3389 1533 utrumque

1799 1572 1980 1618 autem
2012 1563 2203 1619 eodem
2233 1571 2480 1634 tempore
2502 1562 2805 1634 perfectum
2837 1571 2943 1627 est,
2975 1558 3262 1614 divinitate
3291 1571 3387 1627 per

1803 1664 2094 1727 utramque
2121 1656 2362 1712 hominis
2401 1665 2611 1727 partem
2645 1656 2760 1711 haec
2789 1655 2934 1710 bona
2973 1659 3288 1723 praestante,
3331 1659 3390 1703 ut

1800 1762 1899 1817 per
1947 1748 2201 1818 corporis
2253 1750 2724 1820 incorruptionem
2774 1754 3004 1802 mortem
3054 1746 3228 1816 ipsam
3268 1743 3388 1798 dis-

1804 1840 2074 1906 solveret,
2137 1853 2231 1911 per
2269 1841 2436 1894 animi
2501 1855 2630 1894 vero
2671 1839 2725 1893 in
2773 1839 2901 1894 sede
2963 1836 3186 1908 propria
3252 1850 3388 1890 con-

1804 1931 2142 1988 stitutionem
2170 1932 2482 1987 hominibus
2516 1931 2722 1985 aditum
2766 1932 2820 1984 in
2857 1929 3171 2000 paradisum
3203 1927 3388 1998 aperi-

1804 2031 1907 2080 ret.
1944 2022 2213 2090 Quoniam
2250 2023 2414 2095 igitur
2443 2023 2644 2094 duplex
2687 2033 2766 2078 est
2805 2021 3044 2076 hominis
3079 2019 3382 2082 concretio,

1806 2115 2037 2185 simplex
2073 2123 2254 2170 autem
2301 2123 2464 2184 atque
2501 2129 2609 2167 una
2651 2113 2952 2169 divinitatis
3001 2120 3220 2176 natura,
3264 2122 3390 2164 cum

1804 2207 1972 2261 homo
2019 2205 2314 2260 dirimatur
2356 2213 2523 2274 atque
2563 2202 2919 2265 distrahatur,
2971 2199 3231 2254 divinitas
3271 2200 3390 2267 ipsa

1806 2303 2222 2376 quzeindividua
2246 2313 2352 2367 est,
2376 2320 2485 2358 non
2519 2310 2827 2373 separatur,
2853 2298 2947 2356 sed
2978 2307 3171 2354 contra
3203 2296 3386 2368 potius

1806 2406 2030 2471 prOpter
2063 2397 2330 2452 unitatem
2359 2405 2568 2452 naturae
2618 2395 2840 2460 divinae,
2870 2409 2991 2465 quae
3025 2393 3240 2462 utrique
3277 2391 3391 2443 ho-

1806 2489 1975 2546 minis
2003 2493 2146 2564 parti
2174 2508 2240 2548 ex
2269 2506 2429 2561 aequo
2454 2491 2642 2556 inest,-
2665 2503 2786 2560 qure
2820 2487 3072 2558 sejuncta
3113 2495 3392 2556 separata-

1807 2601 1915 2656 que
1945 2595 2121 2648 erant,
2152 2599 2374 2641 rursum
2407 2591 2610 2638 coeunt
2642 2591 2698 2636 et
2743 2581 3177 2652 coniunguntur.
3209 2579 3392 2648 Atque

1807 2679 1881 2733 ita
1921 2693 1985 2732 ex
2019 2677 2256 2748 partium
2310 2676 2736 2746 conjunctarum
2785 2672 3059 2729 divisione
3104 2687 3256 2726 mors
3299 2685 3390 2725 se-

1807 2770 2016 2842 quitur,
2049 2787 2114 2825 es
2166 2768 2470 2826 divisarum
2525 2776 2711 2822 autem
2761 2765 3155 2835 conjunctione
3204 2778 3390 2818 resur-

1809 2863 2000 2918 rectio.
2039 2861 2196 2929 Quod
2248 2862 2294 2918 si
2353 2859 2559 2932 quaeris
2600 2859 2876 2930 quomodo
2919 2858 2974 2911 in
3025 2854 3280 2928 paradiso
3331 2867 3393 2909 se

1807 2953 1989 3008 Patris
2023 2953 2278 3010 manibus
2314 2952 2736 3013 commendarit,
2771 2949 2870 3005 tibi
2915 2949 3169 3004 sublimis
3216 2944 3392 3001 Isaias

1809 3041 2163 3112 respondebit
2184 3042 2252 3098 de
2273 3042 2485 3098 cmlesti
2513 3040 2839 3106 Jerusalem,
2870 3053 3033 3109 quam
3075 3037 3211 3092 nihil
3240 3033 3390 3092 aliud

1809 3136 1917 3192 nisi
1953 3135 2268 3206 paradisum
2299 3151 2424 3191 csse
2445 3134 2724 3191 credimus
2750 3151 2814 3190 ex
2848 3133 2941 3188 Dei
2971 3148 3206 3204 persona
3237 3151 3250 3187 :
3290 3131 3391 3185 Do-

1805 3227 1991 3294 scripst'
2020 3242 2235 3292 muros,
2282 3225 2573 3297 inquiens,
2621 3235 2740 3280 tuos
2773 3227 2826 3279 in
2873 3226 3115 3280 manibus
3161 3225 3290 3279 meis
3319 3224 3387 3276 ‘5.

1806 3317 1987 3384 Quare
2011 3319 2060 3376 si
2085 3317 2414 3385 Ierusalem,
2441 3317 2546 3374 hoc
2567 3327 2674 3383 est,
2709 3318 3024 3390 paradisus,
3053 3319 3107 3372 in
3134 3318 3388 3373 manibus

1805 3408 1985 3465 Patris
2011 3411 2286 3481 descripta
2319 3419 2422 3474 est,
2456 3417 2674 3466 constat
2710 3426 2859 3473 eum,
2893 3411 2985 3481 qui
3031 3410 3084 3464 in
3133 3409 3390 3479 paradiso

1807 3504 1898 3566 sit,
1928 3504 1983 3558 in
2028 3503 2211 3560 Patris
2249 3504 2538 3570 manibus,
2587 3504 2644 3560 in
2701 3505 2906 3574 quibus
2957 3502 3386 3572 descriptionem

1805 3595 1971 3650 habet
2001 3595 2188 3650 divina
2208 3596 2427 3662 civitas,
2461 3597 2811 3652 commorari.
2846 3597 2923 3650 Ac
2950 3595 3018 3651 de
3048 3595 3135 3650 his
3172 3594 3391 3665 quidem

1805 3685 2096 3742 hactenus.

1878 3886 2079 3944 Verum
2125 3887 2252 3958 quia
2294 3887 2467 3943 Judaei
2532 3888 2882 3943 vehementer
2925 3886 3236 3942 institutum
3289 3902 3391 3941 no-

1807 3991 1982 4038 strum
2028 3991 2328 4044 accusant,
2368 3996 2477 4035 non
2516 3981 2751 4035 alienum
2797 3981 2921 4044 erit,
2955 3988 3033 4043 ut,
3076 3995 3200 4051 quae
3233 3979 3392 4034 nobis

1808 4073 2116 4142 objiciunt,
2165 4073 2408 4128 breviter
2466 4071 2802 4128 refellamus.
2856 4071 3056 4126 Dicunt
3109 4071 3278 4142 igitur
3335 4073 3392 4126 in

1807 4165 2076 4220 Paschate
2101 4163 2434 4220 celebrando
2461 4166 2541 4220 sic
2582 4180 2620 4219 a'
2656 4163 2805 4220 Mose
2852 4165 3390 4234 quartumdecimum

1809 4259 1952 4311 lunae
1988 4270 2188 4311 cursus
2231 4257 2523 4311 circuitum
2562 4255 2615 4310 in
2649 4256 2766 4327 lege
2821 4257 3202 4328 prmscriptum
3245 4273 3390 4326 esse,

1809 4358 1868 4404 ut
1894 4357 2101 4420 septem
2161 4349 2356 4404 diebus
2387 4363 2530 4419 pane
2580 4349 2698 4405 sine
2751 4347 3054 4414 fermento,
3106 4359 3161 4405 et
3206 4349 3391 4406 herbis

1809 4442 2012 4497 amaris
2046 4455 2148 4512 pro
2196 4441 2427 4498 obsonio
2471 4441 2909 4500 vescerentur“.
2940 4439 3305 4512 Quapropter,
3343 4443 3390 4496 si

87 4524 212 4576 τῶν
235 4521 508 4593 πικρίδων
536 4523 635 4592 τὴν
658 4522 813 4574 πόαν.
869 4522 930 4574 El
963 4520 1057 4576 οὖν
1081 4521 1347 4593 ἐπιμελὴς
1373 4523 1502 4592 ύμῖν
1541 4524 1574 4594 ἡ
1598 4522 1699 4593 τῆς

1807 4533 2339 4604 quartumdecimum
2367 4577 2382 4600 ,
2431 4534 2719 4605 inquiunt,
2751 4533 2893 4589 diem
2927 4535 3258 4599 observatis,
3319 4537 3392 4590 si-

90 4614 710 4685 τεσσαρεσκαιδεκάτης
746 4617 862 4668 ἐστὶ
893 4616 1294 4687 παρατήρησις,
1329 4632 1698 4688 συμπαραφυ-

87 4707 412 4771 λαττέσθω,
457 4709 622 4778 φησὶν
650 4709 678 4761 6
722 4707 1008 4773 Ἰουδαῖος,
1048 4708 1209 4778 καὶὴ
1259 4709 1446 4778 πικρὶς
1495 4708 1589 4761 καὶ
1640 4710 1701 4762 τὸ

87 4801 342 4868 ἄζυμον.
395 4797 458 4850 El
509 4798 564 4850 δὲ
603 4797 773 4852 ταῦτα
819 4799 914 4851 τοῦ
949 4798 1294 4870 παρορᾶσθαι
1331 4799 1488 4866 ἀξια,
1546 4800 1626 4864 τίς
1664 4803 1696 4871 ἠ

86 4891 236 4962 περὶ
283 4890 502 4960 ἐκείνης
539 4891 780 4964 σπουδή,
829 4891 904 4944 Οὐ
945 4890 1053 4962 γὰρ
1093 4892 1157 4962 δὴ
1194 4891 1288 4946 τοῦ
1337 4893 1500 4948 αὐτοῦ
1541 4912 1700 4966 νομο-

87 4983 284 5046 θέτου,
318 4981 383 5034 τὸ
409 4983 509 5052 μέν
540 5000 590 5036 τι
625 4981 831 5037 δίκαιον
858 4985 952 5037 καὶ
981 4983 1330 5054 ψυχωφελὲς,
1357 4985 1417 5039 τὸ
1444 4986 1501 5040 δὲ
1529 4987 1702 5056 ἄχρη-

86 5094 234 5130 στον
259 5077 506 5148 κρίνεται
533 5077 627 5129 καὶ
657 5077 962 5148 ἀπόϐλητον
985 5094 998 5107 ο
1031 5077 1108 5140 ὠς
1133 5078 1448 5147 ἐπάναγκες
1471 5076 1633 5143 εἶναι,
1665 5079 1698 5149 ἢ

85 5171 290 5225 πάντα
318 5169 716 5241 κατορθοῦσθαι
735 5171 865 5239 παρ’
897 5170 1072 5242 ἡμῶν,
1105 5173 1203 5225 ὅσα
1233 5174 1363 5244 περὶ
1386 5172 1480 5227 τοῦ
1506 5173 1699 5242 Πάσχα

1811 4626 1923 4680 mul
1957 4626 2121 4682 etiam
2155 4627 2256 4682 hos
2297 4626 2453 4682 cihos
2483 4626 2772 4681 comedite.
2813 4624 2908 4680 Sin
2942 4625 3068 4682 illos
3095 4626 3388 4696 respuitis,

1810 4733 1909 4772 cur
1944 4719 1998 4772 in
2056 4719 2146 4774 die
2203 4719 2546 4776 observando
2621 4717 2865 4772 studium
2927 4717 3393 4789 ponitis?NeQue

1807 4812 1952 4865 enim
1987 4810 2280 4867 dicendum
2303 4821 2408 4874 est,
2442 4827 2564 4882 qua:
2590 4812 2658 4864 ab
2685 4813 2876 4866 eodem
2911 4811 3229 4882 legislatore
3261 4819 3391 4865 sunt

1808 4904 2134 4967 constituta,
2161 4903 2359 4974 partim
2387 4919 2510 4959 esse
2532 4911 2792 4972 tanquam
2817 4905 2966 4974 justa
2993 4913 3158 4971 atque
3186 4902 3387 4958 animis

1808 4996 1960 5050 utilia
1991 4995 2401 5065 comprobanda
2436 5035 2452 5060 ,
2491 4993 2689 5064 partim
2721 5000 2781 5046 ut
2827 4993 3032 5064 injusta
3071 5001 3122 5048 et
3177 4991 3390 5045 inutilia

1804 5073 2166 5156 repudianda.
2201 5083 2298 5138 llis
2353 5084 2691 5154 argumentis
2720 5083 3090 5147 concludunt,
3145 5090 3239 5135 aut
3269 5096 3388 5134 om-

1805 5179 1918 5244 nia,
1952 5193 2076 5248 qua:
2131 5178 2188 5231 in
2228 5175 2499 5231 Paschate
2528 5174 2857 5231 celebrando
2884 5175 3040 5244 jussa
3099 5181 3262 5237 sunt,
3295 5183 3390 5226 aut

81 5264 478 5334 amfdpeumt,
516 5264 549 5332 ἢ
602 5263 826 5334 μηδενὸς
865 5261 1012 5335 ἡμᾶς
1060 5265 1434 5336 περιέχεσθαι.
1499 5267 1565 5319 Τί
1607 5260 1699 5319 οὖν

79 5357 310 5427 ήμεῖς;
350 5353 698 5425 Μνησθῶμεν
731 5355 826 5409 τοῦ
858 5357 1326 5427 παραγγείλαντος
1357 5397 1370 5421 ,
1405 5356 1481 5428 μὴ
1517 5357 1698 5427 φοϐεῖς

81 5450 231 5503 σθαι
259 5449 356 5502 τὸν
385 5447 688 5517 ὀνειδισμὸν
711 5447 820 5501 τῶν
841 5447 1166 5520 ἀνθρώπων,
1193 5451 1286 5502 καὶ
1314 5449 1393 5520 τῷ
1409 5448 1700 5520 φαυλισμῷ

79 5540 288 5596 αὐτῶν
327 5541 403 5612 μὴ
442 5539 729 5610 ἡττᾶσθαι.
783 5540 1017 5610 Οἴδαμεν
1061 5541 1168 5612 γὰρ
1199 5539 1309 5594 τῶν
1345 5539 1573 5612 ἀζύμων
1601 5540 1698 5612 τὴν

74 5632 407 5706 ψυχωιρελῆ
445 5633 863 5704 παρατήρησιν,
897 5634 993 5685 καὶ
1025 5632 1134 5687 τῶν
1168 5633 1430 5704 πικρίδων
1470 5633 1530 5686 τὸ
1568 5634 1698 5703 κέρ-

1806 5269 1941 5324 nihil
1973 5270 2272 5325 observare
2305 5284 2406 5325 nos
2454 5275 2731 5338 oportere.
2767 5268 2906 5334 Quid
2967 5275 3149 5322 autem
3184 5279 3286 5320 nos
3320 5265 3388 5320 ad

1809 5364 1924 5417 haec
1952 5362 1975 5414 ?
2004 5360 2412 5416 Meminerimus
2443 5359 2603 5415 nobis
2633 5373 2757 5416 esse
2812 5357 3154 5423 mandatum,
3190 5370 3260 5411 ne
3299 5355 3392 5409 ho-

1808 5451 2019 5505 minum
2066 5448 2375 5507 maledictis
2409 5459 2464 5504 et
2493 5447 2842 5504 contumeliis
2873 5446 3300 5526 sttccumbamus
3321 5448 3386 5501 ".

1807 5542 2070 5598 Novimus
2101 5543 2289 5599 utilem
2340 5543 2515 5614 panis
2547 5543 2667 5598 sine
2697 5541 2965 5596 fermento
3015 5537 3255 5594 confecti
3291 5539 3390 5594 ob-

1810 5636 2199 5701 servationem,
2234 5652 2339 5691 nec
2367 5649 2676 5689 amararum
2705 5632 3002 5688 herbarum
3029 5632 3269 5696 lucrum,
3296 5639 3389 5685 aut

161 5821 219 5850 δ’
248 5817 414 5872 Rom.
455 5831 534 5881 ιι,
557 5815 646 5872 29.
723 5817 768 5848 ⁸³
796 5818 917 5872 Act.
951 5817 1100 5881 ιι,ἓῖ
1199 5821 1240 5850 ’⁸³
1266 5819 1428 5877 llehr.
1456 5835 1514 5886 ll,
1546 5819 1631 5874 M.

1808 5834 1886 5874 sa.
1916 5834 2039 5886 xcv,
2084 5820 2171 5874 l2.
2249 5815 2482 5873 M‘l‘lrtod.
2518 5831 2612 5884 xu,
2650 5815 2703 5869 8.
2781 5813 2823 5845 ⁸⁷
2849 5812 3041 5868 Matth.
3072 5829 3126 5880 v,
3161 5811 3229 5870 59
3262 5824 3384 5898 sqq!

296 5917 574 5977 Ριτιιοι.
618 5913 733 5975 Gn.
782 5914 1007 5975 XLVI.

2967 5909 3046 5967 9.0
