3842 6394
473 253 576 302 619

1750 243 1806 294 S.
1849 240 2176 294 UREGOBII
2205 237 2499 292 NYSSENI

3625 229 3728 282 620

473 367 582 423 diei
617 365 1050 437 quartzedecimae
1082 377 1242 417 usum
1275 363 1610 432 ignoramus.
1651 359 1758 414 Lex
1783 401 1796 422 ,
1829 369 1888 413 ut
1918 374 2048 426 pau-

2164 359 2262 422 δος,
2285 358 2380 412 καὶ
2409 357 2508 426 τῆς
2537 353 3132 424 τεσσαρεσκαιδεκάτης
3161 347 3222 402 τὸ
3247 350 3538 420 χρήσιμον.
3583 348 3644 402 '0
3673 349 3728 404 ἰὲ

475 461 556 514 eis
589 459 856 512 rationem
909 456 1048 510 hanc
1079 453 1420 522 explicemus
1454 493 1468 518 ,
1518 451 1826 505 futurorum
1877 451 2048 504 bono-

476 566 595 604 rum
631 549 878 613 umbram
912 547 1286 612 continens”,
1327 559 1498 599 unum
1545 543 1677 597 illud
1709 543 2048 612 propositum

477 643 659 702 habet,
719 647 778 693 ut
813 639 982 694 variis
1015 637 1288 692 mandatis
1325 637 1488 690 homo
1525 635 1592 688 ab
1628 635 1866 689 immista
1897 644 2052 687 natu-

476 748 547 786 ra:
571 747 683 786 sua:
718 730 922 783 malitia
969 737 1252 800 purgetur.
1286 725 1399 782 lluc
1429 733 1640 795 spectat
1675 723 2049 788 circumcisio,

477 823 582 876 huc
615 821 838 876 Sabbati
873 860 888 884 ,
934 821 1042 876 huc
1077 820 1352 882 ciborum,
1390 817 1496 871 huc
1526 815 1694 870 varia:
1731 815 2052 868 animalium

475 910 885 973 immolationis,
917 909 1023 962 huc
1057 909 1302 961 omnium
1346 905 1580 974 denique
1613 905 1746 973 legis
1791 917 2054 956 ert-remo-

475 1003 690 1070 niarnm
726 1009 777 1056 et
811 1001 1196 1055 institutorum
1227 997 1561 1053 observatio.
1598 996 1840 1065 Longum
1873 1003 2052 1048 autem

474 1103 642 1160 esset,
670 1109 733 1148 ea
769 1109 890 1164 quae
921 1093 1003 1146 lex
1055 1107 1150 1162 per
1189 1091 1475 1160 (enigmata
1511 1089 1858 1159 praescribit,
1895 1102 2054 1140 mun-

453 1185 666 1249 ditiam
732 1185 900 1237 animi
955 1183 1317 1252 signiﬁcantia
1353 1221 1367 1244 ,
1431 1179 1706 1250 sigillatim
1748 1193 2052 1233 recensere.

473 1275 940 1342 Quemadmodum
971 1277 1133 1343 igitur
1154 1289 1248 1343 per
1276 1271 1746 1326 circumcisiouem
1763 1311 1778 1334 ,
1801 1285 1920 1341 quae
1945 1271 2056 1340 Spi-

473 1371 584 1422 ritu
605 1367 902 1438 peragitur,
933 1376 1124 1420 natura
1149 1365 1476 1435 cupiditates
1510 1362 1718 1432 abjicit,
1746 1363 1907 1416 vitam
1934 1378 2056 1416 car-

475 1463 533 1516 ni
567 1461 856 1516 obnoxiam
898 1467 1187 1528 amputans
1235 1463 1290 1510 et
1323 1455 1728 1510 circumcidens
1756 1495 1770 1518 ,
1802 1469 1896 1524 per
1925 1451 2059 1506 Sab-

473 1553 660 1608 batum
697 1562 876 1605 autem
901 1549 1265 1614 instituimur,
1302 1555 1359 1600 ut
1385 1549 1733 1618 quiescentes
1761 1561 1790 1596 a
1821 1544 2059 1614 peccatis

476 1645 872 1704 abstineamus,
924 1649 979 1694 ct
1039 1639 1356 1693 animalium
1422 1638 1682 1692 mactatio
1726 1651 1830 1690 nos
1864 1635 2056 1699 docet,

2151 450 2305 516 λόγος
2333 440 2486 511 οὗτός
2512 448 2678 507 ἐστιν,
2707 445 2765 498 ὃν
2789 444 2864 496 ’δι’
2885 442 3080 508 ὀλίγων
3102 439 3531 511 ἐπισκεψόμεθα·
3551 440 3610 495 ’0
3631 441 3732 512 τὴν

2155 543 2310 595 σκιὰν
2343 540 2450 593 τῶν
2499 539 2798 608 μελλόντων
2831 533 3048 603 ἀγαθῶν
3077 531 3216 604 ἔχων
3251 533 3436 604 νόμος,
3461 533 3600 604 πρὸς
3635 532 3733 587 ἕνα

2154 632 2297 686 κατὰ
2323 633 2383 686 τὸ
2427 629 2836 701 προηγούμενον
2887 625 3072 696 βλέπει
3103 623 3304 678 σκοπὸν
3331 665 3346 689 ,
3373 625 3521 689 ὅπως
3553 621 3621 678 ἂν
3643 623 3732 678 διὰ

2154 725 2260 777 τῶν
2292 721 2548 776 ποικίλων
2585 719 3062 792 παραγγελμάτων
3099 714 3396 786 καθαρθείη
3419 715 3520 786 τῆς
3559 717 3728 786 ἐμμι-

2154 816 2374 886 χθείσης
2417 811 2613 875 κακίας
2653 814 2682 864 ὁ
2709 810 3010 880 ἄνθρωπος.
3052 805 3222 860 Τοῦτο
3261 808 3318 858 ἐν
3339 809 3406 877 τῇ
3433 807 3728 882 περιτομῇ,

2154 906 2312 959 τοῦτο
2341 906 2396 956 ἐν
2421 903 2499 974 τῷ
2523 901 2804 971 Σαϐϐάτῳ,
2829 897 2984 952 τοῦτο
3012 899 3068 951 ἐν
3099 899 3166 968 τῇ
3191 897 3300 949 τῶν
3323 897 3600 968 ἐδωδίμων
3625 913 3732 950 πα-

2160 1000 2476 1070 ρατηρήσει,
2516 995 2672 1048 τοῦτο
2710 995 2768 1046 ἐν
2809 995 2875 1064 τῇ
2913 991 3130 1062 ποικίλῃ
3163 989 3452 1060 ζωοθυσίᾳ,
3489 989 3652 1042 τοῦτο
3675 991 3732 1044 ἐν

2156 1093 2266 1152 τοῖς
2310 1088 2428 1141 καθ’
2470 1087 2698 1140 ἕκαστον
2751 1085 3182 1156 παρατηρήμασι
3237 1083 3598 1153 κατορθοῦται
3637 1082 3734 1136 τοῦ

2157 1180 2340 1249 νόμου.
2405 1177 2512 1230 Καὶ
2559 1174 2766 1245 μακρὸν
2809 1173 2874 1227 ἂν
2916 1173 3000 1242 εἴη
3049 1175 3114 1226 τὰ
3169 1173 3299 1243 περὶ
3347 1173 3579 1226 ἑκάστου
3599 1175 3734 1243 ἡμῖν

2158 1266 2566 1339 αἰνιγματωδῶς
2595 1267 2674 1328 είς
2713 1265 2772 1317 τὸ
2809 1264 2902 1318 τοῦ
2945 1263 3058 1334 βίου
3107 1261 3401 1332 καθάρσιον
3449 1261 3602 1332 παρά
3639 1263 3732 1314 τοῦ

2160 1362 2323 1430 νόμου
2378 1357 2682 1428 δηλούμενα
2722 1356 2789 1408 δι’
2837 1355 3118 1425 ἀκριϐείας
3157 1353 3486 1408 ἐκτίθεσθαι.
3521 1352 3736 1425 Ὠσπερ

2159 1450 2335 1505 τοίνυν
2367 1449 2452 1502 διά
2475 1448 2574 1518 τῆς
2602 1447 2900 1518 περιτομῆς
2927 1447 3025 1517 τῆς
3047 1445 3429 1515 πνευματικῶς
3455 1445 3736 1498 ἐπιτελου-

2165 1539 2328 1610 μένης
2351 1540 2383 1608 ἡ
2411 1537 2571 1606 φύσις
2591 1537 2650 1590 τὸ
2675 1536 2919 1607 ἐμπαθὲς
2942 1535 3278 1602 ἀποτίθεται,
3303 1536 3734 1606 περιαιρουμένη

2162 1629 2251 1681 τὸν
2283 1627 2534 1700 σαρκώδη
2562 1627 2674 1698 βίον
2701 1643 2715 1658 ⁸
2765 1626 2856 1679 διά
2885 1627 2942 1680 δὲ
2970 1626 3064 1678 τοῦ
3097 1626 3497 1696 Σαϐϐατισμοῦ,
3537 1627 3638 1697 τὴν
3677 1629 3734 1680 ἐν

477 1745 538 1790 ιιι
589 1735 1028 1806 perturbationes
1060 1742 1115 1788 et
1147 1733 1276 1786 vitia
1323 1739 1658 1792 mactemus,
1711 1737 1764 1782 et
1803 1728 2050 1782 ciborum

2164 1720 2232 1790 τῷ
2254 1720 2406 1790 κακῷ
2429 1719 2699 1792 ἀπραξίαν
2727 1719 3032 1774 διδάσκεται
3057 1736 3068 1748 ·
3099 1721 3131 1789 ἡ
3161 1720 3216 1772 δὲ
3243 1719 3508 1784 ζωοθυσία
3563 1736 3737 1773 κατα-

474 1824 880 1879 immundorum
907 1821 1222 1876 interdictio
1252 1835 1354 1874 nos
1379 1827 1582 1882 monet,
1625 1827 1682 1870 ut
1716 1817 1782 1870 ab
1838 1817 2048 1886 impura

475 1913 864 1982 immundaque
895 1914 1002 1965 vita
1043 1909 1369 1964 recedamus
1405 1927 1416 1962 :
1455 1909 1537 1964 sic
1585 1917 1638 1960 ct
1672 1907 1786 1960 hmc
1820 1905 2050 1960 celchri-

475 2016 560 2064 tas
605 2007 751 2061 illam
803 2005 1010 2059 indicat
1063 2002 1460 2064 celebritatem,
1504 1998 1570 2052 ad
1616 2001 1779 2068 quam
1835 1995 2053 2050 animus

475 2114 574 2170 per
603 2112 790 2168 azyma
827 2104 1184 2165 praeparatur,
1218 2093 1350 2146 dum
1392 2099 1599 2161 septem
1651 2089 1845 2143 diebus
1875 2103 1906 2140 a
1945 2087 2055 2141 fer-

475 2198 663 2246 mento
683 2189 840 2258 jubet
866 2187 1166 2241 abstinere.
1202 2183 1420 2254 Septem
1457 2184 1602 2237 enim
1628 2180 1840 2234 dierum
1865 2194 2056 2233 nume-

475 2295 573 2334 rus
617 2283 1033 2348 praetereuntem
1086 2275 1232 2328 hunc
1265 2272 1526 2341 temporis
1561 2286 1782 2324 cursum
1843 2267 2053 2338 signiﬁ-

477 2378 586 2437 cat,
619 2369 712 2440 qui
743 2383 836 2439 per
859 2363 1225 2421 hebdomadas
1265 2362 1728 2417 circumvolvitur.
1765 2359 2058 2429 Diligenter

476 2461 621 2517 enim
659 2457 900 2529 quotidie
925 2454 1225 2510 cavendum
1255 2462 1370 2518 est,
1411 2467 1479 2505 ne
1521 2451 1640 2504 dies
1672 2451 1885 2503 instans
1920 2447 2058 2501 ullas

477 2553 748 2608 hesternae
817 2547 1040 2604 malitiae
1097 2547 1360 2616 reliquias
1417 2551 1746 2605 conservet,
1799 2555 1867 2594 ne
1925 2539 2055 2608 quid

477 2642 798 2697 acerbitatis
878 2649 970 2694 aut
1029 2635 1414 2693 amaritudinis
1469 2634 1737 2688 hodierno
1791 2631 2058 2685 fermento

476 2731 680 2786 veteris
707 2728 1080 2799 improbitatis
1115 2727 1300 2780 mistio
1337 2726 1532 2796 pariat.
1582 2721 1678 2778 Sol
1729 2738 1792 2776 ne
1853 2719 2062 2774 accidat

475 2837 634 2891 sirper
659 2819 994 2874 iracundiam
1023 2825 1271 2882 vestram,
1329 2813 1510 2882 inquit
1547 2811 1842 2882 Apostolus
1867 2809 1932 2874 δ’,
1966 2807 2060 2877 qui

477 2915 740 2986 prmcipit,
775 2921 831 2966 ut
865 2912 1006 2966 diem
1045 2909 1240 2964 l'cstuni
1297 2907 1656 2968 celebremus,
1713 2920 1817 2956 non
1866 2903 1919 2954 in
1957 2904 2063 2969 [er-

477 3013 650 3058 mento
679 3003 857 3066 veteri,
894 3017 986 3054 nec
1015 3001 1274 3069 fermento
1311 2996 1536 3049 malitia:
1567 3003 1616 3048 et
1677 2993 1942 3062 nequitiw,
1967 2991 2057 3044 sed

477 3097 540 3148 irr
567 3095 770 3164 azymis
817 3090 1136 3145 sinceritatis
1185 3098 1232 3142 ct
1288 3087 1614 3142 veritatis".
1664 3083 1819 3150 Quod
1877 3089 2057 3134 autem

478 3186 547 3242 de
577 3199 684 3240 uno
717 3183 936 3238 malitiae
967 3195 1168 3252 genere
1203 3177 1525 3243 didicimus,
1556 3177 1611 3230 id
1639 3175 1804 3231 simili
1849 3173 2060 3227 ratione

479 3277 548 3331 de
594 3273 821 3343 reliquis
877 3271 1097 3325 malitia:
1165 3269 1456 3341 generibus
1524 3267 1732 3320 dictum
1782 3263 2061 3320 existime-

479 3381 626 3420 mus.
681 3362 1008 3416 Amaritudo
1067 3361 1212 3414 enim
1248 3374 1278 3413 e
1311 3359 1419 3412 vita
1467 3365 1740 3426 torporem
1801 3363 1856 3408 ct
1909 3356 2062 3423 igna—

479 3458 626 3510 viam
659 3454 902 3524 expellit,
959 3461 1015 3507 et
1064 3451 1210 3505 illius
1251 3449 1375 3504 loco
1419 3450 1611 3503 l'ortem
1647 3457 1700 3501 ct
1765 3447 1958 3501 duram
2007 3453 2062 3499 et

482 3559 735 3616 asperam
811 3543 1029 3598 vivendi
1087 3541 1355 3596 rationem
1415 3539 1737 3604 introducit,
1792 3537 2060 3607 siquidem

482 3637 662 3690 onmis
709 3635 1000 3702 disciplina
1041 3631 1314 3704 principio
1355 3630 1570 3685 videtur
1628 3643 1736 3682 non
1795 3628 2056 3694 laetitiam,

485 3727 578 3782 sed
615 3725 922 3781 molestiam
953 3723 1170 3779 aﬁ'erre.

555 3987 737 4054 Quare
784 3987 878 4056 qui
925 3985 1050 4040 vitae
1085 3982 1257 4038 totius
1284 3981 1680 4038 hebdomadam
1715 3980 1866 4036 nulla
1891 3979 2059 4036 veteri

483 4080 693 4136 malitia
747 4077 1118 4140 commistam,
1172 4073 1266 4130 sed
1312 4074 1382 4128 ab
1415 4073 1588 4143 ipsius
1635 4072 1901 4128 fermento
1929 4071 2065 4126 libe—

484 4185 602 4227 ram
656 4168 907 4236 transigit
939 4208 955 4232 ,
997 4165 1416 4236 temperantiam
1473 4165 1558 4220 in,
1595 4164 1746 4218 victu
1803 4171 2060 4234 tanquam

485 4264 777 4320 obsonium
831 4259 1123 4322 adhibens,
1153 4259 1200 4313 is
1245 4259 1314 4312 ab
1367 4257 1514 4312 omni
1571 4255 1920 4312 tenebricosa
1959 4256 2062 4310 mi-

489 4355 672 4410 stione
703 4369 760 4408 se
809 4354 985 4421 ipsum
1041 4357 1253 4404 avoc-at.
1289 4347 1404 4402 Hoc
1459 4348 2063 4418 cnimquartaadecimaa

2155 1808 2343 1876 σφάζει
2377 1809 2443 1861 τὰ
2481 1807 2650 1877 πάθη,
2685 1807 2778 1860 καὶ
2803 1811 2836 1878 ἡ
2863 1809 3223 1878 νενομισμένη
3249 1807 3376 1882 περὶ
3410 1808 3480 1862 τὰ
3507 1807 3736 1880 βρώμα-

2152 1921 2220 1956 τα
2251 1902 2358 1954 τῶν
2415 1903 2740 1972 ἀκαθάρτων
2788 1901 3058 1973 διάκρισις
3099 1901 3453 1971 συμϐουλεύει
3496 1918 3582 1954 σοι
3639 1901 3734 1954 τοῦ

2158 1995 2446 2066 ρυποῦντός
2494 2012 2553 2047 τε
2587 1995 2681 2047 καὶ
2715 1995 3028 2063 ἀκαθάρτου
3061 1994 3176 2065 βίου
3212 1994 3308 2062 τὴν
3351 1995 3726 2064 ἀλλοτρίωσιν·

2155 2087 2294 2140 οὕτω
2339 2086 2491 2156 καὶὴ
2535 2087 2694 2156 ἑορτή
2741 2103 2822 2138 σοι
2856 2085 2992 2157 αὓτη
3033 2087 3132 2156 τὴν
3173 2085 3365 2155 ἑορτὴν
3387 2084 3605 2154 ἐκείνην
3643 2084 3733 2136 ὲν-

2155 2177 2452 2239 δείκνυται,
2499 2176 2634 2247 πρὸς
2679 2177 2745 2248 ἣν
2779 2178 2812 2245 ἡ
2845 2175 2988 2247 ψυχὴ
3028 2177 3116 2228 διὰ
3159 2175 3267 2228 τῶν
3295 2174 3518 2248 ἀζύμων
3557 2191 3736 2247 παρα·

2159 2267 2499 2330 σκευάζεται,
2543 2269 2600 2320 ἐν
2630 2267 2768 2319 ἑπτὰ
2797 2267 3028 2337 ἡμέραις
3057 2267 3154 2338 τῆς
3193 2267 3286 2320 τοῦ
3319 2267 3570 2338 ζυμωτοῦ
3600 2267 3739 2338 βρώ-

2159 2375 2294 2420 σεως
2329 2356 2734 2426 καθαρεύουσα,
2791 2351 2864 2412 ὧν
2917 2359 2976 2410 τὸ
3019 2361 3249 2428 αι’νιγμα
3293 2358 3534 2412 τοιοῦτόν
3565 2361 3732 2412 ἐστιν’

2169 2449 2227 2500 '0
2273 2447 2377 2499 τῶν
2426 2447 2562 2499 rma
2619 2448 2839 2518 ἡμερῶν
2895 2450 3126 2521 ἀριθμὸς
3174 2451 3264 2503 τὸν
3319 2451 3609 2522 παροδικόν
3657 2467 3736 2502 σοι

2159 2540 2348 2592 τοῦτον¹
2367 2539 2556 2609 χρόνον
2595 2541 2952 2606 ἐκδείκνυται,
2977 2541 3066 2594 τὸν
3095 2541 3162 2594 δι’
3191 2544 3500 2614 ἑϐδομάδων
3533 2545 3738 2597 ἀνακυ-

2161 2630 2474 2702 κλούμενον.
2527 2633 2616 2684 Ἐν
2643 2626 2687 2701 ᾧ
2715 2632 2820 2703 χρὴ
2845 2633 2910 2686 δι’
2941 2633 3255 2703 ἐπιμελείας
3281 2637 3360 2699 εἰς
3383 2636 3482 2704 τὴν
3503 2633 3737 2689 ἐνεστῶ-

2163 2741 2260 2778 σαν
2289 2725 2503 2796 ἡμέραν
2565 2725 2729 2796 μηδὲν
2773 2729 2872 2797 τῆς
2897 2725 3087 2799 χθιζῆς
3118 2729 3314 2794 κακίας
3341 2729 3592 2798 λείψανον
3623 2729 3737 2784 δια-

2164 2817 2430 2881 σώζεσθαι
2459 2855 2474 2881 ,
2521 2819 2595 2882 ὡς
2636 2820 2700 2872 ἂν
2735 2821 2806 2890 μή
2839 2837 2956 2873 τινα
3000 2820 3189 2892 στύψιν
3221 2823 3316 2875 καὶ
3359 2823 3506 2889 ὀξίδα
3529 2823 3612 2894 τῷ
3649 2839 3714 2894 οη

2167 2905 2370 2978 μερινῷ
2405 2907 2684 2977 φυράματι
2715 2909 2747 2976 ἡ
2786 2908 2884 2978 τῆς
2913 2907 3082 2961 ἑώλου
3111 2910 3307 2973 κακίας
3335 2912 3634 2980 ποιήσειεν.
3680 2911 3744 2963 Ὁ

2165 2999 2338 3066 ἥλιος
2378 2998 2463 3066 μὴ
2513 2997 2800 3052 ἐπιδυέτω
2856 3000 2954 3052 ἐπὶ
3003 2998 3082 3064 τῷ
3123 2999 3504 3070 παροργισμῷ
3553 3000 3738 3070 ὑμῶν,

2165 3090 2328 3158 φησιν
2357 3093 2385 3142 ὁ
2425 3091 2764 3154 Ἀπόστολος,
2835 3095 2866 3145 ὁ
2895 3091 2982 3160 μὴ
3029 3092 3100 3146 ἐν
3139 3092 3282 3161 ζύμῃ
3315 3091 3562 3160 παλαιᾷ,
3587 3095 3746 3164 μηδὲ

2161 3181 2231 3234 ἐν
2257 3181 2400 3252 ζύμῃ
2433 3185 2646 3249 κακίας
2670 3185 2766 3236 καὶ
2794 3185 3110 3252 πονηρίας,
3147 3185 3284 3239 ἀλλ’
3307 3185 3377 3238 ἐν
3395 3183 3643 3255 ἀζύμοις
3669 3188 3746 3240 εὶ·

2161 3277 2488 3344 λικρινείας
2539 3277 2634 3328 καὶ
2677 3278 2962 3344 ἀληθείας
3001 3277 3273 3350 ἑορτάξειν
3304 3279 3742 3352 ἐγκελευόμενος.

2169 3367 2234 3418 "O
2261 3365 2316 3418 δὲ
2348 3365 2476 3437 περὶ
2508 3365 2600 3418 τοῦ
2635 3367 2752 3430 ἐνὸς
2781 3369 2880 3438 τῆς
2902 3367 3098 3432 κακίας
3125 3367 3300 3432 εἴδους
3325 3369 3591 3442 ἔγνωμεν,
3617 3373 3748 3427 ἀνα·

2162 3456 2332 3524 λόγως
2357 3457 2513 3510 τοῦτο
2538 3475 2600 3509 πε
2613 3459 2662 3528 ρὶ
2697 3457 2802 3512 τῶν
2827 3458 3026 3512 λοιπῶν
3051 3460 3145 3530 τῆς
3179 3461 3378 3526 κακίας
3410 3462 3569 3516 εἱδῶν
3605 3463 3748 3516 διδα-

2165 3549 2406 3617 σκόμεθα
2433 3567 2445 3579 ·
2503 3550 2619 3619 ἡδὲ
2671 3551 2858 3620 πικρὶς
2897 3552 3147 3604 ἐκϐάλλει
3192 3553 3254 3606 τὸ
3296 3554 3745 3608 καταϐεϐλακευ-

2167 3639 2323 3708 μένον
2371 3642 2428 3694 ἐν
2478 3639 2554 3710 τῷ
2601 3639 2699 3709 βίῳ
2737 3641 2829 3693 καὶ
2877 3641 3135 3697 ἔκλυτον·
3199 3644 3508 3714 ἀντεισάγει
3557 3645 3618 3698 δὲ
3659 3647 3746 3698 τὶν

2163 3730 2406 3800 ἐγκρατῆ
2434 3733 2528 3784 καὶ
2561 3732 2989 3802 κατεσκληκότα,
3041 3736 3136 3788 καὶ
3168 3737 3234 3806 τῇ
3269 3737 3521 3808 αἰσθήσει
3547 3737 3745 3808 δύσλη-

2163 3837 2294 3875 πτον
2327 3821 2459 3890 βίον.
2502 3823 2722 3892 Ἐπειδὴ
2767 3825 2916 3878 πᾶσα
2954 3827 3169 3880 παιδεία
3213 3829 3274 3880 οὐ
3323 3829 3470 3883 δοκεῖ
3502 3829 3644 3902 πρὸς
3689 3829 3750 3884 τὸ

2164 3913 2536 3983 παρὸνιχαρᾶς
2570 3911 2728 3980 εἶναι,
2757 3916 2892 3970 ἀλλά
2917 3916 2979 3969 λύ
2993 3935 3112 3988 λης.

2248 4003 2306 4056 '0
2335 4005 2514 4058 τοίνυν
2545 4005 2631 4058 διὰ
2670 4005 2849 4077 πάσης
2877 4007 2973 4077 τῆς
3008 4007 3100 4060 τοῦ
3147 4009 3263 4078 βίου
3295 4011 3484 4064 τούτου
3515 4013 3748 4084 ἑϐδομά-

2163 4093 2250 4157 δος
2287 4097 2640 4166 ἀνεπίμικτον
2677 4099 2908 4162 παλαιᾶς
2937 4099 3132 4164 κακίας
3174 4103 3266 4155 καὶ
3296 4103 3501 4173 ἄζυμον
3535 4105 3636 4178 τὴν
3665 4108 3750 4160 ἀεὶ

2164 4185 2466 4240 ἐνεστῶσαν
2507 4189 2785 4260 κατορθῶν
2817 4191 3049 4260 ἡμέραν,
3085 4191 3214 4260 ὄψον
3253 4194 3349 4261 τῆς
3376 4193 3521 4263 ζωῆς
3565 4197 3750 4250 ποιού-

2168 4294 2326 4348 μενος
2351 4279 2448 4350 τὴν
2475 4281 2817 4352 ἐγκράτειαν,
2849 4274 3002 4347 οὗτος
3035 4285 3224 4338 ἐαυτὸν
3257 4287 3434 4356 πάσης
3473 4287 3750 4358 σκοτεινῆς

2165 4369 2440 4439 ἐπιμιξίας
2473 4372 2714 4442 χωρίζει.
2756 4373 2924 4426 Τοῦτο
2963 4374 3071 4446 γὰρ
3116 4377 3148 4446 ἡ
3183 4379 3746 4449 τεσσαρεσκαιδεκάτη

487 4449 632 4501 luna:
677 4459 873 4499 cursus
949 4441 1244 4513 signiﬁcat.
1291 4440 1425 4494 Nam
1455 4443 1594 4511 Lcum
1653 4449 1830 4496 totum
1887 4441 2059 4512 ipsius

2165 4459 2258 4512 τοῦ
2287 4440 2568 4531 σεληναίού
2590 4461 2788 4533 δρόμου
2831 4440 3185 4520 ἐνδείκνυται.
3225 4440 3442 4538 Ἐπειδὴ
3465 4469 3576 4540 γὰρ
3599 4440 3752 4522 ἐννέα

488 4553 712 4594 cursum
745 4551 939 4590 novem
967 4545 1022 4590 et
1077 4533 1268 4604 viginti
1303 4533 1421 4588 dies
1469 4547 1595 4587 cum
1633 4533 1860 4588 dimidio
1885 4533 2060 4588 conti-

488 4633 657 4692 ciant,
701 4643 810 4698 quo
843 4627 1062 4697 quidem
1093 4627 1271 4696 spatio
1301 4626 1430 4680 luna
1469 4635 1584 4679 tum
1627 4625 1924 4681 crescendo
1956 4627 2068 4680 cir-

489 4723 674 4778 culum
709 4721 936 4792 perﬁcit,
968 4727 1080 4774 tum
1117 4718 1488 4774 decrescendo
1521 4719 1789 4774 minuitur
1810 4759 1825 4784 ,
1859 4727 1918 4772 ut
1949 4735 2066 4774 om-

492 4816 548 4870 ni
589 4828 815 4884 prorsus
845 4813 964 4866 luce
992 4811 1230 4876 deﬁciat,
1269 4811 1347 4874 ﬁt,
1382 4818 1442 4865 ut
1493 4811 1688 4865 horum
1727 4811 1940 4866 dierum
1979 4811 2066 4864 di—

493 4902 720 4958 midium
748 4903 958 4956 numeri
985 4903 1396 4972 quatuordecim
1420 4903 1536 4959 dies
1561 4911 1614 4959 et
1645 4905 1805 4972 paulo
1835 4903 2068 4974 amplius

493 4996 789 5050 contineat.
832 4995 964 5048 Cum
1005 4995 1170 5064 igitur
1221 4995 1442 5064 proprio
1491 5011 1657 5050 cursu
1719 4997 2069 5066 progrediens

494 5094 767 5141 nocturno
797 5085 976 5153 spatio
1006 5087 1096 5141 sic
1118 5085 1305 5140 orbem
1341 5101 1499 5141 suum
1539 5087 1662 5143 luce
1691 5087 2067 5158 compleverit,

497 5185 558 5233 ut
591 5178 697 5232 dici
747 5177 1024 5246 splendori
1061 5178 1292 5232 nitorem
1347 5177 1608 5249 adiungat
1662 5195 1844 5244 suum,
1881 5183 2070 5250 sequi-

496 5281 606 5334 tur,
655 5278 716 5323 ut
746 5283 919 5338 neque
949 5270 1186 5340 vesperi,
1233 5284 1410 5340 neque
1433 5286 1595 5326 mane
1639 5273 1894 5332 tenebras
1927 5275 2070 5330 ullas

497 5362 642 5415 sinat
687 5359 1002 5446 interponi,
1052 5361 1254 5430 quibus
1307 5362 1566 5416 continua
1598 5364 1737 5420 lucis
1785 5367 1956 5422 series
1996 5369 2072 5420 in-

497 5461 892 5522 terrumpatur,
934 5466 1060 5506 cum
1113 5453 1167 5506 in
1197 5454 1480 5508 elementis
1523 5468 1786 5526 perpetua
1843 5459 2070 5514 luminis

572 5673 620 5706 δ’
655 5671 818 5729 Hebr.
853 5691 904 5742 ι,
942 5675 992 5730 ι.
1067 5677 1116 5711 θ’
1138 5676 1334 5750 Ephcs.
1377 5698 1448 5748 iv,
1479 5682 1566 5737 EG.
1645 5684 1690 5714 ⁵ο
1720 5681 1886 5738 “lor.
1923 5701 1972 5750 v,
2009 5685 2066 5738 8.

2167 4553 2304 4604 εἰσὶν
2333 4554 2389 4605 αἱ
2417 4555 2587 4607 πᾶσαι
2619 4555 2712 4607 τοῦ
2751 4557 3030 4626 σεληναίου
3060 4558 3259 4629 δρόμου
3279 4601 3294 4625 ,
3327 4560 3419 4613 καὶ
3445 4560 3622 4614 εἴκοσι
3662 4564 3752 4614 καὶ

2169 4643 2392 4712 ἡμίσεια
2413 4685 2428 4708 ,
2458 4645 2516 4697 ἐν
2545 4641 2631 4709 αἷς
2656 4647 2720 4700 ἐκ
2767 4649 3112 4721 νεομηνίαςὴ
3149 4649 3342 4722 σελήνη
3374 4650 3440 4704 δι’
3474 4651 3752 4724 αὐξήσεως

2168 4735 2514 4789 τελειωθεῖσα
2561 4738 2638 4808 τῷ
2667 4739 2870 4809 κύκλῳ,
2905 4741 3064 4794 πάλιν
3089 4741 3176 4795 διὰ
3211 4743 3486 4812 μειώσεως
3532 4745 3615 4808 εἰς
3657 4746 3754 4814 τὴν

2175 4825 2414 4895 παντελῆ
2441 4825 2534 4878 τοῦ
2562 4827 2738 4894 φωτὸς
2763 4829 3001 4898 ἔκλειψιν
3023 4831 3398 4902 ἐπανέρχεται,
3425 4831 3670 4902 δηλονότι
3693 4835 3754 4886 τὶ

2175 4918 2344 4988 ἥμισυ
2389 4919 2484 4971 τοῦ
2525 4921 2986 4990 μνημονευθέντος
3029 4923 3262 4993 ἀριθμοῦ
3309 4927 3756 4995 τεσσαρεσκαιδε-

2177 5010 2314 5080 κάτη
2335 5011 2470 5072 ἐστὶ,
2491 5013 2584 5064 καὶ
2604 5013 2796 5083 μικρὸν
2820 5013 2898 5066 ἔτι
2926 5015 3082 5084 πρός.
3111 5014 3340 5081 Οὐκοῦν,
3361 5003 3489 5070 ὅταν
3507 5019 3564 5070 ἐν
3585 5019 3757 5087 τούτῳ

2175 5101 2312 5175 τύχῃ
2343 5099 2476 5156 οὖσα
2503 5107 2534 5174 ἠ
2567 5105 2760 5176 σελήνη
2781 5105 2858 5176 τῷ
2877 5108 3137 5178 σχήματι,
3161 5108 3347 5178 ἐπειδὴ
3379 5111 3756 5182 συμπροῖοῦσα

2177 5194 2317 5248 κατὰ
2331 5194 2421 5248 τὸν
2438 5195 2565 5248 ἴδιον
2588 5197 2787 5268 δρόμον
2810 5198 2887 5270 τῷ
2907 5199 3206 5270 νυκτερινῷ
3221 5199 3570 5270 διαστήματι,
3591 5219 3759 5272 προεῖ-

2175 5286 2355 5356 τίθησι
2401 5287 2462 5340 τὺ
2495 5287 2680 5341 λεῖπον
2717 5289 2792 5359 τῷ
2826 5289 3031 5361 κύκλῳ,
3054 5291 3194 5344 ὥστε
3243 5291 3620 5363 πληρωθεῖσαν
3655 5311 3758 5362 φω-

2177 5373 2267 5437 τὸς
2291 5377 2414 5438 ταῖς
2441 5377 2634 5445 αὐγαῖς
2663 5381 2762 5450 τῆς
2785 5380 2996 5450 ἡμέρας
3027 5380 3126 5444 τὰς
3151 5382 3281 5452 παρ’
3311 5381 3510 5451 ἑαυτῆς
3538 5381 3759 5452 λαμπη-

2177 5464 2334 5529 δόνας
2363 5471 2955 5544 συμπαρακαταμίξαι,
2987 5471 3062 5535 ὡς
3107 5472 3242 5542 μήτε
3288 5473 3426 5526 κατά
3469 5475 3567 5546 τὴν
3595 5475 3758 5528 ἐσπέ-
