3842 6452
56 5635 71 5663 1

94 282 176 337 G‘Il

1030 265 1099 322 IN
1142 261 1419 321 CHRISTI
1462 254 2094 315 RESURRECTIONEM
2126 254 2333 310 ()RAT.
2373 253 2413 307 l.

3221 246 3328 304 622

89 410 199 463 ραν,
234 392 370 461 μήτε
406 389 547 443 κατά
577 388 669 442 τὸν
701 386 920 460 ὄρθρον,
961 385 1184 447 σκότους
1220 382 1343 437 τινά
1377 380 1652 452 παρενθὴ-

1776 374 2039 429 mecessio
2087 381 2327 430 maneat.
2368 371 2696 443 Priusquam
2720 370 2865 426 enim
2899 367 3033 424 solis
3064 365 3330 421 occiden-

87 502 177 551 κην
200 482 451 551 διακόψαι
481 481 574 534 τοῦ
599 480 774 549 φωτὸς
798 479 896 550 τὴν
930 476 1228 547 συνέχειαν,
1252 478 1310 529 ὲν
1337 477 1404 545 τῇ
1433 473 1651 543 διαδοχῇ

85 577 182 629 τῶν
215 575 509 645 στοιχείων,
536 572 842 644 ἀδιαιρέτου
871 572 968 642 τῆς
995 571 1169 640 αύγῆς
1202 567 1487 640 μενούσης.
1518 565 1655 636 Πρὶν

85 670 181 741 γάρ
209 666 452 739 ἀκριϐῶς
492 666 590 736 τὴν
629 665 861 737 ἡλιακὴν
902 666 1095 717 ἀκτῖνα
1138 663 1453 725 καταδῦναι,
1502 662 1653 714 άντι-

87 761 317 827 φαίνεται
348 759 415 811 δι’
446 757 661 820 εὐθείας
687 758 720 827 ἡ
752 756 944 827 σελήνη
980 754 1057 827 τῷ
1089 756 1222 825 ἡλίῳ
1265 755 1407 809 κατὰ
1436 754 1496 809 τὸ
1536 753 1654 807 διά-

88 866 271 919 μετρον
291 890 306 913 ,
342 847 437 900 καὶ
464 845 543 916 τῷ
574 846 689 915 ἰδίῳ
719 845 858 914 φωτὶ
887 844 1231 913 καταλάμπει
1270 841 1331 895 τὸ
1364 841 1655 910 ὑποκείμε-

87 958 182 994 νον.
205 940 312 993 Καὶ
339 939 500 991 πάλιν
535 937 663 1006 πρὶν
691 937 908 999 πάντως
937 936 1026 989 τὸν
1060 935 1256 990 κύκλον
1284 934 1455 1003 αὐτῆς
1487 933 1654 985 ὑπελ-

88 1032 187 1083 θεῖν
202 1031 290 1083 τὸν
309 1031 579 1101 ὁρίζοντα,
614 1031 725 1093 τοῖς
747 1028 1018 1098 λειψάνοις
1052 1027 1143 1081 τοῦ
1181 1028 1461 1097 σεληναίου
1483 1029 1656 1096 φωτὸς

89 1123 246 1193 ἡτῆς
294 1122 512 1193 ἡμέρας
557 1121 699 1192 αὐγὴ
758 1123 1171 1191 κατακιρνᾶται.
1214 1123 1322 1174 Καὶ
1370 1120 1511 1174 οὕτω
1560 1125 1656 1191 τῆς

90 1214 408 1284 πανσελήνου
438 1213 651 1281 ἐκείνης
688 1211 901 1281 ἡμέρας
941 1211 1001 1263 τὸ
1045 1212 1232 1274 σκότος
1256 1210 1654 1280 ὲξαφανίζεται,

88 1306 212 1358 κατά
240 1323 301 1357 τε
335 1304 428 1357 τὸν
470 1304 664 1375 ὄρθρον
707 1306 800 1357 καὶ
834 1304 932 1373 τὴν
987 1304 1256 1375 ἑσπέραν,
1292 1308 1356 1376 τῇ
1391 1305 1499 1357 τῶν
1542 1323 1656 1375 φω-

90 1400 287 1467 στήρων
337 1396 556 1465 διαδοχῇ
606 1394 1079 1466 λαμπρυνόμενον.
1129 1396 1307 1467 ’Όπερ
1346 1397 1529 1450 τοίνυν
1581 1396 1658 1466 τῷ

86 1486 313 1557 αἰσθητῷ
358 1487 498 1554 φωτὶ
550 1485 689 1539 κατὰ
740 1486 838 1556 τὴν
880 1486 1475 1557 τεσσαρεσκαιδεκάτην
1523 1504 1660 1557 συμο

88 1577 271 1639 ϐαίνει,
305 1574 367 1627 τὸ
404 1574 491 1626 διὰ
527 1574 707 1644 πάσης
738 1574 930 1637 νυκτός
971 1592 1031 1627 τε
1062 1575 1155 1628 καὶ
1202 1576 1416 1647 ἡμέρας
1444 1576 1662 1644 ἀπαρά-

86 1669 258 1720 δεκτον
303 1662 444 1720 εἶναι
478 1666 577 1735 τῆς
612 1666 890 1737 ἐπιμιξίας
921 1666 1016 1718 τοῦ
1064 1666 1307 1732 σκότους,
1343 1667 1498 1721 τοῦτο
1538 1667 1660 1737 βού-

1757 467 1831 523 tis
1864 468 2004 522 radii
2044 468 2204 537 plane
2252 465 2531 528 deﬁciant,
2563 480 2594 519 e
2630 463 2856 535 regione
2899 461 3145 516 cernitur
3177 459 3327 524 luna,

1756 577 1877 631 qua:
1902 561 2023 615 luce
2050 574 2151 615 sua
2179 557 2443 613 mundum
2491 557 2750 612 illustrat.
2806 554 2874 608 Et
2904 569 3126 609 rursum
3184 560 3333 607 ante-

1755 668 1922 724 quam
1969 653 2097 707 hinc
2156 666 2325 705 cursu
2383 648 2636 704 confecto
2668 649 2796 703 luna
2853 646 3133 711 discedat,
3187 644 3333 700 lucis

1754 745 1875 813 ejus
1909 743 2159 814 reliquiis
2204 742 2311 796 diei
2360 740 2619 813 splendor
2648 724 2986 809 adiungitur.
3035 739 3214 807 Atque
3256 736 3333 791 ita

1753 854 1822 894 ex
1854 838 1944 891 illa
1978 846 2159 900 nocte,
2189 851 2297 905 qua
2328 835 2457 889 luna
2497 834 2656 903 plena
2682 840 2789 898 est,
2829 831 3068 887 tenebrae
3113 829 3333 900 penitus

1755 930 2143 992 excluduntur,
2195 936 2383 982 mutua
2445 926 2578 981 solis
2640 934 2695 979 et
2748 924 2890 978 lunae
2944 932 3059 977 tum
3121 922 3333 994 vesperi

1756 1032 1872 1077 tum
1907 1037 2069 1078 mane
2119 1021 2490 1076 successione.
2523 1018 2679 1084 Quod
2710 1017 2878 1088 igitur
2907 1017 3017 1071 luci
3073 1016 3334 1072 sensibus

1756 1113 2017 1183 expositae
2047 1111 2457 1182 quartadecima
2485 1110 2575 1164 die
2611 1108 2904 1179 contingit,
2945 1117 3006 1162 ut
3032 1123 3131 1179 per
3162 1116 3336 1163 totam

1758 1214 1971 1260 noctem
2007 1213 2174 1275 atque
2200 1203 2343 1259 diem
2379 1203 2583 1257 nullam
2621 1202 2975 1257 tenebrarum
3021 1200 3334 1257 mistionem

1758 1297 2031 1361 admittat,
2067 1297 2122 1351 id
2158 1296 2460 1366 spiritualis
2497 1297 2582 1350 lex
2610 1296 2727 1348 vult
2770 1308 2893 1350 esse
2924 1293 3335 1358 documentum,

1760 1398 1820 1442 ut
1854 1404 1951 1459 per
1976 1399 2143 1443 tutam
2179 1389 2303 1442 vitae
2331 1388 2728 1443 hebdomadam
2790 1387 3110 1457 praeclarum
3168 1402 3336 1442 unum

1761 1480 1968 1536 Pascha
2011 1489 2065 1535 et
2103 1496 2133 1534 a
2182 1480 2422 1535 tenebris
2467 1479 2898 1535 remotissimum
2944 1479 3287 1536 celebrantes
3320 1519 3337 1545 ,

1761 1587 1922 1626 omne
1955 1572 2216 1641 temporis
2265 1572 2506 1641 spatium
2548 1572 2605 1625 in
2637 1572 2757 1625 luce
2792 1572 3183 1643 transigantus.
3215 1572 3340 1628 llaec

1762 1673 1848 1718 est
1897 1664 2211 1720 celebrandi
2259 1664 2548 1720 Paschatis
2594 1665 2735 1735 apud
2775 1665 3117 1721 Christianos
3169 1667 3336 1722 insti-

86 1761 220 1811 λεται
257 1760 286 1811 ὁ
329 1758 700 1827 πνευματικὸς
731 1758 893 1828 νόμος
917 1797 930 1817 ,
964 1757 1229 1827 σύμϐολον
1260 1758 1510 1825 γενέσθαι
1548 1762 1658 1822 τοῖς

1776 1756 1902 1810 :utio
1956 1765 2119 1827 atque
2147 1758 2478 1812 observatio.
2539 1734 2751 1811 Idcirco
2817 1759 3339 1828 quartamdecimam

88 1848 463 1918 πνευματικῶς
494 1848 862 1919 ἑορτάζουσιν,
892 1848 1030 1901 ὥστε
1060 1849 1147 1901 διὰ
1182 1850 1360 1919 πάσης
1390 1850 1489 1917 τῆς
1517 1851 1658 1903 κατά

85 1943 173 2011 τὴν
202 1941 353 2009 ζωὴν
382 1940 693 2009 ἑϐδομάδος,
729 1939 785 1992 ἓν
830 1941 1021 2010 Πάσχα
1056 1941 1313 2008 φωτεινὸν
1371 1940 1465 1993 καὶ
1495 1942 1653 1994 ἀσκό-

86 2052 255 2086 τιστον
284 2034 404 2086 ὅλον
434 2033 524 2085 τὸν
562 2033 751 2103 χρόνον
781 2033 963 2095 αὐτοῖς
1006 2033 1104 2102 τῆς
1134 2032 1277 2103 ζωῆς
1305 2031 1655 2103 ἐργάζεσθαι.

86 2126 223 2194 Αὕτη
253 2125 363 2193 γάρ
401 2123 509 2177 τῶν
540 2125 668 2195 περὶ
705 2123 764 2177 τὸ
814 2124 1005 2193 Πάσχα
1038 2123 1513 2193 παραγγελμάτων
1549 2126 1662 2186 τοῖς

86 2220 427 2287 Χριστιανοῖς
458 2218 490 2286 ἡ
527 2216 879 2278 κατάστασις.
916 2217 1013 2269 Διὰ
1044 2215 1202 2268 τοῦτο
1245 2216 1379 2287 πρὸς
1402 2215 1502 2287 τὴν
1536 2233 1659 2269 τεσ-

89 2308 586 2379 σαρεσκαιδεκάτην
624 2307 913 2378 βλέπομεν,
948 2307 1035 2361 διὰ
1060 2307 1152 2362 τοῦ
1182 2307 1441 2378 αἰσθητοῦ
1472 2308 1660 2361 τούτου

86 2404 173 2455 καὶ
208 2400 399 2454 emes
437 2401 633 2469 φωτὸς,
665 2400 757 2452 τοῦ
783 2400 945 2453 άΰλου
972 2417 1031 2453 τε
1060 2400 1155 2453 καὶ
1179 2400 1369 2470 νοητοῦ
1396 2403 1495 2471 τὴν
1528 2420 1662 2471 φαν-

86 2493 278 2547 τασίαν
309 2492 816 2563 ἀναλαμϐάνοντες,
855 2491 930 2554 ὡς
976 2492 1038 2544 τὸ
1072 2493 1170 2561 μὲν
1216 2492 1392 2548 δοκεῖν
1436 2494 1666 2565 σελήνην

87 2583 399 2654 πλήθουσαν
425 2582 724 2651 ἐπιζητεῖν,
746 2582 805 2634 τὸ
838 2582 964 2652 παρ’
994 2582 1192 2654 ἑαυτῆς
1220 2583 1423 2652 φέγγος
1450 2584 1669 2656 διαρκὲς

87 2674 470 2746 παρεχομένην
501 2674 634 2744 ἡμῖν
673 2674 983 2744 παννύχιον,
1019 2676 1085 2744 τῇ
1116 2675 1172 2727 δὲ
1207 2674 1467 2749 ἀληθείᾳ,
1506 2676 1670 2747 νόμον

88 2766 218 2835 ἡμῖν
248 2762 393 2818 εἶναι
421 2765 483 2819 τὸ
508 2766 883 2837 παρατήρημα
909 2766 1002 2819 τοῦ
1034 2766 1212 2821 πάντα
1232 2767 1324 2821 τὸν
1347 2768 1556 2839 χρόνον,
1581 2769 1672 2822 τὸν

1765 1847 1908 1903 hanc
1946 1849 2088 1903 diem
2122 1851 2477 1914 attendimus,
2510 1858 2567 1904 ut
2596 1866 2664 1904 ex
2707 1850 2808 1905 hac
2838 1851 2979 1914 luce,
3011 1866 3133 1920 quae
3174 1866 3341 1906 sensu

1766 1940 2068 2011 percipitur
2126 1949 2179 1994 et
2220 1940 2272 1994 in
2309 1942 2541 1995 materia
2572 1941 2680 1996 sita
2727 1951 2812 1997 est
2837 1980 2854 2008 ,
2884 1942 3061 1996 lucem
3102 1961 3133 1995 a
3168 1950 3343 1997 mate-

1766 2034 1849 2088 ria
1881 2033 2187 2102 sejunctam
2217 2044 2268 2087 et
2305 2050 2427 2103 qua:
2461 2038 2577 2088 sola
2615 2046 2795 2090 mente
2838 2033 3341 2105 comprehenditur,

1770 2124 2161 2193 intelligamus,
2202 2132 2278 2188 et,
2306 2124 2434 2177 dum
2475 2124 2725 2179 videmur
2776 2126 2961 2180 lunam
3009 2128 3224 2195 plenam
3256 2125 3344 2180 in-

1769 2219 2007 2289 quirere,
2061 2233 2181 2288 quae
2232 2224 2554 2288 perpetuum
2583 2233 2650 2273 ex
2703 2232 2764 2274 se
2792 2219 2974 2273 lumen
3014 2227 3126 2275 tota
3186 2230 3347 2277 nocte

1771 2310 2028 2380 praebeat,
2062 2310 2196 2364 nihil
2233 2310 2376 2364 aliud
2425 2310 2585 2367 nobis
2633 2325 2697 2366 ea
2740 2326 2802 2367 re
2855 2312 3026 2397 leﬁem
3092 2314 3347 2383 praescri-

1772 2404 1904 2459 bere
1962 2403 2345 2458 existimemus
2373 2445 2387 2467 ,
2422 2404 2530 2458 nisi
2581 2411 2642 2457 ut
2688 2418 2852 2460 omne
2912 2414 3126 2476 tempus
3152 2450 3167 2473 ,
3200 2407 3347 2478 quod

1773 2510 1885 2551 nox
1922 2495 2148 2566 diesque
2203 2494 2526 2559 dimetitur,
2553 2495 2852 2551 virtutibus
2912 2496 3247 2552 illustratum
3296 2506 3352 2553 et

1774 2587 2153 2658 splendidum,
2186 2594 2239 2642 et
2279 2587 2447 2643 nullis
2508 2588 2819 2645 tenebrosis
2871 2590 3184 2647 actionibus
3224 2606 3350 2662 per-

1776 2682 2001 2737 mistum
2037 2680 2449 2751 iuquinatumve
2477 2681 2851 2738 traducamus.
2904 2684 2984 2738 Ac
3009 2684 3077 2740 de
3112 2684 3198 2739 bis
3223 2685 3350 2756 qui-

1777 2772 1900 2828 dem
1948 2772 2105 2828 satis.

88 2859 244 2911 νυκτὶ
300 2859 399 2912 καὶ
442 2859 628 2931 ἡμέρᾳ
683 2858 1179 2931 διαμετρούμενον,
1230 2861 1483 2935 λαμπρὸν
1539 2866 1672 2936 ἡμῖν
1710 2866 1947 2939 διαρκῶς
1982 2861 2143 2932 εἶναι,
2193 2865 2289 2920 καὶ
2326 2864 2434 2919 τῶν
2465 2864 2644 2938 ἔργων
2680 2865 2792 2921 τῶν
2830 2866 3119 2922 σκοτεινῶν
3161 2867 3351 2922 ἀνεπί-

91 2966 306 3021 μικτον.
337 2950 449 3003 Καὶ
470 2951 597 3021 περὶ
628 2951 727 3022 μὲν
753 2949 977 3016 τούτων,
994 2952 1247 3010 τοσαῦτα.

168 3048 309 3100 Ὅσα
350 3047 407 3100 δὲ
453 3048 481 3101 ὁ
520 3047 752 3118 σταυρὸς
801 3048 1117 3120 ἐμπεριέχει
1166 3051 1437 3122 νοήματα,
1491 3053 1557 3107 δι’
1608 3046 1669 3106 οὗ

1850 3051 1983 3119 Quae
2011 3066 2145 3108 vero
2175 3050 2242 3106 ad
2268 3065 2488 3106 crucem
2517 3049 2792 3122 pertinent
2819 3091 2835 3118 ,
2874 3066 2972 3122 per
3018 3067 3180 3123 quam
3230 3071 3355 3127 pas-

89 3138 390 3195 τελειοῦται
418 3140 480 3194 τὸ
519 3140 647 3212 περὶ
674 3142 735 3194 τὸ
769 3141 938 3205 πάθος
973 3144 1296 3214 μυστήριον,
1345 3144 1429 3208 τίς
1458 3143 1523 3198 ἂν
1572 3149 1671 3216 ῥα-

90 3234 220 3298 δίως
248 3232 327 3303 τῷ
365 3232 510 3304 λόγῳ
548 3233 900 3305 σαφηνίσειε;
938 3234 1028 3305 Μὴ
1061 3234 1168 3306 γὰρ
1193 3236 1292 3289 οὐκ
1320 3231 1461 3307 ἦσαν
1492 3238 1674 3309 μυρίοι

91 3326 286 3398 τρόποι
325 3324 467 3396 πρὸς
508 3324 736 3379 θάνατον
773 3325 1061 3397 φέροντες,
1107 3327 1174 3381 δι’
1222 3321 1297 3382 ὧν
1337 3324 1406 3401 ἦν
1453 3329 1676 3383 δυνατὸν

95 3414 455 3487 πληρωθῆναι
484 3414 582 3486 τὴν
611 3415 751 3486 ὑπὲρ
774 3414 932 3486 ἡμῶν
953 3415 1045 3469 τοῦ
1077 3415 1305 3470 θανάτου
1334 3416 1674 3487 οίκονομίανς

106 3509 248 3561 Ἀλλ’
276 3508 346 3560 ἐκ
374 3507 589 3562 πάντων
615 3501 766 3571 οὗτος
791 3507 1000 3578 ὡρίσθη
1031 3510 1160 3580 παρ’
1188 3509 1351 3563 αὑτοῦ
1380 3508 1472 3562 τοῦ
1503 3508 1679 3579 ἑαυτῷ

93 3601 213 3652 κατ’
252 3598 505 3665 ἐξουσίαν
527 3598 587 3651 τὸ
610 3598 778 3662 πάθος
801 3599 1102 3669 ὁρίσαντος.
1124 3599 1221 3653 Δεῖ
1237 3600 1364 3671 γὰρ,
1392 3602 1544 3671 φησὶ,
1574 3600 1681 3653 τὸν

102 3688 245 3742 Υἰὸν
277 3686 387 3742 τοῦ
412 3686 745 3757 ἀνθρώπου.
774 3690 887 3743 Οὐκ
917 3685 1057 3754 εἷπε,
1095 3691 1175 3743 Τὰ
1219 3692 1313 3745 καὶ
1343 3692 1412 3745 τὰ
1436 3693 1681 3745 πείσεται

93 3784 123 3834 ὁ
148 3782 281 3845 Tib;
311 3780 409 3835 τοῦ
439 3779 747 3852 ἀνθρώπου,
775 3782 850 3845 ὡς
876 3784 941 3838 άν
964 3800 1048 3847 τις
1078 3783 1259 3848 άπλῶς
1285 3784 1426 3837 εἴποι
1450 3802 1684 3855 προαγο-

100 3875 280 3947 ρεύων
331 3874 395 3927 τὸ
435 3874 724 3944 λεγόμενον
745 3914 760 3938 ,
792 3874 927 3928 ἀλλὰ
963 3875 1023 3928 τὸ
1057 3876 1353 3944 ἀναγκαῖον
1390 3876 1531 3929 κατά
1563 3895 1684 3930 τινα

97 3966 260 4035 λόγον
318 3966 630 4037 ἀπόρρητον
685 3964 937 4034 γενέσθαι
984 3966 1196 4035 ὀφεῖλον
1250 3966 1562 4037 δογματίζει
1605 3965 1686 4038 τῷ

100 4060 349 4128 ῥήματι,
379 4060 437 4110 ὲν
473 4057 550 4127 τῷ
580 4059 777 4121 εἰπεῖν,
809 4060 891 4111 ὅτι
917 4058 1017 4111 Δεῖ
1039 4057 1145 4111 τὸν
1184 4057 1322 4112 Υἱὸν
1342 4058 1448 4111 τοῦ
1468 4058 1688 4126 ἀνθρώ,-

96 4167 221 4205 ετου
276 4152 483 4203 πολλὰ
539 4148 749 4203 παθεῖν
789 4148 886 4201 καὶ
937 4147 1527 4216 ἀποδοκιμασθῆναι,
1586 4148 1685 4202 καὶ

96 4242 562 4311 σταυρωθῆναι,
612 4242 708 4295 καὶ
757 4240 833 4309 τῇ
877 4242 1045 4309 τρίτῃ
1092 4240 1279 4309 ἡμέρᾳ
1328 4239 1683 4308 ἀναστῆναι.

98 4336 464 4406 Κατανόησόν
510 4352 599 4406 μοι
645 4335 754 4406 γὰρ
795 4335 890 4388 τοῦ
935 4335 1035 4388 Δεῖ
1063 4335 1162 4406 τὴν
1202 4334 1462 4397 διάνοιαν,
1501 4333 1567 4387 δι’
1613 4327 1681 4403 ἦς

1777 3145 1952 3200 sionis
1986 3144 2307 3216 mysterium
2333 3142 2630 3214 perﬁcitur,
2667 3142 2794 3214 quis
2823 3159 2886 3200 ea
2921 3144 3081 3201 facile
3121 3146 3357 3206 dicendo

1775 3245 1940 3306 queat
1990 3234 2309 3306 explicare?
2333 3233 2528 3288 Annon
2560 3233 2706 3289 enim
2738 3234 3166 3293 innumerabiles
3199 3246 3359 3295 erant

1777 3327 2043 3384 moriendi
2079 3327 2340 3393 rationes,
2370 3327 2573 3396 quibus
2598 3326 2792 3381 mortis
2823 3342 2924 3397 pro
2945 3328 3106 3383 nobis
3158 3327 3363 3385 obeun'

1778 3421 1862 3476 da‘.
1931 3420 2221 3476 consilium
2290 3418 2497 3489 expleri
2555 3417 3001 3487 poteratHlanc
3055 3428 3237 3476 tamen
3288 3438 3359 3477 ex

1779 3510 2035 3564 omnibus
2079 3524 2242 3570 unam
2286 3507 2353 3573 is,
2399 3508 2492 3577 qui
2535 3512 2727 3564 mortis
2756 3550 2771 3576 ,
2814 3525 2976 3580 quam
3022 3513 3206 3575 vellet,
3240 3514 3361 3585 epi-

1781 3604 1999 3658 nionem
2053 3600 2316 3666 habebat,
2370 3600 2473 3655 sibi
2533 3600 2734 3672 delegit
2786 3610 2951 3672 atque
2990 3605 3354 3678 praescripsit.

1785 3693 2003 3761 Oportet
2038 3691 2205 3754 enim,
2242 3691 2464 3761 inquit,
2500 3688 2702 3745 Filium
2742 3691 2989 3748 hominis.
3036 3694 3160 3751 Non
3188 3696 3358 3764 dixit,

1786 3785 1899 3838 haec
1927 3793 1981 3839 et
2046 3783 2161 3837 haec
2196 3782 2370 3838 Filius
2434 3783 2676 3839 hominis
2730 3785 2987 3854 patietur,
3040 3794 3099 3841 ut
3160 3788 3361 3859 aliquis

1787 3878 1970 3931 futura
2028 3877 2402 3945 prtenuntians
2461 3876 2787 3945 simpliciter
2825 3877 3084 3945 dixisset,
3121 3881 3217 3934 sed
3264 3897 3362 3937 ne-

1786 3969 2086 4022 cessarium
2154 3982 2355 4021 arcana
2425 3967 2660 4037 quadam
2726 3968 2940 4023 ratione
2998 3984 3063 4023 ac
3116 3971 3358 4027 debitum

1786 4076 1908 4115 esse
1937 4059 2229 4127 signiﬁcat,
2261 4059 2413 4121 dum,
2450 4057 2700 4127 Oportet,
2732 4058 2927 4130 inquit,
2961 4059 3161 4115 Filium
3188 4063 3360 4118 homi-

1790 4152 1872 4205 uis
1903 4150 2071 4203 multa
2116 4151 2249 4217 pati.
2291 4159 2342 4202 ct
2403 4150 2696 4217 reprobari,
2762 4160 2812 4204 et
2846 4151 3108 4221 cruciﬁgi,
3150 4162 3201 4207 et
3258 4162 3363 4209 ter-

1791 4244 1866 4297 tia
1893 4243 1980 4297 die
2011 4258 2280 4312 resurgere
2300 4242 2368 4297 ⁸¹.
2402 4240 2521 4296 Vim
2548 4242 2693 4297 enim
2738 4242 2887 4297 illius
2919 4245 3095 4309 verbi,
3127 4255 3359 4314 oportet,

1789 4336 1922 4388 mihi
1954 4334 2266 4399 considera,
2299 4344 2355 4390 et
2386 4335 2630 4388 invenies
2670 4333 2723 4388 id
2770 4334 2824 4388 in
2862 4350 2927 4390 ea
2973 4337 3267 4403 contineri,
3303 4347 3365 4394 ut

98 4431 425 4500 εὑρίσκεται
454 4429 514 4482 τὸ
550 4428 624 4499 μὴ
651 4429 760 4483 δεῖν
795 4428 1025 4499 ἄλλωςῆ
1062 4429 1148 4481 διὰ
1179 4427 1272 4481 τοῦ
1313 4426 1544 4498 σταυροῦ
1590 4443 1669 4494 γε·

1795 4426 2085 4498 signiﬁcet,
2131 4425 2245 4480 ﬁeri
2298 4425 2455 4480 aliter
2509 4440 2617 4480 non
2676 4433 2959 4496 oportere,
3012 4428 3115 4483 nisi
3166 4437 3224 4483 ut
3268 4445 3365 4500 per

97 4520 295 4573 νέσθαι
334 4520 553 4583 πάντως
578 4518 638 4572 τὸ
670 4519 839 4582 πάθος
864 4519 925 4572 τὸ
954 4519 1433 4591 δογματιζόμενον.
1470 4518 1567 4582 Τίς
1594 4512 1685 4571 οὖν

96 4617 130 4665 ὁ
176 4615 313 4685 περ)⁸
356 4614 547 4667 τούτου
583 4613 771 4682 λόγος;
819 4615 997 4667 Μόνου
1044 4612 1139 4666 τοῦ
1185 4612 1421 4684 μεγάλου
1472 4610 1684 4664 Παύλου

98 4710 243 4773 ἐστὶ,
290 4708 388 4761 τοῦ
439 4710 503 4761 ὲκ
534 4708 641 4761 τῶν
686 4708 938 4779 ἀρρήτων
982 4707 1240 4777 ῥημάτων
1272 4704 1684 4767 παιδευθέντος,

98 4801 141 4852 ἃ
170 4802 228 4852 ἐν
254 4803 371 4862 τοῖς
401 4800 614 4863 ἀδύτοις
634 4799 727 4852 τοῦ
751 4799 1076 4870 παραδείσου
1106 4797 1331 4868 μυηθεὶς
1355 4795 1685 4867 ἠκροάσατο,

102 4894 204 4944 καὶ
236 4893 300 4945 τὸ
331 4891 461 4962 περὶ
490 4891 680 4944 τούτου
716 4892 1009 4961 μυστήριον
1039 4889 1391 4959 διασαφῆσαι,
1423 4886 1603 4949 καθὼς
1627 4889 1683 4939 ὲν

104 4985 273 5052 μέρει
324 4984 414 5035 διὰ
459 4983 569 5034 τῶν
617 4983 752 5053 πρὸς
801 4981 1078 5049 Ἐφεσίους
1122 4980 1295 5048 λόγων
1338 4979 1398 5032 τὸ
1450 4978 1687 5051 κρυπτὸν

101 5078 415 5149 ὑπῃνίξατο
444 5076 649 5143 λέγων’
691 5076 821 5129 Ἵνα
856 5074 1219 5142 ἐξισχύσητε
1254 5070 1688 5123 καταλαϐέσθαι

98 5172 235 5223 σὺν
260 5168 415 5221 πᾶσι
451 5167 575 5232 τοῖς
620 5167 838 5235 ἁγίοις,
876 5166 932 5217 τί
968 5164 1030 5217 τὸ
1066 5164 1290 5229 πλάτος
1324 5164 1419 5216 καὶ
1457 5162 1654 5232 μῆκος
1677 5202 1690 5224 ,

96 5282 181 5317 το
197 5262 393 5326 ,ϐάθος
411 5261 507 5313 x‘al
533 5260 708 5327 ὕψος,
730 5257 950 5327 γνῶναι
974 5276 1034 5311 τε
1054 5258 1168 5324 τὴν
1193 5258 1694 5325 ὑπερϐάλλουσαν

97 5355 361 5424 ἀγάπην
402 5351 511 5421 τῆς
544 5352 817 5422 γνώσεως
855 5350 960 5404 τοῦ
1004 5349 1279 5418 Χριστοῦ,
1324 5350 1422 5401 ἵνα
1462 5351 1694 5416 πληρω-

96 5446 257 5513 θῆτε
282 5448 372 5510 εις
401 5443 526 5497 πᾶν
550 5442 617 5494 τὸ
659 5441 947 5508 πλήρωμα
983 5441 1091 5493 τοῦ
1123 5439 1289 5493 Θεοῦ.
1327 5440 1400 5491 Οὐ
1438 5438 1545 5510 γάρ
1586 5440 1690 5508 ἀρ-

94 5538 228 5609 γῶς
272 5540 303 5591 ὁ
348 5537 491 5597 θεῖος
540 5536 744 5595 ἐκεῖνος
786 5532 1059 5602 ὀφθαλμὸς
1100 5530 1193 5583 τοῦ
1247 5529 1587 5590 Ἀποστόλου,
1638 5529 1698 5581 τὸ

1795 4533 2012 4574 crucem
2051 4533 2201 4573 mors
2249 4526 2556 4589 appetatur.
2609 4516 2741 4583 Qua:
2785 4518 3013 4588 hujusce
3048 4520 3122 4574 rei
3154 4521 3366 4577 causa?

1792 4612 1944 4668 Pauli
1966 4612 2138 4668 solius
2156 4618 2240 4666 est
2264 4625 2381 4664 eam
2405 4625 2697 4679 exponere,
2724 4625 2818 4679 per
2839 4625 3040 4664 arcana
3062 4611 3152 4665 illa
3173 4612 3360 4677 verba,

1793 4721 1914 4776 quae
1936 4707 1988 4760 in
2014 4705 2189 4775 adytis
2214 4702 2450 4769 paradisi
2473 4702 2802 4757 constitutus
2823 4702 3027 4757 audivit
3048 4703 3268 4771 :solius,
3288 4703 3364 4758 in-

1795 4810 1981 4866 quam,
2004 4795 2154 4848 Pauli
2185 4801 2290 4856 est,
2327 4793 2430 4847 hoc
2453 4792 2635 4846 crucis
2669 4791 2989 4862 mysterium
3024 4791 3322 4861 explanare
3347 4835 3361 4857 ,

1796 4886 2249 4958 quemadmodum
2280 4886 2441 4939 etiam
2474 4899 2539 4939 ex
2566 4892 2718 4953 parte
2737 4883 2915 4951 aliqua
2951 4883 3006 4936 in
3036 4882 3268 4952 epistula
3297 4885 3363 4937 ad

1796 4981 2059 5051 Ephesios
2089 4979 2217 5032 facit
2238 5020 2251 5039 ,
2273 4978 2401 5030 dum
2434 4991 2695 5030 arcanum
2731 4974 2835 5029 hoc
2888 4974 3224 5046 patefaciens
3246 5013 3262 5040 ,
3298 4972 3364 5026 ιΙι

1796 5074 2034 5142 possitis,
2061 5070 2258 5139 inquit,
2288 5068 2715 5133 comprehendere
2735 5083 2852 5120 cum
2881 5065 3121 5121 omnibus
3145 5065 3364 5131 sanctis,

1798 5179 1914 5231 qua:
1946 5163 2014 5213 sit
2046 5159 2294 5221 latitudo,
2323 5168 2371 5211 et
2401 5157 2690 5227 longitudo,
2721 5169 2769 5210 et
2805 5156 3127 5213 sublimitas.
3170 5164 3219 5208 et
3243 5170 3368 5223 pra-

1800 5252 2043 5319 fundum,
2081 5249 2213 5303 scire
2242 5250 2401 5301 etiam
2439 5249 2904 5317 superemiueutem
2935 5248 3166 5300 scientia:
3188 5248 3367 5300 chari-

1804 5354 1963 5396 ta‘tem
2030 5339 2247 5402 Christi,
2278 5339 2679 5409 utimpleamini
2716 5341 2770 5391 in
2812 5354 3014 5392 omnem
3077 5337 3365 5406 plenitudi-

1801 5451 1917 5489 nem
1936 5434 2031 5487 Dei
2053 5434 2120 5487 δ’.
2152 5432 2337 5502 Neque
2366 5434 2510 5486 enim
2538 5431 2737 5485 frustra
2757 5430 2975 5483 divinus
2998 5429 3088 5483 ille
3117 5430 3363 5499 Apostoli

1806 5527 1998 5580 oculus
2029 5526 2210 5580 crucis
2252 5525 2475 5594 ﬁguram
2512 5522 2858 5593 excogitavit.
2897 5518 3003 5575 Sed
3044 5536 3107 5574 ea
3148 5520 3275 5575 item
3310 5534 3370 5576 re

193 5721 234 5752 ⁸³
262 5716 455 5774 Matth.
488 5732 602 5783 va,
630 5718 691 5771 ‘ll
725 5717 931 5787 ;lllarc.
966 5731 1087 5783 rm,
1121 5716 1179 5769 3|
1207 5731 1221 5779 ;
1252 5710 1382 5764 Luc.
1412 5724 1489 5771 Ix,
1524 5705 1627 5774 22;
1662 5702 1820 5759 Joan.
1854 5720 1949 5773 xu,
1988 5704 2048 5758 '51
2080 5718 2199 5773 sqq.
2277 5703 2322 5735 "
2352 5699 2551 5770 Ephes.
2594 5714 2675 5763 nt,
2720 5698 2805 5765 18,
2835 5697 2920 5751 l9.
