3842 6392
515 215 624 273 623

1788 211 1848 268 S.
1887 209 2217 266 GREGORII
2241 208 2535 264 NVSSENI

3675 211 3776 264 (ili

513 331 675 388 facile
704 331 962 397 ostendit,
993 347 1052 388 se
1085 331 1342 387 omnibus
1376 331 1700 401 ignorantire
1742 331 1986 401 squamis
2021 332 2065 386 al

2194 332 2378 401 σχῆμα
2407 331 2498 384 τοῦ
2558 331 2787 402 σταυροῦ
2826 332 3146 401 κατενόησεν
3172 347 3184 360 ·
3222 334 3333 384 ἀλλ’
3360 333 3525 394 ἔδειξε
3558 341 3656 383 tit
3687 332 3773 382 διὰ

512 425 687 479 oculis
746 423 943 478 mentis
993 424 1245 478 excussis
1274 463 1290 489 ,
1329 424 1505 492 ipsam
1555 438 1741 477 rerum
1802 424 2092 477 veritatem

475 535 478 540 λ
511 515 657 570 clare
719 513 1089 584 perspexisse.
1115 514 1277 568 Novit
1309 514 1479 577 enim,
1512 529 1577 568 ea
1617 513 1791 584 ﬁgura
1813 556 1828 580 ,
1861 517 2095 584 quatuor

479 605 771 684 fcornibus
798 620 830 660 e
866 605 1048 659 medio
1083 605 1537 673 provenientibus
1559 603 1868 674 descripta,
1901 618 2093 675 poten-

511 697 642 751 tiam
703 712 799 766 per
852 697 1037 750 omnia
1125 705 1528 750 commeantem
1588 705 1642 751 et
1688 697 2088 767 providentiam

509 789 678 853 illius,
711 789 804 858 qui
847 792 900 841 in
930 790 1050 858 ipsa
1077 788 1464 842 manifestatus
1501 795 1586 842 est
1619 833 1630 851 ,
1687 789 2004 858 signiﬁcari,
2037 798 2093 842 et

508 884 716 938 idcirco
747 891 931 953 partes
991 883 1141 936 illius
1186 881 1436 951 singulas
1483 883 1720 949 propriis
1777 882 2090 936 nominibus

506 975 821 1045 appellavit.
857 973 990 1026 Eam
1013 974 1158 1026 enim
1181 1013 1196 1036 ,
1227 989 1347 1044 qua:
1387 986 1416 1024 a
1449 973 1628 1026 medio
1683 973 1939 1028 deorsum
1970 988 2094 1027 vero

504 1069 625 1137 git,
659 1066 988 1136 profundum
1019 1072 1179 1118 vocat
1213 1082 1228 1129 ;
1278 1079 1401 1134 quae
1434 1076 1612 1118 autem
1647 1080 1886 1129 sursum,
1916 1066 2089 1119 subli-

505 1161 784 1226 mitatem;
815 1158 1157 1212 latitudinem
1198 1174 1328 1212 vero
1375 1168 1429 1214 et
1456 1157 1849 1227 longitudinem
1913 1158 2035 1212 illas
2069 1201 2083 1223 ,

502 1266 626 1322 qua:
671 1253 924 1321 utrinque
975 1259 1298 1304 transversae
1334 1251 1729 1318 protenduntur
1755 1286 1769 1308 ,
1828 1257 1924 1312 ut,
1967 1263 2087 1317 quae

505 1344 632 1397 hinc
689 1359 720 1396 a
773 1341 954 1396 medio
1015 1342 1339 1412 producitur
1367 1385 1379 1402 ,
1419 1341 1653 1395 latitudo
1682 1380 1696 1403 ,
1741 1355 1864 1411 qut:
1901 1349 2083 1394 autem

503 1433 654 1486 illinc
677 1471 692 1494 ,
728 1431 1012 1501 longitudo
1079 1431 1391 1486 nominetur
1424 1451 1437 1485 :
1477 1432 1677 1501 quibus
1727 1443 1912 1501 aperte
1949 1431 2080 1484 mihi

499 1524 716 1579 videtur
739 1537 996 1578 sermone
1031 1522 1336 1588 declarare,
1375 1523 1505 1575 nihil
1563 1523 1616 1576 in
1665 1523 1830 1577 rebus
1881 1522 2082 1576 creatis

499 1633 659 1682 esse,
694 1615 841 1686 quod
873 1631 981 1668 non
1020 1614 1205 1669 divina
1259 1624 1450 1668 natura
1500 1615 1776 1668 incolume
1819 1621 2038 1668 tueatur
2063 1655 2077 1676 ,

2197 425 2384 477 τούτου
2411 425 2616 494 σαφῶς,
2643 425 2724 477 ὅτι
2745 426 2850 488 πᾶς
2876 427 2971 495 τῆς
2995 426 3218 492 ἀγνοίας
3239 423 3458 486 λεπίδας
3484 422 3774 476 ἀποϐαλὼν

2195 517 2303 568 τῶν
2323 517 2604 588 ὀμμάτων,
2628 517 2762 588 πρὸς
2786 518 2955 586 αὑτὴν
2978 518 3078 588 ὁρᾷ
3106 516 3356 586 καθαρῶς
3374 515 3471 585 τὴν
3490 514 3772 584 ἀλήθειαν.

2195 603 2316 662 Οἵδε
2347 608 2454 680 γάρ
2481 607 2562 660 ὅτι
2591 607 2649 659 τὸ
2675 607 2860 677 σχῆμα
2883 606 3038 660 τοῦτο
3061 607 3316 675 τέτταρσι
3343 604 3634 679 προϐολαῖς
3672 605 3775 656 ἀπο

2192 702 2293 770 τῆς
2326 704 2382 753 ὲν
2410 700 2486 772 τῷ
2517 702 2668 771 μέσῳ
2699 700 2971 771 συμϐολῆς
3001 699 3372 770 μεριζόμενον,
3398 700 3496 769 τὴν
3526 699 3618 751 διὰ
3645 698 3772 749 πάν.

2192 811 2298 845 των
2331 793 2570 863 ἥκουσαν
2601 793 2695 845 τοὺ
2727 795 2785 844 ὲν
2831 793 2979 862 αὑτῴ
3018 792 3275 860 φανέντος
3312 791 3539 862 δύναμίν
3578 807 3639 842 τε
3683 792 3773 842 καὶ

2193 885 2449 955 πρόνοιαν
2510 883 2883 954 διασημαίνει,
2940 885 3034 936 καὶ
3085 883 3274 936 τούτου
3325 884 3484 953 χάριν
3534 866 3772 950 ἑκάστῆν

2192 976 2458 1048 προϐολὴν
2490 976 2816 1039 ἰδιαζούσαις
2847 977 3207 1046 κατονομάζει
3236 979 3473 1046 φωναῖς·
3501 976 3664 1046 βάθος
3692 975 3773 1027 λέ-

2189 1087 2301 1138 γων
2353 1070 2414 1122 τὸ
2439 1071 2502 1122 ὲκ
2529 1069 2622 1122 τοῦ
2653 1069 2818 1139 μέσου
2845 1070 2995 1122 κάτω
3015 1110 3030 1130 ,
3058 1070 3152 1123 καὶ
3181 1068 3312 1138 ὕψος
3345 1068 3407 1122 τὸ
3433 1069 3768 1140 ὑπερκείμε-

2187 1178 2306 1216 νον·
2340 1161 2540 1224 πλάτος
2565 1161 2621 1214 δὲ
2653 1163 2745 1214 καὶ
2780 1161 2971 1231 μῆκος,
2997 1161 3058 1214 τὸ
3087 1163 3151 1213 ἐκ
3183 1159 3410 1227 πλαγίου
3438 1162 3765 1231 παρατεινό-

2191 1270 2351 1322 μενον
2394 1254 2532 1323 μετά
2564 1253 2664 1321 τὴν
2703 1251 2977 1322 συμϐολὴν
3023 1251 3361 1322 ἑκατέρωθεν
3393 1271 3404 1282 ·
3442 1253 3515 1317 ὡς
3568 1253 3631 1307 τὸ
3674 1255 3769 1323 μὲν
3819 1239 3821 1242 ί

2187 1344 2335 1397 ἔνθεν
2357 1344 2449 1398 τοὺ
2473 1344 2657 1414 μέσου,
2681 1343 2900 1406 πλάτος,
2919 1343 2978 1396 τὸ
3001 1343 3056 1395 δὲ
3083 1343 3366 1413 ἑτέρωθεν,
3390 1343 3563 1412 μῆκος
3594 1361 3766 1414 προσ-

2185 1435 2511 1508 αγορεῦσαιο
2557 1435 2623 1487 δι’
2674 1428 2748 1487 ὧν
2786 1434 2943 1487 τοῦτο
3009 1452 3097 1504 μοι
3149 1434 3292 1486 δοκεί
3339 1434 3523 1504 σαφῶς
3573 1435 3764 1504 διασηο

2187 1529 2396 1598 μαίνειν
2427 1527 2504 1598 τῷ
2544 1527 2707 1597 λόγῳ,
2741 1528 2822 1580 ὅτι
2861 1527 3010 1580 οὐδὲν
3053 1527 3162 1579 τῶν
3198 1527 3364 1580 ὄντων
3402 1528 3570 1590 ἐστὶν,
3619 1527 3648 1580 ὃ
3691 1530 3762 1598 μὴ

2181 1623 2248 1690 τῇ
2303 1620 2424 1689 θεία
2473 1618 2841 1687 διακρατεῖται
2895 1617 3074 1686 φύσει,
3127 1618 3188 1675 τὸ
3237 1619 3648 1688 ὑπερουράνιον,
3705 1621 3761 1670 τὸ

499 1708 646 1780 quod
671 1716 757 1763 est
781 1719 947 1777 supra
976 1707 1172 1771 caelos,
1202 1705 1348 1776 quod
1381 1707 1486 1761 sub
1530 1713 1698 1769 terra,
1731 1704 1988 1775 quodque
2009 1703 2065 1757 ad

2181 1709 2532 1782 ὑποχθόνιον,
2558 1711 2620 1764 τὸ
2646 1710 2740 1762 ἐπὶ
2780 1710 2849 1763 τὰ
2878 1709 3090 1778 πέρατα
3137 1709 3244 1761 τῶν
3285 1710 3452 1762 ὄντων
3495 1709 3760 1762 πάντοθεν

499 1810 744 1854 extrema
784 1799 972 1852 mundi
1022 1807 1400 1852 transversum
1441 1797 1683 1866 undique
1711 1796 2074 1866 protenditur.

498 1891 631 1944 Nam
661 1906 757 1960 per
784 1891 1144 1955 altitudinem,
1178 1889 1230 1944 id
1252 1890 1395 1958 quod
1421 1897 1511 1944 est
1545 1905 1802 1954 sursum;
1828 1904 1924 1958 per
1951 1903 2079 1958 pro-

501 1983 748 2049 fundum,
786 1983 931 2052 quod
985 1982 1440 2045 subterraneum;
1473 1996 1568 2051 per
1587 1981 1982 2052 longitudinem
2021 1989 2076 2036 et

497 2075 836 2129 latitudinem
903 2074 957 2127 in
1024 2073 1202 2127 medio
1238 2073 1416 2143 posita
1465 2079 1710 2127 extrema
1750 2072 2071 2142 signiﬁcat,

493 2180 616 2234 quae
645 2179 678 2217 a
707 2165 908 2218 virtute
935 2170 1111 2217 totum
1146 2163 1250 2217 hoc
1299 2163 1614 2217 universum
1669 2169 1856 2218 tuente
1892 2163 2072 2216 conti-

495 2265 715 2311 nentur.
746 2254 908 2310 P0tes
939 2261 1124 2308 autem
1151 2268 1214 2308 ex
1243 2253 1312 2308 iis
1334 2268 1456 2322 qum
1485 2252 1540 2306 in
1569 2251 1752 2306 anima
1784 2259 1876 2306 tua
1913 2252 2070 2316 ﬁunt,

492 2363 555 2402 ea
585 2363 706 2417 qua:
727 2345 796 2401 de
827 2345 934 2399 Deo
969 2345 1260 2416 cogitanda
1306 2351 1438 2399 sunt
1484 2344 1760 2399 declarata
1822 2354 2072 2400 conteru-

491 2441 652 2512 plari.
687 2439 898 2494 Caelum
937 2440 1080 2492 enim
1106 2437 1348 2506 suspice,
1374 2444 1429 2490 et
1462 2443 1646 2506 partes
1678 2436 1897 2491 inﬁmas
1951 2437 2070 2490 ani-

493 2544 583 2583 mo
625 2529 1022 2597 complectere,
1081 2534 1465 2594 extremosque
1498 2538 1564 2578 ac
1605 2539 1851 2581 summos
1915 2526 2070 2580 orbis

491 2619 756 2674 terminos
798 2619 1130 2688 cogitatione
1187 2614 1626 2686 comprehende,
1663 2625 1830 2686 atque
1884 2619 2069 2673 consi-

489 2711 642 2774 dera,
673 2725 920 2780 quaenam
957 2709 1196 2779 potentia
1238 2719 1496 2778 tanquam
1525 2707 1897 2764 universitatis
1942 2711 2066 2764 vin-

489 2804 674 2858 culum
710 2803 824 2860 haec
857 2803 1040 2858 omnia
1079 2801 1359 2858 devinciat
1416 2808 1580 2870 atque
1622 2803 1901 2856 contineat
1935 2821 1949 2856 :
1981 2804 2064 2856 vi-

489 2891 751 2962 debisque
774 2901 968 2962 sponte
1001 2906 1100 2946 sua
1127 2893 1179 2945 in
1207 2906 1273 2946 ea
1299 2889 1501 2945 divinae
1543 2891 1800 2959 potentia:
1825 2901 2066 2946 contem-

487 2984 725 3056 platione
754 2985 940 3038 crucis
970 2984 1194 3053 ﬁguram
1220 2981 1450 3052 exprimi
1488 2982 1542 3035 in
1569 2982 1755 3036 animo
1783 2999 1848 3039 ac
1880 2992 2062 3040 mente

488 3086 603 3141 tua,
638 3090 669 3129 a
694 3076 908 3145 superis
955 3076 1021 3128 ad
1066 3074 1237 3129 iul'era
1265 3117 1280 3139 ,
1319 3074 1388 3128 ab
1427 3073 1686 3129 extremis
1713 3075 1781 3130 ad
1820 3086 2063 3131 extrema

488 3174 795 3238 protentam
827 3175 992 3235 atque
1019 3167 1369 3235 descriptam.

560 3257 816 3329 Figuram
845 3258 990 3311 hanc
1017 3271 1246 3326 magnus
1280 3256 1444 3311 etiam
1460 3256 1628 3313 David
1646 3259 1714 3314 de
1739 3274 1800 3313 se
1837 3259 2067 3325 loquens

487 3349 761 3420 expressit
793 3365 806 3400 :
844 3348 960 3414 Quo
991 3348 1095 3410 ibo,
1137 3347 1333 3418 inquit,
1367 3365 1401 3401 a
1437 3350 1630 3418 spiritu
1673 3364 1783 3414 tuo,
1823 3361 1870 3403 et
1893 3367 1994 3419 quo
2033 3367 2066 3404 a

485 3441 622 3508 [acie
648 3450 742 3493 tua
767 3440 1022 3508 fugiant?
1055 3438 1115 3492 Si
1169 3441 1454 3494 ascendere
1477 3441 1537 3494 in
1591 3441 1778 3494 caelum
1809 3441 1948 3512 (ha:c
1982 3452 2068 3499 est

483 3531 846 3602 sublimitas),
873 3541 930 3584 tu
983 3530 1096 3584 illic
1129 3547 1204 3584 es.
1235 3528 1295 3584 Si
1323 3531 1642 3587 descendero
1692 3534 1749 3586 in
1799 3533 2064 3602 infernum

483 3625 612 3695 (hoc
641 3633 725 3678 est
755 3621 1130 3694 profundum),
1149 3622 1298 3676 ades.
1322 3621 1384 3677 Si
1401 3640 1674 3692 sumpsero
1698 3641 1897 3693 pennas
1920 3643 2062 3680 meas

480 3710 742 3773 diluculo,
777 3710 830 3764 id
859 3721 964 3774 est,
991 3710 1058 3764 ad
1089 3721 1270 3764 ortum
1297 3711 1430 3767 solis
1467 3713 1605 3784 (haec
1638 3722 1725 3770 est
1784 3716 2060 3784 latitudo),

477 3815 529 3859 et
557 3804 932 3859 habitaveroiu
955 3806 1204 3859 extremis
1235 3805 1401 3860 maris
1427 3805 1508 3860 ⁸³ι
1561 3807 1644 3863 sic
1692 3808 1837 3863 enim
1894 3823 2059 3864 occa-

478 3911 603 3951 sum
625 3897 862 3968 appellat
887 3897 1026 3966 (haac
1051 3905 1135 3952 est
1161 3896 1492 3968 longitudo).
1517 3897 1714 3956 Cernis
1752 3915 1861 3970 quo
1895 3899 2060 3956 modo

477 3989 666 4047 crucis
693 3989 921 4061 ﬁguram
956 3989 1271 4046 describat?
1306 3989 1390 4044 Tu
1417 4005 1500 4054 es,
1565 3993 1763 4061 inquit,
1817 3992 1912 4062 qui
1963 4007 2060 4062 per

475 4082 660 4137 omnia
688 4095 984 4144 commeas,
1023 4083 1116 4150 qui
1150 4091 1346 4136 cuncta
1373 4081 1637 4146 devincis,
1658 4083 1754 4153 qui
1787 4084 1843 4137 in
1874 4085 2059 4154 teipso

477 4172 901 4243 comprehendis
933 4173 1212 4228 universa.
1247 4171 1329 4226 Tu
1354 4189 1519 4244 supra
1548 4191 1630 4238 es,
1658 4185 1718 4230 tu
1768 4191 1829 4232 es
1888 4176 2054 4232 infra.

477 4265 537 4319 In
567 4263 671 4318 hac
695 4273 940 4323 extrema
981 4276 1135 4334 parte
1161 4279 1354 4318 manus
1381 4274 1469 4320 est
1496 4274 1610 4326 tua.
1669 4276 1725 4322 et
1777 4268 1833 4322 in
1885 4267 2056 4322 altera

2180 1805 2244 1857 ἐκ
2299 1803 2528 1872 πλαγίου
2573 1801 3058 1872 παρατεινόμενον.
3101 1801 3363 1872 Σημαίνει
3400 1800 3510 1872 γάρ
3543 1802 3633 1855 διὰ
3665 1803 3760 1872 μὲν

2178 1894 2270 1948 τοῦ
2305 1895 2489 1964 ὕψους,
2524 1895 2585 1946 τὸ
2626 1894 3037 1964 ὑπερκείμενονο
3079 1892 3167 1945 διὰ
3203 1893 3258 1944 δὲ
3295 1892 3386 1946 τοὺ
3435 1893 3656 1962 βάθους,
3700 1896 3756 1945 τὸ

2178 1987 2492 2056 ὑποχθόνιον
2513 2003 2526 2016 ’
2556 1985 2634 2056 τῷ
2664 1986 2829 2057 μήκει
2857 1984 2915 2038 δὲ
2945 1985 3037 2037 καὶ
3067 1984 3146 2054 τῷ
3179 1984 3390 2049 πλάτει,
3427 1987 3497 2038 τά
3535 1984 3627 2037 διά
3661 1988 3755 2054 μέ-

2177 2097 2270 2133 σου
2303 2080 2533 2152 πέρατα,
2562 2079 2631 2132 τὰ
2659 2079 2764 2132 ὑπὸ
2789 2079 2886 2149 τῆς
2921 2078 3029 2131 πᾶν
3053 2076 3451 2148 διακρατούσης
3476 2079 3755 2148 δυνάμεως

2179 2171 2530 2240 συνεχόμενα.
2563 2167 2744 2222 Ἔστω
2764 2168 2819 2221 δὲ
2854 2167 2942 2220 διὰ
2964 2167 3071 2220 τῶν
3095 2169 3154 2220 ἐν
3175 2171 3241 2237 τῇ
3271 2171 3335 2238 σῇ
3357 2167 3500 2237 ψυχῇ
3534 2170 3755 2237 γινομέ-

2174 2281 2278 2318 νων
2309 2265 2366 2316 ὲν
2397 2265 2464 2334 τῇ
2500 2264 2627 2334 περὶ
2665 2261 2799 2315 Θεοὺ
2841 2261 3017 2331 ἐννοίᾳ
3048 2263 3080 2331 ὴ
3124 2259 3231 2313 τῶν
3269 2260 3577 2330 λεγομένων
3623 2262 3755 2313 ἀπόο

2169 2357 2354 2424 δειξις.
2400 2355 2725 2426 Ἀνάϐλεψον
2753 2356 2861 2425 γὰρ
2888 2357 2968 2418 εἰς
2995 2355 3086 2406 τον
3111 2353 3362 2426 οὐρανὸν,
3387 2354 3480 2407 καὶ
3509 2355 3579 2407 τὰ
3605 2355 3754 2407 κάτω

2173 2449 2310 2521 βάθη
2333 2449 2412 2520 τῷ
2432 2448 2678 2520 λογισμῷ
2704 2448 3058 2516 κατανόησον,
3083 2445 3319 2499 ἔκτεινον
3343 2446 3435 2498 ἐπὶ
3457 2447 3526 2498 τά
3549 2446 3753 2513 πλάγια

2170 2544 2264 2597 καὶ
2283 2542 2352 2596 τὰ
2377 2543 2522 2614 ἄκρα
2546 2543 2646 2611 τῆς
2673 2541 2764 2594 τοῦ
2793 2541 2992 2602 παντὸς
3020 2541 3330 2602 συστάσεως
3359 2539 3458 2610 τὴν
3489 2539 3750 2600 διάνοιαν,

2168 2634 2261 2686 καὶ
2310 2633 2521 2701 λόγισαι
2561 2633 2646 2694 τίς
2678 2633 2839 2690 ,ἐστιν
2874 2632 2907 2702 ή
2954 2631 3127 2684 ταῦτα
3163 2630 3456 2699 συνέχουσα
3499 2631 3750 2700 δύναμις,

2166 2719 2276 2777 οἷόν
2302 2741 2386 2786 τις
2415 2723 2706 2793 σύνδεσμος
2737 2720 2830 2774 τοῦ
2863 2721 3063 2784 παντὸς
3087 2721 3366 2790 γινομένη.
3400 2721 3503 2774 Καὶ
3524 2722 3647 2790 ὄψει
3673 2723 3748 2784 ὡς

2165 2812 2485 2882 αὐτομάτως
2518 2812 2576 2864 ἐν
2602 2813 2668 2881 τῇ
2702 2810 2912 2881 διανοίᾳ.
2939 2813 2971 2881 ἡ
3007 2812 3133 2881 περὶ
3158 2814 3256 2881 τῆς
3286 2811 3434 2875 θείας
3467 2811 3746 2881 δυνάμεως

2165 2905 2342 2956 ἔννοια
2375 2905 2435 2956 τὸ
2475 2907 2658 2974 σχῆμα
2689 2903 2782 2955 τοὺ
2816 2902 3051 2972 σταυροὺ
3091 2903 3513 2972 ὲγχαράσσεται,
3547 2907 3613 2958 ὲκ
3643 2906 3748 2957 τῶν

2165 2996 2509 3068 ὑψηλοτέρων
2533 2997 2624 3048 ἐπὶ
2646 2995 2713 3049 τά
2745 2993 2883 3065 βάθη
2910 2993 3168 3064 καθῆκον,
3196 2996 3288 3048 καὶ
3316 2996 3408 3049 ἐπὶ
3434 2996 3500 3048 τά
3542 2997 3745 3066 πέρατα

2166 3089 2275 3142 τῶν
2303 3089 2490 3160 ἄκρων
2517 3088 2822 3160 ὲγκαρσίως
2845 3089 3322 3160 παρατεινόμενον.

2238 3245 2407 3300 Τοῦτο
2443 3247 2504 3300 τὸ
2550 3247 2734 3318 σχῆμα
2779 3248 2872 3300 καὶ
2911 3249 2940 3300 ὁ
2989 3246 3164 3318 μέγας
3207 3247 3371 3302 Δαόὶδ
3416 3249 3474 3302 ἐν
3501 3249 3578 3318 τῷ
3621 3249 3740 3301 καθ’

2165 3340 2358 3394 ἑαυτὸν
2392 3338 2603 3410 ὕμνησε
2627 3339 2790 3408 λόγῳ·
2822 3340 2948 3393 Ποῦ
2976 3339 3244 3408 πορευθῶ
3271 3339 3389 3394 ἀπὸ
3419 3341 3525 3394 τοῦ
3558 3343 3740 3394 Hreu-

2159 3433 2348 3500 ματός
2372 3447 2512 3492 σου.
2543 3431 2638 3485 καὶ
2661 3431 2780 3484 ἀπὸ
2800 3429 2907 3484 τοῦ
2929 3430 3255 3499 προσώπου
3273 3446 3390 3486 σου
3411 3431 3528 3484 ποῦ
3547 3434 3740 3501 φύταη

2178 3523 2317 3576 Ἐὰν
2357 3520 2558 3576 ἁναόῶ
2601 3523 2689 3586 εὶς
2732 3521 2839 3575 τὸν
2879 3522 3139 3590 οὐρανὸν
3184 3522 3378 3591 (τοῦτο
3427 3522 3487 3574 τὺ
3540 3521 3674 3591 ὕψος
3697 3525 3736 3590 ).

2175 3613 2316 3669 Ἐὰν
2338 3613 2570 3668 καταϐῶ
2593 3616 2681 3680 είς
2707 3613 2815 3666 τὸν
2839 3613 2995 3683 ᾅδην
3023 3613 3214 3684 (τοῦτο
3239 3613 3299 3666 τὸ
3331 3612 3494 3683 βάθος
3517 3615 3558 3685 ).
3603 3614 3740 3667 Ἐὰν

2161 3706 2510 3775 ἀναλὰϐοιμι
2536 3708 2643 3773 τὰς
2666 3705 2963 3774 πτέρυγάς
2978 3723 3098 3774 μου
3129 3706 3254 3758 κατ’
3279 3706 3509 3774 ὄρθρον,
3539 3708 3569 3760 ὅ
3591 3707 3738 3758 ἐστιν

2159 3801 2194 3871 ἡ
2235 3800 2468 3870 ἀνατολὴ
2499 3799 2592 3853 τοὺ
2637 3800 2790 3871 ἡλίου
2825 3800 3012 3869 (τοῦτο
3047 3799 3108 3850 τὸ
3143 3799 3396 3867 πλάτος).
3441 3801 3509 3852 El
3557 3816 3737 3852 κατα-

2159 3893 2536 3962 σκηνὼσαιμι
2566 3895 2654 3958 εὶς
2685 3893 2757 3946 τὰ
2783 3894 3012 3961 ἔσχατα
3063 3891 3175 3960 τῆς
3216 3891 3533 3960 θαλάσσης
3572 3891 3735 3963 (οὕτω

2157 3984 2268 4056 γὰρ
2299 3984 2398 4048 τὰς
2428 3984 2638 4054 δυσμὰς
2675 3982 2989 4053 ὸνομάζει)’
3023 3982 3204 4047 ιτοῦτο
3231 3983 3293 4035 τὸ
3337 3983 3530 4054 μῆκος.
3571 3983 3733 4054 Ὁρᾷς

2157 4074 2275 4138 πῶς
2315 4074 2688 4144 διαζωγραφεῖ
2737 4073 2796 4126 τὸ
2839 4071 2934 4126 τοῦ
2987 4071 3221 4144 σταυροῦ
3267 4073 3453 4143 σχῆμα
3495 4071 3585 4125 διὰ
3624 4073 3732 4124 τῶν

2156 4164 2492 4235 λεγομένων;
2540 4166 2610 4216 Σὺ
2646 4161 2715 4228 εἷ,
2751 4165 2935 4234 φησιν,
2987 4166 3016 4217 ὁ
3045 4163 3133 4217 διὰ
3164 4163 3378 4217 πάντων
3419 4165 3601 4234 ἥκων,
3636 4165 3731 4216 καὶ

2156 4257 2450 4328 σύνδεσμος
2481 4256 2587 4309 τῶν
2621 4257 2938 4327 γινομένων,
2973 4255 3065 4308 καὶ
3100 4256 3276 4308 πάντα
3306 4257 3364 4308 ἐν
3395 4255 3571 4324 ἐαυτῷ
3605 4256 3724 4308 δια-

476 4353 578 4409 riae
604 4353 716 4408 dux
747 4362 832 4408 est
851 4352 1078 4409 dextera
1107 4364 1219 4408 tua.
1257 4353 1340 4410 Ob
1365 4355 1418 4408 id
1465 4371 1695 4426 magnus
1745 4357 1873 4412 item
1905 4357 2052 4426 Apo-

2170 4348 2444 4418 ιαμὸάνων
2482 4349 2550 4401 τὰ
2585 4349 2815 4418 πέρατα.
2865 4349 3012 4400 ’Λνω
3043 4349 3107 4399 σὺ
3151 4343 3220 4406 εἴ,
3253 4347 3403 4400 κάτω
3433 4349 3497 4401 σὺ
3538 4349 3722 4416 πάρει,

476 4445 673 4511 stolus,
714 4460 840 4499 cum
875 4447 1056 4499 omnia
1113 4445 1216 4500 ﬁde
1263 4455 1319 4501 et
1349 4448 1658 4518 cognitione
1703 4449 1907 4518 repleta
1935 4449 2052 4503 lue-

475 4539 612 4601 rint,
643 4538 761 4593 fore
782 4537 936 4602 dicit,
965 4546 1024 4591 ut
1057 4537 1123 4601 is,
1155 4535 1247 4607 qui
1279 4551 1446 4608 super
1480 4539 1662 4593 omnia
1694 4547 1800 4603 est,
1847 4540 1904 4592 in
1949 4553 2050 4592 uo-

473 4629 622 4684 mine
640 4628 770 4683 Jesu
800 4627 1006 4700 Christi
1045 4627 1324 4694 adoretur,
1373 4639 1426 4682 et
1469 4644 1501 4682 a
1535 4629 1873 4696 caelestibus,
1913 4640 1969 4685 et
2014 4644 2046 4684 a

473 4718 854 4785 terrestribus,
885 4726 940 4772 et
974 4717 1046 4772 ab
1074 4716 1306 4772 infernis
1343 4717 1389 4749 ⁸⁸
1416 4735 1432 4773 :
1458 4718 1658 4788 quibus
1707 4718 1890 4773 verbis
1949 4735 2046 4788 per

471 4811 655 4868 crucis
696 4810 1753 4882 ﬁgurantdividitChristiadorationem.
1794 4813 2047 4868 Caelestis

471 4906 625 4973 enini
646 4905 794 4974 regio
827 4905 884 4958 in
915 4904 1139 4958 sublimi
1170 4907 1354 4961 crucis
1389 4916 1541 4974 parte
1570 4905 1907 4959 adorationis
1929 4906 2044 4959 culo

469 5005 585 5051 tum
616 4997 855 5061 exhibet,
887 4996 1159 5050 mundana
1185 4997 1240 5050 in
1281 4997 1501 5062 mediis,
1553 4995 1764 5050 inferna
1793 4997 1859 5051 ad
1911 5013 2038 5066 pro-

470 5089 700 5144 fundum
729 5089 983 5158 pertinet.
1032 5087 1178 5144 Idem
1223 5104 1342 5144 mea
1381 5089 1600 5159 quidem
1637 5092 1909 5145 sententia
1964 5092 2040 5146 si-

467 5181 693 5251 gniﬁcat
725 5181 890 5234 etiam
930 5181 1042 5233 iota
1074 5179 1229 5243 illud,
1261 5181 1305 5236 si
1341 5196 1465 5235 cum
1495 5182 1649 5250 apice
1681 5180 2035 5249 coniunctum

467 5269 1020 5339 consideretur,quod
1051 5280 1106 5324 et
1127 5269 1268 5326 cmlo
1303 5271 1577 5335 stabilius,
1606 5281 1661 5325 et
1690 5280 1837 5326 terra
1867 5270 2034 5322 ﬁrmi-

469 5373 556 5422 us,
590 5367 644 5413 et
678 5360 824 5413 onmi
856 5374 1038 5414 rerum
1065 5361 1460 5423 constitutione
1509 5362 1714 5415 certius
1769 5372 1872 5416 est.
1914 5359 2033 5415 Cm-

469 5449 577 5502 lttm
605 5451 743 5502 enim
765 5463 817 5521 et
881 5461 1022 5504 terra
1064 5451 1364 5505 transibunt
1390 5452 1478 5522 ",1
1505 5461 1581 5514 ct,
1626 5450 1802 5521 Hujus
1851 5453 2036 5505 mundi

2156 4441 2214 4494 ἐν
2245 4439 2324 4510 τῷ
2368 4440 2564 4506 πέρατι
2609 4439 2783 4508 τούτῳ
2834 4439 2867 4509 ἡ
2917 4439 3038 4507 χείρ
3085 4437 3178 4490 σού
3217 4438 3385 4500 ἐστιν,
3429 4438 3532 4501 καὶ,
3563 4440 3618 4489 ὲν
3650 4438 3728 4506 τῷ

2154 4532 2388 4602 ἑτέρῳή
2431 4529 2580 4596 δεξιά
2626 4547 2720 4583 σου
2767 4529 2972 4600 ὁδηγεῖ.
3016 4529 3114 4583 Διὰ
3153 4528 3309 4582 τοῦτο
3353 4529 3446 4582 καὶ
3489 4530 3518 4580 ὀ
3551 4529 3727 4598 μέγας

2164 4624 2506 4688 Ἀπόστολος,
2533 4623 2660 4676 ἔνθα
2685 4622 2947 4694 πληρωθῇ
2968 4623 3035 4676 τὰ
3060 4623 3236 4676 πάντα
3257 4622 3354 4690 τῆς
3379 4621 3612 4683 πίστεως
3631 4624 3724 4674 καὶ⁵

2150 4715 2528 4787 ἐπιγνώσεως,
2594 4716 3014 4786 προσκυνεῖσθαι
3085 4714 3232 4784 λέγει
3292 4717 3382 4767 τὸν
3430 4715 3570 4786 ὑπὲρ
3615 4717 3724 4768 πᾶν

2149 4796 2318 4880 ὄνομα
2345 4809 2473 4862 ὄντα
2504 4810 2563 4861 ἐν
2605 4809 2686 4878 τῷ
2722 4810 2944 4879 ὀνόματι
2996 4806 3171 4878 Ἰησοῦ
3217 4805 3482 4876 Χριστοῦ,
3515 4806 3620 4858 ὑπό
3662 4823 3718 4858 τε

2147 4902 2256 4955 τῶν
2278 4903 2339 4954 οὑ
2348 4901 2542 4974 ρανίων
2568 4902 2660 4954 καὶ
2681 4900 2790 4953 τῶν
2811 4899 3066 4968 ἐπιγείων
3085 4898 3178 4950 καὶ
3199 4898 3307 4950 τῶν
3327 4897 3715 4966 καταχθονίωνθ

2147 4993 2309 5047 πάλιν
2355 4993 2450 5046 καὶ
2490 4993 2580 5047 διὰ
2607 4991 2812 5045 τούτων
2860 4990 3000 5043 κατὰ
3034 4989 3096 5044 τὸ
3141 4989 3325 5060 σχῆμα
3352 4987 3446 5040 τοῦ
3482 4987 3716 5057 σταυροῦ

2148 5083 2360 5155 μερίζει
2395 5082 2492 5136 τοῦ
2522 5083 2757 5154 σταυροῦ
2787 5083 2886 5154 τὴν
2926 5080 3315 5151 προσκύνησιν.
3362 5079 3426 5132 Ἦ
3475 5078 3575 5148 μὲν
3607 5077 3712 5149 γὰρ

2143 5176 2515 5247 ὑπερκόσμιος
2539 5173 2692 5243 λῆξις
2729 5173 2787 5225 ἐν
2812 5171 2890 5241 τῷ
2924 5172 3036 5225 ἅνω
3059 5169 3154 5222 τοῦ
3188 5166 3420 5239 σταυροῦ
3452 5167 3607 5239 μέρει
3639 5166 3715 5236 τῷ

2142 5268 2384 5336 Δεσπότῃ
2411 5266 2607 5336 πληροῖ
2625 5263 2724 5334 τὴν
2753 5262 3140 5333 προσκύνησιν·
3173 5263 3208 5331 ἡ
3231 5260 3288 5314 δὲ
3319 5258 3632 5328 ἐγκόσμιος,
3656 5260 3712 5309 ἐν

2141 5362 2251 5421 τοῖς
2288 5359 2491 5428 μέσοις
2537 5357 2571 5426 ὴ
2619 5355 2678 5408 δὲ
2719 5353 3067 5424 ὑποχθόνιος,
3113 5351 3206 5406 τοῦ
3259 5350 3458 5422 βάθους
3506 5350 3705 5420 ἑχεται.

2143 5449 2313 5502 Τοῦτο
2355 5449 2448 5501 καὶ
2478 5447 2541 5500 τὸ
2583 5445 2748 5504 Ἰὦτά
2775 5449 2891 5500 ἐστι
2931 5445 3071 5498 κατὰ
3120 5444 3212 5497 τὸν
3255 5442 3386 5512 ἐμὸν
3431 5441 3608 5509 λόγον,
3650 5439 3712 5492 τὸ

535 5625 583 5656 ⁸³
612 5623 756 5678 Psal.
787 5640 1050 5689 αλιι-ιιι,
1103 5628 1132 5680 7
1159 5643 1279 5694 sqq.
1358 5627 1402 5658 “
1431 5626 1665 5693 Philipp.
1695 5643 1754 5689 ll,
1809 5628 1892 5680 10.
1969 5625 2065 5708 "'1

2170 5625 2239 5682 lb.
2275 5640 2422 5690 xxw,
2446 5625 2535 5679 55.
