3842 6482
80 364 155 418 6'25
998 366 1062 420 IN
1100 368 1376 426 CHRISTI
1409 372 2050 436 RESURRECTIONEM
2083 383 2294 439 ORAT.
2335 386 2374 439 l.

3194 389 3298 448 626

81 480 186 550 μετᾶ
214 477 315 548 τῆς
341 480 571 550 κεραίας
593 482 987 555 θεωρούμενον,
1020 487 1048 539 ὃ
1079 490 1173 540 καὶ
1225 489 1334 542 τῶν
1367 491 1612 562 οὐρανῶν

1731 498 1892 567 ligura
1923 503 2165 569 praeterit
2195 504 2262 565 ⁵⁸,
2293 505 2402 556 iota
2433 512 2608 558 autem
2643 521 2709 558 ea:
2739 506 2868 576 lege,
2899 515 2948 560 et
2982 521 3116 574 apex
3161 523 3296 563 uncis

79 569 425 641 μονιμώτερον.
442 612 458 638 ,
487 575 580 628 καὶ
605 573 704 644 τῆς
731 576 835 646 γῆς
864 578 1290 651 σταθερὼτερον,
1322 581 1416 634 καὶ
1441 583 1622 654 πάσης

77 666 150 732 τῆς
168 661 272 714 τῶν
293 663 465 716 ὄντων
488 683 551 718 συ
561 666 800 731 στάσεως
823 668 1226 744 διαρκέστερον.
1269 671 1332 726 '0
1365 675 1623 742 οὐρανὸς

77 751 150 804 καί
179 751 215 817 ἠ
258 751 337 821 τῆ
369 757 802 823 παρελεύσεται
825 775 840 789 ⁸
873 761 987 825 καὶ,
1011 761 1198 816 Ὅλου
1241 763 1350 817 τοῦ
1391 765 1622 834 κόσμου

76 841 294 912 παράγει
325 845 392 898 τὸ
426 846 636 916 σχῆμα
655 865 666 876 ·
698 848 765 902 τὸ
794 849 862 903 δὲ
896 851 1034 904 ὶῶτα
1063 852 1132 906 ἐκ
1158 852 1264 907 τοῦ
1289 855 1500 925 νόμου,
1525 856 1619 911 καὶ

76 937 104 1000 ὴ
129 937 324 1003 κεραιά
351 938 424 991 οὐ
449 940 868 1010 παραδέχεται.
908 943 972 996 Ἦ
996 945 1288 1011 ὲγκάθετος
1312 947 1566 1018 γραμμὴ.
1589 949 1622 1018 ἡ

74 1029 251 1091 ᾰνωθεν
282 1031 375 1082 ἐπὶ
402 1031 465 1084 τὸ
488 1032 650 1102 βάθος
681 1034 1018 1106 καθήκουσα,
1049 1037 1182 1090 ἰῶτα
1203 1038 1418 1108 λέγεται
1453 1057 1466 1071 ⁸
1508 1041 1541 1111 ἡ
1568 1040 1623 1094 δὲ

76 1117 358 1187 ἐγκαρσίως
384 1120 626 1193 ἀγομένη
662 1123 752 1176 διὰ
773 1124 1027 1194 πλαγίου,
1048 1129 1244 1198 κεραία
1276 1129 1620 1200 ὀνομάζεται,

73 1209 226 1273 καθὼς
264 1211 382 1266 ἔστι
419 1215 514 1267 καὶ
552 1217 703 1286 παρὰ
728 1218 838 1271 τῶν
873 1221 1301 1292 ναυτιλλομένων
1327 1221 1484 1280 τοῦτο
1523 1240 1626 1293 μα·-

75 1300 177 1354 θείν.
201 1300 279 1354 Τὸ
307 1303 416 1374 γάρ
448 1305 603 1370 ξύλον
633 1307 694 1360 τὸ
717 1307 805 1361 διὰ
833 1310 1060 1380 πλαγίου
1081 1312 1159 1382 τῷ
1184 1311 1313 1383 ίστῷ
1345 1313 1625 1384 ἐπικείμε-

72 1408 160 1453 νιν,
179 1385 240 1442 οὗ
268 1395 365 1446 καὶ
393 1395 492 1467 τὴν
523 1397 715 1470 ὀθόνην
746 1399 1057 1470 ὲξαπλοῦσι,
1091 1405 1318 1474 κεραίαν
1345 1404 1616 1474 λέγουσιν,

69 1485 120 1532 ἐκ
136 1479 218 1532 τοῦ
244 1484 522 1554 σχήματος
540 1487 909 1558 ὀνομάζοντες.
928 1493 1019 1550 Διό
1041 1511 1132 1564 μοι
1148 1494 1292 1548 δοκεῖ
1317 1497 1451 1568 πρὸς
1468 1497 1626 1552 τοῦτο

71 1572 264 1640 βλέπειν
288 1577 321 1646 ἡ
351 1575 472 1629 θεία
494 1579 586 1631 τοῦ
610 1581 941 1650 Εὑαγγελίου
976 1586 1151 1657 φωνή’
1179 1587 1261 1640 ὅτι
1284 1588 1456 1641 ἐκεῖνό
1479 1590 1624 1643 ἐστιν

69 1669 113 1716 ὲν
206 1667 279 1719 τὰ
301 1669 483 1729 πάντα
516 1673 835 1744 συνέστηκε,
861 1676 922 1730 τὸ
951 1676 1059 1730 τῶν
1089 1680 1147 1731 ἐν
1175 1679 1326 1751 αὑτῷ
1359 1698 1623 1753 περικρα-

68 1757 325 1824 τουμένων
355 1761 690 1833 ἀῖδιὼτερον,
720 1765 749 1818 ὃ
777 1767 874 1835 τὴν
905 1767 1096 1824 ἑαυτοῦ
1121 1768 1349 1838 δύναμιν
1371 1772 1470 1842 τὴν
1500 1789 1624 1825 συν-

1725 606 1828 644 non
1853 593 2089 658 prazterit
2118 593 2184 648 ".
2222 593 2388 649 Linea
2419 605 2568 650 recta
2604 612 2635 651 e
2665 598 2884 652 sublimi
2913 599 2967 653 in
3003 600 3170 653 imum
3203 600 3299 654 dc-

1725 680 1996 736 scendens
2027 682 2138 736 iota
2188 683 2413 738 dicitur.
2471 685 2704 756 Oblique
2762 696 2944 743 autem
3007 689 3076 742 ad
3127 690 3298 745 latera

1726 771 2042 842 pertingens
2073 788 2212 843 apex
2237 776 2576 840 nominatur,
2638 778 2694 832 id
2721 781 2865 849 quod
2900 781 2969 835 ab
3021 782 3157 850 ipsis
3206 795 3300 835 na-

1728 861 2038 930 vigantibus
2068 862 2194 918 licet
2225 864 2460 930 discere,
2496 867 2588 936 qui
2625 867 2832 938 lignum
2861 869 2995 924 illud
3020 878 3299 925 transver-

1725 968 1845 1009 sum
1876 953 2020 1008 malo
2046 953 2324 1023 adjacens.
2379 958 2467 1010 cui
2523 957 2640 1012 vela
2696 959 3058 1029 suspendunt,
3111 960 3299 1017 Graece

1725 1044 1916 1101 eodem
1954 1047 2178 1102 nomine
2223 1062 2334 1118 quo
2371 1048 2582 1117 apicem
2615 1050 2934 1118 nominant,
2968 1067 3162 1122 nempe
3201 1067 3294 1108 ce—

1724 1151 1910 1192 neam.
1937 1136 2300 1204 Quamobrem
2326 1140 2509 1195 divina
2533 1142 2652 1196 haec
2674 1141 2952 1213 Evangelii
2976 1145 3140 1199 verba
3160 1144 3297 1200 mihi

1725 1230 1980 1285 videnlur
2010 1233 2064 1285 in
2093 1233 2276 1287 crucis
2303 1233 2474 1303 ﬁgura
2499 1242 2759 1304 tanquam
2789 1236 3075 1303 aenigmate
3097 1245 3298 1305 etSpe-

1725 1323 1850 1378 culo
1883 1323 2122 1394 quodam
2157 1323 2290 1379 illud
2329 1325 2642 1391 ostendere,
2679 1325 2738 1381 in
2767 1341 2878 1396 quo
2924 1328 3108 1382 omnia
3160 1343 3297 1381 con-

1726 1414 2005 1479 stiterunt,
2037 1413 2180 1483 quod
2221 1413 2502 1478 omnibus,
2531 1429 2655 1484 quae
2691 1414 2748 1468 in
2777 1415 2896 1484 ipso
2921 1415 3295 1477 continentur,

1726 1504 1982 1560 stabilius
2006 1515 2109 1568 est,
2142 1513 2306 1575 atque
2347 1516 2646 1571 aeternum,
2680 1507 2843 1576 cujus
2882 1509 3125 1577 potentia
3159 1521 3299 1561 cun-

1725 1603 1814 1650 cta
1843 1595 2180 1651 moderatur.
2207 1595 2444 1653 Proinde
2469 1596 2734 1654 Dominus
2758 1599 2854 1662 ait,
2903 1605 3158 1667 oportere
3203 1596 3298 1651 Fié

1726 1687 1856 1742 lium
1891 1688 2147 1750 hominis,
2188 1702 2299 1742 non
2333 1688 2652 1759 simpliciter
2679 1691 2840 1752 mori,
2869 1690 2967 1745 sed
3020 1687 3293 1758 cruciﬁgi,

1727 1788 1788 1833 ut
1803 1795 1935 1834 crux
1955 1777 2122 1833 Deum
2141 1786 2358 1848 gestans
2387 1777 2718 1834 adversariis
2733 1777 3168 1848 omnipotentem
3191 1775 3300 1830 illi-

69 1845 348 1919 πρητικὴν
394 1849 615 1904 πάντων
652 1853 761 1907 τῶν
803 1855 1009 1921 ὄντων,
1055 1853 1166 1912 οἷον
1199 1859 1267 1914 δι’
1299 1861 1625 1931 αἰνίγματος

1731 1874 1912 1943 us,qui
1942 1873 2000 1927 in
2019 1835 2434 1942 ipsapenderct,
2450 1871 2582 1935 vim,
2601 1871 2809 1941 quique
2823 1835 3007 1924 omnia
3041 1871 3097 1924 in
3113 1868 3297 1924 omni-

68 1938 144 1988 καὶ
173 1939 450 2011 ἐσόπτρου
486 1943 632 2008 τινὸς
656 1945 750 1998 τοῦ
785 1948 926 2002 κατὰ
955 1949 1046 2008 τὸν
1081 1951 1312 2022 σταυρὸν
1349 1956 1628 2024 σχήματος

67 2028 419 2086 ὑποδείκνυσι.
462 2033 560 2088 Διά
602 2035 666 2106 δὴ
708 2038 862 2095 τοῦτό
907 2042 1215 2112 φησιν,-ὃτι
1243 2041 1325 2095 δεῖ
1356 2043 1445 2100 τὸν
1500 2045 1626 2099 Υίὸν

64 2119 138 2171 τοῦ
166 2121 484 2193 ἀνθρώπου,
517 2127 615 2198 οὐχ
643 2130 830 2193 ἁπλῶς
866 2131 1175 2199 ἀποθανεῖν,
1211 2133 1347 2190 ἀλλά
1382 2153 1627 2208 σταυρω-

63 2210 224 2280 θῆναι,
273 2215 363 2269 ἵνα
405 2217 630 2289 γένηται
671 2224 784 2285 τοῖς
823 2221 1296 2296 διορατικωτέροις
1325 2227 1570 2296 Θεολόγος
1599 2230 1628 2282 ὁ

64 2307 284 2378 σταυρὸς
330 2308 430 2380 τὴν
470 2312 876 2386 παντοδύναμον
913 2315 1161 2380 ἐξουσίαν
1206 2317 1300 2371 τοῦ
1347 2320 1433 2370 ἐπ’
1481 2320 1629 2391 αὑτῷ

57 2396 366 2466 δειχθέντος,
399 2403 490 2454 καί
526 2403 702 2457 πάντα
737 2407 796 2456 ὲν
825 2408 990 2460 πᾶσιν
1020 2407 1196 2471 ὄντος,
1233 2410 1629 2482 ἀνακηρύσσων

56 2488 119 2556 τῷ
138 2491 406 2562 σχήματι.
431 2494 523 2565 Μὴ
554 2500 1088 2570 παρασιωπήσωμεν,
1111 2501 1350 2568 ἀδελφοὶ,
1381 2503 1514 2574 μηδὲ
1539 2504 1628 2557 τὸν

55 2581 361 2652 εὐσχήμονα
402 2584 696 2659 βουλευτὴν
741 2591 980 2658 ἐκεῖνον,
1026 2592 1117 2646 τὸν
1155 2594 1261 2647 ἀπὸ
1306 2595 1628 2665 Ἀριμαθίας

63 2672 277 2744 Ἰωσὴφ,
295 2676 354 2738 ὃς
382 2676 554 2747 δῶρον
582 2679 643 2732 τὸ
670 2680 935 2753 ἄχραντον
971 2685 1064 2736 καὶ
1087 2685 1241 2754 ἆγιον
1269 2688 1444 2738 ἐκεῖνο
1473 2687 1631 2758 σῶμα

51 2763 237 2830 λαϐὼν,
277 2766 527 2839 καθαρὰν
548 2773 890 2844 περιτίθησιν
918 2775 1065 2846 αὑτῷ
1090 2776 1321 2843 σινδόνα,
1346 2778 1442 2831 καὶ
1468 2777 1633 2832 καθα-

55 2856 120 2926 ρῷ
157 2861 423 2932 μνημείῳ
453 2864 848 2922 ἐναποτίθεται.
884 2869 1066 2940 Νόμος
1101 2872 1232 2942 ἡμῖν
1263 2870 1402 2926 ἔστω
1445 2871 1508 2924 τὸ
1537 2871 1630 2925 τοῦ

49 2947 385 3016 εὐσχήμονος
447 2952 661 3027 ἐκείνου.
688 2955 974 3025 βουλευτοῦ
1019 2959 1178 3031 ἔργον
1218 2962 1312 3014 τοῦ
1347 2963 1443 3015 καὶ
1485 2965 1631 3033 ἡμᾶς

50 3039 243 3105 ὁμοίως
279 3040 664 3111 βουλεύεσθαι,
715 3049 843 3104 ὅταν
872 3050 1126 3122 λάϐωμεν
1159 3056 1333 3108 ἐκεῖνο
1365 3053 1426 3108 τὸ
1461 3054 1631 3126 δῶρον

1726 1965 1836 2020 bus.
1850 1972 1936 2019 est
1959 1963 2028 2026 ⁵⁸,
2051 1963 2220 2033 ﬁgura
2237 1978 2337 2019 sua
2369 1962 2717 2033 patefaceret.
2734 1961 2944 2016 Nobilis
2968 1961 3058 2016 ille
3073 1970 3298 2016 senator

1724 2053 1950 2125 Ioseph,
1991 2052 2208 2115 fratres,
2245 2053 2314 2107 ab
2345 2053 2674 2106 Arimathaea
2703 2065 2813 2106 non
2843 2059 2928 2121 est
2952 2049 3298 2106 nobissilen-

1727 2149 1806 2203 tio
1844 2145 2276 2217 praetereundus,
2329 2146 2423 2215 qui
2450 2159 2575 2200 eum
2611 2144 2946 2199 immaculati
3010 2141 3300 2212 sanctique

1726 2243 1879 2298 illius.
1900 2239 2158 2310 corporis
2177 2253 2386 2293 munus
2429 2236 2756 2306 accepisset,
2793 2236 3028 2292 sindone
3090 2233 3301 2290 mundo

1727 2331 1860 2385 illud
1887 2329 2138 2388 involvit,
2172 2339 2227 2383 et
2259 2329 2319 2382 in
2347 2334 2706 2382 monumento
2733 2341 2875 2382 novo
2911 2341 2976 2381 ac
3017 2340 3159 2395 puro
3179 2327 3304 2381 col-

1727 2421 1946 2476 locavit.
1987 2417 2144 2486 Quod
2185 2419 2253 2473 ab
2281 2419 2512 2473 honesto
2544 2419 2649 2473 hoc
2663 2427 2916 2474 senatore
2935 2424 3148 2488 gestum
3187 2425 3299 2479 est,

1728 2511 1887 2566 nobis
1909 2509 1979 2565 sit
2009 2515 2279 2579 tanquam
2311 2509 2419 2570 lex,
2449 2516 2506 2561 ut
2548 2506 2690 2561 idem
2741 2520 2840 2560 nos
2886 2519 3103 2574 quoque
3159 2517 3302 2573 pra:-

1729 2611 1959 2666 stcmus,
1987 2615 2112 2655 cum
2149 2598 2281 2659 illud
2313 2598 2561 2666 corporis
2594 2612 2800 2654 munus
2829 2595 3186 2666 suscipimus,
3235 2609 3305 2648 ne

1730 2695 1784 2750 id
1813 2693 2038 2749 sordido
2059 2692 2412 2748 conscientiae
2437 2691 2605 2744 linteo
2641 2689 3004 2750 involvamus,
3059 2699 3196 2740 neve
3246 2684 3303 2738 in

1730 2785 1913 2841 cordis
1944 2793 2300 2839 monumento
2361 2791 2705 2836 mortuorum
2755 2778 2978 2833 ossibus
3043 2775 3306 2844 omnique

1733 2875 2086 2932 immunditia
2109 2875 2272 2944 pleno
2297 2887 2649 2941 reponamus.
2687 2871 2791 2926 Sed
2829 2870 3227 2939 unusquisque,
3246 2877 3306 2920 ut

1731 2966 1924 3022 scribit
1955 2965 2250 3034 Apostolus
2271 3003 2287 3028 ,
2322 2979 2383 3018 se
2419 2963 2597 3032 ipsum
2623 2961 2840 3031 probet,
2870 2975 2937 3014 ne
2981 2973 3184 3012 munus
3227 2958 3308 3010 in-

1731 3060 1892 3130 digne
1912 3057 2226 3128 suscipienti
2244 3057 2315 3112 sit
2335 3056 2391 3110 in
2408 3054 2677 3125 judicium
2694 3054 2764 3107 ⁸³.
2794 3053 3014 3118 Verum,
3038 3051 3166 3107 dum
3191 3051 3308 3105 hac

46 3147 127 3180 του
169 3134 455 3202 σώματος,
503 3138 579 3209 μὴ
615 3141 979 3215 ἐῤῥυπωμὲνῃ
1017 3147 1083 3215 τῇ
1125 3147 1224 3217 τῆς
1272 3148 1626 3218 συνειδήσεως

1735 3128 1951 3223 loquor,
1981 3151 2165 3206 lucida
2193 3150 2370 3221 angeli
2411 3150 2551 3205 stola
2581 3147 2782 3204 mentis
2813 3146 2981 3202 aciem
3008 3145 3142 3200 mibi
3184 3160 3308 3213 per-

51 3224 238 3278 σενδόνι
271 3226 611 3297 λαμϐάνειν,
652 3234 785 3303 μηδὲ
823 3235 1036 3290 ὀδωδότι
1082 3239 1140 3306 ἐξ
1185 3240 1385 3293 ὀστέων
1422 3242 1630 3312 νεκρῶν

47 3317 128 3367 καὶ
183 3318 381 3390 πάσης
430 3323 773 3396 ἀκαθαρσίας
828 3329 908 3400 τῷ
962 3331 1201 3401 μνήματι
1256 3335 1356 3404 τῆς
1408 3335 1632 3406 καρδίας

46 3409 468 3465 ἐναποτίθεσθαι
507 3429 520 3441 °
564 3416 720 3480 ἀλλὰ,
774 3419 957 3485 καθώς
1001 3438 1165 3492 φησιν
1202 3424 1230 3476 ὁ
1280 3423 1631 3490 Ἀπόστολος,

42 3499 368 3570 δοκιμάζειν
403 3503 635 3559 ἕκαστον
671 3507 897 3572 ἑαυτὸν,
930 3513 1017 3567 ἵνα
1055 3512 1128 3583 μὴ
1180 3515 1356 3585 κρῖμα
1397 3517 1430 3585 ἡ
1475 3515 1634 3586 χάρις

41 3591 271 3661 γένηται
301 3594 385 3664 τῷ
411 3596 644 3663 ἀναξίως
682 3599 958 3672 δεχομένῳ
985 3604 1084 3674 τὴν
1118 3605 1294 3674 χάριν.
1338 3605 1498 3660 Ἀλλά
1525 3606 1635 3678 γὰρ

41 3683 251 3748 μεταξὺ
279 3684 459 3753 λέγων
494 3687 820 3760 αίσθάνομαι
848 3695 914 3763 τῇ
946 3697 1177 3765 φωτεινῇ
1208 3696 1367 3766 στολῇ
1392 3696 1486 3750 τοῦ
1531 3698 1633 3766 ἀγ-

39 3774 196 3837 γέλου
227 3780 807 3851 καταστραπτόμενος,
831 3784 922 3836 καί
952 3802 1054 3854 μου
1083 3785 1306 3840 διασείει
1328 3788 1416 3857 ὑφ’
1441 3788 1636 3859 ἡδονῆς

39 3865 132 3933 τὴν
166 3865 412 3935 καρδίαν
448 3869 476 3919 ὁ
515 3869 720 3937 γλυκὺς
756 3874 962 3939 ἐκεῖνος
997 3877 1238 3947 σεισμὸς,
1272 3878 1300 3930 ό
1332 3878 1425 3930 τὸν
1465 3880 1636 3951 βαρὺν

35 3955 182 4010 λίθον
225 3958 332 4012 τοῦ
374 3959 714 4032 ἀνθρωπίνου
761 3968 1043 4036 μνήματος
1088 3969 1433 4035 ἁποκυλίων,
1480 3970 1546 4023 δι’
1576 3965 1636 4027 οὗ

36 4052 327 4121 ἀνοίγεται
368 4055 534 4108 πᾶσιν
563 4058 597 4127 ἡ
633 4057 769 4129 θύρα
799 4061 899 4129 τῆς
923 4063 1290 4128 ἀναστάσεως.
1330 4065 1638 4137 Δράμωμεν

34 4145 128 4196 καὶ
182 4147 364 4216 ἡμεῖς
405 4148 498 4202 ἐπὶ
536 4150 636 4220 τὴν
689 4151 818 4206 Θὲαν
861 4152 953 4206 τοῦ
996 4154 1299 4226 παραδόξου
1341 4155 1636 4228 θεάματος·

34 4234 333 4303 διαγέγονε
376 4237 485 4310 γάρ
532 4240 632 4312 ἢδη
677 4243 738 4294 τὸ
777 4243 1089 4296 Σάϐϐατον·
1143 4245 1218 4316 μὴ
1264 4246 1494 4299 κατόπιν
1529 4248 1638 4300 τῶν

33 4332 332 4397 γυναικῶν
373 4333 792 4405 ἀπαντήσωμεν.
838 4337 1030 4389 Ἔσται
1064 4338 1158 4390 καὶ
1190 4340 1248 4391 ὲν
1282 4341 1404 4402 ταῖς
1443 4340 1640 4409 ἡμετέ-

34 4438 158 4488 par;
195 4423 372 4494 χερσὶ
399 4423 469 4476 τὰ
514 4425 866 4498 ἀρώματα,ή
903 4427 1082 4491 πίστις
1111 4429 1205 4481 καὶ
1237 4430 1266 4498 ἡ
1313 4430 1634 4499 συνείδησις.

1734 3245 1976 3315 stringit,
2004 3251 2058 3298 et
2089 3241 2269 3297 dulcis
2295 3241 2389 3296 ille
2412 3249 2570 3296 terra:
2607 3249 2810 3301 motus,
2841 3252 2951 3309 quo
2979 3237 3160 3308 gravis
3212 3237 3304 3290 ille

1732 3335 1958 3391 humani
1991 3333 2335 3389 monumenti
2359 3331 2500 3402 lapis
2539 3331 2820 3387 revolutus
2858 3339 2963 3394 est,
3017 3329 3304 3384 omnibus-

1734 3443 1840 3500 que
1865 3425 2298 3492 resurrectionis
2327 3422 2472 3480 fores
2504 3422 2789 3493 patefactae
2813 3430 2979 3485 sunt,
3011 3436 3124 3493 prae
3151 3421 3311 3476 volu~

1734 3527 1886 3591 ptate
1908 3533 2007 3574 cor
2031 3531 2214 3573 meum
2245 3515 2511 3570 concutit.
2541 3513 2842 3572 Curramus
2863 3524 2919 3569 et
2939 3528 3046 3569 nos
3080 3512 3148 3567 ad
3178 3527 3314 3566 oon-

1735 3611 2072 3681 spiciendum
2105 3607 2479 3678 spectaculum
2507 3606 2612 3660 hoc
2668 3620 2867 3660 novum
2891 3612 2945 3660 et
2967 3603 3309 3658 admirabile.

1737 3701 2037 3765 Sabbatum
2070 3700 2215 3756 enim
2259 3699 2372 3768 jam
2409 3698 2611 3756 illuxit.
2672 3695 2753 3752 Ne
2800 3697 3205 3766 permittamus,
3254 3705 3314 3750 ιιι

1734 3797 1996 3852 mulieres
2019 3801 2386 3849 antevortunt.
2410 3791 2532 3846 Sint
2560 3789 2726 3846 etiam
2756 3789 2811 3844 in
2834 3789 3091 3847 manibus
3106 3789 3314 3844 nostris

1736 3893 1980 3942 aromata
2009 3883 2130 3940 ﬁdei
2180 3898 2438 3954 puraeque
2495 3879 2872 3936 conscientiae.
2922 3878 2982 3933 ιιι
3036 3879 3124 3938 his
3164 3881 3310 3935 enim

1736 3975 1988 4032 consistit
2019 3976 2200 4032 bonus
2231 3973 2366 4032 odor
2390 3972 2618 4028 Christi.
2651 3970 2728 4026 Ne
2743 3986 3054 4042 quaeramus
3076 3970 3312 4040 amplius

1736 4067 2004 4142 viventem
2032 4081 2157 4119 cum
2213 4063 2468 4120 mortuis.
2508 4062 2774 4119 Dominus
2811 4063 2956 4118 enim
2977 4077 3100 4119 eum
3133 4077 3166 4116 a
3205 4075 3313 4132 quo

1737 4163 1820 4216 sic
1853 4158 2173 4228 requiritur,
2219 4155 2401 4227 rejicit
2448 4163 2504 4209 et
2541 4163 2713 4221 arcet,
2765 4155 2957 4210 dicens
2992 4171 3006 4207 :
3043 4153 3171 4208 Noli
3230 4170 3313 4206 me

1737 4262 1952 4322 tangere
1974 4251 2049 4302 ⁶⁰.
2084 4248 2225 4304 Cum
2254 4257 2436 4302 autem
2469 4247 2774 4306 ascendero
2809 4247 2875 4303 ad
2908 4246 3152 4311 Patrem,
3181 4255 3314 4300 tunc

1735 4358 1826 4398 me
1854 4341 2038 4397 licebit
2061 4341 2348 4412 attingere.
2409 4338 2490 4412 [Id
2518 4347 2626 4404 est,
2658 4353 2782 4393 cum
2831 4353 2944 4392 non
2992 4351 3314 4406 corpoream

1740 4433 1976 4504 amplius
2027 4432 2399 4502 servilemque
2430 4431 2685 4495 formam,
2724 4431 2818 4486 sed
2845 4444 2993 4495 eum,
3018 4427 3112 4498 qui
3135 4437 3222 4484 est
3259 4429 3314 4482 in

33 4513 186 4584 Αὕτη
235 4516 356 4585 γὰρ
383 4515 476 4568 τοῦ
516 4516 752 4586 Χριστοῦ
779 4518 926 4571 ἐστιν
948 4519 981 4588 ἡ
1007 4519 1224 4572 εὐωδία.
1262 4519 1473 4590 Μηκέτι
1497 4521 1626 4591 μετᾶ

1739 4524 1910 4594 gloria
1945 4521 2146 4584 Patris,
2175 4521 2269 4590 qui
2295 4530 2379 4577 est
2403 4521 2458 4576 in
2497 4519 2669 4575 forma
2704 4518 2822 4585 Dei,
2870 4527 2925 4573 et
2959 4516 3127 4573 Deum
3180 4515 3315 4572 Ver-

33 4609 139 4659 τῷν
183 4607 412 4679 νεκρῶν
445 4608 535 4661 τὸν
571 4609 750 4674 ζῶντα
781 4609 1128 4680 ζητήσωμεν.
1175 4611 1276 4663 Τὸν
1315 4613 1424 4682 γὰρ
1462 4612 1636 4676 οὕτως

33 4702 201 4754 κετὸν
232 4701 530 4772 ζητοῦντα,
558 4702 859 4756 ἀπωθεῖται
885 4703 914 4755 ὁ
936 4703 1158 4774 Κύριος,
1179 4703 1371 4772 λέγων·
1393 4705 1492 4773 Μή
1513 4722 1635 4774 μου

34 4794 242 4846 εἲπεου
281 4809 296 4822 ⁸
331 4792 450 4845 ἀλλ’
481 4794 613 4846 ὅταν
638 4793 826 4846 ἀναϐῶ
858 4794 993 4864 πρὸς
1016 4794 1108 4848 τὸν
1134 4795 1380 4866 Πατέρα,
1400 4797 1520 4850 τότε
1553 4815 1635 4851 σοι

33 4887 256 4951 Eas-etv
286 4885 584 4940 ἅπτεσθαι.
629 4886 975 4956 Ἀκούσωμεν
1004 4886 1058 4939 τί
1090 4887 1502 4955 εὐαγγελίζεται
1541 4890 1637 4946 καὶ

33 4982 52 5048 ἡ
82 4979 243 5050 γυνὴ
273 4980 310 5049 ἡ
337 4977 682 5050 προλαϐοῦσα
703 4979 794 5032 τὸν
819 4979 985 5050 ἄνδρα
1011 4979 1100 5033 διὰ
1126 4982 1226 5049 τῆς
1250 4979 1506 5046 πίστεως,
1539 4981 1635 5035 καὶ

33 5073 226 5137 caldi;
281 5069 447 5124 τοῦτο
495 5072 801 5142 ποιήσασα,
855 5071 944 5124 ἵνα
978 5071 1066 5125 διά
1115 5071 1210 5124 τοῦ
1261 5071 1636 5141 κατάρξασθαι

33 5168 168 5235 τρὶς
205 5163 278 5218 τὺ
304 5162 514 5232 ἀγαθὸν
543 5163 672 5233 περ)⁴
701 5165 800 5234 τῆς
820 5163 916 5218 τοῦ
949 5164 1121 5218 κακοῦ
1149 5165 1326 5227 αἰτίας
1361 5167 1637 5238 ἀπολογή-

33 5275 224 5327 mtas.
279 5255 354 5308 Τί
379 5249 473 5308 οῦν
497 5257 612 5307 ἐστι
639 5256 701 5308 τὸ
724 5259 822 5327 τῆς
851 5258 1107 5325 γυναικὸς
1127 5259 1485 5328 Εὐαγγέλιον;
1520 5261 1638 5314 ’ον-

34 5370 126 5414 vo;
167 5351 290 5404 οὐκ
327 5347 389 5412 ἐξ
425 5346 750 5418 ἀνθρώπων,
774 5349 896 5402 οὐδὲ
923 5349 992 5404 δι’
1025 5351 1350 5421 ἀνθρώπων,
1377 5351 1512 5404 ἀλλὰ
1548 5351 1634 5405 διὰ

35 5441 229 5512 Iacto?)
269 5438 540 5508 Χριστοῦ.
597 5441 795 5493 ’Λκουε
839 5442 969 5514 γὰρ,
1014 5443 1199 5512 φησιν,
1244 5443 1273 5496 ὅ
1320 5442 1632 5500 ἐντέταλται

45 5540 154 5604 μῖν
187 5535 226 5587 ὁ
265 5531 476 5600 Κύριος
511 5532 646 5602 arpi;
675 5534 816 5601 ὑμᾶς
842 5535 1037 5598 εἰπεῖν,
1063 5536 1207 5604 ὑμᾶς
1237 5533 1330 5597 οὒς
1359 5535 1452 5588 καὶ
1478 5534 1630 5587 ἀδελ-

34 5630 151 5692 ’ῡὺς
195 5623 383 5684 αὑτοῦ
422 5625 820 5695 κατθνομάζει,
855 5626 938 5680 ὃτι
969 5627 1300 5696 Πορεύομαι
1337 5624 1486 5694 πρὸς
1528 5625 1636 5680 τὸν

1735 4617 1889 4680 bum,
1919 4614 2022 4670 ﬁde
2055 4614 2444 4684 conceperitis,
2481 4623 2612 4668 tunc
2641 4627 2748 4675 me,
2801 4626 2911 4666 non
2950 4617 3132 4665 autem
3183 4609 3316 4664 sim-

1729 4711 1929 4781 .plicem
1960 4709 2102 4766 servi
2128 4707 2382 4771 formam,
2425 4703 2712 4775 adoretis.]
2761 4702 3064 4757 Audiamus
3109 4701 3312 4756 bonum

1733 4800 2016 4862 nuntium,
2046 4813 2212 4868 quem
2241 4795 2623 4860 nobismulier
2650 4792 2827 4857 aﬁert,
2859 4807 2982 4863 quae
3015 4791 3119 4845 ﬁde
3141 4791 3311 4859 prior,

1733 4908 1898 4964 quam
1929 4891 2033 4958 vir,
2062 4889 2301 4951 accedit,
2333 4903 2398 4942 ac
2428 4886 2625 4942 merito
2653 4885 2894 4956 quidem,
2919 4891 2978 4939 ut
3038 4882 3312 4951 incipiens

1737 4983 1854 5052 ipsa
1880 4981 1949 5035 ad
1978 4982 2179 5035 bonum
2219 4994 2467 5040 currere,
2491 4977 2666 5031 diluat
2693 4975 2926 5037 crimen,
2969 4974 3026 5028 in
3053 4972 3200 5044 quod
3226 4974 3312 5025 in-

1736 5075 1896 5137 cidit,
1938 5085 2062 5127 cum
2090 5079 2217 5126 ante
2245 5069 2493 5124 cucurrit
2521 5069 2588 5122 ad
2617 5067 2843 5121 malum.
2877 5064 3102 5136 Ecquod
3145 5063 3312 5144 igitur

1736 5173 1821 5222 est
1850 5165 1956 5218 hoc
1977 5163 2227 5218 mulieris
2274 5156 2673 5230 Evangelium?
2714 5157 2833 5212 Non
2879 5173 2946 5211 ex
2993 5153 3309 5210 hominibus

1737 5256 2005 5328 profecto,
2042 5267 2221 5323 neque
2253 5266 2350 5321 per
2378 5250 2650 5314 homines,
2694 5247 2788 5303 sed
2817 5262 2913 5318 per
2946 5241 3312 5300 JesumChri-

1741 5357 1911 5404 stum.
1951 5345 2173 5408 Audite,
2210 5341 2408 5414 inquit,
2442 5341 2588 5413 quod
2627 5341 2758 5396 mihi
2795 5339 3078 5402 Dominus,
3112 5344 3172 5390 ut
3213 5350 3311 5391 vo-

1740 5441 1827 5497 bis
1863 5454 2002 5507 quos
2047 5438 2244 5492 fratres
2275 5436 2440 5491 etiam
2495 5435 2761 5499 nominat,
2814 5432 3141 5489 nuntiarem.
3192 5429 3310 5499 ipse

1739 5530 2038 5586 mandavit.
2085 5528 2348 5595 Ascendo,
2397 5527 2597 5597 inquit,
2643 5525 2712 5578 ad
2766 5525 2982 5577 Patrem
3026 5537 3220 5584 meum,
3257 5529 3310 5574 et

1733 5624 1950 5678 Patrem
1993 5631 2243 5688 vestrum,
2273 5619 2443 5674 Deum
2474 5635 2665 5681 meum,
2696 5626 2744 5670 et
2787 5615 2951 5669 Deum
2983 5627 3206 5668 vestrum
3239 5613 3306 5664 ".

76 5817 131 5849 “
164 5816 198 5870 l
255 5813 389 5868 Cor.
427 5827 522 5877 vn,
553 5809 642 5866 5|.
718 5813 761 5844 ⁸⁷
795 5809 984 5872 Matth.
1015 5828 1068 5880 v,
1104 5810 1194 5866 18.
1272 5812 1317 5844 ³⁸
1346 5809 1364 5864 l
1397 5808 1522 5866 Cor.
1561 5826 1649 5874 xv,
1688 5808 1778 5863 ‘28.
1854 5807 1899 5839 ⁸⁹
1935 5805 1951 5860 1
1985 5805 2113 5863 Cor.
2147 5821 2225 5869 xi,
2253 5803 2344 5857 9.8.
2423 5799 2646 5854 “Juno.
2673 5813 2764 5860 xx,
2793 5797 2878 5852 Π.
2956 5796 2998 5827 ⁸⁸
3033 5793 3165 5850 ibid.
