3842 6464
534 330 638 386 027

1846 344 1903 397 25.
1935 342 2264 401 GBEGORII
2301 346 2587 403 NYSSENI

3675 363 3758 419 033

531 454 579 508 0
615 455 868 508 nuntium
916 455 1238 524 prazclarum
1275 466 1332 513 et
1363 459 1602 514 bonum!
1653 461 1758 526 Qui
1807 477 1909 533 pro
1947 464 2106 520 nobis

2215 469 2441 539 Πατέρα
2455 489 2596 542 μου,
2626 471 2724 526 καὶ
2747 474 2978 543 Πατέρα
3003 477 3192 546 ὑμῶν,
3223 479 3321 533 καὶ
3348 481 3496 534 Θεόν
3517 499 3656 550 μου,
3679 485 3756 538 κα)
3813 537 3815 546 ,

533 544 714 600 factus
743 553 828 599 est
861 543 1045 610 homo,
1095 547 1145 602 is
1174 563 1298 602 cum
1351 552 1422 604 sit
1459 549 1806 622 Unigenitus,
1855 571 1966 626 quo
2000 573 2103 612 nos

531 633 732 690 fratres
765 634 962 690 efficiat
987 653 1138 700 suos,
1175 655 1234 695 se
1259 641 1531 697 hominem
1557 645 1623 700 ad
1661 661 1850 700 verum
1885 647 2101 702 Patrem

529 728 773 792 adducit,
831 736 890 784 ut
921 745 1019 800 per
1068 747 1130 787 se
1165 733 1344 802 ipsum
1379 749 1574 790 omnes
1613 748 1882 806 cognatos
1915 755 2104 794 secum

529 819 734 884 trahat,
773 835 842 874 ne
878 823 1064 902 possit.
1109 823 1218 878 illis
1265 824 1503 894 amplius
1545 825 1734 896 objici,
1788 828 1932 897 quod
1981 845 2099 893 eos,

528 911 624 982 qui
655 921 852 966 natura
880 913 956 967 dii
983 929 1092 967 non
1117 923 1268 978 sunt,
1307 915 1676 972 adoraverint.
1723 919 1934 976 Etenim
1975 937 2100 976 cum

530 1003 598 1058 ad
629 1002 900 1058 viventem
929 1013 984 1056 et
1019 1021 1210 1060 verum
1261 1005 1431 1062 Deum
1483 1009 1821 1065 adorandum
1863 1013 2104 1068 revocati

529 1095 664 1161 sint,
691 1096 762 1152 ab
789 1097 1102 1153 haereditate
1126 1108 1351 1168 paterna
1381 1109 1642 1171 tauquam
1679 1103 1870 1173 rejecti
1915 1120 2104 1175 repro-

527 1185 753 1257 batique
785 1205 894 1244 non
935 1199 1168 1260 possunt
1198 1191 1437 1254 excludi,
1467 1195 1724 1264 quoniam
1759 1194 1954 1251 Filium
2007 1215 2102 1252 ve-

529 1292 654 1332 rum
685 1278 786 1348 ipsi
807 1295 902 1349 per
931 1281 1278 1350 adoptionem
1307 1282 1398 1338 ﬁlii
1423 1286 1596 1340 secuti
1619 1295 1768 1342 sunt.
1787 1285 1890 1352 Qui
1915 1289 2100 1344 multis

529 1368 586 1424 in
625 1367 890 1426 fratribus
919 1371 1346 1442 primogenitum
1375 1384 1644 1430 creaturae
1665 1391 1724 1431 se
1759 1392 1855 1447 per
1877 1393 2100 1433 carnem

527 1459 790 1528 eﬂiciens,
823 1478 1040 1519 omnem
1095 1471 1348 1520 naturam
1381 1466 1700 1532 humanam,
1723 1471 1884 1539 cujus
1933 1477 2104 1542 parti-

527 1567 656 1623 ceps
679 1567 806 1608 esse
821 1555 1012 1618 voluit,
1029 1563 1324 1625 assumpta:
1339 1557 1524 1612 carnis
1551 1559 1958 1614 necessitudine
1995 1561 2100 1615 sibi

526 1643 836 1714 conjunxit.
867 1643 974 1701 Sed
1007 1649 1134 1716 quia
1165 1649 1322 1719 panis
1361 1661 1587 1719 azymus
1619 1659 1744 1706 ante
1765 1649 1976 1708 Pascha
2001 1669 2103 1723 pro

527 1734 764 1790 obsonio
797 1735 996 1790 herbas
1049 1751 1266 1792 amaras
1299 1737 1487 1802 habet,
1523 1738 1808 1797 videamus
1859 1757 1966 1812 qua
2008 1743 2099 1811 ju-

2211 561 2358 616 Θεὸν
2387 563 2574 631 ὑμῶν.
2610 565 2674 617 Ὢ
2715 565 2894 620 καλῶν
2934 584 2993 620 τε
3022 569 3116 622 καὶ
3143 570 3361 638 ἀγαθῶν
3409 573 3756 642 εύαγγελίωνῐ

2217 653 2277 704 Ὅ
2311 653 2378 706 δι’
2410 655 2555 723 ἡμᾶς
2600 655 2890 725 γενόμενος
2917 657 3042 711 καθ’
3074 661 3241 729 ἡμᾶς.
3277 661 3362 715 ἵνα
3390 663 3476 716 διὰ
3508 663 3602 718 τοῦ
3632 667 3758 732 γενέ·
3813 701 3815 706 -

2212 741 2338 796 σθαι
2365 747 2500 815 ἡμῖν
2547 747 2815 816 ὁμογενὴς
2835 787 2850 810 ,
2879 748 3142 818 ἀδελφοὺς
3165 753 3313 822 ἡμᾶς
3336 753 3526 806 ἑαυτοῦ
3555 757 3757 826 ποιήσῃ,

2209 835 2474 904 προσάγει
2489 836 2581 890 τὸν
2603 838 2796 891 ἑαυτοῦ
2819 840 3103 910 ἄνθρωπον
3117 842 3194 912 τῷ
3217 844 3452 915 ἀληθινῷ
3476 847 3667 918 Πατρὶ,
3693 847 3760 900 ἵνα

2208 926 2274 980 δι’
2303 927 2468 981 αὐτοῦ
2497 929 2642 984 ἅπαν
2675 931 2735 984 τὸ
2757 933 3016 1002 ὁμογενὲς
3051 935 3433 1007 ὲφελκύσηται,
3479 938 3553 1002 ὡς
3587 941 3760 1008 μηκέτι

2207 1023 2407 1088 ὄνειδος
2427 1017 2564 1078 εἶναι
2585 1027 2695 1089 τοῖς
2721 1023 3034 1079 δουλεύσασι
3055 1030 3166 1090 τοῖς
3189 1029 3262 1098 μὴ
3289 1028 3448 1095 φύσει
3475 1027 3595 1082 οὖσι
3619 1031 3758 1094 θεοῖς.

2207 1115 2308 1169 Διά
2361 1115 2421 1170 τὸ
2467 1115 2837 1187 προσαχθῆναι
2884 1117 3046 1171 πάλιν
3079 1118 3158 1189 τῷ
3195 1118 3357 1182 ζῶντι
3407 1121 3504 1174 καὶ
3545 1121 3764 1192 ἀληθινῷ
3803 1167 3806 1172 .

2207 1206 2344 1277 Θεῷ,
2386 1208 2511 1278 μηδ’
2559 1207 2898 1278 ἀποόλήτους
2941 1209 3035 1262 καὶ
3072 1207 3486 1280 ἀποκηρύκτους
3531 1212 3632 1281 τῆς
3673 1230 3763 1265 7::-

2205 1301 2386 1372 τρῲας
2433 1300 2794 1372 κληρονομίας
2827 1301 3114 1368 γενέσθαι,
3140 1303 3266 1364 τοὺς
3295 1301 3370 1372 τῷ
3407 1301 3520 1372 λ’ίῷ
3563 1303 3651 1356 διὰ
3683 1306 3765 1374 τῆς
3813 1299 3815 1308 “

2207 1393 2476 1457 υἱοθεσίας
2521 1393 2984 1465 ἀκολουθήσαντας
3015 1411 3030 1426 ·
3079 1395 3108 1446 ό
3149 1395 3208 1446 ὲν
3255 1395 3466 1458 πολλοῖς
3533 1396 3766 1464 ἀδελφοῖς

2207 1485 2550 1556 πρωτότοκον
2589 1484 2678 1538 διὰ
2706 1485 2806 1555 τῆς
2849 1484 3049 1555 σαρκός
3081 1486 3313 1556 ποιήσας
3350 1485 3568 1548 ἑαυτὸν,
3604 1488 3764 1539 πᾶσαν

2206 1576 2303 1646 τὴν
2333 1574 2510 1628 κτίσιν
2547 1569 2616 1644 ἧς
2647 1572 2970 1645 ἐκοινώνησε
3003 1573 3090 1627 διὰ
3119 1573 3221 1642 τῆς
3247 1575 3648 1645 ἀνακραθείσης
3679 1577 3767 1630 αὐ-
3803 1581 3810 1588 '

2205 1667 2284 1738 τῷ
2307 1666 2507 1739 σαρκὸς
2525 1665 2894 1718 ἐπεσπάσατο.
2929 1664 3068 1717 Ἀλλ’
3092 1665 3277 1736 ἐπειδὴ
3303 1668 3329 1718 ὀ
3351 1666 3455 1738 πρὸ
3475 1665 3568 1719 τοῦ
3594 1668 3765 1738 Πάσχα

2209 1759 2352 1820 σῖτος
2385 1758 2414 1809 ὁ
2443 1755 2670 1825 ἀζυμος,
2709 1755 2838 1824 ὄψον
2873 1754 2968 1825 τὴν
2999 1754 3223 1824 πικρίδα
3269 1755 3400 1825 ἔχει,
3438 1756 3638 1827 ἴδωμεν
3675 1760 3770 1810 τίνι

525 1821 811 1876 cunditate
845 1829 969 1892 post
997 1825 1458 1880 resurrectionem
1488 1829 1648 1896 panis
1675 1827 1946 1884 emciatur
1981 1833 2102 1886 dul-

2215 1846 2472 1918 ἡδύσματι
2493 1848 2534 1899 ό
2547 1821 2683 1916 μετὰ
2707 1821 2806 1917 την
2827 1821 3118 1900 ἀνάστασιν
3137 1821 3590 1918 ἄρτος-ηδύνεται.
3622 1851 3766 1921 Ὁρᾷς

525 1913 632 1968 cis.
673 1913 869 1969 Cernis
899 1914 954 1968 in
981 1915 1237 1972 matribus
1269 1916 1486 1972 Domini
1517 1917 1682 1974 Petro
1713 1921 1962 1990 piscante
2001 1939 2100 1993 pa-

525 2021 652 2062 nem
681 2017 738 2063 et
753 2005 936 2076 favum
969 2008 1182 2064 mellis?
1219 2007 1350 2065 inde
1368 2011 1680 2077 considera,
1717 2013 1773 2068 in
1805 2015 1936 2086 quid
1959 2030 2104 2072 anm-

524 2095 714 2152 ritudo
741 2096 866 2152 vitae
890 2104 1278 2154 commutetur.
1317 2099 1498 2166 Quare
1520 2117 1622 2158 nos
1647 2103 1774 2160 item
1811 2120 1877 2159 ex
1919 2105 2102 2174 pisca-

524 2195 588 2245 tu
611 2189 907 2245 verborum
941 2187 1040 2245 Dei
1079 2189 1193 2261 jam
1243 2190 1312 2244 ad
1343 2207 1539 2262 panem
1607 2194 1762 2250 illum
1821 2198 2100 2253 ecelestem

525 2291 908 2348 accurramus,
947 2295 1109 2349 quem
1177 2282 1294 2350 spei
1341 2282 1502 2339 favus
1549 2283 1764 2342 dulcem
1811 2289 1994 2344 reddit
2045 2292 2103 2346 in

523 2369 748 2428 Christo
781 2369 914 2428 Jesu
939 2371 1173 2428 Domino
1205 2383 1418 2439 nostro,
1457 2377 1548 2430 cui
1597 2379 1778 2449 glori-ae
1803 2388 1860 2434 et
1905 2390 2102 2452 poten-

525 2461 602 2520 tia
629 2477 740 2519 una
772 2477 898 2519 eum
925 2463 1088 2520 Patre
1112 2473 1169 2521 et
1201 2464 1406 2536 Spiritu
1438 2478 1654 2534 sancto,
1683 2485 1831 2527 nunc
1855 2482 1912 2528 et
1948 2489 2096 2530 sem-

525 2567 644 2626 per,
679 2554 820 2612 etin
850 2555 1048 2612 saecula
1083 2559 1430 2615 saeculorum.
1466 2561 1660 2618 Amen.

1149 2697 1407 2756 ORATIO
1439 2702 1503 2758 li.

524 2838 605 2896 De
630 2841 1012 2914 resurrectione
1037 2839 1252 2896 Domini
1277 2844 1448 2898 nostri
1473 2841 1604 2898 Iesu
1637 2841 1859 2914 Christi.
1886 2853 1936 2899 et
1965 2843 2103 2914 quod

593 2910 740 2967 nullo
765 2911 920 2982 ntrodo
947 2912 1084 2966 inter
1142 2928 1198 2968 se
1249 2915 1507 2968 contrarii
1545 2913 1878 2982 evangelista:
1933 2910 2107 2970 diver-

593 2983 668 3038 sis
703 2981 871 3036 modis
899 2983 1164 3054 memoria:
1193 2983 1524 3051 prodiderint
1552 3001 1615 3040 ea
1647 2981 1764 3054 qiue
1796 2985 2103 3040 acciderunt

593 3056 648 3108 in
677 3054 1053 3106 resurrectione
1085 3052 1464 3109 Emmanuelts.

593 3204 918 3272 Quanquam
969 3217 1158 3257 omnes
1187 3201 1406 3270 quidem
1442 3205 1860 3273 propr-modum,
1890 3207 2098 3266 dilecti.

521 3309 642 3352 eam
674 3311 796 3365 qua:
824 3310 852 3348 a
887 3295 1045 3349 nobis
1078 3294 1132 3348 in
1180 3293 1460 3350 Dominica
1495 3305 1654 3351 nocte
1695 3299 1982 3354 commode
2015 3309 2100 3352 at-

523 3403 631 3457 que
657 3395 1028 3456 competenter
1081 3387 1391 3440 introducta
1420 3397 1522 3448 est,
1575 3389 2104 3463 Evangeliorumap—-

522 3479 758 3548 probant
803 3479 1089 3532 lectionem
1133 3478 1202 3533 de
1231 3479 1636 3535 resurrectione
1683 3484 1864 3547 magni
1917 3483 2006 3539 Dei
2049 3493 2104 3540 et

527 3569 836 3624 Servaloris
861 3569 1036 3622 nostri
1058 3567 1186 3622 Jesu
1217 3569 1422 3624 Christi
1464 3591 1478 3626 :
1509 3567 1755 3626 nennulli
1783 3583 1962 3630 tamen
1995 3577 2101 3630 uti-

529 3664 732 3716 litatem
757 3663 976 3732 quidem
1010 3677 1070 3716 se
1117 3663 1358 3718 sensisse
1421 3679 1528 3718 non
1565 3675 1784 3736 negant,
1817 3669 1908 3722 scd
1955 3671 2101 3737 quod

527 3759 722 3826 putent
775 3769 836 3810 se
881 3755 1180 3824 aliquando
1227 3758 1424 3810 tectius
1480 3765 1534 3812 et
1581 3759 1872 3814 obscurius
1911 3761 2103 3817 doctos

526 3859 672 3910 esse,
695 3845 763 3901 de
786 3847 978 3901 eadem
1011 3862 1072 3901 re
1097 3862 1206 3900 non
1245 3847 1459 3912 eadem,
1487 3850 1580 3904 sed
1609 3852 1880 3905 contraria
1916 3861 1970 3905 et
2005 3867 2101 3905 au-

528 3937 759 3993 ditorem
787 3939 962 4006 magis
986 3937 1054 3992 ad
1075 3939 1506 3994 incredulitatem
1529 3942 1844 3998 inducentia
1875 3943 2105 3998 dicenti-

529 4028 632 4084 bus
655 4031 1030 4100 evaugelistis,
1059 4033 1364 4101 perturbari
1399 4049 1459 4087 se
1477 4033 1650 4090 aiunt.
1676 4035 1774 4089 Cui
1805 4037 1951 4090 enim
1981 4052 2104 4092 ere-

527 4123 767 4204 dendum
803 4133 887 4178 est
913 4123 1226 4186 Minturnae,
1259 4125 1354 4193 qui
1377 4127 1590 4194 vesperi
1627 4125 1988 4182 Sabbatorum
2021 4145 2107 4184 re-

527 4210 931 4266 surrectionem
956 4212 1226 4266 accidisse
1249 4213 1479 4266 scribit?
1501 4229 1568 4268 an
1613 4215 1833 4280 Joanni,
1873 4217 1968 4287 qui
2003 4217 2108 4272 hoc

529 4303 674 4358 idem
707 4317 892 4364 tuane,
923 4293 1059 4356 cum'
1100 4303 1282 4358 adhuc
1306 4306 1545 4360 tenebris
1575 4314 1783 4373 essent,
1805 4309 2107 4379 contigisse

531 4393 810 4450 memoria:
860 4395 1136 4464 prodidit?
1179 4397 1260 4450 An
1315 4396 1476 4452 Lucre
1506 4405 1560 4452 et
1583 4398 1814 4456 Marco:
1871 4417 2104 4470 quorum

535 4489 624 4542 hic
646 4496 826 4544 ortum
857 4489 1013 4552 solis,
1053 4489 1142 4543 ille
1164 4490 1493 4560 profundum
1524 4493 1827 4548 diluculum
1859 4495 2109 4550 eumdem

534 4583 823 4637 articulum
843 4584 1130 4654 temporis,
1145 4597 1254 4652 quo
1275 4584 1364 4638 illa
1382 4586 1730 4656 contigerint,
1774 4588 2115 4643 nominavit?

534 4675 615 4728 Ad
681 4673 1008 4730 solutionem
1055 4675 1220 4744 igitur
1249 4676 1516 4746 propositi
1543 4677 1714 4740 dubii,
1767 4679 2114 4748 aliarumque

535 4762 686 4819 circa
729 4763 1118 4819 scrutationem
1157 4765 1432 4820 dictorum
1457 4767 1821 4821 exorientium
1856 4769 2113 4837 quaestio-

535 4851 690 4920 num,
718 4857 947 4913 excitari
979 4872 1099 4923 nos,
1130 4859 1604 4922 licetintirmos,'a
1649 4859 1778 4924 Deo,
1811 4861 1904 4930 qui
1929 4876 2114 4916 resur-

536 4947 699 5010 rexit,
721 4959 778 5004 et
823 4948 1039 5020 planam
1070 4949 1328 5006 adhibere
1379 4953 1883 5022 interpretationem
1947 4969 2114 5023 opor-

535 5046 637 5096 tet.
667 5039 880 5093 Etenim
907 5053 1032 5093 eum
1067 5039 1157 5108 qui
1201 5055 1386 5095 semen
1418 5041 1667 5096 lectionis
1700 5040 1918 5108 deiecit,
1969 5057 2116 5097 eam-

537 5144 647 5200 que
699 5129 756 5184 in
791 5129 1020 5184 auribus
1073 5132 1455 5186 universorum
1508 5133 1734 5202 sparsit,
1770 5149 1984 5203 acquum
2029 5141 2116 5188 est

539 5221 667 5274 inde
708 5237 927 5290 quoque
981 5231 1227 5276 ortarum
1262 5224 1627 5292 quaestionum
1680 5223 1908 5280 reddere
1961 5227 2118 5279 ratio-

541 5329 690 5368 nem.
731 5311 843 5368 Hoc
879 5313 1064 5383 itaque
1097 5315 1277 5368 facere
1309 5315 1502 5382 etiam,
1526 5323 1689 5385 atque
1717 5331 1784 5370 ex
1813 5317 1922 5371 illis
1960 5317 2115 5386 ipsis,

539 5420 662 5472 qua:
717 5419 883 5474 super
937 5405 1024 5460 his
1099 5405 1413 5460 dubitantes
1483 5405 1766 5471 dicebant,
1851 5407 2116 5461 rationem

541 5495 746 5553 inferre
771 5497 1032 5554 conabor.
1068 5497 1253 5568 Neque
1301 5499 1448 5556 enim
1496 5499 1642 5554 sacri
1699 5497 2116 5568 Evangeliorum

543 5589 866 5659 scriptores,
927 5591 1012 5645 vel
1057 5591 1262 5660 vesperi
1329 5590 1718 5657 Sahbatorum,
1779 5591 1864 5645 vel
1921 5589 2116 5658 majori

546 5689 698 5750 parte
725 5683 902 5738 noctis
931 5683 1224 5752 praeterita,
1257 5683 1342 5738 vel
1371 5681 1612 5738 diluculo
1642 5699 1855 5746 rursus,
1893 5683 1974 5736 vel
1997 5690 2119 5750 post

545 5775 742 5832 solaris
769 5775 904 5830 radii
956 5791 1252 5844 emersum,
1307 5758 1678 5834 resurrexisse
1713 5775 2000 5831 hominum
2031 5773 2118 5829 di-

2205 1939 2299 1992 τοῦ
2351 1941 2558 2010 Πέτρου
2607 1938 2910 2002 άλιεύοντος
2957 1939 3016 1991 ὲν
3066 1941 3187 2002 ταῖς
3234 1941 3390 2010 χερσὶ
3431 1940 3526 1993 τοῦ
3577 1943 3768 2012 Κυρίου

2206 2031 2370 2102 ἄρτον
2401 2031 2494 2083 καὶ
2527 2028 2717 2100 κηρίον
2755 2027 2998 2099 μέλιτοςς
3042 2030 3233 2100 νόησον
3277 2031 3332 2083 τί
3383 2049 3466 2084 σοι
3503 2034 3540 2102 ἡ
3592 2035 3770 2105 πικρία

2202 2123 2296 2177 τοῦ
2345 2123 2460 2194 βίου
2510 2119 3002 2186 κατασκευάζεται.
3047 2122 3258 2176 Οὐκοῦν
3309 2123 3641 2188 ἀναστάντες
3687 2125 3770 2178 καὶ

2201 2217 2364 2287 ἡμεῖς
2393 2217 2458 2268 ἐκ
2493 2214 2593 2284 τῆς
2620 2213 2728 2268 τῶν
2751 2213 2928 2282 λόγων
2955 2213 3160 2277 ἀλείας,
3196 2213 3296 2286 ἤδη
3323 2215 3402 2285 τῷ
3433 2215 3586 2286 ἄρτῳ
3615 2233 3772 2285 προσ-

2200 2309 2518 2380 δράμωμεν,
2559 2305 2621 2360 ὃν
2661 2307 3082 2375 καταγλυκαίνει
3121 2306 3183 2360 τὸ
3219 2307 3408 2380 κηρίον
3443 2307 3546 2376 τῆς
3575 2308 3776 2377 ἀγαθῆς

2201 2401 2435 2464 ἐλπίδος,
2463 2403 2522 2454 ὲν
2543 2398 2766 2470 Χριστῷ
2802 2399 2976 2470 Ἰησοῦ
2996 2399 3076 2470 τῷ
3097 2397 3289 2470 Κῦρίῲ
3311 2402 3343 2469 ἠ
3354 2399 3490 2470 μῶν,
3595 2401 3630 2470 ἡ
3659 2399 3778 2465 δόξα

2203 2497 2298 2550 καὶ
2323 2495 2385 2548 τὸ
2427 2495 2628 2565 κράτος
2659 2496 2756 2547 σὺν
2779 2491 2856 2564 τῷ
2881 2490 3059 2563 Πατρὶ
3083 2491 3178 2544 καὶ
3205 2490 3282 2561 τῷ
3311 2491 3450 2561 ἁγίῳ
3479 2491 3777 2562 Πνεύματι,

2202 2589 2296 2644 νῦν
2322 2590 2415 2642 καὶ
2444 2588 2532 2642 ἀεὶ
2565 2589 2658 2642 καὶ
2685 2589 2765 2651 είς
2791 2586 2917 2649 τοὺς
2944 2583 3148 2648 αἰῶνας
3183 2582 3292 2636 τῶν
3323 2581 3552 2636 αἰώνων.
3587 2583 3776 2654 Ἀμήν.

2812 2697 3034 2753 ΛΟΓΟΣ
3077 2695 3155 2750 B’.

2201 2815 2342 2886 Περὶ
2388 2811 2932 2886 τῆς-,ἀναστάσεως
2969 2810 3078 2886 τοῦ
3119 2807 3546 2886 Ιςξῳίοιιλὴρῷν
3587 2808 3784 2886 Ἰησοῦ

2271 2879 2530 2956 Χριστόῦ
2554 2926 2570 2944 .
2619 2881 2718 2956 καὶ
2751 2883 2851 2956 Ϋὸτι
2887 2881 3040 2937 κατά
3058 2881 3255 2956 μῃδὲγ
3287 2879 3581 2956 ἀλλήλοις
3613 2881 3786 2932 ἐνατ-

2273 2950 2580 3019 τὶωθέντες
2619 2955 2675 3006 οἱ
2703 2950 3120 3022 edam-altam!
3142 2993 3158 3022 ,
3199 2951 3494 3020 διαφόρως
3519 2950 3594 3022 τὰ
3635 2965 3786 3022 συμ-

2281 3027 2570 3092 ϐεϐηκότα
2600 3021 2676 3094 τῇ
2701 3019 3034 3078 ἀναστάσει
3059 3021 3169 3076 τοῦ
3205 3019 3590 3090 Ἐμμανουὴλ
3629 3021 3786 3072 ἱστό-

2130 3123 2176 3182 c
2273 3114 2496 3168 ρησαν.

2272 3210 2482 3273 Πάντες
2516 3208 2649 3278 μὲν,
2685 3207 3000 3278 ἀγαπητοὶ,
3047 3205 3124 3270 ὼς
3171 3207 3344 3258 εἰπεῖν
3367 3244 3381 3268 ,
3431 3202 3788 3271 ἀποδέχονται

2202 3303 2299 3374 τὴν
2327 3305 2386 3356 ὲν
2431 3303 2499 3370 τῇ
2537 3303 2786 3370 Κυριακῇ
2837 3298 3000 3352 νυκτὶ’
3027 3296 3157 3368 παρ’
3199 3297 3356 3365 ἡμῶν
3402 3294 3793 3366 εἰσηγηθεῐσαν

2205 3392 2478 3464 ἁρμοδίως
2513 3389 2621 3444 τῶν
2671 3388 2830 3460 ἱερῶν
2880 3385 3228 3454 Εὐαγγελίων
3266 3385 3572 3452 ἀνάγνωσιν
3599 3423 3615 3444 ,
3667 3382 3792 3450 περὶ

2202 3485 2304 3554 τῆς
2351 3481 2700 3542 ἀναστάσεως
2753 3477 2847 3532 τοῦ
2905 3477 3158 3549 μεγάλου·
3203 3475 3338 3529 Θεοῦ
3389 3475 3486 3529 καὶ
3537 3475 3795 3544 Σωτῆρος

2205 3570 2362 3640 ἡμῶν
2406 3567 2581 3639 Ἰησοῦ
2614 3566 2870 3638 Χριστοῦ.
2907 3567 3064 3630 Τινὲς
3107 3564 3288 3636 μέντοι
3327 3565 3390 3618 τδ
3439 3569 3538 3633 μὲν
3565 3563 3798 3633 ὠφελεῖ-

2207 3664 2328 3716 σθαι
2362 3661 2682 3732 ὁμολογοῦσι
2706 3675 2720 3688 ·
2758 3660 3087 3729 πυκνότερον
3117 3659 3175 3712 δέ
3208 3677 3325 3720 πως
3359 3657 3676 3728 ἀκροᾶσθαι
3723 3655 3798 3708 δο-

2205 3755 2449 3818 κοῦντες,
2481 3753 2842 3824 ταράττεσθαί
2866 3769 3015 3820 φασι,
3034 3751 3140 3804 τῶν
3164 3747 3564 3818 εύαγγελιστῶν
3612 3747 3696 3817 μὴ
3735 3745 3802 3797 τά

2205 3851 2344 3904 αὑτά
2366 3849 2634 3918 λεγόντων
2657 3850 2784 3920 περὶ
2809 3847 2902 3900 τοῦ
2925 3847 3088 3900 αὑτοῦ
3120 3847 3458 3918 πράγματος,
3490 3843 3612 3897 ἀλλ’
3647 3845 3802 3897 ἐναν-

2205 3941 2316 4001 τία,
2339 3941 2550 4012 καὶ-τὸν
2573 3939 2849 4010 ἀκροατὴν
2878 3937 3075 4007 μᾶλλον
3126 3936 3262 4006 πρὸς
3302 3935 3400 4005 τὴν
3425 3935 3698 3988 ἀπιστίαν
3729 3935 3804 3984 ἐν·

2207 4015 2467 4102 ἀγόντων.
2515 4033 2634 4084 Τίνι
2673 4033 2782 4100 γὰρ
2815 4029 3169 4088 πιστευτέονς
3211 4026 3472 4097 Ματθαίῳ
3525 4013 3802 4096 γρᾶφονττ

2206 4125 2304 4194 τὴν
2325 4125 2619 4178 ἀνάστασιν
2651 4123 2746 4192 ὀψὲ
2777 4121 3102 4191 γεγενῆσθαι
3131 4119 3422 4172 Σαϐϐἀτων
3444 4161 3458 4183 ,
3491 4119 3524 4191 ῆ
3567 4119 3806 4186 Ἰωάννῃ

2205 4217 2374 4270 ταύτὸ
2398 4215 2556 4268 τοῦτο
2579 4214 2980 4284 συμϐεϐηκέναι
3033 4211 3176 4282 πρωῒ
3213 4211 3294 4264 ἔτι
3336 4211 3554 4273 σκοτίας
3603 4209 3804 4278 οὔσης.

2211 4309 2552 4379 ίστορηκότι,
2583 4307 2616 4377 ἤ
2671 4306 2853 4375 Λουκᾷ
2897 4306 2989 4358 καὶ
3018 4305 3230 4376 Μάρκῳ
3251 4321 3268 4336 ·
3301 4302 3379 4373 τῷ
3441 4302 3540 4372 μὲν
3599 4303 3810 4374 ὄρθρον

2213 4395 2381 4466 βαθὺν
2404 4435 2418 4460 ,
2445 4395 2524 4466 τῷ
2549 4394 2607 4448 δὲ
2650 4394 2922 4464 ἀνατολὴν
2949 4393 3098 4464 ἡλίου
3145 4393 3240 4445 τὸν
3266 4393 3427 4445 αὑτὸν
3459 4392 3666 4462 καιρὸν
3697 4393 3812 4442 ὀνο-

2144 4485 2188 4544 ο
2219 4489 2494 4559 μάσαντι;
2523 4487 2666 4558 Πρὸς
2703 4483 2795 4540 οὖν
2823 4486 2922 4557 τὴν
2953 4483 3045 4540 τοῦ
3089 4485 3444 4555 ὑποκειμένου
3471 4484 3815 4555 προϐλήμα-

2213 4599 2304 4644 τος
2329 4581 2499 4644 λύσιν,
2529 4579 2621 4632 καὶ
2642 4577 2750 4632 τῶν
2779 4579 2953 4632 ἄλλων
2989 4577 3265 4631 τῶνκατά
3286 4575 3384 4646 τὴν
3411 4577 3679 4642 ἐξέτασιν
3705 4577 3816 4629 τῶν

2217 4671 2395 4743 ῥητῶν
2419 4670 2806 4740 ἀναφυομένων
2835 4669 3132 4740 ζητήσεων,
3163 4668 3504 4739 διεγερθῆναι
3535 4668 3630 4721 δεῖ
3661 4669 3816 4740 παρὰ

2213 4764 2309 4817 τοῦ
2353 4763 2683 4825 ἀναστάντος
2714 4761 2870 4825 Θεοῦ,
2905 4761 3105 4832 καίπερ
3137 4759 3382 4823 ἀσθενεῖς
3417 4759 3578 4818 ὄντας
3617 4763 3816 4831 ἡμᾶς.

2215 4854 2311 4907 καὶ
2349 4853 2448 4922 τὴν
2477 4851 2772 4924 ἑρμηνείαν
2809 4851 3166 4922 παραστῆσαι
3193 4852 3356 4921 σαφῆ.
3389 4851 3495 4903 Καὶ
3521 4850 3648 4920 γὰρ
3695 4855 3728 4906 ό
3767 4849 3816 4904 τῆ

2219 4945 2440 5017 σπέρμα
2461 4945 2564 5015 τῆς
2589 4943 2946 5013 ἀναγνώσεως
2969 4941 3407 5014 καταϐαλόμενος
3429 4982 3444 5002 ,
3475 4943 3570 4996 καὶ
3599 4945 3816 5012 ταύτην

2219 5037 2494 5100 πλατύνας
2528 5039 2585 5089 ἐν
2618 5039 2736 5098 ταῖς
2771 5038 3025 5090 ἀπάντων
3053 5037 3243 5096 ἀκοαῖς
3268 5077 3283 5100 ,
3311 5033 3520 5096 δίκαιός
3559 5037 3706 5087 ἐστι
3737 5033 3816 5087 καὶ

2217 5129 2325 5182 τῶν
2357 5129 2568 5197 φύντων
2597 5127 2844 5180 ἐντεῦθεν
2867 5129 3234 5198 ἐρωτημάτων
3264 5125 3554 5180 ἀποδοῦναι
3599 5127 3716 5180 τὸν
3745 5127 3816 5177 λά

2220 5239 2336 5290 γον.
2367 5220 2538 5274 Τοῦτο
2555 5221 2619 5289 δὴ
2653 5221 2746 5272 καὶ
2786 5221 3006 5290 ποιῆσαι
3042 5220 3394 5289 πειράσομαι,
3428 5218 3487 5282 ἐξ
3515 5217 3732 5274 αὐτῶν
3761 5213 3816 5274 ὣς

2220 5315 2268 5366 οἱ
2306 5311 2749 5379 ἐπαπορήσαντες
2779 5308 2984 5378 ἔφασαν
3013 5309 3110 5378 τὴν
3134 5309 3286 5361 λύσιν
3323 5309 3664 5375 ἐπαγαγεῖν.
3699 5309 3816 5362 Οὐδ

2219 5405 2328 5473 γάρ
2354 5400 2508 5457 εἷπον
2542 5404 2589 5456 oi
2617 5401 2724 5456 τῶν
2763 5402 3109 5470 Εὐαγγελίων
3141 5401 3276 5471 ἱεροὶ
3311 5402 3674 5469 συγγραφεῖς
3699 5441 3716 5462 ,
3743 5401 3815 5468 ὁνξέ

2219 5497 2534 5560 Σαϐϐάτων,
2569 5494 2604 5564 ἢ
2635 5495 3024 5565 παρῳχηκότος
3053 5493 3144 5546 τοῦ
3179 5492 3422 5554 πλείονος
3458 5490 3556 5559 τῆς
3597 5493 3816 5556 νυκτὸς

2221 5589 2473 5662 ἥόρθρου
2499 5587 2680 5642 πάλιν.
2712 5587 2745 5656 ἢ
2773 5587 2910 5658 μετά
2941 5585 3038 5656 τὴν
3070 5587 3168 5654 τῆς
3196 5584 3428 5654 ἡλιακῆς
3461 5585 3716 5647 ἀκτῖνος
3761 5585 3816 5656 βο

2219 5680 2318 5752 λὴν
2349 5680 2643 5751 ὲγηγέρθαι
2671 5678 2764 5732 τὸν
2796 5677 3001 5746 Κύριον
3023 5695 3037 5709 ·
3067 5676 3214 5728 οὕτω
3250 5674 3358 5746 γὰρ
3383 5673 3448 5728 ἂν
3487 5675 3816 5728 ἐναντίοισι

2221 5771 2309 5842 ἦν,
2343 5773 2403 5828 τὸ
2431 5774 2490 5830 ἓν
2526 5775 2757 5844 πρᾶγμα
2798 5771 2908 5826 τῶν
2941 5768 3399 5840 συγγεγραφότων
3435 5767 3530 5834 οὐχ
3561 5765 3670 5820 ἐνὶ
3711 5769 3816 5839 μάλ
