3842 6408
106 252 218 310 ca)

1016 249 1082 303 IN
1120 250 1401 308 CHRISTI
1440 252 2077 317 RESURRECTIONEM
2116 261 2321 317 ORAT.
2359 262 2421 316 ΙΙ.

3275 263 3382 319 630

107 377 220 439 λον,
255 372 375 428 ἀλλ’
405 373 462 425 ὲν
488 371 765 442 διαφόροις
792 371 1193 443 ἱστορησάντων
1217 372 1544 443 γεγενῆσθαι
1575 393 1698 429 και-

1817 389 2023 433 rerunt.
2063 380 2153 435 Sic
2184 380 2330 437 enim
2370 380 2736 437 contrarietas
2780 388 2949 445 esset,
2987 381 3033 435 si
3067 398 3237 437 unum
3268 381 3378 438 fac'

109 469 227 537 ροῖξ
257 484 273 497 ·
313 465 452 519 ἀλλά
500 465 602 527 τὰς
650 466 917 534 γυναῖκας
967 464 1212 536 ἔγραψαν
1237 506 1253 529 ,
1296 466 1483 519 ἄλλοτε
1530 467 1706 531 ἄλλως

108 557 618 628 ὲπιπαραγενέσθαι
664 555 744 627 τῷ
787 557 972 627 τάφῳ,
1004 557 1100 610 καὶ
1149 558 1211 610 οὑ
1253 559 1394 611 κατὰ
1423 559 1514 612 τὸν
1548 560 1707 612 αὑτὸν

105 649 306 719 καιρόν
326 665 339 677 ⁸
374 648 494 711 πῶς
526 648 638 717 γὰρ
667 652 764 710 τὰς
801 647 1072 718 διαφόρως
1106 647 1365 711 ἐλθούσας
1389 689 1405 713 ,
1442 649 1621 713 πάσας
1650 652 1707 703 δὲ

105 743 314 813 ὁμοίως
338 742 634 813 ἀκηκοέναι
662 741 812 813 παρά
836 741 943 794 τῶν
970 740 1216 808 ἀγγέλων
1244 743 1372 812 περὶ
1398 740 1492 795 τοῦ
1534 742 1707 811 Σωτῆ-

108 853 236 907 ρος,
264 836 352 888 ὅτι
395 831 663 903 Ἠγέρθη,
696 834 807 885 οὐκ
834 830 1005 884 ἐστιν
1031 825 1147 883 ὦδε
1167 870 1181 894 ,
1214 832 1287 901 μὴ
1316 832 1707 902 προστεθέντος

107 927 204 981 τοῦ
236 926 394 989 πότε;
420 926 498 987 ὡς
544 925 664 976 κατ’
719 922 935 990 ἐκείνην
988 922 1086 990 μὲν
1132 922 1575 993 ὁμολογουμένως
1612 926 1704 977 καὶ

110 1018 422 1091 συμφώνως
452 1018 551 1088 τὴν
588 1016 738 1069 Θείαν
778 1015 949 1069 νύκτα
978 1018 1077 1085 τῆς
1116 1015 1463 1078 ἀναστάσεως
1486 1017 1719 1086 γενομέτ

110 1131 243 1183 νης·
311 1111 539 1181 μηδενὸς
585 1109 645 1162 δὲ
695 1109 794 1177 τὴν
832 1107 982 1177 ὥραν
1036 1106 1516 1177 ὲπισημηναμένου
1543 1146 1559 1168 ,
1605 1109 1704 1178 τὴν

110 1206 282 1257 πᾶσιν
320 1202 622 1270 ἄγνωστον,
658 1199 797 1269 πλὴν
819 1199 913 1251 τοῦ
947 1198 1274 1261 ἀναστάντος
1305 1198 1461 1257 Θεοῦ.
1495 1198 1704 1254 καὶτοῦ

112 1294 333 1366 ηατρδς
363 1294 459 1346 cuii
491 1292 653 1363 μόνου
684 1288 1041 1358 γινώσκοντος
1086 1290 1227 1343 οὕτω
1274 1291 1364 1345 τὸν
1411 1291 1538 1343 Υἱὸν
1565 1332 1580 1356 ,
1629 1291 1705 1355 ὼς

114 1386 280 1448 αὐτὸς
317 1385 589 1452 ἔγνωσται
611 1383 690 1453 τῷ
721 1383 982 1455 Πατρὶ....
1014 1383 1122 1436 Καὶ
1143 1382 1237 1436 τοῦ
1272 1382 1586 1453 Πνεύματος
1610 1383 1702 1435 τοῦ

115 1479 296 1532 πάντα
333 1476 664 1548 ἑρευνῶντος
688 1517 701 1537 ,
725 1477 819 1528 καὶ
842 1477 910 1528 τά
937 1475 1075 1545 βάθη
1108 1475 1201 1527 τοῦ
1235 1474 1391 1527 Θεοῦ.
1428 1475 1704 1538 θίατθαίος

108 1570 220 1639 γάρ
276 1567 383 1639 εφη
438 1567 652 1637 Μαρίαν
692 1566 791 1637 τὴν
828 1565 1191 1635 Μαγδαληνὴν
1246 1568 1342 1618 καὶ
1391 1566 1487 1636 τὴν
1540 1566 1704 1636 ἀλλην

110 1660 336 1732 Μαρίαν
361 1660 459 1729 ὀψὲ
505 1658 799 1713 Σαϐϐάτων
850 1658 942 1713 ἐπὶ
971 1660 1069 1729 τὴν
1097 1657 1225 1711 θέαν
1261 1658 1578 1727 ἐληλυθέναι
1600 1652 1703 1711 ’τοῦ

1811 479 1948 531 tum,
1976 486 2083 525 non
2120 471 2173 523 in
2204 485 2313 523 uno
2342 469 2545 539 potius,
2576 471 2670 525 sed
2695 471 2747 524 in
2774 469 3009 525 diversis
3038 472 3383 541 temporibus

1810 562 2076 617 accidisse
2125 562 2431 632 scriptores
2485 564 2764 617 memoriae
2818 563 3216 633 prodidissent.
3271 564 3379 619 Sed

1808 653 2071 707 mulieres
2106 654 2483 723 scripserunt,
2514 654 2621 707 alio
2659 664 2905 724 tempore
2934 656 3073 711 alias
3099 656 3169 713 ad
3202 659 3384 727 sepul-

1808 761 1963 799 crum
1992 746 2229 810 venisse,
2262 758 2317 801 et
2358 764 2466 801 non
2494 749 2641 802 circa
2670 747 2921 803 eumdem
2952 751 3214 819 temporis
3246 752 3384 804 arti-

1808 839 2015 903 culum,
2050 840 2345 909 (quomodo
2378 841 2521 893 enim
2571 856 2683 903 eas,
2714 856 2834 908 quae
2863 841 3096 896 diversis
3122 843 3386 911 tempori-

1806 930 1909 984 bus
1946 934 2275 1001 venerunt?)
2328 949 2516 986 omnes
2552 948 2678 986 vero
2712 933 2966 987 similiter
2995 934 3272 989 audivisse
3315 935 3384 987 ab

1807 1024 2020 1091 angelis
2049 1022 2115 1077 de
2149 1020 2461 1085 Servatore,
2511 1022 2776 1083 Surrexit,
2804 1038 2905 1075 non
2940 1030 3017 1075 est
3055 1022 3136 1074 hic
3176 1021 3191 1051 ³
3224 1039 3235 1073 :
3274 1036 3385 1075 non

1807 1113 2021 1182 adjecto
2075 1114 2314 1183 quando.
2343 1114 2510 1179 Quasi
2545 1113 2597 1167 in
2626 1113 2717 1167 illa
2776 1113 2961 1166 divina
2990 1118 3147 1167 nocte
3178 1113 3386 1179 absque

1806 1204 2209 1267 controversia,
2261 1212 2316 1258 et
2378 1205 2432 1257 in
2468 1204 2571 1258 hoc
2601 1203 2859 1259 omnibus
2916 1202 3387 1257 consentientibus

1807 1294 2157 1348 resurrectio.
2196 1294 2413 1363 quidem
2466 1294 2748 1356 acciderit,
2804 1308 2965 1349 nemo
3017 1308 3147 1349 vero
3193 1294 3388 1346 horam

1807 1388 2100 1452 notaverit,
2126 1403 2247 1458 quae
2299 1387 2555 1442 omnibus
2612 1388 2795 1457 ignota
2824 1396 2964 1449 erat,
3025 1394 3389 1456 prmterquam

1807 1495 1930 1533 cum
1970 1478 2101 1543 Deo,
2163 1481 2256 1550 qui
2301 1479 2624 1541 resurrexit,
2663 1486 2775 1532 tum
2820 1476 2994 1540 Patri,
3022 1477 3114 1545 qui
3138 1476 3289 1531 solus
3316 1475 3390 1528 ita

1808 1574 1989 1628 noscit
2022 1572 2241 1635 Filium,
2292 1580 2351 1626 ut
2403 1572 2520 1641 ipse
2554 1572 2808 1641 cognitus
2845 1579 2930 1626 est
2981 1585 3012 1633 ο
3040 1569 3217 1623 Filio:
3273 1578 3389 1621 tum

1810 1666 2061 1735 Spiritui,
2093 1666 2185 1735 qui
2217 1664 2401 1719 omnia
2428 1672 2728 1728 scrutatur,
2768 1662 2932 1718 etiam
2988 1661 3392 1731 prol‘unditates

110 1753 320 1821 τάφου·
373 1752 596 1820 σεισμόν
643 1768 702 1803 τε
745 1749 1075 1819 γεγενῆσθαι
1113 1749 1286 1819 μέγαν
1312 1766 1326 1779 ·
1374 1749 1605 1818 ἄγγελον
1645 1749 1701 1802 δὲ

1817 1758 1926 1813 Dei.
1953 1757 2237 1812 Mattliazus
2264 1758 2409 1811 enim
2441 1756 2575 1810 dixit
2608 1759 2627 1787 ‘
2664 1754 2889 1808 Mariam
2923 1752 3296 1823 Magdalenam
3337 1761 3393 1805 et

112 1840 553 1913 καταϐεϐηκέναι
595 1840 655 1905 ἐξ
686 1840 952 1911 οὐρανοῦ,
994 1841 1054 1893 τὸ
1104 1841 1203 1910 μὲν
1249 1836 1387 1903 εἶδος
1415 1842 1700 1911 ἀστραπῇ,

112 1935 251 2004 χιόνι
279 1934 340 1988 δὲ
365 1935 467 2005 τὴν
494 1932 686 2005 στολὴν
711 1932 1113 2003 παραπλήσιονο
1138 1934 1222 1986 ἶνα
1254 1934 1332 2003 τῷ
1367 1934 1464 2003 μὲν
1488 1934 1615 2001 φοὸε
1626 1933 1704 2004 ρῷ

112 2026 443 2098 καταπλήξη
476 2028 602 2088 τοὺς
630 2025 876 2094 φύλακας
919 2026 990 2093 (οἳ
1020 2025 1110 2078 καὶ
1130 2025 1230 2094 τὴν
1256 2024 1385 2078 θέαν
1413 2026 1515 2078 οὐκ
1546 2028 1701 2094 ἐνεγ-

113 2128 337 2191 κόντες,
386 2123 586 2196 μικροῦ
621 2123 715 2176 καὶ
755 2121 1036 2175 ἀπώλοντο
1088 2122 1453 2183 καταστάντες
1492 2120 1571 2190 τῷ
1595 2120 1703 2174 δέει

112 2235 280 2291 νεκρο
294 2217 336 2289 ),
393 2215 470 2287 τῷ
505 2215 714 2287 φαιδρῷ
738 2215 795 2267 δὲ
822 2212 1260 2284 προσκαλέσηται
1290 2212 1387 2276 τὰς
1408 2215 1701 2280 γυναῖκας,

114 2312 207 2365 καὶ
238 2310 445 2382 θάρσος
476 2309 751 2380 ἐμποιήσῃ
789 2309 907 2370 ταῖς
940 2306 1040 2375 τὴν
1072 2305 1232 2373 φύσιν
1266 2306 1581 2374 εὐπτοήτοις
1609 2307 1704 2359 καὶ

112 2404 352 2467 δειλαῖς,
386 2402 481 2455 καὶ
522 2399 951 2470 τὴνεάνάστασιν
1000 2396 1064 2448 δι’
1101 2396 1264 2450 αὐτοῦ
1304 2397 1397 2449 τοῦ
1428 2399 1705 2467 σχήματος

112 2493 416 2566 ἀναγγείλῃ
448 2490 781 2564 περιχαρῶς.
823 2491 973 2543 Ἐπεὶ
1002 2489 1095 2541 καὶ
1133 2489 1336 2542 τούτων
1393 2488 1554 2559 χάριν
1594 2489 1703 2541 ἀπ-

112 2581 486 2636 ἐσταλτο.Τὸν
514 2580 625 2651 γὰρ
655 2578 802 2635 λίθον
835 2578 1187 2641 ἀποκυλίσας,
1213 2572 1370 2648 εὗρεν
1400 2578 1705 2649 ἐγηγερμέ-

113 2691 202 2727 νον
251 2672 350 2726 τὸν
384 2673 589 2743 Κύριον
612 2712 628 2738 ,
662 2669 1047 2740 κεκλεισμένον
1088 2668 1180 2722 τὸν
1204 2670 1375 2738 τάφον
1400 2710 1415 2734 ,
1464 2670 1556 2722 καὶ
1585 2672 1707 2732 ταῖς

116 2766 383 2835 σφραγῖσι
439 2760 949 2831 κατησφαλισμένον
981 2802 997 2825 ,
1064 2761 1157 2812 καὶ
1207 2763 1273 2831 τῇ
1340 2763 1703 2831 στρατιωτικῇ

117 2854 339 2925 φρουρᾷ
376 2852 796 2922 πεφυλαγμένον
818 2891 845 2915 ,,
878 2852 1209 2905 ἀπολιπόντα
1246 2851 1565 2922 θεοπρεπῶς
1586 2891 1600 2915 ,
1647 2852 1723 2905 ὃν.

114 2948 320 3018 τρόπον
345 2948 440 3000 καὶ
469 2946 587 3000 τῶν
605 2943 783 3016 θυρῶν
811 2945 1212 3016 κεκλεισμένων
1244 2946 1374 2998 εἴσω
1401 2946 1494 3000 τοῦ
1524 2948 1707 3018 δωμα-

114 3043 235 3095 τξου
264 3040 562 3109 γενόμενος
606 3041 716 3101 τοῖς
772 3038 1041 3109 μαθηταῖς
1090 3038 1436 3109 ὲπεφοίτησε.
1485 3040 1575 3093 Διὸ
1614 3042 1706 3093 καὶ
1741 3094 1779 3112 η

116 3096 505 3201 {lares-'61)):
544 3096 720 3183 ξξστικ
757 3096 917 3191 ὧδε..
951 3096 1090 3183 ἀλλ’
1127 3096 1349 3197 ἠγέρθη
1375 3148 1389 3160 ο
1435 3132 1655 3200 μηνύων
1683 3135 1712 3184 ὁ
1739 3096 1785 3149 C

116 3223 353 3293 ἄγγελος
392 3222 493 3291 τῆς
519 3221 723 3285 οἰκείας
754 3221 990 3291 ἀφίξεως
1023 3221 1711 3294 προτεθαυματουργῆσθαι

115 3314 348 3385 τὴν-.τοῦ
375 3313 635 3384 Σωτῆρος
663 3312 977 3375 ἀνάστασιν,
1004 3314 1070 3382 ἣν
1099 3312 1173 3374 ὡς
1203 3312 1335 3372 Θεὸς
1362 3314 1468 3385 ἰδίᾳ
1485 3316 1733 3382 δυνάμει-

119 3407 460 3479 πληρώσας,
497 3408 596 3476 τὴν
643 3406 957 3475 οἰκονομίαν
1006 3406 1309 3476 ἐνήργησεν
1342 3446 1358 3468 ,
1412 3406 1711 3477 ἀγγελικῆς

120 3500 449 3571 συμμαχίας
496 3501 556 3552 οὐ
590 3497 823 3568 δεηθείς.
860 3498 922 3550 Εἰ
955 3497 1063 3568 γὰρ
1097 3497 1257 3551 τοῦτο
1307 3500 1381 3571 μὴ
1420 3496 1521 3570 ἦν,
1558 3495 1709 3553 εἶπεν

118 3593 207 3655 ἂν,
256 3591 393 3644 Ἰδοὺ
432 3590 722 3660 ἐγείρεται,
753 3589 927 3657 δηλῶν
954 3590 1014 3641 τὸ
1054 3590 1369 3659 παραυτίκα
1396 3593 1705 3661 γινόμενον·

118 3682 318 3753 ἐπειδὴ
359 3682 419 3735 δὲ
449 3683 799 3752 προεγεγόνει
825 3681 903 3751 τῷ
936 3683 1332 3754 παρεληλυθότι
1362 3685 1535 3755 χρόνῳ
1578 3704 1712 3757 χρη-

122 3778 363 3846 σάμενος
382 3817 396 3837 ,
428 3775 631 3845 ἔφησεν
651 3792 663 3804 ·
704 3777 825 3828 Οὐκ
857 3774 1030 3828 ἐστιν
1052 3768 1189 3839 ὦδε,
1221 3776 1355 3829 ἀλλ’
1382 3777 1621 3845 ἠγέρθη,

1810 1850 1973 1905 aliam
2038 1850 2261 1904 Mariam
2306 1850 2516 1919 vesperi
2568 1848 2933 1902 Sabbatorum
2983 1842 3278 1899 venissead
3316 1859 3394 1895 vi-

1809 1943 2047 1998 dendum
2087 1943 2448 2012 sepulcrum:
2502 1948 2661 1996 terrae
2691 1947 2895 1992 motum
2952 1942 3133 1991 autem
3186 1935 3391 1987 factum

1809 2049 1935 2090 esse
1962 2049 2215 2104 magnum
2251 2049 2263 2085 :
2292 2040 2456 2102 atque
2489 2032 2741 2101 angelum
2757 2029 2827 2083 de
2853 2028 2995 2083 cmlo
3021 2023 3393 2087 descendisse.

1810 2127 1971 2196 cujus
2006 2133 2264 2197 aspectus
2295 2124 2513 2195 quidem
2542 2122 2766 2194 fulguri,
2792 2121 2932 2176 stola
2957 2134 3086 2174 vero
3108 2118 3221 2172 nivi
3248 2118 3393 2171 haud

1810 2215 2098 2271 dissimilis
2131 2214 2319 2281 fuerit,
2378 2222 2437 2268 ut
2490 2214 2612 2282 ipso
2670 2210 2903 2267 terribili
2941 2209 3162 2280 quidem
3207 2207 3395 2262 habitu

1810 2306 2260 2377 perterrefaceret
2314 2305 2592 2369 custodes,
2633 2304 2726 2375 qui
2781 2305 2947 2360 etiam
3014 2318 3120 2356 non
3159 2299 3398 2356 ferentes

1813 2397 2099 2463 visionem,
2127 2412 2318 2466 parum
2342 2398 2516 2451 abl’uit
2549 2399 2682 2468 quin
2738 2398 2999 2467 perirent,
3032 2393 3231 2449 mortui
3268 2390 3399 2447 iacti

1812 2499 1956 2543 metu
1991 2506 2004 2543 :
2033 2489 2272 2544 candore
2312 2506 2441 2544 vero
2473 2490 2731 2544 invitaret
2759 2489 3112 2551 mulieres,et
3137 2484 3394 2541 ﬁduciam

1810 2580 2063 2650 injiceret
2104 2588 2301 2635 natura
2349 2581 2556 2637 timidis
2605 2596 2672 2635 ac
2716 2579 3114 2641 formidolosis,
3145 2592 3401 2633 resurre-

1811 2673 2157 2741 ctionemque
2192 2688 2287 2741 per
2320 2672 2499 2741 ipsum
2536 2672 2783 2727 habitum
2811 2685 2936 2726 cum
2963 2669 3169 2741 ingenti
3217 2669 3399 2723 laetitia

1812 2763 2181 2816 annuntiaret.
2222 2760 2319 2815 llis
2356 2760 2501 2815 enim
2528 2759 2597 2815 de
2628 2761 2812 2815 causis
2842 2762 3048 2815 missus
3088 2766 3228 2813 erat.
3258 2756 3398 2811 Cum

1811 2856 1958 2911 enim
1984 2854 2218 2927 lapidem
2272 2854 2627 2919 revolvisset,
2653 2854 2855 2923 reperit
2876 2852 3248 2907 resurrexissc
3283 2850 3392 2903 Do-

1813 2946 2045 3011 minum,
2098 2946 2357 3015 sepulcro
2386 2945 2533 3016 quod
2563 2945 2759 3015 sigillis
2790 2943 3063 2998 munitum
3098 2941 3297 3004 fuerat,
3336 2955 3401 2993 ac

1817 3038 2069 3108 prazsidio
2099 3038 2347 3092 militum.
2377 3037 2810 3102 custodiebatur,
2853 3038 2997 3091 sicut
3026 3034 3194 3090 Deum
3240 3038 3400 3087 dece-

1819 3134 1934 3195 bat,
1967 3134 2155 3185 clauso
2186 3131 2401 3193 relicto,
2451 3130 2910 3200 quemadmodum
2956 3125 3161 3181 clausis
3183 3138 3402 3195 quoque

1812 3224 1999 3293 januis
2032 3233 2328 3293 penetrans
2382 3223 2439 3276 in
2488 3223 2829 3277 domicilium
2865 3220 2933 3275 ad
2962 3218 3267 3289 discipulos
3309 3232 3402 3271 ac-

1815 3318 2002 3371 cessit.
2040 3315 2221 3381 Quare
2271 3314 2436 3369 etiam
2491 3314 2706 3369 dicebat
2738 3332 2751 3367 :
2789 3311 2912 3365 Non
2930 3322 3008 3366 est
3036 3311 3142 3371 Iu'c.
3168 3308 3263 3365 sed
3287 3325 3403 3362 sur-

1816 3410 1953 3463 rexit
2001 3424 2021 3461 :
2056 3407 2377 3477 signiﬁcans
2424 3406 2651 3476 angelus
2718 3412 2845 3461 ante
2901 3419 3060 3459 suum
3107 3404 3403 3457 adventum

1814 3506 2210 3559 admirabiliter
2248 3504 2518 3558 accidisse
2566 3499 3024 3555 resurrectionem
3072 3493 3402 3559 Servatoris,

1818 3614 1979 3666 quam
2010 3606 2067 3649 ut
2091 3596 2232 3651 Deus
2268 3595 2486 3665 propria
2516 3594 2718 3647 virtute
2744 3604 3051 3660 exsequens
3080 3588 3134 3640 in
3169 3586 3258 3649 iis,
3284 3602 3405 3653 mne

1819 3690 2087 3759 diSposita
2142 3704 2207 3742 ac
2265 3688 2537 3742 destinata
2581 3693 2773 3745 erant,
2823 3679 3147 3751 peragendis
3194 3680 3404 3732 nullum

1822 3782 2137 3851 angelorum
2180 3779 2444 3833 auxilium
2473 3775 2825 3832 desideravit.
2864 3772 2980 3827 Nisi
3023 3771 3169 3826 enim
3202 3770 3304 3823 hoc
3331 3768 3405 3822 ita

120 3875 297 3931 esset,
328 3866 560 3921 dixisset
596 3883 609 3919 :
646 3863 787 3918 Ecce
834 3865 1088 3934 resurgit,
1119 3866 1436 3933 signiﬁcans
1462 3869 1536 3930 id,
1567 3871 1719 3937 quini
1756 3873 1940 3925 statim
1978 3874 2167 3936 ﬁeret;
2224 3872 2317 3925 sed
2350 3870 2609 3940 quoniam
2658 3878 2783 3922 ante
2844 3866 3043 3921 factum
3086 3872 3225 3928 erat,
3268 3877 3407 3934 pm~

120 3961 289 4015 terito
332 3966 577 4026 tempore
618 3966 775 4011 utens
813 3956 949 4011 dixit
980 3976 991 4011 :
1027 3957 1149 4011 Non
1180 3969 1257 4011 est
1293 3960 1399 4025 hic,
1425 3962 1519 4014 sed
1570 3966 1821 4017 surrexit.

190 4054 377 4107 Κάκεῖ
400 4052 457 4106 δὲ
480 4054 546 4105 ἐκ
574 4051 762 4104 τούτου
785 4051 1056 4105 δείκνυται
1085 4052 1291 4121 σαφῶς,
1308 4053 1387 4115 ὡς
1414 4056 1463 4107 oi
1495 4056 1725 4108 ἀπόστο-Δ

122 4144 203 4196 λοι
229 4141 595 4213 κηρύττοντες
639 4141 700 4193 τὸ
728 4142 1057 4209 Εὐαγγέλιον
1083 4181 1097 4205 ,
1149 4141 1332 4211 ἔλεγον
1361 4144 1453 4196 τὸν
1486 4146 1719 4215 Χριστὸν

125 4236 428 4306 ἐγηγέρθαι
467 4235 572 4287 ὑπὸ
598 4234 690 4287 τοῦ
747 4236 994 4307 Πατρὸς,
1041 4236 1131 4289 διὰ
1181 4237 1242 4289 τὸ
1270 4236 1379 4290 τῶν
1413 4238 1720 4293 ἀκουόντων

126 4329 391 4393 ἀσθενὲς,
424 4328 828 4401 εὐπαράδεκτον
859 4330 951 4381 τὸν
984 4329 1140 4397 λόγον
1168 4329 1340 4402 ταύτῃ
1380 4334 1719 4385 κατασκευά·

126 4422 335 4487 ζοντες.
370 4422 428 4474 '0
460 4420 519 4473 δὲ
547 4421 775 4489 ἅγγελος
811 4422 907 4492 τὴν
951 4422 1439 4494 εὐαγγελιζομένην
1467 4424 1563 4494 τὴν
1596 4428 1725 4477 ἀνά-

128 4534 324 4571 στασιν
361 4515 530 4587 ῥήξας
561 4516 764 4585 φωνὴν,
796 4516 1007 4586 γυμνὴν
1048 4519 1321 4585 ὲκφαίνων
1361 4521 1459 4589 τὴν
1489 4521 1714 4590 θεοπρε-

127 4605 407 4676 πεστάτην
431 4606 677 4672 ἐξουσίαν
707 4606 800 4659 τοῦ
839 4607 1166 4671 ἀναστάντος
1192 4609 1318 4662 ἐϐόα
1346 4627 1355 4636 ·
1395 4613 1516 4663 Οὐκ
1545 4612 1717 4664 ἔστιν

126 4696 267 4760 ὦδε,
304 4697 442 4751 ἀλλ’
474 4696 716 4764 ἠγέρθη.
756 4698 864 4748 Καὶ
892 4697 953 4749 τὸ
996 4697 1295 4768 ὲγηγέρθαι
1326 4697 1383 4751 δὲ
1424 4700 1585 4753 αὑτὸν
1612 4702 1717 4753 ὑπὸ

130 4788 222 4844 τοῦ
255 4789 471 4859 [ἰατρὸς
507 4787 781 4855 λέγεσθαι,
812 4787 919 4839 τῶν
954 4789 1051 4857 μὲν
1080 4788 1406 4852 ἀκουόντων,
1449 4790 1523 4853 ὼς
1558 4791 1712 4861 ἔφην,

129 4883 407 4951 οἰκονομεῖ
456 4880 517 4933 τὸ
555 4880 777 4943 ἀσθενές
800 4897 813 4909 ⁸
840 4879 932 4932 τὸν
963 4880 1019 4932 δὲ
1057 4880 1221 4933 αὑτὸν
1264 4880 1376 4950 ἔχει
1415 4882 1579 4944 νοῦν,
1624 4884 1719 4935 καὶ

129 4976 227 5045 οὐχ
266 4972 474 5044 ἓτερον.
517 4973 604 5025 Ἐν
649 4973 754 5025 τίνι
790 4972 900 5044 γὰρ
948 4975 977 5025 ὁ
1013 4973 1202 5043 Πατὴρ
1232 4975 1479 5045 ένεργεῖς
1524 4976 1611 5028 Ἑν
1650 4978 1714 5046 τῇ

131 5066 312 5135 οἰκείᾳ
340 5064 566 5134 δυνάμει
599 5064 860 5135 δηλονότι.
894 5064 989 5127 Τίς
1021 5064 1077 5116 δέ
1122 5066 1321 5136 ἐστινὴ
1355 5066 1584 5135 δύναμις
1625 5067 1718 5119 τοῦ

133 5157 379 5227 Ηατρός;
413 5157 601 5220 Οὐδεὶς
651 5156 807 5219 ἄλλος
828 5198 843 5221 ,
896 5157 929 5227 ἢ
963 5159 991 5209 ὁ
1038 5158 1271 5229 Χριστός
1297 5175 1310 5188 ·
1347 5159 1579 5228 Χριστὸς
1612 5160 1720 5229 γὰρ

133 5246 273 5301 Θεοῦ
318 5247 581 5317 δύναμις,
614 5250 708 5300 καὶ
737 5247 871 5300 Θεοῦ
917 5248 1099 5317 σοφία.
1146 5249 1355 5303 Οὐκοῦν
1398 5252 1587 5304 ἑαυτὸν
1624 5254 1721 5304 ἁν-

133 5342 367 5410 έστησεν
393 5341 422 5393 ό
450 5340 658 5410 Σωτὴρ,
691 5342 739 5393 εξ
767 5340 858 5393 καὶ
904 5341 1008 5393 ὑπὸ
1040 5341 1134 5395 τοῦ
1168 5343 1378 5413 Πατρὸς
1412 5344 1709 5415 ὲγηγέρθαι

133 5434 375 5502 λέγεται.
409 5434 483 5485 Τὸ
514 5432 569 5485 δὲ
604 5433 746 5501 Ὀψὲ
765 5432 1097 5497 Σαΰὸἁτων,
1121 5435 1179 5485 οὐ
1212 5434 1308 5503 τὴν
1349 5437 1590 5506 ἑσπέραν
1620 5436 1717 5505 τὴν

139 5524 281 5583 κατά
308 5525 409 5597 τὴν
460 5524 610 5579 δύσιν
658 5526 750 5579 τοῦ
790 5525 943 5596 ἡλίου
997 5526 1182 5596 δηλοῖ·
1220 5528 1340 5581 οὐδὲ
1375 5530 1481 5599 γὰρ
1529 5528 1722 5591 ἑνικῶς

213 5702 443 5758 ⁸)Ιτιιιιι.
478 5719 670 5769 xxvm,
696 5704 743 5757 6.
826 5705 843 5734 ³
874 5702 1004 5759 ibid.
1042 5703 1057 5757 l
1092 5719 1214 5774 sqq.

1892 4056 2070 4126 Atque
2116 4056 2249 4110 illud
2297 4055 2460 4110 etiam
2487 4070 2551 4109 ex
2611 4054 2716 4108 hoc
2745 4060 2933 4122 aperte
2968 4052 3403 4108 demonstratur,

1822 4148 1967 4215 quod
1992 4148 2251 4215 apostoli,
2276 4162 2399 4201 cum
2425 4144 2783 4215 praedicarent
2803 4140 3405 4212 Evangelium,proplcr

1824 4240 2199 4294 inﬁrmitatem
2231 4238 2569 4293 audientium
2606 4238 2862 4291 dicebant
2903 4234 3182 4289 Christum
3215 4246 3405 4287 resus-

1818 4334 2043 4383 c'natum
2081 4346 2203 4385 esse
2230 4346 2259 4383 a
2286 4329 2467 4393 Patre,
2524 4325 2914 4396 acceptabilem
2954 4333 3009 4379 et
3040 4320 3399 4379 commenda-

1824 4424 1983 4476 bilem
2016 4422 2119 4475 hoc
2137 4422 2299 4476 modo
2333 4435 2643 4476 sermonem
2673 4417 2985 4473 reddentes.
3027 4413 3134 4470 Sed
3155 4414 3404 4484 angelus,

1821 4514 1913 4580 qui
1936 4513 2146 4581 primus
2181 4514 2601 4567 resurrectionis
2620 4511 3082 4577 annuntiatricem
3104 4523 3291 4563 vocem
3312 4522 3406 4562 ru-

1826 4607 1921 4674 pit,
1964 4605 2164 4658 nudam
2205 4606 2497 4675 designans
2554 4622 2617 4659 ac
2673 4604 2977 4672 majestatis
3032 4600 3404 4673 plenissimam

1826 4700 2057 4767 ideoque
2098 4698 2329 4751 maxime
2360 4698 2775 4752 convenientem
2807 4696 2949 4763 ejus,
2986 4694 3080 4763 qui
3102 4706 3408 4749 resurrexe-

1824 4799 1927 4853 rat,
1958 4798 2298 4857 potestatem,
2332 4790 2603 4843 clamabat
2637 4808 2650 4842 :
2692 4786 2815 4841 Non
2848 4795 2924 4840 est
2951 4786 3057 4849 hic,
3092 4783 3188 4839 sed
3222 4798 3393 4838 surre-

1821 4884 1925 4936 xit.
1958 4881 2147 4950 Itaque
2201 4882 2347 4951 quod
2397 4881 2597 4934 dicitur
2625 4894 2750 4933 eum
2800 4877 3184 4933 resuscitatum
3214 4888 3337 4928 esse
3374 4886 3407 4925 ι

1827 4971 2009 5037 Patre,
2040 4972 2376 5027 audientium
2411 4972 2653 5040 quidem,
2691 4980 2749 5024 ut
2782 4971 2918 5033 dixi,
2951 4966 3274 5037 disponebat
3322 4970 3408 5017 at-

1827 5082 1934 5135 que
1956 5067 2341 5121 moderabatur
2371 5065 2765 5129 inlirmitatem,
2795 5062 3045 5117 eumdem
3084 5073 3209 5112 vero
3238 5054 3408 5111 conti-

1829 5168 1941 5219 net,
1972 5164 2155 5209 etnon
2185 5158 2351 5207 alium
2378 5156 2733 5243 intellectum.
2762 5152 2896 5206 Nam
2927 5152 2980 5204 in
3012 5166 3120 5218 quo
3148 5154 3407 5217 operatur

1828 5246 2029 5301 Pater?
2068 5246 2123 5300 In
2180 5248 2399 5317 propria
2446 5234 2690 5316 pot'eiitia
2749 5244 3003 5297 videlicet
3066 5248 3121 5295 ct
3179 5240 3403 5293 virtute.

1829 5337 2087 5403 Quaenam
2120 5348 2203 5393 est
2223 5347 2403 5392 autem
2429 5337 2605 5389 virtus
2639 5350 2703 5389 ac
2732 5333 2973 5403 potentia
2993 5329 3208 5384 Patris?
3237 5326 3407 5382 Nemo

1831 5433 1971 5485 alius
2000 5440 2363 5501 pnetcrquam
2418 5430 2717 5485 Christus:
2778 5427 3033 5480 Christus
3097 5423 3245 5477 enim
3313 5418 3406 5475 Dei

1833 5527 2006 5580 virtus
2034 5542 2094 5578 ac
2126 5525 2382 5594 potentia,
2418 5523 2619 5592 Deique
2650 5520 2920 5590 sapientia
2948 5526 3050 5574 est.
3082 5516 3221 5588 Ergo
3260 5512 3409 5583 scip-
