3842 6388
441 230 538 287 551

1671 229 1729 285 S.
1761 227 2088 286 GREGOBH
2125 228 2420 285 NYSSENI

3589 227 3698 285 652

437 369 557 408 sum
580 351 928 408 resuscitavit
951 349 1225 415 Christus,
1266 353 1371 409 etsi
1398 367 1428 406 ε
1459 351 1622 409 Patre
1643 353 1848 409 dicitur
1885 369 2008 410 esse

2115 350 2262 408 εἶπεν
2297 354 2423 424 Ὀψὲ
2459 352 2756 415 Σαϐϐάτου,
2790 351 2932 406 ἀλλά
2956 350 3352 421 πληθυντικῶς,
3379 351 3526 419 Ὀψε
3551 353 3700 405 Eat?-

433 446 815 498 resuscitatus.
835 441 1111 510 ,Caaterum
1163 443 1261 513 ὀψὲ
1301 444 1616 509 Σαϐϐάτων,
1644 445 1704 500 id
1742 456 1844 511 est,
1892 463 2008 508 sero

2115 447 2321 502 ϐάτων,
2360 445 2614 500 Σάϐϐατα
2670 445 2729 499 δὲ
2788 445 2887 516 τὴν
2949 447 3128 498 πᾶσαν
3185 444 3450 514 ἑϐδομάδα
3513 444 3703 496 καλεῖν

433 535 526 589 vel
542 535 737 603 uesperi
761 533 1251 599 Sabbatarum,non
1285 537 1558 606 signiticet
1584 551 1892 606 vesperum,
1916 537 2008 606 qui

433 633 558 694 post
591 639 847 680 occasum
883 625 1015 681 solis
1046 626 1150 679 l'uit
1175 644 1189 680 :
1217 641 1395 696 neque
1439 628 1588 682 enim
1656 629 2011 698 singulariter

432 717 592 780 dixit,
622 732 747 772 sero
775 717 1024 784 Sabbati,
1041 718 1138 773 sed
1162 720 1464 788 pluraliter,
1483 735 1606 775 sero
1624 719 2008 775 Sabbatorum.

435 808 673 866 Sabbata
705 824 834 864 vero
861 824 1059 864 omnen
1087 811 1442 880 septimanam
1478 826 1674 866 vocare
1703 811 1882 866 solent
1907 809 2012 866 He-

432 895 585 950 braei.
618 895 751 952 Nam
775 911 844 952 ne
878 897 1096 966 longius
1127 898 1312 962 abeas,
1336 900 1700 970 evangelista),
1729 917 1834 954 uno
1875 899 2010 955 Sab-

433 985 696 1051 batorum,
717 987 973 1057 inquiunt
1003 1008 1016 1043 :
1045 1003 1172 1044 cum
1229 989 1519 1046 dicendum
1575 990 1790 1058 luisset,
1823 988 2017 1047 Prima

433 1077 524 1132 die
568 1079 905 1148 septimanae.
953 1077 1046 1135 Sic
1094 1080 1354 1136 nimirum
1398 1083 1562 1138 etiam
1622 1084 1679 1138 in
1729 1085 2014 1143 communi

433 1171 834 1226 consuetudine
889 1171 1114 1236 utimur,
1187 1174 1488 1228 secundum
1542 1173 1905 1231 Sabbatorum
1956 1185 2012 1234 et

432 1262 655 1316 tertium
711 1261 1073 1319 Sabbatorum
1103 1267 1440 1336 appellantes
1462 1267 1762 1330 secundum
1815 1279 1867 1326 et
1897 1281 2012 1326 ter-

433 1352 568 1408 tium
601 1353 746 1408 diem
779 1355 1113 1424 septimanae.
1129 1357 1246 1411 Non
1275 1358 1414 1413 dixit
1441 1359 1627 1428 igitur,
1649 1375 1775 1416 sero
1801 1361 2013 1416 Sabba-

430 1445 492 1509 ti,
527 1457 622 1500 aut
655 1447 868 1517 vesperi
903 1446 1145 1514 Sabbati,
1177 1458 1236 1503 ut
1295 1465 1582 1519 vesperum
1618 1451 1766 1508 illius
1791 1452 1898 1509 diei
1932 1454 2012 1510 si-

430 1535 758 1604 gniﬁcaret:
807 1538 904 1607 sed
946 1535 1076 1592 Sero
1127 1537 1505 1606 Sabbutorum,
1558 1549 1615 1594 ut
1665 1543 1899 1607 tardius,
1954 1552 2010 1599 et

430 1629 662 1682 multum
714 1626 928 1684 distans
978 1629 1267 1685 indicaret.
1303 1630 1514 1686 Etenim
1566 1633 1860 1702 aliquando
1903 1651 2009 1706 nos

2124 535 2393 608 Ἑϐραίοις
2419 534 2560 599 ἔθος.
2579 534 2786 588 Λύτίκα
2819 532 2950 601 γοῦν
2983 535 3032 586 οί
3064 532 3448 601 εὐαγγελισταὶ
3477 533 3545 601 τῇ
3579 528 3702 597 Mea

2112 629 2231 683 τῶν
2272 629 2609 683 Σαϐϐάτωνο
2667 628 2801 696 φασὶ
2853 627 2929 691 δὲ,
2995 627 3073 698 Τῇ
3112 624 3308 699 πρώτη
3362 625 3547 695 ἡμέρα
3597 623 3701 692 τῆς

2113 719 2423 790 ἑϐδομάδος,
2455 720 2651 772 εἰπεῖν.
2690 717 2848 772 Οὕτω
2879 716 2943 788 δὴ
2972 717 3066 770 καί
3090 717 3151 770 ἐν
3175 718 3246 787 τῇ
3291 715 3550 786 συνηθείᾳ
3600 731 3698 772 κε’

2113 810 2366 883 χρήμεθα
2387 851 2401 874 ,
2431 810 2687 880 δευτέραν
2720 808 3032 873 Σαϐϐάτων,
3060 809 3156 862 κα)⁵
3185 808 3377 878 τρίτην
3400 806 3701 862 Σαϐϐάτων

2114 903 2611 975 προσαγορεύοντες
2637 901 2735 972 τὴν
2766 900 3023 970 δευτέραν
3073 900 3167 954 καὶ
3193 900 3385 970 τρίτην
3422 899 3521 969 τῆς
3556 898 3702 953 ἑϐδο-

2116 995 2285 1067 μάδος
2315 994 2544 1066 ἡμέραν.
2577 993 2692 1048 Οὐκ
2723 987 2882 1046 εἶπεν
2917 987 3044 1057 οὖν,
3086 991 3216 1061 Ὀψὲ
3270 990 3552 1046 Σαϐϐάτου
3579 1029 3595 1052 ,
3637 990 3697 1059 ἦ,

2125 1085 2399 1156 Έσπέρας
2447 1084 2767 1147 Σαϐϐάτου,
2803 1083 2890 1136 ἵνα
2934 1082 3032 1153 τὴν
3059 1081 3294 1152 ἑσπέραν
3343 1081 3442 1152 τῆς
3477 1080 3700 1151 ἡμέρας

2112 1177 2326 1247 ἐκείνης
2349 1176 2598 1247 δηλώσῃθ
2633 1175 2768 1241 ἀλλ’,
2803 1174 2939 1243 Ὀψὲ
2976 1173 3308 1239 Σαϐϐάτων,
3338 1174 3427 1227 ἵνα
3467 1171 3531 1226 τὸ
3563 1172 3697 1244 βρά-

2111 1269 2221 1323 διον
2259 1269 2354 1322 καὶ
2401 1269 2536 1322 πολὺ
2567 1265 2848 1335 διεστηκὸς
2881 1266 3122 1337 ἐμφήνη.
3161 1264 3273 1318 Kal
3298 1265 3407 1336 γάρ
3453 1281 3557 1317 που
3598 1263 3700 1316 καὶ

2111 1362 2283 1425 οὕτως
2307 1362 2438 1431 ἡμῖν
2458 1357 2684 1428 σύνηθες
2708 1357 2907 1426 λέγειν’
2955 1354 3083 1424 Ὀψὲ
3106 1354 3200 1409 τοῦ
3231 1353 3423 1425 καιροῦ
3448 1353 3699 1423 παραγέ-

2112 1471 2308 1522 γονας,
2362 1453 2458 1522 ὀψὲ
2500 1453 2600 1520 τῆς
2632 1449 2817 1521 ὥρας,
2873 1447 2971 1516 ὀψὲ
3019 1449 3119 1517 τῆς
3162 1446 3384 1517 χρείας·
3427 1445 3550 1514 οὐχὶ
3592 1444 3696 1514 τὴν

2112 1545 2372 1615 ἑσπέραν,
2407 1543 2503 1596 καὶ
2531 1542 2622 1594 τὸν
2661 1539 2800 1611 μετὰ
2824 1538 2978 1610 ἡλίου
3014 1536 3225 1608 δυσμάς
3273 1538 3464 1607 χρόνον
3495 1535 3696 1607 δηλοῦ-

2113 1653 2196 1688 σιν
2219 1652 2233 1665 ⁸
2266 1633 2402 1688 ἀλλὰ
2437 1634 2499 1686 τὸ
2550 1631 2797 1702 βράδιον,
2846 1631 2945 1683 καὶ
3003 1629 3232 1688 κατόπιν
3276 1629 3379 1698 τῆς
3407 1627 3626 1698 χρείας,
3662 1627 3695 1697 ἢ

429 1737 648 1791 quoque
687 1722 760 1775 ita
783 1721 966 1777 dicere
995 1723 1259 1784 solemus,
1291 1723 1393 1793 6ψέ
1428 1724 1523 1778 τοῦ
1549 1700 1742 1797 καιροῦ
1760 1703 2008 1798 παραγέ-

2115 1727 2204 1781 τοῦ
2242 1725 2432 1797 καιροῦ
2486 1724 2739 1794 γενέσθαι
2788 1723 2881 1776 τὸν
2913 1721 3111 1793 τρόπον
3163 1719 3351 1774 τοῦτον
3405 1718 3696 1790 μηνύουσι.

430 1829 614 1880 γονάς,
638 1813 692 1867 id
723 1821 829 1874 est,
851 1829 969 1866 sero
995 1814 1080 1868 vel
1107 1813 1313 1877 tardius
1335 1814 1404 1870 ad
1433 1825 1632 1885 tempus
1655 1819 1840 1871 renisti
1869 1834 1887 1870 :
1911 1819 2009 1888 ὀψὲ

427 1903 529 1972 τῆς
567 1902 737 1974 ὥρας,
768 1904 822 1958 id
853 1913 966 1968 est,
1019 1921 1138 1960 sero
1185 1907 1271 1962 vel
1319 1907 1527 1962 tardius
1556 1909 1624 1966 ad
1651 1911 1836 1964 horam
1870 1927 1888 1964 :
1911 1910 2010 1980 ὀψὲ

426 1995 530 2064 τῆς
567 1995 777 2065 χρείας,
803 1995 866 2050 ιιι
899 2005 1016 2058 .est,
1063 2013 1179 2052 sero
1219 2012 1284 2052 ac
1318 1998 1545 2059 tardius,
1583 2015 1745 2068 quam
1787 2016 1920 2056 usus
1957 2008 2012 2055 et

427 2087 731 2142 necessitas
761 2090 1099 2157 postulasset
1133 2106 1148 2142 :
1197 2105 1310 2144 non
1341 2105 1646 2160 vesperam,
1672 2107 1847 2160 neque
1874 2101 2012 2148 tem-

431 2192 558 2246 pus,
590 2177 739 2248 quod
778 2187 904 2247 post
927 2193 1184 2233 occasum
1215 2180 1347 2235 solis
1369 2190 1474 2246 est,
1497 2182 1891 2251 signiﬁcantes,
1921 2185 2016 2240 sed

432 2267 665 2334 tardius,
683 2275 746 2323 ει
781 2277 904 2337 post
929 2283 1091 2338 quam
1121 2285 1255 2326 usus
1281 2278 1335 2326 et
1363 2275 1671 2335 necessitas
1705 2275 2014 2342 postulave-

425 2360 498 2416 rit
521 2369 617 2415 aut
643 2368 764 2430 post
811 2368 1027 2430 tempus
1059 2362 1412 2416 commodum
1446 2371 1501 2418 et
1530 2373 1896 2433 opportunum
1931 2365 2012 2419 fa-

427 2463 575 2508 ctum
603 2469 726 2509 esse
749 2453 1028 2523 quippiam
1047 2454 1150 2509 boc
1183 2453 1344 2510 modo
1369 2454 1693 2511 indicantes.
1723 2457 1898 2526 Atque
1912 2457 2010 2527 ὀψὲ

427 2545 736 2608 Σαϐϐάτων,
774 2545 829 2599 id
862 2555 968 2608 est,
998 2563 1115 2600 sero
1143 2547 1224 2600 vel
1255 2547 1450 2614 vesperi
1476 2546 1857 2610 Sabbatorum,
1893 2550 2008 2604 lon-

426 2639 548 2707 gius
576 2647 632 2693 et
665 2638 876 2693 tardius
907 2639 1194 2709 praeterita:
1224 2641 1543 2709 septimana:
1582 2650 1795 2710 tempus
1818 2643 1996 2712 signi-

428 2729 573 2784 ﬁcat.
609 2728 868 2799 bnpletur
923 2730 1180 2799 quzelibet
1257 2728 1562 2798 septimana
1615 2745 1813 2786 occasu
1871 2733 2013 2797 solis

425 2821 726 2877 Sabbatum
785 2821 1112 2892 excipiente.
1146 2820 1280 2878 Nam
1341 2819 1504 2876 etiam
1562 2822 1848 2884 Mattliaens
1879 2839 2004 2879 cum

2113 1819 2223 1872 Kal
2239 1818 2302 1870 τὸ
2335 1816 2480 1886 ’Ὀψὲ
2497 1813 2898 1882 Σαϐὄᾴτων,τὸ
2921 1815 3110 1885 πόρρω
3122 1811 3216 1880 καὶ
3238 1811 3454 1882 βράδιον
3471 1811 3573 1880 τῆς
3597 1827 3700 1864 πε-

2117 1911 2440 1983 ραιωθείσης
2472 1909 2764 1979 ἑϐδομάδος
2791 1907 2957 1978 δηλοῖ.
3005 1906 3312 1976 Πληροῦται
3355 1905 3413 1958 δὲ
3458 1903 3700 1974 ἑϐδομὰς

2116 2003 2317 2072 ἑκάστη
2341 2043 2356 2066 ,
2379 2005 2499 2064 ταῖς
2535 2001 2671 2070 μετὰ
2694 2000 2756 2052 τὸ
2773 1998 3051 2052 Σάϐϐατον
3077 1998 3227 2068 ἡλίου
3254 1997 3504 2066 δυσμαῖς.
3537 1995 3701 2066 ’Δμέο

2115 2095 2195 2147 λει
2227 2093 2406 2148 καὶτὸ
2448 2093 2580 2145 πολῦ
2611 2090 2892 2160 διεστηκὸς
2919 2091 3014 2144 τοῦ
3061 2087 3256 2159 καιροῦ
3290 2087 3425 2158 πρὸς
3457 2086 3517 2139 τὸ
3545 2084 3702 2149 τέλος

2116 2189 2213 2257 τῆς
2245 2184 2622 2257 πληρωθείσης
2647 2183 2938 2253 ἑϐδομάδος
2977 2183 3007 2234 ὁ
3041 2180 3314 2244 Ματθαῖος
3339 2178 3513 2250 δηλῶν
3540 2217 3556 2241 ,
3604 2178 3701 2246 καί

2115 2278 2263 2332 ὥσπε
2272 2295 2304 2348 ρ
2332 2275 2650 2348 ἑρμηνεύων
2684 2274 2895 2336 ἑαυτὸν,
2921 2275 3188 2343 ἐπήγαγε,
3218 2270 3304 2340 Τῇ
3329 2269 3699 2338 ἐπιφωσκοὼ

2113 2385 2196 2438 σῃ
2229 2372 2316 2435 είς
2349 2370 2497 2438 μίαν
2524 2367 2860 2422 Σαϐϐἁτων.
2894 2367 3250 2436 Παρῳχήκει,
3285 2364 3450 2432 φησὶν
3473 2401 3488 2425 ,
3531 2363 3566 2430 ἡ
3602 2361 3698 2425 νὺξ

2111 2459 2360 2514 τοσοῦτον
2383 2499 2397 2523 ,
2441 2459 2517 2522 ώς
2544 2455 2684 2516 εἶναι
2709 2458 2800 2510 τὸν
2828 2457 3018 2527 καιρὸν
3056 2457 3155 2527 τῆς
3183 2456 3296 2508 τῶν
3321 2452 3699 2524 ἀλεκτρυόνων

2116 2551 2272 2622 βοῆς,
2301 2551 2422 2622 ἥτις
2453 2549 2521 2603 τὸ.
2557 2549 2674 2619 φώς
2715 2552 2815 2621 τῆς
2860 2549 3159 2621 μελλούσης
3193 2547 3409 2618 ἡμέρας
3454 2560 3699 2615 προανα-

2114 2641 2388 2711 κρούεται.
2420 2640 2601 2711 Ταύτῃ
2627 2658 2709 2694 τοι
2733 2680 2748 2703 ,
2781 2641 2975 2712 καὶτῷ
2999 2640 3178 2711 καιρῷ
3201 2639 3394 2708 τούτῳ,
3417 2637 3514 2690 καλ⁵
3543 2635 3606 2690 ού
3634 2637 3702 2705 τῇ

2117 2735 2254 2804 μετὰ
2283 2735 2344 2788 τὸ
2374 2734 2650 2787 Σάϐϐατον
2675 2734 2884 2805 ἑσπέρᾳ
2906 2733 3265 2795 καταλύοντες
3292 2731 3391 2793 τὰς
3418 2727 3698 2799 νηστεία-ς,

2113 2829 2208 2898 τῆς
2234 2825 2571 2898 εὐφροσύνης
2602 2825 2905 2900 ἀρχόμεθα,
2945 2825 3050 2895 τῆς.
3076 2823 3219 2879 κατὰ
3252 2824 3465 2877 πάντων
3494 2835 3701 2891 κρατη-

423 2915 684 2984 ιεηιροι-ίε
733 2915 1047 2977 articulum,
1083 2918 1177 2984 qui
1251 2916 1479 2970 multum
1531 2915 1771 2969 distabat
1828 2933 1856 2970 a
1907 2918 2008 2972 line

2119 2920 2290 2989 σάσης
2317 2919 2608 2989 συνηθείας
2631 2917 3036 2989 συνηγορούσης
3071 2916 3150 2988 τῷ
3175 2915 3485 2987 πράγματι.

422 3004 650 3075 expleta:
700 3003 1040 3074 septimanae,
1072 3005 1428 3074 signiﬁcaret,
1460 3013 1517 3058 et
1542 3006 1701 3074 quasi
1742 3007 1981 3076 seipsum
2021 3008 2497 3079 interpretaretur,
2531 3007 2756 3079 adjecit.
2791 3008 2924 3074 Qua:
2982 3007 3244 3062 illucescit
3273 3008 3329 3060 in
3364 3021 3528 3058 unam
3564 3001 3706 3064 Saba

423 3095 688 3152 berorum.
772 3093 1140 3158 Praeterierat,
1219 3095 1432 3163 inquit,
1494 3095 1549 3148 in
1601 3103 1815 3159 tantum
1877 3112 1988 3150 nox
2023 3105 2082 3150 ut
2119 3110 2262 3154 esset
2314 3107 2531 3170 tempus
2560 3099 2830 3168 gallorum
2877 3108 3095 3163 cantus,
3132 3098 3227 3168 qui
3275 3103 3471 3157 cantus
3511 3095 3701 3152 lucem

422 3190 593 3245 futuri
626 3188 736 3244 diei
793 3187 1070 3258 praecedit.
1121 3185 1276 3246 Tune
1323 3187 1582 3241 nimirum
1613 3197 1776 3257 atque
1815 3187 1869 3242 in
1897 3189 2004 3244 .boe
2042 3191 2277 3246 articulo
2316 3192 2598 3262 temporis,
2674 3207 2782 3246 non
2837 3199 3019 3246 autem
3053 3205 3280 3265 vespera
3304 3202 3423 3258 qua
3489 3185 3700 3242 Sabba-

421 3299 537 3342 tum
593 3285 924 3353 insequitur,
987 3282 1239 3338 ﬁnientes
1274 3281 1503 3350 jejunia,
1570 3282 1866 3352 incipimus
1934 3299 2042 3345 nos,

421 3395 612 3436 omnes
640 3377 899 3441 obtinuit,
931 3377 1208 3432 hancrem
1243 3379 1664 3445 comprobante.

489 3471 627 3523 Cum
675 3469 843 3538 igitur
878 3467 965 3521 hic
993 3469 1260 3538 temporis
1301 3479 1447 3523 esset
1485 3469 1780 3535 articulus,
1834 3470 2012 3530 Maria

422 3563 744 3632 Magdalena
794 3571 960 3630 atque
1007 3563 1179 3620 altera
1225 3561 1475 3631 ejusdem
1510 3564 1752 3621 nominis
1803 3565 1871 3620 ad
1921 3581 2010 3620 se-

425 3653 674 3723 pulcrum
718 3659 1010 3715 venerunt,
1058 3659 1112 3706 et
1162 3652 1436 3723 angelum,
1477 3655 1574 3724 qui
1611 3653 1679 3710 de
1726 3656 1868 3710 caelo
1906 3656 2006 3711 de-

427 3744 741 3810 scenderat,
790 3743 1253 3814 quemadmodum
1291 3745 1501 3800 dictum
1547 3755 1654 3813 est,
1700 3747 2004 3804 viderunt:

425 3837 545 3907 qui,
593 3837 840 3892 revoluto
866 3837 1064 3906 lapide,
1094 3852 1260 3906 super
1306 3853 1432 3892 eum
1485 3837 1712 3901 sedebat
1759 3855 1835 3895 :a
1897 3857 2008 3911 quo

425 3928 591 3985 etiam
639 3929 885 3984 invitatte
933 3922 1188 3983 viderun‘t
1239 3929 1441 3994 locum,
1492 3931 1585 3984 ubi
1625 3933 1841 4000 positus
1887 3942 2008 3987 erat

424 4019 694 4076 Dominus
725 4037 740 4074 :
771 4028 828 4076 et
858 4036 1096 4086 currere
1122 4021 1314 4089 jussze,
1367 4037 1600 4091 quinque
1650 4034 2002 4092 acceperant,

425 4115 686 4170 mandata
727 4113 1016 4185 discipulis
1047 4113 1230 4178 edere,
1261 4129 1497 4184 egressa:
1545 4115 1796 4171 celeriter
1825 4131 1856 4170 e
1889 4133 2008 4173 mo-

425 4215 693 4261 numento
755 4207 1052 4261 currebant
1087 4224 1100 4259 :
1133 4207 1318 4276 itaque
1381 4207 1735 4264 currentibus
1786 4208 2002 4266 obviam

2111 3287 2388 3354 oblectare
2443 3296 2609 3358 atque
2686 3286 2879 3351 lmtari,
2921 3285 3342 3348 consuetudine,
3389 3298 3510 3355 qua:
3557 3282 3702 3352 apud

2184 3469 2291 3523 Τοῦ
2343 3469 2537 3542 καιροῦ
2575 3468 2755 3540 τοίνυν
2804 3467 2958 3531 ὄντος
2998 3465 3225 3530 τούτου,
3280 3467 3313 3536 ἠ
3363 3465 3703 3537 Μαγδαληνὴ

2113 3562 2300 3632 Μαρία
2342 3562 2438 3614 καὶ⁸
2479 3561 2512 3630 ἡ
2565 3558 2858 3630 ὁμώνυμος
2902 3560 2994 3612 ἐπὶ
3024 3559 3194 3630 τάφον
3235 3552 3398 3628 ἦλθον
3422 3599 3438 3625 ,
3480 3559 3577 3612 καὶ
3611 3560 3702 3612 τὸν

2113 3654 2344 3722 ἄγγελον
2371 3653 2464 3706 τὸν
2497 3653 2554 3718 ἐξ
2608 3651 2840 3725 ούρανοῦ
2869 3649 3284 3721 καταϐεϐηκότα
3308 3650 3398 3702 τὸν
3442 3667 3690 3721 προειρη⁹

2115 3745 2275 3816 μόνον
2316 3744 2611 3798 ἐθεάσαντο
2661 3742 2900 3813 τρόπον,
2952 3741 3361 3796 άποκυλίσαντα
3395 3742 3487 3794 τὸν
3555 3741 3703 3795 λίθον

2113 3840 2206 3891 καὶ
2239 3838 2325 3890 ἐπ’
2360 3837 2520 3890 αὑτὸν
2555 3833 2933 3905 καθεζόμενον,
2961 3834 3052 3903 ὑφ’
3075 3828 3139 3908 οῦ
3161 3834 3255 3888 καὶ
3283 3833 3709 3910 προκληθείσαι,

2112 3933 2204 3984 τὸν
2232 3929 2394 3982 τόπον
2429 3925 2589 3991 εἶδον,
2615 3928 2748 3981 ὃπου
2779 3926 2952 3980 ἔκειτο
2997 3928 3025 3979 ὁ
3057 3924 3258 3996 Κύριος
3282 3967 3296 3986 ,
3332 3925 3424 3978 καὶ
3461 3939 3700 3996 προστα-

2112 4023 2325 4094 χθεῖσαι
2351 4023 2465 4084 τοῖς
2498 4019 2766 4091 μαθηταῖς
2800 4018 3029 4090 δραμεῖν
3052 4017 3147 4071 καὶ
3173 4017 3522 4086 ἀπαγγεῖλαι,
3560 4019 3685 4085 ἐξελ

2113 4104 2303 4164 θοῦσαι
2344 4109 2482 4181 ταχὺ
2515 4109 2610 4162 τοῦ
2641 4108 2921 4178 μνήματος
2947 4105 3180 4176 ἔδραμον
3207 4122 3220 4135 ·
3254 4107 3349 4159 καὶ
3376 4105 3439 4176 δὴ
3473 4108 3700 4177 τρεχού-

2113 4222 2232 4268 σαις
2263 4203 2723 4273 προσαπαντήσος
2762 4202 2791 4256 ό
2847 4199 3052 4270 Ἰησοῦς
3099 4187 3494 4270 ’προσεφώνησε
3515 4213 3531 4228 ·
3563 4201 3694 4254 Χαί-

424 4301 610 4355 Iactus
639 4298 803 4356 lesus
835 4299 1129 4370 appellavit
1153 4317 1270 4364 eas,
1301 4299 1516 4361 dicens,
1548 4302 1704 4357 Aucte
1723 4305 1764 4357 ³.
1793 4303 2002 4358 Etenim

2115 4315 2260 4366 ρετε.
2290 4297 2398 4350 Καὶ
2446 4296 2555 4366 γάρ
2585 4294 2688 4347 ἔδει
2719 4293 2934 4366 πρῶτον
2981 4291 3041 4346 τὸ
3094 4291 3368 4360 γυναικῶν
3396 4293 3556 4360 γένος
3608 4295 3706 4346 καὶ

426 4393 718 4462 oportebat
745 4393 984 4462 primum
1029 4394 1353 4450 muliebrem
1383 4409 1576 4455 sexum
1616 4402 1670 4448 et
1715 4395 1784 4449 ab
1813 4396 2008 4468 angelo

424 4483 631 4539 bonum
655 4485 1088 4540 resurrectionis
1118 4485 1374 4554 accipere
1421 4486 1695 4551 nuntium,
1736 4493 1790 4541 et
1823 4485 2010 4540 Domi-

427 4590 559 4628 num
622 4575 844 4640 videre,
905 4583 956 4631 et
1003 4566 1236 4647 primam
1294 4577 1363 4633 ab
1418 4593 1484 4632 eo
1536 4594 1726 4633 vocem
1781 4579 2006 4645 audire,

426 4668 604 4720 Aucte.
645 4667 926 4732 Quoniam
979 4669 1173 4724 mulier
1227 4685 1444 4740 quoque
1506 4672 1680 4739 prium
1726 4673 2011 4727 audiverat

430 4758 679 4814 fraudem
728 4762 1022 4829 serpentis,
1077 4769 1132 4817 ει
1172 4771 1365 4818 contra
1417 4773 1746 4833 przcccpluln
1801 4765 2008 4819 viderat

429 4851 564 4922 ligni
597 4851 876 4906 interdicti
915 4852 1176 4919 fructum,
1212 4862 1267 4909 et
1296 4868 1457 4925 ptena
1489 4855 1725 4909 tristitia:
1758 4871 1822 4909 ac
1847 4855 2007 4909 dolo-

428 4942 505 4995 ris
533 4941 899 4997 condemnata
935 4942 1142 4999 fuerat.
1174 4943 1518 5016 Quapropter
1560 4949 1724 5000 etiam
1774 4947 2007 5002 adorare

430 5031 689 5086 Servator
717 5044 771 5087 et
801 5035 964 5104 pedes
995 5037 1409 5106 apprehendere
1432 5046 1486 5091 et
1515 5049 1858 5094 contrectare
1881 5055 2007 5109 per-

432 5127 702 5188 mittebat,
737 5135 796 5180 ut
825 5129 894 5182 iis
925 5145 1045 5198 qua:
1074 5130 1263 5199 prima:
1295 5131 1642 5186 desciverant
1676 5141 1729 5187 et
1754 5132 2007 5187 alienata:

431 5225 588 5270 erant
615 5219 684 5272 ab
713 5233 799 5284 eo,
855 5229 913 5273 ct
947 5219 1240 5290 discipulis
1273 5221 1528 5292 gaudium
1555 5224 1888 5277 annuntiare
1911 5223 2004 5292 ju-

430 5305 627 5369 bebat,
689 5322 816 5362 cum
873 5311 1186 5376 mulierem,
1268 5329 1390 5382 qua:
1453 5315 1689 5369 tristitia:
1756 5315 2006 5370 ministra

431 5397 642 5452 Adamo
678 5400 876 5468 fuerat,
915 5403 1103 5474 gaudii
1154 5405 1399 5459 nuntiam
1452 5407 1586 5462 viris
1641 5423 1766 5464 esse
1816 5408 2000 5472 vellet,

432 5491 723 5547 contrariis
749 5499 1026 5551 contraria
1071 5512 1298 5556 curans.
1340 5498 1598 5556 Euntibus
1636 5509 1815 5558 autem
1865 5501 1999 5568 illis,

505 5666 526 5699 ³
560 5667 750 5726 Matth.
789 5688 982 5739 uvnt,
1012 5675 1043 5730 9
1075 5691 1195 5754 sqq.

2109 4393 2208 4464 τὴν
2249 4391 2545 4444 ἀνάστασιν
2598 4386 3048 4456 εὐαγγελισθῆναι
3105 4384 3252 4455 παρὰ
3285 4384 3385 4449 τοῦ,
3432 4384 3700 4453 ἀγγέλου,

2111 4481 2322 4537 καὶτὸν
2349 4478 2550 4550 Κύριον
2587 4476 2735 4538 ἰδεῖν,
2768 4477 2859 4528 καὶ
2893 4473 3114 4545 πρώτην
3148 4473 3276 4544 παρ’
3310 4472 3473 4525 αὐτοῦ
3510 4471 3700 4541 φωνὴν

2111 4573 2376 4635 ἀκοῦσαι,
2419 4569 2794 4636 1:0,Xw'psrs.
2849 4565 3001 4619 Ἐπεὶ
3053 4566 3147 4618 καὶ
3195 4565 3329 4634 γυνὴ
3357 4563 3550 4635 πρώτη
3596 4565 3699 4635 τῆς

2112 4669 2328 4737 ἀπάτης
2355 4664 2448 4718 τοῦ
2481 4662 2657 4732 ὄφεως
2685 4661 2908 4730 ἤκουσε,
2955 4659 3048 4711 καὶ
3088 4651 3194 4710 εἶδε
3229 4656 3561 4727 παρανόμως
3603 4656 3699 4708 τὸν

2112 4761 2206 4814 τοῦ
2233 4754 2682 4828 ἀπηγορευμένον
2712 4751 2867 4816 ξύλου
2894 4749 3125 4821 καρπὸν,
3168 4749 3260 4804 καὶ
3287 4747 3432 4819 λύπῃ
3474 4745 3696 4799 κατεδι-

2117 4853 2347 4917 κάζετο·
2385 4850 2464 4902 διὸ
2503 4848 2596 4902 καὶ
2645 4845 2966 4916 προσκυνεῖν
3013 4843 3043 4894 ὁ
3085 4841 3276 4912 Σωτὴρ
3321 4843 3416 4893 καὶ
3468 4841 3699 4909 κρατεῖν

2116 4947 2242 5008 τοὺς
2293 4943 2458 5004 πόδας
2509 4936 2800 5009 συνεχώρει
2824 4973 2839 4999 ,
2890 4935 2966 4997 ώς
3015 4932 3258 5004 πρώταις
3290 4909 3743 4996 άποπεσούσαις)

2117 5038 2209 5092 καὶ
2257 5031 2730 5104 άλλοτριωθείσαις
2764 5025 2928 5082 αὑτοῦ
2951 5066 2966 5090 ,
3002 5025 3096 5077 καὶ
3136 5026 3246 5088 τοῖς
3282 5024 3551 5093 μαθηταῖς
3595 5022 3698 5092 τὴν

2116 5127 2291 5202 χαρὰν
2319 5124 2655 5195 διαγγέλλειν
2683 5119 2935 5174 ἐκέλευσε
2955 5155 2969 5181 ,
3009 5117 3183 5188 χαράς
3214 5114 3441 5183 άγγελον
3468 5112 3698 5184 ἀνδράσι

2115 5223 2348 5291 γυναῖκα
2381 5215 2634 5286 γενέσθαι
2668 5211 3015 5285 βουλόμενος,
3047 5209 3145 5279 τῆς
3194 5207 3369 5278 λύπης
3402 5205 3480 5276 τῷ
3519 5205 3695 5276 Ἀδὰμ

2113 5312 2408 5384 γενομένην
2450 5309 2696 5362 διάκονον
2726 5345 2740 5370 ,
2790 5303 2858 5356 τὰ
2911 5301 3125 5355 ἐναντία
3169 5298 3255 5353 διὰ
3291 5298 3398 5351 τῶν
3434 5299 3696 5352 ἐναντίων

2117 5405 2362 5475 ἰώμενος.
2389 5396 2809 5468 Πορευομένων
2828 5393 2896 5448 δὲ
2912 5391 3128 5458 αὐτῶν,
3151 5391 3337 5460 φησὶν,
3360 5389 3692 5458 ἀπαγγεῖλαι

2112 5501 2222 5562 τοῖς
2251 5495 2545 5567 μαθηταῖς,
2581 5491 2707 5546 ἰδού
2749 5504 2903 5554 τινες
2934 5485 3041 5555 τῆς
3071 5481 3444 5549 κουστωδίας
3473 5482 3687 5538 ἐλθόν-
