3842 6432
95 283 189 344 653

1016 297 1082 352 ΙΝ
1122 299 1400 356 CHRISTI
1431 301 2076 364 RESURRECTIONEM
2103 307 2308 364 ORAT.
2342 309 2404 363 ll.

3261 305 3360 362 634

94 417 183 496 τες
209 400 304 467 εὶς
333 401 450 496 την
485 405 699 472 πόλιν,
731 409 1107 482 ἀπήγγειλαν
1139 417 1265 483 τοῖς
1292 419 1676 490 ἀρχιερεῦσιν

1786 426 1988 496 inquit,
2041 435 2099 481 ut
2131 426 2389 480 mandata
2434 423 2705 480 referrent
2732 422 3048 494 discipulis,
3082 438 3200 477 ecce
3240 422 3377 493 qui--

93 492 326 546 ἅπαντα
354 493 426 549 τὰ
463 501 773 569 γενόμενα.
813 504 926 558 Καὶ
953 510 1363 578 συναχθέντες
1385 514 1538 582 μετὰ
1561 513 1682 569 τῶν

93 585 538 677 πρεσϐυτέρων,
567 595 952 662 ,συμϐούλιόν
990 616 1054 653 τε
1078 603 1401 669 λαϐόντες,
1431 607 1682 677 ἀργύρια

94 677 262 731 ἱκανὰ
285 676 525 734 ἔδωκαν
555 685 679 750 τοῖς
702 687 1090 759 στρατιώταις
1116 693 1400 765 λέγοντες
1418 715 1432 729 ο
1455 676 1681 754 Εἴπατε

93 767 172 820 ὅτι
209 769 271 821 οἱ
305 774 565 840 μαθηταὶ
594 777 786 833 αὐτοῦ
831 782 1053 850 νυκτὸς
1099 785 1380 855 ἐλθόντες
1408 790 1681 860 ἔκλεψαν

90 861 272 918 αὐτὸν
313 865 489 935 ἡμῶν
514 870 912 940 κοιιαυμέιοοψ,
938 878 1039 931 καί
1062 877 1172 934 ἐὰν
1196 881 1474 952 ἀκουσθῇ
1501 883 1680 938 τοῦτο

89 956 176 1008 ἐπὶ
210 957 323 1012 τοῦ
363 958 660 1030 ἡγεμόνος
687 1003 703 1027 ,
750 967 922 1036 ἡμεῖς
972 972 1264 1042 πείσομεν
1305 975 1531 1036 αὐτὸν,
1580 976 1680 1030 καὶ

93 1045 237 1115 ὑμᾶς
285 1049 655 1121 ἀμερίμνους
699 1058 1036 1130 ποιήσομεν
1077 1080 1089 1094 ·
1154 1067 1210 1118 ol
1273 1064 1342 1118 δὲ
1389 1068 1681 1136 λαϐόντες

92 1139 151 1190 τὰ
171 1139 454 1209 ἀργύρια.
489 1143 792 1216 ἐποίησαν
829 1152 910 1218 ὡς
950 1153 1395 1226 ἐδιδάχθησαν,
1452 1160 1551 1214 καί
1593 1160 1683 1214 δι-

95 1234 399 1331 εξημίσθη
439 1239 475 1290 ό
523 1241 706 1310 λόγος
735 1239 918 1313 οὗτος
971 1247 1133 1318 παρὰ
1171 1251 1480 1322 Ἰουδαίοις
1502 1256 1681 1326 μέχρι

96 1325 191 1390 τῆς
227 1325 523 1398 σήμερον.

164 1501 232 1556 Ἦ
267 1503 369 1574 μὲν
401 1501 495 1561 οὖν
517 1508 651 1581 άλλη
682 1512 870 1584 Μαρία
893 1516 1120 1588 (ταύτην
1158 1517 1214 1572 δὲ
1251 1515 1390 1575 εἶναι
1422 1521 1521 1593 τὴν
1545 1521 1681 1577 Θεο-

92 1595 242 1688 itSro
273 1599 553 1654 πιστεύειν
587 1604 896 1670 ἀκόλουθον,
939 1609 1020 1664 ὅτι
1075 1613 1208 1683 μηδὲ
1252 1614 1550 1688 ἀπελείφθη
1582 1617 1678 1671 τοῦ

94 1686 292 1751 πάθους
315 1730 330 1751 ,
361 1691 478 1780 ἀλλέ
508 1693 695 1750 ἵστατο
739 1699 889 1770 παρά
923 1701 1000 1772 τῷ
1027 1704 1278 1776 σταυρῷ,
1308 1704 1385 1771 ώς
1427 1686 1678 1780 Ἰωάννης

92 1781 375 1853 ἱστόρησεν
402 1824 417 1848 ,
528 1787 622 1840 καὶ
651 1787 857 1861 ἔπρεπε
887 1792 956 1846 τὰ
983 1796 1083 1864 τῆς
1115 1797 1290 1866 χαράς
1321 1799 1675 1868 εὐαγγελίσα-

1779 1813 2031 1865 crucem,
2086 1807 2147 1853 ut
2189 1795 2427 1852 Joannes
2478 1795 2756 1852 memoriae
2812 1792 3128 1864 prodidit",

93 1873 230 1938 σθαι,
257 1877 388 1951 ῥίζῃ
414 1879 514 1949 τῆς
553 1883 728 1952 χαρᾶς
757 1881 916 1956 οὔσῃ,
952 1886 1047 1940 καὶ
1074 1887 1255 1952 καλῶς
1284 1891 1566 1965 ἀκουσάσῃ
1591 1891 1673 1956 τὸ,

90 1967 262 2036 Χαῖρε
284 2011 301 2033 ,
359 1975 799 2045 κεχαριτωμένη
824 2019 840 2042 ,
875 1983 910 2034 ό
941 1981 1158 2049 Κύριος
1205 1985 1358 2054 μετὰ
1401 1984 1584 2056 σοῦ),
1618 1987 1678 2040 τὸ

90 2061 418 2134 πρόσταγμα
466 2063 562 2119 τοῦ
603 2069 811 2140 Κυρίου
865 2071 1148 2144 πληροῦσα
1172 2115 1186 2140 ,
1239 2078 1352 2136 τοῖς
1409 2077 1678 2147 μαθηταῖς

90 2153 304 2216 πάντως
329 2156 686 2229 ἀπήγγειλεν.
728 2163 804 2218 Οὐ
851 2163 960 2236 γὰρ
983 2161 1052 2236 ἦν
1086 2165 1244 2239 θέμις
1281 2167 1356 2240 μὴ
1385 2168 1675 2240 πληρωθῆ-

89 2264 171 2299 ναι
203 2248 268 2300 τὸ
295 2248 442 2303 οὕτω
488 2252 668 2322 σοφῶς
699 2256 1056 2328 οἱκονομηθέν
1087 2277 1149 2312 τε
1183 2260 1277 2314 καὶ
1317 2263 1676 2334 προσταχθὲν,

90 2341 133 2393 εξ
185 2341 285 2394 καλ⁸
333 2344 645 2414 ἠπίστησαν
680 2348 728 2400 oi
765 2349 1118 2416 ἀκούσαντες.
1165 2353 1319 2406 Ἐπεὶ
1349 2355 1445 2408 καὶ
1486 2355 1677 2410 ἕπεται

90 2434 245 2487 τοῦτο
280 2435 544 2499 πολλάκις
586 2440 650 2508 τῇ
684 2439 792 2492 τῶν
835 2441 1330 2514 ἀπαγγελλομένων
1386 2445 1678 2516 θαυμάτων

91 2524 386 2596 ὑπερϐολῇ.
419 2525 492 2578 Οὐ
517 2526 627 2598 γὰρ
654 2526 720 2581 ἂν
747 2529 911 2600 ἀργοί⁵
942 2530 1239 2601 διέμειναν,
1260 2536 1306 2586 εί
1328 2533 1674 2588 ἐπίστευσαν.

100 2616 158 2668 Ἡ
199 2615 261 2668 δὲ
291 2617 629 2689 Μαγδαληνὴ
680 2623 1133 2694 συμπορευομένῃ
1168 2626 1233 2696 τῇ
1269 2623 1516 2696 Θεοτὸκῳ
1541 2666 1554 2686 ,
1584 2627 1677 2680 καὶ

89 2707 222 2777 πρὸς
251 2707 354 2778 τὴν
380 2709 721 2779 ἀπαγγελίαν
734 2713 940 2782 ὁμοίως
967 2715 1294 2788 ἐπειγομένη
1315 2756 1331 2778 ,
1362 2716 1596 2770 πέπονθέ
1622 2734 1676 2770 τι

87 2800 176 2852 καὶ
207 2798 552 2870 ἀνθρώπινον
578 2820 590 2832 ·
621 2803 714 2860 καὶ
751 2803 940 2876 ὥσπερ
979 2807 1009 2860 ὁ
1041 2805 1247 2878 Πέτρος
1286 2806 1392 2862 ὑπὸ
1439 2807 1675 2880 Ἡρώδου

91 2891 450 2963 συλληφθεὶς,
481 2893 576 2947 καὶ
606 2893 702 2951 ,διὰ
737 2895 835 2949 τοῦ
869 2897 1105 2966 ἀγγέλου
1155 2899 1261 2952 τῶν
1295 2899 1539 2954 ἁλύσεων
1584 2901 1680 2954 λυ-

89 2984 196 3048 θεὶς
223 2985 575 3055 αὐτομάτως,
598 2987 693 3041 καὶ
722 2987 824 3058 τῆς
849 2989 1100 3060 φυλακῆς
1127 2990 1234 3056 ἔξω
1261 2993 1676 3064 γενόμενος,καὶ

86 3077 315 3132 ἐπιπολὺ
345 3077 607 3148 βαδίσας,
641 3081 719 3144 ώς
765 3083 860 3135 καὶ
915 3081 1014 3152 τὴν
1078 3083 1179 3154 τῆς
1236 3085 1444 3149 πόλεως
1500 3087 1676 3156 πύλην

1781 518 1907 571 dam
1941 515 2008 570 de
2032 517 2276 570 custodia
2318 517 2372 569 in
2400 515 2579 570 urbem
2613 525 2881 578 venerunt,
2934 532 2997 569 ac
3029 515 3363 569 renuntiave-

1783 617 1904 661 runt
1936 605 2261 677 principibus
2289 603 2623 661 sacerdotum
2653 607 2853 666 omnia,
2885 620 3002 674 quae
3031 604 3357 662 acciderant.

1782 703 1951 769 Atque
1982 697 2063 752 illi
2088 698 2280 761 coacti,
2311 713 2518 766 unaque
2548 712 2663 750 cum
2691 697 2987 751 senioribus
3017 695 3198 750 habito
3232 711 3360 750 con-

1780 790 1905 843 silio
1931 789 2064 845 satis
2095 805 2349 858 magnam
2380 787 2655 856 pecuniam
2685 786 2939 840 dederunt
2983 786 3244 840 militibus
3274 785 3359 839 di-

1780 890 1951 936 centes
1983 895 2002 933 :
2031 879 2220 942 Dicite,
2274 879 2412 951 quod
2447 878 2697 948 discipuli
2751 877 2866 947 ejus
2919 888 3067 932 nocte
3103 878 3356 937 uenerint,

1779 983 1831 1028 et
1882 971 2239 1042 subripuerint
2283 987 2402 1026 eum
2442 971 2585 1026 vobis
2624 967 3023 1032 dormientibus.
3064 968 3134 1022 Et
3165 968 3214 1021 si
3261 969 3358 1021 hoc

1779 1064 2012 1120 delatum
2045 1063 2204 1133 fuerit
2247 1063 2314 1117 ad
2351 1065 2652 1130 prwsidem,
2699 1077 2794 1114 nos
2826 1058 3258 1128 persuadebimus
3285 1059 3356 1126 ei,

1778 1164 1828 1209 ct
1853 1171 1940 1208 vos
1968 1170 2181 1208 securos
2210 1151 2510 1206 reddemus.
2545 1150 2637 1204 Illi
2661 1161 2839 1205 autem
2871 1158 3085 1218 accepta
3113 1149 3355 1217 pecunia,

1779 1246 2013 1315 fecerunt
2058 1243 2499 1316 quemadmodum
2537 1253 2691 1298 erant
2716 1243 2890 1297 edocti
2916 1259 2935 1298 :
2959 1254 3008 1297 et
3053 1243 3356 1312 divulgatus

1777 1350 1854 1394 est
1904 1340 1987 1393 hic
2051 1355 2234 1393 rumor
2282 1337 2421 1406 apud
2461 1334 2681 1392 Judwos
2732 1351 2895 1408 usque
2942 1337 3000 1389 in
3047 1334 3356 1390 hodiernum

1778 1432 1916 1486 diem
1943 1433 1984 1487 ⁸.

1848 1525 2030 1595 Atque
2059 1523 2231 1578 altera
2264 1521 2484 1592 quidem
2529 1518 2699 1573 Maria
2735 1519 2898 1591 (hanc
2927 1525 3112 1574 autem
3147 1516 3348 1588 Deipa-

1777 1630 1896 1670 ram
1949 1614 2124 1670 fuisse
2171 1613 2397 1669 credere
2441 1621 2875 1668 consentaneum
2921 1619 3006 1666 est
3047 1609 3353 1679 :quoniam

1779 1722 1883 1762 nec
1933 1721 1964 1760 a
2015 1705 2272 1777 passione
2319 1703 2541 1775 quidem
2593 1704 2790 1768 abfuit,
2843 1702 2938 1757 sed
2999 1701 3356 1770 stabatjuxta

3189 1807 3355 1862 quam

1775 1891 1940 1946 etiam
1992 1889 2223 1944 decebat
2268 1902 2355 1951 ea,
2404 1901 2526 1958 quae
2577 1887 2643 1940 ad
2681 1885 2939 1956 gaudium
2987 1883 3354 1953 pertinebant,

1777 1979 2130 2044 annuutiare,
2163 1987 2225 2033 ut
2248 1993 2372 2050 quae
2401 1978 2557 2033 radix
2593 1976 2780 2048 gaudii
2807 1985 2977 2041 esset,
3010 1989 3074 2028 ac
3095 1973 3358 2044 praeclare

1777 2072 2082 2128 audivisset
2121 2071 2276 2134 illud,
2327 2070 2457 2135 Ave,
2509 2071 2686 2139 gratia
2734 2067 2910 2137 plena,
2970 2067 3227 2120 Dominus
3280 2073 3356 2117 te»-

1779 2175 1896 2212 cum
1917 2158 2004 2230 ⁶),
2071 2157 2393 2213 mandatum
2441 2157 2657 2213 Domini
2709 2171 3021 2228 exsequens
3067 2154 3358 2225 discipulis

1777 2252 2004 2305 omnino
2049 2252 2325 2321 exposuit.
2362 2247 2483 2304 Non
2534 2249 2681 2305 enim
2737 2248 2822 2304 fas
2873 2257 2992 2304 erat
3025 2264 3138 2304 non
3179 2247 3356 2301 adim-

1777 2343 1914 2414 pleri
1966 2342 2042 2406 id,
2087 2343 2235 2414 quod
2281 2343 2352 2397 ita
2391 2345 2544 2399 clare
2592 2343 2950 2414 dispositum,
3002 2341 3360 2396 administra-

1777 2444 1916 2500 tum,
1965 2444 2021 2490 et
2065 2445 2394 2507 praeceptum
2453 2444 2592 2504 erat,
2648 2437 2867 2492 tametsi
2913 2450 3025 2490 non
3070 2433 3360 2490 crederent

1777 2529 1872 2598 qui
1923 2529 2238 2584 audiebant.
2281 2528 2551 2594 Quoniam
2598 2529 2704 2584 hoc
2745 2543 2964 2598 quoque
3015 2541 3161 2596 smpe
3212 2525 3360 2580 acci—

1777 2605 1906 2678 dere
1952 2623 2114 2684 solet,
2136 2621 2266 2676 dum
2309 2622 2575 2676 immensa
2623 2621 2886 2676 miracula
2929 2619 3356 2673 annuntiantur.

1777 2709 1965 2781 Neque
1989 2711 2135 2765 enim
2171 2712 2334 2766 otiosi
2382 2711 2842 2780 permansissent,
2879 2711 2926 2766 si
2975 2708 3357 2765 credidissent.

1778 2805 1850 2858 At
1873 2804 2208 2876 Magdaleme
2239 2820 2347 2859 una
2382 2819 2508 2858 cum
2539 2803 2773 2874 Deipara
2812 2803 3036 2858 abeunti
3075 2811 3131 2856 et
3169 2802 3361 2855 simili-

1779 2904 1862 2950 ter
1903 2897 1968 2950 ad
2019 2897 2459 2950 annuutiamlum
2508 2895 2822 2965 properanti
2860 2894 3060 2949 accidit
3099 2892 3358 2964 quiddam

1779 3003 1932 3044 more
1972 2989 2212 3043 humano
2241 3008 2253 3043 :
2281 2998 2337 3043 et
2387 2987 2846 3058 quemadmodum
2897 2985 3091 3040 Petrus
3142 2984 3210 3038 ab
3255 2982 3361 3037 lle-

1778 3083 1913 3136 rode
1941 3082 2402 3151 comprehensus,
2431 3089 2486 3134 et
2528 3094 2626 3150 per
2660 3079 2914 3151 angelum
2963 3076 3165 3131 solutis
3210 3076 3360 3130 ultro

84 3171 312 3227 διελθεῖν
335 3211 349 3237 ,
378 3172 578 3245 ἀληθὲς
610 3175 710 3228 οὐκ
734 3173 872 3245 ᾤετο
902 3175 963 3230 τὸ
987 3176 1270 3247 γινόμενον
1295 3217 1309 3243 ,
1343 3178 1460 3233 ἀλλ’
1493 3178 1673 3248 ἐνόμι-

1779 3172 1992 3227 catenis
2051 3186 2118 3226 ex
2165 3170 2419 3226 custodia
2468 3171 2724 3234 eductus,
2786 3169 3132 3238 multumque
3195 3165 3356 3236 spatii

86 3266 173 3328 ξεν
216 3265 409 3336 ὅραμα
450 3265 670 3336 βλέπειν
695 3284 709 3298 ·
744 3266 885 3322 οὕτω
918 3269 1012 3322 καὶ
1049 3269 1188 3340 αὕτη
1228 3270 1324 3342 τὴν
1372 3271 1676 3342 ὑπερϐολὴν

83 3352 173 3406 τοῦ
223 3352 508 3424 θαύματος
531 3355 700 3409 οἱονεὶ
737 3355 966 3428 ἄκαιρόν
998 3373 1119 3410 τινα
1167 3356 1496 3429 λογισαμὲνη
1517 3399 1532 3422 ,
1582 3359 1678 3412 καὶ

87 3446 198 3514 ἅμα
260 3444 374 3498 τῶν
426 3443 685 3514 φυλάκων
733 3445 1152 3515 ὲπιφθασάντων
1206 3446 1298 3499 κα)⁸
1353 3445 1676 3517 ἀρξαμένων

86 3533 223 3602 μετά
248 3531 362 3586 τῶν
389 3533 694 3604 ἀρχιερέων
730 3535 832 3605 τὴν
863 3535 1231 3605 συκοφαντίαν
1259 3535 1504 3604 ὑφαίνειν
1537 3535 1676 3590 κατὰ

82 3627 178 3695 τῆς
210 3625 565 3689 ἀναστάσεως
585 3644 598 3656 ·
629 3627 930 3698 αἰσθομένη
970 3628 1188 3690 πάντως
1239 3627 1479 3682 τοιούτου
1533 3629 1677 3693 τινὸς

81 3717 602 3790 ὲπιψιθυριζομένου
629 3761 644 3782 ,
683 3719 812 3783 τοὺς
861 3721 960 3792 τῆς
988 3721 1317 3792 ἀμφιϐολίας
1347 3719 1677 3794 παρεδέξατο

81 3811 379 3880 λογισμοὺς
398 3853 414 3875 ,
446 3811 541 3865 καὶ
562 3811 663 3879 τῆς
681 3811 1022 3880 ἀπαγγελίας
1053 3813 1424 3885 ὀλιγωρήσας,
1457 3813 1552 3866 καὶ
1579 3811 1674 3866 τοῦ

83 3903 359 3974 σωτηρίου
413 3905 872 3976 προστάγματος,
927 3905 1064 3976 πρὸς
1108 3907 1199 3958 τὸν
1261 3905 1428 3975 τάφον
1477 3904 1675 3976 ἐχώρει

84 3995 265 4064 πρωῒ,
304 3996 560 4061 σκοτίας
609 3997 694 4050 ἑτι
751 3997 944 4064 οὔσης
980 4039 994 4061 ,
1051 3997 1130 4059 ὡς
1180 3997 1433 4067 Ἰωάννης
1487 3997 1674 4067 φησίν.

84 4091 296 4159 Ὠσπερ
346 4087 459 4160 γὰρ
507 4089 888 4161 συνεχώρησεν
937 4092 968 4144 ὁ
1002 4089 1206 4161 Κύριος
1251 4089 1342 4143 τὸν
1375 4090 1577 4160 Θωμᾶν
1615 4090 1676 4158 ἐξ

80 4181 341 4244 ἀπιστίας
369 4181 576 4244 εἰπεῖν,
631 4181 772 4235 Ἐὰν
800 4180 887 4250 μὴ
924 4181 1028 4235 ιδω
1053 4182 1122 4235 ὲν
1145 4182 1274 4248 ταῖς
1313 4183 1526 4250 χερσίν
1565 4185 1674 4236 αὺ-

80 4273 186 4328 τοῦ
210 4273 321 4326 τὸν
345 4273 542 4326 τύπον
565 4271 684 4327 τῶν
709 4271 898 4339 ἥλων,
919 4271 1018 4326 καὶ
1039 4271 1215 4336 ,ϐάλω
1241 4273 1350 4327 τὸν
1370 4275 1678 4329 δάκτυλόν

75 4383 195 4433 μου
213 4367 304 4432 είς
327 4363 439 4417 τὸν
477 4365 672 4418 τύπον
694 4363 812 4417 τῶν
837 4364 1024 4432 ἥλων,
1052 4365 1151 4417 καὶ
1167 4365 1340 4429 βάλω
1366 4365 1482 4435 τὴν
1508 4366 1678 4437 χεῖρά

75 4472 194 4523 μου
221 4455 313 4519 είς
335 4452 452 4520 τὴν
477 4454 747 4520 πλευρὰν
775 4453 986 4515 αὑτοῦ,
1017 4455 1089 4507 οὐ
1111 4453 1198 4524 μὴ
1228 4455 1552 4510 πιστεύσω·
1584 4456 1676 4510 καὶ

79 4547 166 4600 διὰ
191 4547 293 4617 τῆς
315 4546 526 4609 ἐκείνου
558 4545 1014 4616 πολυπράγμονος
1037 4547 1294 4610 ἀπιστίας
1317 4548 1410 4600 καὶ
1434 4550 1670 4620 ἐπαφῆς,

79 4640 240 4708 ἡμεῖς
273 4640 356 4701 είς
390 4639 491 4708 τὴν
545 4638 729 4690 πίστιν
783 4637 1196 4710 ἐϐεϐαιώθημεν
1223 4679 1238 4704 ,
1290 4641 1347 4692 ἐν
1457 4640 1673 4712 σώματι

81 4731 355 4785 πέπονθεν
375 4771 390 4794 ,
429 4733 488 4783 ὲν
514 4732 662 4802 αὐτῷ
692 4733 786 4785 καὶ
835 4731 1135 4804 ἐγηγέρθαι
1167 4733 1554 4799 πιστεύσαντες
1583 4737 1676 4789 τὸν

93 4823 479 4894 Ἐμμανουήλ,
513 4826 640 4887 τοὺς
670 4827 770 4895 τῆς
797 4824 1070 4896 δοκήσεως
1097 4824 1298 4896 μύθους
1341 4828 1673 4898 ἀποπεμψά-

83 4933 263 4988 μενοι·
292 4916 385 4970 τὸν
410 4916 572 4970 αὐτὸν
595 4918 794 4988 τρόπον
821 4921 915 4971 καὶ
937 4919 1036 4989 τὴν
1062 4921 1426 4992 Μαγδαληνὴν
1454 4923 1674 4993 Μαρίαν

80 5010 216 5077 πρὸς
271 5009 534 5072 ἀπιστίας
567 5011 1014 5081 ὑπονοστήσασαν
1041 5051 1056 5075 ,
1106 5013 1203 5066 καὶ
1257 5014 1675 5086 μεγαλευχερῶς

80 5102 236 5156 τοῦτο
271 5101 554 5156 παθοῦσαν
584 5103 724 5172 (οὐκ
755 5103 949 5176 ἄδηλον
985 5105 1089 5178 γὰρ
1129 5104 1190 5158 τὺ
1217 5106 1317 5177 τῆς
1360 5106 1676 5174 γυναικείας

80 5194 360 5248 εὐόλισθον
412 5193 706 5266 φύσεως),
760 5196 1055 5268 συνεχώρει
1100 5197 1187 5250 διὰ
1221 5199 1321 5268 τῆς
1377 5198 1670 5270 περιέργου

81 5286 410 5357 ζητήσεως,
468 5285 787 5355 πιστότερον
835 5285 1174 5357 ἐργάσασθαι
1225 5285 1286 5338 τὸ
1345 5285 1527 5356 θαῦμα
1571 5285 1674 5354 τῆς

81 5378 474 5441 ἀναστάσεως,
528 5377 765 5442 πίστεως
825 5379 1071 5449 ὑπάρχον
1133 5379 1276 5452 πέρα
1323 5380 1417 5432 καί⁵
1471 5379 1673 5442 παντὸς

80 5471 370 5543 λογισμοῦ.
399 5472 512 5524 Καὶ
539 5470 679 5541 μετὰ
717 5469 891 5524 ταῦτα
937 5471 1036 5541 τῆς
1083 5470 1386 5541 ἀμφιϐόλου
1435 5471 1672 5533 διανοίας

80 5564 315 5618 ἐλθοῦσα
339 5605 354 5631 ,
385 5564 479 5618 καὶ
512 5562 692 5616 ἰδοῦσα
729 5563 888 5635 μόνον
919 5563 1012 5616 τὸν
1047 5562 1193 5616 λίθον
1239 5563 1673 5618 ἀποκυλισθέντα

150 5749 173 5776 ⁵
202 5741 396 5800 Matth.
427 5758 622 5810 xxvm,
660 5743 843 5800 11-15.
921 5746 940 5778 ⁵
965 5743 1120 5801 Joan.
1184 5760 1296 5813 XIX,
1321 5744 1392 5801 9.5

1708 4511 1752 4567 Ι)

1779 3276 2130 3332 progressus,
2177 3277 2288 3332 quo
2319 3263 2385 3316 ad
2421 3271 2634 3333 portam
2666 3275 2885 3332 quoque
2912 3260 3068 3316 urbis
3108 3259 3361 3314 lransiis~

1780 3365 1885 3416 sel,
1937 3370 2047 3408 non
2095 3354 2322 3424 putabat
2354 3369 2544 3409 verum
2585 3368 2708 3408 esse
2741 3350 2889 3422 quod
2932 3351 3214 3422 agebatur,
3261 3349 3360 3406 sed

1779 3443 2044 3500 visionem
2098 3459 2158 3500 se
2213 3444 2400 3500 videre
2451 3445 2803 3501 existimabat
2844 3444 2966 3499 :ita
3023 3445 3188 3499 etiam
3242 3443 3360 3498 haec

1777 3552 1902 3591 cum
1939 3538 2315 3593 excellentiam
2367 3538 2619 3592 miraculi
2670 3537 2837 3594 veluti
2883 3537 3257 3608 importunum
3305 3543 3362 3591 et

1779 3631 2221 3701 intempestivum
2258 3629 2512 3700 quiddam
2555 3646 2678 3686 esse
2721 3637 3024 3700 reputaret,
3070 3636 3124 3684 et
3165 3629 3356 3690 simul,

1780 3730 2140 3794 posteaquam
2179 3724 2438 3778 custodes
2483 3723 2932 3784 antevertissent,
2968 3730 3178 3776 etcum
3218 3735 3358 3790 pon-

1779 3815 2020 3870 tilicibus
2053 3815 2355 3885 cmpisseut
2393 3823 2582 3870 texere
2611 3813 2944 3868 calumniam
2978 3812 3242 3866 adversus
3275 3827 3366 3864 re-

1779 3906 2204 3967 surrectionem,
2247 3922 2478 3976 prorsus
2517 3907 2626 3960 tale
2669 3905 2928 3975 quiddam
2976 3903 3360 3959 subsusnrrari

1778 3997 2071 4060 sensisset,
2107 3995 2484 4066 ambiguitatis
2515 4011 2579 4051 ac
2604 3995 2964 4050 dubitationis
2994 3994 3360 4064 cogitationes

1779 4089 2002 4144 admisit
2033 4107 2049 4143 :
2078 4073 2438 4158 neglectaque
2469 4088 2878 4142 renuntiatione
2917 4094 3084 4156 atque
3127 4085 3361 4140 salutari

1779 4181 2058 4246 mandato,
2093 4181 2160 4234 ad
2194 4181 2508 4250 sepulcrum
2535 4179 2794 4234 tendebat
2821 4194 3004 4242 mane,
3031 4175 3164 4230 Cum
3187 4175 3359 4230 adhuc

1781 4272 2004 4327 tenebrae
2055 4280 2248 4335 essent,
2307 4278 2364 4324 ut
2405 4268 2648 4324 Joannes
2700 4269 2837 4322 ait’.
2883 4265 3359 4333 Quemadmodum

1778 4367 1924 4423 enim
1958 4365 2211 4435 permisit
2255 4362 2547 4426 Dominus,
2593 4370 2653 4415 ut
2679 4376 2744 4415 ex
2782 4359 3179 4414 incredulitate
3211 4357 3361 4413 Tho-

1779 4476 1897 4514 mas
1929 4460 2164 4519 diceret,
2208 4456 2334 4511 Nisi
2369 4456 2542 4510 videro
2579 4458 2634 4508 in
2663 4453 2910 4508 manibus
2935 4453 3048 4523 ejus
3085 4453 3361 4523 vestigium

1777 4554 2068 4614 clavorum,
2116 4562 2166 4605 et
2221 4552 2431 4604 mittam
2479 4549 2704 4619 digitum
2759 4565 2930 4602 meum
2983 4549 3036 4600 in
3089 4547 3362 4616 vestigium

1777 4647 2068 4706 clavorum,
2104 4645 2312 4696 mittam
2345 4644 2469 4695 item
2502 4657 2718 4694 manum
2749 4657 2919 4694 meam
2956 4641 3007 4692 in
3041 4640 3182 4693 latus
3222 4639 3360 4708 ejus,

1778 4753 1882 4790 non
1927 4734 2180 4788 credam"
2215 4751 2228 4787 :
2262 4749 2324 4788 ac
2361 4749 2457 4803 per
2490 4734 2773 4788 curiosam
2816 4732 2963 4785 illius
3004 4730 3364 4784 increduli-ta-

1777 4837 1888 4885 tem
1927 4837 1982 4882 et
2011 4826 2529 4890 contrectationem,
2569 4841 2674 4880 nos
2712 4825 2766 4878 in
2798 4840 2918 4879 eam
2959 4823 3120 4878 ﬁdem
3151 4822 3359 4877 conlir-
3389 4873 3400 4884 ,

1779 4921 1913 4974 mati
1965 4935 2180 4985 sumus,
2228 4927 2289 4972 ut
2328 4919 2550 4974 omissis
2606 4918 2934 4988 opinionum
2981 4932 3046 4970 ac
3089 4915 3362 4987 suspicio-

1778 5029 1908 5067 num
1943 5013 2168 5077 fabulis,
2205 5027 2314 5083 quo
2347 5026 2580 5080 corpore
2608 5027 2810 5080 passus
2835 5019 2939 5075 est,
2975 5010 3168 5066 eodem
3193 5008 3357 5064 etiam

1781 5105 2176 5160 resuscitatum
2213 5117 2338 5158 esse
2365 5103 2658 5156 credamus
2686 5101 3095 5155 Emmanuelem
3128 5099 3359 5154 :eodem

1777 5198 1941 5250 modo
1977 5195 2202 5248 Mariam
2254 5210 2476 5266 quoque
2524 5193 2898 5265 Magdalenam
2945 5193 3014 5247 ad
3057 5192 3362 5247 increduli-

1775 5296 1944 5344 tatem
1981 5305 2286 5352 reversam,
2337 5304 2462 5343 cum
2503 5289 2609 5342 hoc
2639 5287 2808 5343 etiam
2857 5285 3076 5342 facilius
3124 5285 3175 5342 ei
3214 5284 3360 5340 acci-

1775 5381 1950 5436 disset
1986 5383 2116 5449 (non
2142 5381 2327 5451 ignota
2366 5391 2451 5436 est
2481 5380 2628 5434 enim
2659 5378 2946 5434 muliebris
2980 5393 3148 5433 sexus
3186 5377 3358 5447 fragi-

1779 5473 1908 5527 litas
1947 5484 2000 5528 et
2038 5472 2278 5528 facilitas
2312 5473 2380 5528 ad
2426 5471 2688 5543 lapsum),
2727 5485 2824 5541 per
2855 5469 3130 5525 curiosam
3172 5478 3223 5525 et
3259 5485 3359 5523 su-

1784 5581 2112 5636 pervacuam
2155 5567 2595 5638 inquisitionem,
2634 5564 2960 5619 miraculum
2994 5566 3358 5621 resurrectio-

1491 5744 1510 5775 °
1542 5743 1673 5804 Luc.
1702 5759 1741 5815 ι,
1771 5744 1861 5803 9.8.
1940 5744 2150 5823 7_Joan.
2190 5764 2280 5817 xx,
2317 5747 2369 5805 1.
2445 5749 2466 5780 ⁸
2497 5745 2628 5804 ibid.
2673 5746 2763 5802 25.
