3842 6404
470 218 579 279 635

1718 227 1776 284 s.
1813 213 2145 285 casconn
2184 231 2482 291 nrssm

3600 233 3722 290 6'58

461 341 574 408 nis,
611 342 756 413 quod
793 357 1008 398 omnem
1060 343 1219 400 ﬁdem
1265 343 1760 416 cogitationemque
1805 359 2029 418 superat

2154 353 2230 422 πῆς
2263 353 2433 426 θύρας
2473 354 2566 408 τοῦ
2607 355 2887 426 μνήματος
2907 397 2922 415 ,
2950 353 3148 426 ὠμὴν
3177 355 3403 422 ἄγγελον
3444 354 3532 406 ἐπ’
3563 355 3719 426 αὐτῷ’

464 443 627 504 atque
646 433 886 498 excedit,
911 435 1469 492 credibiliuseﬁicere
1499 438 1873 506 permittebat.
1894 440 2030 494 Cum

467 525 568 580 hac
595 525 760 596 igitur
798 526 1050 596 ambigua
1078 536 1264 582 mente
1290 529 1584 592 accedens,
1629 544 1756 584 cum
1795 531 2031 602 lapidem

463 615 734 670 duntaxat
769 615 838 668 ab
877 615 1022 670 ostio
1052 619 1392 672 monumenti
1426 619 1732 673 revolutum
1769 619 2031 687 ,vidisset,

463 706 712 776 angelum
761 716 944 761 autem
994 721 1104 761 non
1145 709 1380 778 amplius
1428 725 1594 780 super
1636 725 1723 775 eo,
1773 719 1834 765 ut
1870 713 2034 781 paulo

465 805 612 862 ante,
658 797 968 864 sedentem;
1015 799 1084 854 ab
1131 800 1516 858 incredulitate
1568 803 1712 857 vinci
1768 818 1829 858 se
1869 819 2034 874 passa

464 895 570 954 est,
597 888 1041 960 imaginationem
1086 900 1142 946 et
1175 894 1562 948 alienationem
1599 895 1796 950 mentis
1828 910 1897 950 ex
1935 911 2031 964 pa-

2135 442 2385 513 καθάπερ
2414 445 2512 514 ἤδη
2547 446 2874 515 καθήμενον,
2897 444 3092 498 δέδωκε
3117 448 3184 516 τῇ
3216 445 3470 516 άπιστεία
3495 445 3557 498 τὸ
3586 462 3716 515 κρα-

2138 537 2250 587 τεῖν
2276 576 2291 599 ,
2349 535 2652 604 φαντασίαν
2697 535 2941 606 οἰηθεῖσα
2983 535 3083 606 τὴν
3121 535 3250 588 θέαν
3303 535 3397 589 καὶ
3434 535 3738 602 ἔκστασιν,

2135 625 2230 677 καὶ
2261 625 2359 695 οὐχ
2404 625 2480 688 ὡς
2529 625 2742 697 ἀληθῆ,
2784 625 2900 678 ἀλλ’
2927 626 3003 690 ὡς
3050 626 3256 696 ψευδῆο
3291 627 3383 679 καὶ
3429 626 3715 698 δραμοῦσα

2135 719 2272 786 πρὸς
2314 717 2405 771 τὸν
2430 717 2637 788 Πέτρον
2669 718 2764 771 καὶ
2799 718 2891 771 τὸν
2935 717 3090 772 ἄλλον
3125 718 3369 789 μαθητὴν
3393 759 3408 783 ,
3450 717 3512 771 ὃν
3543 719 3715 786 ἐφίλει

2148 807 2385 877 Ἰησοῦς,
2434 807 2563 861 ἐθόα
2599 808 2828 876 λέγουσα
2848 826 2860 838 ·
2893 804 3086 877 Ἦραν
3119 808 3229 862 τὸν
3266 810 3485 877 Κύριον
3511 810 3581 864 ἐκ
3607 811 3717 865 τοῦ

2129 894 2444 962 μνημείου,
2479 896 2576 949 καί
2590 898 2699 950 οὐκ
2733 893 2865 950 οἶδα
2897 897 3015 950 ποῦ
3045 898 3271 964 ἔθηκαν
3291 899 3496 951 αὐτόν.

464 999 598 1040 vere
649 987 934 1056 repentino
993 995 1333 1043 contractam
1399 991 1888 1046 esse-existimans
1939 990 2016 1055 id,
2087 990 2236 1060 quod
2303 991 2458 1061 prius
2488 991 2720 1056 viderat,
2766 992 2929 1062 idque
2975 1009 3084 1048 non
3113 1008 3212 1062 pro
3251 1009 3402 1055 vero,
3445 994 3544 1049 sed
3621 1010 3722 1064 pro

468 1077 873 1135 falso-ducebat
901 1099 915 1136 :
945 1096 1182 1153 cumque
1235 1085 1565 1139 accurrisset
1612 1086 1677 1140 ad
1719 1084 1944 1141 Petrum
1985 1095 2042 1141 et
2079 1086 2150 1140 ad
2199 1085 2368 1140 alium
2420 1087 2776 1156 discipulum,
2806 1103 2968 1157 quem
3019 1089 3280 1160 diligebat
3344 1087 3530 1155 Iesus,
3607 1091 3722 1144 cla-

469 1168 684 1232 mabat,
736 1169 923 1228 dicens
963 1171 1352 1227 :Sustulerunt
1407 1173 1687 1228 Dominum
1740 1191 1804 1229 ex
1862 1186 2216 1242 monumento,
2240 1186 2291 1231 et
2319 1179 2491 1231 nescio
2522 1177 2612 1230 ubi
2639 1179 2906 1246 posuerint
2945 1181 3124 1233 eum).

540 1258 708 1317 Vides
737 1262 884 1332 quod
919 1259 1044 1318 eum
1075 1279 1156 1318 ex.
1186 1265 1407 1336 iisquae
1437 1274 1560 1336 post
1590 1267 1908 1322 relationem
1939 1283 2038 1321 cu-

471 1355 690 1410 stodum
721 1365 890 1412 noctu
925 1359 1066 1429 apud
1091 1359 1312 1415 Judaeos
1339 1360 1574 1415 conﬁcta
1604 1371 1786 1425 erant,
1828 1359 2041 1430 aliquid

474 1446 580 1501 tale
627 1445 696 1502 ad
745 1461 910 1504 aures
951 1449 1072 1519 ejus
1105 1451 1467 1518 pervenisset,
1518 1458 1699 1505 mente
1747 1451 2036 1505 immutata

2221 1267 2383 1339 Ὁρᾷς
2419 1269 2495 1332 ὡς
2549 1270 2615 1322 ἐκ
2665 1269 2775 1321 τῶν
2811 1267 3271 1338 λογοποιηθέντων
3303 1270 3518 1341 νύκτωρ
3571 1273 3724 1340 παρά

2151 1359 2424 1423 Ἰουδαίοις
2453 1361 2589 1430 μετὰ
2633 1359 2730 1431 τὴν
2767 1359 2874 1412 τῶν
2904 1359 3158 1429 φυλάκων
3200 1360 3570 1432 παραγγελίαν
3627 1380 3725 1414 πε-

2144 1451 2511 1524 ριηχΙηθ]εῖσά
2551 1469 2604 1505 τι
2642 1454 2918 1520 τοιοῦτον,
2955 1452 3268 1524 παρηνέχθη
3304 1452 3396 1506 τὸν
3431 1453 3721 1522 λογισμόν*

471 1545 639 1609 atque
674 1539 972 1610 depravata
997 1550 1081 1596 est
1114 1559 1128 1596 :
1166 1555 1230 1596 ac
1267 1542 1474 1611 putavit
1506 1541 1854 1597 adversarios
1888 1541 2040 1594 tura-

2154 1544 2236 1596 ιιαὶ
2256 1542 2408 1613 ᾠήθη
2441 1545 2565 1606 τοὺς
2584 1544 2859 1607 ἐναντίους
2889 1543 3083 1612 κλέψαι
3110 1543 3170 1596 τὺ
3208 1542 3367 1612 σῶμα
3385 1542 3481 1596 τοῦ
3524 1542 3726 1612 Ἰησοῦ,

473 1639 562 1684 tos
590 1646 715 1686 esse
738 1646 942 1702 corpus
971 1629 1124 1695 Jesu,
1154 1640 1215 1684 nt
1248 1631 1452 1688 furtum
1488 1632 1567 1686 ἰηρ
1585 1631 1870 1702 apostolos
1905 1646 2041 1686 con—

474 1723 703 1778 ferrent.
741 1724 812 1777 At
845 1722 1040 1779 Petrus
1064 1733 1118 1778 et
1149 1722 1388 1780 Joannes
1428 1725 1550 1780 sine
1594 1739 1747 1778 mora
1789 1739 2045 1780 surrexe-

474 1822 641 1879 runt,
694 1822 752 1871 et
799 1815 866 1870 ad
924 1816 1240 1886 sepulcrum
1285 1825 1666 1872 cucurrerunt.
1731 1814 1850 1870 Non
1896 1816 2051 1872 enim

475 1921 677 1961 novum
727 1913 784 1962 et
839 1907 1183 1977 inepinatum
1231 1915 1353 1962 erat
1407 1907 1550 1977 quod
1599 1907 1908 1970 dicebatur,
1961 1915 2042 1972 ut,

474 1995 623 2066 quod
664 1997 733 2052 ad
779 1999 1239 2054 resurrectionem
1285 1998 1502 2060 attinet,
1539 1996 1696 2052 ﬁdem
1731 2013 1839 2051 non
1874 1997 2043 2052 liabe-

477 2098 599 2144 rent
629 2106 643 2143 :
673 2088 785 2143 imo
822 2103 950 2144 vero
983 2092 1148 2144 etiam
1187 2089 1448 2143 credibile
1479 2096 1531 2143 et
1572 2104 1680 2144 non
1715 2087 2046 2143 discordans

479 2188 536 2234 et
569 2179 809 2235 alienum
840 2187 960 2236 erat
985 2179 1250 2234 aymalitia
1276 2177 1524 2234 Iudaica.
1554 2177 1826 2250 lntrepide
1865 2189 2044 2234 autem

475 2279 540 2326 et.
565 2270 774 2340 absque
804 2278 952 2327 metu
984 2271 1040 2326 id
1093 2271 1349 2342 agebant,
1381 2286 1506 2326 cum
1548 2271 1828 2326 silentium
1875 2279 2043 2332 esset,

477 2362 722 2419 tenebris
761 2360 1012 2418 nondum
1064 2363 1355 2427 discussis,
1397 2361 1617 2433 Deoque
1673 2361 1925 2417 ﬁduciam
1967 2364 2048 2418 eis

480 2464 642 2524 atque
675 2454 844 2508 animi
885 2455 1234 2524 praesentiam
1276 2453 1752 2510 subministrante.
1786 2452 1892 2508 Sed
1923 2469 2046 2507 cum

477 2561 544 2602 eo
573 2545 875 2611 venissent,
920 2544 1215 2600 manifesta
1258 2555 1422 2616 atque
1448 2545 1723 2600 evidentia
1757 2545 1910 2616 signa
1963 2561 2048 2599 re-

479 2636 846 2693 surrectionis
878 2637 1229 2692 invenerunt.
1260 2635 1459 2692 Vident
1488 2637 1634 2692 enim
1680 2635 1737 2691 in
1787 2637 2049 2706 sepulcro

480 2728 798 2784 linteamina
828 2728 1106 2799 jacentia:
1153 2729 1302 2798 quod
1355 2742 1699 2798 nequaquam
1736 2729 2047 2792 accidisset,

481 2817 528 2873 si
579 2833 782 2889 corpus
819 2817 964 2874 furto
1013 2820 1289 2874 sublatum
1342 2817 1558 2874 luisset.
1611 2817 1854 2874 Primum
1901 2819 2056 2874 enim

2145 1636 2234 1688 ἵνα
2260 1634 2359 1705 τὴν
2388 1634 2594 1704 κλοπὴν
2617 1637 2730 1698 τοῖς
2760 1633 3077 1696 ἀποστόλοις
3101 1633 3492 1703 ὲπιφημίσωσι.
3527 1633 3676 1704 Πλὴν
3698 1635 3728 1685 ὀ

2145 1728 2350 1797 Πέτρος
2385 1727 2480 1780 καὶ
2523 1725 2772 1796 Ἰωάννης
2812 1725 3042 1795 ἑτοίμως
3073 1725 3428 1795 διανέστησαν
3451 1767 3468 1790 ,
3505 1726 3601 1778 καὶ
3635 1726 3727 1777 ἐπὶ

2143 1820 2235 1874 τὸν
2264 1818 2435 1888 τάφον
2466 1818 2719 1888 ἔδραμον.
2750 1817 2826 1870 Οὐ
2853 1816 2958 1888 γὰρ
2985 1812 3056 1887 ἦν
3081 1816 3379 1887 παράδοξον
3407 1815 3465 1869 τὸ
3496 1815 3731 1887 λεγόμεο

2145 1927 2234 1963 νον
2256 1951 2271 1975 ,
2319 1909 2386 1964 ἶν’
2417 1909 2494 1973 ὼς
2524 1910 2616 1962 ἐπὶ
2655 1907 2754 1979 τῆς
2780 1908 3130 1970 ἀναστάσεως
3161 1908 3506 1977 ἀπιστήσωσι
3531 1924 3546 1938 ·
3592 1907 3730 1977 μᾶλά

2145 2002 2235 2056 λον
2265 2002 2321 2055 δὲ
2362 2004 2456 2056 καὶ
2496 2002 2684 2054 πιστὸν
2731 2002 2827 2054 καὶ
2875 2002 2976 2054 οὐκ
3029 2000 3234 2071 ἀπᾷδον
3284 2001 3384 2069 τῆς
3427 2000 3730 2070 Ἰουδαϊκῆς

2145 2089 2500 2164 κακουργίας.
2538 2091 2778 2160 Ἀφόϐως
2801 2091 2859 2144 δέ
2896 2090 3054 2144 τοῦτο
3090 2090 3304 2142 ἐποίουν
3328 2129 3343 2154 ,
3379 2090 3472 2142 καὶ
3501 2089 3734 2159 ﬁculis;

2147 2186 2500 2259 ὑπαρχούσης
2554 2186 2648 2240 καὶ
2679 2186 2759 2239 ἔτι
2822 2185 3047 2248 σκότους
3093 2184 3279 2249 ὄντος,
3321 2185 3417 2237 καὶ
3462 2181 3603 2254 πρὸς
3635 2182 3746 2234 τοῦ

2146 2279 2281 2333 Θεοῦ
2337 2279 2402 2332 τὸ·
2452 2278 2672 2350 θαρρεῖν
2724 2276 2997 2339 λαόόντες.
3055 2275 3235 2329 Ἀλλὰ·
3273 2274 3521 2337 ἐλθόντες
3573 2269 3748 2345 εὗρον

2146 2371 2350 2442 ἐναργῆ
2404 2369 2472 2422 τά
2511 2370 2709 2439 σημεῖα
2735 2368 2834 2438 τῆς
2865 2366 3230 2427 ἀναστάσεως.
3277 2365 3472 2436 Ὀρῶσι
3517 2364 3631 2433 γὰρ
3678 2366 3737 2417 ἐν

2145 2461 2226 2535 τῷ
2261 2464 2504 2533 μνήματι
2529 2460 2596 2514 τὰ
2618 2461 2799 2514 ὀθόνια
2832 2460 3089 2530 κείμεναο
3118 2457 3278 2510 τοῦτο
3296 2458 3354 2510 δέ
3381 2458 3480 2510 ούκ
3510 2458 3576 2510 ἄν
3601 2474 3737 2509 ποτε

2148 2554 2364 2624 ἐγένετο
2389 2594 2402 2618 ,
2437 2553 2739 2616 κλαπέντος
2767 2551 2860 2605 τοῦ
2915 2549 3186 2622 σώματος.
3219 2548 3441 2620 Πρῶτον
3479 2547 3582 2618 μὲν
3623 2547 3740 2618 γὰρ

2147 2649 2261 2710 τοῖς
2291 2645 2550 2709 κλέπταις
2593 2643 2747 2714 φίλον
2795 2644 2856 2697 τὸ
2911 2642 3270 2696 λωποδυτεῖν·
3306 2640 3495 2694 ἔπειτα
3545 2640 3641 2703 δὲ,
3680 2640 3754 2691 ’ξδ’

2149 2735 2359 2807 ταχέως
2383 2737 2624 2806 ἐνεργεῖν
2647 2735 2785 2804 ἄγαν
2815 2733 2914 2806 τὴν
2937 2734 3172 2804 κλοπὴν,
3209 2732 3298 2786 ἵνα
3315 2731 3402 2803 ιμὴ
3433 2730 3756 2801 φωραθῶσιε

2150 2827 2246 2881 καὶ
2275 2825 2344 2880 τά
2370 2826 2624 2880 πάνδεινα
2665 2825 2896 2880 πάθωσι.
2928 2825 3064 2895 Περὶ
3110 2824 3167 2877 δὲ
3207 2823 3303 2877 τοῦ
3355 2823 3610 2894 σώματος
3641 2823 3744 2875 τοῦ

481 2907 695 2966 furibus
742 2925 862 2966 mos
898 2921 983 2966 est
1015 2920 1194 2967 vestes
1221 2910 1509 2967 detrahere
1553 2921 1714 2981 atque
1761 2912 1998 2981 spoliare
2032 2929 2048 2964 :

2162 2916 2337 2989 Ἰησοῦ
2366 2917 2639 2988 γέγραφεν
2665 2918 2694 2970 ό
2731 2917 2984 2984 Ἰωάννης
3006 2909 3108 2969 ὧδέ
3145 2933 3263 2978 πως
3282 2931 3295 2945 ·
3337 2914 3610 2982 Ἕδησαν
3637 2917 3760 2969 ab"

482 3003 680 3058 deinde
709 3002 1001 3057 admodum
1032 3003 1284 3057 celeriter.
1327 3003 1674 3058 committere
1715 3001 1945 3063 furtum,
1981 3017 2052 3056 ne

486 3097 542 3150 in
583 3098 704 3166 ipso
739 3095 983 3150 facinore
1031 3093 1364 3164 deprehensi.
1410 3095 1645 3162 pessime
1695 3095 2045 3150 mulctentur.

486 3184 562 3240 De
599 3201 833 3255 corpore
861 3192 1044 3239 autem
1076 3182 1204 3238 Jcsu
1253 3184 1314 3238 in
1337 3183 1481 3237 hunc
1511 3183 1624 3240 fere
1651 3185 1868 3238 modum
1909 3185 2051 3240 scri-

488 3279 597 3348 psit
624 3275 862 3331 Joannes
889 3293 905 3330 :
943 3275 1303 3330 Obvinxerunt
1333 3291 1451 3329 eum
1484 3275 1656 3328 linteis
1699 3292 1822 3328 cum
1844 3292 2056 3329 aroma-

489 3369 650 3431 tibus,
699 3378 854 3436 prout
885 3384 996 3420 mos
1027 3377 1140 3420 erat
1172 3366 1385 3421 Judwis
1427 3366 1644 3436 sepelire
1662 3367 1724 3421 ω.
1771 3367 2054 3433 Quomodo

490 3459 656 3528 igitur
691 3473 802 3512 non
835 3458 993 3512 multi
1023 3459 1226 3528 negotii
1259 3474 1346 3513 res
1375 3457 1682 3512 iurantibus
1710 3457 1903 3514 fuisset
1936 3459 2056 3512 vin-

491 3549 614 3603 cula
638 3549 872 3613 solvere,
902 3563 1215 3619 corpusque
1237 3549 1445 3603 nudare
1476 3548 1906 3614 linteaminibus,
1933 3564 2058 3619 qua:

487 3643 602 3711 jam
644 3642 1021 3705 adhaesissent.
1064 3650 1118 3698 et
1159 3642 1319 3698 facile
1365 3642 1525 3696 avelli
1583 3657 1690 3695 non
1725 3643 2056 3711 potuissent,

494 3748 557 3788 ac
581 3735 898 3804 priusquam
921 3733 1164 3789 detracta
1187 3742 1372 3789 essent
1391 3733 1814 3802 rumperentur?
1836 3732 2060 3788 Mistura

493 3827 639 3880 enim
673 3827 823 3882 aloes
841 3835 894 3881 et
930 3826 1184 3898 myrrhae,
1225 3840 1387 3896 quam
1413 3826 1674 3880 attulerat
1708 3824 2058 3893 Nicodemus,

494 3926 748 3974 conserta
779 3926 834 3974 et
870 3919 1146 3988 implicata
1179 3925 1354 3972 erant.
1385 3916 1527 3983 Quin
1557 3919 1719 3973 etiam
1754 3918 2058 3981 sudarium,

495 4011 638 4080 quod
675 4011 855 4067 fuerat
883 4010 940 4065 in
969 4010 1147 4080 capite
1177 4009 1318 4079 ejus,
1354 4025 1462 4063 non
1494 4024 1618 4064 cum
1649 4009 2062 4066 linteaminibus

497 4107 755 4176 positum,
809 4103 905 4160 sed
955 4104 1244 4174 separatim
1295 4103 1598 4157 involutum
1659 4104 1713 4158 in
1765 4119 1936 4158 unum
1983 4105 2062 4158 lo-

495 4215 643 4263 cum,
690 4199 892 4253 nullius
940 4197 1342 4267 trepidationis,
1375 4197 1532 4266 quasi
1583 4196 1735 4250 furto
1781 4197 2058 4252 sublatum

496 4305 698 4361 corpus
727 4289 942 4354 fuisset,
983 4288 1244 4343 indicium
1273 4295 1413 4343 erat.
1440 4286 1544 4354 Qui
1579 4289 1723 4343 enim
1751 4289 1944 4353 otium,
1975 4297 2059 4343 ta-

497 4384 675 4453 lisque
728 4381 998 4437 securitas
1051 4379 1265 4436 l‘uribus
1319 4379 1536 4445 fuisset,
1586 4389 1648 4432 ut
1690 4390 2061 4449 tegumentum

495 4475 658 4531 etiam
707 4474 906 4544 capitis
952 4481 1077 4544 apte
1111 4473 1472 4536 involverent,
1525 4479 1582 4526 et
1633 4472 1929 4541 separatim
1975 4472 2064 4527 de-

415 4606 424 4616 -
497 4567 802 4638 ponerent?
853 4565 1041 4636 Itaque
1087 4565 1192 4620 hoc.
1235 4566 1397 4619 etiam
1436 4562 1728 4617 manifesto
1774 4563 2060 4617 veritatem

498 4656 922 4714 resurrectionis
955 4656 1276 4711 ostendebat
1309 4674 1322 4709 :
1355 4652 1518 4708 simul
1545 4663 1722 4707 autem
1747 4655 1912 4708 etiam
1946 4669 2064 4726 my-

499 4749 728 4806 sterium
773 4763 804 4801 a
852 4747 1032 4802 divina
1078 4745 1365 4814 majestate
1405 4744 1551 4799 haud
1585 4745 1824 4799 alienant
1867 4745 2064 4800 innue—

499 4843 593 4897 bat
621 4859 636 4895 :
670 4840 924 4894 nimirum
966 4837 1110 4907 quod
1147 4846 1311 4907 caput
1341 4836 1562 4891 deitatis
1604 4836 1784 4891 locum
1813 4836 2064 4893 obtinens

501 4934 676 5003 (juxta
722 4929 882 4996 illud,
932 4927 1104 4997 Caput
1149 4927 1351 4983 Christi
1399 4927 1539 4982 Deus
1567 4929 1630 4997 ι³)
1662 4937 1712 4984 et
1753 4929 1845 4998 qui
1882 4929 1950 4983 de
2001 4943 2068 4984 (ιο

501 5027 721 5076 exstant
763 5033 1069 5081 sermones,
1125 5025 1346 5071 manent
1394 5019 1538 5073 circa
1585 5017 1771 5073 carnis
1820 5019 2070 5074 humanae

502 5111 934 5183 assumptionem
963 5110 1120 5179 quasi
1155 5109 1380 5162 involuti
1419 5118 1584 5178 atque
1613 5108 2020 5166 indissolubiles
2049 5129 2063 5165 :

503 5204 716 5260 etiamsi
756 5201 1042 5268 inferiora,
1073 5217 1194 5272 qua:
1223 5201 1371 5255 circa
1408 5200 1828 5270 dispositionem
1882 5211 1936 5258 et
1972 5201 2068 5257 ad-

507 5289 983 5359 ministrationem,
1029 5310 1191 5366 quam
1241 5295 1294 5348 in
1340 5308 1505 5349 carne
1531 5294 1761 5366 peregit,
1810 5301 1866 5350 et
1918 5294 2069 5348 circa

506 5405 648 5456 eam,
692 5405 854 5460 quam
886 5405 1011 5444 cum
1057 5387 1370 5443 hominibus
1416 5387 1471 5441 in
1504 5394 1650 5440 terra
1695 5385 2069 5440 conversatio-

510 5496 631 5536 nem
693 5481 882 5538 habuit
933 5481 1186 5554 (quarum
1249 5494 1431 5535 rerum
1488 5478 1703 5550 ﬁgura,
1755 5476 2067 5532 linteamina

587 5666 607 5696 '
643 5661 800 5718 Joan.
829 5680 920 5728 xx,
961 5663 1040 5718 l5.
1121 5664 1158 5695 ’°
1195 5659 1348 5716 Joan.
1375 5675 1486 5722 xu,
1514 5657 1598 5712 l0.
1680 5657 1715 5688 ¹¹
1753 5654 1766 5708 l
1804 5654 1926 5709 Cor.
1962 5669 2032 5719 si,
2069 5651 2121 5704 3.

2150 3009 2214 3062 τὸ
2256 3008 2326 3060 ἐν
2363 3007 2618 3071 ὀθονίοις
2641 3009 2794 3075 μετὰ
2838 3004 2958 3059 τῶν
2985 3004 3340 3075 ἀρωμάτων,
3369 3005 3566 3070 καθὼς
3594 3005 3766 3069 50m:-

2150 3097 2229 3171 ἦν
2257 3099 2380 3166 τοῖς
2417 3097 2716 3164 Ἰουδαίοις
2757 3097 3144 3166 ἐνταφιάζειν.
3180 3095 3306 3160 Πῶς
3348 3091 3444 3149 οῦν
3489 3096 3593 3149 οὐκ
3638 3097 3740 3166 ἐρο

2151 3193 2322 3261 γῶδες
2348 3194 2459 3254 τοῖς
2485 3190 2775 3246 κλέπτουσι
2815 3190 2880 3244 τὸ
2902 3189 3049 3242 λύειν
3076 3190 3204 3252 τοὺς
3231 3188 3466 3257 δεσμοὺς
3488 3227 3504 3251 ,
3537 3188 3641 3241 καὶ
3685 3187 3765 3240 τὸ·

2154 3285 2312 3356 σῶμα
2345 3285 2452 3338 τῶν
2485 3283 2713 3338 ὀθονίων
2764 3280 3136 3352 ἀπογυμνοῦν,
3179 3278 3550 3352 προσκεκολλη
3560 3278 3751 3348 μένων

2154 3376 2248 3428 καὶ⁸
2275 3374 2736 3436 δυσαποσπάστως
2768 3372 3020 3443 ἐχόντων,
3051 3371 3143 3424 καὶ
3163 3370 3296 3442 πρὶν
3330 3369 3747 3439 ἀπαμφιασθῆ-

2155 3483 2242 3519 ναι
2278 3464 2629 3536 ῥηγνυμένων
2659 3481 2673 3529 ;
2703 3463 2953 3532 Μίγματι
3007 3462 3114 3533 γὰρ
3148 3461 3313 3530 ἀλόης
3355 3460 3449 3514 καὶ
3487 3460 3754 3530 σμύρνης

2160 3559 2591 3629 συνεπλέκησαν,
2637 3558 2772 3628 ὅπερ
2812 3557 3035 3625 ἐκόμισε
3064 3556 3392 3624 Νικόδημος.
3441 3553 3608 3605 ’Λλλά
3651 3557 3754 3607 καὶ

2157 3651 2218 3704 τὸ
2251 3650 2528 3721 σουδάριον
2553 3689 2569 3714 ,
2601 3648 2630 3701 ὃ
2655 3643 2723 3719 ἦν
2755 3648 2848 3701 ἐπὶ
2875 3648 2975 3716 τῆς
2999 3645 3240 3715 κεφαλῆς
3264 3642 3428 3698 αὑτοῦ
3452 3681 3466 3705 ,
3500 3643 3565 3694 οὐ
3603 3643 3770 3712 μετὰ

2158 3741 2266 3794 τῶν
2297 3739 2513 3794 ὀθονίων
2539 3739 2803 3808 κείμενον,
2839 3736 2972 3790 ἀλλά
3000 3737 3166 3807 χωρὶς
3196 3732 3645 3801 ἐντετυλιγμένον
3670 3733 3754 3785 si:

2158 3826 2256 3881 ἕνα
2312 3827 2474 3882 τόπον
2494 3865 2508 3890 ,
2547 3826 2734 3879 οὐδένα
2764 3824 2988 3896 θόρυϐον
3013 3823 3089 3887 ὡς
3121 3823 3214 3876 ἐπὶ
3265 3820 3512 3876 κλεπτῶν
3545 3821 3756 3892 ἐδήλου

2161 3920 2430 3974 λαϐόντων
2458 3918 2519 3971 τὸ
2559 3919 2734 3988 σῶμα.
2760 3917 2868 3970 Ποῦ
2892 3916 3000 3987 γὰρ
3029 3915 3222 3986 σχολὴν
3247 3908 3394 3984 εἶχον
3424 3914 3472 3965 οἱ
3503 3912 3752 3966 κλέπται

2161 4011 2258 4066 καὶ
2285 4008 2535 4075 τοιαύτην
2561 4007 2764 4070 ἄδειαν,
2794 4007 2870 4070 ὡς
2905 4007 3000 4060 καὶ
3027 4005 3088 4060 τὸ
3117 4007 3217 4075 τῆς
3250 4004 3488 4075 κεφαλῆς
3521 4004 3752 4075 κάλυμο

2167 4121 2242 4175 μα
2268 4102 2408 4157 κατὰ
2434 4101 2586 4168 τάξιν
2612 4103 2771 4154 εἱλεῖν
2799 4101 2894 4154 καὶ
2941 4100 3147 4154 τιθέναι
3204 4099 3406 4170 χωρίς;
3444 4101 3616 4152 Ὥστε
3653 4102 3754 4154 καὶ

2162 4195 2320 4248 τοῦτο
2369 4195 2650 4264 συνίστησι
2686 4191 2873 4261 σαφῶς
2919 4193 3018 4263 τῆς
3058 4190 3404 4254 ἀναστάσεως
3455 4191 3556 4261 τὴν
3601 4191 3752 4262 ἁλή·

2163 4289 2347 4341 θειαν·
2378 4284 2494 4356 ἅμα
2525 4285 2582 4338 δέ
2612 4286 2708 4339 καὶ
2740 4283 3034 4354 μυστήριον
3070 4282 3372 4354 παρεδήλου
3408 4283 3753 4353 θεοπρεπὲς,

2161 4377 2236 4441 ὡς
2261 4380 2294 4448 ἠ
2324 4377 2530 4448 κεφαλὴ
2555 4378 2654 4448 τῆς
2677 4377 2928 4448 θεότητος
2959 4374 3112 4442 τάξιν
3140 4374 3412 4445 ἐπέχουσα
3443 4375 3631 4444 (κατὰ
3663 4377 3756 4437 τὸ,

2175 4471 2249 4525 'H
2272 4469 2508 4540 κεφαλὴ
2529 4470 2635 4525 τοῦ
2654 4469 2910 4538 Χριστοῦ
2936 4471 2970 4523 ὁ
2991 4468 3155 4536 Θεὸς)
3179 4510 3192 4528 ,
3223 4470 3316 4522 καὶ
3342 4469 3390 4520 ot
3418 4468 3546 4538 περὶ
3572 4468 3758 4538 αὐτῆς

2166 4563 2314 4630 λόγοι
2369 4562 2590 4633 μένουσι
2657 4563 2752 4615 καὶ
2803 4561 2940 4631 μετὰ
2985 4562 3081 4632 τὴν
3130 4560 3540 4630 ἐνανθρώπησιν
3581 4561 3760 4612 οἱονεῖ

2168 4653 2592 4726 ἐνειλημ[μ]ένοι
2623 4655 2717 4708 καὶ
2768 4655 3040 4708 ἀδιάλυτοι
3065 4670 3078 4684 ο
3111 4653 3212 4706 κᾶν
3243 4653 3313 4704 τὰ
3341 4652 3490 4705 κάτω
3515 4651 3587 4703 τά
3616 4655 3758 4722 περὶ

2167 4747 2266 4817 τὴν
2298 4748 2557 4816 ἐνσαρκον
2583 4747 2891 4817 οἰκονομίαν
2910 4785 2924 4809 ,
2951 4747 3046 4799 καλ⁵
3073 4744 3171 4816 τὴν
3206 4745 3298 4796 ἐπὶ
3333 4743 3434 4812 γῆς
3461 4743 3602 4813 μετὰ
3661 4746 3767 4797 ἁνο

2171 4837 2403 4907 θρὼπων
2431 4836 2774 4908 ἀναστροφὴν
2801 4829 2896 4905 (ὧν
2922 4833 3090 4899 τύπος
3125 4829 3194 4904 ἦν
3222 4833 3292 4886 τὰ
3326 4833 3524 4901 ὀθόνια)
3551 4875 3567 4899 ,
3603 4835 3764 4888 κατὲ

2170 4931 2230 4984 τὸ
2253 4929 2474 4983 δυνατὸν
2504 4930 2635 5000 ἡμῖν
2668 4927 2971 4982 διαλέλυται
2999 4943 3057 4979 τε
3105 4925 3198 4979 καὶ
3224 4923 3590 4994 ἐψηλάφηται.
3647 4926 3771 4979 Καὶ

2170 5021 2340 5075 ταῦτα
2390 5021 2586 5083 ἰδόντες
2632 5022 2681 5072 οἱ
2733 5019 2860 5089 περὶ
2894 5018 2985 5071 τὸν
3015 5017 3218 5088 Πέτρον
3255 5016 3580 5068 ἐπίστευσαν
3605 5055 3625 5077 ,
3660 5019 3771 5087 οὐχ

2173 5111 2356 5174 ἁπλῶς
2397 5111 2576 5181 μόνον,
2599 5110 2734 5164 ἀλλά
2753 5110 2847 5163 καὶ
2873 5109 3139 5178 κρείττονι
3169 5107 3246 5178 νῷ
3286 5107 3380 5160 καὶ
3405 5106 3774 5178 άποστολικῷ

2171 5197 2512 5269 θεασάμενοι.
2557 5199 2774 5268 Πλήρης
2807 5197 2914 5268 γὰρ
2962 5193 3030 5267 ἦν
3057 5199 3085 5250 ὁ
3127 5197 3294 5264 τάφος
3343 5195 3555 5264 φωτὸς,
3605 5196 3774 5252 ὥστε

2170 5291 2264 5343 καὶ
2288 5289 2478 5351 νυκτὸς
2511 5287 2676 5358 οὔσης
2714 5288 2792 5340 ἔτι
2815 5328 2829 5352 ,
2868 5286 3067 5348 διπλῶς
3111 5283 3403 5339 θεάσασθαι
3455 5284 3524 5338 τά
3574 5285 3770 5349 ἔνδον,

2171 5381 2266 5434 καὶ
2293 5379 2567 5450 αἰσθητῶς
2593 5381 2686 5433 καὶ
2708 5377 3109 5449 πνευματικῶς.
3133 5379 3196 5430 Εἰ
3219 5375 3324 5448 γὰρ
3354 5375 3470 5446 φῶς
3493 5377 3772 5443 δικαίοις,

2171 5472 2312 5527 κατά
2342 5471 2404 5526 τὸ
2438 5471 2819 5543 γεγραμμένον
2844 5511 2858 5537 ,
2895 5469 2983 5524 διὰ
3039 5468 3240 5532 παντὸς
3260 5510 3272 5530 ,
3316 5467 3494 5537 πολλῷ
3551 5469 3774 5538 μᾶλλον
