3842 6404
137 288 248 344 (ὖἷῖ

1032 284 1100 339 ΙΝ
1159 283 1452 341 (ΞὲῘῙῖΙΞΤΓ
1489 282 2130 342 RESURRECTIONEM
2152 283 2357 340 ORAT.
2394 284 2458 341 ll.

3304 282 3411 339 0'58

134 405 223 477 τῷ
257 406 372 459 τῶν
399 404 621 460 δικαίων
659 403 798 474 Θεῷ.
839 405 961 458 Οὐκ
993 405 1375 459 ἐπίστευσαν
1405 404 1474 458 δὲ
1497 444 1512 467 ,
1545 405 1728 475 φησὶν,

1842 405 2014 472 erant)
2050 403 2390 466 acciderunt,
2424 410 2691 474 quantum
2730 417 2853 472 ejus
2879 400 3006 456 ﬁeri
3034 400 3214 471 potuit
3239 415 3270 455 a
3311 417 3414 455 no-

138 499 271 552 ἐπεὶ
303 498 554 568 μηδέπω
583 496 838 566 ᾔδεισαν
863 495 980 564 τὴν
1012 498 1288 566 Γραρὴν,
1320 497 1408 550 ὅτι
1433 497 1529 550 δεῖ
1547 496 1733 550 αὑτὸν

137 593 213 646 ἐκ
242 590 475 658 νεκρῶν
501 587 860 658 ἀναστῆναι.
895 589 1000 643 Καὶ
1043 591 1146 660 μὴν
1173 592 1396 662 ᾔδεισαν
1423 589 1517 642 τοῦ
1548 589 1732 658 Σωτῆ-

144 698 238 751 ρος
268 681 456 744 αὐτοῖς
489 679 750 741 πολλάκις
783 681 1172 749 προειρηκότος
1199 720 1213 740 ,
1249 679 1324 743 ὡς
1345 680 1730 746 ἀναστήσεται·

141 772 263 825 ἀλλ’
302 772 399 842 οὐχ
427 771 502 835 ὡς
542 771 650 824 ἀπὸ
680 771 777 840 τῆς
813 771 1036 842 Γραφῆς
1092 770 1444 841 πεπεισμένοι
1488 771 1582 822 καὶ
1627 767 1735 821 τῶν

1839 495 1927 549 bis
1978 495 2245 550 dissoluta
2309 503 2472 565 atque
2525 501 2863 550 contrectata
2909 494 3038 549 sint.
3088 493 3267 563 Atque
3327 493 3414 547 his

1838 587 1978 642 visis
2022 586 2217 641 Petrus
2265 594 2319 642 et
2365 602 2550 642 eomes
2577 587 2698 656 ejus
2725 586 3103 650 crediderunt,
3136 601 3262 640 cum
3303 601 3416 641 non

1841 681 2167 749 simpliciter
2198 679 2398 742 solum,
2439 681 2796 733 verumetiam
2821 678 3188 748 praestantiori
3233 689 3418 734 mento

1843 786 1907 826 ac
1934 787 2102 827 sensu
2133 769 2440 841 apostolico
2466 785 2580 825 rem
2611 776 2968 840 spectassem;
3009 767 3236 824 Plenum
3269 769 3414 823 enim

141 864 360 917 ἐκεῖθεν
407 863 722 936 φερομένων
751 863 1015 935 χρησμῶν
1051 862 1070 932 (
1100 863 1194 926 οὒς
1227 863 1299 934 μὴ
1353 862 1580 932 ἐκϐῆναι
1628 862 1736 914 τῶν

1842 863 2061 919 luminis
2102 870 2220 918 erat
2251 863 2586 933 sepulcrum,
2616 868 2679 915 ut
2708 860 2921 916 etiamsi
2965 875 3072 914 nox
3109 859 3289 916 adhuc
3330 876 3419 915 es-

141 956 423 1010 ἀδύνατων
444 952 511 1026 ἦν
536 958 554 1024 )
577 996 594 1021 ,
624 955 739 1010 ἀλλ’
769 955 848 1009 ἔτι
879 956 1007 1027 περὶ
1042 955 1141 1026 τὴν
1172 956 1355 1009 πίστιν
1391 954 1733 1020 ὀκλάζοντες.

1842 963 1940 1018 set,
1974 954 2272 1026 dupliciter
2307 964 2514 1015 tamen,
2546 963 2658 1008 tum
2706 953 3062 1017 sensibiliter,
3111 962 3225 1008 tum
3256 955 3418 1023 spiri-

41 1097 48 1101 _
145 1053 372 1105 tualiter
405 1051 658 1106 viderent
689 1066 753 1104 ea
804 1067 924 1121 quae
956 1051 1108 1106 intus
1145 1059 1323 1106 erant.
1360 1048 1495 1104 Nam
1551 1050 1597 1105 si
1639 1050 1732 1105 lux
1762 1050 1930 1119 justis
1964 1059 2252 1120 perpetuo,
2291 1058 2454 1120 prout
2503 1051 2768 1118 scriptum
2809 1057 2915 1111 est,
2991 1049 3162 1103 multo
3239 1049 3430 1121 magis

137 1145 420 1214 justorum
486 1143 619 1199 Deo.
688 1143 811 1198 Non
840 1144 1179 1199 crediderunt
1222 1154 1422 1208 autem,
1456 1144 1657 1215 inquit,
1687 1145 1813 1215 quia
1851 1144 2084 1199 nondum
2115 1154 2363 1198 noverant
2406 1141 2758 1211 Scripturam,
2786 1139 2924 1211 quod
2954 1150 3208 1210 oporteret
3242 1157 3358 1194 eum
3387 1159 3421 1196 α

141 1240 370 1293 mortuis
400 1255 672 1310 resurgere
698 1240 764 1294 “.
796 1240 958 1310 Atqui
989 1241 1262 1304 sciebant.
1329 1241 1458 1312 quia
1501 1242 1766 1298 Servator
1803 1240 1886 1296 eis
1939 1255 2084 1310 saepe
2155 1239 2504 1311 praedixerat,
2559 1239 2705 1310 quod
2767 1247 3184 1294 resurrecturus
3227 1245 3417 1293 esset:

142 1328 242 1384 sed
285 1345 399 1386 non
451 1339 710 1401 tanquam
743 1345 773 1384 a
815 1329 1122 1402 Scriptura,
1175 1339 1342 1405 atque
1389 1333 1524 1389 inde
1591 1333 1778 1404 petitis
1817 1332 2062 1387 oraculis
2112 1332 2254 1402 (quae
2308 1331 2420 1386 ﬁeri
2460 1347 2569 1386 non
2622 1338 2857 1402 poterat,
2929 1330 3060 1401 quin
3117 1329 3420 1400 evenirent)

141 1425 396 1491 adducti,
427 1426 524 1482 sed
551 1433 812 1498 tanquam
840 1426 992 1482 circa
1029 1427 1188 1484 [idem
1223 1428 1404 1484 adhuc
1442 1429 1790 1485 l'abasccntes
1820 1437 1988 1499 atque
2020 1427 2427 1482 claudicantes.

220 1518 532 1591 Παρίστησι
584 1519 642 1573 δὲ
691 1518 754 1574 τὸ
792 1519 999 1592 γυμνδν
1034 1523 1126 1576 τδν
1175 1521 1382 1594 Ἰησοῦν
1414 1523 1732 1594 ἀναστῆναι,

1913 1520 2184 1576 Caeterum
2212 1519 2357 1591 quod
2393 1518 2571 1575 nudus
2590 1517 2750 1575 Iesus
2776 1519 2986 1589 absque
3015 1516 3422 1572 linteaminibus

137 1610 250 1666 τῶν
303 1609 528 1664 ὀθονίων
588 1610 758 1681 χωρὶς
782 1651 797 1676 ,
847 1611 907 1664 τὸ
949 1611 1214 1683 μηδαμῶς
1251 1611 1414 1666 αὑτὸν
1467 1612 1549 1666 ἔτι
1597 1611 1736 1666 κατά

1842 1613 2162 1677 resurrexit,
2198 1611 2472 1683 signiﬁcat
2501 1627 2624 1667 eum
2667 1627 3014 1683 nequaquam
3054 1610 3282 1680 posthac
3313 1608 3421 1664 cibi

140 1703 328 1769 σάρκα.
356 1702 771 1773 γνωσθήσεσθαι
811 1703 1017 1775 τροφῆς
1055 1703 1088 1773 ἦ
1123 1703 1285 1756 ποτοῦ
1317 1703 1734 1776 δεηθησόμενον,

139 1797 172 1865 ἢ
201 1796 520 1867 ἐνδυμάτων
562 1795 875 1866 περιϐολῆς.
907 1796 970 1849 El
999 1797 1092 1850 καὶ
1129 1797 1228 1867 τὴν
1268 1797 1574 1866 οἰκονομίαν
1603 1797 1738 1868 πλη-

142 1889 258 1959 ρῶν
283 1929 299 1954 ,
349 1888 562 1952 τούτοις
598 1886 740 1941 ἑκὼν
772 1887 1045 1960 ὑπέθηκεν
1075 1889 1264 1942 ἑαυτὸν
1288 1932 1302 1955 ,
1333 1890 1408 1954 ὡς
1435 1889 1535 1960 τῆς
1568 1889 1739 1960 αὐτῆς

138 1979 366 2052 φύσεως
396 1981 736 2051 κοινωνήσας
769 1982 900 2053 ἡμῖν
927 2022 945 2048 ,
979 1980 1169 2034 ἔπειτα
1213 1981 1271 2034 δὲ
1318 1980 1468 2054 δηλοῖ
1497 1982 1590 2036 καὶ
1639 1981 1737 2053 τὴν

135 2072 236 2128 τοῦ
278 2071 456 2141 Ἀδὰμ
480 2073 559 2137 εἰς
588 2073 648 2126 τὸ
669 2073 895 2145 ἀρχαῖον
923 2072 1386 2138 ἀποκατάστασιν,
1417 2075 1506 2128 ὅτε
1535 2075 1738 2146 γυμνὸς

136 2162 208 2236 ἦν
238 2167 299 2220 ἐν
325 2165 406 2237 τῷ
444 2165 760 2238 παραδείσῳ
811 2167 906 2222 καὶ
945 2167 1046 2222 ούκ
1094 2167 1375 2240 ᾐσχύνετο.
1403 2167 1604 2221 Λοιπδν
1628 2168 1738 2238 γὰρ

138 2261 217 2323 ὡς
241 2257 380 2323 Θεδς
403 2298 420 2325 ,
451 2259 503 2312 εἰ
531 2259 624 2312 καὶ
652 2259 1068 2333 σεσαρκωμένος
1089 2300 1105 2325 ,
1153 2259 1278 2331 δόξῃ
1326 2261 1392 2331 τῇ
1437 2259 1739 2332 θεοπρεπε-

141 2352 318 2424 στάτῃ
355 2349 772 2422 περιεϐέϐλητο,
804 2349 966 2415 αὐτὸς
996 2349 1073 2404 ὢν
1100 2351 1129 2404 6
1162 2349 1596 2421 ἀναϐαλλόμενος
1622 2349 1738 2420 φῶς

139 2443 219 2507 ὡς
256 2444 498 2513 ἱμάτιον,
607 2459 772 2514 φησιν
811 2443 840 2496 6
869 2443 1154 2514 προφήτης
1179 2441 1362 2498 Δαὸίδ.
1405 2441 1544 2495 Ἀλλ’
1576 2444 1605 2496 6
1639 2443 1738 2513 μὲν

139 2535 356 2606 Πέτρος
385 2534 480 2589 καὶ
519 2535 773 2605 Ἰωάννης
813 2534 1178 2600 πιστωθέντες
1218 2535 1282 2588 ἐκ
1318 2533 1427 2588 τῶν
1478 2532 1738 2604 τεθεαμέι-

138 2643 274 2689 νων,
321 2623 633 2697 ἀνεχώρουν
679 2623 899 2679 οἴκαδεο
950 2627 1016 2697 τῇ
1047 2624 1233 2697 Μαρία
1267 2625 1324 2679 δὲ
1374 2623 1526 2680 εἷπον
1562 2626 1734 2681 οὐδέν.

153 2716 443 2788 ᾨκονὸμει
499 2717 609 2788 γὰρ
652 2718 681 2770 6
717 2717 877 2788 μόνος
933 2715 1132 2784 σοφὸς,
1181 2717 1257 2781 ὡς
1299 2717 1634 2772 ἀπιστοῦσαν
1673 2720 1738 2772 ἐκ

140 2809 274 2871 θέας
300 2809 473 2880 αὐτὴν
501 2808 874 2880 προσάγεσθαι
907 2809 1135 2880 μᾶλλον,
1165 2809 1198 2880 ἤ
1227 2809 1415 2878 ἀκοῆς.
1457 2809 1738 2876 Εἱστήκει

138 2902 328 2956 τοίνυν
357 2901 510 2969 πρδς
537 2900 618 2966 τῷ
649 2899 916 2971 μνήματι
945 2900 1064 2966 ἔξω
1114 2901 1446 2964 κλαίουσα,
1487 2901 1584 2954 καὶ
1627 2917 1738 2954 πα·-
1764 2948 1808 3006 c

133 2995 479 3065 ρακύψασα
503 2989 666 3048 εἶδεν
687 2993 984 3064 ἀγγέλους
1035 2992 1145 3047 δύο
1182 2992 1442 3058 λειυκοῦς
1472 2992 1567 3045 καὶ
1603 3008 1738 3061 φαι·

139 3087 331 3156 ὄροὺς
358 3085 437 3156 τῇ
482 3085 711 3154 στολῇ,
753 3084 1183 3155 καθεζομένους
1211 3085 1318 3137 ἕνα
1357 3083 1505 3152 πρὸς
1537 3083 1612 3152 τῇ
1641 3101 1739 3138 κε·

138 3179 346 3250 φυλῇ,
381 3178 484 3232 καὶ
510 3179 619 3232 ἕνα
663 3177 814 3246 πρὸς
867 3177 993 3241 τοῖς
1023 3176 1228 3244 ποσὶν,
1278 3176 1429 3230 ὅπου
1456 3175 1647 3230 ἔκειτο
1673 3173 1740 3228 τὺ

139 3272 322 3342 σῶμα
358 3273 467 3327 τοῦ
514 3271 758 3339 Ἰησοῦ·
807 3270 900 3343 καὶ
955 3270 1072 3324 δέον
1123 3269 1215 3323 τδν
1263 3269 1493 3340 ὀδυρμὸν
1534 3271 1614 3332 εἰς
1650 3268 1740 3321 εὐ-

141 3364 428 3438 φροσύνην
458 3363 802 3435 μεταϐαλεῖν,
827 3363 935 3416 τῶν
957 3361 1208 3434 δακρύων
1233 3362 1334 3416 οὐκ
1356 3361 1568 3433 ἔληγεν,
1597 3359 1739 3414 ὥστε

139 3461 272 3523 τοὺς
307 3457 574 3526 ἀγγέλους
605 3457 766 3510 οἱονεὶ
801 3457 919 3528 μετ’
966 3457 1338 3527 ἐπιτιμήσεως
1369 3456 1542 3507 εἰπεῖν
1567 3472 1581 3486 ο
1624 3454 1742 3508 Γύθ-

140 3566 266 3612 ναι,
330 3548 392 3601 τί
436 3547 699 3610 κλαίεις
741 3545 942 3600 ὡσανεὶ
962 3544 1178 3614 ἔλεγον
1229 3545 1519 3598 Γυναικεῖα
1567 3542 1740 3596 ταῦτα

140 3642 217 3694 τὰ
266 3639 517 3710 δάκρυα,
553 3639 654 3691 οὐκ
685 3636 944 3710 εῦφρονος
986 3637 1100 3690 νοῦ.
1134 3635 1244 3690 Ποῦ
1275 3636 1384 3707 γὰρ
1418 3635 1598 3707 χώραν
1629 3635 1740 3706 ἔχει

139 3733 208 3788 τὸ
248 3733 391 3803 μετά
423 3731 679 3801 τοιαύτην
727 3729 854 3784 θέαν
888 3730 1210 3801 ὀδύρεσθαι;
1240 3729 1483 3800 Κάκείνη
1515 3730 1612 3798 τῆς
1647 3729 1744 3781 αύ-

141 3831 248 3898 τῆς
289 3825 546 3888 ἀπιστίας
584 3825 819 3895 ἐχομένη
860 3821 1254 3893 (παρετείνετο
1300 3823 1406 3894 γὰρ
1437 3822 1494 3875 τὸ
1531 3821 1739 3885 πάθος,

145 3920 239 3972 ἵνα
271 3921 387 3981 τοῖς
434 3916 578 3971 κατά
633 3916 829 3988 μικρὸν
875 3913 1284 3986 προτιθεμένοις
1331 3915 1410 3978 εἰς
1445 3912 1623 3966 πίστιν
1656 3931 1744 3966 τε·

142 4012 310 4073 λείως
344 4007 774 4080 ὲκκαθαρθείη),
807 4007 944 4080 πρὸς
987 4006 1184 4070 αὐτοὺς
1228 4001 1378 4060 εἶπεν
1421 4007 1504 4060 ὅτι
1552 4002 1745 4073 Ἷνῐραν

145 4105 259 4156 τὸν
297 4101 514 4168 Κύριον
547 4116 668 4168 μου
707 4098 776 4150 ἐκ
818 4097 924 4150 τοῦ
971 4097 1266 4166 μνημείου
1289 4136 1302 4158 ,
1349 4095 1444 4148 καὶ
1477 4097 1585 4150 οὐκ
1613 4091 1744 4148 οἶδα

145 4192 271 4246 ποῦ
303 4193 530 4259 ἔθηκαν
571 4189 777 4242 αὐτόν.
815 4186 922 4240 Καὶ
961 4185 1146 4239 ταῦτα
1171 4183 1429 4238 εἰποῦσα
1471 4181 1741 4252 ἐστράφη

1836 1716 2087 1777 ροιιιειε,
2115 1714 2210 1760 aut
2240 1705 2686 1760 indumentorum
2719 1703 3043 1776 gestaminis
3074 1711 3238 1772 atque
3285 1716 3420 1772 ope-

1838 1797 2057 1853 rimenti
2085 1805 2334 1869 egentem
2373 1798 2425 1851 in
2471 1811 2638 1852 carne
2688 1796 2970 1866 cognitum
3017 1795 3104 1849 iri.
3143 1793 3208 1847 Et
3253 1794 3298 1848 si
3337 1793 3415 1854 id.

1839 1894 1987 1962 quod
2044 1893 2349 1957 decretum,
2397 1889 2721 1960 dispositum
2770 1903 2834 1943 ac
2891 1888 3221 1944 destinatum
3279 1894 3419 1950 erat,

1837 1999 2148 2057 exsequens
2175 1991 2228 2040 et
2259 1982 2654 2039 administrans
2690 1989 2884 2052 sponte
2917 1996 3012 2036 sua
3050 1995 3110 2035 se
3141 1979 3228 2034 his
3256 1979 3421 2034 rebus

1839 2078 2098 2148 subjecit,
2147 2083 2208 2130 ut
2254 2075 2346 2144 qui
2390 2072 2635 2148 ejusdem
2683 2072 2966 2127 nobiscum
3007 2080 3213 2126 naturae
3257 2072 3424 2141 parti-

1839 2147 1970 2239 ceps
2015 2173 2164 2224 esset
2197 2188 2208 2222 :
2241 2164 2437 2221 deinde
2484 2147 2758 2233 signiﬁcat
2785 2163 2947 2218 etiam
2996 2162 3189 2217 Adami
3226 2162 3280 2216 in
3311 2162 3425 2233 pri-

1841 2261 2046 2318 stinum
2079 2268 2280 2316 statum
2314 2257 2747 2319 restitutionem,
2777 2256 2832 2309 in
2861 2271 2970 2326 quo
2995 2255 3180 2312 nudus
3213 2264 3334 2312 erat
3363 2256 3422 2312 in

1839 2352 2120 2424 paradiso,
2152 2358 2208 2407 et
2234 2365 2344 2405 non
2379 2347 2762 2406 erubescebat.
2796 2345 2930 2400 Nam
2960 2347 3029 2402 de
3061 2355 3259 2402 caetero
3293 2355 3420 2402 tan-

1837 2459 2003 2516 quam
2050 2444 2214 2510 Deus,
2269 2443 2395 2498 licet
2437 2442 2791 2506 incarnatus,
2848 2440 3043 2512 gloria,
3090 2457 3212 2512 qua:
3249 2439 3422 2496 Deum

1838 2537 2077 2592 maxime
2110 2536 2290 2600 decet,
2321 2534 2699 2590 circumdatus
2745 2542 2884 2599 erat,
2923 2549 3047 2588 cum
3086 2533 3201 2604 ipse
3239 2534 3309 2589 sit
3349 2534 3420 2598 is,

1839 2629 1931 2698 qui
1959 2628 2168 2684 lumine
2198 2635 2460 2698 tanquam
2494 2627 2664 2697 pallio
2695 2625 2963 2690 induitur,
2992 2634 3053 2679 ut
3083 2626 3262 2696 inquit
3294 2640 3424 2697 pro-

1838 2720 2000 2790 pheta
2030 2719 2199 2774 David
2224 2719 2288 2770 ".
2326 2718 2403 2773 Ac
2442 2715 2638 2771 Petrus
2673 2716 2893 2786 quidem
2929 2724 2982 2770 et
3007 2714 3269 2777 Ioannes.
3317 2714 3424 2772 ﬁde

1839 2810 1976 2880 ipsis
2013 2827 2080 2865 ex
2117 2809 2184 2865 iis
2253 2823 2374 2879 quae
2410 2807 2661 2862 viderant
2710 2806 2877 2870 facta,
2907 2806 3130 2862 domum
3187 2818 3425 2863 reverte-

1840 2901 2215 2970 runt;Marite
2237 2917 2366 2957 vero
2405 2901 2543 2956 nihil
2582 2900 2856 2954 dixerunt.
2907 2901 3150 2955 Curabat
3178 2901 3324 2955 enim
3365 2909 3424 2957 et

1840 3009 2062 3064 operam
2103 2994 2269 3048 dabat
2319 2995 2385 3059 is,
2425 2993 2518 3063 qui
2552 2994 2704 3048 solus
2734 2993 2955 3063 sapiens
2998 3004 3101 3057 est,
3149 3001 3207 3047 ut
3261 2993 3420 3049 fidem

1839 3100 1948 3139 non
1981 3084 2189 3140 habens
2220 3099 2316 3156 per
2347 3100 2410 3139 ea
2438 3099 2559 3154 quas
2601 3085 2810 3140 videret
2856 3085 3060 3156 potius,
3105 3101 3269 3156 quam
3299 3100 3424 3155 quas

1841 3177 2077 3242 audiret,
2128 3179 2192 3230 ad
2224 3176 2558 3231 credendum
2603 3177 2989 3233 adduceretur.
3026 3177 3215 3233 Stabat
3257 3177 3427 3249 igitur

1831 3269 1993 3339 juxta
2026 3279 2420 3322 monumentum
2457 3268 2591 3339 foris
2617 3269 2862 3339 plorans,
2894 3279 3084 3323 etcum
3113 3270 3424 3325 inclinasset

1841 3377 1916 3422 se,
1948 3359 2078 3413 vidit
2115 3359 2329 3428 angelos
2367 3359 2501 3414 duos
2529 3369 2666 3415 reste
2691 3361 2923 3415 candida
2951 3363 3183 3432 insignes
3211 3373 3259 3417 et
3296 3361 3426 3417 illu-

1840 3462 1998 3516 stres,
2036 3453 2272 3506 sedentes
2319 3469 2484 3506 unum
2530 3455 2599 3506 ad
2639 3465 2819 3523 caput,
2869 3454 3101 3507 alterum
3142 3454 3212 3508 ad
3246 3453 3422 3524 pedes,

1840 3543 2191 3613 ubijacuerat
2219 3561 2408 3613 corpus
2440 3543 2568 3599 Iesu
2595 3546 2638 3576 ’δ
2671 3565 2684 3600 :
2719 3555 2773 3600 et
2814 3561 2940 3600 cum
2980 3547 3424 3603 lamentationem

1842 3635 2028 3690 lzctitia
2062 3647 2400 3691 commutare
2439 3645 2738 3707 oporteret,
2779 3637 3074 3709 laerymari
3115 3653 3224 3692 non
3273 3637 3424 3694 decl-

1843 3728 2041 3790 stebat,
2077 3727 2213 3784 adeo
2245 3739 2304 3783 ut
2339 3731 2515 3799 angeli
2552 3731 2708 3800 quasi
2765 3745 2888 3786 cum
2935 3731 3310 3801 increpatione
3337 3732 3424 3786 di-

1842 3829 2033 3874 cerent
2061 3837 2075 3873 :
2113 3820 2333 3884 Mulier,
2374 3822 2500 3891 quid
2531 3823 2624 3891 ﬂes
2646 3824 2670 3875 ?
2695 3822 2922 3892 perinde
2953 3839 3017 3877 ac
3057 3825 3101 3879 si
3133 3825 3376 3878 dicerent
3405 3843 3421 3880 :

1842 3911 2136 3968 Muliebres
2196 3913 2279 3968 hae
2324 3921 2454 3968 sunt
2516 3915 2816 3985 larrymre,
2877 3932 2987 3970 non
3065 3917 3170 3971 laeti
3232 3917 3422 3971 animi.

1842 4004 1946 4070 Qui
1993 4006 2138 4058 enim
2188 4005 2366 4059 locum
2417 4007 2581 4060 habet
2632 4008 2950 4062 lamentatio
2979 4018 3102 4078 post
3156 4009 3262 4064 tale
3309 4023 3428 4076 spe-

1843 4096 2160 4151 ctaculum?
2193 4097 2369 4167 Atque
2399 4098 2489 4152 illa
2539 4100 2592 4152 in
2631 4099 2820 4154 eadem
2874 4100 3260 4155 incredulitate
3300 4115 3426 4171 pcr-

1843 4204 2105 4244 severans
2139 4190 2563 4263 (prorogabatur
2591 4193 2736 4244 enim
2780 4199 2834 4247 et
2878 4191 3274 4247 extendebatur
3298 4205 3425 4262 per-

144 4287 237 4351 εὶς
285 4283 358 4338 τὰ
393 4282 628 4347 ὀπίσω,
673 4278 771 4333 καὶ
835 4276 1039 4344 θεωρεῖ
1068 4275 1174 4328 τὸν
1210 4275 1452 4342 Ἰησοῦν
1492 4274 1736 4336 ἑστῶτα,

1848 4281 2107 4344 turbatio,
2146 4292 2204 4338 ut
2235 4298 2329 4353 per
2356 4299 2419 4336 ea
2464 4299 2587 4353 qtuc
2615 4284 2876 4352 paulatim
2905 4283 3325 4352 adjiciebantur,
3357 4283 3427 4340 ad

147 4375 251 4429 καὶ
285 4376 399 4428 οὐκ
452 4373 582 4442 ᾔδει
621 4371 708 4424 ὅτι
747 4368 977 4437 Ἰησοῦς
1022 4367 1186 4420 ἐστι·
1216 4366 1372 4419 τοῦτο
1409 4367 1505 4436 μὲν
1537 4367 1599 4419 ἐκ
1632 4367 1738 4420 τῶν

147 4465 408 4538 δακρύων
435 4462 888 4534 ἐπισκοτουμένη,
919 4460 1013 4514 καὶ
1040 4455 1150 4512 οἷον
1180 4459 1339 4529 ἀχλύῖ
1369 4458 1740 4529 βεϐαρημένη,

147 4561 312 4614 τοῦτο
354 4559 411 4612 δὲ
446 4556 540 4610 τοῦ
577 4555 750 4627 Ἰησοῦ
799 4552 1207 4624 οἱκονομοῦντος
1237 4550 1298 4603 τὸ
1333 4553 1406 4620 μὴ
1437 4549 1744 4619 γνωσθῆναι

147 4654 294 4722 αὐτῇ
321 4669 334 4680 ·
361 4651 440 4703 διὸ
480 4648 578 4702 καὶ
611 4643 731 4702 εἷπε
755 4665 769 4678 ο
799 4647 987 4700 Γύναι
1014 4685 1029 4709 ,
1069 4644 1126 4698 τι
1164 4643 1434 4707 κλαιέις;
1469 4642 1606 4696 Τίνα
1648 4639 1743 4707 ζη-

147 4744 316 4811 rtsic;
362 4743 592 4810 Ἐκείνη
619 4739 888 4795 δοκοῦσα
927 4737 1017 4791 ὅτι
1062 4739 1094 4790 ὁ
1129 4735 1434 4804 κηπουρός
1459 4734 1589 4787 ἐστι
1609 4774 1623 4795 ,
1645 4732 1743 4786 .ιὲ-

146 4856 241 4910 γει
269 4835 432 4901 αὺτῷ
454 4853 467 4866 ο
498 4836 708 4902 Κύριε,
751 4835 802 4886 εὶ
850 4831 932 4886 σὺ
960 4829 1302 4894 ἐϐάστασας
1351 4826 1537 4881 αὑτὸν
1557 4868 1570 4889 ,
1613 4825 1744 4880 εἰπέ

147 4948 252 5001 μοι
291 4929 410 4982 ποῦ
445 4929 665 4994 ἔθηκας
693 4924 882 4978 αὑτὸν
904 4963 920 4988 ,
971 4921 1134 4992 κάγὼ
1187 4920 1376 4974 αὑτὸν
1418 4917 1560 4987 ἀρῶ.
1593 4919 1745 4988 Τάχα

147 5021 204 5074 δὲ
250 5021 352 5072 οὐκ
395 5018 500 5082 ἔξω
542 5015 636 5070 τοῦ
669 5015 970 5085 πρέποντος
1003 5011 1278 5083 κηπουρὸν
1307 5011 1578 5065 ύπέλαὸεν
1607 5007 1744 5066 εἶναι

147 5114 245 5166 τὸν
284 5111 492 5180 Ἰησοῦν
519 5129 531 5140 ο
562 5110 640 5180 τῷ
672 5109 787 5162 ὄντι
818 5107 926 5179 γὰρ
954 5102 1021 5178 ἦν
1053 5106 1213 5169 αὐτὸς
1239 5107 1268 5158 6
1291 5104 1384 5158 τοῦ
1419 5104 1745 5176 παραδείσου

149 5204 402 5276 γεωργὸς
440 5201 646 5273 ἀληθὴς
690 5201 782 5254 καὶ
811 5199 1108 5262 ἀθάνατος,
1142 5199 1199 5249 ἐν
1230 5197 1307 5267 τῷ
1332 5195 1426 5249 τοῦ
1469 5197 1746 5266 μνήματος

150 5300 320 5369 κήπῳ
364 5294 617 5364 καθάπερ
667 5295 725 5346 ὲν
775 5291 851 5364 τῷ
879 5292 1194 5364 παραδείσῳ
1229 5291 1328 5361 τὴν
1369 5291 1624 5358 γυναῖκα,
1647 5288 1744 5358 τὴν

150 5392 215 5456 ἐξ
239 5389 498 5452 ἀπιστίας
522 5388 615 5441 τὸν
656 5387 826 5454 Ἀδὰμ
862 5385 952 5438 τὸν
991 5383 1206 5456 πρῶτον
1235 5381 1507 5453 κηπουρὸν
1535 5383 1747 5454 ἀπατή-

151 5478 755 5551 σασανβιορθούμενος.
785 5475 973 5539 υῦτως
1003 5472 1098 5528 οῦν
1129 5474 1344 5528 ἅπαντα
1370 5471 1740 5544 μυστηριώδη,

149 5576 252 5631 καὶ
281 5574 455 5644 λόγων
479 5571 690 5642 ἔμπλεα
717 5568 1003 5639 θειοτέρων
1031 5567 1124 5621 καὶ
1153 5564 1392 5636 ὑψηλῶν.

1847 4372 2178 4427 credendum
2230 4373 2474 4444 pcrl‘ecte
2523 4376 2942 4447 cxpurgarctur)
2981 4374 3047 4429 ad
3098 4391 3195 4431 eos
3240 4376 3378 4431 dixit
3408 4377 3456 4447 εξ

1851 4419 2178 4427 -.ν-,ε.,,.,,,,,,
2232 4419 2474 4444 wn“-..
2524 4419 2941 4447 .,..,,...°....,....,
2981 4419 3047 4429 ..ν
3099 4419 3195 4431 νυ-
3241 4419 3378 4431 ω-..
3409 4420 3424 4434 .

1848 4463 2192 4520 Sustulerunt
2237 4465 2520 4520 Dominum
2556 4483 2728 4520 meum
2759 4483 2823 4521 ea:
2856 4477 3215 4532 monumento,
3249 4477 3296 4521 et
3337 4419 3460 4550 ne»;

1846 4555 1956 4608 scio
1992 4554 2082 4608 ubi
2114 4557 2386 4622 posuerint
2419 4573 2558 4611 eum.
2606 4558 2774 4627 Atque
2809 4557 2918 4611 lucc
2963 4557 3137 4611 locuta
3177 4574 3428 4612 conversa

1847 4657 1924 4699 est
1954 4657 2265 4713 retrorsum,
2321 4658 2370 4702 et
2409 4649 2546 4701 ridet
2586 4647 2767 4702 Iesum
2803 4658 3053 4714 stantem,
3100 4666 3192 4703 nec
3231 4648 3428 4702 sciebat

1847 4739 1984 4809 quod
2015 4737 2172 4794 Iesus
2193 4750 2349 4794 esset.
2393 4739 2600 4794 Partim
2625 4741 2770 4810 quod
2814 4758 2924 4812 pra:
2968 4743 3226 4813 lacrymis
3254 4741 3452 4816 uﬂ'usa,

1850 4831 2113 4896 tenebris,
2151 4839 2204 4886 et
2235 4833 2391 4902 quasi
2437 4833 2670 4903 caligine
2719 4845 2942 4904 gravata
2994 4844 3142 4890 esset
3173 4852 3188 4901 ;
3226 4834 3459 4905 partim,

1847 4923 1993 4992 quod
2037 4924 2200 4978 etiam
2229 4922 2391 4979 Iesus
2448 4925 2656 4980 interea
2699 4942 2811 4980 rem
2852 4927 2928 4980 ita
2968 4926 3306 4996 disponeret,
3367 4933 3426 4979 ut

1849 5016 1916 5068 ab
1956 5031 2018 5070 ca
2054 5032 2162 5070 non
2195 5029 2607 5086 agnosceretur.
2651 5019 3018 5086 Quamobrem
3053 5019 3215 5073 ctiam
3243 5018 3421 5073 dixit:
3459 5018 3558 5106 ῆι

1849 5111 2063 5174 Mulier,
2097 5113 2222 5182 quid
2247 5113 2472 5181 ploras?
2506 5114 2671 5180 Quem
2703 5117 2896 5184 quwris
2920 5118 2944 5170 .9
2974 5112 3079 5167 Illa
3108 5113 3422 5167 existimans

1842 5200 1980 5269 quod
2044 5201 2358 5256 hortulanus
2425 5215 2591 5271 esset,
2644 5205 2774 5258 dicit
2831 5207 2880 5259 ei
2920 5220 2938 5258 :
2983 5204 3220 5268 Domine,
3257 5204 3305 5258 si
3368 5213 3424 5257 tu

1845 5295 2134 5362 asportasti
2167 5311 2304 5364 eum,
2345 5297 2431 5349 die
2485 5297 2633 5362 mihi,
2686 5297 2773 5350 ubi
2817 5297 3054 5364 posueris
3096 5313 3234 5362 eum,
3269 5305 3424 5366 atque

1840 5399 1931 5453 ego
1962 5400 2079 5438 eum
2112 5385 2319 5441 tollam.
2352 5385 2600 5440 Forsitan
2631 5395 2811 5440 autem
2838 5401 2948 5440 non
2979 5384 3078 5442 abs
3119 5401 3199 5453 rc,
3245 5401 3425 5456 neque

1848 5488 2001 5530 extra
2036 5477 2319 5542 decorum,
2356 5478 2704 5533 hortulanum
2745 5493 2869 5534 csse
2914 5479 3142 5550 putabat
3187 5476 3419 5534 Iesum:

1850 5583 1983 5624 sane
2014 5569 2160 5624 enim
2193 5570 2309 5640 ipse
2335 5585 2500 5623 verus
2524 5577 2578 5624 et
2616 5570 2944 5627 immortalis
2979 5571 3217 5642 agricola
3263 5585 3423 5642 para-

149 5669 262 5724 disi
293 5674 435 5732 erat,
473 5665 532 5719 in
590 5663 752 5717 horto
782 5659 1149 5724 monumenti,
1187 5659 1331 5715 sicut
1373 5657 1425 5711 in
1484 5655 1742 5726 paradiso
1780 5661 2086 5729 mulierem,
2149 5679 2270 5736 qua:
2303 5662 2574 5719 Adamum
2618 5665 2853 5735 primutn
2897 5664 3244 5720 hortulanum
3295 5676 3422 5732 per-

231 5788 273 5821 "
293 5784 432 5842 Ioan
461 5784 630 5852 31,9.
710 5783 751 5816 "
775 5782 918 5839 Psal.
944 5795 1063 5848 ιιιιι,
1101 5779 1155 5836 2.
1235 5780 1276 5812 “
1305 5779 1460 5835 Joan.
1496 5795 1588 5845 xx,
1624 5779 1680 5834 ll
1719 5797 1840 5852 sqq.
