3842 6398
436 240 547 302 6'69

1672 242 1729 301 ε.
1771 243 2099 302 GREGORII
2131 244 2433 302 NYSSENI

3594 250 3710 309 640

437 357 873 416 incredulitatem
905 360 1228 431 deceperat,
1260 363 1476 432 lapsam
1517 364 1804 435 corrigens
1866 374 2027 435 atque
2061 366 2380 423 emendatis.
2431 364 2526 422 Sic.
2556 364 2723 436 igitur
2753 368 3005 424 universa
3070 365 3457 440 mysteriorum
3510 367 3694 439 plena,

436 451 854 520 rationibusque
878 451 1082 507 divinis
1099 470 1162 508 ac
1195 454 1524 513 sublimibus
1557 458 1754 512 referta
1787 469 1936 514 sunt.

505 545 776 601 Caeterum
803 561 928 601 cum
957 547 1073 603 haec
1107 548 1337 606 dixisset
1364 549 1555 621 Maria,
1591 560 1645 607 et
1672 554 1820 607 circa
1853 568 2011 608 scru-
2039 552 2087 610 Α

433 639 697 692 tationem
751 641 1000 710 corporis
1047 643 1283 697 sollicita
1316 644 1568 710 haereret,
1615 662 1679 700 ac
1703 647 1814 715 jam
1849 646 2014 700 etiam

2196 548 2356 602 Ἀλλά
2386 548 2560 602 ταῦτα
2596 551 2695 621 τῆς
2728 551 2946 618 Μαρίας
2981 550 3262 622 εἰπούσης,
3289 552 3381 608 καὶ
3415 553 3547 623 περὶ
3597 553 3695 624 τὴν

2117 639 2343 711 ἔρευναν
2376 639 2719 711 ἐπτοημένης
2758 639 2854 694 τοῦ
2900 640 3169 709 σώματος,
3204 642 3297 695 καὶ
3329 642 3528 712 μᾶλλον
3577 643 3697 695 ἐπισ

438 729 609 798 magis
638 744 902 787 conversa
946 745 1090 790 esset
1122 743 1181 790 ut
1225 737 1418 802 abiret,
1477 739 1613 794 satis
1661 739 1906 794 territam
1960 748 2002 794 el

2116 731 2483 803 στραφείσης,
2534 732 2676 787 ὥστε
2738 733 2832 787 καὶ
2881 732 3232 803 πορευθῆναι,
3280 733 3695 804 βασανισθεῐσαν

435 820 800 877 exanimatam
841 827 1192 896 conspicatus
1229 829 1298 892 is,
1338 830 1430 900 qui
1461 839 1711 900 penetrat
1739 847 1912 902 usque
1944 831 2015 886 ad

433 910 757 968 divisionem
795 917 992 972 animae
1044 929 1210 990 atque
1255 923 1500 992 spiritus,
1542 932 1756 978 artuum
1795 939 2014 995 quoque

432 1019 497 1057 ac
521 1006 881 1062 medullarum
906 1013 970 1076 η,
1007 1015 1098 1083 qui
1130 1013 1379 1084 judicare
1404 1030 1620 1085 quoque
1643 1017 1749 1071 scit
1774 1017 1842 1072 de
1863 1018 2014 1088 cogi-

436 1097 734 1154 tationibus
780 1101 965 1157 cordis
1013 1119 1077 1158 ac
1131 1106 1329 1160 mentis
1379 1107 1786 1177 agitationibus,
1850 1111 2010 1164 unica

430 1203 566 1243 voce
620 1190 1057 1249 incredulitatem
1123 1197 1344 1259 exemit,
1417 1199 1708 1270 visumque
1763 1202 2012 1258 mulieris

431 1280 580 1334 acuit
627 1281 692 1335 ad
733 1283 1086 1352 agnitionem,
1138 1301 1262 1341 cum
1313 1287 1544 1342 dixisset
1594 1290 1768 1344 solum
1802 1299 1860 1346 ut
1894 1292 2012 1360 ipse

431 1371 663 1438 sciebat,
693 1389 816 1428 cum
854 1375 1234 1448 redargutione
1262 1386 1316 1434 et
1355 1389 1502 1434 motu
1533 1381 1600 1435 ad
1629 1383 2010 1448 reverentiam,

429 1460 632 1518 Maria.
662 1465 840 1536 Atque
885 1467 974 1522 illa
1020 1471 1293 1540 extemplo
1331 1487 1618 1538 conversa,
1654 1482 1708 1528 et
1742 1473 2008 1541 Rabouni,

429 1555 577 1623 quod
633 1557 835 1612 dicitur
873 1561 1140 1630 magister,
1173 1577 1296 1618 eum
1333 1563 1662 1633 appellabat,
1698 1571 1759 1619 .et
1795 1564 2010 1622 divinos

427 1646 551 1702 illus
601 1649 765 1716 pedes
811 1652 1116 1706 conabatur
1167 1655 1614 1724 apprehendere:
1664 1664 1720 1711 et
1776 1658 2008 1722 audivit,

429 1738 514 1793 Ne
569 1757 650 1795 me
695 1752 906 1812 taugas.
962 1746 1213 1800 Nondum
1254 1748 1393 1802 enim
1433 1748 1650 1803 arcendi
1689 1749 1759 1803 ad
1789 1750 2008 1806 Patrem

426 1846 639 1886 meum:
691 1832 816 1897 boc,
873 1835 1073 1904 inquit,
1117 1837 1323 1892 donum
1368 1837 1483 1906 jam
1511 1850 1833 1907 consecuta,
1887 1857 2009 1912 quae

427 1937 534 1976 una
563 1939 688 1977 eum
723 1925 894 1979 altera
927 1926 1097 1982 Maria
1136 1935 1190 1984 et
1218 1931 1573 1985 contrectasti
1607 1948 1693 1987 nte
1722 1940 1776 1987 et
1808 1933 2005 1988 adora.

422 2015 572 2081 visti,
609 2017 882 2088 pedesque
902 2019 1149 2084 tenuisti,
1173 2023 1549 2092 contempsisti
1579 2023 1715 2078 adeo
1760 2026 2001 2078 utetiam

421 2121 534 2164 non
581 2108 905 2176 credideris,
952 2126 1017 2166 ac
1053 2111 1190 2166 nihil
1221 2128 1479 2183 maguum
1507 2113 1574 2170 de
1605 2131 1690 2170 me
1724 2117 1774 2170 in
1819 2118 2004 2173 animo

421 2203 744 2273 concepisti,
767 2205 862 2260 sed
893 2206 1070 2263 adhuc
1087 2207 1235 2262 circa
1259 2220 1672 2265 monumentum
1700 2212 2001 2280 quzerebas,

420 2293 515 2361 qui
563 2293 828 2349 divinitus
877 2311 1044 2366 supra
1080 2297 1223 2367 apud
1258 2297 1474 2354 Patrem
1514 2315 1686 2356 eram.
1725 2303 1803 2358 Ac
1855 2318 2002 2357 nunc

421 2398 490 2437 ne
545 2398 631 2438 me
683 2385 941 2454 attingas,
996 2389 1044 2443 si
1091 2390 1282 2445 eadem
1337 2391 1537 2447 mentis
1591 2393 1886 2461 agitatione
1935 2393 2002 2448 ad

421 2473 636 2530 Patrem
684 2481 1060 2537 ascensionem
1092 2483 1286 2539 deesse
1315 2485 1446 2538 mihi
1490 2485 1792 2540 existimas.
1853 2485 2003 2541 Non-

417 2569 543 2622 dum
574 2571 750 2630 enim.-
765 2579 824 2625 ut
859 2581 920 2627 tu
953 2572 1183 2642 cogitas,
1219 2577 1434 2630 ascendi
1457 2577 1526 2630 ad
1562 2577 1768 2632 Patrem
1795 2597 2000 2645 meum;

418 2662 510 2716 sed
559 2662 688 2718 vade
717 2663 787 2718 ad
835 2665 1031 2734 fratres
1066 2684 1227 2733 meos,
1277 2678 1328 2722 et
1362 2669 1447 2723 die
1485 2671 1605 2724 eis:
1640 2671 1878 2724 Ascendo
1933 2671 2000 2726 ad

418 2754 639 2810 Patrem
667 2773 858 2820 meum,
894 2768 946 2812 et
988 2756 1207 2814 Patrem
1238 2773 1489 2826 vestrum,
1525 2772 1574 2817 et
1607 2763 1773 2816 Deum
1805 2781 2000 2829 meum,

418 2864 483 2901 ac
532 2846 698 2902 Deum
758 2861 1007 2904 restrum.
1073 2851 1370 2919 Quoniam,
1433 2855 1633 2923 inquit,
1697 2856 1999 2911 secundum

417 2953 637 2993 carnem
677 2940 1071 3009 primogenitus
1114 2941 1188 2994 fui
1229 2942 1371 2997 inter
1401 2944 1603 3000 multos
1639 2946 1856 3008 fratres,
1891 2962 1997 3000 non

417 3032 550 3085 mibi
583 3048 750 3095 nunc,
784 3033 878 3088 sed
906 3034 1062 3090 vobis
1089 3033 1372 3100 fratribus,
1414 3037 1774 3105 corporaliter
1801 3053 1999 3092 ascen-

416 3124 541 3178 ilam
575 3124 642 3177 ad
675 3124 889 3178 Patrem
923 3143 1125 3185 meum,
1152 3136 1206 3180 et
1231 3126 1445 3180 Patrem
1472 3137 1732 3192 vestrum,
1758 3137 1812 3181 et
1829 3128 1997 3182 Deum

418 3233 622 3280 meum,
682 3234 747 3271 ac
787 3217 956 3272 Deum
1007 3227 1272 3274 vestrum.
1315 3219 1432 3274 Nisi
1473 3221 1616 3274 enim
1653 3219 1792 3275 Deus
1844 3237 1998 3275 meus

417 3309 723 3378 appellatus
745 3317 912 3376 esset,
941 3325 1065 3364 cum
1098 3311 1463 3366 innocentiam
1491 3312 1743 3366 humana:
1765 3321 1996 3380 naturae,

419 3409 709 3470 propterea
737 3403 903 3470 quod,
938 3403 1084 3456 sicut
1135 3403 1189 3456 in
1235 3403 1506 3473 principio
1535 3408 1773 3473 generis,
1808 3420 2000 3473 pecca-

419 3505 534 3549 tum
564 3495 903 3562 iguorabam,
933 3495 984 3549 in
1017 3511 1103 3550 me
1131 3495 1265 3549 vidit
1292 3513 1304 3548 :
1337 3505 1517 3551 vester
1541 3496 1704 3551 Pater
1731 3499 1812 3554 vel
1839 3498 1997 3559 Deus.

421 3595 607 3656 utpote
651 3602 842 3640 eorum
872 3587 964 3657 qui
1001 3588 1068 3642 ab
1101 3603 1167 3643 eo
1213 3589 1505 3644 abalienati
1543 3590 1730 3652 eratis,
1765 3591 2001 3659 appella-

419 3685 510 3732 tus
556 3691 667 3730 non
715 3685 882 3731 esset-
923 3675 1268 3748 Quapropter
1309 3679 1472 3733 etiam
1523 3677 1728 3734 Paulus
1759 3678 1999 3736 llebraais

419 3769 670 3826 scribens
716 3769 972 3824 dicebat:
1028 3768 1152 3824 Non
1199 3771 1337 3824 enim
1379 3771 1432 3824 in
1475 3772 1785 3840 manufacta
1814 3785 1999 3826 sancta

419 3862 653 3916 introivit
685 3860 951 3927 Christus,
1001 3861 1071 3914 ad
1108 3861 1511 3916 similitudinem
1542 3863 1688 3932 facta
1718 3881 1955 3918 verorum
1979 3880 1998 3918 :

417 3951 507 4006 sed
536 3952 589 4005 in
626 3952 797 4022 ipsum
827 3953 1038 4018 coelum,
1078 3961 1137 4006 ut
1164 3963 1418 4022 appareat
1451 3970 1588 4007 nunc
1634 3955 1688 4007 in
1721 3967 2000 4022 conspectu

421 4043 518 4098 Dei
547 4059 642 4111 pro
683 4046 830 4098 nobis
858 4046 920 4100 “.
968 4043 1132 4100 Venit
1176 4046 1342 4114 igitur
1376 4044 1692 4116 Magdalena
1729 4045 1915 4109 Maria,
1947 4057 2000 4101 et

419 4137 710 4190 annuntiat
735 4137 1046 4206 discipulis,
1099 4137 1246 4208 quod
1295 4138 1524 4193 vidisset
1579 4138 1864 4192 Dominum
1906 4141 1998 4208 qui

418 4226 537 4282 haec
580 4228 809 4284 dixisset
861 4229 987 4285 sibi.
1017 4228 1154 4284 Cum
1206 4231 1446 4286 venisset
1475 4239 1678 4294 autem,
1742 4241 1904 4300 atque
1934 4246 1998 4287 ea

421 4318 824 4384 annuntiasset,
880 4336 1078 4378 rursus
1135 4321 1345 4377 invenit
1395 4321 1621 4376 Mariam
1679 4321 1888 4389 Jacobi,
1945 4330 2000 4378 et

419 4407 712 4473 Joannam,
743 4420 797 4467 et
826 4413 963 4469 alias
993 4413 1288 4470 nonnullas
1311 4430 1434 4468 cum
1469 4415 1624 4484 ipsis,
1657 4432 1780 4470 cum
1833 4429 2001 4486 appa-

421 4511 544 4557 ratu
576 4512 882 4558 aromatum
909 4512 963 4557 et
987 4513 1391 4575 unguentorum
1423 4507 1489 4560 ad
1524 4507 1834 4576 sepulcrum
1869 4522 1998 4576 pro-

421 4595 764 4662 parantes",
804 4594 1076 4652 discussis
1128 4599 1390 4665 tenebris,
1435 4615 1499 4655 ac
1540 4601 1812 4670 profundo
1853 4601 1999 4656 dilu-

421 4683 547 4738 culo
581 4684 716 4752 (hoc
760 4693 864 4744 est,
911 4687 1064 4756 justo
1096 4703 1161 4743 ac
1203 4703 1352 4753 vero,
1383 4697 1436 4743 et
1470 4707 1614 4745 nunc
1649 4691 1882 4761 primum
1917 4692 1991 4746 in-

421 4774 709 4846 cipiente),
746 4784 804 4830 ut
851 4778 1028 4848 inquit
1062 4778 1236 4835 Lucas
1261 4781 1325 4845 ’⁸,
1361 4779 1416 4835 et
1463 4781 1766 4852 adjungens
1800 4799 1859 4857 se
1891 4799 1999 4837 una

415 4883 546 4922 cum
577 4869 658 4923 eis
691 4869 821 4934 ibat,
854 4885 917 4923 ac
951 4881 1171 4941 pr0pter
1196 4873 1394 4928 ardens
1421 4873 1548 4943 cr‘ga
1581 4872 1763 4928 Jesum
1789 4873 2002 4929 deside-

421 4960 565 5027 rjum
592 4961 702 5016 dux
742 4977 932 5016 earum
958 4963 1266 5031 videbatur,
1312 4980 1375 5019 ac
1406 4974 1627 5036 propter
1663 4967 1804 5020 lianc
1841 4967 2002 5021 clari-

423 5060 612 5112 tatem,
641 5068 802 5123 quam
824 5070 888 5109 ex
925 5053 1072 5109 facto
1103 5056 1296 5126 adepta
1329 5065 1432 5121 est,
1470 5059 1643 5128 prima
1668 5058 1811 5130 apud
1840 5074 2000 5114 evan-

423 5145 645 5216 gelisms
679 5155 1020 5201 numeratur.
1053 5147 1318 5217 Cupiebat
1357 5149 1501 5204 enim
1543 5151 1704 5204 etiam
1742 5151 1848 5205 illis
1888 5168 1998 5206 non

422 5252 486 5298 ex
519 5238 606 5298 iis,
646 5254 768 5307 qua)
797 5239 865 5293 ab
904 5255 1028 5294 sese
1061 5251 1113 5295 et
1144 5242 1212 5295 ab
1243 5243 1412 5295 altera
1443 5241 1608 5296 Maria
1639 5242 1995 5312 audivissent,

425 5326 521 5379 sed
578 5342 642 5380 ex
706 5328 1026 5399 illis,ipsis,
1081 5344 1201 5398 qum
1235 5331 1515 5398 vidissent,
1547 5334 1631 5389 vel
1679 5335 1995 5406 angelorum

426 5419 716 5486 prtesentia
754 5420 910 5474 [idem
950 5421 1062 5476 ﬁeri
1114 5425 1570 5480 resurrectionis:
1622 5433 1677 5482 et
1718 5435 1837 5481 erat
1873 5444 1997 5483 cum

423 5509 507 5565 eis
558 5510 857 5579 prudenter
889 5527 952 5567 ac
989 5513 1170 5569 dedita
1194 5530 1357 5585 opera
1399 5525 1606 5585 tacens,
1645 5518 1888 5587 nihilque
1915 5518 1999 5572 di-

500 5685 544 5718 "
577 5684 739 5740 llebr.
773 5702 844 5754 tv,
874 5688 958 5744 12.
1039 5692 1080 5723 ³⁸
1114 5689 1278 5748 llcbr.
1312 5709 1384 5761 ιχ,
1427 5694 1512 5747 25.

1597 5694 1634 5726 ιτ
1669 5692 1802 5748 Luc.
1840 5709 1987 5762 xxiv,
2035 5693 2099 5750 10
2125 5711 2272 5766 sqq.;
2305 5693 2469 5750 Marc.
2500 5711 2607 5761 xvi,
2655 5695 2674 5749 l
2711 5710 2830 5768 5(1‘1'

2117 825 2318 889 ἐκανῶς
2346 824 2681 895 Θεασάμενος
2699 824 2727 875 ὁ
2751 823 3121 894 διικνούμενος
3145 825 3276 896 ἄχρι
3308 827 3577 898 μερισμοῦ
3596 830 3696 898 ψυ-

2113 917 2215 988 χῆς
2241 917 2336 970 καὶ
2365 915 2695 985 πνεύματος,
2729 914 2922 985 ἁρμῶν
2951 933 3010 968 τε
3037 915 3132 972 καὶ
3160 916 3392 987 μυελῶν,
3430 921 3526 973 καὶ
3575 938 3697 992 κρι-

2113 1007 2261 1070 τικὸς
2306 1006 2656 1077 ἐνθυμήσεων
2706 1007 2800 1060 καὶ
2833 1005 3054 1060 ἐννοιῶν
3097 1006 3360 1077 καρδίαςλ
3406 1013 3556 1080 φωνῇ
3599 1015 3697 1082 μιᾷ

2111 1099 2212 1168 τὴν
2239 1099 2498 1153 ἀπιστίαν
2525 1097 2768 1167 ἐξέκοψε,
2815 1099 2908 1152 καὶ
2948 1097 3010 1152 τὸ
3051 1097 3270 1169 βλέμμα
3308 1099 3409 1168 τῆς
3441 1103 3696 1167 γυναικὸς

2097 1189 2281 1257 ῶξυνε
2314 1190 2451 1260 πρὸς
2479 1190 2792 1260 ἐπίγνωσιν,
2823 1189 2992 1243 εἰπὼν
3021 1190 3287 1260 μόνον,ὠς
3318 1192 3479 1255 αὐτὸς
3505 1194 3698 1262 ἐγίνωε

2115 1297 2208 1334 σκε
2233 1319 2248 1343 ,
2289 1280 2624 1351 ἐντροπικῶς
2644 1297 2667 1323 ⁸-
2707 1281 2964 1352 Μαριάμ.
3021 1283 3131 1345 Καὶ
3187 1285 3529 1353 παραχρῆμα
3572 1286 3696 1337 ἐπι-

2113 1373 2434 1441 στραφείσα,
2466 1373 2576 1438 καὶ,
2595 1371 2892 1435 Ῥαϐουνὶ,
2910 1372 3379 1443 προσηγόρευσεν,
3404 1373 3433 1425 ὃ
3454 1373 3703 1441 λέγεται,

2110 1460 2480 1527 Διδάσκαλε,
2527 1461 2620 1515 καὶ
2666 1460 2775 1514 τῶν
2811 1459 2970 1514 θείων
3020 1460 3200 1515 ποδῶν
3253 1462 3478 1516 ἐκείνων
3511 1463 3706 1533 ἐζήτει,

2109 1549 2390 1614 λαϐέσθαι,
2428 1550 2522 1606 καὶ
2559 1551 2780 1622 ἢκουσε·
2821 1550 2916 1618 Μή
2956 1567 3077 1620 μου
3115 1551 3327 1606 ἅπτου.
3370 1552 3544 1606 οῦπω
3585 1553 3696 1621 γὰρ

2109 1646 2448 1714 ἀναϐέϐηκα
2476 1648 2621 1715 πρὸς
2657 1647 2763 1701 τὸν
2790 1648 3022 1716 Πατέρα
3049 1667 3188 1717 μου.
3237 1649 3475 1721 Ταύτης,
3506 1653 3692 1720 φησὶν,

2109 1737 2210 1808 ἥδη
2241 1737 2340 1809 τῆς
2387 1738 2570 1808 φωνῆς
2598 1739 2835 1810 τυχοῦσα
2879 1740 2982 1809 τῆς
3031 1740 3260 1811 δωρεᾶς,
3316 1742 3410 1795 καὶ
3443 1742 3694 1813 ἁψαμένη

2111 1847 2212 1901 μου
2245 1831 2385 1902 μετὰ
2408 1833 2508 1902 τῆς
2535 1832 2698 1903 ἀλλης
2730 1833 2971 1904 Μαρίας,
2997 1833 3093 1886 καὶ
3126 1836 3578 1904 προσκυνήσασα,
3601 1838 3695 1890 καὶ

2038 1913 2080 1968 Β
2108 1923 2233 1984 τοὺς
2263 1921 2427 1985 πόδας
2473 1923 2793 1993 κρατήσασα
2826 1923 3270 1994 κατηφρόνησας,
3318 1925 3392 1988 ὡς
3441 1927 3537 1980 καὶ
3566 1929 3696 1979 ἀπι-

2109 2013 2325 2084 στῆσαι,
2380 2014 2473 2067 xul.
2516 2014 2668 2068 οὐδὲν
2702 2015 2844 2085 μέγα
2881 2015 3161 2088 διενοήθης
3194 2017 3323 2088 περί⁸
3369 2016 3525 2086 ἐμοῦ,
3579 2018 3697 2070 ἀλλ’

2107 2105 2184 2160 ἔτι
2220 2106 2348 2178 περὶ
2374 2107 2435 2161 τὸ
2465 2111 2652 2179 μνῆμα
2691 2108 2902 2180 ἐζήτεις
2932 2109 3024 2162 τὸν
3062 2109 3267 2165 ἄνωθεν
3317 2109 3513 2174 θεῖκῶς
3559 2111 3695 2182 πρὸς

2103 2197 2194 2266 τὸν
2223 2197 2442 2269 Πατέρα
2476 2198 2808 2270 ὑπάρχοντα.
2848 2199 2958 2254 Καὶ
3006 2198 3102 2253 νῦν
3151 2201 3226 2272 μή
3276 2218 3376 2271 μου
3411 2200 3610 2261 ἅπτου,
3645 2203 3693 2255 εί

2107 2292 2245 2362 μετὰ
2269 2292 2367 2363 τῆς
2397 2292 2566 2364 αὐτῆς
2612 2293 2847 2355 διανοίας
2883 2292 2944 2346 τὸ
2972 2293 3108 2361 πρὸς
3152 2292 3244 2346 τὸν
3292 2293 3518 2364 Πατέρα
3563 2295 3696 2348 ἀνα-

2106 2383 2264 2453 ϐῆναι
2292 2383 2531 2451 νομίζεις
2566 2382 2832 2436 ἐλλείπειν
2869 2400 2976 2454 μοι.
3010 2383 3188 2437 Οὔπω
3217 2384 3324 2452 γὰρ
3351 2383 3696 2449 ἀναϐέϐηκα

2104 2473 2244 2526 κατά
2289 2473 2348 2525 σέ
2401 2473 2550 2542 πρὸς
2587 2473 2692 2527 τὸν
2732 2474 2964 2543 Πατέρα
3003 2491 3123 2543 μου
3153 2489 3168 2503 °
3226 2473 3392 2541 πλὴν
3429 2477 3692 2542 πορεύου

2104 2567 2254 2631 πρὸς
2287 2564 2429 2630 τοὺς
2465 2565 2767 2634 ἀδελφούς
2781 2583 2922 2634 μου.
2958 2565 3054 2619 καὶ
3083 2563 3214 2618 εἰπὲ
3251 2565 3456 2632 αὐτοῖς
3479 2581 3492 2594 ο
3535 2567 3692 2620 Ἀνα-

2105 2659 2284 2710 ϐαίνω
2307 2657 2458 2726 πρὸς
2477 2659 2584 2712 τὸν
2605 2658 2833 2727 Πατέρα
2846 2676 2985 2727 μου,
3010 2659 3108 2712 καὶ
3131 2658 3357 2728 Πατέρα
3378 2659 3568 2730 ὑμῶν,
3592 2662 3690 2714 καὶ

2107 2748 2256 2802 Θεόν
2288 2766 2431 2818 μου,
2462 2749 2560 2802 καὶ
2595 2747 2743 2802 θεὸν
2771 2747 2956 2818 ὑμῶν.
3021 2748 3238 2820 Ἐπειδὴ
3267 2748 3488 2817 γέγονα,
3535 2751 3686 2820 φησι,

2104 2838 2246 2892 κατά
2293 2840 2472 2910 σάρκα
2505 2841 2845 2911 πρωτότοκος
2893 2841 2952 2892 ἐν
2996 2839 3209 2904 πολλοῖς
3251 2841 3537 2911 ἀδελφοῖς,
3589 2842 3688 2894 οὐκ

2104 2933 2324 3004 ἐμαυτῷ
2369 2933 2485 2999 νῦν,
2534 2933 2648 2987 ἀλλ’
2699 2934 2828 3003 ὑμῖν
2873 2935 2985 2997 τοῖς
3029 2933 3311 3002 ἀδελφοῖς,
3362 2935 3691 3004 σωματικῶς

2103 3026 2447 3096 ἀναϐήσομαι
2476 3026 2609 3096 πρὸς
2627 3025 2716 3079 τὸν
2745 3025 2966 3096 Πατέρα
2995 3043 3120 3098 μου,
3151 3026 3244 3078 xu‘t
3273 3027 3490 3098 Πατέρα
3511 3026 3686 3097 ὑμῶν,

2103 3119 2195 3170 καὶ
2227 3117 2359 3170 Θεόν
2391 3136 2512 3187 μου,
2545 3120 2640 3172 καὶ
2663 3119 2794 3173 Θεὸν
2823 3119 2996 3190 ὑμῶν.
3047 3121 3110 3172 Εἰ
3141 3120 3216 3189 μὴ
3251 3119 3358 3190 γὰρ
3387 3117 3520 3188 ἐμοῦ
3553 3120 3686 3183 Θεὸς

2104 3211 2495 3282 ἐχρημάτισας,
2541 3212 2598 3263 ἐν
2631 3211 2754 3280 ἐμοὶ
2802 3212 2862 3265 τὸ
2915 3211 3143 3282 ἄμωμον
3187 3211 3286 3281 τῆς
3329 3211 3682 3282 ἀνθρωπίνης

2102 3303 2315 3371 φύσεως
2351 3303 2437 3355 διά
2467 3303 2527 3355 τὸ
2552 3303 2764 3371 ἀγνοεῖν
2794 3304 3066 3374 ἁμαρτίαν
3088 3344 3103 3368 ,
3153 3303 3228 3365 ὡς
3261 3304 3316 3355 ἐν
3347 3305 3569 3374 ἀπαρχῇ
3597 3302 3691 3357 τοῦ

2101 3398 2290 3466 γένους
2321 3397 2465 3461 ίδὼν,
2493 3398 2592 3451 οὐκ
2619 3398 2684 3451 ἂν
2715 3397 2868 3468 ὑμῶν
2897 3396 3096 3466 ἐκλήθη
3127 3397 3334 3468 Πατὴρ,
3364 3397 3396 3465 ἢ
3429 3397 3561 3459 Θεὸς
3583 3385 3704 3450 τῶν

2101 3489 2625 3559 ἀπηλλοτριωμένων
2658 3487 2843 3541 αὑτοῦ.
2892 3487 2983 3541 Διὸ
3026 3489 3120 3542 καὶ
3150 3487 3365 3551 Παῦλος
3412 3489 3692 3558 Ἑϐραίοις

2101 3579 2430 3632 ἐπιστέλλων
2456 3580 2658 3647 ἔλεγεν·
2688 3579 2772 3633 Οὐ
2796 3581 2905 3650 γὰρ
2925 3579 3305 3649 χειροποίητα
3331 3580 3467 3649 ἅγια
3492 3578 3694 3648 εἰσῆλ-

2101 3671 2205 3722 θεν
2234 3672 2266 3722 ό
2298 3669 2550 3735 Χριστὸς
2577 3669 2872 3723 ἀντίτυπα
2916 3668 3035 3722 τῶν
3065 3669 3389 3734 ἀληθινῶν,
3437 3671 3576 3724 ἀλλ’
3606 3673 3695 3735 εἰς

2100 3755 2284 3810 αὐτὸν
2298 3757 2403 3809 τὸν
2413 3755 2791 3824 οἰφαι-’ὸννῦν
2801 3755 3289 3828 ἑ[μ]φανισθῆναι
3303 3756 3382 3821 τῷ
3393 3757 3695 3824 προσώπῳ

2103 3842 2250 3897 Θεοῦ
2269 3841 2420 3911 ὑπὲρ
2445 3843 2632 3911 ἡμῶν.
2661 3844 2920 3914 Ἔρχεται
2951 3841 3043 3897 οὖν
3071 3846 3104 3916 ή
3135 3845 3466 3915 Μαγδαληνὴ
3500 3847 3700 3916 Μαρία

2101 3930 2517 3998 ἀπαγγέλλουσα
2538 3933 2650 3994 τοῖς
2681 3932 2967 4002 μαθηταῖς,
2991 3934 3070 3986 ὃτι
3093 3933 3306 4004 ἑώρακε
3325 3933 3417 3985 τὸν
3457 3933 3688 4002 Κύριον,

2101 4021 2194 4072 καὶ
2227 4021 2398 4075 ταῦτα
2425 4016 2577 4072 εἶπεν
2603 4021 2760 4091 αὐτῇ.
2796 4019 3221 4091 Παραγενομένη
3269 4020 3325 4073 δὲ
3367 4023 3460 4073 καὶ
3504 4021 3693 4090 ἀπαγ-

2101 4107 2348 4176 γείλασα,
2397 4107 2558 4161 πάλιν
2592 4107 2836 4178 εὑρίσκει
2869 4108 3085 4179 Μαρίαν
3117 4107 3214 4178 τὴν
3256 4107 3513 4162 Ἰακώϐου
3540 4149 3555 4172 ,
3597 4113 3697 4163 καὶ

2114 4196 2363 4249 ἰωάνναν
2385 4235 2402 4260 ,
2453 4196 2548 4249 καὶ
2579 4195 2743 4259 ἄλλας
2776 4197 2873 4250 σὺν
2907 4197 3097 4260 αὑταῖς
3149 4197 3286 4266 μετά
3333 4199 3695 4270 παρασκευῆς

2102 4280 2411 4350 ἀρωμάτων
2444 4283 2539 4334 καὶ
2575 4281 2761 4352 μύρων
2807 4282 2944 4354 πρὸς
2973 4282 3062 4335 τὸν
3105 4283 3277 4351 τάφον
3304 4284 3691 4355 ἐπειγομένας,

2100 4369 2194 4422 τοῦ
2220 4370 2442 4434 σκότους
2467 4371 2943 4442 ὑποχωρήσαντος,
2972 4371 3066 4425 καὶ
3092 4371 3291 4442 ὄρθρου
3327 4371 3515 4442 βαθέος
3538 4375 3696 4439 ὄντος

2105 4458 2421 4524 (τουτέστιν,
2458 4459 2724 4530 ἀκριϐῶς,
2774 4460 2870 4513 xul.
2919 4460 3044 4530 ἄρτι
3084 4462 3298 4531 πρῶτον
3335 4460 3690 4533 ἀρξαμένου),

2105 4547 2286 4612 καθώς
2312 4565 2476 4617 φησιν
2523 4550 2552 4602 ὁ
2594 4550 2827 4612 Λουκᾶς,
2881 4550 2974 4602 xu".
3020 4550 3330 4619 ἀναμίξασα
3364 4551 3562 4620 ἑαυτὴν
3593 4553 3694 4605 σὺν

2034 4622 2079 4681 ί)
2105 4639 2312 4703 αὑταῖς,
2349 4637 2660 4708 ἐπορεύετο,
2685 4639 2772 4692 διὰ
2801 4640 2862 4691 τὸ
2889 4638 3090 4710 θερμὸν
3117 4639 3212 4692 τοῦ
3246 4641 3412 4693 πόθου
3438 4640 3533 4693 τοῦ
3560 4642 3694 4712 περὶ

2105 4680 2312 4703 --....,,
2349 4680 2660 4708 -..νγ---.η
2686 4680 2772 4692 ν...
2811 4680 2862 4691 ,υ
2892 4680 3087 4710 un.-.
3132 4680 3212 4692 η-
3252 4680 3412 4693 ..-νυν
3449 4680 3532 4693 η..
3568 4680 3726 4712 ...ιη-

2103 4726 2195 4780 τὸν
2247 4726 2753 4798 Ἰησοῦν,ὲξάρχειν
2807 4727 2985 4781 αὐτῶν
3029 4727 3301 4792 δοκοῦσα,
3349 4729 3444 4781 καὶ
3495 4680 3728 4800 πρώτηί

2105 4814 2255 4885 παρά
2298 4817 2411 4878 τοῖς
2453 4814 2866 4883 εὐαγγελισταίς
2895 4814 3308 4886 ἀριθμουμένη,
3361 4815 3448 4868 διὰ
3495 4816 3556 4869 τὸ
3601 4819 3726 4938 ἐν-ι

2105 4901 2294 4938 κεῦθεν
2323 4902 2592 4938 let-ieeur“;
2659 4903 2947 4938 tamen...“
3002 4905 3110 4938 νιιη
3141 4904 3230 4938 ναι
3276 4903 3443 4938 ...νη-,ιρ
3497 4903 3598 4938 ,μιν
3629 4903 3690 4938 ις

2102 4901 2294 4955 τεῦθεν
2323 4902 2612 4973 ἐπίσημον.
2659 4903 2951 4973 Ἐπεθύμει
3002 4905 3110 4972 γὰρ
3141 4904 3236 4957 καὶ
3275 4903 3466 4967 αὐτὰς,
3497 4903 3600 4956 οὐκ
3628 4903 3693 4967 ἐξ

2105 4983 2179 5043 ὧν
2214 4990 2343 5060 παρ’
2389 4991 2559 5057 αὐτῆς
2591 4992 2685 5044 καὶ
2719 4992 2817 5062 τῆς
2864 4991 3028 5060 ἄλλης
3073 4989 3292 5061 Μαρίας
3327 4991 3542 5060 ἢκουον,
3571 4991 3689 5044 ἀλλ’

2105 5079 2163 5143 ἐξ
2194 5079 2363 5148 αὐτῆς
2387 5083 2486 5148 τῆς
2510 5080 2678 5143 θείας,
2717 5079 2749 5150 ἢ
2779 5081 3024 5147 ἀγγέλων
3057 5079 3378 5142 ἐπιστασίας
3408 5079 3691 5149 πιστωθῆ-

2103 5185 2190 5220 ναι
2220 5167 2354 5237 πρὸς
2388 5169 2484 5238 τὴν
2512 5169 2804 5222 ἀνάστασιν
2827 5185 2839 5197 ο
2888 5168 2982 5221 καὶ
3017 5168 3182 5236 συνῆν
3217 5168 3407 5231 αὑταῖς
3449 5170 3690 5232 συνετῶς

2106 5256 2391 5316 σιωπῶσα,
2435 5257 2529 5309 καὶ
2561 5256 2726 5326 μηδὲν
2756 5255 2990 5324 λέγουσα
3017 5255 3520 5324 διαπορευομέναις,
3549 5257 3691 5310 ἀλλά

2103 5344 2202 5413 τὴν
2247 5342 2356 5396 τῶν
2408 5346 2746 5412 πραγμάτων
2791 5344 3132 5412 ἀναμένουσα
3182 5344 3420 5416 Μαρίαν,
3469 5345 3564 5398 καὶ
3598 5362 3690 5397 πι-

2108 5429 2368 5483 στεύουσα
2399 5431 2492 5483 καὶ
2522 5431 2715 5494 αὐταῖς
2743 5431 2924 5492 αὐτοῖς
2954 5429 3196 5499 ὄμμασιν
3231 5429 3367 5484 ἰδίαν
3397 5432 3516 5484 τινὰ
3550 5431 3688 5501 πληο

2108 5518 2364 5588 ροφορίαν
2385 5516 2727 5589 δοθήσεσθαι.
2757 5519 2866 5572 Καὶ
2890 5518 2954 5589 δὴ
2978 5519 3067 5572 τὸν
3090 5517 3234 5573 λίθον
3256 5517 3671 5591 ἀποκεκυλισμὲ

2911 5695 2950 5727 ’⁸
2979 5693 3105 5751 Luc.
3135 5709 3280 5760 xxtv,
3313 5694 3361 5752 1.
