3842 6412
106 281 197 337 641
1028 282 1096 337 ῙΝ
1120 278 1397 337 CHRISTI
1438 279 2073 338 RESURRECTIONEM
2105 282 2313 339 ()RAT.
2347 285 2414 341 Il.

3266 290 3369 344 542

105 417 189 453 νιν
237 399 450 453 ἰδοῦσαι
486 399 580 453 τοῦ
637 400 938 470 μνήματος,
986 398 1131 451 ἔνδον
1165 396 1432 465 ἐγένοντο,
1475 396 1570 451 καὶ
1596 397 1677 465 οὐ)

1800 411 1953 462 cens,
2001 413 2124 452 cum
2157 398 2491 454 admirantes
2519 409 2680 469 atque
2713 400 3023 455 dubitantes
3052 415 3172 456 eam
3202 402 3369 457 inter-

106 490 363 559 εὑροῦσαι
392 491 453 543 τὸ
482 491 642 560 σῶμα
670 490 764 543 τοῦ
804 490 1000 559 Ἰησοῦ,
1030 492 1122 544 καὶ
1150 489 1539 558 ἀπορούμεναι,
1572 487 1690 557 βλέ-

105 598 297 635 πουσιν
346 583 674 645 ἐπιστάντας
728 584 919 645 αὐταῖς
965 582 1160 650 ἄνδρας
1204 579 1298 633 δύο
1325 583 1445 643 ταῖς
1477 579 1690 641 στολαῖς

108 675 608 744 ὲξαστράπτοντας,
644 677 737 728 καὶ
760 676 956 744 ἤκουον
979 671 1110 741 παρ’
1137 670 1315 723 αὐτῶν
1341 689 1353 701 ·
1394 672 1452 723 Τι’
1473 669 1690 744 ζητεῖτε

102 766 205 817 τὸν
231 764 423 824 ζῶντα
445 766 598 833 μετὰ
628 763 744 817 τῶν
763 759 1025 828 ruptor;
1055 763 1175 813 Οὐκ
1201 763 1371 815 ἐστιν
1387 754 1523 825 ὦδε,
1550 743 1689 815 ἀλλ’

101 855 343 923 ἠγέρθη,
395 858 489 909 καὶ
534 856 599 907 τὰ
642 852 788 923 ἑξῆς.
846 848 955 905 Καὶ
1004 850 1450 922 ὑποστρέψασαι,
1500 852 1685 921 φησὶν,

99 948 203 999 ἀπὸ
252 947 350 999 τοῦ
391 942 692 1017 μνημείου,
740 942 1079 1013 ἀπήγγειλαν
1128 941 1301 995 ταῦτα
1348 942 1525 997 πάντα
1574 945 1686 1006 τοῖς

100 1038 313 1101 ἕνδεκα,
348 1035 442 1089 καὶ
481 1038 612 1087 πᾶσι
642 1037 749 1098 τοῖς
783 1035 1008 1099 λοιποῖς.

1798 496 2015 559 rogaret
2040 507 2055 555 ;
2085 489 2180 544 sed
2208 491 2561 558 exspectabat
2606 506 2787 546 rerum
2818 500 3091 562 gestarum
3120 493 3368 547 testimo-

1796 578 2057 641 nium,‘et
2079 580 2335 635 credebat
2356 580 2473 636 fore
2499 589 2559 635 ut
2581 582 2744 637 etiam
2780 582 2889 638 illis
2920 583 3197 654 sigillatim
3220 595 3369 640 certa

1800 669 1937 725 ﬁdes
1962 670 2232 740 plenaque
2256 673 2544 741 persuasio
2570 688 2665 742 per
2692 673 2975 728 oculorum
3006 674 3157 729 ﬁeret
3182 674 3366 745 inspe-

1798 763 2056 820 ctionem.
2086 763 2269 834 Itaque
2293 778 2418 819 cum
2446 765 2681 835 lapidem
2711 779 2741 817 a
2773 775 3126 820 monumento
3156 768 3369 821 revolu-

1795 862 1911 908 tum
1952 854 2241 921 vidissent,
2287 857 2547 927 ingressa:
2585 864 2734 921 sunt,
2783 865 2839 911 et
2864 873 2973 911 non
2999 858 3220 913 invento
3249 875 3369 913 cor-

1793 960 1927 1016 pore
1950 945 2101 1014 Jesu,
2143 947 2319 1002 anxiae.
2351 957 2515 1018 atque
2550 946 2866 1002 hzesirantes
2893 946 3077 1002 vident
3124 958 3368 1003 astantes

1790 1036 1895 1092 sibi
1916 1037 2066 1093 viros
2095 1039 2235 1095 duos
2265 1040 2420 1095 stolis
2451 1036 2615 1108 quasi
2641 1036 3037 1108 eﬁ‘ulgurantes
3062 1058 3078 1119 ξ
3108 1053 3136 1091 a
3167 1040 3368 1108 quibus

44 1128 47 1129 ⁷
102 1131 425 1197 audiverunt
456 1145 468 1180 :
500 1127 641 1193 Quid
680 1129 919 1197 quaeritis
957 1130 1207 1181 viventem
1240 1144 1359 1180 cum
1404 1128 1630 1182 mortuis
1653 1130 1679 1183 ?
1717 1144 1820 1181 non
1849 1139 1927 1182 est
1949 1130 2053 1194 hic,
2086 1132 2177 1186 Sed
2201 1133 2428 1185 surrexit
2458 1132 2521 1196 ι’,
2555 1136 2661 1186 etc.
2728 1128 2798 1183 Et:
2841 1142 3093 1187 reversa}.
3172 1132 3365 1201 inquit,

102 1230 127 1267 ε
165 1226 530 1273 monumento
584 1202 977 1271 nuntiaverunt
1015 1218 1128 1271 haee
1176 1219 1361 1271 omnia
1422 1219 1675 1272 undecim
1718 1218 1826 1273 illis
1863 1222 2018 1285 viris,
2049 1230 2102 1276 et
2132 1222 2343 1278 caeteris
2373 1221 2649 1279 omnibus.

177 1308 320 1361 Ἀλλ’
352 1309 430 1370 ὡς
462 1307 662 1377 πλῆθος
693 1308 843 1370 ὅντες
864 1346 879 1371 ,
932 1308 1130 1377 μᾶλλον
1160 1309 1468 1378 ἠπίστησαν
1502 1309 1595 1362 καὶ
1623 1308 1684 1360 τὸ

98 1398 441 1466 ἁπαγγελθὲν
475 1397 727 1466 ἕσκωψαν
757 1398 853 1450 καὶ
874 1397 1186 1455 διέπτυσαν,
1241 1400 1547 1468 Ἐφάνησαν
1575 1398 1684 1469 γὰρ

98 1492 224 1543 ὡσεὶ
264 1491 431 1560 λῆρος
474 1489 543 1543 τὰ
573 1492 793 1561 ῥήματα
823 1490 1020 1554 αὐτῶν,
1055 1489 1150 1543 καὶ
1181 1491 1443 1560 ἠπίστουν
1472 1488 1682 1555 αὑταῖς,

97 1583 232 1635 ὥστε
267 1584 363 1635 τὸν
398 1585 603 1652 Πέτρον
651 1582 787 1653 πρὸς
820 1582 919 1652 τὴν
954 1581 1176 1635 ἐκείνων
1209 1581 1466 1634 ἀπιστίαν
1497 1581 1682 1634 διαναι-

1868 1308 1975 1363 Sed
2008 1320 2070 1365 ut
2094 1320 2253 1366 erant
2288 1313 2486 1383 vulgus
2516 1318 2579 1368 et‘
2599 1312 2890 1369 multitudo
2916 1313 3164 1375 confusa.
3196 1315 3368 1384 magis

1794 1399 1860 1452 ad
1892 1400 2332 1457 incredulitatem
2368 1402 2723 1470 deflererunt,
2769 1411 2933 1473 atque
2962 1404 3015 1457 id
3054 1405 3197 1473 quod
3231 1405 3370 1459 relas

1791 1501 1908 1546 tum
1935 1501 2075 1556 erat,
2111 1495 2528 1559 eavillabantur,
2578 1494 2911 1565 respuebant
2956 1504 3011 1550 et
3038 1497 3369 1551 aversabanu

1793 1588 1900 1635 tur.
1935 1580 2272 1637 Videbantur
2322 1599 2469 1638 cnim
2519 1585 2687 1640 verba
2725 1600 2919 1640 earum
2962 1587 3127 1655 quasi
3167 1585 3367 1641 delira-

99 1677 296 1730 στάντα
316 1714 331 1736 ,
384 1675 479 1727 καὶ
509 1675 695 1745 ἠρέμα
738 1692 855 1737 πως
883 1675 978 1727 καὶ
1003 1674 1164 1728 αὑτὸν
1194 1674 1561 1746 θορυϐηθέντα
1592 1674 1677 1727 καΊ

1788 1682 1992 1738 menta,
2020 1689 2199 1744 neque
2235 1675 2401 1730 fidem
2440 1677 2555 1731 illis
2579 1672 2867 1739 habebant,
2900 1676 3036 1731 adeo
3076 1685 3134 1731 ut
3172 1675 3367 1731 Petrus

98 1768 444 1830 σαλευθέντα,
498 1767 657 1819 πάλιν
684 1767 778 1819 ἐπὶ
806 1766 867 1819 τὸ
902 1768 1165 1837 μνημεῖον
1191 1766 1417 1837 δραμεῖν
1448 1765 1543 1818 καὶ
1570 1782 1678 1819 πα-

98 1861 358 1933 ρακύψαι,
408 1861 502 1914 καὶ
551 1860 677 1913 ἰδεῖν
706 1860 867 1911 πάλιν
900 1860 969 1913 τὰ
1011 1859 1194 1913 ὀθόνια
1242 1860 1488 1929 κείμενα,
1537 1860 1680 1929 ἆπερ

94 1950 352 2003 εἰσελθὼν
399 1951 499 2020 ἤδη
550 1950 643 2002 καὶ
693 1948 1027 2019 θεασάμενος
1070 1948 1457 2021 ἀκριϐέστερον
1487 1990 1502 2013 ,
1558 1950 1680 2003 ὅθεν

94 2042 381 2112 ἀρκεσθεὶς
413 2040 494 2111 τῷ
530 2040 854 2111 παρακύψαι
886 2042 1066 2111 μόνον,
1102 2041 1195 2094 καὶ
1230 2041 1395 2110 μηδὲν
1437 2039 1560 2095 ἰδὼν
1588 2040 1681 2094 ἀλ-

92 2136 387 2203 λοιότερον,
434 2133 645 2202 ἀπῆλθε
691 2133 985 2202 θαυμάζων
1031 2133 1122 2186 καὶ
1152 2134 1589 2203 ἐκπληττόμενος
1615 2133 1682 2186 τὸ

94 2228 336 2296 γεγονὸς.
369 2226 462 2279 καὶ
489 2224 726 2292 δοξάζων
756 2225 847 2277 τὸν
876 2225 1049 2278 ταῦτα
1074 2227 1525 2296 οἰκονομήσαντα.
1571 2228 1680 2281 Kal

97 2319 256 2371 πάλιν
315 2320 349 2386 ἡ
412 2315 744 2387 Μαγδαληνὴ
790 2316 1018 2387 Μαρία,
1072 2315 1323 2388 καθάπερ
1375 2320 1494 2380 ταῖς
1553 2321 1682 2390 περὶ

105 2411 362 2478 Ἰωάννην
409 2408 608 2478 ὄρθρου
656 2406 847 2477 βαθέος
894 2407 1261 2477 συνεπορεύθη
1307 2410 1596 2479 φερούσαις
1645 2411 1680 2464 ἃ

92 2498 231 2563 ἦσαν
279 2502 639 2569 ἐτοιμάσασαι
692 2501 799 2569 πρὸ
843 2496 936 2550 τοῦ
994 2497 1270 2551 Σαδδάτου
1323 2499 1469 2570 μύρα
1499 2518 1559 2553 τε
1587 2502 1681 2553 καὶ

94 2594 365 2665 ἀρώματα
392 2611 405 2625 ·
460 2593 549 2645 τὸν
579 2592 740 2646 αὑτὸν
786 2592 984 2660 τρόπον
1016 2592 1108 2645 καὶ
1136 2596 1201 2663 τῇ
1236 2592 1504 2665 Σαλώμῃ,
1553 2594 1677 2665 ξένῃ

94 2684 317 2753 γυναικὶ¹
349 2682 501 2748 παρὰ
535 2681 633 2745 τὰς
662 2682 826 2744 ἄλλας
859 2684 957 2744 τὰς
987 2682 1401 2755 ὠνομασμένας,
1440 2684 1680 2754 βραδέως

96 2777 214 2845 μὲν,
248 2774 580 2845 ὠνησαμένη
624 2773 680 2826 δὲ
726 2774 877 2843 ὅμως
924 2772 1213 2842 ἀρώματα,
1258 2773 1393 2827 ἀλλά
1440 2774 1578 2842 μετά
1618 2774 1679 2828 τὺ

92 2866 395 2929 Σαϐϐατον,
427 2866 635 2927 ἀόκνως
674 2864 809 2933 μετά
837 2866 936 2934 τῆς
964 2864 1132 2935 αὐτῆς
1161 2864 1399 2927 διανοίας
1427 2864 1679 2935 συνέτρε-

93 2979 149 3031 χε
177 3001 191 3023 ,
249 2956 646 3031 παραλαϐοῦσα
696 2957 788 3009 καὶ
838 2955 1056 3026 Μαρίαν
1096 2956 1197 3026 τὴν
1253 2955 1507 3009 Ἰακώὸου
1559 2957 1678 3025 μεθ’

92 3055 293 3123 ἑαυτῆς
314 3093 330 3117 ,
379 3051 521 3105 ὥστε
565 3051 659 3103 καὶ
699 3053 765 3121 τῇ
800 3049 1071 3120 ἀγορασίᾳ
1107 3048 1215 3101 τῶν
1244 3049 1551 3119 ἀρωμάτων
1585 3066 1675 3101 κε-

91 3138 487 3211 κοινωνηκέναι
517 3139 712 3192 δοκεῖν.
746 3139 1160 3208 Κοινωνήσασαι
1189 3138 1295 3209 γὰρ
1325 3138 1425 3208 τῆς
1449 3139 1589 3202 ὀδοῦ,
1618 3139 1679 3192 τὸ

91 3236 199 3288 πᾶν
227 3232 427 3297 κοινῶς
466 3231 775 3299 ὲλογίσαντο
809 3229 1129 3300 σπούδασμα
1151 3247 1166 3260 ·
1212 3231 1321 3285 Kal
1358 3232 1504 3285 λίαν
1531 3232 1680 3301 πρωῒ

88 3325 201 3393 τῆς
234 3322 379 3394 μιᾶς
405 3322 719 3377 Σαϐϐάτων
758 3324 1034 3392 ἔρχονται
1070 3322 1166 3375 ἐπὶ
1198 3322 1266 3375 τὸ
1289 3323 1518 3392 μνῆμα.
1558 3325 1679 3378 Ἔτι

89 3420 202 3479 τοῖς
237 3413 652 3484 ἀκριϐεστέροις
695 3414 805 3467 τῶν
837 3413 1188 3484 ἀντιγράφων
1237 3414 1537 3485 ἐμφέρεται
1584 3415 1679 3487 δηο

88 3509 235 3571 λοῦν,
263 3508 341 3569 ὡς
376 3506 511 3577 πρὸς
541 3506 661 3569 ταῖς
693 3504 794 3575 ήδη
824 3505 1243 3575 γεγενημέναις,
1276 3507 1370 3558 καὶ
1403 3506 1541 3577 αὕτη
1565 3506 1677 3561 τῶν

89 3600 367 3668 γυναικῶν
394 3601 428 3668 ἡ
456 3598 548 3649 ἐπὶ
567 3595 627 3649 τὸ
656 3595 844 3667 μνῆμα
872 3596 1055 3665 ἄφιξις
1079 3597 1404 3665 γέγονεν.Τὸ
1423 3598 1500 3661 δὲ,
1529 3598 1679 3653 Λίαν

88 3690 623 3763 πρωῒ,σαφηνίζωνό
639 3686 885 3760 Μάρκος,
904 3690 1344 3755 Ἀνατείλαντος
1354 3691 1459 3745 τοῦ
1474 3692 1677 3758 ἡλίου,

86 3786 455 3857 προσέθηκεν.
502 3782 610 3837 Καὶ
651 3784 884 3854 ἔλεγον,
920 3783 1074 3853 φησὶ,
1120 3783 1270 3851 πρὸς
1307 3783 1542 3847 ἑαυτάς·
1581 3786 1678 3850 Τίς

87 3874 455 3931 ἀποκυλίσει
497 3872 643 3943 ἡμῖν
684 3873 791 3927 τὸν
817 3874 992 3927 λίθον
1044 3872 1164 3926 ἀπὸ
1202 3871 1315 3940 τῆς
1353 3872 1537 3941 θύρας
1569 3873 1676 3927 τοῦ

84 3967 420 4038 μνημείου;
454 3965 562 4020 Kal
593 3963 1013 4033 ἀναϐλέψασαι
1046 3964 1372 4032 θεωροῦσιν
1409 3966 1500 4019 ὅτι
1528 3966 1676 4020 ἀπο-

87 4060 442 4113 κεκύλισται
483 4059 517 4111 ό
543 4057 734 4123 λίθος.
763 4052 876 4111 Ἦν
910 4056 1020 4125 γὰρ
1042 4055 1230 4126 μέγας
1263 4058 1518 4126 σφόδρα.
1563 4058 1677 4127 Τῆς

88 4154 196 4223 γὰρ
226 4149 499 4220 Σαλώμης
525 4148 749 4211 δικαίως
776 4148 1179 4219 ἀπορουμένης,
1212 4149 1288 4212 ὡς
1320 4149 1381 4203 τὸ
1416 4151 1676 4221 παράπαν

90 4246 166 4315 μὴ
214 4240 638 4311 ὲπιδημησάσης
681 4238 759 4309 τῷ
801 4239 988 4309 τάφῳ,
1039 4240 1134 4292 καὶ
1176 4238 1349 4293 ταῦτα
1395 4241 1532 4312 πρὸς
1576 4242 1675 4305 τὰς

89 4332 530 4407 συμϐαδιζούσας
574 4330 874 4401 λεγούσης,
928 4333 1130 4385 ἐκεῖναι
1183 4332 1393 4403 σιωπὴν
1445 4334 1674 4400 ἄγουσαι

86 4428 229 4483 κατὰ
272 4426 369 4479 τὸν
408 4423 699 4495 εἰρημένον
730 4424 988 4493 ἀνωτέρω
1015 4423 1233 4493 τρόπον,
1274 4425 1369 4478 καὶ
1413 4426 1536 4489 τοὺς
1578 4426 1674 4495 όφ-

88 4520 333 4591 θαλμοὺς
358 4518 586 4587 ἄρασαι,
622 4515 702 4587 τῷ
731 4516 1003 4587 βλέμματι
1035 4514 1131 4586 τὴν
1165 4515 1455 4586 ἀπόκρισιν
1484 4519 1673 4590 ἐποιή-

92 4629 254 4665 σαντο
278 4629 293 4643 ·
344 4610 441 4663 καὶ
488 4610 597 4682 γὰρ
642 4610 672 4661 ὁ
718 4608 865 4671 λίθος
904 4606 1400 4678 ἀποκεκυλισμένος
1431 4609 1523 4660 ὑπ’
1551 4608 1671 4678 ὄψιν

88 4702 365 4767 ἐφαίνετο.
396 4699 495 4752 Διὰ
513 4698 572 4751 δὲ
598 4698 697 4770 τὴν
723 4696 904 4767 κοινὴν
929 4696 1021 4749 καὶ
1049 4696 1176 4767 μίαν
1201 4697 1505 4767 ὁδοιπορίαν
1534 4700 1670 4770 πρὸς

87 4794 324 4866 ἀλλήλας
348 4791 517 4853 αὑτὰς
543 4788 881 4859 ἠπορηκέναι
910 4788 1004 4842 καὶ
1031 4788 1315 4859 διειλέχθαι
1339 4789 1663 4862 γέγραπται,

87 4890 149 4957 τῇ
188 4866 422 4956 ἀληθεία
452 4883 551 4953 τῆς
587 4882 823 4953 ἱστορίας
869 4883 963 4934 καὶ
987 4884 1052 4952 τῇ
1090 4881 1250 4949 φύσει
1274 4882 1383 4937 τῶν
1411 4886 1668 4953 πραγμά-

88 4994 191 5032 των
219 4978 254 5047 ἡ
262 4974 382 5046 μῶν
415 4974 808 5045 προσεχόντων,
845 4973 940 5025 καὶ¹
961 4972 1339 5043 διακρινόντων
1364 4973 1509 5047 τίνος
1539 4975 1667 5027 ἴδιον

88 5068 302 5141 ὑπῆρχε
333 5066 395 5119 τὸ
417 5065 712 5135 διαπορεῖν.
746 5064 856 5127 Τὰς
896 5064 1004 5134 γὰρ
1036 5063 1136 5133 ἤδη
1180 5063 1435 5127 πολλάκις
1468 5065 1669 5117 ἀποκε-

87 5160 415 5231 κυλισμένον
441 5157 783 5227 θεασαμένας
812 5156 903 5209 τὸν
931 5156 1097 5221 λίθον,
1136 5156 1261 5225 περὶ
1285 5155 1474 5209 τούτου
1504 5173 1666 5226 φρον-

85 5252 256 5315 τέξειν
294 5248 577 5302 ἀπίθανον.
622 5247 761 5300 Ἀλλ’
788 5246 975 5316 ἐπειδὴ
1001 5248 1121 5309 ταῖς
1150 5245 1301 5315 παρὰ
1334 5244 1409 5315 τῷ
1453 5245 1665 5315 Μάρκῳ

83 5344 310 5405 ταύταις
343 5341 609 5411 γυναιξὶν,
656 5339 884 5410 ἀγνοοῦν
912 5339 973 5391 τὸ
998 5338 1096 5408 τῆς
1136 5336 1403 5408 Σαλώμης
1432 5338 1669 5408 ἐμφέρε-

83 5455 170 5490 ται
196 5436 513 5507 πρόσωπον,
544 5432 769 5507 ἀμάχως
789 5433 817 5484 ό
842 5430 997 5498 λόγος
1021 5428 1130 5499 ἔχει
1159 5430 1218 5482 τὸ
1244 5430 1483 5483 πιθανόν.
1517 5430 1667 5483 Ἐπεὶ

82 5528 355 5582 κάκείνων
384 5526 485 5581 οὐκ
515 5522 806 5579 ἀκόλουθον
836 5522 897 5574 τὸ
923 5520 1101 5588 λέγειν
1121 5536 1134 5550 ·
1173 5522 1267 5586 Τίς
1304 5520 1664 5576 ἀποκυλίσει

151 5708 195 5739 ⁸³
229 5706 369 5762 Luc.
395 5719 546 5769 xxiv,
570 5702 623 5758 5.
703 5703 750 5735 ²⁰
774 5701 939 5755 Mare.
986 5715 1094 5764 xvn,
1126 5697 1161 5751 2
1194 5713 1313 5768 sqq.

1782 1765 1949 1820 etiam
1979 1766 2095 1837 ipse
2123 1766 2383 1837 paulatim
2412 1775 2633 1838 propter
2673 1762 2895 1822 illorum
2928 1769 3364 1824 ineredulit‘atem

1783 1858 1970 1928 aliquo
2014 1860 2178 1914 modo
2226 1858 2580 1931 perturbatus
2628 1868 2683 1916 et
2721 1861 2993 1917 ﬂuctuans
3043 1864 3362 1928 surrexerit,

1784 1964 1849 2003 ac
1884 1966 2078 2005 rursus
2111 1952 2178 2005 ad
2212 1960 2626 2006 monumentum
2674 1954 3000 2016 cucurrerit,
3036 1956 3199 2022 at’que
3239 1962 3367 2022 pro-

1785 2041 2025 2108 spiciens
2056 2041 2255 2096 iterum
2283 2054 2511 2112 quoque
2528 2042 2726 2095 viderit
2756 2041 3079 2097 linteamina
3102 2045 3363 2113 jaee‘ntia,

1784 2146 1907 2200 qtue
1934 2130 2047 2200 jam
2080 2141 2240 2186 antea
2268 2132 2551 2203 ingressus
2580 2134 2797 2203 plenius
2824 2140 2884 2189 et
2909 2135 3155 2190 exadtius
3183 2135 3367 2205 inspe-

1783 2232 1957 2286 xerat,
1992 2222 2136 2277 unde
2175 2223 2355 2277 solum
2391 2224 2742 2294 prospexisse
2779 2232 3091 2289 contentus,
3139 2237 3203 2279 ac
3229 2225 3366 2280 nihil

1782 2330 1813 2368 a
1840 2315 2023 2383 priore
2048 2321 2195 2368 statu
2246 2315 2594 2369 immutatum
2642 2316 3017 2387 conspicatus,
3052 2317 3185 2372 abiit
3228 2334 3362 2372 cou-

1783 2412 2060 2460 sternatus
2085 2413 2140 2462 et
2169 2406 2449 2462 admirans
2479 2407 2537 2461 id‘
2562 2409 2710 2478 quod
2751 2408 3063 2464 acciderat:
3097 2422 3165 2464 ac
3195 2411 3364 2481 glori-

1783 2494 1954 2552 ﬁcans
1981 2511 2102 2550 eum
2133 2499 2224 2566 qui
2249 2498 2364 2553 lia'c
2382 2499 2456 2553 ita
2479 2499 2790 2555 ordinasset
2816 2508 2871 2555 et
2897 2499 3359 2556 administrasset.

1782 2588 1860 2641 Ac
1909 2588 2077 2641 Maria
2111 2588 2428 2659 Magdalena'
2478 2600 2693 2656 rursus,
2752 2592 3211 2661 quenradeum
3253 2608 3362 2646 una

1782 2680 1907 2733 eum
1949 2680 2037 2743 iis,
2066 2695 2187 2749 qua:
2226 2696 2351 2735 cum
2396 2681 2606 2736 Joanna
2652 2693 2827 2747 erant,
2876 2683 3207 2739 mulieribus-
3234 2698 3359 2754 por-

1781 2770 2026 2825 tantibus
2055 2786 2176 2840 qum
2220 2780 2347 2826 ante
2396 2771 2697 2827 Sabbatutn
2739 2783 3195 2842 praeparaverant,
3258 2786 3362 2829 un-

1782 2872 1982 2932 guenta
2013 2872 2180 2931 atque
2212 2874 2479 2928 aromata,
2514 2864 2787 2934 profundo
2832 2865 3074 2920 diluculo
3119 2866 3362 2936 profecta

1784 2961 1945 3007 erat:
1993 2954 2069 3006 ita
2113 2970 2235 3008 eum
2267 2954 2485 3011 Salome
2517 2968 2735 3026 quoque
2783 2958 3013 3012 muliere
3048 2960 3359 3028 peregrina,

1703 3027 1745 3085 (ἔ
1780 3058 1902 3113 quae
1930 3052 2127 3113 praeter
2174 3047 2485 3101 nominatas
2537 3048 2664 3100 licet
2699 3050 2880 3111 tarde,
2937 3056 3146 3103 emerat
3176 3027 3361 3104 tamen

1781 3143 2047 3198 aromata,
2071 3134 2168 3190 sed
2200 3134 2681 3206 post‘Sabbatum,
2714 3136 2901 3191 eadem
2934 3138 3363 3210 menteimpigre

1780 3226 2059 3291 currebat,
2090 3235 2371 3298 assumpta
2423 3243 2606 3283 secum
2638 3230 2806 3283 etiam
2842 3228 3011 3283 Maria
3044 3230 3254 3299 Jacobi,
3288 3235 3362 3287 ita

1780 3326 1841 3372 ut
1867 3319 2032 3373 etiam
2063 3318 2118 3372 in
2140 3321 2488 3390 coemptione
2527 3331 2830 3375 aromatum
2879 3321 3039 3377 socia:
3068 3322 3238 3379 fuisse
3288 3327 3362 3378 vi-

1779 3407 2178 3464 deantur.Cum
2209 3411 2357 3465 enim
2389 3410 2550 3466 sociae
2573 3420 2760 3466 essent
2788 3411 3021 3477 itineris,
3054 3421 3222 3467 totam
3245 3429 3361 3468 rem

1781 3509 1989 3570 gestam
2023 3514 2317 3556 commune
2367 3503 2608 3557 studium
2647 3517 2772 3557 esse
2833 3504 3256 3559 existimabant:
3292 3504 3360 3559 Et

1781 3592 1930 3645 valde
1958 3607 2112 3647 mane
2153 3610 2261 3647 una
2293 3592 2654 3649 Sabbatorum
2681 3596 2889 3649 veniunt
2930 3598 2999 3651 ad
3048 3612 3357 3652 monumen-

1782 3695 1893 3738 tum
1919 3684 1986 3739 ³ο.
2045 3687 2325 3743 Praeterea
2372 3687 2427 3742 in
2484 3687 2855 3744 exactioribus
2904 3703 2969 3743 ac
3022 3689 3360 3759 plenioribus

1778 3777 2184 3847 exemplaribus
2214 3778 2526 3833 continetur
2555 3779 2633 3847 id,
2658 3780 2803 3849 quod
2829 3780 3193 3851 signiﬁcatur,
3221 3797 3359 3851 pra:-

1780 3879 1861 3924 ter
1889 3869 1999 3939 jam
2029 3868 2198 3925 factas
2227 3869 2570 3926 visitationes
2593 3871 2756 3926 etiam
2793 3872 2937 3927 hunc
2967 3873 3256 3929 mulierum
3288 3874 3357 3928 ad

1779 3968 2195 4013 monumentum
2249 3960 2547 4031 contigisse
2611 3976 2916 4019 accessum.
2979 3964 3118 4029 Quid
3172 3976 3353 4021 autem

1777 4051 1897 4105 λίαν
1933 4054 2099 4123 πρωΐ,
2146 4052 2199 4105 id
2227 4062 2333 4116 est,
2367 4054 2517 4107 valde
2546 4070 2719 4119 mane,
2771 4055 2860 4110 hic
2901 4057 3183 4125 explicans
3213 4058 3356 4112 Mar-

1776 4156 1901 4205 cus,
1930 4142 2150 4211 adjecit,
2175 4151 2290 4195 orto
2319 4141 2447 4196 sole.
2483 4141 2549 4196 Et
2579 4143 2845 4207 dicebant,
2878 4145 3079 4215 inquit,
3109 4148 3176 4198 ad
3213 4149 3351 4200 invi-

1777 4250 1886 4288 cem
1913 4251 1930 4288 :
1957 4234 2091 4301 Quis
2145 4235 2370 4290 revolvat
2412 4236 2558 4290 nobis
2610 4235 2838 4305 lapidem
2874 4237 2939 4290 ab
2978 4239 3116 4292 ostio
3168 4255 3352 4293 monu-

1704 4364 1753 4425 υ
1779 4328 1982 4382 menti?
2011 4338 2060 4381 et
2091 4328 2318 4382 sublatis
2348 4327 2516 4382 oculis
2545 4328 2719 4382 vident
2766 4328 2994 4397 lapidem
3035 4333 3349 4388 revolutum.

1780 4414 1918 4469 Erat
1947 4418 2087 4471 enim
2112 4433 2333 4488 magnus
2362 4417 2531 4471 valde.
2560 4418 2696 4473 Cum
2730 4418 2878 4472 enim
2910 4416 3126 4476 Salome
3158 4424 3353 4477 merito

1777 4508 2074 4573 dubitaret,
2104 4518 2162 4563 ut
2187 4524 2309 4580 qua:
2336 4510 2558 4564 omnino
2588 4508 2656 4564 ad
2688 4511 2998 4580 sepulcrum
3029 4528 3137 4567 non
3164 4529 3353 4569 acces«

1775 4602 1959 4669 sisset,
1996 4611 2160 4673 atque
2191 4604 2303 4660 haec
2330 4604 2398 4659 ad
2423 4604 2651 4659 comites
2685 4618 2818 4659 suas
2859 4602 3088 4672 diceret,
3132 4606 3237 4661 illae
3271 4617 3353 4661 ta-

1775 4705 1983 4756 centes,
2023 4705 2187 4764 prout
2227 4696 2482 4766 superius
2519 4696 2724 4750 dictum
2769 4704 2874 4760 est,
2922 4712 3048 4752 cum
3092 4701 3350 4755 sustulis~

1776 4796 1898 4841 sent
1953 4788 2165 4851 oculos,
2226 4798 2461 4861 aspectu
2501 4788 2620 4858 ipso
2666 4803 2989 4858 responsum
3040 4790 3346 4847 dederunt.

1774 4880 1974 4935 etenim
2026 4879 2165 4949 lapis
2218 4881 2502 4935 revolutus
2560 4881 2616 4935 in
2666 4888 2964 4951 conspectu
3026 4884 3344 4952 apparebat.

1774 4969 2041 5036 Quoniam
2091 4977 2271 5027 autem
2316 4986 2420 5025 una
2454 4971 2625 5034 ibant,
2681 4979 2734 5027 et
2767 4986 3060 5028 commune
3108 4973 3188 5028 eis
3244 4974 3347 5029 iter

1774 5068 1913 5123 erat,
1946 5060 2153 5116 ideirco
2184 5060 2327 5114 inter
2356 5077 2414 5114 se
2446 5061 2651 5116 dixisse
2682 5076 2747 5115 ac
2773 5061 3056 5117 dubitasse
3079 5063 3345 5133 scriptum

1774 5163 1881 5217 est,
1934 5153 1979 5208 si
2025 5168 2209 5207 rerum
2256 5164 2507 5207 naturam
2564 5162 2729 5223 atque
2787 5154 3026 5210 historiae
3058 5153 3342 5208 veritatem

1769 5246 2205 5312 consideremus,
2246 5263 2308 5303 ac
2363 5249 2764 5315 discet-namus,
2815 5248 2974 5318 cujus
3000 5261 3187 5302 earum
3217 5262 3346 5317 pro-

1772 5340 1949 5410 prium
1998 5339 2163 5394 fuerit
2203 5340 2475 5399 dubitare.
2532 5342 2667 5398 Nam
2713 5356 2827 5405 eas.
2891 5356 3013 5411 quae
3043 5341 3154 5410 jam
3200 5355 3343 5411 saepe

1770 5432 2004 5503 lapidem
2040 5435 2346 5490 revolutum
2374 5435 2659 5498 vidissent,
2692 5434 2761 5491 de
2780 5435 2883 5489 boc
2912 5434 3177 5490 sollicitas
3197 5449 3340 5499 esse,

1771 5522 2054 5595 probabile
2082 5540 2189 5580 non
2221 5534 2358 5585 erat.
2388 5528 2494 5583 Sed
2527 5527 2784 5599 quoniam
2828 5527 2968 5582 inter
3002 5526 3102 5583 has
3143 5525 3343 5583 mulie-
