3842 6398
444 275 456 289 ,
505 223 615 279 643

1753 219 1812 274 S.
1851 217 2179 275 GREG-ORH
2219 215 2508 273 NYSSEM

3655 213 3751 264 6N

506 349 619 399 res,
658 334 726 390 de
766 333 967 404 quibus
998 343 1084 389 est
1108 331 1253 404 apud
1285 331 1548 399 Marcum,
1598 349 1834 404 persona
1867 332 2080 388 Salome

2186 333 2327 401 ἡμῖν
2351 333 2457 386 τὸν
2493 333 2690 394 λίθον,
2739 329 2846 384 τῶν
2900 329 3164 384 Ἰουδαίων
3209 327 3624 398 σφραγισάντων
3659 329 3751 398 τὴν

506 426 693 496 ignara
725 424 980 489 infertur,
1015 424 1223 494 absque
1255 427 1653 487 controversia,
1682 424 1859 478 oratio
1876 426 2083 492 proba-

508 517 635 572 bilis
656 531 719 569 ac
748 515 1064 572 verisimilis
1083 525 1187 571 est.
1209 515 1342 570 Nam
1373 531 1474 569 nec
1495 515 1626 568 villas
1652 525 2083 569 consentaneum

504 615 591 663 est
620 606 849 669 dixisse,
888 605 1017 671 Quis
1056 608 1280 661 revolvet
1322 606 1472 660 nobis
1513 606 1760 672 lapidem,
1798 615 2083 676 propterea

505 696 651 764 quod
679 692 850 750 Judaai
878 696 1263 765 obsignassent
1291 695 1498 750 aditum
1550 695 1812 765 sepulcri,
1842 694 2082 748 adhibita

503 786 752 841 custodia
787 786 1043 851 militum,
1077 794 1132 840 et
1168 787 1364 842 tertius
1394 787 1512 841 dies
1546 787 1800 841 instaret.
1828 785 2086 839 Dixerant

504 881 649 936 enim
681 880 932 936 seelerati
977 881 1056 934 illi
1105 880 1175 934 ad
1215 879 1494 936 Pilatum:
1548 879 1827 934 Recordati
1876 895 2080 942 sumus,

504 973 641 1044 quod
663 973 916 1041 impostor
940 972 1030 1026 ille
1050 972 1216 1042 dixit,
1239 989 1356 1026 cum
1383 971 1553 1026 adhuc
1577 973 1764 1026 viveret
1789 985 1805 1021 :
1830 969 1959 1024 Post
1981 979 2085 1023 tres

502 1064 614 1120 dies
646 1081 916 1135 resurgam
939 1063 1006 1118 “.
1043 1063 1101 1118 Si
1130 1063 1390 1120 mulieres
1440 1063 1605 1134 igitur
1635 1061 1885 1118 sciebant
1920 1061 2086 1114 mira-

503 1157 710 1221 culum,
763 1155 910 1227 quod
944 1170 1041 1226 per
1092 1155 1346 1226 angelum
1391 1154 1596 1209 factum
1645 1161 1782 1216 erat,
1837 1163 1890 1207 et
1939 1150 2086 1221 quod

503 1247 645 1318 lapis
690 1254 937 1302 remotus
986 1253 1154 1312 esset,
1204 1255 1259 1301 et
1287 1245 1544 1302 custodes
1571 1244 1911 1316 expavefacti
1940 1258 2086 1296 mor-

502 1339 722 1410 tuisque
742 1338 951 1395 similes
980 1337 1115 1393 facti
1147 1337 1522 1403 recessissent,
1547 1335 1819 1408 quomodo
1841 1335 2087 1390 sollicitae

503 1441 558 1488 et
587 1433 761 1486 anxia:
783 1430 851 1486 de
893 1428 1237 1486 revolutione
1286 1427 1483 1499 lapidis
1539 1426 1741 1483 erant?
1777 1425 1872 1479 Sin
1904 1434 2084 1478 autem

501 1522 827 1578 miraculum
873 1521 1222 1594 ignorabant,
1262 1519 1564 1576 custodiam
1612 1518 1846 1572 militum
1899 1517 2088 1570 consi-

502 1612 696 1668 derare
738 1626 805 1668 ac
862 1626 975 1667 non
1005 1611 1073 1668 de
1119 1609 1415 1682 aperiendo
1444 1616 1800 1664 monumento
1847 1610 2085 1678 cogitare

501 1704 803 1775 Oportebat.
834 1701 1061 1769 Verum,
1109 1673 1171 1756 ut
1198 1701 1334 1768 dixi,
1371 1700 1590 1756 Salome
1617 1709 1672 1756 et
1714 1699 1819 1754 hoc
1865 1673 2084 1770 ignora-
2113 1673 2158 1730 Β

501 1795 616 1862 bat,
646 1805 701 1850 et
758 1795 937 1866 ipsius
991 1795 1163 1851 solius
1197 1810 1263 1850 ea
1308 1795 1474 1851 verba
1527 1802 1706 1849 erant.
1743 1791 1880 1846 Nam
1913 1792 2085 1846 Maria

501 1886 818 1960 Magdalena
847 1895 1016 1959 atque
1043 1887 1214 1942 altera
1264 1885 1436 1940 Maria
1464 1901 1587 1940 cum
1617 1884 1892 1940 sedissent
1925 1899 1955 1938 e
1994 1899 2083 1938 re-

499 1981 663 2052 gione
719 1979 978 2052 sepulcri,
1031 1977 1490 2050 quemadmodum
1536 1979 1818 2033 memoriae
1849 1977 2086 2048 prodidit

503 2073 791 2128 Matthaaus
813 2074 879 2138 “,
907 2087 1216 2144 magnoque
1245 2071 1429 2128 studio
1459 2081 1618 2140 atque
1644 2069 1914 2124 industria
1943 2069 2083 2124 assi-

501 2163 695 2220 dentes
725 2163 778 2218 id
808 2163 1068 2234 egissent,
1113 2171 1228 2217 tum
1263 2161 1546 2232 signacula
1577 2158 1910 2227 Judmorum,
1967 2173 2079 2214 tum

503 2262 838 2310 armatorum
893 2253 1201 2309 custodiam
1257 2253 1430 2308 oculis
1489 2251 1606 2307 suis
1661 2262 2079 2322 conspexerant.

501 2345 754 2418 lngressa
800 2356 983 2403 autem
1020 2346 1236 2402 Salome
1269 2362 1393 2403 cum
1445 2356 1678 2418 utraque
1708 2346 1896 2411 Maria,
1933 2345 2084 2401 vide-

502 2448 631 2494 runt
675 2440 930 2510 juvenem
957 2437 1240 2494 sedentem
1287 2453 1320 2493 a
1368 2437 1600 2504 dextris,
1655 2439 1912 2493 amictum
1947 2438 2081 2492 stola

502 2529 758 2597 candida,
783 2538 838 2586 et
855 2540 1190 2601 expaverunt
1210 2544 1402 2586 omnes
1429 2531 1509 2586 ”:
1540 2531 1653 2585 haec
1673 2529 1916 2601 quidem,
1937 2532 2083 2601 quod

504 2621 610 2678 ﬁde
632 2622 918 2695 indigeret,
945 2637 1009 2678 ac
1035 2623 1210 2693 magis
1239 2622 1480 2679 humano
1503 2637 1653 2678 more
1679 2621 1870 2678 ail‘ecta
1897 2631 2078 2678 esset:

503 2714 612 2770 iure
643 2729 774 2770 vero
799 2715 945 2786 quod
975 2713 1176 2784 saepius
1211 2714 1279 2770 ad
1324 2722 1739 2769 monumentum
1777 2714 2079 2777 venissent,

503 2807 832 2878 curioseque
893 2820 958 2862 ac
1011 2819 1181 2877 supra
1237 2821 1403 2878 quam
1461 2821 1689 2862 necesse
1733 2815 1900 2878 atque
1944 2821 2083 2876 opus

501 2907 671 2964 esset,
711 2898 971 2968 deinceps
1009 2898 1297 2968 explorare
1333 2905 1501 2969 atque
1529 2897 1862 2969 investigare
1895 2913 2082 2953 resur-

503 2993 806 3048 rectionem
851 2989 1191 3045 viderentur.
1225 2988 1363 3046 Nam
1411 2990 1618 3046 idcirco
1663 2991 1826 3046 etiam
1862 2990 2082 3060 juvenis

501 3082 779 3156 apparuit,
807 3082 902 3154 qui
925 3081 1301 3153 magnitudine
1332 3081 1760 3154 perterrefacere
1785 3097 1852 3138 ac
1877 3091 2079 3138 metum

502 3178 729 3249 injicere
777 3184 983 3248 posset,
1030 3191 1094 3232 ac
1119 3175 1318 3232 terrori
1370 3177 1710 3232 alacritatem
1739 3183 1795 3232 et
1837 3176 2079 3232 lzetitiam

503 3271 764 3334 miscens,
795 3285 894 3339 per
923 3267 1218 3323 candorem
1252 3267 1430 3334 stole,
1482 3283 1608 3324 cum
1661 3275 1885 3339 propter
1933 3268 2079 3324 diem

504 3359 720 3416 scilicet
751 3361 974 3426 festum,
1025 3368 1142 3415 tum
1176 3376 1245 3415 ne
1274 3367 1423 3416 metu
1455 3359 1876 3424 obticeseerent,
1925 3373 2081 3414 acer-

508 3452 633 3510 bius
660 3469 756 3509 eas
783 3453 1103 3522 alloquitur,
1137 3452 1415 3522 castigans
1458 3449 1641 3507 verbis
1672 3455 1726 3506 et
1757 3449 2077 3514 admonens,

507 3559 578 3600 ne
610 3553 732 3614 post
760 3553 841 3598 tot
871 3545 1238 3616 spectationes
1267 3545 1501 3598 curiosa:
1529 3550 1736 3611 essent,
1775 3541 1871 3598 sed
1895 3542 2080 3613 potius

509 3637 679 3691 lirmze
719 3644 1002 3690 manerent
1047 3636 1100 3690 in
1136 3635 1226 3697 iis,
1265 3650 1389 3706 qua:
1434 3633 1741 3690 vidissent:
1791 3632 1875 3688 Ite
1910 3634 2076 3700 enim,

508 3728 707 3798 inquit,
761 3726 919 3781 dicite
973 3727 1249 3796 discipulis
1303 3727 1417 3797 ejus
1471 3736 1522 3782 et
1565 3725 1723 3781 Petro
1767 3726 2080 3798 (discipulis

507 3819 750 3892 quidem,
781 3829 966 3892 utpote
998 3821 1067 3876 iis
1094 3822 1184 3891 qui
1208 3836 1350 3892 stupe
1374 3835 1484 3875 non
1506 3821 1859 3876 crediderunt
1883 3837 1896 3872 :
1921 3818 2079 3873 Petro

505 3929 659 3979 vero,
719 3925 777 3968 ut
819 3913 913 3982 qui
962 3913 1158 3968 iterum
1192 3916 1380 3968 eadem
1428 3913 1712 3968 vobiscum
1761 3911 2079 3966 curiositate

504 4002 776 4058 adductus
823 4005 888 4057 ad
935 4011 1350 4057 monumentum
1405 4002 1583 4072 venit)
1637 4001 1775 4073 quod
1825 4000 2078 4070 prazcedet

505 4111 593 4150 vos
625 4094 679 4147 in
711 4093 1034 4148 Catilinam:
1077 4093 1150 4148 ibi
1190 4111 1307 4148 eum
1365 4095 1602 4148 videbitis
1646 4094 1782 4148 sicut
1821 4093 1955 4146 dixit
1987 4109 2077 4147 ιιο-

507 4186 586 4238 bis
614 4185 677 4248 ",
698 4187 852 4240 vobis
872 4186 1199 4242 mulieribus
1219 4203 1334 4240 sero
1359 4185 1736 4253 Sabbatorum,
1763 4202 1824 4242 ea
1846 4186 1934 4241 die
1959 4201 2080 4256 quae

509 4277 737 4332 lucescit
782 4284 836 4332 in
885 4279 1115 4349 primam
1165 4278 1560 4343 Sabbatorum,
1602 4289 1660 4334 ut
1702 4279 1985 4334 Matthmus
2032 4280 2077 4310 ”

2183 423 2386 477 εῖσοδον
2429 422 2523 476 τοῦ
2555 423 2750 492 τάφου,
2799 423 2894 477 καὶ
2936 423 3036 493 τὴν
3060 422 3166 475 τῶν
3197 421 3545 492 στρατιωτῶν
3576 437 3746 491 παρα-

2183 515 2641 584 καταστησὰντων
2693 515 2955 587 φρουρὰν,
2983 515 3076 580 καὶ
3101 514 3196 584 τῆς
3215 514 3404 585 τρίτης
3434 513 3646 585 ἡμέρας
3663 515 3751 564 ’ἐν-

2183 607 2444 677 εστώσης.
2481 607 2625 678 Πρὸς
2667 607 2776 677 γὰρ
2825 609 2914 659 τὸν
2965 607 3194 662 Πιλάτον
3241 602 3393 660 εἷπον
3438 608 3486 660 οἱ
3539 607 3751 678 μιαροίο

2197 699 2614 768 Ἐμοηξσθημεν
2662 698 2751 751 ὅτι
2812 700 2844 751 ὀ
2900 699 3128 764 πλάνος
3181 701 3409 767 ἐκεῖνος
3461 697 3630 755 εἶπεν
3670 701 3750 755 ἔτι

2185 787 2330 848 ζῶν·
2386 789 2550 844 Μετὰ
2592 788 2747 857 τρεῖς
2790 787 3014 857 ἡμέρας
3058 789 3371 858 ἐγείρομαι.
3425 793 3489 845 Εἰ
3537 794 3637 862 μὲν
3665 782 3752 846 οὖν

2185 881 2404 952 ᾔδεισαν
2459 881 2516 934 αἱ
2559 882 2816 949 γυναῖκες
2861 880 2921 932 τὸ
2963 878 3050 932 διὰ
3082 880 3174 932 τοῦ
3205 879 3435 947 ἀγγέλου
3467 884 3752 954 γενόμενον

2187 973 2392 1044 θαῦμα,
2443 974 2542 1044 τήν
2587 990 2646 1025 τε
2692 971 3016 1042 ἀποκίνησιν
3046 970 3141 1024 τοῦ
3171 971 3342 1032 λίθου,
3376 974 3469 1025 καὶ
3508 975 3606 1045 τὴν
3650 975 3754 1028 τῶν

2188 1065 2442 1135 φυλάκων
2470 1067 2534 1118 ἐκ
2561 1064 2652 1118 τοῦ
2689 1063 2852 1132 φόϐου
2880 1063 3147 1136 νέκρωσίν
3179 1081 3238 1116 τε
3267 1065 3361 1116 καὶ
3388 1065 3752 1135 ἀναχώρησιν,

2187 1157 2302 1220 πῶς
2345 1157 2632 1227 διηπόρουν
2677 1157 2804 1226 περὶ
2846 1156 2942 1208 τοῦ
2986 1155 3413 1224 ἀποκυλισθῆναι
3455 1156 3545 1209 τὸν
3577 1157 3753 1221 λὶοονς

2186 1248 2250 1302 Εἰ
2276 1249 2330 1302 δὲ
2368 1250 2592 1318 ἠγνόουν
2636 1247 2695 1300 τδ
2725 1248 2930 1317 θαῦμα,
2962 1249 3058 1318 τὴν
3085 1248 3479 1319 στρατιωτικὴν
3511 1251 3751 1319 φρουρὰν

2187 1345 2386 1396 ἐννοεῖν
2415 1343 2541 1402 ἔδει,
2571 1342 2663 1396 καὶ
2691 1341 2788 1412 τὴν
2813 1341 3010 1407 ἄνοιξιν
3036 1341 3129 1394 τοῦ
3163 1344 3441 1411 μνήματος
3467 1341 3539 1410 μὴ
3562 1342 3759 1410 φαντά-

2189 1435 2391 1498 ζεσϋαι.
2428 1434 2584 1493 Ἀλλ’,
2617 1434 2694 1496 ὡς
2737 1435 2890 1503 ἔφην,
2923 1435 2954 1502 ἡ
2989 1432 3218 1502 Σαλώμη
3247 1433 3339 1485 καὶ
3369 1431 3524 1485 τοῦτο
3556 1433 3756 1502 ἠγνόει,

2186 1528 2281 1580 καί
2314 1527 2480 1597 αὐτῆς
2527 1526 2692 1596 μόνης
2743 1525 2810 1577 τὰ
2857 1526 3074 1594 ῥήματα
3103 1519 3189 1594 ἦν.
3235 1523 3421 1592 Μαρία
3456 1523 3563 1594 γὰρ
3592 1525 3624 1592 ἡ
3653 1523 3756 1576 Μα-

2187 1617 2422 1687 γδαληνὴ
2451 1617 2544 1668 καὶ
2632 1615 2762 1684 ἄλλη
2802 1616 3008 1683 Μαρία,
3042 1612 3386 1665 καΟεσθεῖται
3418 1612 3509 1664 τοῦ
3543 1618 3756 1682 μνήμαο

2185 1724 2274 1769 τος
2311 1705 2369 1771 ἐξ
2398 1705 2662 1768 ἐναντίας,
2698 1704 2773 1766 ὡς
2804 1704 2832 1754 ὁ
2867 1703 3138 1766 Ματοαῖος
3167 1703 3447 1773 ἱστόρησε,
3497 1703 3590 1755 καὶ
3616 1703 3757 1769 φιλοο

2187 1799 2362 1862 πόνως
2393 1796 2876 1869 προτεδρεύσασαι,
2912 1796 3004 1848 καὶ
3030 1796 3128 1857 τὰς
3159 1795 3454 1866 σφραγῖδας
3483 1794 3592 1846 τῶν
3631 1793 3756 1848 Ἰου-

2185 1891 2368 1951 δαίων,
2394 1889 2488 1944 καὶ
2509 1889 2604 1960 τὴν
2626 1889 2734 1941 τῶν
2762 1888 2995 1941 ὁπλιτῶν
3018 1887 3260 1958 φυλακὴν
3283 1887 3402 1954 δ’,ῐιει
3433 1885 3752 1958 παρέλαϐον.

2183 1980 2515 2034 Εἰσελοοῦσα
2545 1979 2599 2032 δὲ
2632 1980 2664 2049 ἡ
2701 1977 2935 2048 Σαλώμη
2981 1977 3078 2028 σὺν
3113 1979 3234 2039 ταῖς
3267 1975 3507 2046 Μαρίαις
3534 1977 3752 2045 ἀμφοῖν,

2183 2072 2464 2126 νεανίσκον
2501 2067 2640 2122 εἶδον
2677 2068 2981 2138 καθήμενον
3023 2069 3079 2119 ὲν
3115 2069 3225 2129 τοῖς
3275 2066 3487 2131 δεξιοῖς,
3538 2067 3754 2136 περιϐε-

2185 2167 2451 2237 ϐλημένον
2485 2165 2674 2235 στολὴν
2705 2163 2934 2232 λευκὴν,
2986 2162 3078 2214 καὶ
3118 2160 3460 2230 ὲπτοήθησαν
3507 2161 3751 2214 ἅπασαι·

2185 2257 2218 2327 ἡ
2249 2255 2447 2327 μὲν,ὼς
2472 2253 2660 2316 ἐνδεῶς
2683 2252 2877 2322 ἔχουσα
2902 2252 3138 2313 πίστεως
3165 2252 3257 2302 καὶ
3280 2249 3755 2323 ἀνθρωπινώτερον

2185 2347 2498 2418 διακειμένη
2527 2363 2539 2376 °
2575 2348 2630 2398 αἱ
2673 2345 2752 2410 δὲ,
2797 2343 2871 2408 ὡς
2909 2343 3367 2414 έπιχωριάζουσαι
3423 2343 3632 2413 συχνῶς
3683 2345 3756 2415 τῷ

2188 2443 2450 2512 μνήματι,
2481 2441 2576 2494 καὶ
2609 2438 3080 2508 πολυπραγμονεῖν
3121 2434 3373 2489 δοκοῦσαι
3397 2435 3582 2488 λοιπὸν
3619 2438 3758 2508 πέρα

2182 2534 2278 2588 τοῦ
2305 2534 2515 2597 δέοντος
2547 2533 2644 2604 τὴν
2670 2533 2981 2586 ἀνάστασιν.
3014 2528 3112 2582 Διὰ
3131 2527 3240 2602 γὰρ
3271 2528 3427 2581 τοῦτο
3459 2529 3551 2581 καὶ
3584 2532 3756 2582 νεανί-

2186 2645 2311 2690 σκος
2339 2627 2493 2696 ὤφθη
2518 2625 2864 2694 καταπλῆξαι
2883 2622 2960 2693 τῷ
2982 2621 3199 2693 μεγέθει
3228 2621 3320 2674 καὶ
3348 2619 3509 2689 φόϐον
3538 2621 3758 2691 ἐμποιῆ-

2185 2739 2275 2774 σαι
2298 2720 2614 2791 δυνάμενος,
2637 2717 2734 2772 καὶ
2762 2717 2955 2787 μιγνὺς
2977 2715 3053 2786 τῷ
3079 2713 3296 2786 φοϐερῷ
3317 2713 3378 2767 τὸ
3411 2713 3653 2785 φαιδρὸν,
3676 2714 3759 2767 διὰ

2182 2813 2276 2866 τοῦ
2318 2809 2512 2864 λευκοῦ
2541 2811 2639 2880 τῆς
2664 2809 2877 2878 στολῆς,
2907 2809 3002 2862 καὶ
3027 2808 3101 2871 ὼς
3142 2809 3198 2860 ὲν
3227 2807 3408 2878 ἑορτῇ,
3438 2805 3532 2860 καὶ
3565 2807 3652 2859 ἶνα
3687 2806 3760 2877 μὴ

2183 2903 2404 2974 παγῶσι
2473 2901 2551 2973 τῷ
2601 2901 2746 2966 δέει,
2795 2899 3147 2972 σφοδρότερον
3195 2899 3384 2962 αὑταῖς
3433 2897 3759 2968 διαλέγεται,

2110 3025 2156 3088 C
2186 2995 2454 3050 παιδεύων
2506 2993 2677 3056 αὑτὰς
2715 2992 2782 3045 δι’
2835 2986 2911 3045 ὧν
2950 2991 3101 3059 ἔλεγε
3143 2990 3281 3062 μετὰ
3324 2990 3588 3054 τοσαύτας
3635 2990 3760 3055 θέας

2189 3088 2264 3158 μὴ
2298 3085 2602 3158 περιέργως
2630 3082 2957 3147 διακεῖσθαι,
2991 3081 3223 3151 βεϐαίως
3255 3081 3310 3134 δὲ
3344 3081 3542 3152 μᾶλλον
3572 3081 3660 3151 ἐφ’
3683 3076 3760 3144 οἷς

2186 3175 2324 3232 εἶδον
2367 3177 2608 3232 ἑστάναι.
2665 3173 2941 3244 Ὑπάγετε
2991 3173 3119 3242 γὰρ,
3159 3171 3343 3243 φησὶν,
3378 3173 3585 3227 εἴπατε
3638 3173 3760 3240 τοῖς

2180 3268 2471 3340 μαθηταῖς
2499 3266 2684 3323 αὐτοῦ
2706 3266 2803 3320 καὶ
2827 3264 2908 3331 τῷ
2939 3265 3138 3333 Πέτρῳ
3182 3265 3311 3335 (τοῖς
3349 3263 3448 3335 μὲν
3472 3263 3759 3334 μαθηταῖς,

2185 3364 2260 3427 ὡς
2281 3362 2539 3433 πολλάκις
2569 3358 2896 3430 ἡπιστηκόσι
2920 3375 2934 3388 ·
2965 3359 3041 3429 τῷ
3067 3357 3124 3410 δὲ
3155 3357 3368 3428 Πέτρῳ.
3401 3356 3476 3419 ὼς
3503 3358 3643 3427 μετὰ
3667 3357 3761 3427 τῆς

2185 3451 2353 3521 αὐτῆς
2381 3451 2507 3520 ὑμῖν
2529 3447 3060 3520 πολυπραγμοσύνης
3090 3446 3339 3517 δεύτερον
3368 3447 3461 3500 ἐπὶ
3486 3446 3548 3499 τὸ
3573 3447 3763 3517 μνῆμα

2183 3542 2446 3611 ἐλθόντι),
2483 3539 2571 3593 ὅτι
2610 3537 2855 3608 προάγει
2905 3535 3059 3604 ὑμᾶς
3109 3537 3197 3602 εὶς
3239 3535 3355 3606 τὴν
3399 3538 3759 3602 Γαλιλαίαν,

2184 3635 2306 3690 ἐκεῖ
2335 3633 2521 3688 αὑτὸν
2551 3632 2799 3701 ὄψεσθε,
2837 3630 3032 3698 καθὼς
3059 3625 3230 3684 εἶπεν
3261 3630 3403 3701 ὑμῖν
3427 3643 3442 3660 ⁸
3487 3631 3618 3702 ὑμῖν
3646 3635 3763 3694 ταῖς

2184 3725 2449 3794 γυναιξὶν,
2479 3724 2624 3792 Ὀψὲ
2644 3721 2978 3786 Σαϐϐάτων,
3016 3723 3084 3792 τῇ
3109 3719 3494 3793 ἐπιφωσκούσῃ
3525 3723 3604 3785 εἰς
3634 3722 3761 3792 μίαν

2185 3819 2476 3873 Σαϐϐἁτων
2518 3818 2834 3886 ἐπιφανεὶς,
2886 3814 2961 3878 ὠς
3004 3816 3033 3868 ὁ
3078 3813 3352 3876 Ματθαῖος
3401 3813 3758 3883 συνέγραψεν.

2185 3911 2309 3973 Τοῖς
2343 3909 2452 3980 γὰρ
2501 3907 2766 3979 μαθηταῖς
2814 3905 3068 3958 οὐδέποτε
3133 3904 3380 3974 φαίνεται
3443 3905 3647 3975 φήσας,
3687 3906 3760 3969 ὡς

2186 4000 2324 4070 μετὰ
2349 4000 2446 4070 τὴν
2470 3997 2683 4069 ἔγερσιν
2721 3997 2900 4059 αὐτοῖς
2938 3998 2994 4049 έν
3026 3999 3091 4068 τῇ
3130 3996 3389 4068 Γαλιλαίᾳ
3419 3998 3720 4067 φανήσεται
3742 4014 3756 4029 ·

2184 4093 2368 4162 εἰμήτι
2410 4108 2474 4159 γε
2510 4091 2684 4143 ἐκεῖνο
2729 4091 2842 4160 ἐρεῖ
2892 4105 3006 4152 τις,
3049 4089 3184 4160 ὅπερ
3229 4090 3259 4142 ὁ
3312 4089 3614 4153 Ματθαῖος,
3667 4090 3760 4144 καὶ

2183 4187 2405 4258 Μάρκος
2433 4183 2668 4256 ἔγραψε,
2707 4183 2843 4253 μετὰ
2874 4183 2934 4234 τὸ
2967 4181 3174 4235 δεῖπνον
3204 4181 3266 4235 τὸ
3312 4181 3571 4252 μυστικὸν
3607 4182 3759 4246 εξελ-

2184 4278 2383 4332 θὸντων
2403 4276 2581 4330 αὐτῶν
2604 4279 2681 4340 εἰς
2710 4278 2772 4329 τὸ
2809 4277 2933 4346 ὅρος
2954 4275 3060 4329 τῶν
3092 4275 3315 4330 Ἐλαιῶν
3343 4275 3483 4347 μετὰ
3505 4275 3571 4328 τὸ
3593 4276 3760 4347 ὑμνῆ-

507 4371 859 4441 conscripsit.
900 4369 1193 4440 Discipulis
1223 4373 1366 4426 enim
1395 4387 1672 4443 nunquam
1704 4381 1928 4443 apparet
1953 4387 2075 4426 eum

2186 4385 2295 4434 σαι,
2325 4367 2428 4420 ὑπὸ
2461 4366 2553 4419 τοῦ
2597 4365 2844 4436 Σωτῆρος
2873 4365 3160 4436 εἰρημένον
3186 4357 3286 4418 ὧδέ
3317 4381 3431 4427 πως
3454 4380 3467 4393 ·
3493 4361 3663 4417 Μετὰ
3694 4361 3760 4416 δὲ

508 4463 734 4526 dixisse,
771 4463 916 4532 quod
948 4472 1070 4534 post
1114 4465 1570 4520 resurrectionem
1605 4466 1740 4535 ipsis
1771 4466 1826 4519 in
1857 4464 2075 4519 Galilaea

2183 4462 2248 4516 τὸ
2272 4457 2584 4530 ἐγερθῆναί
2605 4457 2942 4528 με,προάξω
2969 4457 3124 4525 ὑμᾶς
3143 4459 3228 4522 εἱς
3259 4456 3373 4524 τὴν
3395 4457 3755 4511 Γαλιλαίαν.

509 4554 862 4623 appariturus
884 4563 1048 4618 esset,
1087 4555 1195 4609 nisi
1229 4554 1364 4611 forte
1387 4557 1511 4626 quis
1539 4556 1672 4611 illud
1701 4557 1922 4621 dixerit,
1977 4554 2118 4626 quod
2197 4563 2246 4608 et
2279 4552 2582 4615 Matthmus,
2633 4559 2689 4603 et
2723 4549 2935 4604 Marcus
2990 4551 3330 4620 scripserunt
3375 4561 3500 4620 post
3541 4565 3759 4605 caenam

511 4648 798 4718 mysticam
828 4648 1151 4704 exeuntibus
1183 4648 1317 4716 ipsis
1342 4646 1490 4704 dicto
1521 4649 1719 4720 hymno
1750 4650 1803 4704 in
1832 4659 2071 4704 montem
2113 4645 2416 4709 Olivarum,
2467 4646 2536 4698 ab
2573 4642 2864 4699 Sen-atere
2937 4643 3018 4699 sic
3077 4643 3481 4714 quodammodo
3523 4644 3755 4706 dictum,

509 4735 803 4808 Postquam
841 4749 1016 4790 autem
1045 4755 1401 4803 resurrexero,
1445 4738 1736 4807 prcecedam
1763 4757 1848 4794 vos
1878 4742 1933 4794 in
1968 4739 2244 4794 Galilwam
2267 4740 2333 4796 ".

578 4825 828 4898 Egressus
855 4836 1033 4883 autem
1068 4845 1100 4885 e
1137 4840 1488 4886 monumento
1535 4832 1717 4886 Mariae
1745 4841 1800 4888 et
1835 4833 2074 4899 Salome,

509 4927 748 4976 tremore
780 4927 943 4990 atque
987 4929 1198 4978 terrore
1243 4936 1506 4992 correpta:
1560 4926 1958 4996 profugiehant,
2013 4940 2077 4982 ac

511 5010 716 5066 nemini
745 5011 1044 5081 quidquam
1084 5011 1338 5068 dicebant
1365 5032 1377 5066 ε
1416 5014 1664 5068 timebant
1687 5016 1846 5078 enim,
1879 5018 2076 5086 partim

510 5105 726 5173 quidem
759 5113 979 5173 propter
1010 5112 1274 5160 terrorem
1308 5105 1696 5168 adolescentis,
1720 5107 1913 5176 partim
1949 5122 2071 5162 veri.

511 5194 657 5265 quod
681 5195 794 5264 jam
824 5195 941 5251 dies
968 5211 1292 5267 progressus
1325 5207 1490 5262 esset,
1539 5207 1594 5254 et
1621 5197 1791 5255 Judaai
1854 5200 1875 5268 (
1900 5209 1958 5254 ut
1989 5208 2075 5255 est

513 5285 843 5357 verisimile)
872 5301 1092 5342 sursum
1123 5287 1377 5358 deorsum
1405 5289 1826 5346 obambulantes
1858 5290 1926 5345 ad
1959 5305 2070 5345 ca:-

515 5375 632 5433 dem
661 5379 834 5449 parati
864 5386 1069 5435 essent.
1102 5377 1162 5434 ln
1188 5375 1594 5450 exemplaribus
1623 5381 1789 5451 paulo
1838 5380 2073 5452 diligen-

612 5583 653 5613 "
690 5579 875 5635 Matth.
908 5594 1077 5642 xxvu,
1110 5578 1198 5650 65.
1309 5579 1355 5610 ¹²
1384 5576 1571 5632 Matth.
1609 5593 1797 5645 xxvur,
1835 5577 1858 5630 l
1896 5593 2016 5650 sqq.

517 5654 554 5684 ¹⁶
595 5653 779 5706 Matth.
811 5666 958 5714 xxvr,
983 5650 1083 5712 3‘2;
1116 5649 1279 5705 Marc.
1311 5665 1421 5717 xw,
1451 5649 1539 5702 2|.

2131 5579 2176 5620 ’³
2215 5579 2382 5638 Mare.
2420 5597 2528 5650 xvi,
2569 5583 2620 5640 5.

2263 4830 2602 4896 Ἐξελθοῦσαι
2633 4829 2690 4882 δὲ
2721 4829 2786 4880 ἐκ
2825 4827 2918 4880 τοῦ
2956 4829 3234 4899 μνήματος
3267 4827 3322 4881 αἱ
3356 4827 3567 4898 Μαρίαι
3601 4831 3696 4882 καὶ
3724 4833 3754 4900 ἡ

2181 4923 2436 4994 Σαλώμη,
2467 4922 2653 4992 τρόμῳ
2687 4921 2780 4974 καὶ
2810 4919 3067 4989 ἐκπλήξει
3110 4919 3484 4988 συνεχόμεναι,
3516 4921 3756 4988 φυγάδες

2179 5017 2444 5085 ἐγένοντο,
2485 5016 2578 5068 καὶ
2606 5014 2780 5068 οὐδενὶ
2812 5013 2963 5065 οὐδὲν
3001 5008 3152 5064 εἷπον
3178 5026 3191 5040 ·
3240 5011 3592 5080 Ἐφοϐοῦντο
3623 5014 3754 5082 γὰρ,

2176 5108 2334 5162 τοῦτο
2368 5108 2463 5179 μὲν
2491 5107 2576 5160 διὰ
2601 5107 2663 5160 τὸ
2692 5104 2917 5176 φοϐερὸν
2946 5103 3039 5156 τοῦ
3067 5103 3368 5170 νεανίσκου,
3401 5103 3561 5157 τοῦτο
3589 5104 3651 5156 δὲ
3671 5104 3760 5158 διὰ

2177 5199 2235 5251 τὸ
2267 5198 2364 5268 τὴν
2399 5197 2610 5268 ἡμέραν
2652 5197 2754 5268 ἤδη
2788 5195 3093 5267 προελθεῖν,
3139 5196 3234 5250 καὶ
3275 5195 3402 5256 τοὺς
3443 5195 3756 5262 Ἰουδαίους,

2179 5289 2255 5352 ὡς
2297 5289 2463 5352 εἰκὸς,
2517 5287 2787 5358 φονῶντας
2818 5289 2930 5343 ἄνω
2962 5287 3056 5341 καὶ
3087 5287 3236 5341 κάτω
3264 5289 3624 5358 περινοστεῖν.
3672 5289 3757 5341 Ἐν

2184 5379 2280 5450 μὲν
2307 5382 2418 5443 τοῖς
2448 5379 2854 5454 ἀκριϐεστέροις
2882 5379 3239 5452 ἀντιγράφοις
3266 5379 3327 5434 τδ
3357 5379 3496 5451 μετὰ
3526 5381 3758 5453 Μάρκον

2732 5586 2779 5618 ’³
2826 5585 2958 5643 ibid.
2987 5587 3044 5641 7;
3155 5587 3200 5619 "
3221 5585 3406 5641 Matth.
3463 5599 3658 5640 xxvltt.
3697 5582 3750 5637 1.
