3842 6432
71 316 163 370 6ί5
953 305 1019 360 ΙΝ
1056 299 1333 359 CHRISTI
1364 294 1997 353 RESURRECTIUNEM
2028 291 2235 348 ORAT.
2261 292 2324 345 ιι.
3205 295 3307 347 646

71 429 390 499 Εὑαγγέλιον
450 427 610 497 μέχρι
660 424 774 488 τοῦ,
818 419 1176 490 Ἐφοόοῦντο
1228 417 1364 487 τὰρ,
1419 413 1529 481 ἔχει
1577 427 1588 444 σ

1798 422 1861 461 us
1912 414 1966 460 et
2013 406 2259 460 exactius
2313 403 2534 474 scriptis
2598 404 2951 474 Evangelimn
3007 405 3306 461 secundum

70 521 233 583 τέλος.
284 519 371 571 Ἐν
402 517 459 571 δέ
483 533 594 569 τισι
629 515 945 585 πρόσκειται
976 511 1067 564 καὶ
1106 508 1307 562 ταῦτα’
1356 499 1587 556 Ἀναστέ

1795 511 1981 549 arcum
2024 494 2309 557 hactenus,
2346 492 2617 547 Timebant
2656 495 2818 558 enim,
2857 493 3015 549 ﬁnem
3044 494 3224 552 habet.
3251 495 3309 550 In

70 614 127 665 δὲ
151 611 301 679 πρωῒ
330 608 529 677 πρώτῃ
572 583 888 660 Σαέϐάτων
929 602 1120 671 ἐφάνη
1166 594 1401 663 πρῶτον
1444 596 1587 660 Μαρι

1791 586 2023 641 onnullis
2053 586 2266 655 adjecta
2293 593 2422 638 sunt
2450 586 2616 639 etiam
2654 585 2788 649 haec,
2828 583 2961 639 Cum
2999 588 3308 642 surrexisset

71 701 132 768 τῇ
158 674 553 769 ὂῖαγδαξῑηνῆ,
585 697 687 765 ἀφ’
708 691 783 764 ἧς
805 687 1148 754 ὲκόεὸλήκει
1172 685 1322 738 ἑπτὰ
1344 683 1588 752 δαιμόνιε

1792 687 1917 731 rtem
1949 692 2100 730 mane
2125 676 2293 743 primo
2323 675 2408 729 die
2434 674 2664 729 Sabbato
2677 693 2791 728 rum
2810 679 3057 745 apparuit
3081 680 3309 746 primunt

71 793 231 846 Τοῦτο
363 788 678 844 ἐναντίωσίν
724 799 846 836 τινα
894 780 1041 831 δοκεῖ
1081 777 1223 847 ἔχειν
1265 773 1400 844 πρὸς
1427 774 1497 826 τὰ
1547 772 1588 842 ἐι

1789 769 1937 824 laria:
1960 768 2320 839 Magdaleme,
2343 784 2407 822 ex
2436 784 2538 839 qua
2561 769 2782 838 ejecerat
2810 780 3004 838 septem
3023 772 3306 826 dwmonia.

70 882 295 953 προσθεν
329 883 463 952 ἡμῖν
506 874 790 947 εἰρημένα.
838 870 951 938 ἰ’ἧς
1000 867 1108 937 γὰρ
1147 866 1294 937 ὧρας
1327 868 1425 935 τῆς
1452 881 1587 917 νυκτ‹

1886 868 2066 914 autem
2100 860 2443 914 contrarium
2481 860 2741 930 quiddam
2772 862 2861 925 iis,
2911 879 3032 931 quae
3060 878 3097 918 a
3154 864 3313 918 nobis

69 974 337 1041 ἀγνώστου
363 970 752 1039 τυγχανούσης,
777 959 900 1014 καθ’
928 960 996 1030 ἢν
1019 961 1047 1012 ό
1070 957 1259 1029 Σωτὴρ
1281 956 1503 1025 ἀνέστη,
1527 955 1586 1007 πί

1855 968 1910 1006 ra
1957 954 2104 1008 dicta
2155 960 2305 1016 sunt,
2357 954 2640 1007 continere
2694 953 2921 1008 videtur.
2984 953 3117 1008 Cum
3167 955 3312 1010 enim
3369 954 3372 959 ⁷

70 1036 293 1118 ἐνταῦθα
322 1036 620 1128 ἀναστῆναι
659 1052 811 1121 πρωῒ
852 1051 1161 1121 γέγραπται
1188 1064 1203 1113 ;
1251 1048 1388 1157 Ἀλλ’
1413 1047 1541 1157 οὐδε
1561 1047 1586 1097 ἐ

1865 1059 1882 1097 ι
1916 1045 2117 1107 noctis,
2161 1060 2268 1114 qua
2295 1043 2557 1099 Servator
2584 1046 2847 1111 surrexit,
2880 1036 3182 1115 ignotasit,
3221 1050 3315 1117 qui

73 1157 238 1208 αντίον
272 1153 571 1223 φανήσεται
600 1146 660 1197 τὸ
687 1143 880 1213 ῥητὸν,
924 1142 973 1193 εἰ
1025 1140 1141 1210 μετ’
1178 1139 1487 1209 ἐπιστήμης
1517 1138 1590 1189 ἀνι

1872 1148 1916 1192 1t
1942 1138 1997 1191 in
2026 1138 2129 1192 hoc
2162 1139 2305 1202 loco,
2340 1154 2494 1192 mane
2546 1152 2671 1193 eum
2732 1138 3122 1202 resurrexisse,
3180 1143 3317 1195 scri-
3367 1137 3389 1239 '1

73 1242 399 1315 γνωσόμεθα.
424 1239 536 1293 Καὶ
560 1236 669 1307 γὰρ
694 1234 977 1298 ὑποστίξαι
996 1231 1103 1304 χρὴ
1133 1229 1384 1293 συνετῶς,
1409 1230 1590 1282 ἁναστς

1801 1245 1899 1282 .um
1928 1229 2042 1283 sit?
2072 1227 2181 1284 Sed
2217 1230 2321 1285 hoc
2343 1230 2550 1283 dictum
2597 1230 2748 1284 nullo
2780 1230 2943 1284 modo
2981 1231 3318 1285 contrarium

73 1340 146 1396 δὲ,
190 1332 286 1385 καὶ
315 1330 486 1391 οὔτως
514 1325 812 1392 ἐπαγαγεῖν
838 1361 853 1385 ,
900 1321 1059 1390 Πρωῒ
1102 1316 1404 1372 Σαϐϐάτου
1452 1315 1590 1386 ἐφάι

1799 1318 2053 1389 )parebit,
2087 1320 2134 1374 si
2178 1328 2305 1389 apte
2349 1331 2514 1389 atque
2566 1319 2806 1374 scienter
2852 1319 3169 1390 legerimus.
3221 1321 3316 1373 Et-

71 1423 295 1493 πρῶτον
309 1420 505 1488 Μαρίᾳ
526 1415 599 1484 τῇ
616 1410 1100 1483 Μαγδαληνῇ,ἴνα
1121 1409 1180 1462 τὸ
1202 1409 1299 1479 μὲν
1328 1407 1588 1462 Ἀναστὰ

1801 1410 1891 1462 lim
1933 1408 2229 1465 subnotare
2260 1418 2314 1465 et
2340 1410 2783 1479 subdistinguere
2816 1409 2975 1464 docte
3011 1419 3174 1480 atque
3230 1411 3318 1465 in-

71 1518 157 1587 έχη
192 1515 293 1583 τὴν
324 1508 602 1580 ἀναφορὰν
640 1504 947 1576 συμφώνως
990 1501 1067 1573 τῷ
1097 1499 1363 1570 Ματθαίῳ
1393 1498 1529 1571 πρὸς
1556 1517 1585 1551 τ

1806 1503 2056 1571 lligenter
2090 1510 2325 1572 oportet.
2358 1502 2494 1556 Cum
2529 1504 2866 1557 surrexisset
2901 1511 3122 1583 autem:
3155 1511 3319 1572 atque

73 1603 402 1677 προλαϐόντα
432 1598 621 1669 καιρόν
647 1612 662 1629 ο
690 1595 753 1648 τὸ
778 1595 857 1661 δὲ,
884 1592 1060 1661 Πρωῒ,
1093 1591 1227 1663 πρὸς
1245 1589 1342 1660 τὴν
1368 1592 1433 1660 τῇ
1461 1590 1587 1659 Μαρ

1805 1609 1825 1645 a
1855 1593 2189 1663 subjungere
2219 1602 2641 1662 consequenter,
2674 1610 2825 1647 mane
2875 1594 3046 1662 primo
3079 1593 3163 1648 die
3192 1592 3322 1649 Sab-

72 1694 363 1767 γενομένην
407 1689 730 1757 ἐπιφάνειαν
756 1683 1066 1753 ἀποδοθείη,
1089 1682 1282 1753 πρώτῃ
1305 1680 1401 1733 σὺν
1426 1683 1491 1751 τῇ
1514 1679 1589 1733 ἄλ]

1801 1687 1863 1739 zti
1890 1686 2135 1754 apparuit
2161 1688 2392 1754 primum
2414 1685 2607 1740 Maria:
2625 1686 2957 1756 Magdalenw
2973 1703 2993 1740 :
3016 1696 3073 1741 ut
3095 1689 3318 1743 verbum

72 1751 272 1859 iliapiq,
318 1751 419 1837 καὶ
467 1751 631 1835 πάλιν
680 1778 815 1849 μόνη
881 1751 1191 1845 θεασαμένη
1253 1751 1350 1825 τὸν
1400 1770 1589 1843 Κύριοη

1804 1777 1973 1832 uideni
2014 1778 2272 1842 ἀναστάς,
2313 1778 2367 1831 id
2417 1788 2522 1842 est,
2574 1795 2691 1832 cum
2740 1781 3076 1842 surrexisset,
3121 1795 3321 1833 convc-

72 1878 207 1950 πρωϊ
235 1877 344 1946 γάρ
372 1877 520 1927 ἐστιν
553 1871 699 1925 ἅπαν
728 1869 788 1923 τὸ
811 1867 1117 1936 διάστημα,
1165 1864 1227 1917 τὸ
1258 1862 1394 1933 μετὰ
1422 1862 1518 1932 τὴν
1544 1862 1589 1913 τί

1803 1875 1993 1922 lentem
2025 1883 2149 1922 cum
2185 1867 2437 1923 Matthazo
2471 1868 2540 1923 ad
2580 1871 2834 1939 superius
2863 1879 3074 1939 tempus
3102 1870 3320 1925 relatio-

72 1970 438 2043 ἀλεκτρυόνων
482 1967 629 2037 βοήν,
659 1962 952 2031 Τεσσάρων
998 1959 1177 2012 τοίνυν
1215 1957 1381 2009 ὄντων
1420 1954 1589 2025 καιρῶ

1799 1974 1876 2014 em
1916 1959 2111 2014 habeat
2143 1980 2156 2015 :
2194 1961 2421 2016 verbum
2470 1977 2629 2026 vero,
2666 1964 2840 2033 πρωῒ,
2889 1962 2943 2016 id
2987 1974 3100 2027 est,
3145 1979 3316 2029 mane,

72 2064 158 2119 καὶ
184 2060 457 2115 τοσούτων
500 2057 769 2125 ἀφίξεων,
818 2052 940 2106 καθ’
968 2051 1034 2114 ἃς
1062 2050 1119 2102 αἱ
1161 2050 1413 2116 γυναῖκες
1461 2047 1552 2099 ἐπὶ

1799 2068 1958 2122 ιηυω
2003 2051 2187 2107 Maria:
2239 2052 2382 2108 facta
2432 2063 2537 2118 est,
2590 2054 2918 2125 apparitioni
2957 2056 3316 2110 attribuatur:

75 2156 257 2224 μνῆμα
312 2149 516 2224 ἦλθον,
576 2147 803 2200 ἕκαστον
853 2139 1246 2210 εὐαγγελιστὴν
1303 2138 1401 2190 ἕνα
1462 2154 1589 2206 καιρ

1804 2159 1874 2198 ua:
1907 2144 2082 2214 prima
2124 2159 2250 2199 eum
2301 2147 2470 2201 altera
2515 2145 2709 2210 Maria,
2763 2156 2926 2216 atque
2964 2147 3158 2202 iterum
3205 2149 3321 2202 sola

73 2246 383 2317 ᾠκονόμησε
417 2238 624 2312 γράψαι
656 2236 717 2288 τὸ
746 2234 972 2304 Πνεῦμα
1015 2232 1075 2285 τὸ
1118 2230 1292 2299 ἅγιον.
1342 2229 1451 2283 Καὶ
1480 2230 1508 2281 ὁ
1553 2247 1590 2299 μ

1808 2236 1966 2290 derat
2004 2235 2291 2292 Dominum
2344 2257 2358 2292 :
2391 2238 2535 2308 πρωί
2574 2240 2743 2303 enim,
2796 2240 2849 2294 id
2885 2248 2987 2305 est,
3030 2257 3201 2305 mane,
3237 2242 3323 2296 vel

76 2337 362 2400 Ματθαῖος,
407 2331 506 2393 τὰς
529 2328 626 2398 ὀψὲ
652 2325 947 2380 Σαϐϐάτων
977 2321 1425 2393 παραγενομένας
1467 2321 1558 2373 ἐπὶ
1590 2340 1593 2353 ·

1806 2325 2011 2394 ῖιαοιιιο,
2045 2328 2361 2383 universum
2409 2328 2543 2382 illud
2594 2330 2830 2398 spatium
2870 2337 2974 2393 est,
3002 2330 3146 2401 quod
3199 2340 3323 2399 post

76 2428 259 2500 μνῆμα
288 2421 564 2492 ἱστόρησε,
615 2419 708 2470 καὶ
740 2415 969 2484 ἄγγελον
1012 2414 1107 2466 ἕνα
1151 2410 1564 2479 καταϐεϐηκότα

1807 2419 2021 2473 illorum
2047 2431 2266 2474 cantum
2320 2420 2630 2477 intercedit.
2665 2422 2801 2476 Cum
2850 2422 3015 2493 igitur
3044 2432 3324 2493 quaternm

73 2514 296 2591 εὑρανοῠ
328 2513 424 2567 καὶ
452 2511 542 2563 τὸν
567 2509 713 2562 λίθον
745 2504 1150 2560 ἁποκυλίσαντα
1177 2516 1190 2528 ’
1226 2501 1254 2554 δ
1282 2501 1338 2553 δὲ
1378 2500 1590 2569 Ἰωάννη

1808 2525 2061 2579 τιηροιουιιι
2092 2510 2202 2564 sint
2232 2510 2401 2576 vices,
2431 2511 2769 2581 totidemque
2814 2526 3093 2575 accessus,
3126 2512 3325 2581 quibus

74 2588 285 2682 Μαρίαν
328 2603 427 2676 τὴν
470 2598 837 2670 Μαγδαληνὴν
884 2594 1202 2666 ἐληλυθέναι
1251 2592 1417 2662 μόνην
1470 2592 1537 2682 ἐν
1576 2607 1591 2641 σι

1815 2602 2015 2657 ulieres
2045 2603 2113 2656 ad
2147 2612 2561 2657 monumentum
2593 2613 2880 2668 venerunt,
2916 2601 3155 2673 Spiritus
3199 2617 3328 2656 san-

75 2680 244 2757 σιόξει
285 2694 395 2767 πρὸ
436 2696 534 2765 τῆς
576 2693 650 2745 ἒω
683 2689 1065 2759 συγγέγραφε,
1119 2683 1213 2737 καὶ
1253 2682 1347 2735 δύο
1389 2680 1592 2749 ἀγγέλοε

1807 2712 1881 2751 ,υς
1907 2710 2021 2750 rem
2053 2695 2128 2749 ita
2157 2695 2494 2766 dispensavit
2526 2703 2690 2765 atque
2719 2696 3013 2760 ordinavit,
3042 2704 3101 2750 ut
3125 2695 3324 2763 singuli

76 2789 215 2842 ἔνδον
254 2785 352 2839 τοῦ
384 2785 554 2853 τάφου
582 2780 878 2836 θεάσασθαι
903 2795 917 2809 ο
954 2776 1170 2839 Λουκᾶς
1208 2774 1289 2840 δὲ,
1316 2772 1480 2835 ἄλλας
1512 2790 1593 2825 κα·

1809 2787 2107 2856 ωιικοιὶεῑαι
2142 2786 2389 2856 singulos
2416 2796 2723 2856 temporum
2761 2788 3023 2842 articulos
3074 2785 3326 2840 conscri-

74 2880 261 2933 ταύτὸν
312 2876 405 2930 τὸν
448 2874 680 2948 ὄρθρον·
735 2871 961 2943 Μάρκος
1005 2868 1085 2934 δὲ,
1120 2866 1311 2937 ἑτέραν
1340 2866 1590 2934 ἀνίσχοντ

1810 2885 1965 2932 :rent.
2013 2876 2090 2929 Ac
2143 2875 2429 2931 Matthmus
2481 2877 2699 2946 quidem
2752 2877 2896 2942 illas,
2944 2892 3066 2946 quae
3117 2876 3327 2947 vesperi

74 2973 244 3042 ἡλίου,
279 2964 844 3039 συναναμεμιγμένων
875 2961 1037 3015 τινῶν
1067 2960 1163 3013 καὶ
1209 2957 1319 3011 τῶν
1346 2958 1448 3028 ἤδη
1484 2974 1589 3028 παρ

1810 2970 2121 3024 abbatorum
2174 2979 2440 3025 venerunt
2486 2970 2555 3024 ad
2605 2977 3042 3034 monumentum,
3096 2969 3327 3025 historia

74 3064 400 3135 γενομένων.
429 3061 537 3115 Καὶ
567 3060 687 3122 ταῖς
718 3056 815 3128 μὲν
841 3054 935 3109 δύο
964 3053 1171 3143 ἄνδρας
1192 3051 1524 3143 ὲοιτιστάνταςΔ
1556 3066 1591 3100 α

1815 3061 2192 3131 m1prehendit,
2248 3068 2303 3118 et
2341 3060 2592 3131 angelum
2650 3074 2816 3113 unum
2869 3058 3220 3115 descendisse
3263 3060 3332 3118 de

74 3159 188 3219 ταῖς
213 3172 231 3186 ο
285 3155 407 3217 ταῖς
448 3151 506 3205 δὲ
548 3149 857 3220 καθήμενον
907 3148 965 3199 ἐν
1008 3146 1120 3207 τοῖς
1155 3140 1349 3206 δεξιοῖς
1378 3140 1591 3194 νεανίσκ

1812 3150 1924 3215 elo,
1952 3152 2045 3221 qui
2078 3152 2313 3222 lapidem
2352 3150 2671 3206 revolvisset
2697 3149 2739 3178 ³⁷
2768 3164 2782 3212 ;
2837 3147 3077 3205 Joannes
3124 3157 3329 3214 auterr,

76 3250 200 3302 ἰδεῖν
230 3262 246 3279 ·
301 3245 515 3307 στολαῖς
559 3243 616 3297 δὲ
665 3242 911 3303 ἅπαντας
961 3235 1366 3309 ἠμφιεσμένους
1414 3233 1593 3285 λευκαῑ

1818 3240 1989 3297 ariam
2054 3242 2429 3314 Magdalenam
2493 3242 2712 3296 venisse
2763 3240 2937 3295 solam
2986 3240 3040 3293 in
3091 3238 3332 3294 tenebris

76 3343 237 3395 Ὥστε
264 3336 524 3392 δύνασθαί
549 3351 670 3388 τινα
698 3332 840 3387 κατὰ
879 3330 977 3401 τὴν
1021 3328 1129 3383 τῶν
1173 3325 1379 3398 καιρῶν
1409 3325 1561 3392 τάξιν
1592 3350 1593 3355 π

1816 3340 1887 3389 ite
1921 3335 2096 3390 lucem
2142 3334 2493 3405 conscripsit,
2530 3340 2694 3403 atque
2732 3331 2960 3402 angelos
3003 3332 3142 3387 duos
3189 3332 3332 3386 intra

76 3436 205 3507 παρ’
240 3432 471 3487 ἑκάστου
502 3425 864 3499 γεγραμμένα
897 3421 1177 3485 συνθέντα,
1219 3420 1347 3490 μίαν
1399 3418 1593 3490 ἁρμονί

1820 3435 2179 3479 onumentum
2215 3423 2417 3478 vidisse
2440 3424 2486 3455 ⁸⁸
2512 3441 2524 3476 :
2552 3422 2734 3478 Lucas
2784 3423 2921 3477 alias
2965 3421 3113 3477 circa
3149 3422 3331 3492 ipsum

76 3528 167 3581 xui.
194 3527 253 3581 ἓν
282 3524 443 3593 σῶμα
473 3521 653 3591 πάσης
683 3519 782 3590 τῆς
814 3517 1050 3589 ἱστορίας
1082 3511 1419 3586 ἐργάσασθαι
1443 3528 1457 3543 ·
1490 3509 1593 3563 καθ

1815 3516 2063 3571 luculum
2086 3518 2153 3584 ’νς
2175 3515 2391 3572 Marcus
2415 3532 2543 3573 vero
2564 3517 2726 3570 aliam
2748 3516 2959 3573 oriente
2981 3517 3117 3581 sole,
3136 3516 3332 3587 adjun-

78 3638 184 3692 περ
227 3618 350 3681 ἑνὸς
396 3615 457 3669 τὸ
504 3615 613 3668 πᾶν
662 3608 999 3683 γεγραφότος
1046 3606 1143 3661 καὶ
1208 3606 1268 3659 οὐ
1317 3603 1544 3659 «eum.

1823 3607 1870 3663 is
1898 3608 2200 3674 nonnullis,
2229 3624 2351 3679 qua:
2375 3609 2489 3679 jam
2514 3608 2680 3664 etiam
2715 3616 2875 3663 antea
2907 3606 2977 3662 ad
3009 3623 3336 3664 monumen—

81 3716 178 3785 μὲν
210 3710 325 3783 γάρ
363 3710 494 3780 μιᾶς
538 3707 775 3777 ἀφίξεως
823 3706 931 3760 τῶν
974 3703 1248 3774 γυναικῶν
1275 3704 1333 3756 ὲν
1367 3703 1448 3755 ἑνὶ
1488 3718 1598 3774 καιε

1819 3717 1883 3754 un
1919 3700 2154 3756 fuissent
2182 3701 2247 3757 ³ο.
2276 3702 2455 3770 Atque
2487 3700 2611 3755 illas
2648 3700 2870 3770 quidem
2901 3700 3040 3757 duos
3074 3701 3220 3757 viros
3243 3701 3336 3772 qui

79 3804 380 3875 γενομένης
428 3803 474 3853 οἱ
523 3799 790 3871 τέσσαρες
836 3795 1279 3868 ἐμνημόνευσαν,
1324 3794 1419 3847 καὶ
1449 3795 1509 3846 οὐ
1538 3809 1596 3845 το

1826 3795 1902 3849 sis
1947 3794 2293 3857 astitisscnt;
2328 3795 2429 3848 has
2461 3808 2591 3849 vero
2622 3793 2899 3848 sedentem
2940 3808 2971 3848 a
3018 3793 3225 3849 dextris
3248 3793 3337 3864 ju-

80 3897 277 3961 αὐτοὺς
330 3889 483 3946 εἷπον
526 3888 794 3959 ἀγγέλους
825 3886 1176 3957 ἐπιφανῆναι,
1217 3885 1250 3955 ἦ
1284 3885 1411 3953 μίαν
1443 3883 1536 3936 καὶ
1567 3900 1596 3934 τ

1822 3900 1959 3939 mem
1991 3884 2235 3951 vidisse;
2271 3893 2434 3955 atque
2484 3900 2675 3941 omnes
2727 3886 2884 3942 stolis
2931 3886 3069 3941 albis
3118 3886 3339 3941 indutos

81 3988 250 4056 αὒτὴν
279 3983 625 4051 ἐπιφάνειαν,
650 3978 1116 4049 ἧγουνόπτασίαν,
1136 3976 1372 4037 ἅπαντες
1393 3972 1598 4027 εἰπόντε

1819 3978 1939 4032 lisse
1991 3977 2267 4033 memoria:
2318 3975 2699 4046 prodiderunt.
2750 3978 2938 4048 Itaque
2984 3980 3033 4033 si
3074 3978 3199 4050 quis
3249 3994 3336 4046 ea,

79 4078 289 4148 ταύτην
317 4075 523 4144 ἔφασαν
555 4073 614 4127 ὲν
640 4072 915 4142 διαφόροις
953 4068 1279 4139 γεγενῆσθαι
1311 4068 1539 4138 καιροῖς,
1568 4083 1596 4117 ο

1822 4085 1891 4125 ιω
1919 4070 2121 4141 singuli
2146 4069 2447 4125 secundum
2486 4069 2732 4124 ordinem
2763 4077 3069 4141 temporum
3102 4071 3339 4141 scripse-

82 4169 198 4230 ἑνὸς
231 4162 708 4237 μνημονεύσαντες
732 4160 959 4222 ἕκαστος
988 4155 1527 4229 χρόνου,-διαφωνίας
1554 4149 1599 4206 εἶ

1822 4168 1920 4223 ιηι,
1999 4161 2390 4231 composuerit,
2438 4160 2615 4230 possit
2675 4176 2836 4215 unam
2891 4162 3339 4227 consonantiam,

86 4260 303 4330 μέμψιν
328 4260 356 4310 ό
389 4255 567 4323 λόγος.
601 4254 665 4306 Εἰ
691 4252 747 4305 δὲ
775 4251 867 4306 καὶ
896 4252 944 4304 οῖ
977 4250 1159 4320 καιροὶ
1191 4248 1436 4319 διάφοροι
1481 4245 1603 4299 καὶ·

1823 4252 2338 4323 mcordantiamque
2363 4260 2417 4307 et
2448 4267 2617 4306 unum
2648 4267 2850 4321 corpus
2886 4252 3132 4308 historia:
3172 4253 3340 4310 totius

86 4352 381 4423 πρόσωπα,
420 4348 513 4402 καὶ
540 4348 597 4399 αἱ
626 4345 737 4399 τῶν
765 4343 1135 4412 ἐπιφανέντων
1167 4341 1315 4409 ὄψεις
1357 4340 1455 4408 οὐχ
1484 4340 1539 4391 αἱ
1570 4355 1603 4390 α

1828 4344 2025 4399 licere:
2058 4345 2284 4412 perinde
2311 4359 2374 4399 ac
2405 4344 2451 4401 si
2493 4360 2635 4401 unus
2663 4353 2827 4401 totam
2858 4361 2969 4400 rem
3015 4355 3245 4417 gestam,
3290 4356 3345 4401 et

86 4420 171 4495 ταὶ
225 4443 245 4511 (
274 4438 369 4492 τοῦ
403 4436 537 4490 Θεοῦ
582 4435 929 4506 βουληθέντος
961 4432 1049 4486 διὰ
1092 4430 1301 4484 πολλῶν
1336 4430 1553 4500 τρόπων
1581 4446 1603 4479 τ

1825 4452 1886 4491 on
1916 4437 2226 4507 complures
2256 4438 2629 4507 scripsissent.
2661 4436 2797 4493 Nam
2836 4439 2885 4495 si
2930 4440 3095 4494 unius
3125 4439 3342 4510 quidem

88 4531 404 4587 στώσασθαι
447 4531 509 4582 τὸ
540 4529 764 4583 ἄπιστον
795 4525 979 4596 θαῦμα
1010 4526 1109 4595 τῆς
1140 4521 1526 4591 ἀναστάσεως)
1575 4538 1605 4573 κ

1829 4530 2040 4585 lvcntus
2075 4531 2384 4596 mulierum,
2421 4530 2514 4601 qui
2557 4531 2613 4586 in
2652 4547 2762 4587 uno
2811 4532 3071 4603 temporis
3116 4532 3346 4587 articulo

87 4629 145 4679 τὸ
158 4625 238 4697 τῷ
259 4623 408 4694 ἄλλῳ
438 4622 512 4694 μὴ
531 4620 720 4691 λεχθὲν
747 4618 932 4689 ἕτερος
963 4617 1244 4687 ἱστόρησεν
1262 4613 1604 4682 εὐαγγελιστὶ

1832 4619 2100 4684 ccidisset,
2136 4636 2328 4676 omnes
2359 4631 2598 4691 quatuor
2626 4622 2956 4677 mentionem
2988 4623 3262 4689 fecissent,
3294 4631 3349 4677 et

92 4720 206 4783 πῶς
234 4718 341 4771 οὐκ
368 4716 514 4769 ἐστιν
550 4716 584 4786 ἡ
608 4714 856 4784 διήγησις
895 4710 991 4780 ὅλη
1024 4708 1237 4780 καθαρὰ
1288 4709 1381 4762 καὶ
1420 4706 1609 4775 ὲλευθέ

1832 4712 2001 4766 isdem
2040 4713 2264 4782 angelos
2299 4713 2566 4768 dixissent
2598 4714 2958 4784 apparuisse:
3006 4716 3090 4769 vel
3122 4730 3231 4769 una
3265 4724 3349 4768 at-

90 4813 275 4882 πάσης
307 4808 476 4880 λαϐῆς
496 4825 511 4874 ;

1834 4820 1899 4858 ue
1928 4802 2115 4859 eadem
2171 4805 2515 4874 apparitione
2560 4805 2675 4859 sive
2725 4804 2940 4860 visione
2975 4804 3043 4859 ab
3073 4804 3348 4860 universis

90 4909 262 4973 edita,
299 4904 443 4958 hanc
474 4901 528 4955 in
560 4898 795 4955 diversis
834 4898 1175 4968 temporibus
1234 4895 1508 4952 accidisse
1573 4896 1864 4963 dixissent,
1922 4909 1976 4955 et
2024 4913 2132 4953 non
2176 4900 2341 4954 unius
2412 4900 2644 4969 quisque
2716 4900 2975 4971 temporis
3020 4901 3349 4954 mentionem

94 5001 394 5062 iecissent,
431 4992 815 5065 discrepantize
868 5000 1031 5063 atque
1076 4992 1436 5053 dissensionis
1489 4994 1966 5063 reprehensionem
2000 4995 2237 5066 cﬂugere
2298 4996 2541 5050 narratio
2611 5010 2718 5051 non
2750 5004 2951 5066 posset.
3011 4996 3106 5051 Sin
3169 5003 3349 5051 autem

94 5107 147 5152 et
180 5107 439 5167 persona:
471 5100 525 5145 et
554 5103 802 5159 tempora
831 5088 1048 5144 diversa
1104 5088 1347 5151 fuerunt,
1385 5095 1439 5143 et
1488 5102 1681 5142 eorum
1757 5090 1850 5159 qui
1900 5098 2295 5160 apparuerunt,
2352 5090 2521 5145 facies
2568 5106 2678 5145 non
2737 5090 2978 5145 eaedem:
3036 5105 3158 5144 cum
3212 5087 3354 5143 Deus

98 5186 485 5260 compluribus
515 5184 693 5240 modis
721 5183 881 5239 tidem
909 5182 1090 5238 facere
1118 5183 1353 5238 voluerit
1413 5182 1720 5238 incredibili
1762 5186 2030 5241 miraculo
2062 5182 2515 5256 resurrectionis}
2544 5197 2595 5242 et
2618 5187 2760 5257 quod
2786 5202 2927 5242 unus
2987 5185 3350 5255 praetermisit,

96 5288 245 5341 alius
275 5282 515 5338 historia
548 5286 870 5352 persecutus
896 5286 981 5334 est
1014 5278 1349 5349 evangeliSta
1380 5296 1392 5331 :
1424 5278 1519 5347 qui
1565 5277 1680 5333 ﬁeri
1719 5288 1920 5350 potest,
1951 5290 2009 5336 ut
2058 5296 2167 5338 non
2221 5290 2332 5336 tota
2371 5283 2616 5337 narratio
2646 5296 2783 5353 pura
2836 5288 2888 5336 et
2921 5280 2987 5335 ab
3056 5281 3203 5335 omni
3274 5296 3355 5335 re.

95 5379 478 5452 prebensione
507 5377 679 5432 libera
707 5375 822 5431 sit?

179 5472 410 5545 Ἐπειδὴ
456 5471 513 5525 δὲ
559 5469 769 5523 πολλῶν
803 5468 1030 5539 Μαριῶν
1073 5470 1133 5522 ὲν
1182 5469 1292 5530 τοῖς
1336 5467 1687 5535 Εὑαγγελίοις

1864 5462 2134 5531 Quoniam
2162 5472 2343 5518 autem
2374 5464 2670 5518 multarum
2702 5461 2994 5518 alariarum
3034 5463 3087 5517 in
3115 5462 3358 5535 Evangeo

99 5566 335 5639 φέρεται
381 5563 603 5635 μνήμη,
651 5563 799 5631 τρεῖς
852 5554 989 5613 εἶναι
1030 5558 1127 5622 τὰς
1176 5559 1351 5622 πάσας
1399 5556 1616 5627 γινώσκε

1841 5559 1880 5613 is
1912 5556 2116 5612 mentio
2142 5557 2221 5623 lit,
2253 5564 2364 5612 tres
2412 5570 2642 5611 numero
2697 5569 2887 5611 omnes
2936 5569 3061 5614 esse
3112 5563 3358 5615 statuere

173 5741 219 5773 "
260 5739 456 5797 Matth.
494 5757 686 5812 xxvnt,
718 5743 743 5799 i
773 5758 894 5812 sqq.
971 5742 1015 5774 "
1048 5739 1203 5797 Joan.
1232 5756 1321 5795 xx.
1350 5739 1374 5795 1
1409 5754 1530 5809 sqq.
1609 5739 1653 5771 ’ν
1684 5736 1819 5794 Luc.
1853 5753 2000 5805 xxiv,
2030 5736 2051 5790 ί
2086 5752 2209 5808 sqq.
2290 5737 2333 5769 "
2367 5733 2534 5790 Marc.
2572 5748 2686 5798 xvr,
2720 5732 2744 5787 1
2777 5748 2896 5805 sqq.
