3842 6412
497 265 597 322 647

1743 245 1798 302 S.
1835 239 2162 300 GBEGORII
2193 229 2488 296 NYSSEN!

3655 237 3758 292 643

496 383 758 438 debemus
787 396 800 434 :
833 390 970 447 quas
993 373 1232 428 Joannes
1257 365 1706 437 comprehensim
1737 360 2072 424 numeravit,

2200 356 2492 447 ἱφείλομεν,
2523 356 2589 420 ἃς
2613 357 2642 409 ὁ
2673 355 2923 426 Ἰωάννης
2947 355 3242 427 συλλήϐδην
3263 355 3538 428 ἠρίθμησε
3559 357 3754 426 φήσας·

497 489 622 530 cum
667 446 874 525 diceret.
923 483 942 520 :
987 465 1215 520 Stabant
1263 472 1438 514 autem
1475 458 1640 526 juxta
1687 470 1894 509 crucem
1941 451 2072 506 Jesu

2200 446 2572 512 ἴιστήκεισαν
2599 447 2672 502 δὲ
2701 449 2862 517 παρὰ
2899 449 2980 514 τῷ
3019 448 3262 516 σταυρῷ
3301 449 3408 502 τοῦ
3445 448 3676 516 Ἰησοῦ,
3721 452 3756 518 ἡ

500 575 668 620 muter
699 562 836 626 ejus.
859 570 910 614 et
941 573 1094 612 soror
1119 555 1308 609 matris
1349 551 1486 620 ejus,
1519 548 1698 602 Maria
1731 544 1997 614 Cleoplue,
2023 551 2073 596 et

497 656 678 712 Maria
711 648 1118 722 Magdalena".
1159 645 1294 700 Nam
1327 644 1550 698 Mariam
1585 639 1778 695 Jacobi
1825 647 1880 693 et
1929 635 2075 692 Josae

497 755 726 804 matrem
763 744 908 814 apud
941 743 1084 796 alios
1125 737 1496 808 evangelistas
1544 731 1908 792 nominatam,
1948 727 2074 782 Dei-

499 851 684 910 param
711 843 768 892 et
796 849 906 890 non
935 833 1100 886 aliam
1131 843 1254 884 esse
1283 827 1582 882 credimus.
1615 823 1884 889 Quoniam
1925 820 2073 874 enim

501 909 574 979 ita
603 921 934 992 dispositum
981 927 1038 974 et
1081 917 1414 972 destinatum
1466 920 1606 976 erat,
1644 919 1704 966 ut
1739 919 1796 966 et
1853 909 2075 964 divinus

501 1028 694 1092 partus
723 1015 1170 1076 obumbraretur,
1215 1017 1270 1065 et
1305 1008 1677 1080 sanguinariis
1725 1005 1932 1061 Judaeis
1965 1015 2074 1060 non

501 1089 968 1170 manifestaretur,
1009 1104 1158 1174 quod
1197 1101 1346 1158 circa
1391 1101 1570 1172 ipsum
1613 1110 1852 1168 tempus,
1896 1089 2078 1168 quoad

500 1205 702 1259 lectum
744 1198 987 1269 jugalem
1037 1194 1292 1251 ducenda
1341 1201 1498 1255 erat,
1547 1191 1700 1260 virgo
1743 1205 1808 1244 ex
1867 1188 2078 1257 Spiritu

501 1300 692 1352 saneto
725 1289 1076 1360 concepisset
1109 1305 1124 1343 :
1157 1282 1622 1357 quemadmodum
1657 1282 1879 1336 Litteris
1917 1295 2078 1360 mane

499 1385 688 1440 datum
725 1389 832 1446 est,
878 1359 1026 1450 quod
1071 1384 1128 1433 et
1168 1377 1254 1432 vir
1295 1373 1466 1445 hujus
1499 1379 1556 1429 et
1604 1381 1762 1442 pater
1806 1371 1938 1426 Jesu
1963 1359 2080 1402 ³¹σ³³

501 1484 728 1531 vocatus
762 1471 836 1530 sit
865 1469 1070 1540 Joseph
1115 1467 1350 1525 :eodem
1397 1464 1560 1520 modo
1597 1459 1740 1518 Josa:
1793 1469 1850 1516 et
1892 1459 2080 1516 Jacobi

503 1569 739 1624 ﬁliorum
781 1562 988 1634 Joseph
1037 1560 1178 1616 fabri
1215 1573 1286 1616 ex
1324 1558 1604 1630 prioribus
1632 1555 1841 1626 nuptiis
1875 1563 1930 1609 et
1971 1565 2083 1623 prae

504 1666 720 1716 mortua
765 1670 936 1712 uxore
987 1652 1256 1724 puerilem
1289 1659 1502 1706 aetatem
1567 1647 1846 1719 agentium
1907 1651 2084 1700 mater

2169 538 2368 607 μήτηρ
2401 537 2610 598 αὐτοῦ,
2648 543 2746 590 καὶ
2781 544 2820 608 ὴ
2865 541 3099 612 ἀδελφὴ
3139 533 3248 610 τῆς
3286 544 3514 612 μητρὸς
3549 545 3754 610 αὐτοῦ,

2171 633 2373 698 Μαριά
2413 632 2449 698 ἡ
2485 631 2590 684 τοῦ
2647 633 2890 699 Κλεόφα
2927 637 3023 690 καὶ
3067 638 3262 704 Μαρία
3295 637 3332 702 ἡ
3361 638 3751 706 Μαγδαληνή.

2175 723 2404 792 Μαριὰμ
2438 720 2546 790 γὰρ
2578 719 2676 788 τὴν
2715 720 2994 785 Ἰακώϐου,
3026 727 3119 777 καὶ
3160 727 3317 797 Ἰωσῆ
3362 729 3577 799 μητέρα
3609 729 3758 798 παρά

2175 815 2288 876 τοῖς
2323 811 2504 873 ἄλλοις
2537 809 2950 878 εὐαγγελισταῖς
2996 813 3406 888 ὠνομασμένην,
3441 819 3542 889 τὴν
3569 819 3760 872 Θωτό-

2189 922 2284 958 κον
2329 899 2491 962 εἶναι,
2521 903 2732 956 καὶούκ
2759 902 2946 972 ἄλλην,
2985 891 3446 977 πεπιστεύκαμεν.
3491 911 3760 982 Καθάπερ

2177 993 2286 1064 γὰρ
2315 993 2404 1047 διὰ
2446 991 2544 1064 τὴν
2585 993 2900 1062 οἰκονομίαν
2945 993 3040 1046 καὶ
3089 993 3166 1064 τῷ
3211 995 3632 1070 ὲπισκιασθῆναι
3675 1003 3762 1055 τὸν

2179 1085 2318 1136 θεῖον
2362 1083 2518 1136 τόκον
2543 1121 2558 1144 ,
2603 1082 2694 1135 καὶ
2745 1082 2822 1152 μὴ
2873 1083 3253 1154 φανερωθῆναι
3301 1087 3414 1148 τοῖς
3459 1091 3763 1158 μιαιφῦνῡις

2192 1175 2468 1237 Ἰουδαίοις
2513 1174 2644 1244 παρ’
2695 1175 2826 1226 αὐτὸ
2881 1173 2942 1226 τὸ
2994 1174 3205 1243 μέλλειν
3251 1176 3343 1228 ἐπὶ
3383 1177 3484 1246 τὴν
3515 1182 3764 1234 παστάδα
3815 1233 3817 1236 ι

2179 1268 2409 1338 ἄγεσθαι
2437 1267 2536 1338 τὴν
2562 1266 2836 1336 Παρθένον
2861 1268 2926 1320 ὲκ
2957 1267 3268 1337 ΙΙνεύματος
3297 1269 3450 1337 ἁγίου
3483 1271 3762 1325 συλλαϐεῖν

2183 1361 2596 1430 ἀναγέγραπται
2621 1376 2634 1389 ·
2688 1359 2766 1422 ὡς
2815 1359 2984 1430 ἄνδρα
3041 1359 3243 1430 ταύτης
3285 1362 3632 1433 χρηματίσαι
3679 1364 3767 1417 τὸν

2196 1453 2393 1523 Ἰωσὴιρ
2415 1492 2429 1516 ,
2467 1452 2562 1506 καὶ¹
2595 1453 2810 1523 πατέρα
2853 1451 2948 1504 τοῦ
2990 1449 3164 1523 Ἰησοῦ
3191 1469 3204 1483 ·
3255 1453 3346 1506 τὸν
3379 1455 3542 1507 αὐτὸν
3567 1455 3766 1526 τρόπον

2183 1546 2276 1600 τοῦ
2319 1545 2476 1616 Ἰωσῆ
2507 1545 2602 1599 καὶ
2629 1543 2722 1598 τοῦ
2754 1543 3012 1598 Ἰακώϐου
3037 1545 3240 1598 παίδων
3267 1546 3436 1600 όντων
3463 1545 3560 1599 τοῦ
3589 1548 3768 1600 τέκτο-

2184 1653 2275 1700 νος
2309 1636 2525 1706 Ἰωσὴφ,
2553 1633 2810 1706 παιδικὴν
2835 1634 3080 1704 ἀγόντων
3115 1635 3224 1706 τὴν
3271 1636 3488 1706 ἡλικίαν
3527 1639 3595 1692 ἐκ
3634 1653 3766 1708 προ-

505 1751 736 1821 Deipara
765 1757 822 1804 et
852 1721 1235 1818 appellabatur
1287 1751 1342 1800 et
1375 1741 1764 1798 nominabatur
1789 1759 1804 1794 :
1855 1738 1972 1793 lucc
2001 1737 2077 1792 ni-

2200 1727 2548 1798 ηγησαμένων
2565 1726 2758 1797 γάμων
2785 1727 2882 1780 καὶ
2905 1727 3457 1798 προτετελευτηκυίας
3485 1733 3762 1807 γυναικδς,

503 1843 702 1898 mirum
730 1840 1110 1896 obtrectantes
1140 1836 1305 1892 etiam
1339 1833 1514 1890 Judaei
1547 1834 1616 1889 de
1662 1832 1956 1888 Servatore
2003 1829 2086 1884 di-

501 1935 740 1990 cebant:
775 1931 859 1986 An
891 1946 996 1984 non
1026 1929 1111 1984 hic
1142 1935 1222 1983 est
1260 1928 1406 1998 ﬁlius
1454 1925 1646 1996 fabri?
1689 1923 1882 1978 Nonne
1919 1931 2088 1975 mater

501 2027 616 2096 ejus
644 2031 862 2080 vocatur
895 2019 1103 2088 Maria,
1128 2031 1179 2075 et
1207 2019 1402 2089 fratres
1445 2019 1560 2088 ejus
1593 2015 1853 2082 Iacobus,
1901 2025 1953 2069 et
1986 2012 2086 2068 Jo-

503 2135 608 2184 ses,
641 2126 692 2173 et
718 2115 928 2178 Simon,
962 2123 1014 2170 et
1057 2111 1231 2168 ludas
1253 2112 1344 2166 “‘2
1386 2113 1562 2181 Atque
1613 2108 1824 2164 idcirco
1849 2105 2090 2162 Joannes

503 2206 752 2280 quidem,
787 2213 849 2260 ut
879 2203 976 2274 qui
1008 2203 1184 2260 libere
1213 2201 1455 2258 divinam
1503 2198 1794 2256 historiam
1843 2196 2092 2252 conscri-

505 2303 680 2366 beret,
713 2313 860 2364 eam,
897 2311 1020 2368 qua:
1054 2295 1234 2352 stabat
1265 2293 1424 2365 juxta
1451 2305 1693 2357 crucem,
1739 2289 1792 2344 id
1834 2288 1978 2361 quod
2007 2302 2092 2342 re-

507 2396 628 2466 ipsa
657 2400 796 2458 erat,
847 2399 1077 2446 matrem
1121 2387 1250 2444 Jesu
1310 2384 1645 2456 appellavit:
1699 2381 1888 2437 caeteri
1947 2393 2082 2434 vero

507 2487 880 2558 evangelista,
912 2483 1008 2553 qui
1039 2480 1274 2536 multum
1307 2477 1458 2532 circa
1487 2473 1906 2544 dispositionem
1937 2470 2091 2524 labo-

511 2587 796 2643 raverunt,
816 2583 973 2630 certo
998 2571 1234 2628 consilio
1261 2581 1489 2624 matrem
1512 2581 1632 2622 eam
1657 2563 1848 2619 Jacobi
1879 2571 1932 2618 et
1952 2561 2094 2616 Josae

509 2661 923 2741 appellaverunt
953 2665 972 2738 (
1000 2664 1056 2718 hi
1108 2663 1254 2718 enim
1287 2658 1452 2731 primi
1505 2666 1679 2720 erant,
1725 2664 1782 2710 et
1828 2653 2092 2723 insignes,

511 2763 609 2818 lilii
655 2758 932 2830 Josephi)
992 2757 1098 2812 hoc
1142 2761 1331 2824 aperte
1387 2750 1734 2822 signiﬁcante
1787 2746 2093 2817 Scriptura,

511 2852 663 2925 quod
715 2852 818 2908 hac
857 2847 1232 2920 dispositione
1278 2852 1334 2900 et
1384 2843 1725 2899 ordinatione
1773 2849 1934 2909 atque
1968 2837 2096 2892 inde

511 2949 776 3012 concepta
808 2939 1074 3011 Opinione
1116 2936 1324 3006 absque
1365 2933 1610 3004 periculo
1637 2930 1806 2986 Maria
1851 2925 2094 2998 passioni

2189 1821 2374 1891 μήτηρ
2401 1821 2434 1888 ἡ
2461 1818 2724 1881 Θεοτόκος
2759 1817 3202 1889 προσηγορεύετό
3226 1835 3284 1872 τε
3311 1822 3406 1874 καὶ
3434 1821 3764 1892 ὠνομάζετο.

2189 1910 2374 1965 Ταῦτά
2415 1928 2496 1964 τοι
2548 1911 2643 1963 καὶ
2701 1909 3147 1981 βλασφημοῦντες
3187 1910 3330 1963 κατά
3372 1911 3468 1964 τοῦ
3519 1914 3766 1985 Σωτῆρος

2189 2003 2374 2073 ἔλεγον
2395 2004 2445 2055 οἱ
2479 2003 2720 2056 Ἰουδαῖοι
2747 2020 2762 2032 ·
2815 2005 2938 2071 Οὐχ
2973 1997 3152 2067 οὗτός
3179 2003 3349 2056 ἐστιν
3378 2006 3412 2056 ὁ
3437 2003 3545 2057 τοῦ
3569 2005 3768 2058 τέκτο-

2188 2117 2296 2164 νος
2320 2100 2484 2164 υίός;
2527 2100 2642 2166 οὺχ
2675 2098 2713 2165 ἡ
2736 2097 2934 2166 μήτηρ
2958 2095 3145 2150 αὑτοῦ
3173 2097 3404 2161 λέγεται
3428 2101 3644 2165 Μαρία,
3677 2100 3769 2152 καί

2190 2194 2246 2247 οἱ
2269 2189 2516 2258 ἀδελφοί
2545 2187 2752 2251 αὐτοῦ,
2785 2186 3184 2253 Ἰάκωϐος-,καὶ
3219 2186 3406 2253 Ἰωσὴ,
3432 2189 3532 2242 καὶ
3554 2191 3766 2258 Σίμων,

2191 2284 2290 2338 καὶ
2327 2283 2595 2347 Ἰούδας;
2637 2280 2750 2334 Καὶ
2777 2279 2864 2334 διὰ
2909 2278 3068 2332 τοῦτο
3113 2280 3142 2331 ό
3193 2277 3291 2348 μὲν
3341 2279 3632 2352 Ἰωάννης,
3679 2285 3768 2336 καὶ

2193 2377 2345 2448 παρὰ
2373 2377 2450 2446 τῷ
2485 2373 2702 2445 σταυρῷ
2745 2374 3010 2434 ἑστῶσαν,
3044 2365 3132 2425 οἷα
3178 2371 3243 2443 δὴ
3291 2371 3428 2442 μετὰ
3461 2377 3770 2446 ruﬁ-qam;

2193 2467 2480 2538 θεολογῶν,
2507 2470 2570 2520 ὲκ
2595 2466 2698 2535 τῆς
2724 2465 2980 2534 ἀληθείας
3006 2463 3176 2532 αὐτῆς
3213 2462 3420 2532 μητέρα
3455 2463 3554 2515 τοῦ
3599 2467 3768 2536 Ἰησοῦ

2195 2560 2636 2633 προσηγόρευσεν
2662 2569 2678 2586 ⁸
2728 2558 2778 2610 οἱ
2809 2556 2865 2608 δὲ
2897 2556 3072 2608 λοιποὶ
3101 2555 3226 2612 .,τῶν
3263 2553 3664 2622 εὐαγγελιστῶν
3703 2560 3772 2612 τὰ

2196 2653 2368 2708 πολλὰ
2393 2669 2460 2705 πε
2470 2653 2520 2723 pl.
2539 2651 2640 2722 τὴν
2660 2650 2968 2720 οἰκονομίαν
2993 2647 3400 2718 ἀσχοληθέντες,
3423 2649 3772 2718 οίκονομικεῖς

2197 2746 2364 2818 αὐτὴν
2402 2748 2614 2817 μητέρα
2679 2743 2934 2799 Ἰακώϐου
2979 2743 3075 2795 καὶ
3129 2743 3284 2813 Ἰωσῆ
3329 2741 3777 2812 προσηγόρευσαν

2199 2835 2366 2910 (οὗτοι
2399 2839 2507 2909 γὰρ
2538 2834 2680 2908 ἦσαν
2711 2839 2759 2889 οἱ
2797 2835 3003 2906 πρῶτοι
3033 2835 3127 2890 καὶ
3172 2835 3430 2906 ἐπίσημοι
3473 2835 3662 2899 παῖδες
3685 2835 3774 2887 τοῦ

2209 2932 2464 3001 Ἰωσήφ)ο
2488 2929 2645 2982 τοῦτο
2675 2927 2960 2998 δηλοῦντος
2989 2926 3080 2980 τοῦ
3109 2927 3267 2995 λόγου
3299 2926 3505 2995 σαφῶς,
3531 2925 3614 2979 ὅτι
3643 2927 3778 2996 μετὰ

512 3035 742 3092 salutari
779 3033 1064 3088 intererat.
1087 3028 1224 3084 Nam
1253 3028 1300 3082 si
1319 3026 1515 3097 vulgus
1539 3039 1658 3078 eam
1683 3037 1808 3078 esse
1827 3021 2093 3090 virginem

2200 3023 2400 3092 ταύτης
2429 3024 2527 3092 τῆς
2573 3021 2905 3090 οἰκονομίας,
2953 3017 3048 3072 καὶ
3091 3019 3189 3088 τῆς
3219 3017 3467 3071 ἐντεῦθεν
3507 3018 3774 3079 ὑπονοίας,

512 3128 788 3191 srivisset,
805 3125 1018 3197 perdita
1046 3122 1279 3196 forsitan
1299 3120 1498 3174 fuisset
1517 3117 1586 3172 ab
1634 3115 1836 3170 invidis
1868 3111 2094 3168 Judmis.

515 3217 778 3286 lteperias
809 3222 992 3270 autem
1023 3228 1145 3269 eam
1199 3211 1365 3267 etiam
1415 3210 1582 3264 unius
1635 3207 1806 3262 solius
1858 3203 2097 3259 ﬁliorum

515 3311 742 3383 Josephi
779 3319 1010 3366 matrem
1043 3305 1188 3377 apud
1221 3303 1592 3375 evangelistas
1615 3299 1952 3354 nominatam
1977 3311 2101 3352 esse

519 3404 746 3458 Mariam
801 3400 1014 3463 Jacobi,
1063 3409 1118 3454 et
1163 3396 1389 3450 Mariam
1447 3395 1611 3450 Josae.
1652 3392 1868 3447 Marcus
1919 3400 2098 3445 autem

517 3495 706 3550 Jacobi
727 3495 900 3564 parvi,
924 3499 980 3548 et
1005 3491 1148 3546 ,εοεαε
1173 3497 1404 3544 matrem
1431 3503 1552 3542 eam
1575 3487 1814 3550 vocavit,
1841 3485 2100 3556 quoniam

521 3589 660 3642 alter
687 3595 808 3641 erat
840 3585 1084 3640 Jacobus
1137 3581 1370 3652 Alphaii,
1409 3595 1643 3650 magnus
1691 3578 1924 3643 idcirco,
1973 3577 2102 3646 quia

523 3678 810 3734 duodecim
857 3675 1125 3747 apostolis
1157 3678 1596 3729 connumeratus
1635 3678 1776 3726 erat.
1810 3668 1946 3722 Nam
1977 3681 2104 3738 par-

521 3785 626 3827 vus
660 3785 770 3824 non
799 3775 919 3824 erat
943 3767 1012 3822 de
1043 3779 1280 3820 numero
1305 3777 1520 3820 eorum.

595 4031 670 4086 De
701 4031 796 4085 illo
829 4038 1016 4085 autem
1071 4028 1276 4098 aliquis
1331 4025 1584 4084 fortassis
1631 4026 1778 4080 haud
1834 4025 2108 4080 immerito

525 4123 932 4181 addubitaverit
960 4140 976 4176 :
1007 4135 1120 4192 quo
1157 4127 1322 4192 pacto
1350 4117 1613 4174 Servator
1643 4119 1931 4188 discipulis
1985 4133 2110 4186 par-

526 4222 622 4277 tim
659 4233 755 4290 per
787 4217 1036 4289 angelos,
1062 4216 1266 4288 partim
1303 4229 1404 4270 sua
1437 4213 1616 4284 ipsius
1643 4229 1778 4268 voce
1809 4213 2108 4282 pollicitus,

525 4309 674 4384 quod
699 4308 984 4380 proiectus
1019 4309 1074 4362 in
1095 4307 1374 4363 Galilaeam
1395 4306 1477 4363 eis
1499 4307 1854 4377 appariturus
1877 4315 2022 4360 esset
2039 4303 2106 4366 ³⁸,

2199 3114 2495 3176 ἀκινδύνως
2519 3113 2552 3182 ἡ
2577 3111 2765 3181 Μαρία
2793 3107 2870 3180 τῷ
2897 3108 3148 3179 σωτηρίῳ
3171 3107 3332 3160 πάθει
3353 3107 3555 3180 παρῆν.
3583 3107 3649 3161 Εἰ
3675 3109 3776 3178 γὰρ

2201 3205 2469 3276 παρθένος
2521 3201 2931 3272 ὑπεγινώσκετο
2977 3203 3089 3264 τοῖς
3133 3200 3375 3263 πολλοῖς,
3417 3201 3522 3253 ὑπὸ
3549 3199 3660 3252 τῶν
3689 3202 3778 3270 βα-

2201 3297 2414 3350 σκάνων
2461 3293 2738 3350 Ἰουδαίων·
2761 3292 3007 3348 ἀπώλετο
3039 3293 3124 3348 ἄν.
3165 3294 3319 3346 Ἔστι
3350 3292 3406 3346 δὲ
3429 3291 3600 3364 αὐτὴν
3631 3293 3776 3362 παρὰ

2200 3389 2314 3449 τοῖς
2361 3385 2774 3455 εὐαγγελισταῖς
2821 3385 2916 3438 καὶ
2957 3384 3052 3438 τοῦ
3081 3385 3198 3448 ἐνὸς
3236 3385 3396 3454 μόνου
3427 3385 3538 3438 τῶν
3577 3387 3778 3439 παίδων

2201 3479 2296 3532 τοῦ
2336 3477 2530 3549 Ἰωσὴφ
2556 3477 2950 3548 ὠνομασμένην
2985 3478 3164 3548 εὑρεῖν
3201 3479 3419 3550 Μαρίαν
3459 3478 3560 3550 τὴν
3597 3478 3779 3532 Ἰακὼ-

2203 3573 2321 3636 ϐου,
2347 3571 2442 3624 καὶ
2469 3569 2686 3641 Μαρίαν
2713 3569 2812 3640 τὴν
2847 3569 3025 3639 Ἰωσῆ.
3073 3569 3130 3622 ’Θ
3155 3568 3212 3622 δὲ
3241 3569 3484 3641 Μάρκος,
3524 3569 3776 3622 Ἰακώϐου

2203 3663 2298 3716 τοῦ
2347 3660 2544 3732 μικροῦ
2583 3661 2676 3714 καὶ
2714 3660 2870 3729 Ἰωσῆ
2905 3661 3112 3732 μητέρα
3145 3660 3312 3732 αὐτὴν
3337 3657 3510 3724 εἶπεν,
3553 3663 3778 3732 ἐπείπερ

2204 3756 2272 3830 ἦν
2304 3759 2460 3822 ἄλλος
2499 3757 2752 3820 Ἰάκωϐος
2780 3759 2808 3810 ό
2833 3755 2924 3809 τοῦ
2967 3756 3242 3824 Ἁλφαίου,
3269 3755 3354 3808 διὰ
3386 3756 3544 3809 τοῦτο
3583 3755 3775 3827 μέγας,

2206 3853 2285 3905 ὅτι
2311 3854 2421 3914 τοῖς
2445 3848 2758 3912 ἀποστόλοις
2781 3851 2893 3908 τοῖς
2921 3849 3127 3902 δώδεκα
3161 3847 3549 3920 συνηρίθμητο.
3595 3849 3658 3901 ’0
3679 3849 3780 3919 γὰρ

2211 3941 2405 4011 μικρὸς
2429 3940 2528 3994 οὑκ
2553 3935 2620 4008 ἦν
2653 3939 2832 4004 αὐτοῖς
2859 3939 3194 4010 ἐναρίθμιος.

2293 4035 2498 4086 Ἐκεῖνο
2533 4031 2589 4085 δὲ
2627 4032 2694 4085 ἄν
2737 4047 2822 4094 τις
2861 4031 3086 4096 εἰκότως
3135 4033 3566 4104 ὲπαπορήσειεν,
3608 4033 3726 4096 πῶς
3757 4035 3782 4084 ὁ

2209 4125 2404 4197 Σωτὴρ
2441 4125 2814 4195 ὑποσχόμενος
2857 4127 2973 4188 τοῖς
3025 4123 3329 4196 μαθηταῖς,
3373 4125 3534 4178 τοῦτο
3565 4127 3665 4196 μὲν
3695 4129 3782 4179 καὶ

2210 4213 2298 4266 διᾶ
2317 4213 2423 4267 τῶν
2451 4214 2715 4284 ἀγγέλων,
2742 4213 2905 4266 τοῦτο
2929 4213 2984 4267 δὲ
3007 4213 3098 4267 καὶ
3126 4213 3216 4268 διὰ
3235 4215 3333 4286 τῆς
3353 4217 3560 4280 οἰκείας
3579 4221 3778 4287 φωνῆς.

2212 4308 2293 4362 ὅτι
2315 4309 2393 4370 είς
2427 4307 2524 4380 τὴν
2555 4309 2846 4362 Γαλιλαίαν
2885 4309 3212 4379 ἀφικόμενος
3256 4310 3585 4381 ὀφθήσεται,
3615 4313 3780 4382 ἐφάνη

528 4405 682 4460 visus
711 4403 787 4458 sit
831 4399 1194 4470 Jerosolymis
1222 4412 1442 4470 quoque
1468 4397 1802 4468 promissum
1825 4404 2086 4466 praestare

2215 4399 2313 4469 τὴν
2351 4399 2680 4467 ἐπαγγελίαν
2719 4401 2813 4453 καὶ⁸
2859 4401 2917 4452 ὲν
2961 4399 3310 4469 Ἰερουσαλὴμ
3343 4401 3584 4473 πληρῶν.
3633 4403 3782 4456 Κατὰ

529 4496 666 4552 Nam
699 4495 1004 4552 secundum
1057 4492 1262 4548 Lucam
1295 4492 1516 4562 quidem
1547 4493 1603 4547 in
1645 4493 1762 4562 ipsa
1785 4492 1874 4547 die
1923 4509 2108 4546 resur-

531 4589 796 4646 rectionis
839 4587 976 4657 ipsis
1003 4585 1258 4641 undecim
1287 4585 1638 4656 congregatis
1661 4584 1705 4614 ³⁸
1729 4602 1742 4636 :
1776 4592 1834 4638 ut
1864 4582 2106 4639 Joannes

533 4687 716 4734 autem
745 4679 955 4743 scribit,
983 4686 1038 4733 et
1063 4677 1120 4732 in
1152 4677 1258 4732 hoc
1289 4677 1430 4747 ipso,
1455 4687 1508 4731 et
1539 4687 1732 4730 octavo
1765 4674 1852 4729 die
1887 4683 2110 4744 praestat

534 4769 928 4841 apparitionem
959 4777 1116 4826 stans
1183 4768 1239 4822 in
1269 4768 1452 4824 medio
1502 4781 1565 4822 ac
1605 4766 1832 4830 dicens,
1867 4765 1988 4819 Pax
2033 4783 2114 4820 vo-

536 4863 614 4918 bis
647 4863 712 4930 ³⁷,
745 4869 910 4932 atque
930 4863 1093 4916 etiam
1125 4861 1350 4915 Thoante
1389 4874 1450 4915 se
1478 4857 1930 4914 contrectandum
1978 4873 2114 4928 prte-

535 4956 690 5012 bens.
727 4955 928 5011 Verum
967 4954 1070 5009 hoc
1103 4953 1451 5010 liberalitatis
1483 4961 1538 5009 et
1582 4952 1936 5007 humanitatis
1971 4951 2112 5005 divi-

536 5049 649 5104 tias
675 5048 943 5114 ostcndit,
981 5063 1088 5103 non
1120 5045 1396 5102 mendacii
1443 5046 1652 5101 crimen
1689 5045 1956 5100 continet.
1989 5043 2110 5096 Non

537 5143 684 5198 enim
719 5141 874 5208 dixit~
910 5141 970 5197 In
1000 5139 1222 5196 Galilma
1251 5138 1521 5194 duntaxat
1565 5154 1654 5194 me
1681 5137 1966 5201 videbunt,
2017 5150 2113 5190 nc—

539 5249 646 5304 que
662 5248 782 5291 νει-ί
813 5233 1182 5303 σειοεοιγωὶε
1215 5233 1390 5298 visus,
1413 5245 1524 5285 non
1551 5229 1802 5301 apparuit
1821 5229 1875 5283 in
1892 5227 2115 5284 Galilaea

542 5324 702 5380 sieuti
737 5325 1069 5395 promiserat
1095 5323 1114 5394 (
1140 5323 1248 5378 hoc
1272 5323 1420 5379 enim
1459 5331 1604 5377 esset
1651 5337 1784 5378 suos
1827 5335 2114 5377 sermones

435 5453 438 5456 -
544 5417 714 5476 falsos
741 5418 974 5476 reddere
1005 5415 1386 5488 mentiendo),
1415 5414 1512 5472 sed
1541 5415 1588 5472 si
1619 5425 1672 5472 et
1711 5417 1766 5471 in
1810 5414 2117 5473 Jerusalem

2218 4493 2316 4562 μὲν
2361 4492 2450 4544 τὸν
2487 4493 2702 4544 Λουκᾶν
2733 4493 2790 4543 ὲν
2820 4493 2958 4562 αὐτῇ
2992 4493 3057 4561 τῇ
3091 4491 3274 4564 ἡμέρα
3310 4493 3412 4563 τῆς
3439 4495 3782 4557 ἀναστάσεως

2216 4584 2695 4655 συνηθροισμένοις
2721 4587 2832 4647 τοῖς
2856 4583 3046 4638 ’ένδεκα
3067 4601 3084 4616 ·
3119 4585 3259 4637 κατὰ
3289 4585 3344 4638 δὲ
3372 4585 3462 4638 τὸν
3515 4587 3780 4657 Ἰωάννην,

2213 4676 2308 4730 καὶ
2329 4678 2386 4728 ὲν
2417 4676 2554 4746 αὐτῇ
2586 4677 2679 4729 καὶ
2709 4677 2768 4729 ἐν
2793 4678 2858 4746 τῇ
2889 4675 3047 4747 ὀγδόῃ
3078 4676 3262 4748 ἡμέρᾳ
3289 4680 3518 4730 ποιεῖται
3541 4678 3639 4748 τὴν
3669 4681 3780 4731 ἐπει

2214 4771 2462 4840 φάνειαν,
2491 4771 2620 4834 στὰς
2643 4775 2701 4825 ἐν
2731 4771 2897 4841 μέσῳ,
2925 4770 3019 4823 καὶ
3050 4769 3470 4838 λέγων,Είρήν-η
3497 4770 3662 4842 ὑμῖν,
3697 4775 3780 4826 καὶ

2213 4863 2290 4935 τῷ
2321 4865 2491 4935 Θωμᾷ
2517 4863 2774 4934 ψηλαφᾷν
2801 4863 3032 4926 ἐνδιδοὺς
3055 4863 3263 4917 ἑαυτόν.
3299 4861 3460 4915 Ἀλλὰ
3481 4863 3638 4916 τοῦτο
3669 4863 3780 4933 φιλ-

2219 4957 2509 5029 ανθρώπου
2544 4955 2856 5027 φιλοτιμίας
2901 4955 3130 5009 πλοῦτον
3175 4955 3521 5027 παρίστησιν,
3555 4955 3616 5008 οὐ
3655 4955 3778 5026 ψεύ-

2219 5051 2340 5114 δους
2373 5051 2485 5122 ἔχει
2519 5043 2872 5122 κατηγορίαν.
2904 5050 2978 5102 Οὐ
3011 5049 3120 5120 γάρ
3169 5044 3341 5113 εἶπεν,
3405 5049 3494 5101 Ἐν
3519 5049 3586 5120 τῇ
3635 5047 3768 5102 Γαλι-

2219 5141 2348 5212 λαίᾳ
2375 5157 2444 5211 με
2473 5141 2690 5210 ὄψονται
2725 5141 2904 5211 μόνον,
2935 5139 3059 5194 οὔτε
3081 5139 3184 5210 μὴν
3217 5142 3276 5192 ὲν
3307 5140 3662 5210 Ἰερουσαλὴμ
3689 5157 3780 5208 φα-

2223 5233 2353 5295 νεὶς,
2391 5231 2489 5284 οὐκ
2521 5230 2676 5302 ὤφθη
2699 5232 2843 5285 κατὰ
2869 5232 2968 5304 τὴν
3002 5231 3290 5285 Γαλιλαίαν
3329 5232 3406 5295 ὡς
3429 5234 3784 5303 ἐπηγγείλατο

2227 5325 2246 5395 (
2279 5323 2433 5377 τοῦτο
2461 5323 2567 5394 γὰρ
2593 5320 2661 5394 ἦν
2683 5326 2742 5378 τὸ
2767 5325 2892 5388 τοὺς
2929 5324 3158 5389 οίκείους
3189 5324 3490 5394 ψεύσασθαι
3537 5323 3726 5394 λόγους
3747 5335 3783 5394 ν

2227 5418 2276 5470 εί
2297 5415 2352 5471 δὲ
2378 5415 2473 5470 καὶ
2506 5417 2564 5471 ὲν
2607 5416 2960 5488 Ἰερουσαλὴμ
2987 5416 3498 5487 ἀποκεκλεισμένοις
3526 5419 3588 5471 ὲν
3611 5418 3784 5490 δωμα-

617 5629 658 5660 ³¹
688 5626 994 5702 ,ιορωαιίῃ
1020 5629 1110 5686 ΞΒ.
1188 5631 1307 5702 ³⁹ζ³³
1339 5628 1532 5690 Matth.
1565 5647 1672 5702 xw,
1709 5629 1807 5700 i9;
1840 5629 1972 5687 Luc.
2011 5647 2071 5700 ll,

2271 5629 2318 5662 ³⁸
2347 5628 2517 5686 Marc.
2549 5643 2624 5696 v1,
2649 5627 2701 5683 5.
2777 5627 2823 5659 ³⁵
2854 5625 3044 5682 Matth.
3072 5640 3245 5692 xxvii,
3277 5625 3331 5680 7.
3411 5625 3455 5657 ³⁸
3477 5623 3612 5682 Luc.
3643 5639 3778 5686 xxiv,

547 5697 616 5755 '56
647 5715 769 5770 sqq.
849 5701 893 5734 ³⁷
920 5701 1078 5758 Joan.
1113 5719 1206 5761 xx.
1235 5701 1298 5756 ‘Zl
1335 5719 1456 5774 sqq.
