3842 6414
103 279 210 333 649
1013 275 1078 328 IN
1120 276 1399 332 CllRlSTl
1435 279 2071 339 RESURRECTIONEM
2115 287 2325 344 OliAT.
2365 292 2431 347 ll.
3030 338 3048 371 ι
3287 305 3391 362 65')

105 393 206 462 τεῳ
239 391 332 446 διὰ
365 394 458 447 τὸν
490 389 652 457 φδσοὲι
691 387 790 439 τῶν
833 386 1096 441 Ἰουδαίων
1137 390 1384 459 ἐπεφάνη
1414 391 1676 462 δεομένοις

1798 404 2019 465 propter
2050 411 2252 454 metum
2291 403 2603 460 Judaeorum
2652 411 2931 466 conclusis
2987 415 3040 466 iu
3101 416 3387 475 domicilio

104 484 204 551 τῆς
233 485 404 538 αὑτοῦ
437 480 770 550 παρουσίας,
814 482 907 532 καὶ
935 480 1034 552 τὴν
1073 483 1410 551 ἐπαγγελίαν
1449 486 1698 557 ἐπλήρω-

104 590 198 624 σεν
224 579 282 622 ἓν
311 573 380 641 τῇ
407 570 670 641 Γαλιλαίᾳ
693 572 904 638 φανεὶς,
930 573 1190 640 ἐκφυγεῖν
1221 573 1334 627 ἐστι
1361 576 1544 628 πᾶσαν
1573 593 1698 630 κατ-

99 661 353 731 ηγορίαν,
391 662 681 731 ἀμφότερα
716 662 976 731 γινόμενα
1007 663 1407 736 φιλανθρώπως
1444 668 1563 737 ἄμα
1602 670 1696 722 καὶ

96 754 340 822 ἀληθῶς.
396 755 553 825 Ἐμοὶ
595 756 652 809 δὲ
684 757 837 809 δοκεῖ
864 756 1066 828 πολλὴν
1099 759 1336 827 ἔμφασιν
1361 759 1504 830 ἔχειν
1533 761 1592 813 τὸ
1621 762 1697 812 εἱ-

95 846 342 916 μημένον
374 846 530 918 παρὰ
561 847 645 918 τῷ
687 849 956 920 Ματθαίῳ
979 851 1108 919 περὶ
1141 850 1250 902 τῶν
1293 852 1574 921 μαθητῶν.
1609 855 1692 916 τὸ,

98 939 236 990 Ἵνα
257 937 611 992 ἀπέλθωσιν
622 942 709 1004 εἰς
725 939 842 1008 τὴν
856 942 1215 1006 Γαλιλαίαν,
1235 943 1411 996 κάκεῖ
1419 961 1497 1012 με
1517 943 1694 1012 ὄψον-

97 1045 212 1082 ται.
269 1029 494 1082 Πολλῶν
535 1035 644 1102 γὰρ
692 1033 878 1095 αὐτοῖς
910 1032 1126 1085 ἔσεσθαι
1167 1035 1520 1103 ἐπιφανειῶν,
1558 1036 1694 1105 πρὸς

101 1122 230 1189 μίαν
265 1122 343 1185 ὡς
393 1124 670 1193 ἐξαίρετον
722 1126 872 1196 παρὰ
916 1126 1016 1190 τὰς
1059 1126 1225 1192 ἄλλας
1271 1128 1571 1182 ἀποϐλέπει
1625 1130 1693 1182 τὰ

99 1213 192 1279 τῆς
218 1215 576 1282 ἐπαγγελίας,
601 1217 806 1289 καθ’ἥν
835 1218 1058 1288 ἔμελλεν
1086 1219 1269 1282 αὐτοῖς
1297 1220 1390 1272 ἐπὶ
1411 1221 1504 1274 τοῦ
1531 1221 1690 1290 ὅρους

100 1306 466 1375 φανήσεσθαι.
487 1307 622 1359 Τότε
639 1307 748 1378 γὰρ
769 1306 1227 1378 προσεληλυθόσιν
1243 1308 1392 1379 αὐτῷ
1408 1311 1502 1362 καὶ
1523 1327 1692 1382 προσ-

103 1395 478 1466 κεκυνηκόσι,
522 1397 685 1450 τινῶν
729 1397 1214 1469 ἀμφιδαλλόντων,
1263 1402 1381 1469 μετ’
1439 1402 1687 1466 ἐξουσίας

97 1486 196 1555 ἔφη
231 1485 601 1557 Θεοπρεποῦς,
643 1489 850 1554 Ἐδόθη
877 1506 977 1557 μοι
1005 1489 1175 1543 πᾶσα
1194 1491 1448 1556 ἐξουσία
1474 1495 1545 1546 ἑν
1586 1498 1688 1549 οὐ-

95 1577 257 1643 ρανῷ
286 1581 390 1632 καὶ
422 1580 522 1634 ἐπὶ
563 1579 690 1648 γῆς.
731 1581 796 1632 ’Ἀ
826 1582 936 1653 γὰρ
968 1577 1081 1653 εἶχε
1117 1584 1366 1652 φυσικῶς
1397 1586 1473 1649 ὡς
1505 1585 1639 1652 Θεὸς
1668 1629 1682 1652 ,

99 1667 274 1721 ταῦτα
319 1669 537 1738 λέγεται
583 1669 886 1740 λαμϐάνειν
927 1673 1005 1738 ὡς
1048 1674 1342 1746 γενόμενος
1397 1677 1685 1751 ἄνθρωπος

1800 489 2153 561 adventuque
2185 506 2237 549 et
2268 499 2559 564 praesentia
2597 515 2695 555 sua
2731 520 2870 574 opus
2920 507 3248 565 habentibus
3295 529 3391 583 ap~

1797 582 2003 649 paruit,
2037 592 2090 637 et
2122 589 2453 654 promissum
2488 595 2739 660 prazstitit
2803 597 2855 650 in
2897 596 3119 656 Galilaaa
3169 582 3387 675 quoque

1797 672 1973 736 visus,
2012 689 2136 728 cum
2167 685 2404 748 utraque
2433 681 2665 752 benigne
2709 687 2866 752 juxta
2911 705 2974 742 ac
3013 707 3137 747 vere
3171 695 3388 751 accide—

1796 764 1928 829 rint,
1959 765 2196 836 eﬂ'ugere
2226 771 2351 824 licet
2385 788 2600 828 omnem
2634 778 3096 838 criminationem.
3123 785 3251 853 Mihi
3289 805 3386 842 au-

1796 863 1904 911 tem
1940 874 2187 930 magnam
2225 879 2288 915 ac
2338 866 2596 922 latentem
2632 871 2850 926 videtur
2898 875 2949 928 in
2991 893 3050 932 se
3103 883 3384 938 continere

1799 948 2281 1015 signiﬁcationem,
2309 956 2455 1024 quod
2497 959 2643 1026 apud
2685 960 2996 1018 Matthaaum
3039 969 3250 1025 dictum
3297 987 3383 1028 est

1793 1039 1862 1091 de
1893 1041 2203 1108 discipulis,
2243 1061 2458 1117 nempe,
2488 1048 2556 1102 Ut
2583 1051 2774 1106 abeant
2808 1055 2862 1108 in
2894 1055 3196 1128 Galilaeam,
3229 1075 3383 1135 atque

1793 1131 1866 1184 ibi
1901 1150 1982 1186 me
2027 1136 2351 1193 videbunt”.
2393 1142 2528 1195 Cum
2556 1146 2701 1198 enim
2733 1147 2972 1205 futurum
3002 1163 3167 1218 esset,
3200 1164 3259 1209 ut
3284 1172 3385 1212 sa:-

1791 1225 1916 1293 pius
1949 1229 2032 1282 eis
2064 1242 2376 1299 appareret,
2407 1235 2471 1288 ad
2523 1253 2685 1290 unam
2727 1249 2986 1312 tanquam
3049 1248 3379 1319 praecipuam

1788 1328 1844 1370 et
1875 1321 2336 1387 prmter‘caeteras
2382 1328 2636 1381 eximiam
2683 1334 3081 1402 apparitionem
3133 1350 3383 1409 spectant

1787 1411 1952 1463 verba
2005 1413 2407 1480 promissionis,
2439 1420 2594 1486 juxta
2642 1439 2807 1493 quam
2859 1430 3212 1497 apparitnrns
3263 1446 3384 1490 erat

1785 1501 1865 1555 eis
1904 1503 1955 1556 in
1989 1513 2192 1561 monte.
2224 1507 2358 1562 Nam
2401 1520 2533 1566 tunc
2563 1529 2688 1568 cum
2744 1523 3111 1578 accessissent
3160 1535 3214 1580 et
3246 1530 3381 1582 ado-

1785 1605 2006 1650 rassent
2038 1612 2201 1665 eum,
2243 1602 2573 1668 quihusdam
2621 1609 3047 1680 ambigentibus,
3102 1634 3226 1673 cum
3282 1637 3382 1675 au-

1772 1688 2042 1743 ctoritate
2091 1691 2249 1758 plena
2301 1696 2605 1762 majestatis
2654 1701 2852 1757 divina:
2886 1705 3024 1761 dixit
3065 1731 3076 1764 :
3121 1711 3263 1766 Data
3300 1724 3381 1768 est

93 1761 476 1830 οἰκονομικῶς.
511 1759 602 1812 Διὸ
637 1763 730 1814 καὶ
759 1761 910 1830 ἔλεγε
927 1779 940 1794 ο
963 1765 1236 1829 Δόεασόν
1249 1785 1327 1836 με
1349 1768 1453 1827 σὺ,
1476 1769 1676 1838 Πάτερ

1796 1779 1923 1832 milii
1951 1791 2184 1843 potestas
2214 1790 2384 1840 onmis
2411 1790 2464 1840 in
2497 1797 2626 1844 coelo
2652 1802 2700 1844 et
2721 1794 2773 1846 in
2807 1805 2949 1851 terra
2966 1799 3030 1854 ³³.
3091 1788 3224 1856 Nam
3258 1824 3378 1874 qua:

95 1851 254 1918 παρὰ
275 1850 518 1917 σεαυτῷ
552 1851 627 1921 τῇ
671 1852 849 1923 δόξῃ,
891 1851 932 1928 ᾖ
962 1854 1131 1928 εἶχον
1167 1861 1282 1928 εἰρύ
1319 1861 1423 1915 τοῦ
1451 1863 1558 1916 τὸν
1587 1865 1690 1917 κό-

92 1961 253 2012 σμον
277 1941 436 1998 εἶναι
469 1947 630 2014 παρὰ
659 1951 781 2000 σοί.
823 1949 886 2001 El
917 1950 1026 2021 γὰρ
1059 1951 1133 2021 μὴ
1166 1947 1311 2021 εἶχεν
1345 1955 1514 2017 αὐτὴν
1551 1954 1687 2008 ἰδίαν

96 2036 170 2096 ὡς
199 2034 339 2097 Θεὸς
360 2076 374 2099 ,
417 2036 527 2088 τῶν
559 2037 840 2091 ἀδυνάτων
866 2035 934 2110 ἦν
967 2040 1131 2093 αὐτὸν
1160 2041 1386 2112 ταύτην,
1430 2043 1506 2107 ὡς
1535 2045 1686 2098 ἀλλο-

90 2125 245 2194 τρίαν
263 2125 480 2192 λαϐεῖν,
512 2127 608 2180 τοῦ
637 2128 772 2181 Θεοῦ
805 2131 898 2184 καὶ
928 2132 1138 2202 Πατρδς
1165 2132 1252 2186 διὰ
1282 2134 1375 2186 τοῦ
1399 2136 1686 2207 Προφήτου

91 2217 368 2284 λέγοντος,
399 2217 520 2286 Τὴν
544 2219 735 2283 δόξαν
764 2240 882 2292 μου
911 2224 1092 2290 ἑτέρῳ
1125 2228 1198 2279 οὺ
1221 2225 1412 2281 δώσω.
1444 2230 1550 2282 Καὶ
1573 2231 1688 2283 ἐπι-

91 2309 242 2378 φέρει
266 2302 460 2363 λοιπὸν
481 2310 550 2363 τὰ
574 2314 820 2382 ῥήματα,
841 2315 908 2367 δι’
938 2311 1013 2368 ὧν
1045 2315 1269 2387 ἔμελλον
1299 2320 1399 2390 τὴν
1426 2323 1684 2390 οἰκουμέο

90 2417 180 2469 νην
223 2400 361 2472 ὅλην
393 2403 739 2474 σαγηνεύειν,
773 2407 867 2459 καὶ
900 2409 958 2459 ἐν
1005 2402 1087 2470 οἷς
1119 2411 1266 2463 ἐστιν
1311 2411 1455 2465 ἆπαν
1497 2413 1557 2466 τὸ
1587 2408 1684 2485 τῆς

89 2493 374 2557 εὒσεϐείας
415 2496 729 2568 μυστήριον.
769 2498 1168 2567 Πορευθέντες
1222 2502 1354 2573 γὰρ,
1389 2504 1542 2573 φησὶ,
1569 2522 1682 2573 μα-

88 2591 153 2652 οη
163 2587 424 2639 teda-ate
445 2585 643 2643 πάντα
670 2588 742 2642 τὰ
761 2590 928 2658 ἔθνη,
945 2591 1340 2660 βαπτίζοντες
1359 2596 1580 2661 αὐτοὺς
1598 2599 1684 2664 εἰς

90 2676 148 2727 τὸ
172 2676 370 2744 ὄνομα
391 2677 498 2732 τοῦ
528 2681 777 2749 Πατρὸς,
806 2682 904 2735 καὶ
936 2683 1042 2737 τοῦ
1072 2685 1232 2748 Υίοῦ,
1254 2687 1352 2740 καὶ
1379 2689 1484 2742 τοῦ
1507 2690 1681 2758 ἁγίου

89 2769 466 2836 Πνεύματος,
507 2769 898 2838 διδάσκοντες
957 2775 1182 2843 αὐτοὺς
1230 2777 1434 2846 τηρεῖν
1484 2779 1681 2832 πάντα

87 2863 204 2915 ὅσα
242 2861 639 2932 ἐνετειλάμην
669 2865 828 2934 ὑμῖν.
881 2867 993 2920 Καὶ
1026 2869 1353 2941 προστίθησι
1382 2870 1571 2925 λοιπὸν
1609 2872 1678 2926 τὰ

86 2955 145 3007 τὸ
170 2954 334 3018 τέλος
367 2953 478 3006 τῶν
521 2956 787 3026 ῥημάτων
820 2957 1026 3012 τούτων
1069 2963 1162 3014 καὶ
1189 2961 1289 3034 τὴν
1319 2962 1547 3041 ἔκϐασιν
1580 2968 1675 3034 ἐγ-

87 3046 372 3117 γυώμενα·
400 3045 512 3100 Kal.
543 3047 672 3102 ἰδοὺ
703 3049 818 3119 ἐγὼ
842 3055 970 3120 μεθ’
1002 3053 1169 3123 ὑμῶν
1194 3059 1310 3127 εἰμι
1335 3059 1538 3123 πάσας
1569 3060 1679 3125 τὰς

1796 1877 2126 1930 naturaliter
2182 1878 2417 1933 habebat
2472 1891 2731 1953 tanquam
2779 1887 2957 1957 Deus,
3019 1893 3133 1949 haec
3179 1897 3379 1955 dicitur

1790 1966 2042 2034 accipere
2104 1975 2365 2039 tanquam
2444 1974 2605 2028 homo
2672 1988 2824 2033 certo
2885 1987 3119 2046 consilio
3175 1989 3370 2048 factus.

1790 2054 2153 2120 Quamobrem
2205 2065 2370 2117 etiam
2409 2065 2669 2122 dicebat:
2721 2071 2977 2144 Gloriﬁca
3029 2097 3129 2146 me,
3188 2083 3373 2152 Pater,

1792 2150 1934 2217 apud
1970 2155 2300 2223 temetipsum
2335 2159 2530 2226 gloria,
2571 2179 2730 2230 quam
2779 2167 3034 2224 habebam
3091 2185 3374 2245 antequam

1792 2245 2018 2299 mundus
2048 2257 2184 2300 esset
2214 2251 2355 2317 apud
2385 2260 2432 2305 te
2463 2253 2529 2305 '°.
2563 2253 2679 2310 Nisi
2719 2259 2862 2313 enim
2921 2263 3062 2319 hanc
3097 2273 3375 2339 propriam

1790 2333 2034 2400 haberet,
2070 2347 2128 2391 ut
2175 2338 2342 2402 Deus,
2381 2345 2495 2398 tieri
2533 2361 2643 2401 non
2698 2364 2907 2419 posset,
2964 2364 3024 2409 ut
3073 2373 3193 2413 eam
3247 2370 3373 2418 tan-

1787 2443 1952 2498 quam
1986 2432 2220 2501 alienam
2256 2438 2550 2506 acciperet.
2588 2441 2696 2496 Deo
2723 2455 2776 2498 ct
2805 2445 2968 2504 Patre
3007 2467 3105 2520 per
3139 2458 3376 2524 pmphe-

1788 2529 1895 2572 tam
1932 2520 2178 2578 dicente:
2212 2524 2454 2580 Gloriam
2485 2547 2654 2584 meum
2683 2533 2839 2588 alteri
2883 2554 2985 2592 non
3017 2543 3154 2597 dabo
3180 2543 3246 2598 ⁶¹.
3296 2548 3374 2602 Ac

1791 2612 1988 2667 deinde
2019 2614 2271 2686 adjungit
2303 2619 2489 2684 verba,
2522 2624 2721 2692 quibus
2751 2634 2922 2682 totum
2975 2633 3160 2689 orbem
3197 2648 3335 2692 terra
3357 2671 3374 2682 ο

1785 2718 1903 2754 rum
1932 2704 2236 2760 habitatum
2261 2713 2472 2779 capturi
2506 2717 2733 2784 etquasi
2755 2721 3283 2791 irretiturierant,et
3319 2733 3372 2786 ia

1783 2799 1982 2866 quibus
2011 2803 2261 2856 consistit
2284 2806 2598 2861 universum
2621 2816 2940 2882 mysterium
2962 2820 3198 2888 pietatis.
3232 2825 3374 2880 Eun-

1785 2901 1858 2942 tes
1884 2891 2052 2957 enim,
2085 2892 2282 2964 inquit,
2310 2897 2490 2952 docete
2507 2919 2682 2956 omnes
2710 2917 2907 2973 gentes,
2934 2911 3259 2978 baptizantcs
3284 2936 3369 2973 eos

1782 2985 1833 3034 in
1859 2985 2065 3038 nomine
2083 2983 2284 3050 Patris,
2302 2999 2349 3042 et
2385 2974 2540 3056 Filii,
2565 3004 2612 3047 et
2638 2993 2871 3064 Spiritus
2903 3007 3095 3068 sancti,
3128 3009 3368 3066 docentes

1780 3089 1867 3126 eos
1905 3091 2114 3131 servare
2157 3080 2357 3142 omnia,
2401 3099 2519 3152 qua:
2547 3091 2772 3157 prmccpi
2819 3095 2964 3148 vobis
2987 3097 3052 3151 δ’.
3091 3100 3168 3154 Ac
3214 3103 3368 3158 dein-

86 3139 336 3211 ἡμέρας,
375 3139 486 3206 ἓως
525 3140 635 3209 τῆς
670 3145 1029 3212 συντελείας
1062 3147 1168 3202 τοῦ
1199 3148 1440 3216 αἰῶνος.
1475 3152 1676 3220 Ἀμήν.

2345 3139 2354 3142 ,
2414 3139 2425 3152 ,
2547 3139 2557 3152 ,
2823 3139 2963 3148 ,νην
3039 3139 3052 3151 .
3091 3139 3168 3154 ..υ
3214 3139 3368 3158 uc...-

1785 3181 1916 3234 ceps
1953 3167 2141 3237 adjicit
2175 3187 2238 3223 ea
2289 3175 2492 3242 quibus
2527 3176 2688 3234 linem
2733 3183 2926 3240 horum
2972 3191 3262 3249 verborum
3316 3209 3371 3253 et

88 3236 185 3288 Διὰ
223 3234 401 3288 ταῦτα
471 3234 656 3302 ἔλεγεν
681 3251 694 3263 ·
754 3236 1180 3308 Ἀπαγγείλατε
1221 3240 1344 3308 τοῖς
1393 3242 1678 3314 ἀὸλλφοῖς

86 3343 226 3393 μου,
269 3326 373 3380 ἵνα
398 3325 744 3380 ἀπέλθωσιν
762 3327 853 3392 είς
877 3326 993 3395 τὴν
1023 3329 1382 3395 Γαλιλαίαν,
1407 3333 1582 3388 κάκεῖ
1602 3351 1679 3403 με

88 3417 366 3486 ὄψονται.
410 3417 554 3488 Πρδς
585 3416 790 3487 ταύτην
819 3419 918 3490 τὴν
955 3418 1098 3489 ὄψιν,
1126 3421 1202 3487 ὡς
1243 3421 1379 3475 ἰδίαν
1416 3425 1540 3476 τινὰ
1585 3426 1678 3479 καὶ

85 3510 385 3581 ἐξαίρετον,
417 3508 491 3564 ὡς
517 3508 672 3580 ἔφην,
705 3509 1145 3582 ἀποτεινόμενος,
1176 3513 1244 3584 ἢν
1270 3515 1456 3580 αὐτοῖς
1479 3517 1678 3587 μᾶλλον

85 3606 175 3653 καὶ
205 3603 273 3653 δι’
303 3601 509 3672 ἐτέρων
543 3601 808 3671 ῥημάτων
841 3605 1204 3675 προεμήνυεν,
1243 3605 1280 3658 ὃ.
1305 3610 1417 3668 τοῖς
1450 3609 1679 3679 εὐαγγε-

84 3694 251 3757 λικοῖς
281 3693 608 3764 γράμμασιν
648 3695 750 3747 οὐκ
779 3695 1103 3767 ἐμφέρεται.
1158 3695 1221 3750 Εἰ
1250 3697 1360 3772 γὰρ
1399 3700 1472 3771 μὴ
1517 3703 1676 3755 τοῦτο

84 3780 165 3853 ἦν,
200 3784 305 3836 οὐκ
333 3785 399 3836 ἂν
423 3779 575 3836 εἶπεν
604 3787 632 3837 ὁ
664 3784 943 3849 Ματοαῖος
964 3803 976 3814 °
1004 3789 1070 3840 Οἱ
1087 3786 1156 3840 δὲ
1180 3787 1395 3843 ἕνδεκα
1417 3794 1675 3859 μαθηταὶ

85 3878 511 3946 ἐπορεύθησαν
549 3878 639 3943 είς
679 3877 794 3946 τὴν
825 3881 1164 3934 Γαλιλαίαν
1190 3885 1279 3949 εἰς
1312 3882 1376 3936 τὸ
1410 3884 1570 3953 ὄρος.
1593 3881 1664 3942 οὗ

84 3969 338 4033 ἐτάξατο
358 3968 566 4033 αὐτοῖς
593 3971 641 4037 ὀρ
653 3969 912 4036 Ἰησοῦς·
938 3971 1177 4042 οὐδαμοῦ
1201 3973 1310 4026 τῶν
1327 3975 1675 4044 Εὑαγγελίων

87 4063 175 4116 ἐπὶ
199 4060 298 4113 τοῦ
324 4059 486 4130 ὅρους
513 4060 889 4131 ὑποσχομένου
922 4061 1014 4114 τοῦ
1049 4064 1255 4134 Κυρίου
1280 4067 1550 4121 ποιεῖσθαι
1575 4070 1674 4140 τὴν

87 4151 432 4220 ἐπιφάνειαν.
482 4150 638 4204 Ἐπεὶ
669 4153 775 4221 πρὸ
819 4153 1026 4222 ταύτης
1060 4152 1162 4224 τῆς
1193 4155 1332 4226 θιξας¹
1362 4156 1464 4227 τῆς
1504 4159 1562 4210 ἐν
1597 4161 1674 4231 τῷ

83 4245 195 4314 ὄρει
220 4285 234 4306 ,
279 4243 373 4296 καὶ
420 4244 512 4296 ἐπὶ
537 4243 638 4314 τῆς
678 4244 948 4316 θαλάττης
977 4247 1161 4312 αὐτοῖς
1193 4249 1294 4319 τῆς
1330 4250 1670 4322 Τιϐεριάδος,

87 4335 201 4402 ἥτις
240 4333 364 4386 ἐστὶ
409 4334 508 4402 τῆς
553 4333 866 4398 Γαλιλαίας,
901 4339 1074 4408 ἐφάνη
1107 4339 1198 4391 τὸν
1246 4341 1478 4412 ἀριθμὸν
1522 4339 1672 4398 οὖσιν

85 4427 224 4478 ἐπ·τὰ
251 4443 264 4455 ·
311 4425 505 4494 Πέτρῳ
552 4426 646 4479 καὶ
697 4427 904 4500 Θωμᾷ,
942 4431 1037 4483 καὶ
1076 4430 1401 4504 Ναθαναὴλ,
1439 4436 1671 4501 καὶτοῖς

88 4521 220 4581 υἱοῖς
271 4517 558 4571 Ζεῦεδαίου
580 4558 594 4582 ,
643 4520 738 4573 καὶ
765 4520 948 4585 ἄλλοις
995 4523 1090 4594 δύο
1121 4524 1229 4578 τῶν
1262 4501 1542 4598 μαθητῶν,
1593 4531 1670 4595 ὼς
1705 4501 1747 4556 D

97 4611 352 4681 Ἰωάννης
375 4611 734 4681 συνέγραψεν.
769 4615 927 4669 Ἀλλὰ
955 4617 1091 4688 πρὸς
1115 4619 1176 4672 τὸ
1191 4618 1315 4690 ὅρος
1336 4621 1666 4687 ἀπέϐλεπεν,

89 4699 164 4758 Ob
181 4701 441 4766 ἐτάξατο
463 4704 668 4770 αὐτοῖς
685 4710 717 4760 ό
735 4709 983 4776 Ἰησοῦς,
1006 4711 1088 4776 τὺ,
1106 4714 1291 4767 Κάκεῖ
1297 4732 1373 4783 με
1396 4716 1667 4784 ὄψονται,

85 4793 286 4865 δηλαδὴ
322 4794 649 4867 θεοπρεπῶς
687 4798 1091 4871 ἐντελλόμενος,
1130 4807 1528 4876 Πορευθέντες
1558 4826 1671 4880 μα-

87 4889 416 4954 θητεύσατε
433 4889 628 4943 πάντα
649 4890 719 4944 τὰ
742 4891 908 4960 ἔθνη,
930 4895 1323 4966 βαπτίζοντες
1342 4902 1561 4968 αὐτοὺς
1583 4907 1671 4971 είς

85 4981 144 5033 τὸ
171 4980 368 5049 ὄνομα
395 4980 502 5035 τοῦ
537 4983 768 5051 Πατρός
794 4986 892 5038 καὶ
923 4987 1028 5040 τοῦ
1067 4989 1204 5043 Υίοῦ
1235 4993 1333 5045 καὶ
1365 4995 1470 5048 τοῦ
1496 4996 1671 5065 ἁγίου

87 5073 448 5142 Πνεύματος.
478 5075 587 5127 Καὶ
625 5075 733 5148 γὰρ
765 5077 883 5132 οὐδὲ
921 5080 1030 5133 ἀπὸ
1071 5084 1274 5138 σκοποῦ
1320 5104 1410 5157 μοι
1437 5088 1584 5141 δοκεῖ
1611 5091 1669 5144 τὸ

86 5162 133 5212 ἐν
161 5162 241 5232 τῷ
274 5163 396 5234 δρει
428 5164 529 5234 τῆς
560 5166 848 5232 Γαλιλαίας
878 5172 972 5224 καὶ
1001 5171 1076 5245 μὴ
1107 5175 1334 5248 ἑτέρωθί
1359 5196 1464 5232 που
1497 5181 1668 5236 ταῦτα

85 5251 334 5324 εἰρῆσθαι
367 5253 437 5307 τὰ
459 5257 700 5326 ῥήματα.
727 5260 985 5315 Γαλιλαία
1011 5265 1141 5337 γὰρ,
1169 5270 1208 5336 ἡ
1236 5273 1662 5342 Κατακυλιστὴ

90 5346 139 5409 τῇ
188 5342 407 5397 Ἐλλάδι
452 5345 666 5420 γλώττῃ
713 5350 1100 5423 ἑρμηνεύεται.
1148 5359 1239 5411 Διὸ
1268 5363 1595 5433 καὶΤελγὲλ
1632 5371 1664 5421 ό

87 5433 270 5503 τροχὸς
309 5435 660 5505 ὀνομάζεται.
700 5440 966 5516 Καθάπερ
1016 5442 1110 5500 οὖν
1159 5450 1216 5514 ἐξ
1259 5451 1420 5523 ὅρους
1455 5456 1661 5530 ὑψηλοῦ

149 5637 190 5709 ἕδ
217 5637 411 5692 Matth.
451 5643 716 5709 xxvm,7.

85 5706 122 5734 “
151 5708 280 5763 ibid.
328 5709 412 5765 16.

405 5804 678 5869 Parnm.
713 5809 823 5869 Gn.
874 5810 1052 5874 XLVI
1064 5861 1077 5876 .

794 5645 838 5678 ³⁹
873 5647 1005 5702 ibid.
1028 5651 1114 5705 18.
1197 5655 1241 5687 ἰο
1269 5656 1428 5716 Joan.
1461 5681 1590 5730 xvn,
1624 5670 1676 5725 5.

1782 3269 2036 3313 eventum
2075 3265 2328 3333 Spondet.
2377 3269 2442 3321 Et
2469 3287 2582 3324 ecce
2624 3291 2717 3344 ego
2751 3278 3019 3334 vobiscum
3049 3302 3164 3338 sum
3198 3293 3370 3343 omni-

1784 3349 1879 3402 bus
1913 3350 2096 3405 diebus
2123 3370 2286 3424 usque
2308 3359 2376 3410 ad
2409 3370 2917 3422 consunnnatimiem
2938 3375 3142 3428 sti-culi.
3166 3377 3356 3433 Amen.

1782 3438 2076 3511 Propterea
2131 3447 2350 3503 dicebat
2401 3473 2413 3506 :
2472 3451 2790 3513 Renuntiate
2831 3461 3090 3529 fratribus
3141 3472 3268 3524 meis
3311 3488 3366 3529 ut

1782 3537 1972 3589 abeant
2001 3538 2054 3590 in
2105 3537 2412 3606 Galilwam,
2463 3559 2618 3616 atque
2662 3549 2736 3604 ibi
2792 3571 2872 3608 me
2907 3557 3239 3617 videbunt”.
3285 3569 3367 3638 Ad

1783 3626 1925 3680 hanc
1985 3631 2411 3698 apparitionem,
2445 3642 2707 3707 tanquam
2746 3648 3025 3715 propriam
3069 3633 3364 3722 quamdam

1780 3727 1944 3786 atque.
1977 3722 2328 3790 prmcipuam,
2367 3737 2422 3780 ut
2457 3730 2591 3792 dixi,
2626 3736 2962 3803 respiciens:
2992 3758 3155 3811 quam
3193 3752 3364 3820 magis

1778 3811 1940 3863 etiam
1977 3813 2057 3866 eis
2091 3830 2186 3882 per
2221 3817 2327 3870 alia
2363 3821 2526 3874 verba
2568 3825 2930 3894 praedixerat,
2964 3852 3085 3904 quae
3121 3839 3175 3892 in
3208 3857 3367 3898 evan-

1777 3905 1968 3973 gelicis
2000 3909 2224 3978 scriptis
2265 3928 2372 3968 non
2409 3918 2782 3976 continentur.
2819 3923 2934 3981 Nisi
2971 3933 3114 3984 enim
3153 3935 3254 3988 ltnt'
3289 3941 3363 3993 ita

1777 4001 1943 4056 esset,
1973 4012 2081 4051 non
2118 3999 2351 4056 dixisset
2388 4002 2675 4064 Matthwus
2704 4031 2716 4062 :
2748 4009 2999 4070 Undecim
3030 4030 3204 4076 autent
3236 4044 3363 4095 apo.-

1776 4087 1903 4139 stoli
1937 4089 2262 4146 abierantin
2295 4095 2601 4165 Galilaeam,
2644 4105 2697 4156 in
2746 4118 2972 4163 montem
3012 4117 3099 4167 ubi
3160 4124 3362 4175 consti-

1777 4185 1949 4230 tuerat
2004 4179 2079 4232 eis
2118 4179 2382 4238 Jesus“:
2439 4203 2564 4242 cum
2612 4207 2884 4264 nusquam
2940 4202 2992 4254 in
3053 4203 3360 4280 Evangeliis

1776 4269 2055 4336 pollicitus
2094 4274 2166 4326 sit
2202 4273 2467 4335 Dominus
2519 4282 2570 4336 in
2622 4299 2803 4343 monte
2832 4307 2890 4346 se
2919 4269 3361 4362 facturumvcsse

1778 4464 1959 4510 monte
1994 4459 2218 4523 accidit,
2253 4462 2416 4518 etiam
2453 4469 2518 4520 ad
2572 4485 2723 4528 mare
2765 4491 2987 4549 quoque
3025 4459 3358 4558 Tiberiadis,

1773 4548 1919 4615 quod
1951 4556 2035 4604 est
2079 4550 2338 4620 Galilaeze,
2381 4563 2636 4626 apparuit
2688 4565 2820 4631 illis,
2873 4548 2964 4640 qui
3017 4588 3224 4647 septem
3261 4548 3360 4640 nu:

1775 4656 1929 4696 mero
1958 4659 2064 4698 una
2117 4657 2276 4702 erant
2305 4690 2319 4712 ,
2361 4649 2526 4709 Petro
2570 4658 2854 4727 nimirum,
2889 4665 3131 4736 Thomaa,
3156 4661 3362 4736 Natha-

1774 4733 1940 4798 naeli,
1977 4743 2031 4789 et
2063 4736 2192 4793 liliis
2221 4738 2492 4809 Zebedaai,
2528 4748 2761 4822 aliisque
2805 4759 3022 4817 duobus
3070 4733 3135 4820 es
3187 4733 3359 4828 disci-

1774 4824 1954 4892 pulis,
2007 4835 2065 4880 ut
2125 4827 2368 4889 Joannes
2409 4839 2678 4910 scriptum
2734 4847 2977 4920 reliquit.
3032 4853 3234 4917 Verum
3289 4866 3357 4920 ad

1778 4927 2042 4986 montem,
2066 4921 2155 4974 ubi
2178 4929 2527 4984 constituerat
2553 4934 2628 4987 eis
2655 4935 2836 5002 Iesus.
2863 4948 3193 5015 respiciebat
3225 4957 3355 5012 illud

1772 5010 2022 5075 verbum,
2052 5011 2140 5092 .Ibi
2167 5034 2247 5070 me
2276 5020 2543 5092 videbunt,
2586 5029 2785 5087 divinae
2836 5010 3140 5108 majesmtis
3197 5051 3355 5117 plena

1769 5101 2024 5158 videlicet
2051 5109 2302 5166 oratione
2337 5118 2603 5176 mandans
2635 5135 2690 5177 et
2737 5122 3081 5201 przecipiens.
3127 5101 3350 5209 Eii-rates,

1779 5190 1862 5209 JH
1907 5203 1916 5209 _
2396 5205 2408 5209 _

2737 5190 2748 5194 _
2907 5190 2921 5201 .
3153 5190 3350 5209 ρων-ν,

1770 5190 1949 5247 docete
1975 5211 2152 5251 omnes
2173 5211 2373 5270 gentes,
2390 5205 2721 5277 baptizantes
2736 5235 2824 5277 eos
2846 5221 2899 5274 in
2917 5227 3127 5282 nomine
3146 5229 3352 5297 Patris.

1767 5290 1818 5333 et
1849 5279 2003 5350 Filii,
2035 5296 2082 5339 et
2117 5287 2348 5357 Spiritus
2378 5302 2569 5354 sancti.
2627 5303 2840 5363 Etenim
2875 5328 2977 5368 nec
3011 5319 3110 5373 abs
3146 5338 3202 5376 re
3233 5279 3355 5394 qui:

3182 5374 3196 5376 _
3240 5374 3325 5394 ,,,-.

1773 5374 1894 5429 dem
1932 5379 2088 5446 mihi,
2121 5399 2223 5439 nec
2271 5398 2424 5444 extra
2452 5400 2790 5466 propositum
2835 5407 3074 5477 videtur,
3119 5420 3263 5485 quod
3300 5422 3382 5475 in.

1776 5480 1959 5527 monte
1991 5472 2246 5546 Galilam,
2279 5492 2329 5538 et
2363 5503 2470 5542 non
2518 5493 2702 5563 aliquo
2733 5498 2841 5554 alio
2888 5501 3008 5557 loco
3040 5506 3155 5562 lnec
3193 5514 3353 5568 verba

1754 5673 1794 5706 υ
1831 5677 1933 5732 lsa.
1971 5696 2104 5746 XLII,
2133 5685 2187 5742 8.
2254 5690 2295 5720 δ’
2332 5689 2523 5748 Matth.
2555 5711 2745 5761 xxvut.
2784 5702 2864 5768 l9,
2891 5705 2979 5758 20.
3061 5711 3109 5743 ⁸³
3139 5714 3273 5770 ibid.
3302 5716 3350 5773 7.

2959 5872 3034 5935 21
