3842 6426
83 218 171 271 6ῖῦ

986 210 1053 263 ΙΝ
1094 206 1369 260 CHRISTI
1412 202 2044 259 RESURHECTIONEM
2084 204 2293 258 OllAT.
2340 203 2426 259 ΙΙΙ.

3227 208 3333 263 635

87 329 468 399 προκειμέναις
490 327 784 397 εὐφημίαις
812 343 882 374 πα
893 324 937 394 ρ’
961 322 1201 393 ἐμαυτοῦ
1227 323 1498 377 συντελεῖν
1522 322 1656 393 πρὸς

1781 320 1848 372 lie
1883 320 2134 375 accidere
2162 321 2396 375 videtur.
2443 321 2576 376 Cum
2612 321 2757 376 enim
2792 321 2908 390 ipse
2941 321 3074 376 nihil
3111 326 3336 391 pmcla-

83 424 166 488 τὴν
207 421 366 489 ἱεράν
404 419 560 487 ᾠδὴν,
591 421 656 486 ἢν
695 417 900 487 ἀρτίως
943 416 1174 486 ῇσαμεν,
1223 415 1652 484 καταφεύξομαι.

94 513 330 566 Ἐκεῖθεν
369 509 446 571 δὲ,
477 510 594 569 ταῖς
630 509 904 577 ἀφορμαῖς
949 507 1311 577 χρησάμενος,
1337 507 1574 559 ἀποτίσω
1597 505 1659 556 τὸ

85 606 232 675 χρέος
283 603 349 670 τῇ
390 600 640 670 Γραφικῇ
675 597 817 660 λέξει
875 599 1227 668 προσυφήνας
1267 599 1361 650 καὶ
1403 598 1469 649 τά
1511 597 1654 667 ἐμὰ,

84 695 126 747 εἴ
145 710 275 745 τινα.
307 693 415 761 ἄρα
447 691 543 744 καὶ
569 690 826 759 τυγχάνει
855 688 1004 760 παρὰ
1031 689 1110 759 τῷ
1146 689 1336 757 πένητι
1364 688 1534 759 δούλῳ
1561 690 1659 756 τῆς

85 787 151 846 εἰς
193 784 288 836 τὸν
320 782 603 851 Δεσπότην
641 780 992 849 εὐχαριστίας
1036 777 1304 849 ἐγκώμια.
1342 779 1536 847 Ἔλεγε
1560 779 1659 830 τοί·

86 893 170 928 νυν
202 875 412 944 ἀρτίως
439 876 468 926 ό
497 872 679 933 Δαϐὶδ,
713 871 808 923 καὶ
832 873 993 940 ἡμεῖς
1023 874 1137 939 μετ’
1171 871 1398 922 ἐκείνου·
1435 870 1661 922 Αἰνεῖτε

87 967 183 1020 τόν
214 967 458 1034 Κύριον,
513 964 708 1017 πάντα
749 963 821 1016 τὰ
862 962 1031 1028 ἔθνη,
1066 962 1422 1015 ἐπαινέσατε
1453 963 1658 1026 αὑτὸν,

88 1058 306 1122 πάντες
330 1060 384 1109 οἱ
409 1057 566 1110 λαοί.
598 1056 777 1107 Πάντα
802 1053 891 1105 τὸν
918 1052 978 1116 ἐξ
1015 1052 1186 1122 Ἀδὰμ
1215 1053 1498 1123 ἄνθρωπον
1527 1054 1661 1124 πρὸς

89 1155 168 1205 τὴν
218 1151 391 1219 ὕμνον
437 1149 632 1209 καλεῖ,
689 1146 892 1217 μηδένα
939 1144 1362 1214 καταλιμπάνων
1403 1145 1508 1209 ἔξω
1557 1146 1659 1214 τῆς

91 1247 330 1316 κλήσεως
356 1257 370 1270 ⁸
410 1240 546 1293 ἀλλὰ
577 1239 704 1300 τοὺς
745 1237 1082 1308 Ἐσπερίους,
1113 1238 1240 1299 τοὺς
1285 1237 1503 1306 Ἐᾠους,
1530 1240 1659 1298 τοὺς

94 1337 214 1406 παρ’
245 1335 515 1402 ἑκάτερα,
555 1331 608 1383 εῐ
631 1348 714 1393 τις
742 1329 944 1399 ἄρκτου
973 1328 1168 1395 γείτων
1195 1331 1286 1382 καὶ
1315 1330 1413 1398 τῆς
1447 1346 1663 1399 μεσημ-

94 1430 247 1498 ϐρίας
285 1428 530 1488 ἑνοικος,
555 1421 691 1492 ὁμοῦ
725 1421 932 1482 πάντας
971 1421 1292 1490 δημαγωγεῖ
1329 1419 1405 1491 τῷ
1440 1421 1659 1490 ψαλμῷ.

93 1521 196 1574 Καὶ
241 1514 477 1586 ἀλλαχοῦ
521 1513 620 1585 μὲν
667 1510 774 1564 ἀπὸ
823 1509 1024 1580 μέρους
1067 1509 1177 1562 τισὶ
1223 1508 1331 1560 τῶν
1363 1507 1664 1577 ἀνθρώπιον

95 1607 558 1680 προσδιαλέγεται,
590 1602 622 1670 ἢ
649 1602 774 1664 τοὺς
798 1601 976 1663 ὁσίους
1002 1600 1201 1663 καλῶν,
1240 1599 1274 1670 ἢ
1309 1600 1433 1661 τοὺς
1472 1599 1665 1662 παῖδας

1760 425 1880 463 rum
1921 419 2086 480 atque
2123 412 2475 479 magniﬁcum
2513 426 2541 464 a
2580 426 2666 464 me
2706 411 2825 480 ipso
2861 412 3068 480 possim
3103 411 3170 464 ad
3203 427 3336 481 pro-

1759 503 1968 573 positas
2001 502 2189 557 laudes
2218 503 2683 557 concelebrandas
2710 500 2988 564 conferre,
3021 502 3088 556 ad
3121 517 3338 556 sacram

1757 599 2105 660 cantionem,
2140 611 2304 665 quam
2351 598 2511 665 paulo
2561 605 2686 649 ante
2736 596 3154 657 concinuimus,
3210 610 3343 649 cou-

1761 687 2006 758 fugiam:
2065 698 2230 756 atqne
2297 688 2419 740 inde
2467 700 2789 758 argumento
2837 696 3002 758 atque
3050 690 3344 743 occasione

1760 785 1980 846 sumpta
2011 778 2240 830 dictioni
2273 776 2572 845 Scriptura:
2604 792 2722 829 mea
2751 792 2969 846 quoque
2999 776 3343 844 conjungcns

1760 877 1816 922 et
1849 869 2006 937 quasi
2056 877 2341 929 attexens,
2389 870 2598 921 solvam
2642 882 2716 921 aes
2760 868 2998 921 alienum
3033 885 3046 920 :
3085 869 3131 921 si
3181 868 3344 920 modo

1761 959 1926 1014 etiam
1977 959 2174 1029 aliqua:
2231 959 2454 1028 pauperi
2499 974 2660 1013 servo
2693 975 2758 1013 ex
2796 959 2966 1012 animi
3013 958 3346 1029 gratitudine

1761 1067 1889 1120 erga
1941 1052 2226 1104 dominum
2278 1037 2440 1106 suum
2491 1052 2750 1119 profectae
2793 1051 2981 1105 laudes
3023 1058 3343 1120 suppetunt.

1765 1142 1988 1197 Dicebat
2035 1145 2200 1212 igitur
2237 1145 2400 1213 paulo
2445 1153 2572 1196 ante
2611 1142 2780 1197 David
2805 1182 2820 1206 ,
2855 1149 2909 1196 et
2947 1157 3046 1196 nos
3081 1155 3184 1195 una
3220 1157 3345 1194 cum

1766 1235 1912 1289 illo:
1969 1234 2212 1288 Laudate
2267 1235 2586 1296 Dominum,
2636 1251 2816 1288 omnes
2864 1244 3076 1304 gentes,
3133 1233 3348 1286 laudate

1764 1343 1881 1381 eum
1905 1365 1918 1387 ,
1952 1344 2129 1381 omnes
2158 1330 2336 1396 populi
2379 1329 2416 1381 ¹.
2455 1328 2685 1381 Omnem
2719 1329 2998 1382 hominem
3035 1327 3104 1380 ab
3140 1325 3349 1379 Adamo

1767 1434 1941 1487 usque
1963 1458 1976 1480 ,
2015 1419 2285 1472 neminem
2324 1419 2748 1488 praetermittens
2775 1433 2939 1488 quem
2968 1431 3076 1470 non
3111 1416 3346 1477 invitet,

1769 1512 1836 1564 ad
1878 1511 2137 1580 hymnum
2180 1515 2372 1572 vocat;
2427 1510 2521 1565 sed
2567 1509 2976 1570 occidentales,
3007 1509 3346 1572 orientales,

1770 1613 1824 1661 et
1871 1606 1918 1660 si
1969 1603 2095 1675 quis
2151 1603 2298 1657 circa
2346 1604 2682 1665 alterutros,
2740 1603 2823 1656 vel
2880 1599 3350 1671 septentrionibus

97 1705 225 1772 πρὸς
251 1701 422 1770 ὖμνον
451 1696 679 1766 ἐγείρων
700 1711 714 1724 ο
756 1694 850 1746 ἐπὶ
886 1693 942 1745 δὲ
975 1693 1068 1744 τοῦ
1111 1693 1378 1764 παρόντος
1407 1692 1532 1760 ἔθνη
1575 1693 1669 1744 καὶ

1781 1699 2032 1760 vicinus,
2095 1697 2177 1750 vel
2231 1695 2661 1750 meridianarum
2705 1694 2942 1763 partium
2997 1693 3178 1746 incola
3225 1699 3348 1752 est,

95 1795 253 1855 λαοὺς
290 1793 368 1860 τῷ
410 1787 694 1858 ψαλτηρίῳ
731 1787 971 1854 συνάγει.
1015 1786 1182 1838 Ὅταν
1223 1783 1360 1853 γὰρ,
1400 1784 1541 1837 κατὰ
1583 1784 1670 1835 τὸν

108 1881 450 1942 Ἀπόστολον,
481 1876 757 1949 παρελύθη
789 1877 850 1928 τὸ
880 1876 1066 1946 σχῆμα
1096 1873 1188 1926 τοῦ
1221 1875 1426 1943 κόσμου
1450 1875 1669 1938 τούτου,

99 1973 352 2043 βασιλεὺς
383 1970 564 2023 δὲ-καὶ
587 1967 718 2030 Θεὸς
750 1968 995 2035 ἐπεφάνη
1025 1967 1188 2018 πᾶσιν
1216 1967 1244 2018 ὁ
1272 1966 1528 2035 Χριστὸς,
1563 1967 1670 2017 πεῖ-

99 2079 188 2112 σαν
212 2059 393 2129 ψυχὴν
423 2058 646 2110 ἄπιστον
672 2054 777 2122 πλη
786 2053 1112 2123 ροφορήσας,
1132 2053 1224 2104 καὶ
1246 2052 1496 2121 γλῶσσαν
1515 2051 1669 2122 mea.

99 2170 272 2223 φημον
315 2148 653 2220 χαλινώσας,
698 2147 872 2216 στήσῃ
914 2145 971 2196 δὲ
1009 2145 1278 2215 Ἐλλήνων
1309 2144 1407 2215 τὴν
1459 2146 1675 2214 paula.

99 2262 252 2312 τητα,
299 2242 396 2294 καὶ
442 2239 706 2293 Ἰουδαίων
733 2236 829 2307 τὴν
871 2236 1099 2305 πλάνην,
1139 2237 1235 2290 καὶ
1275 2236 1381 2289 τῶν
1412 2237 1674 2307 αἱρέσεων

101 2334 550 2407 τὴνβδάμαστον
604 2327 980 2398 γλωσσαλγίαν
1003 2347 1016 2359 ο
1049 2329 1170 2380 τότε
1215 2328 1302 2398 δὴ,
1346 2328 1468 2381 τότε
1498 2330 1675 2381 πάντα

102 2427 165 2480 τὰ
195 2426 325 2494 ἔθνη
373 2424 468 2475 καὶ
498 2423 546 2474 oi
587 2419 680 2473 ἀπ’
707 2419 899 2480 αἰῶνος
938 2419 1056 2471 λαοὶ
1084 2419 1460 2489 ύποκύψαντες
1478 2461 1490 2482 ,
1535 2419 1677 2489 ἅμα·

102 2536 192 2590 χον
230 2518 331 2587 τὴν
363 2513 732 2586 προσκύνησιν
773 2510 1183 2581 ἀναπέμψουσιν
1211 2553 1224 2572 ,
1264 2513 1357 2564 καὶ
1388 2513 1673 2583 θαυμαστή

101 2630 183 2675 τις
217 2610 371 2663 ἔσται
410 2606 698 2676 συμφωνία
737 2604 1063 2672 δοξολογίας,
1092 2605 1201 2655 τῶν
1233 2607 1330 2674 μὲν
1354 2605 1516 2658 ὁσίων
1551 2623 1677 2656 συν-

105 2705 250 2774 ήθως
301 2699 634 2770 ὑμνούντων,
664 2697 774 2750 τῶν
815 2697 870 2750 δὲ
916 2696 1149 2756 ἀσεϐῶν,
1182 2695 1240 2760 ἐξ
1275 2695 1519 2764 ἀνάγκης
1567 2699 1679 2747 ἑκε-

106 2795 387 2847 τευόντων.
441 2791 550 2844 Καὶ
590 2789 710 2841 τότε
753 2785 968 2858 ἀληθῶς
1000 2788 1028 2838 ὁ
1056 2786 1320 2848 ὲπινίκιος
1352 2785 1517 2856 ὕμνος
1552 2802 1681 2854 συμ-

108 2887 297 2954 φώνως
347 2881 499 2951 παρὰ
545 2880 762 2932 πάντων
811 2877 1106 2947 ᾀσθήσεται
1133 2914 1147 2938 ,
1183 2876 1275 2927 καὶ
1323 2873 1433 2927 τῶν
1478 2893 1681 2945 κρατη-

109 2982 308 3034 Οέντων
340 2976 436 3028 καὶ
468 2973 578 3026 τῶν
605 2970 940 3042 νικησάντοει
957 2988 968 2999 ·
996 2969 1116 3020 τότε
1143 2968 1239 3020 καὶ
1263 2968 1292 3020 ὁ
1319 2969 1418 3037 τῆς
1438 2967 1682 3037 ταραχῆς

1776 1788 1938 1842 simul
1976 1801 2166 1840 omnes
2202 1786 2371 1838 allicit
2412 1794 2464 1838 et
2500 1786 2693 1837 invitat
2741 1785 2843 1836 hoc
2902 1783 3133 1852 psalmo.
3170 1782 3350 1850 Atque

1776 1879 1912 1934 alias
1945 1876 2165 1946 quidem
2203 1876 2488 1945 speciatim
2537 1874 2831 1928 nonnullos
2861 1873 3115 1926 homines
3161 1873 3350 1941 appel-

1776 1970 1888 2031 lat,
1921 1976 2016 2020 aut
2065 1975 2288 2020 sanctos
2331 1981 2570 2027 vocans,
2619 1976 2714 2017 aut
2747 1980 2946 2034 pueros
2978 1963 3045 2016 ad
3083 1963 3346 2032 hymnum

1775 2059 2023 2113 excitans
2051 2075 2064 2110 :
2099 2059 2152 2110 in
2187 2059 2438 2125 praesenti
2475 2072 2601 2110 vero
2634 2067 2820 2124 gentes
2853 2071 2916 2108 ae.
2949 2054 3180 2124 populos
3213 2054 3352 2122 psal-

1782 2153 1920 2207 tet-io
1951 2152 2097 2221 cogit
2127 2151 2181 2202 in
2213 2165 2402 2204 unum.
2432 2149 2570 2203 Cum
2597 2150 2774 2212 enim,
2804 2156 2862 2202 ut
2884 2149 3180 2216 Apostolus
3206 2148 3282 2199 ait
3305 2149 3350 2208 ’,

1780 2241 1955 2312 ﬁgura
2005 2241 2170 2310 hujus
2213 2239 2400 2293 mundi
2448 2240 2761 2304 transierit,
2811 2254 2907 2293 rex
2950 2254 3081 2293 vero
3115 2252 3178 2291 ac
3213 2237 3356 2292 Deus

1777 2332 2065 2396 Christus,
2105 2331 2253 2384 omni
2297 2332 2478 2384 anin'ta
2517 2331 2798 2384 incredula
2835 2329 2903 2383 ad
2941 2331 3156 2399 plenam
3193 2329 3354 2382 iidem

1781 2442 1843 2479 ac
1870 2434 2078 2480 certam
2117 2425 2485 2495 cognitionem
2523 2424 2808 2489 traducta,
2849 2423 3144 2492 linguaque
3183 2422 3356 2475 male-

1779 2519 1902 2573 dica
1938 2519 2179 2572 cohibita
2215 2526 2380 2587 atque
2417 2517 2628 2568 frenata
2651 2558 2664 2580 ,
2707 2515 2965 2570 omnibus
3005 2515 3358 2584 apparuerit;

1781 2611 2082 2665 inhibuerit
2137 2610 2265 2662 item
2323 2607 2639 2661 Graecorum
2677 2605 2971 2659 vanitatem
2996 2644 3010 2667 ,
3051 2614 3106 2659 et
3143 2603 3362 2658 Judzeo-

1784 2719 1902 2755 mn
1935 2717 2210 2764 errorem,
2243 2710 2296 2753 et
2329 2701 2604 2752 hmreseon
2638 2698 2964 2751 indomitum
2991 2697 3190 2765 lingua:
3220 2713 3362 2750 mor-

1782 2797 1932 2851 bum.
1967 2794 2122 2848 Tunc
2157 2794 2420 2847 nimirum
2441 2833 2455 2856 ,
2488 2801 2617 2845 tunc
2650 2805 2843 2844 omnes
2877 2797 3062 2860 gentes
3083 2829 3097 2849 ,
3130 2799 3183 2844 et
3212 2791 3304 2859 qui
3336 2806 3362 2844 ιι

1783 2889 1984 2941 smeulo
2034 2902 2208 2956 usque
2260 2894 2391 2939 sunt
2435 2884 2622 2954 populi
2676 2883 3100 2952 procumbentes
3133 2896 3362 2936 consen-

1785 2980 2006 3032 tientem
2043 2986 2096 3030 et
2129 2976 2455 3031 concordem
2493 2974 2869 3029 adorationem
2904 2974 3281 3043 praestabunt,
3310 2984 3365 3028 et

110 3069 360 3129 ὑπαίτιος
387 3068 416 3117 ὁ
443 3063 542 3133 τὴν
580 3062 680 3114 τοῦ
710 3060 978 3113 Δεσπότου
1015 3057 1339 3126 φαντασθεὶς
1370 3058 1548 3123 ἀξίαν,
1580 3075 1676 3126 μα-

1786 3069 2126 3124 admirabilis
2153 3069 2376 3138 quidam
2407 3077 2712 3122 concentus
2745 3075 2798 3120 et
2825 3082 3131 3121 consensus
3160 3067 3366 3136 gloriﬁ-

112 3161 324 3228 στιγίας
352 3157 572 3226 οἰκέτης
605 3153 897 3224 ὀφθήσεται
930 3153 1084 3213 πᾶσι,
1119 3150 1247 3219 παρ’
1278 3148 1524 3217 ἀγγέλων
1543 3149 1680 3218 πρὸς

108 3251 207 3318 τὴν
234 3247 506 3318 τιμωρίαν
537 3244 856 3312 συρόμενος,
886 3241 979 3292 καὶ
1025 3240 1227 3303 πάντες
1267 3242 1315 3292 οί
1341 3240 1439 3310 τῆς
1472 3241 1680 3292 ἐκείνου

111 3341 307 3402 κακίας
336 3337 606 3406 ὑπηρέται
641 3334 733 3386 καὶ
764 3333 1036 3402 συνεργοὶ,
1073 3333 1191 3394 ταῖς
1225 3331 1560 3401 πρεπούσαις
1595 3349 1684 3382 κο-

112 3437 299 3488 λάσεσι
330 3433 426 3484 καὶ
442 3430 622 3492 δίκαις
654 3426 1124 3498 ύποϐληθήσονται
1145 3440 1159 3453 ⁶
1188 3419 1268 3486 εἷς
1295 3423 1354 3476 δὲ
1387 3425 1684 3492 φανήσεται

114 3524 370 3594 βασιλεὺς
394 3520 490 3573 καὶ
529 3517 739 3589 κριτὴς.
775 3517 954 3578 κοινὸς
983 3514 1262 3584 Δεσπότης
1297 3513 1450 3584 παρά
1474 3513 1687 3564 πάντων

113 3612 569 3682 ὀ;;.ολογούμενος·
603 3607 803 3677 ἡσυχία.
837 3606 893 3659 δὲ
925 3606 1074 3658 ἔσται
1108 3604 1516 3674 κατεσταλμένη
1537 3644 1551 3666 ,
1583 3602 1689 3656 ὦσι

112 3722 217 3776 περ
244 3705 376 3756 ὅταν
409 3703 672 3772 ἄρχοντος
705 3699 798 3750 ἐπὶ
847 3697 1091 3767 βήματος
1137 3695 1452 3765 καθημένου
1480 3737 1494 3757 ,
1529 3696 1556 3746 ὁ
1594 3694 1689 3762 μὲν

113 3795 289 3868 κῆρυξ
319 3791 673 3862 ὑποσημαίνῃ
709 3789 808 3859 τὴν
854 3788 1087 3859 σιωπὴν,
1125 3789 1174 3840 al
1203 3787 1323 3841 λαοὶ
1354 3787 1409 3839 δὲ
1449 3787 1542 3838 καὶ
1570 3785 1690 3854 ὄψιν

116 3889 207 3941 καὶ
231 3885 404 3956 ἀκοὴν
433 3879 930 3950 συντείναντες,τὴν
954 3880 1051 3949 τῆς
1073 3878 1409 3950 δημηγορίας
1432 3878 1691 3948 ἀκρόασιν

117 3977 476 4049 ἀναμένωσιν.
496 3974 596 4028 Διὰ
610 3973 784 4034 τούτο,
803 3972 1030 4028 Αἰνεῖτε
1045 3972 1148 4026 τὸν
1162 3975 1399 4040 Κύριον,
1413 3972 1605 4024 πάντα
1623 3970 1692 4023 τὰ

116 4072 260 4136 ἔθνη
279 4109 293 4132 ,
316 4065 674 4121 ἑπαινέσατε
697 4064 902 4129 αὑτὸν,
936 4063 1156 4129 πάντες
1179 4067 1232 4117 οἱ
1259 4065 1416 4116 λαοί.
1437 4063 1693 4116 Αίνέσατε

115 4162 186 4224 ὡς
203 4159 454 4220 δυνατὸν,
467 4157 791 4210 ἐπαινέσαιτε
808 4157 883 4218 ὼς
916 4155 1293 4224 φιλάνθρωπον
1306 4173 1318 4186 ’
1335 4156 1414 4207 ὅτι
1434 4156 1696 4217 πεσόντας

116 4254 211 4305 καὶ
254 4250 481 4320 νεκροὺς
524 4248 683 4306 ὄντας
727 4245 883 4309 αὖθις
920 4247 1279 4316 ἐζωοποίησε,
1315 4248 1409 4301 καὶ
1439 4248 1498 4300 τὸ
1541 4249 1698 4316 πονῆ-

119 4361 212 4396 σαν
242 4340 437 4403 σκεῦος
461 4338 800 4393 ἀνενεώσατο
827 4337 1006 4400 πάλιν,
1039 4339 1132 4390 καὶ
1161 4339 1258 4408 τὴν
1288 4341 1344 4390 ἐν
1367 4341 1479 4400 τοῖς
1506 4340 1696 4405 τάφοις

1784 3159 2017 3213 cationis
2051 3159 2191 3220 erit,
2233 3159 2442 3214 sanctis
2483 3159 2708 3228 quidem
2751 3174 2903 3213 more
2953 3160 3119 3214 solito
3173 3160 3362 3215 laudes

1784 3251 2100 3305 dicentibus
2128 3291 2142 3313 ,
2181 3250 2366 3320 impiis
2421 3258 2602 3304 autem
2654 3265 2722 3303 ex
2777 3250 3106 3304 necessitate
3151 3251 3361 3318 suppli-

1785 3343 2062 3396 cantibus.
2103 3344 2167 3395 Et
2215 3350 2344 3395 tunc
2385 3356 2574 3395 revera
2606 3343 2851 3395 victoriae
2883 3357 3102 3395 carmen
3137 3356 3367 3396 consen-

1789 3434 1986 3486 tienter
2021 3435 2088 3486 ab
2127 3433 2384 3486 omnibus
2424 3441 2656 3487 canetur
2697 3441 2807 3485 tam
2847 3432 3040 3497 victis,
3083 3447 3247 3501 quam
3283 3432 3370 3484 vi.

1788 3523 2070 3586 etoribus,
2110 3533 2224 3577 tum
2259 3523 2426 3578 etiam
2461 3539 2659 3578 servus
2687 3523 2778 3578 ille
2804 3524 3033 3578 verbero
3066 3524 3241 3578 turba:
3272 3539 3368 3577 au-

1791 3627 1948 3678 etor,
1999 3618 2089 3686 qui
2123 3617 2225 3670 sibi
2253 3617 2456 3671 domini
2487 3618 2571 3670 sui
2613 3617 2932 3686 dignitatem
2977 3617 3370 3687 imaginatione

1793 3715 2106 3776 sumpserat
2139 3716 2193 3760 et
2232 3716 2618 3776 arrogaverat,
2653 3707 2928 3761 videbitur
2956 3721 3148 3762 omnes
3178 3707 3370 3762 admo-

1793 3811 1960 3861 nens,
1999 3796 2130 3848 dum
2169 3796 2238 3850 ab
2281 3798 2493 3866 angelis
2528 3798 2594 3850 ad
2638 3796 2970 3866 supplicium
3013 3799 3279 3860 trahetur,
3316 3805 3372 3852 et

1794 3902 1990 3942 omnes
2019 3888 2168 3942 illius
2203 3889 2461 3956 nequitiae
2494 3888 2729 3942 ministri
2762 3897 2816 3942 et
2844 3889 2980 3944 socii
3013 3889 3212 3944 debitis
3240 3904 3374 3958 sup-

1796 3981 1982 4046 pliciis
2031 3997 2095 4033 ac
2144 3982 2322 4050 pomis
2367 3981 2710 4036 alﬁcientur:
2761 3999 2901 4039 unus
2945 3993 3122 4038 autem
3166 3999 3263 4037 rex
3305 3998 3372 4038 ac

1792 4072 1958 4141 judex
1992 4072 2314 4142 apparebit,
2346 4089 2507 4142 quem
2565 4089 2756 4129 omnes
2794 4089 3139 4129 communem
3182 4073 3370 4128 Domi-

1798 4181 1928 4218 num
1963 4179 2086 4219 esse
2121 4164 2529 4219 conﬁteantur:
2566 4167 2726 4236 quies
2767 4167 2898 4221 item
2943 4167 3049 4222 erit
3092 4176 3256 4236 atque
3290 4167 3368 4222 si-

1800 4255 2025 4309 lentium
2051 4295 2066 4319 ,
2102 4257 2568 4326 quemadmodum
2615 4259 2730 4313 ﬁeri
2773 4259 2946 4325 solet,
2979 4273 3102 4312 cum
3141 4273 3241 4328 pro
3270 4261 3372 4312 tri-

1803 4347 1985 4399 bunali
2019 4346 2242 4401 sedente
2271 4358 2502 4416 praetore
2533 4365 2710 4419 prmco
2742 4349 3023 4404 silentium
3059 4350 3283 4413 indicit,
3319 4359 3374 4405 et

115 4435 224 4487 τῶν
251 4433 523 4500 λειψάνων
554 4431 744 4500 ἀηδίαν
781 4432 859 4493 εἰς
915 4430 1052 4494 ζῶον
1086 4429 1359 4500 ἄφθαρτον
1403 4431 1676 4501 φιλανθρώ

1802 4438 1986 4507 populi
2018 4438 2246 4492 auribus
2278 4448 2331 4492 et
2357 4418 2546 4495 oculis
2569 4442 2735 4496 simul
2765 4443 2958 4496 intenti
2991 4441 3375 4496 concionantis

118 4543 234 4588 πως
281 4524 610 4593 ἐμόρφωσε,
649 4523 742 4574 καὶ
785 4521 962 4592 ψυχὴν
1005 4521 1101 4591 τὴν
1147 4522 1253 4590 πρὸ
1296 4522 1574 4592 τεσσάρων
1616 4542 1696 4593 χι·-

117 4615 314 4668 λιάδων
349 4611 484 4664 ἐτῶν
527 4609 930 4664 καταλιποῦσαν
961 4609 1021 4662 τὸ
1064 4609 1238 4679 σῶμα,
1272 4609 1346 4671 ὡς
1381 4611 1444 4661 ἐκ
1481 4613 1697 4680 μακρᾶς

118 4705 468 4776 ἀποδημίας,
509 4705 587 4766 εἰς
629 4703 764 4756 ἰδίαν
803 4702 979 4755 οἰκίαν
995 4703 1374 4772 ἐπανήγαγεν,
1413 4703 1562 4756 οὐδὲν
1592 4705 1700 4756 ἀπὸ
1734 4713 1736 4715 ’

118 4801 312 4871 χρόνου
343 4799 436 4851 καὶ
460 4797 632 4865 λήθης
669 4794 1015 4862 ξενιζομένην
1043 4794 1176 4860 πρὸς
1215 4794 1276 4845 τὸ
1302 4795 1429 4848 ἴδιον
1449 4796 1697 4865 ὅργανον,

119 4893 256 4945 ἀλλά
291 4891 491 4944 θᾶττον
524 4889 608 4940 ἐπ’
633 4887 767 4940 αὐτὸ
789 4885 1095 4956 χωροῦσαν,
1125 4886 1156 4956 ἢ
1193 4887 1342 4957 ὅρνις
1365 4890 1457 4940 ἐπὶ
1484 4891 1582 4958 τὴν
1604 4907 1700 4942 κα-

118 4983 238 5036 λιάν
269 4982 367 5051 τὴν
390 4980 598 5033 οἰκείαν
619 4977 973 5032 καθίπταται.

1804 4544 1992 4582 vocem
2046 4539 2387 4598 exspectant.
2452 4529 2703 4594 Idcirco,
2756 4531 2994 4585 Laudate
3052 4532 3373 4595 Dominum,

1801 4638 1978 4674 omnes
2007 4632 2181 4691 gentes
2205 4664 2220 4687 ,
2260 4622 2474 4676 laudate
2507 4639 2623 4676 eum
2645 4663 2660 4686 ,
2694 4640 2870 4677 omnes
2905 4624 3104 4692 populi.
3136 4622 3376 4677 Laudate

1803 4722 2063 4782 tanquam
2100 4722 2408 4782 potentem,
2449 4715 2666 4769 laudate
2701 4726 2963 4783 tanquam
2991 4715 3285 4786 benignum
3322 4723 3378 4768 et

1807 4807 2104 4858 humanum
2137 4828 2148 4860 :
2185 4807 2442 4876 quoniam
2478 4824 2574 4864 eos
2609 4810 2701 4877 qui
2737 4808 3051 4862 ceciderant
3079 4819 3132 4862 et
3178 4806 3378 4859 mortui

1809 4894 2026 4950 fuerant
2051 4938 2066 4962 ,
2101 4912 2298 4952 rursus
2330 4897 2453 4950 vitze
2502 4898 2775 4960 restituit,
2809 4915 2903 4954 vas
2937 4898 3167 4951 fractum
3198 4898 3265 4949 de
3296 4898 3379 4949 in-

1809 4994 1965 5056 tegro
1995 4987 2312 5049 renovavit,
2348 4988 2513 5042 situm
2557 4998 2722 5059 atque
2762 4989 3217 5060 injucunditatem
3254 4989 3380 5042 reli-

118 5079 420 5146 quiarum,
452 5091 574 5143 quae
618 5075 672 5128 in
719 5073 990 5142 sepulcris
1064 5084 1264 5139 erant,
1337 5075 1405 5128 ad
1481 5076 1682 5130 animal
1758 5080 2176 5154 incorruptibile
2224 5085 2453 5154 benigne
2502 5085 2740 5155 redegit,
2794 5087 3029 5139 animam
3087 5099 3208 5154 quae
3255 5093 3381 5139 ante

118 5179 368 5237 quatuor
401 5166 569 5219 millia
602 5180 870 5218 annorum
916 5180 1116 5234 corpus
1150 5167 1470 5236 reliquerat,
1512 5168 1676 5222 veluti
1709 5186 1775 5224 ex
1807 5171 1970 5242 longa
2018 5175 2456 5245 peregrinatione
2485 5176 2548 5230 ad
2583 5192 2742 5231 suum
2771 5175 3110 5229 duii'ticilitttn
3140 5174 3379 5234 reduxit,

121 5275 354 5329 cunque
390 5275 499 5314 non
537 5274 648 5328 prae
683 5259 860 5328 spatio
891 5261 1151 5329 temporis
1187 5272 1238 5315 et
1271 5263 1543 5319 oblivione
1581 5267 1735 5335 quasi
1780 5271 2122 5337 peregrinam
2153 5288 2280 5343 erga
2317 5288 2478 5328 suum
2514 5273 2941 5326 instrumentum
2976 5268 3246 5332 aﬁ'ectam,
3284 5271 3380 5324 sed

120 5359 288 5411 citius
331 5355 397 5408 ad
437 5356 489 5409 id
533 5356 870 5417 tendentem,
899 5367 1063 5422 quam
1101 5355 1218 5410 avis
1255 5355 1323 5408 ad
1364 5354 1549 5409 nidum
1581 5374 1742 5412 suum
1775 5359 2008 5414 devolat.

189 5447 455 5517 Εἴπωμεν
481 5446 590 5516 γάρ
619 5445 686 5499 τὰ
713 5448 887 5500 οἰκεῖα
916 5445 1017 5514 τῆς
1048 5447 1261 5518 ἑορτῆς,
1293 5448 1379 5501 ἵνα
1404 5450 1676 5504 ἁκολούθω

1892 5451 2150 5510 Dicamus
2175 5456 2322 5512 enim
2351 5473 2415 5512 ea
2439 5472 2558 5526 qua:
2608 5453 2824 5526 proprie
2872 5452 2937 5506 ad
3005 5452 3202 5507 festum
3260 5464 3380 5525 por-

198 5621 213 5651 ¹
257 5618 402 5674 Psal.
432 5635 576 5684 cxvv,
614 5620 665 5672 Ι.
744 5618 813 5673 ’1
854 5618 980 5674 Cor.
1020 5633 1116 5684 vn,
1159 5617 1250 5675 5i.
