3842 6394
467 133 574 191 655

1751 125 1808 179 S.
1851 124 2178 181 GREGOllll
2216 127 2509 185 NYSSENI

3644 146 3672 196 (ἑ
3681 145 3746 198 56

466 248 684 306 tinent,
714 248 772 295 ut
818 238 884 292 ad
921 239 1071 309 ipsas
1137 253 1225 292 res
1268 236 1683 292 accommodate
1743 245 1798 292 et
1852 251 2050 291 conre-

2160 240 2248 291 καὶ
2283 240 2578 310 προσφυῶς
2620 245 2731 305 τοῖς
2778 249 3094 314 πράγμασιν
3128 253 3497 323 έορτάσωμεν.
3527 257 3602 310 Τὸ
3640 259 3748 329 γὰρ

467 339 691 393 nienter
736 333 1018 389 ferientur.
1082 329 1218 384 Nam
1260 331 1406 400 quod
1467 331 1828 401 improprium
1865 341 1951 385 est
1999 341 2055 386 et

467 433 705 486 alienum
731 469 745 491 ,
786 436 1148 496 praeterquam
1183 424 1515 494 quod.nihil
1556 423 1819 493 prodest,
1857 441 1949 480 res
1970 432 2057 480 est

473 520 781 577 inordinata
804 558 819 584 ,
865 517 1229 586 incomposita
1264 524 1429 585 atque
1459 515 1702 571 absurda
1725 557 1739 580 ,
1802 531 1912 571 non
1962 534 2053 572 so-

472 618 584 670 lum
619 615 675 669 in
705 614 774 670 iis
797 613 1143 667 orationibus
1167 653 1183 678 ,
1209 628 1333 682 quae
1366 611 1433 666 de
1465 613 1732 682 religione
1765 629 1829 667 ac
1854 614 2058 682 pietate

469 707 764 768 habentur.
795 721 984 760 verum
1026 706 1192 758 etiam
1226 705 1280 758 in
1315 706 1559 758 externis
1582 745 1596 767 ,
1645 715 1700 758 et
1729 705 1796 758 iis
1831 721 1952 773 qua:
1989 705 2057 758 ad

472 798 807 854 mundanam
840 799 1113 868 pertinent
1134 797 1478 868 sapientiam.
1509 796 1644 862 Quis
1668 797 1812 852 enim
1839 806 1922 852 est
1936 812 2060 851 ora-

470 905 557 946 tor
587 893 662 945 ita
703 890 911 945 stultus
943 890 1191 960 adeoque
1242 892 1545 952 ridiculus.
1583 892 1674 960 qui
1725 891 1792 945 ad
1827 891 2048 959 nuptias

472 984 752 1038 hilaritate
800 990 856 1035 et
904 981 1254 1050 jucunditatc
1291 983 1482 1053 plenas
1535 993 1800 1044 vocatus,
1867 983 2059 1036 relicto

471 1085 598 1145 apto
626 1082 679 1127 et
708 1071 956 1141 jucundo
983 1087 1183 1141 genere
1218 1073 1486 1128 orationis
1507 1112 1522 1136 ,
1561 1076 1706 1142 quod
1743 1088 2057 1128 accommo-

471 1168 658 1220 datum
685 1166 793 1228 sit,
844 1179 907 1218 ac
938 1165 1099 1233 quasi
1138 1166 1552 1236 congratuletur
1576 1166 1836 1219 hilaritati
1873 1183 1936 1219 ac
1983 1166 2060 1220 fe-

473 1258 702 1312 stivitati
737 1264 1079 1319 conventus,
1132 1257 1307 1310 tristia
1341 1255 1589 1326 qumdam
1622 1258 1864 1310 carmina
1899 1265 2062 1324 atque

474 1349 727 1421 lugubria
777 1348 1129 1419 pronuntiet,
1161 1356 1215 1402 et
1237 1365 1300 1403 ex
1345 1347 1612 1417 tragmdia
1652 1349 1854 1418 petitas
1911 1349 2061 1401 cala-

474 1445 692 1498 mitates
727 1444 781 1496 in
806 1441 1061 1496 convivio
1091 1439 1324 1510 nuptiali
1351 1448 1406 1493 et
1437 1439 1493 1492 in
1519 1439 1764 1492 thalamo
1799 1437 2062 1493 occinat?

472 1537 581 1589 Aut
619 1552 684 1589 ex
715 1535 996 1588 contrario
1025 1543 1244 1586 mortuo
1300 1532 1468 1585 alicui
1507 1533 1663 1601 justa
1721 1532 1950 1602 exsequi
2005 1543 2058 1586 et

2157 332 2422 385 ἀνοίκειον
2478 335 2571 386 καὶ
2623 335 2905 406 ἀλλότριον
2947 338 3084 408 πρὸς
3135 344 3211 410 τῷ
3263 347 3428 414 μηδὲν
3477 349 3742 416 ὠφελεῖν,

2157 424 2386 478 ἄτακτόν
2431 427 2545 478 ἐστι
2588 427 2682 478 καὶ
2727 427 3038 493 ἀλλόκοτον,
3081 432 3182 484 οὐκ
3217 434 3274 485 ἐν
3320 439 3430 498 τοῖς
3467 443 3594 508 περὶ
3617 441 3746 512 θρη-

2160 517 2347 579 σκείας
2370 518 2462 570 καὶ
2487 519 2771 583 εὐσεϐείας
2799 520 2998 588 λόγοις,
3025 523 3163 576 ἀλλὰ
3188 526 3282 578 καὶ
3304 528 3396 580 ὲπί
3418 530 3527 582 τῶν
3550 531 3746 594 ἔξωθεν

2159 609 2254 661 καὶ
2277 611 2375 680 τῆς
2408 611 2502 663 τοῦ
2529 612 2737 682 κόσμου
2771 615 2984 681 σοφίας.
3044 616 3140 678 Τίς
3173 617 3282 689 γὰρ
3315 620 3486 684 οὕτως
3524 624 3744 692 ἀνόητος

2158 701 2191 771 ἢ
2243 703 2593 770 ὑπεργελοῖος
2641 706 2844 776 ῥήτωρ,
2891 707 2966 770 ὡς
3025 708 3246 778 κληθεὶς
3295 713 3376 774 είς
3412 715 3746 784 φαιδρότητα

2158 795 2336 862 γάμου
2371 797 2673 867 ἀποστῆναι
2706 799 2803 866 μὲν
2837 800 2946 851 τῶν
2983 802 3256 872 ἁρμοδὶων
3289 803 3462 872 λόγων
3488 809 3582 859 καὶ
3611 808 3744 874 γλα-

2160 889 2348 959 φυρῶν
2382 890 2861 944 συνευπαθούντων
2883 896 3005 956 ταῖς
3029 895 3125 964 τῆς
3155 897 3516 967 πανηγύρεως
3534 899 3744 969 χάρισι,

2159 981 2327 1050 γοερὰ
2369 981 2426 1033 δὲ
2476 982 2613 1052 μέλη
2657 982 2874 1052 θρηνεῖν
2907 985 3096 1038 καὶτὰ
3134 989 3197 1038 ἐκ
3238 989 3546 1059 τραγῳδίας
3603 993 3745 1044 κακά

2158 1073 2267 1126 τῶν
2314 1075 2603 1127 παστάδων
2649 1077 3140 1146 κατολοφὺρεσθαι;
3186 1079 3219 1147 ἢ
3246 1080 3307 1132 τὸ
3337 1080 3572 1150 ἔμπαλιν
3622 1086 3742 1135 ἐπι-

2159 1165 2379 1234 ταχθεὶς
2422 1167 2500 1218 ὲνὶ
2529 1167 2636 1218 τῶν
2664 1168 3128 1239 τετελευτηκότων
3162 1171 3230 1223 τὰ
3264 1173 3626 1242 νενομισμένα
3653 1191 3744 1226 τε·

2160 1255 2291 1318 λείν,
2324 1255 2673 1309 ἐπιλαθέσθαι
2721 1257 2822 1326 μὲν
2863 1257 2958 1310 τοῦ
2991 1258 3220 1325 πάθους,
3275 1263 3660 1333 φαιδρύνεσθαι
3689 1267 3743 1318 δὲ

2162 1349 2298 1417 πρὸς
2327 1347 2420 1400 τὸν
2444 1349 2747 1416 κατηφείας
2778 1349 3014 1418 γέμοντα
3045 1352 3333 1421 σύλλογονς
3366 1356 3427 1408 Εἰ
3459 1357 3517 1408 δὲ
3548 1358 3609 1410 ὲν
3631 1362 3744 1421 τοῖς

2161 1443 2475 1511 ὲγκοσμίοις
2499 1443 2662 1495 καλὸν
2688 1445 2720 1511 ἡ
2752 1442 2905 1508 τάξις
2927 1446 3021 1496 καὶ
3048 1447 3240 1516 ὲπιστή
3250 1467 3344 1519 μη,
3369 1451 3550 1521 πολλῷ
3569 1451 3742 1522 δήπου

2163 1531 2323 1583 πλέον
2352 1534 2409 1584 ἐν
2453 1536 2563 1594 τοῖς
2601 1533 2856 1602 μεγάλοις
2889 1535 2984 1587 καὶ
3027 1536 3292 1605 οὐρανίοις
3319 1541 3618 1610 ἁρμοδιώτε
3632 1561 3739 1614 ρον,

473 1630 782 1682 orationem
837 1625 1121 1680 funebrem
1155 1624 1356 1678 habere
1395 1625 1623 1694 jussus,
1675 1625 1880 1680 oblitus
1915 1641 2052 1696 pra:-

2160 1623 2392 1692 Χριστὸς
2415 1623 2593 1675 τοίνυν
2633 1624 2829 1693 ἀνέστη
2875 1627 3114 1697 σήμερον
3143 1631 3172 1681 ὁ
3197 1629 3347 1692 Θεὸς,
3433 1634 3682 1706 ἀπαθὴς,
3710 1638 3738 1687 ὁ

474 1719 648 1774 sentis
710 1731 907 1776 casus,
947 1711 1254 1783 jucundum
1312 1728 1370 1768 se
1421 1717 1660 1783 praebeat
1717 1727 1772 1770 et
1820 1715 2052 1769 hilarem

473 1809 615 1880 apud
647 1808 906 1862 maestitia
940 1806 1159 1876 plenum
1178 1806 1546 1860 conventum"
1570 1806 1725 1872 Quod
1751 1807 1794 1861 si
1816 1807 1870 1860 in
1895 1808 2056 1861 rebus

473 1903 768 1958 mundanis
838 1915 926 1954 res
975 1899 1176 1953 decora
1228 1909 1316 1954 est
1363 1899 1500 1953 ordo
1565 1907 1729 1970 atque
1789 1900 2053 1962 scientia,

472 1996 646 2049 multo
675 1992 923 2063 profecto
950 1991 1128 2062 magis
1177 2006 1298 2045 eam
1349 1992 1634 2048 observari
1697 1993 1957 2046 convenit
2000 1993 2054 2046 in

470 2088 638 2142 rebus
679 2085 894 2155 magnis
950 2093 1120 2155 atque
1177 2083 1514 2140 cmlestibus.
1580 2083 1836 2138 Christus
1890 2085 2058 2154 igitur

469 2181 631 2236 nobis
663 2179 966 2234 resurrexit
995 2177 1157 2232 hodie
1189 2177 1334 2232 Deus
1357 2215 1372 2241 ,
1429 2177 1839 2230 calamitatibus
1885 2185 1939 2231 et
1964 2193 2056 2230 ca-

471 2271 627 2326 sibus
657 2270 894 2338 amplius
927 2285 1034 2322 non
1067 2269 1341 2324 obnoxius
1363 2308 1378 2330 ,
1427 2268 1755 2322 immortalis
1780 2271 1878 2338 (Ac
1913 2270 2054 2323 sub-

471 2365 606 2418 siste
633 2377 928 2432 parumper
963 2362 1301 2429 tu,etltniee,
1323 2361 1528 2416 omisso
1557 2362 1820 2430 petulanti
1848 2377 1911 2415 ac
1933 2377 2058 2430 pro-

475 2463 633 2509 tervo
653 2453 802 2520 risu,
835 2453 1019 2523 quoad
1050 2453 1236 2509 omnia
1288 2453 1583 2520 audiveris)
1612 2467 1724 2506 non
1755 2452 1823 2506 ad
1855 2467 2055 2508 neces-

470 2548 690 2602 sitatem
718 2561 947 2601 casuum
975 2586 992 2609 ,
1030 2545 1117 2600 vel
1150 2545 1218 2599 de
1259 2546 1400 2600 cmlo
1427 2544 1765 2600 descendere
1795 2553 2054 2611 coactus,

471 2641 553 2696 vel
614 2640 1074 2694 resurrectionem
1121 2647 1378 2707 tanquam
1437 2637 1871 2706 inexspectatum
1922 2637 2048 2690 ino-

469 2734 788 2805 pinatumve
824 2730 1148 2786 beneﬁcium
1193 2739 1392 2800 praeter
1450 2744 1604 2799 spem
1637 2730 1896 2798 adeptus,
1953 2727 2051 2782 sed

467 2826 562 2896 qui
593 2824 837 2879 novisset
879 2823 1127 2878 omnium
1163 2837 1344 2876 rerum
1381 2820 1540 2876 tinem
1566 2860 1582 2884 ,
1627 2832 1790 2890 atque
1839 2821 1912 2874 ita
1947 2821 2054 2874 ini-

465 2921 604 2973 tium
637 2915 891 2981 fecisset,
924 2914 1100 2985 utqui
1159 2913 1213 2967 in
1247 2913 1424 2968 oculis
1454 2913 1762 2967 divinitatis
1819 2912 2050 2967 haberet

465 3011 876 3081 propositorum
903 3007 1274 3078 cognitionem
1297 3044 1312 3069 ,
1342 3013 1398 3061 et
1435 3006 1762 3074 priusquam
1789 3003 1856 3059 de
1906 3005 2050 3059 caelo

458 3103 854 3164 descenderet,
884 3099 1092 3153 videret
1124 3106 1180 3152 et
1221 3097 1464 3168 gentium
1496 3096 1962 3168 perturbationem
1995 3106 2051 3152 et

467 3196 730 3250 duritiam
764 3193 1016 3255 lsraelis,
1047 3201 1101 3247 et
1127 3190 1364 3245 Pilatum
1392 3205 1491 3261 pro
1525 3190 1786 3246 tribunali
1815 3189 2008 3244 sedere
2033 3229 2049 3254 ,

467 3301 522 3341 et
552 3286 812 3356 Caipham
851 3292 1060 3340 vestem
1088 3284 1193 3339 sibi
1233 3281 1548 3339 discindere
1574 3320 1589 3344 ,
1621 3290 1677 3336 et
1729 3280 2049 3337 seditiosam

470 3383 682 3451 plebem
715 3381 793 3434 ira
826 3378 1189 3442 inﬂammari,
1242 3385 1296 3430 et
1330 3375 1526 3430 Judam
1555 3373 1787 3445 prodere
1807 3413 1822 3438 ,
1859 3382 1914 3430 et
1957 3373 2054 3429 Pe-

469 3485 613 3528 trum
654 3484 1022 3540 propugnare,
1050 3477 1104 3522 et
1135 3469 1296 3539 paulo
1326 3475 1450 3538 post
1471 3467 1712 3534 seipsum
1735 3481 1832 3536 per
1871 3481 2055 3520 resur-

469 3564 770 3619 rectionem
799 3562 868 3614 ad
893 3562 1124 3633 gloriam
1158 3559 1590 3615 immortalitatis
1622 3559 2048 3614 transformat-cz

471 3672 536 3710 ac
588 3653 856 3726 quidquid
915 3653 1158 3708 futurum
1210 3661 1362 3718 erat,
1424 3651 1736 3721 cognitione
1803 3652 2055 3720 praescri-

471 3756 626 3817 ptum
676 3745 909 3809 habens,
946 3759 1056 3798 non
1081 3742 1297 3797 distulit
1321 3741 1644 3796 beneﬁcium
1678 3741 1882 3796 homini
1918 3758 2054 3812 pra!-

470 3847 660 3904 stare,
717 3851 894 3907 neque
937 3835 990 3888 in
1020 3835 1324 3905 longiorem
1359 3833 1502 3887 diem
1567 3833 1802 3887 contulit
1859 3848 2049 3888 earum

467 3943 652 3983 rerum
685 3925 1220 3981 administrationem
1246 3964 1261 3988 ,
1304 3922 1398 3978 sed
1423 3923 1889 3992 quemadmodum
1938 3924 2046 3985 illi,

468 4023 560 4092 qui
580 4020 814 4074 debilem
834 4018 1077 4088 aliquem
1116 4018 1186 4070 ab
1217 4017 1422 4085 impetu
1485 4018 1750 4070 torrentis
1785 4023 1841 4070 et
1890 4030 2047 4070 vora-

469 4113 610 4174 trinis
638 4110 754 4179 rapi
783 4107 1007 4170 vident,
1039 4107 1166 4161 licet
1210 4105 1353 4159 haud
1391 4107 1706 4175 ignorantes
1732 4105 1876 4175 quod
1930 4104 2053 4160 ﬁeri

470 4203 665 4271 possit,
701 4207 759 4254 ut
787 4213 947 4253 emno
971 4197 1231 4252 torrentis
1260 4197 1364 4266 ipsi
1409 4212 1626 4266 qttoque
1665 4197 2048 4258 involvantur,

2159 1713 2424 1776 ἀθάνατος
2454 1717 2472 1781 (
2490 1715 2582 1767 καὶ
2614 1716 2806 1785 μικρδν
2842 1718 3062 1787 ἐπίσχες
3089 1720 3117 1771 ό
3145 1720 3370 1783 ἐθνικὸς,
3419 1727 3614 1794 παρεὶς
3650 1729 3738 1779 τὸν

2161 1806 2410 1876 προπετῆ
2457 1806 2699 1874 γέλωτα,
2756 1808 2949 1878 μέχρις
2988 1808 3054 1861 ἂν
3086 1809 3301 1865 πάντων
3348 1814 3641 1886 ἀκούσης),
3679 1821 3736 1871 οὐ

2160 1898 2308 1966 πρὸς
2343 1898 2587 1968 ἀνάγκην
2618 1897 2826 1962 παθὼν,
2858 1900 2976 1952 οὐδὲ
3009 1901 3108 1970 τὴν
3146 1903 3204 1968 ἐξ
3241 1904 3484 1974 οὐρανῶν
3516 1908 3739 1962 κάθοδον

2161 1989 2422 2058 βιασθεὶς,
2450 1988 2572 2042 οὐδὲ
2599 1987 2696 2059 τὴν
2726 1989 3022 2044 ἀνάστασιν
3051 1991 3120 2054 ὡς
3148 1994 3552 2066 ἀπροσδόκητον
3589 2001 3741 2072 eisp-

2157 2081 2346 2148 γεσίαν
2385 2081 2518 2151 παρ’
2557 2079 2779 2142 ἐλπίδας
2812 2080 3009 2151 εὑρὼν,
3048 2081 3162 2134 ἀλλ’
3193 2083 3346 2150 εἰδὼς
3383 2089 3603 2140 πάντων
3636 2092 3740 2142 τῶν

2159 2172 2499 2241 πραγμάτων
2528 2170 2588 2224 τὺ
2617 2170 2790 2234 τέλος,
2834 2171 2929 2223 καὶ
2967 2170 3110 2225 οὕτω
3158 2174 3257 2244 τὴν
3299 2177 3472 2248 ἀρχὴν
3513 2182 3741 2249 ποιησά-

2162 2280 2341 2330 μενος,
2364 2262 2504 2331 ἕχων
2547 2264 2606 2315 ὲν
2628 2261 2926 2332 ὀφθαλμοῖς
2952 2263 3053 2334 τῆς
3083 2263 3336 2336 θεότητος
3375 2270 3483 2321 τῶν
3520 2289 3741 2342 ﬁgo-45;-

2162 2354 2337 2422 μένων
2366 2354 2464 2424 τὴν
2493 2353 2714 2422 γνῶσιν,
2758 2355 2852 2406 καὶ
2887 2355 3018 2426 πρὶν
3062 2357 3122 2422 ἐξ
3151 2357 3394 2428 οὐρανῶν
3423 2362 3735 2426 κατελθεῖν,

2161 2447 2372 2516 βλέπων
2400 2446 2494 2498 καὶ
2514 2445 2622 2497 τῶν
2645 2444 2814 2498 ἐθνῶν
2847 2447 2946 2518 τὴν
2976 2449 3240 2518 ταραχὴν,
3270 2452 3364 2503 καὶ
3383 2452 3477 2504 τοῦ
3524 2455 3739 2526 Ἰσραὴλ

2156 2538 2258 2608 τὴν
2305 2537 2683 2608 σκληρότητα,
2733 2539 2828 2592 καὶ
2871 2539 3104 2593 Πιλάτον
3158 2543 3595 2614 προκαθήμενον,
3646 2549 3739 2601 καὶ

2159 2631 2412 2696 Καῖἁφαν
2435 2630 2582 2700 αὐτῷ
2609 2631 2707 2700 τὴν
2733 2629 2936 2701 ἐσθῆτα
2963 2637 3500 2703 περισπαρὰσσοντα,
3523 2640 3630 2693 καῖ’
3647 2641 3739 2695 τὸν

2160 2721 2428 2792 στασιώδη
2479 2723 2648 2793 δῆμον
2695 2723 3122 2794 φλεγμαίνοντα,
3171 2729 3263 2778 καὶ
3307 2726 3509 2782 Ἰούδαν
3555 2734 3740 2802 προδι-

2159 2811 2341 2876 δόντα,
2371 2813 2465 2864 καὶ
2516 2813 2719 2884 Πέτρον
2753 2815 3226 2885 ὑπερμαχόμενον,
3273 2820 3368 2872 καὶ
3399 2823 3516 2890 μετ’
3559 2825 3739 2894 ὀλίγον

2159 2904 2350 2958 ἑαυτὸν
2378 2907 2444 2975 τῇ
2478 2906 2772 2959 ἀναστάσει
2815 2911 2896 2969 εἰς
2928 2907 3091 2981 δόξαν
3119 2910 3424 2981 ἀφθαρσίας
3461 2931 3740 2987 μεταμορ-

2162 2996 2432 3066 φοὺμενον
2453 3013 2468 3026 ο
2495 2997 2590 3050 καὶ
2614 2999 2722 3050 πάν
2759 2998 2820 3050 τὸ
2855 2999 3046 3068 μέλλον
3085 3000 3222 3072 ἔχων
3245 3005 3740 3078 ὑπογεγραμμένον

2158 3091 2226 3160 τῇ
2265 3087 2498 3158 γνώσει,
2546 3090 2648 3142 οὐκ
2695 3090 2988 3144 ἀνεϐάλετο
3033 3092 3133 3162 τὴν
3193 3095 3273 3158 εἰς
3318 3097 3410 3150 τὸν
3451 3100 3738 3170 ἄνθρωπον

2161 3182 2342 3251 χάριν,
2385 3181 2506 3234 οὐδὲ
2549 3181 2845 3252 ὑπερέθετο
2889 3182 2988 3254 τὴν
3020 3185 3362 3256 οἰκονομίανο
3398 3185 3515 3242 ἀλλ’
3546 3191 3739 3265 ὥσπερ

2159 3274 2209 3324 οἱ
2245 3272 2336 3324 τὸν
2368 3272 2570 3342 ἀσθενῆ
2614 3276 2764 3344 παρὰ
2793 3275 3070 3345 χαράδρας
3104 3277 3397 3348 συρόμενον
3426 3280 3734 3350 βλέποντες,

2160 3365 2360 3428 εἰδότες
2389 3365 2464 3428 ὡς
2504 3365 2619 3418 ἔστι
2644 3368 2734 3418 καὶ
2779 3368 3021 3439 βορϐόρῳ
3063 3369 3154 3420 τοῦ
3195 3373 3498 3443 χειμάρρου
3531 3378 3740 3448 ἐνειλη-

2162 3457 2341 3527 θῆναι,
2388 3459 2481 3510 καὶ
2522 3459 2622 3524 τῆς
2677 3457 2889 3530 πληγῆς
2919 3462 3248 3530 ἀνασχέσθαι
3279 3464 3387 3516 τῶν
3417 3463 3579 3519 λίθων
3629 3470 3739 3521 τῶν

2163 3548 2584 3618 συνωθουμένων
2629 3551 2780 3621 παρὰ
2825 3551 2918 3604 τοῦ
2954 3552 3164 3619 ὓδατος,
3208 3555 3360 3625 ὅμως
3390 3558 3479 3612 διὰ
3506 3561 3568 3613 τὸ
3601 3580 3739 3632 συμ-

2160 3642 2332 3705 παθὲς
2371 3642 2430 3695 τὸ
2477 3643 2606 3714 περὶ
2651 3643 2742 3716 τρν
2785 3644 3162 3701 κινδυνεύοντα
3205 3649 3307 3702 οὐκ
3362 3651 3579 3705 ὀκνοῦσι
3637 3654 3737 3725 τὴν

2160 3735 2389 3787 εἴσοδον·
2449 3733 2592 3786 οὑτω
2645 3736 2739 3787 καὶ
2790 3737 2818 3787 ὁ
2879 3736 3256 3809 φιλάνθρωπος
3296 3741 3450 3811 ἡμῶν
3503 3743 3734 3817 Σωτὴρ,

2159 3827 2436 3896 ἐθελοντὴς
2479 3828 2770 3898 ὑϐριστικά
2805 3829 2899 3882 καὶ
2932 3829 3102 3900 ἄτιμα
3135 3833 3482 3900 κατεδέξατο,
3526 3838 3612 3890 ἴνα
3643 3840 3736 3890 τὸν

2159 3921 2217 3986 ἐξ
2263 3920 2480 3990 ἀπάτης
2534 3919 2904 3992 ἀπολλύμενον
2959 3922 3141 3995 σώσῃ,
3195 3925 3459 3998 κατῆλθεν
3513 3932 3592 3994 είς
3643 3931 3737 3984 τὸν

2160 4009 2292 4080 βίον,
2335 4011 2522 4082 ἐπειδὴ
2567 4012 2786 4082 προῄδει
2828 4015 2921 4066 καὶ
2959 4013 3058 4083 τὴν
3088 4015 3270 4070 ἄνοδον
3299 4017 3524 4083 ἔνδοξον.
3572 4022 3736 4076 Ἀπο-

2159 4103 2336 4155 θανείν
2375 4102 2453 4172 τῷ
2489 4103 2816 4175 ἀνθρωπίνῳ
2859 4105 3051 4158 ἑαυτὸν
3092 4107 3490 4179 συνεχώρησεν,
3542 4115 3732 4186 ἐπειδὴ

2159 4193 2251 4246 καὶ
2281 4192 2378 4266 τὴν
2413 4193 2630 4264 ἔγερσιν
2677 4196 3094 4266 προεγίνωσκεν.
3143 4199 3214 4250 Οὐ
3247 4200 3353 4270 γάρ
3392 4201 3470 4264 ώς
3510 4197 3590 4266 εἷς
3625 4205 3736 4255 τῶν

467 4306 522 4348 et
551 4293 814 4362 lapidum,
835 4305 977 4360 quos
1007 4305 1194 4345 secum
1231 4304 1373 4359 aqua
1407 4291 1550 4359 rapit
1580 4297 1744 4360 atque
1774 4288 2047 4359 provehit,

2160 4287 2352 4339 κοινῶν
2399 4285 2724 4357 ἀνθωητων,
2771 4287 3152 4357 ῥιψοκινδύνως
3195 4291 3396 4362 ἐτόλμα
3425 4296 3490 4366 τῇ
3537 4296 3735 4366 ἀδηλίᾳ⁴

469 4386 670 4440 ictibus
696 4384 984 4443 laedantur.
1001 4391 1184 4436 tamen
1204 4398 1314 4450 prae
1332 4382 1710 4436 misericordia
1734 4382 2053 4452 periclitan-

472 4479 548 4532 tis
571 4476 785 4546 ingredi
809 4490 919 4529 non
961 4483 1259 4544 graVantur
1293 4488 1304 4524 :
1336 4473 1406 4526 ita
1433 4471 1691 4528 Servator
1726 4483 1914 4530 noster
1943 4475 2048 4528 hu-

470 4584 667 4623 manus
692 4568 835 4621 ultro
861 4581 926 4621 ac
949 4573 1147 4635 sponte
1175 4581 1272 4620 sua
1301 4566 1699 4622 contumeliosa
1728 4574 1782 4621 et
1810 4566 2044 4636 ignomi-

2156 4378 2250 4432 τοῦ
2283 4379 2566 4450 μέλλοντος
2607 4379 2918 4450 ἐπιτρέπων
2958 4380 3055 4451 τὴν
3080 4381 3324 4446 ἔκϐασιν,
3356 4383 3471 4437 ἀλλ’
3501 4386 3574 4451 ὡς
3600 4388 3737 4450 Θεὸς

2151 4473 2419 4544 ᾠκονόμει
2458 4473 2520 4524 τὸ
2571 4471 2947 4542 προκείμενον,
2983 4471 3074 4524 ἐπὶ
3105 4473 3254 4544 ῥητῷ
3289 4476 3382 4528 καὶ
3406 4477 3739 4548 ὲγνωσμένῳ

2144 4565 2222 4618 τῶ
2249 4565 2409 4618 τέλει.

470 4665 627 4718 niosa
651 4661 914 4730 suscepit,
943 4669 1002 4713 ut
1029 4675 1153 4714 eum
1183 4661 1276 4730 qui
1311 4659 1505 4715 fraude
1525 4662 1784 4730 perierat.
1812 4670 2076 4724 servaret,
2096 4659 2377 4715 descendit
2401 4661 2452 4713 in
2479 4659 3036 4728 mundum,quoniam
3064 4659 3394 4729 przevidebat
3422 4663 3583 4716 etiam
3617 4664 3737 4732 glo-

471 4756 678 4810 riosum
697 4767 1009 4809 ascensum.
1034 4751 1166 4806 Mori
1191 4768 1250 4806 se
1277 4754 1462 4822 generi
1492 4756 1727 4808 humano
1749 4754 2018 4824 permisit,
2049 4755 2306 4824 quoniam
2329 4753 2788 4808 resurrectionem
2807 4768 3024 4823 quoque
3050 4755 3448 4821 prasentiebat,
3472 4767 3523 4810 et
3547 4759 3735 4813 animo

469 4848 822 4922 praavidebat.
853 4846 970 4901 Non
993 4848 1140 4901 enim
1173 4850 1337 4902 sicuti
1371 4859 1513 4903 unus
1539 4865 1603 4902 ex
1629 4850 1946 4920 vulgaribus
1971 4850 2286 4904 hominibus
2315 4860 2518 4905 temere
2558 4865 2678 4904 sese
2724 4850 2982 4918 periculis
3012 4849 3328 4917 objiciebal,
3356 4852 3733 4908 im-ertitudini

471 4940 640 4995 futuri
670 4947 904 4994 eventus
951 4953 1064 4992 rem
1096 4941 1450 4996 committens
1475 4981 1488 5004 ,
1531 4940 1626 4995 sed
1667 4949 1928 5010 tanquam
1951 4941 2095 4998 Deus
2131 4958 2243 4996 rem
2288 4941 2622 5011 propositam
2649 4949 2800 4994 certo
2825 4941 3209 5008 destinatoque
3233 4941 3336 4995 line
3366 4943 3607 5011 regebat.

543 5031 673 5085 Ha'c
694 5031 863 5101 igitur
887 5039 965 5084 est
995 5031 1106 5084 dies
1130 5069 1144 5092 ,
1176 5049 1337 5101 quam
1373 5033 1497 5101 fecit
1536 5033 1825 5098 Dominus,
1863 5035 2043 5088 exsul--

464 5135 640 5177 tentus
681 5131 731 5176 et
783 5122 1023 5178 lwtemur
1067 5123 1123 5175 in
1162 5125 1279 5188 ea’,
1318 5141 1424 5180 non
1465 5125 1822 5182 ebrietatibus
1861 5133 1914 5180 et
1957 5141 2048 5179 co-

470 5215 934 5274 messationibus,
1001 5230 1108 5269 non
1169 5217 1355 5274 choris
1423 5226 1477 5271 et
1516 5216 2041 5271 debacchationibus

470 5309 716 5372 insanis,
742 5308 836 5363 sed
875 5308 1074 5362 divinis
1113 5324 1176 5362 ac
1210 5309 1319 5364 Deo
1355 5311 1807 5366 convenientibus
1832 5312 2046 5381 cogita-

466 5399 732 5458 tionibus.
775 5399 948 5455 Hodie
973 5402 1288 5457 universum
1323 5402 1512 5459 orbem
1549 5412 1823 5459 terrarum
1857 5404 2044 5460 videre

541 5580 564 5613 ⁹
592 5579 742 5637 Ρετιι.
765 5595 933 5647 cxvii,
960 5580 1050 5635 24.

2228 5035 2389 5099 Αὕτη
2438 5035 2614 5087 τοίνυν
2654 5031 2921 5101 ἠήμέρα,
2955 5031 3035 5099 ἣν
3073 5032 3362 5098 ἐποίησεν
3400 5036 3434 5085 ό
3479 5036 3731 5102 Κύριοςο

2156 5126 2652 5196 ἀγα.ῑ.1ιιισώμεθα
2687 5125 2782 5179 καὶ
2832 5124 3253 5193 εὐφρανθῶμεν
3304 5126 3371 5178 ἐν
3418 5125 3591 5195 αὐτῇ,
3657 5131 3731 5197 μὴ

2157 5218 2349 5289 μέθαις
2380 5220 2472 5271 καὶ
2505 5218 2730 5288 κώμοις,
2769 5216 2842 5288 μὴ
2880 5219 3061 5286 χοροῖς
3086 5219 3178 5269 καὶ
3212 5218 3550 5288 παροινίαις,
3593 5221 3732 5273 ἀλλὰ

2153 5315 2272 5374 ταῖς
2301 5310 2588 5364 θεοειδέσιν
2613 5309 2861 5372 ἐννοίαις.
2899 5309 3144 5381 Σήμερον
3187 5309 3400 5362 ἃπασαν
3433 5310 3530 5380 τὴν
3553 5313 3732 5366 οίκου⁹

2155 5405 2322 5476 μένην
2352 5403 2496 5457 ἔστιν
2529 5402 2654 5457 ἰδεῖν
2681 5402 2756 5466 ὡς
2779 5403 2906 5456 μίαν
2933 5401 3110 5456 οἰκίαν
3143 5403 3222 5466 εἰς
3255 5403 3572 5474 συμφωνίαν
3613 5406 3731 5470 ἐνὸς
