3842 6470
83 510 175 572 657

954 505 1016 558 IN
1053 501 1329 559 CHRISTI
1378 501 2009 560 RiiSUliRECTlONEM
2041 503 2250 560 ORAT.
2285 503 2369 558 Ill.

3202 506 3305 562 65$

84 639 359 704 πράγματος
402 626 764 697 συγχυθεῖσαν
816 624 908 678 τοῦ
959 625 1102 680 κατά
1146 625 1432 695 συνήθειαν
1481 625 1620 695 πρά-

1733 625 1856 679 licet
1881 663 1894 688 ,
1919 624 2248 692 perinde'ac
2268 623 2315 678 si
2359 637 2466 678 una
2498 623 2694 680 domus
2741 631 2922 688 esset,
2946 623 3000 678 in
3032 623 3196 682 unius
3234 632 3311 683 rei

82 742 278 795 γματος,
309 720 834 792 μετασκευασθεῖσαν
865 719 920 772 δὲ
957 720 1036 772 ἑνὶ
1071 719 1375 789 συνθήματι
1421 720 1498 781 είς
1522 718 1619 788 τὴν

83 816 284 885 σπουδὴν
306 817 393 885 τῆς
422 814 605 883 εὐχῆς.
627 814 692 864 Αἱ
719 811 984 884 λεωφόροι
1014 813 1136 875 τοὺς
1175 811 1487 883 ὁδοιπόρους
1519 812 1620 864 οὐκ

80 908 264 977 έχουσι·
310 905 547 959 θάλασσα
604 905 846 975 σήμερον
897 905 1109 957 ναυτῶν
1168 905 1262 957 καὶ
1315 903 1620 973 πλωτήρων

80 999 280 1067 ἔρημος·
309 993 540 1064 γεωργὸς
561 993 658 1064 τὴν
684 993 971 1062 σκαπάνην
994 993 1088 1044 καὶ
1105 991 1166 1043 τὸ
1180 991 1408 1061 ἄροτρον
1435 991 1616 1060 ῥίψας,

77 1093 147 1152 εἰς
171 1089 225 1140 τὺ
248 1085 329 1139 τοῦ
355 1084 701 1156 ἑορτάζοντος
739 1085 923 1153 σχῆμα
954 1081 1393 1135 ἑκαλλωπίσατο’
1435 1081 1491 1132 ai
1523 1098 1621 1132 κα-

80 1184 271 1253 πηλεῖαι
298 1180 387 1250 τῆς
421 1175 692 1248 ἐμπορίας
722 1173 1098 1246 σχολάζουσιν·
1135 1175 1191 1228 αἱ
1224 1173 1476 1243 ὀχλήσεις
1501 1172 1621 1224 ἐλύ-

79 1277 244 1345 θησαν,
274 1274 341 1335 ὡς
363 1269 570 1342 χειμὼν
617 1269 973 1338 ἐπιφανέντος
1015 1267 1206 1336 ἔαρος·
1249 1266 1468 1336 θόρυϐοι
1529 1266 1622 1318 καὶ

76 1362 282 1435 ταραχαὶ
321 1362 409 1414 καὶ⁴
452 1359 610 1424 mm
651 1357 745 1411 τοῦ
783 1358 923 1428 βίου,
953 1360 1016 1428 τῇ
1071 1357 1263 1429 εἰρήνῃ
1295 1357 1389 1426 τῆς
1427 1356 1622 1427 ἑορτῆς

74 1455 411 1524 ὑπεξέστησαν
430 1469 445 1482 ο
474 1454 503 1504 6
542 1452 711 1521 πένης
741 1451 816 1514 ὡς
843 1449 1099 1512 πλούσιος
1131 1449 1566 1513 καλλωπίζεται·
1593 1451 1622 1502 ὁ

74 1546 299 1609 πλούσιος
342 1546 436 1616 τῆς
469 1542 754 1613 συνηθείας
801 1541 1258 1613 περιφανέστερος
1309 1541 1618 1616 δείκνυται·

71 1614 402 1709 ὀπρεσόύτης
430 1636 504 1699 ὼς
547 1635 664 1696 νέος
699 1633 881 1705 τρέχει
915 1634 1052 1704 πρὸς
1075 1633 1174 1705 τὴν
1204 1614 1494 1704 μετόυσίαν
1523 1634 1621 1703 τῆς

70 1730 376 1801 εὐφροσύνης
397 1745 408 1760 ·
437 1728 466 1779 6
496 1725 746 1799 ἀσθενὴς,
778 1727 871 1779 καὶ
909 1727 1008 1796 τὴν
1043 1726 1198 1779 νόσον
1243 1724 1525 1796 βιάζεται·
1562 1728 1624 1779 τὸ

67 1825 257 1877 παιδίον
301 1827 362 1894 τῇ
396 1821 664 1893 ἐξαλλαγῇ
703 1823 802 1891 τῆς
841 1820 1067 1886 ἐσθῆτος
1129 1819 1403 1890 αίσθητως
1435 1821 1624 1892 ἑορτά-

65 1917 169 1981 ζει,
223 1915 400 1986 ἐπειδὴ
450 1913 656 1984 νοητῶς
704 1912 914 1965 οὐδέπω
962 1911 1206 1965 δύναται.
1249 1912 1313 1964 'H
1355 1911 1623 1982 παρθένος

63 2008 440 2080 ὑπεργάννυται
472 2006 569 2077 τὴν
596 2005 795 2076 ψυχὴν,
835 2005 916 2058 ὅτι
943 2004 1043 2074 τῆς
1080 2003 1216 2066 ἰδίας
1243 2004 1456 2068 ἐλπίδος
1485 2004 1625 2075 λαμ-
1660 1999 1698 2054 Β

62 2102 191 2172 πράν
232 2102 322 2154 καὶ
362 2099 502 2152 οὑτω
546 2098 867 2169 τιμωμένην
909 2097 1011 2167 τὴν
1056 2098 1364 2168 ὑπόμνησιν
1399 2097 1618 2167 βλέπει·

60 2195 338 2266 ήέγγαμος
358 2193 467 2268 ’ὅλῳ
498 2191 576 2262 τῷ
601 2191 929 2264 πληρώματι
957 2191 1058 2260 τῆς
1086 2191 1260 2254 οἰκίας
1291 2190 1624 2263 ἑορτάζουσα

58 2290 250 2358 χαίρει·
277 2285 370 2338 νῦν
395 2287 501 2356 γὰρ
528 2285 687 2354 αὐτὴ,
727 2284 818 2337 καὶ
850 2285 878 2337 ό
916 2284 1180 2348 σύνοικος,
1217 2285 1310 2336 καὶ
1336 2286 1383 2337 οί
1414 2285 1621 2351 παῖδες,

57 2381 134 2432 καὶ
161 2379 212 2431 οί
252 2377 484 2437 οἰκέται,
517 2377 610 2429 καὶ
640 2375 842 2438 πάντες
876 2375 1113 2443 ἐφέστιοι
1141 2375 1486 2443 ἀγάλλονται.
1514 2378 1624 2430 Καὶ

53 2474 229 2544 ὥσπερ
275 2471 334 2523 τὸ
380 2469 581 2539 σμῆνος
629 2467 738 2520 τῶν
789 2466 1059 2536 μελισσῶν
1091 2468 1152 2520 τὸ
1185 2468 1304 2520 νέον
1337 2469 1431 2520 καὶ
1475 2469 1626 2540 ἀρτί-

52 2581 218 2625 τοκον,
260 2561 472 2631 πρῶτον
521 2559 621 2628 τῆς
662 2557 1072 2627 καταδύσεωςῆ
1123 2558 1232 2611 τῶν
1278 2559 1626 2613 καλαθίσκων

49 2657 172 2725 πρὸς
205 2655 300 2707 τὸν
323 2653 457 2724 ἀέρα
489 2652 581 2706 καὶ
613 2651 672 2704 τὸ
706 2651 821 2720 φῶς
850 2651 1231 2722 ἐξιπτάμενον,
1266 2653 1466 2722 ἅθρουν
1488 2651 1624 2724 ὁμοῦ

48 2750 128 2801 καὶ
165 2746 508 2816 συνηγμένον
555 2746 634 2798 ἑνὶ
685 2745 863 2816 κλάδῳ
891 2744 1108 2816 δένδρου
1146 2745 1620 2816 προσπλάσσεται·

45 2840 214 2902 οὕτως
261 2839 354 2892 ἐπὶ
409 2837 615 2908 ταύτης
663 2839 763 2908 τῆς
811 2839 1005 2909 ἑορτῆς
1054 2838 1325 2910 ὁλόκληρα
1378 2839 1446 2892 τὰ
1492 2839 1624 2909 γένη

45 2933 173 3002 7:96;
202 2932 302 2995 τὰς
331 2930 513 2993 ἑστίας
551 2930 852 3001 συντρέχει.
892 2931 998 2983 Καὶ
1031 2930 1246 3001 ἀληθῶς
1287 2934 1352 3002 τῇ
1397 2935 1627 3004 μιμήσει

45 3025 174 3092 πρὸς
206 3022 308 3094 τὴν
362 3022 658 3093 μέλλουσαν
686 3023 898 3094 ἡμέραν
935 3025 966 3093 ὴ
1001 3024 1252 3092 παροῦσα
1285 3024 1467 3090 καλῶς
1492 3027 1625 3080 ἀναο

43 3117 283 3186 τέρεται.
333 3115 698 3186 Ἀθροιστικαὶ
765 3115 874 3186 γάρ
922 3115 1222 3186 ἀνθρώπων
1282 3117 1624 3188 ἀμφότεραι,

37 3210 221 3279 ἐκείνη
256 3208 365 3261 τῶν
412 3208 661 3269 καθόλου,
704 3208 842 3278 αὐτη
875 3209 981 3260 τῶν
1031 3209 1123 3261 ἐπὶ
1177 3211 1408 3280 μέρους·
1458 3212 1545 3263 ἵνα
1572 3212 1628 3264 δὲ

37 3301 90 3352 τὸ
117 3299 490 3370 ἀληθέστερον
512 3300 775 3368 εἴπωμεν,
818 3298 942 3350 ὅσον
969 3301 1048 3366 είς
1090 3299 1422 3370 φαιδρότητα
1471 3301 1626 3372 φέρει

35 3397 125 3447 καὶ
153 3393 450 3463 εὐθυμίαν,
482 3391 620 3462 αὐτη
651 3395 748 3462 τῆς
782 3392 1238 3463 προσδοκωμένης
1267 3394 1624 3466 χαριεστέρα,

34 3481 223 3551 ἐπιδὴ
268 3480 392 3532 τότε
447 3480 546 3550 μὲν
585 3481 899 3547 ἐπάναγκες
946 3481 1039 3534 καὶ
1087 3482 1217 3545 τοὺς
1271 3483 1630 3554 ὀδυρομένους

29 3573 285 3645 ὁρᾶσθαι,
335 3566 411 3626 ὧν
457 3575 511 3624 αἱ
561 3573 826 3642 ἁμαρτίαι
859 3573 1372 3628 ἀποκαλύπτονται·
1435 3575 1530 3628 νῦν
1573 3577 1630 3630 δὲ

29 3666 390 3728 ἀνεπίδεκτος
417 3664 523 3719 τῶν
559 3664 898 3734 σκυθρωπῶν
921 3667 1068 3718 ἑστιν
1093 3667 1126 3736 ἡ
1150 3667 1435 3720 εὐπάθεια.
1473 3667 1544 3721 ’Ὃ
1572 3687 1631 3721 τε

27 3762 132 3830 γὰρ
161 3759 384 3822 δίκαιος
420 3758 791 3828 εὐφραίνεται,
817 3758 911 3810 καὶ
941 3757 968 3808 6
1002 3759 1064 3810 τὸ
1088 3758 1326 3822 συνειδὸς
1357 3761 1431 3830 μὴ
1459 3759 1632 3813 καθα-

27 3849 206 3917 ρεύων
233 3848 501 3916 ἀναμένει
529 3848 628 3917 τὴν
671 3851 734 3901 ὲκ
758 3849 856 3916 τῆς
889 3849 1174 3918 μετανοίας
1204 3849 1511 3920 διόρθωσιν,
1541 3852 1634 3904 καὶ

26 3943 177 3993 πΞσα
207 3943 242 4011 ἡ
279 3939 430 4008 λύπη
462 3941 554 3992 ἐπὶ
590 3939 691 4009 τῆς
734 3940 1020 4012 παρούσης
1045 3942 1257 4011 ἡμέρας
1290 3943 1628 4014 κοιμίζεται·

25 4034 204 4096 οὐδεὶς
243 4031 307 4084 δὲ
338 4029 486 4084 οὕτω
517 4030 846 4096 κατώδυνος,
870 4031 944 4096 ὡς
964 4032 1148 4086 ἄνεσιν
1183 4032 1256 4104 μὴ
1287 4035 1543 4105 εὑρέσθαι
1565 4039 1631 4108 τῇ

25 4125 496 4196 μεγαλοπρεπείᾳ
524 4125 621 4194 τῆς
657 4125 850 4196 ἑορτῆς
870 4141 882 4154 °
919 4123 1015 4178 νῦν
1044 4128 1072 4179 ό
1099 4125 1383 4198 δεσμώτης
1409 4127 1630 4182 λύεται·

25 4221 42 4271 5
82 4215 394 4287 χρεώστης
414 4213 663 4284 ἀφίεται·
686 4215 714 4266 6
736 4213 922 4276 δοῦλος
943 4212 1321 4284 ἐλευθεροῦται
1345 4213 1422 4285 τῷ
1445 4215 1634 4286 ἀγαθῷ

26 4310 108 4359 καὶ
136 4304 532 4376 φιλανθρώπῳ
547 4304 646 4375 τῆς
683 4303 1008 4374 Ἐκκλησίας
1029 4305 1366 4377 κηρύγματι,
1394 4308 1452 4360 οὐ
1483 4310 1635 4380 ῥαπι-

25 4403 260 4470 ζόμενος
304 4399 636 4469 ἀσχημόνως
675 4399 816 4452 κατά
864 4402 964 4469 τῆς
1009 4402 1262 4469 παρειᾶς,
1301 4401 1394 4452 καὶ
1451 4402 1631 4472 πληγῇ

25 4497 108 4563 τῆς
167 4494 406 4564 πληγῆς
445 4493 773 4563 ἀφιέμενος,
818 4493 937 4546 οὐδὲ
981 4492 1169 4565 ὥσπερ
1223 4495 1280 4546 ἐν
1326 4498 1516 4566 πομπῇ
1559 4494 1636 4565 τῷ

25 4587 67 4654 δή
81 4605 178 4655 μῳ
223 4583 592 4654 δεικνύμενος
618 4585 702 4652 ἐφ’
732 4583 922 4654 ὑψηλῷ
954 4584 1191 4656 βήματι,
1237 4585 1392 4658 ὓϐριν
1419 4588 1474 4640 δὲ
1498 4585 1635 4658 ἔχων

1722 718 1789 772 de
1824 733 1974 772 more
2017 718 2134 772 ﬁeri
2166 718 2342 772 solitae
2394 732 2724 773 consensum
2778 732 2843 772 ac
2906 718 3066 786 quasi
3104 732 3310 772 conso-

1723 812 1968 866 nantiam
2014 812 2217 866 coiisse
2245 818 2409 880 atque
2473 812 2786 874 coaluisse,
2831 825 3052 880 unoque
3111 810 3308 881 signo,

1722 903 1881 972 quasi
1920 911 2126 956 tessera
2181 913 2404 967 accepta
2461 900 2528 953 ad
2581 900 2824 956 studium
2888 901 3160 954 orationis
3200 907 3312 953 tra-

1723 995 1974 1050 ductum.
2012 992 2125 1047 Via:
2149 993 2381 1062 publica:
2417 993 2724 1046 viatoribus
2764 1001 2988 1053 carent,
3033 1007 3182 1045 mare
3223 991 3312 1044 ltu-

1722 1087 1811 1144 die
1840 1103 1868 1140 a
1908 1087 2094 1141 nautis
2122 1096 2176 1141 et
2206 1086 2520 1141 vectoribus
2557 1084 2831 1140 desertum
2870 1102 2882 1137 :
2918 1084 3158 1153 agricola
3191 1098 3313 1136 ara-

1723 1185 1811 1230 tro
1871 1191 1934 1230 ac
1970 1177 2149 1247 ligone
2191 1177 2434 1246 projecto
2470 1177 2524 1230 in
2584 1176 2830 1230 habitum
2867 1175 3116 1229 feriantis
3161 1190 3314 1228 com-

1723 1271 1938 1340 pOSiiUS
1963 1279 2015 1325 ει
2049 1279 2347 1326 exornatus
2364 1281 2466 1331 (εει,
2496 1285 2761 1339 οειυροιιίε
2783 1286 2811 1322 τι
2834 1277 3045 1337 quaestu
3073 1276 3304 1321 vacant:

1725 1365 1987 1434 strepitus
2018 1375 2279 1435 tanquam
2324 1364 2500 1419 hiems
2537 1374 2826 1435 appetente
2870 1378 2998 1416 vere
3055 1372 3301 1424 cessant,

1723 1457 1992 1511 tumultus
2015 1499 2030 1521 ,
2075 1458 2247 1511 turba:
2269 1501 2282 1518 ,
2317 1457 2438 1510 vitae
2469 1457 2722 1526 procella:
2753 1456 2874 1526 paci
2909 1464 2963 1508 et
2993 1456 3162 1524 quieti
3205 1456 3302 1509 did

1725 1546 1850 1603 festi
1915 1549 2309 1612 decesserunt,
2375 1565 2580 1618 pauper
2633 1557 2690 1602 ut
2749 1548 2902 1604 dives
2967 1556 3268 1601 exornatur

1724 1639 1875 1694 dives
1910 1641 2074 1694 solito
2099 1639 2439 1709 splendidior
2469 1639 2848 1707 conspicitur;
2883 1653 3049 1692 senex
3086 1637 3292 1706 perinds

1726 1748 1789 1786 ac
1819 1733 2042 1800 juvenis
2070 1733 2313 1786 accurrit
2347 1774 2362 1798 ,
2409 1740 2468 1784 ut
2501 1731 2772 1801 particeps
2815 1730 3017 1785 laetitia:
3059 1729 3151 1782 ﬁat
3174 1769 3188 1789 ,
3227 1731 3282 1783 in

1729 1825 1920 1880 (irinus
1963 1841 2184 1894 quoque
2225 1825 2334 1878 vim
2396 1825 2591 1878 morbo
2620 1820 2820 1877 affert:
2862 1823 3078 1892 puellus
3128 1822 3298 1878 infant

1728 1917 2033 1972 mutatione
2057 1917 2228 1971 vestis
2252 1932 2417 1973 sensu
2436 1925 2662 1970 externo
2689 1914 2882 1969 festum
2897 1914 3046 1977 colit,
3072 1913 3313 1984 quando-

1728 2010 1949 2079 quidem
1977 2009 2225 2062 interiori
2249 2007 2413 2061 animi
2443 2023 2613 2061 sensu
2645 2005 2886 2060 nondum
2915 2014 3115 2076 potest.
3143 2005 3312 2076 Virgo

1727 2105 1781 2157 in
1811 2102 1996 2156 animo
2023 2117 2126 2156 suo
2165 2101 2520 2158 vehementer
2559 2100 2774 2154 laetatur
2803 2139 2817 2162 ,
2873 2099 3022 2168 quod
3055 2115 3168 2154 sua:
3196 2102 3311 2170 spei

1726 2195 2166 2250 recordationem
2223 2195 2359 2249 adeo
2415 2194 2700 2266 splendide
2766 2193 3029 2247 honorari
3084 2194 3307 2257 cernit;

1727 2287 2141 2343 materfamilias
2176 2302 2301 2340 cum
2339 2294 2455 2340 toto
2487 2301 2649 2357 grege
2675 2285 2874 2340 domus
2899 2323 2914 2346 .
2963 2288 3180 2340 neruine
3229 2285 3314 2338 fa-

1726 2381 2024 2434 miliarium
2073 2387 2237 2449 atque
2300 2379 2727 2434 domesticorum
2791 2378 3058 2439 absente,
3113 2377 3312 2435 festum

1728 2473 2014 2528 celebrans
2049 2474 2268 2528 laetatur
2305 2485 2332 2526 τ’
2355 2487 2501 2526 nunc
2529 2471 2675 2526 enim
2710 2470 2828 2540 ipsa
2886 2477 3052 2540 atque
3086 2469 3317 2523 maritus

1727 2577 1781 2622 et
1807 2567 1999 2632 liberi,
2052 2575 2106 2620 et
2147 2567 2331 2632 servi,
2357 2581 2661 2631 omnesque
2697 2565 2986 2619 domestici
3036 2565 3315 2618 laetantur.

1729 2656 1806 2714 Ac
1831 2660 1994 2712 veluti
2031 2675 2230 2713 novum
2254 2673 2319 2712 ac
2376 2664 2570 2712 recens
2601 2641 2810 2712 editum
2867 2673 3098 2712 examen
3153 2673 3316 2726 apum

1729 2764 1793 2803 ex
1832 2749 2075 2802 latibulis
2110 2748 2344 2819 primum
2389 2756 2444 2802 et
2506 2746 2820 2802 alvearibus
2855 2746 3018 2800 simul
3065 2755 3318 2799 coactum

1729 2851 1894 2910 atque
1925 2842 2232 2896 confertum
2265 2841 2321 2894 in
2353 2855 2537 2896 aerem
2573 2855 2638 2892 ae
2671 2839 2844 2893 lucem
2900 2839 3125 2893 evolans
3163 2853 3320 2890 ramo

1730 2934 1965 3002 alicujus
2008 2933 2222 2988 arboris
2275 2947 2394 2988 sese
2451 2932 2692 3002 applicat
2727 2938 2782 2985 et
2836 2930 3122 3005 considit:
3175 2929 3320 2982 haud

1731 3025 1888 3079 aliter
1911 3024 1963 3076 in
1999 3023 2104 3078 hoc
2138 3021 2277 3077 festo
2318 3024 2544 3096 integrae
2582 3021 2804 3075 familia:
2845 3019 2912 3073 ad
2965 3021 3122 3076 sedes
3155 3035 3305 3090 qua:-

1731 3129 1840 3183 que
1894 3129 2025 3168 suas
2075 3112 2387 3169 conﬂuunt.
2424 3119 2504 3167 Ac
2566 3112 2811 3183 profecto
2837 3113 2955 3182 ipsa
3010 3113 3320 3167 imitatione

1731 3221 1971 3276 praesens
2001 3206 2118 3260 dies
2142 3206 2206 3259 ad
2239 3204 2484 3259 futurum
2521 3215 2668 3260 recte
2707 3204 2948 3259 refertur
2982 3213 3146 3274 atque
3169 3221 3320 3259 com-

1733 3307 1976 3366 paratur.
2009 3296 2251 3368 Uterque
2279 3298 2425 3351 eniin
2464 3297 2747 3350 hominum
2789 3307 3157 3367 congregatur
3190 3306 3274 3352 est
3303 3315 3316 3349 :

1734 3392 1823 3445 ille
1852 3393 2259 3456 universorum,
2282 3392 2371 3445 hic
2403 3392 2764 3462 Singularium
2801 3410 2813 3444 :
2845 3399 2903 3445 ut
2926 3400 3106 3446 autem
3137 3391 3320 3446 verius

1733 3483 2018 3548 dicamus,
2054 3493 2322 3555 quantum
2355 3484 2423 3539 ad
2488 3484 2732 3540 lmtitiam
2783 3484 3021 3554 pertinet
3043 3492 3097 3538 et
3131 3483 3322 3538 hilari-

1735 3583 1935 3629 tatem:
1981 3575 2096 3629 hazc
2130 3591 2293 3646 quam
2328 3575 2418 3630 illa
2445 3619 2460 3640 ,
2515 3593 2637 3646 qua:
2669 3585 3056 3646 exspectatur,
3114 3576 3324 3646 gratior

1735 3683 1797 3722 ac
1848 3669 2151 3737 jucundior
2203 3678 2318 3734 est,
2375 3669 2578 3740 quippe
2622 3677 2754 3722 tunc
2813 3668 3035 3738 quidem
3092 3683 3323 3723 necesse

1735 3771 1818 3815 est
1846 3763 2006 3814 etiam
2035 3761 2397 3818 lamentantes
2420 3762 2614 3824 videri,
2650 3776 2884 3830 quorum
2917 3761 3169 3814 Videlicet
3198 3776 3322 3830 pec-

1737 3864 1858 3909 cata
1890 3857 2259 3928 detegantur;
2320 3859 2609 3930 praisentis
2667 3873 2800 3912 vero
2861 3857 2967 3912 diei
2998 3856 3322 3925 jucunditas

1736 3946 1919 4003 nullos
1949 3948 2191 4002 admittit
2220 3949 2406 4003 tristes
2435 3957 2490 4002 et
2521 3949 2706 4003 animo
2727 3947 3017 4002 demissos.
3075 3946 3207 4000 Nam
3268 3955 3323 4002 et

1731 4040 1917 4110 justus
1948 4040 2200 4104 laetatur,
2235 4050 2288 4094 et
2327 4041 2374 4095 is
2401 4040 2493 4109 qui
2529 4039 2924 4094 conscientiam
2981 4055 3172 4108 puram
3211 4054 3319 4092 non

1738 4132 1899 4186 habet
1934 4171 1949 4195 ,
1989 4148 2057 4186 ex
2097 4132 2482 4202 resipiscentia
2513 4131 2600 4186 sui
2634 4130 3031 4186 correctionem
3092 4139 3321 4200 sperat,

1738 4233 1901 4292 atque
1944 4223 2124 4279 omnis
2161 4223 2216 4278 in
2242 4223 2495 4292 praesenti
2547 4222 2636 4276 die
2695 4222 2916 4276 tristitia
2968 4223 3146 4291 sopita
3200 4231 3318 4277 est:

1739 4316 1922 4370 nullus
1944 4323 2126 4374 autem
2164 4317 2299 4372 acleo
2332 4315 2661 4384 {egritudine
2705 4330 2927 4383 pressus
2962 4323 3016 4366 et
3042 4315 3319 4372 obnoxius

1738 4415 1852 4468 est,
1918 4406 2051 4474 quin
2119 4422 2212 4476 per
2273 4406 2440 4474 hujus
2497 4404 2622 4461 festi
2675 4405 3133 4475 magniﬁcentiam
3196 4406 3325 4459 mali

1738 4497 1823 4553 Siti
1857 4499 2234 4554 remissionem
2271 4498 2474 4554 sentiat
2507 4479 2670 4569 atque
2721 4497 2966 4552 levamen
3010 4517 3022 4550 :
3089 4497 3192 4550 hoc
3237 4498 3326 4552 die.

1740 4591 1865 4646 nexi
1918 4592 2252 4647 solvuntur:
2292 4589 2511 4648 debitor
2557 4590 2896 4656 dimittitur;
2933 4606 3126 4646 servus
3182 4591 3326 4645 bono

26 4680 102 4730 ιαὶ
163 4676 564 4749 ἐρυθριασμδν
626 4676 722 4747 τὴν
769 4677 946 4749 ἀρχὴν
981 4679 1078 4748 τῆς
1109 4678 1459 4750 ἐλευθερίας·
1521 4679 1618 4733 ἀλλ

1741 4693 1793 4735 et
1835 4667 2074 4740 humano
2116 4681 2398 4752 praeconio
2438 4693 2602 4751 atque
2635 4679 2816 4736 edicto
2848 4679 3104 4736 Ecclesia:
3133 4697 3326 4736 manu-

25 4769 158 4821 εὐτω
207 4769 474 4837 κοσμίως
518 4767 848 4838 ἀφιέμενος,
898 4767 971 4831 ὡς
1010 4767 1367 4836 γινώσκεται.
1417 4770 1637 4842 εὐεργε-

26 4865 188 4914 ἐἴται
236 4862 345 4914 καὶ
387 4863 416 4912 6
442 4859 618 4930 μένων
657 4861 750 4912 ἐπὶ
780 4861 877 4930 τῆς
902 4859 1148 4924 δουλείας
1181 4861 1280 4917 ἔτι.
1314 4863 1375 4916 El
1407 4865 1514 4935 γὰρ
1544 4867 1637 4918 καὶ

25 4957 187 5009 τολλᾶ
228 4956 340 5009 καὶ
389 4955 561 5026 βαρέα
587 4957 653 5008 τι
691 4955 1082 5028 ἁμαρτήματα,
1115 4957 1448 5027 παραίτησιν
1471 4959 1638 5030 ὑπερ-

25 5047 289 5108 ἷαίνοντσ.
320 5048 424 5099 καὶ
463 5044 818 5116 συγγνώμην,
855 5045 1171 5116 αἰδούμενος
1219 5047 1246 5098 ὁ
1275 5048 1552 5120 Δεσπότης
1577 5049 1638 5101 τὸ

26 5142 96 5211 ἧς
135 5141 396 5212 ἡμέρας
438 5139 674 5209 γαληνὸν
709 5139 804 5192 καὶ
849 5137 1252 5210 φιλάνθρωπον,
1301 5140 1515 5212 δέχεται
1545 5142 1637 5195 τὸν

26 5233 486 5304 πεῤῥιμμένον,
539 5233 633 5284 καὶ
678 5233 734 5285 ἑν
763 5233 877 5295 τοῖς
917 5230 1134 5304 ἀτίμοις
1177 5231 1474 5304 ὁρώμενον,
1511 5234 1587 5298 ὡς
1611 5236 1639 5287 ὁ

26 5329 220 5399 apud)
280 5326 390 5379 τὸν
435 5326 674 5395 οἰνοχόον
705 5327 769 5378 ἐκ
804 5323 898 5378 τοῦ
929 5325 1328 5396 δεσμωτηρίου.
1365 5322 1487 5380 Οἷδε
1528 5327 1638 5399 γὰρ

25 5442 64 5485 ις
113 5420 291 5475 κατὰ
322 5419 433 5490 τὴν
482 5417 820 5490 προθεσμίαν
868 5417 970 5488 τῆς
1007 5418 1380 5486 ἀναστάσεως,
1417 5414 1486 5493 ἦς
1517 5420 1639 5476 καθ’

25 5514 329 5583 ποιότητα
356 5510 462 5583 τὴν
503 5509 784 5582 παροῦσαν
815 5509 1084 5582 τιμῶμεν,
1126 5511 1316 5584 χρῄζει
1358 5513 1452 5567 καὶ
1477 5513 1640 5579 αὐτὸς

25 5606 82 5670 ἧς
109 5604 516 5672 ἀνεξικακίας
546 5605 639 5658 καὶ
659 5603 758 5674 τῆς
775 5603 1109 5675 ἀγαθότητος
1124 5605 1216 5658 τοὺ
1233 5608 1298 5658 Δε
1308 5606 1527 5668 σπότου,
1546 5609 1642 5662 καὶ

25 5699 290 5762 ινείζων
326 5695 574 5750 ἐνταῦθα
605 5697 696 5748 τὸν
727 5695 894 5758 ἔλεον,
946 5696 1220 5768 προσδοκᾷ
1257 5696 1355 5768 τὴν
1385 5698 1640 5751 ἀπόδοσιν

25 5813 38 5840 ρ
93 5789 348 5863 καιρῷ.
403 5788 742 5855 Ἠκούσατε,
781 5791 828 5843 οἰ
879 5788 1172 5854 δεσπόται;
1221 5789 1495 5855 Φυλάξατε
1546 5789 1636 5844 τὸν

25 5883 156 5950 εγον
191 5883 295 5946 ὡς
330 5881 571 5950 ἀγαθὸν,
616 5880 692 5951 μὴ
717 5879 1008 5951 διαϐἀλητέ
1031 5897 1096 5950 με
1119 5880 1270 5951 παρά
1293 5882 1405 5944 τοῖς
1431 5879 1638 5944 δούλοις

25 5993 48 6037 ς
76 5974 351 6044 ψευδῶς
410 5973 508 6045 τὴν
553 5974 765 6045 ἡμέραν
795 5971 1234 6045 ἐγκωμιάζοντα·
1279 5971 1503 6044 ἀφέλετε
1540 5973 1636 6043 τὴν

1746 4776 1983 4830 mittitur
2005 4817 2019 4840 ,
2063 4792 2163 4830 nec
2204 4784 2386 4830 tamen
2421 4775 2594 4845 alapis
2631 4773 2772 4830 l‘aade
2807 4789 2870 4830 os
2911 4774 3032 4844 ejus
3062 4773 3328 4834 eteditur,

1745 4870 2013 4940 plagaque
2047 4885 2076 4922 a
2123 4871 2276 4940 plaga
2305 4869 2571 4926 liberatur
2603 4888 2616 4922 :
2655 4883 2790 4931 nec,
2859 4867 3323 4936 quemadmodum

1747 4965 1800 5017 in
1830 4980 2028 5034 pompa
2059 4963 2176 5016 ﬁeri
2208 4963 2382 5029 solet,
2420 4963 2473 5016 in
2526 4961 2675 5016 edito
2711 4969 2875 5031 atque
2926 4959 3149 5015 sublimi
3200 4973 3328 5026 sug-

1744 5063 1898 5126 gesto
1953 5055 2154 5124 populo
2210 5060 2564 5119 ostentatur,
2605 5069 2635 5108 a
2683 5054 2883 5108 rubore
2931 5064 2986 5106 et
3045 5057 3328 5104 contume-

1747 5148 1818 5202 lia
1849 5147 2152 5202 libertatem
2172 5161 2327 5200 suam
2353 5161 2584 5202 exorsus
2615 5165 2626 5200 :
2655 5146 2748 5201 sed
2782 5146 2853 5204 ita
2873 5147 3077 5202 decore
3109 5156 3173 5194 ac
3229 5142 3329 5197 ho-

1749 5246 1898 5292 ueste
1925 5237 2255 5298 dimittitur,
2323 5244 2382 5291 ut
2438 5246 2630 5292 notum
2679 5248 2804 5302 est;
2865 5233 3134 5292 beneﬁcio
3198 5233 3328 5287 item

1747 5327 1980 5386 aﬂicitur
2035 5329 2102 5387 is.
2141 5328 2234 5397 qui
2291 5327 2472 5383 adhuc
2529 5329 2582 5383 in
2640 5327 2904 5382 servitute
2938 5331 3143 5379 manet.
3194 5319 3328 5378 Nam

1747 5421 1964 5476 etiamsi
1993 5421 2164 5476 multa
2198 5435 2262 5474 ac
2288 5421 2473 5491 gravia
2526 5421 2639 5475 sint
2664 5419 2893 5480 delicta,
2931 5431 3052 5484 quae
3113 5414 3332 5469 veniam

1748 5528 1813 5569 ac
1841 5512 2283 5584 deprecationem
2325 5511 2594 5568 excedant
2619 5553 2634 5575 ,
2663 5509 2829 5578 hujus
2856 5507 2963 5562 diei
3013 5506 3332 5560 serenitatis

1747 5613 1800 5660 et
1842 5605 2200 5660 humanitatis
2241 5604 2598 5660 veneratione
2645 5600 2914 5655 Dominus
2956 5599 3152 5669 recipit
3183 5597 3333 5667 ahje-

1745 5707 1922 5762 ctum,
1975 5707 2029 5754 et
2062 5699 2205 5753 inter
2231 5698 2367 5752 viles
2398 5705 2451 5751 et
2500 5695 2900 5768 ignominiosos
2930 5690 3292 5760 conspicuum
3316 5728 3332 5752 ,

1747 5790 2206 5860 quemadmodum
2232 5788 2447 5844 Pharao
2471 5803 2538 5842 ex
2577 5801 2803 5842 carcere
2837 5785 3180 5856 pincernam.
3219 5779 3331 5833 No-

1747 5882 1826 5935 vit
1855 5881 2000 5936 cnim
2032 5883 2147 5952 ipse
2191 5893 2436 5951 tempore
2472 5879 2865 5936 resurrectioni
2909 5876 3224 5940 destinato,
3261 5872 3330 5926 ad

1746 5974 1905 6045 cujus
1928 5975 2340 6030 similitudinem
2368 5981 2687 6042 praesentem
2711 5971 2854 6029 diem
2878 5969 3330 6028 celmnestamus,
