3842 6432
558 423 662 473 ουν

1786 424 1842 477 8.
1884 422 2212 480 GREGORII
2249 424 2291 477 Ν
2300 423 2540 479 YSSENI
3711 421 3790 477 660

559 537 721 589 etiam
769 534 1010 604 seipsum
1068 550 1207 606 opus
1252 537 1455 595 habere
1505 540 1730 596 leuitate
1772 559 1838 599 ae
1890 546 2134 601 bonitate

2245 546 2410 615 λύπην
2448 544 2558 597 τῶν
2603 541 2934 612 θλιϐομένων
2989 538 3197 609 ψυχῶν,
3250 539 3325 603 ὡς
3371 540 3403 591 ὁ
3457 537 3662 608 Κύριος
3707 543 3790 593 τῶν

563 625 815 691 Domini,
852 637 905 680 et
949 629 1106 696 quasi
1139 637 1328 684 mutuo
1370 632 1804 688 misericordiam
1875 638 1960 690 hic
1995 639 2133 694 dans

555 724 840 788 exspectat
874 719 927 771 in
959 729 1202 788 tempore
1235 736 1337 774 suo
1358 724 1676 777 relationem
1716 733 1769 778 et
1800 740 2131 795 compensa—

557 808 781 861 tionem.
840 806 1108 869 Audistis.
1161 809 1363 865 domini
1415 833 1428 867 :
1478 814 1766 869 Custodite
1824 832 2131 871 sermonem

557 915 657 969 pro
688 902 833 955 bono
853 943 880 987 ,ἑ
916 916 987 957 ne
1042 902 1344 958 traducatis
1384 922 1469 960 me
1513 907 1656 977 apud
1695 923 1916 972 servos,
1973 911 2133 979 quasi

561 993 698 1046 falso
757 1008 821 1047 ac
872 984 982 1047 non
1036 996 1251 1050 sincere
1302 997 1556 1053 laudibus
1616 984 1913 1055 celebretur
1956 1002 2132 1065 diem,

557 1082 820 1137 dimittite
864 1084 1243 1153 aegritudinem
1302 1084 1514 1140 atllictis
1546 1094 1601 1141 et
1658 1088 1836 1141 anxiis
1895 1088 2133 1152 animis,

560 1170 1021 1240 quemadmodum
1082 1169 1342 1226 Dominus
1400 1175 1724 1243 corporibus
1756 1176 2135 1231 mortiﬁcatio-

562 1278 683 1315 nem
721 1281 734 1316 :
772 1264 1041 1318 traducite
1070 1262 1302 1317 infames
1335 1265 1401 1318 ad
1451 1265 1822 1331 honestatem;
1865 1268 2136 1322 restituite

561 1354 856 1423 ignominia
890 1366 1103 1410 notatos
1135 1358 1187 1409 in
1231 1354 1387 1409 fanum
1419 1357 1827 1428 integritatem;
1863 1360 2135 1415 traducite

562 1446 628 1499 ad
663 1446 919 1515 gaudium
952 1446 1179 1502 aﬂlictos
1210 1487 1225 1508 ,
1275 1446 1340 1500 ad
1407 1448 1712 1503 libertatem
1767 1453 2037 1505 sermonis
2078 1451 2138 1505 li-

560 1539 723 1594 ducia
776 1555 842 1594 ac
903 1540 1156 1595 libertate
1216 1551 1485 1596 carentes.
1543 1541 1770 1597 Educite
1810 1560 1876 1598 ex
1937 1546 2137 1615 angulo

559 1640 820 1701 tanquam
855 1647 918 1686 ex
943 1632 1211 1701 sepulcris
1238 1632 1536 1702 projectos.
1570 1634 1886 1689 Emorescat
1924 1648 1976 1690 et
2004 1639 2139 1691 emi-

560 1732 686 1780 neat
726 1724 779 1777 in
815 1724 1068 1777 omnibus
1102 1724 1261 1778 sicuti
1297 1722 1396 1778 llus
1420 1766 1435 1789 ,
1479 1725 1647 1779 decor
1686 1726 1792 1779 diei
1828 1725 1967 1780 festi.
2000 1726 2135 1781 Nam

561 1818 605 1872 si
632 1815 827 1870 natalis
866 1814 984 1870 dies
1027 1815 1263 1869 hominis
1291 1817 1435 1885 regis
1467 1831 1740 1871 carcerem
1772 1819 1985 1887 aperit:
2020 1820 2137 1875 dies

2237 637 2506 707 σωμάτων
2534 635 2632 706 τὴν
2672 634 2968 704 νέκρωσιν·
3021 630 3491 702 μεταμορφώσατε
3528 632 3656 694 τοὺς
3699 635 3790 684 ἀτῖ-

2238 745 2371 797 μους
2417 728 2496 789 εἰς
2549 724 2866 795 ἐπιτιμίαν,
2914 723 3040 784 τοὺς
3089 720 3435 791 θλιϐομένους
3474 722 3555 782 εἰς
3609 719 3790 788 χαρὰν,

2233 820 2360 881 τοὺς
2408 818 2923 891 ἀπαρῥησιάστους,
2969 814 3049 876 εἰς
3100 813 3432 883 παρρησίαν.
3489 810 3790 877 Ἐξαγάγετῖ

2233 912 2332 978 τῆς
2362 909 2564 977 γωνίας
2599 909 2725 971 τοὺς
2768 906 3046 977 ριερέντας,
3085 903 3160 965 ὼς
3205 902 3423 970 τάφων·
3456 899 3792 969 ἐπανθησὰτω

2235 1000 2295 1052 τὸ
2323 999 2422 1067 τῆς
2457 998 2649 1068 ἑορτῆς
2690 995 2883 1058 κάλλος
2921 993 2999 1055 ὡς
3036 992 3193 1055 ἄνθος
3239 993 3349 1054 τοῖς
3394 991 3576 1042 πᾶσιν.
3606 990 3667 1041 Ei
3705 991 3791 1059 γὰρ

2238 1086 2499 1157 βασιλέως
2535 1084 2823 1157 ἀνθρώπου
2852 1082 3127 1161 γενέθλιος
3158 1080 3341 1151 ἡμέρα
3368 1078 3573 1146 ἀνοίγει
3602 1078 3793 1147 δεσμω-

2236 1181 2459 1251 τήριον,
2519 1180 2553 1248 ἡ
2605 1176 2872 1239 ὲπινίκιος
2924 1175 3107 1245 ἡμέρα
3148 1171 3381 1243 Χριστὸς
3430 1169 3667 1231 ἀναστάς
3714 1172 3794 1222 οὐκ

2236 1271 2436 1341 ἀφήσει
2460 1271 2585 1333 τοὺς
2614 1267 3043 1340 τεθλιμμένουςς
3078 1267 3143 1318 Ui
3178 1264 3401 1334 πτωχοὶ,
3420 1264 3519 1333 τὴν
3548 1264 3821 1332 ὑμετέραν

2235 1362 2434 1432 τροφὸν
2463 1360 2783 1415 ἀσπάσασθε
2805 1377 2819 1391 ·
2850 1362 2899 1413 οἱ
2924 1357 3310 1430 διερρυηκότες
3331 1356 3426 1408 καὶ
3451 1354 3795 1424 λελωόημένοι

2236 1456 2304 1508 τὰ
2338 1454 2597 1524 σώματα,
2645 1453 2746 1523 τὴν
2778 1453 3014 1522 ἱωμένην
3047 1449 3203 1520 ὑμῶν
3242 1448 3339 1511 τὰς
3378 1447 3683 1517 συμφοράς,
3716 1450 3796 1501 Διὰ

2236 1548 2346 1618 γὰρ
2397 1545 2495 1616 τὴν
2544 1544 2652 1598 ἀπὸ
2698 1544 2800 1614 τῆς
2870 1543 3220 1605 ἀναστάσεως
3273 1540 3461 1595 ἐλπίδα
3513 1543 3608 1593 καὶ
3650 1542 3795 1613 ἀρετὴ

2240 1639 2598 1703 σπουδάζεται
2648 1637 2743 1691 καὶ
2782 1636 2949 1690 κακία
2997 1638 3271 1707 μισεῖται,
3303 1636 3427 1688 ἐπεὶ
3470 1634 3794 1696 manticam;

2239 1731 2623 1804 ἀνῃρημένης,
2685 1724 2767 1792 εἷς
2809 1728 2962 1800 παρά
3010 1729 3143 1781 πᾶσι
3202 1726 3421 1798 κρατῶν
3467 1726 3799 1798 εὑρεθήσεται

2238 1822 2392 1890 λόγος
2411 1839 2425 1852 ·
2454 1822 2739 1892 Φάγωμεν
2767 1820 2866 1875 καὶ
2895 1820 3147 1889 πίωμεν·
3183 1820 3393 1887 αὔριον
3423 1818 3534 1889 γὰρ
3558 1817 3797 1885 «inomni.

558 1905 793 1961 victoria
834 1905 1067 1960 celebris
1115 1912 1169 1959 et
1206 1904 1435 1961 illustris
1464 1944 1480 1969 ,
1536 1906 1792 1961 Christus
1847 1923 2142 1980 resurgens
2174 1910 2214 1965 Β
2246 1928 2498 1982 σκομεν.

558 1998 821 2065 afﬂictos,
888 2013 1188 2068 oppressos
1242 2008 1296 2053 et
1344 2000 1678 2057 constrictos
1735 2018 1842 2057 non
1899 2004 2178 2061 dimittet?
2232 2008 2542 2079 Pauperes,
2593 2006 2984 2078 amplectimini
3036 2014 3275 2061 vestram
3337 2006 3606 2062 nutricem
3665 2006 3797 2075 :qui

560 2091 800 2151 0Nth
833 2090 1061 2153 Viliala.
1121 2101 1379 2160 corrupta
1440 2091 1762 2147 mutilatave
1809 2108 2041 2163 corpora
2095 2098 2338 2165 habetis,
2404 2099 2735 2154 curatricem
2784 2109 3087 2153 vestrarum
3149 2096 3520 2150 calamitatum
3584 2094 3801 2163 (diem)

560 2184 814 2240 salutate.
841 2181 1041 2251 quippe
1085 2190 1309 2252 propter
1332 2198 1486 2253 spem
1516 2184 1942 2239 resurrectionis
1989 2186 2179 2242 virtuti
2211 2191 2500 2252 studetur,
2539 2196 2596 2244 et
2632 2189 2829 2245 vitium
2861 2188 2988 2245 odio
3027 2185 3290 2247 habetur,
3317 2185 3574 2255 quoniam
3608 2184 3802 2238 sublata

558 2276 964 2332 resurrectione
992 2293 1134 2332 unus
1164 2276 1306 2347 apud
1339 2290 1530 2330 omnes
1561 2275 1816 2331 obtinens
1844 2293 2027 2333 sermo
2058 2284 2376 2351 reperietur.
2403 2284 2635 2340 Edamus
2663 2295 2711 2340 et
2742 2284 2980 2338 bibamus
3013 2296 3032 2335 :
3066 2297 3184 2336 cras
3205 2279 3343 2334 enim
3372 2278 3712 2334 moriemur-lt.

628 2366 710 2421 Ad
763 2367 909 2421 hunc
970 2367 1111 2422 diem
1170 2366 1469 2438 respiciens
1506 2367 1801 2436 Apostolus
1862 2379 2134 2441 tempora-

563 2461 700 2513 riam
734 2459 902 2514 vitam
935 2459 1257 2521 contemnit,
1305 2468 1359 2514 et
1408 2457 1647 2513 futuram
1678 2460 1954 2515 desiderat
1978 2473 2032 2517 et
2062 2462 2138 2517 af-

559 2551 744 2613 fectat,
773 2561 1075 2606 extenuans
1130 2559 1309 2605 autem
1367 2566 1454 2615 ea,
1499 2556 1620 2621 quae
1681 2552 1956 2619 videntur,
1992 2553 2052 2608 Si
2082 2556 2137 2609 in

560 2632 682 2706 hoc,
724 2642 920 2711 inquit,
953 2642 1058 2694 vita
1100 2656 1240 2708 spem
1288 2642 1583 2709 posuimus.
1640 2643 1872 2697 maxime
1901 2645 2137 2697 omnium

562 2736 833 2788 hominum
895 2731 1304 2787 miserabiliores
1370 2750 1553 2787 sumus
1580 2735 1622 2787 ⁸.
1692 2728 1923 2804 Propter
2006 2737 2147 2791 hanc

560 2826 704 2879 diem
758 2825 1009 2878 homines
1070 2823 1316 2878 lucrcdcs
1358 2823 1450 2877 Dei
1492 2832 1546 2879 et
1594 2824 1908 2880 cohaeredes
1942 2824 2146 2880 Christi

559 2918 850 2973 exsistunt.
884 2915 1111 2985 Propter
1143 2916 1287 2969 hunc
1321 2915 1463 2970 diem
1519 2931 1646 2984 pars
1678 2919 1949 2986 corporis,
1985 2933 2146 2986 quam

562 3023 690 3065 ante
720 3010 866 3064 mille
897 3025 1072 3062 annos
1107 3009 1411 3061 caruivorte
1442 3023 1571 3062 aves
1603 3009 1962 3076 comederint,
2005 3009 2147 3063 inte-

567 3119 661 3173 gra
687 3103 1011 3173 reperietur,
1060 3111 1114 3154 et
1149 3115 1312 3172 quam
1345 3100 1428 3154 vel
1455 3115 1641 3164 canes,
1691 3100 1773 3153 vel
1808 3108 1925 3154 cete
1983 3107 2142 3154 crete-

2313 2378 2456 2447 Πρὸς
2486 2377 2688 2447 ταύτην
2717 2376 2930 2445 βλέπων
2958 2372 3323 2435 ὁἌπόστολος,
3338 2372 3438 2442 τὴν
3463 2371 3697 2442 ἡμέραν,
3723 2374 3806 2438 τῆς

2243 2467 2386 2539 ζωῆς
2439 2470 2536 2538 τῆς
2589 2469 2875 2539 ἐπικαίρου
2918 2468 3284 2536 καταφρονεῖ·
3337 2464 3596 2533 ἐπιθυμεῖ
3627 2463 3684 2516 δὲ
3724 2464 3805 2532 ti;

2246 2560 2579 2630 μελλούσης,
2625 2558 2975 2627 ἐξευτελίζων
3017 2557 3074 2609 δέ
3113 2556 3183 2610 τὰ
3228 2555 3481 2627 δρώμενά
3529 2572 3714 2625 φησιν·
3752 2559 3808 2607 Ei

2243 2651 2340 2704 ἐπὶ
2379 2650 2451 2720 τῇ
2485 2649 2599 2719 ζ’ωῇ
2628 2651 2814 2717 ταύτῃ
2843 2648 3169 2716 ἠλπικότες
3194 2646 3401 2716 ἐσμὲν,
3439 2645 3806 2712 ἐλεεινότείια

2244 2741 2487 2795 πάντων
2513 2740 2840 2808 ἀνθρώπων
2866 2738 3076 2809 ἐσμέν.
3111 2736 3212 2790 Διά
3253 2736 3456 2807 ταύτην
3483 2734 3580 2805 τὴν
3611 2736 3812 2805 ἡμέραν

2245 2833 2570 2905 κληρονόμοι
2604 2830 2739 2886 Θεοῦ
2770 2831 3069 2903 ἄνθρωποι,
3107 2830 3200 2883 καί
3236 2827 3669 2898 συγκληρονὸμοι
3692 2828 3810 2896 Χρι-

2249 2925 2396 2981 στοῦ.
2450 2925 2550 2979 Διά
2593 2924 2798 2995 ταύτην
2834 2923 2933 2995 τὴν
2968 2923 3184 2993 ἡμέραν
3231 2922 3369 2990 ὅπερ
3414 2921 3464 2972 οἱ
3501 2919 3812 2990 σαρκοϐόρα

2247 3016 2459 3089 ὄρνιθες
2511 3016 2714 3085 ἔφαγον
2772 3016 2877 3086 πρὸ
2936 3013 3120 3084 χιλίων
3189 3011 3449 3065 ἐνιαυτῶν
3496 3012 3669 3081 μέρος
3732 3009 3813 3062 τοῦ

2253 3108 2524 3180 σώματος,
2573 3107 2929 3179 εὑρεθήσεται
2974 3105 3049 3175 μὴ
3097 3104 3315 3158 λεῖπον·
3359 3104 3452 3156 καὶ
3492 3104 3634 3174 ὅπερ
3667 3108 3813 3172 κήτη,

561 3210 735 3266 raque
767 3192 1021 3246 animalia
1074 3191 1283 3244 marina
1313 3189 1716 3255 devoraverint,
1753 3206 1857 3243 una
1883 3207 2003 3244 cum
2038 3192 2135 3245 ho-

2245 3202 2334 3256 καὶ
2360 3201 2541 3266 κύνες,
2574 3200 2666 3254 καὶ
2694 3197 2762 3251 τὰ
2790 3196 2977 3251 ἐνάλια
3006 3196 3119 3262 ζῶα
3137 3194 3650 3265 κατεϐοσκήθησαν,
3688 3198 3811 3263 ἐγειο

566 3286 715 3338 tuine
777 3285 1049 3338 suscitato
1087 3289 1337 3350 resurget
1394 3299 1407 3334 τ
1460 3281 1759 3349 quinetiam
1807 3280 1950 3348 quod
2000 3282 2143 3351 ignis

565 3374 1025 3434 concremaverit,
1090 3373 1233 3441 quod
1297 3372 1497 3427 vermis
1529 3372 1581 3425 iu
1624 3372 1886 3441 sepulcris
1925 3388 2140 3427 assum-

570 3464 773 3534 pserit;
802 3472 857 3518 et
885 3471 945 3516 ut
976 3479 1087 3519 rem
1112 3463 1166 3517 in
1195 3477 1464 3517 summam
1500 3462 1800 3525 conferam,
1834 3463 2019 3517 omnia
2050 3463 2141 3517 de-

568 3557 734 3625 nique
768 3570 1022 3625 corpora.
1058 3563 1329 3624 quotquot
1360 3562 1483 3624 post
1509 3556 1919 3625 generationem
1947 3570 2141 3610 corru-

569 3647 685 3716 ptio
714 3647 1011 3701 aboleverit
1043 3654 1097 3699 et
1127 3661 1157 3700 e
1191 3645 1368 3699 medio
1392 3645 1697 3707 sustulerit,
1731 3646 1938 3715 integra
1970 3645 2145 3698 nulla-

569 3754 678 3807 que
732 3739 815 3793 sui
876 3746 1032 3807 parte
1088 3736 1333 3790 carentia
1370 3735 1670 3791 reddentur
1717 3722 1952 3798 eterra,
2000 3747 2053 3790 et
2087 3744 2146 3788 ut

570 3830 771 3887 Paulus
805 3830 1020 3889 docet“,
1057 3829 1113 3882 in
1147 3836 1421 3883 momento
1444 3828 1588 3882 oculi
1621 3828 1932 3898 perﬁcietur
1961 3843 2144 3882 resur-

571 3923 759 3977 rectio.
797 3922 943 3977 lctus
974 3930 1154 3975 autem
1210 3936 1306 3976 seu
1360 3928 1693 3975 momentum
1735 3920 1881 3974 oculi
1938 3919 2146 3973 clausio

569 4015 952 4085 palpebrarum
988 4022 1093 4067 est.
1145 4013 1322 4081 Atque
1375 4012 1478 4066 hac
1542 4012 1832 4066 velocitate
1869 4012 2015 4065 nulla
2057 4027 2145 4066 res

567 4107 672 4160 alia
706 4106 939 4161 celerior
970 4121 1094 4158 esse
1134 4105 1328 4174 possit.
1363 4102 1548 4172 Neque
1594 4104 1837 4158 humano
1868 4119 2020 4159 more
2046 4120 2146 4175 pro

567 4205 729 4267 captu
763 4204 859 4249 tuo
886 4204 1149 4267 reputans
1182 4195 1546 4265 descripseris
1575 4194 1629 4248 in
1674 4195 1856 4249 animo
1883 4203 1977 4250 tuo
2012 4203 2146 4266 quot

569 4289 680 4343 siut
710 4295 1018 4357 temporum
1052 4286 1365 4348 intervalla,
1397 4286 1634 4356 primum
1671 4294 1729 4340 ut
1778 4301 1905 4341 ossa
1955 4296 2145 4356 putre-

567 4380 712 4434 facta
735 4389 789 4435 et
819 4380 873 4433 in
904 4388 1106 4434 terram
1135 4378 1358 4433 redacta
1392 4379 1445 4433 iu
1480 4378 1767 4447 pristinam
1800 4380 2054 4433 duritiem
2093 4391 2146 4435 et

569 4472 841 4526 levitatem
880 4470 1306 4539 compingantur
1356 4487 1368 4524 :
1418 4471 1571 4524 unita
1605 4485 1737 4524 vero
1767 4486 1831 4524 ex
1876 4471 1993 4540 ipsa
2037 4471 2144 4525 fra-

567 4561 749 4616 ctione
772 4576 968 4617 rursus
987 4561 1043 4615 in
1073 4569 1252 4631 aptam
1297 4570 1352 4616 et
1378 4563 1791 4618 convenientem
1822 4578 2139 4633 compagem

568 4661 625 4707 et
657 4652 962 4708 naturalem
992 4661 1187 4708 coeant
1220 4653 1535 4722 juncturam
1581 4660 1636 4709 et
1680 4655 2139 4721 commissuram;

572 4760 750 4814 neque
775 4760 907 4800 vero
934 4744 1132 4800 deinde
1158 4746 1627 4801 animadverteres
1679 4747 1930 4799 carnium
1967 4747 2142 4801 obdu-

568 4835 830 4897 ctionem,
854 4842 909 4890 et
936 4849 1228 4890 nervorum
1260 4834 1555 4905 productas
1579 4836 2016 4903 coniunctiones,
2049 4854 2142 4914 ve-

570 4944 765 4983 narum
805 4928 1243 4997 arteriarumque
1294 4936 1488 4982 tenues
1538 4935 1593 4982 et
1639 4929 1811 4984 exiles
1842 4929 2062 4993 ductus,
2091 4940 2146 4985 et

569 5022 725 5089 quasi
761 5020 948 5075 alveos
976 5021 1078 5075 sub
1132 5031 1257 5074 cute
1292 5019 1627 5089 explicatos;
1687 5020 1993 5073 animarum
2028 5022 2145 5075 ine-

567 5104 930 5165 narrabilium
982 5118 1038 5164 et
1089 5109 1572 5165 innumerabilium
1625 5110 2028 5165 multitudinem
2079 5129 2147 5167 ex

569 5202 790 5257 arcanis
844 5200 1171 5270 quibusdam
1208 5200 1643 5256 habitationibus
1673 5201 2024 5271 (evolantem)
2056 5219 2147 5277 ea-

568 5308 802 5362 rumque
828 5306 1272 5362 unamquamque
1312 5308 1472 5347 suum
1529 5307 1728 5362 corpus
1762 5300 2020 5362 tanquam
2059 5310 2147 5348 VB-

569 5394 706 5438 stem
737 5384 1065 5453 peculiarem
1131 5393 1539 5453 agnoscentem,
1599 5392 1654 5439 et
1707 5385 1764 5440 in
1800 5385 1903 5440 hoc
1950 5401 2144 5442 rursus

569 5475 826 5529 celeriter
867 5476 1283 5540 inhabitantem,
1346 5486 1603 5545 certoque
1630 5476 1950 5534 discrimine
1983 5488 2141 5533 uten-

570 5574 681 5622 tem
738 5569 792 5619 in
841 5574 991 5620 tanta
1026 5568 1371 5623 multitudine
1395 5569 1683 5637 spirituum
1732 5571 1946 5640 generis
1988 5569 2140 5639 ejus-

573 5656 716 5710 dem.
769 5656 955 5728 Cogita
994 5660 1137 5713 enim
1193 5661 1262 5715 ab
1309 5660 1480 5715 Adam
1532 5662 1764 5724 animas,
1821 5669 1873 5715 et
1918 5663 1986 5717 ab
2049 5664 2140 5720 illo

652 5833 714 5890 |‘l
740 5839 866 5893 Cor.
900 5855 988 5898 xv.
1015 5841 1102 5896 ω.
1182 5844 1202 5874 ⁸
1228 5841 1338 5897 ibid
1373 5887 1386 5899 .
1416 5841 1502 5897 io.
1581 5843 1600 5875 ‘
1628 5840 1761 5899 ibid.
1798 5839 1887 5897 52.

2247 3291 2463 3363 ρομένῳ
2521 3289 2597 3360 τῷ
2647 3286 2920 3358 ἀνθρώπῳ
2981 3285 3476 3355 συναναστήσεται·
3536 3283 3638 3337 καὶ
3697 3284 3816 3353 ὅπερ

2245 3380 2488 3449 διὲφλεξε
2525 3380 2656 3450 πῦρ,
2696 3377 2789 3430 καὶ
2842 3373 3060 3445 σκώληξ
3086 3376 3143 3428 ἐν
3169 3373 3360 3443 τάφοις
3392 3374 3814 3442 κατεδαπάνησε,

2248 3475 2341 3526 καὶ
2368 3472 2556 3534 ἀπλῶς
2586 3470 2763 3524 πάντα
2788 3469 2857 3522 τά
2889 3468 3115 3539 σώματα
3134 3507 3150 3531 ,
3178 3468 3279 3521 ὅσα
3314 3465 3453 3535 μετά
3483 3466 3581 3537 τὴν
3616 3467 3816 3535 γένετιν

2246 3565 2507 3633 ἠφάνισεν
2534 3564 2567 3635 ἡ
2590 3561 2785 3633 φθορὰ,
2800 3561 3060 3630 ἀνελλιπῆ
3078 3560 3173 3613 καὶ
3193 3558 3426 3629 ἀκέραια
3455 3558 3742 3628 δοθήσεται
3764 3560 3817 3609 ἐγ

2246 3655 2345 3723 τῆς
2375 3655 2609 3724 γῆς,’καὶ
2640 3654 2717 3718 ὡς
2751 3652 2963 3716 Παῦλος
2990 3651 3251 3713 διδάσκει,
3282 3650 3339 3701 ἐν
3370 3650 3509 3718 ῥοπῇ
3542 3647 3820 3717 ὀφθαλμοῦ

2245 3745 2631 3813 τελεσθήσεται
2656 3746 2688 3815 ἡ
2722 3744 3035 3806 ἀνάστασις.
3080 3740 3250 3811 Ῥοπὴ
3290 3739 3347 3792 δέ
3374 3738 3686 3809 ὀφθαλμοῦ,
3710 3740 3820 3789 ἐπί-

2250 3856 2411 3908 μυσις
2461 3836 2746 3908 βλεφάρων
2798 3836 2933 3891 ἐστί.
2984 3836 3092 3890 Καὶ
3140 3832 3327 3886 τούτου
3362 3830 3455 3884 τοῦ
3491 3831 3699 3901 τάχους
3734 3831 3820 3883 οὐκ

2248 3926 2314 3981 ἂν
2348 3928 2533 3999 ἕτερον
2576 3928 2829 3998 ὀξύτερον
2860 3926 3068 3995 γένοιτο
3089 3939 3102 3952 ·
3143 3923 3263 3976 οὐδὲ
3294 3921 3663 3992 ἀνθρωπικῶς
3693 3919 3820 3973 κατὰ

2246 4020 2343 4090 τὴν
2380 4019 2609 4083 δύναμιν
2646 4018 2745 4089 τὴν
2790 4015 2989 4071 σαυτοῦ
3023 4012 3389 4084 λογιζόμενος,
3423 4012 3563 4065 πόσα
3603 4012 3820 4081 διαστή-

2251 4128 2397 4183 ματα
2438 4111 2645 4183 χρόνων
2674 4110 2993 4182 διαγράφεις
3028 4108 3087 4160 ἐν
3126 4109 3192 4177 τῇ
3236 4105 3379 4176 ψυχῇ
3415 4121 3540 4157 σου·
3583 4103 3820 4174 πρῶτον,

2247 4204 2332 4256 ἵνα
2361 4202 2429 4255 τά
2463 4200 2799 4254 διασαπέντα
2826 4199 2933 4253 τῶν
2958 4196 3160 4250 ὀστέων
3199 4197 3291 4249 καὶ
3323 4193 3599 4263 γεωθέντα
3630 4195 3714 4257 εἰς
3739 4192 3820 4262 τὴν

2250 4294 2590 4365 σκληρότητα
2610 4293 2703 4345 καὶ
2719 4291 2968 4361 λειότητα
2981 4290 3264 4360 συμπαγῇ,
3288 4286 3556 4340 ἐνωθέντα
3572 4286 3635 4339 δὲ
3652 4289 3722 4340 ἐκ
3740 4288 3818 4353 ei;

2248 4386 2495 4458 θρύψεως
2521 4384 2683 4438 πάλιν
2710 4386 2788 4446 εἰς
2805 4380 3011 4455 ῥυθμὸν
3040 4379 3330 4451 ἁρμονίας,
3354 4379 3442 4431 καὶ
3465 4377 3561 4447 τὴν
3591 4378 3818 4447 φυσικὴν

2250 4478 2480 4550 συνέλθῃ
2524 4476 2835 4544 συνάφειαι).
2884 4469 3017 4526 Εἶτα
3067 4473 3300 4534 ἐπινοεῖς
3327 4470 3423 4540 τὴν
3456 4470 3566 4523 τῶν
3610 4470 3818 4541 σαρκῶτ

2249 4565 2596 4637 περίπλασιν,
2658 4565 2749 4617 καὶ
2797 4562 3005 4633 νεύρων
3059 4560 3469 4630 ἀποτεταμένας
3516 4561 3817 4621 συνδέσεις

2249 4655 2345 4709 καὶ
2406 4653 2617 4724 φλεϐῶν
2670 4655 2764 4706 καὶ
2827 4652 3103 4724 ἀρτηριῶν
3166 4651 3394 4715 λεπτοὺς
3444 4650 3675 4721 ὀχετοὺς
3736 4652 3818 4718 ὑφ

2249 4748 2604 4818 ηπλωμένους
2644 4747 2723 4818 τῷ
2774 4746 3030 4817 δέρματι·
3077 4743 3265 4814 ψυχῶν
3308 4743 3364 4795 δὲ
3416 4742 3710 4813 ἀμύθητον
3744 4741 3818 4796 καὶ

2249 4840 2619 4912 ἀναρίθμητον
2648 4838 2849 4910 πλῆθος
2880 4837 2943 4890 ἐκ
2974 4853 3134 4889 τινων
3167 4836 3490 4906 ἀπορρήτων
3515 4835 3803 4905 οἰκήσεων

2243 4928 2614 5000 γνωρίζουσαν
2653 4927 2711 4981 δὲ
2764 4928 3001 4998 ἑκάστην
3039 4926 3114 4989 ὡς
3166 4925 3378 4994 ἱμάτιον
3428 4922 3722 4993 ἐξαίρετον
3777 4921 3818 4976 τὲ

2244 5024 2371 5077 ἴδιον
2425 5022 2623 5093 σῶμα,
2675 5021 2770 5074 καὶ
2827 5019 3002 5089 τούτῳ
3062 5017 3221 5072 πάλιν
3266 5016 3577 5070 ἐνοικοῦσαν
3634 5017 3818 5083 ὀξέως

2244 5116 2458 5187 ἁπλανῆ
2495 5116 2552 5169 δὲ
2577 5115 2804 5185 ἔχουσαν
2850 5112 2949 5185 τὴν
2997 5111 3265 5182 διάκρισιν
3292 5109 3431 5163 κατά
3465 5107 3723 5179 πλήθους
3757 5128 3817 5161 το

2247 5209 2435 5262 σούτου
2482 5206 2767 5281 ὁμοφύλων
2823 5204 3170 5272 πνευμάτων.
3233 5201 3511 5272 Ἐννόησον
3561 5200 3689 5273 γὰρ
3747 5204 3818 5255 τα

2252 5300 2359 5354 ἀπὸ
2399 5299 2567 5371 Ἀδάμ
2588 5298 2785 5369 ψυχὰς,
2813 5299 2904 5352 καὶ
2925 5297 2994 5351 τά
3015 5297 3107 5349 ἀπ’
3129 5295 3332 5348 ἐκείνου
3364 5293 3588 5363 σώματα
3616 5293 3815 5362 πλῆθο

2248 5393 2515 5445 τοσούτων
2543 5392 2727 5445 οἰκιῶν
2749 5391 3031 5455 λυθεισῶν,
3078 5388 3169 5442 καὶ
3200 5383 3588 5440 οἰκοδεσποτῶν
3624 5385 3704 5437 ἐκ
3743 5402 3816 5455 μα

2249 5485 2385 5552 κρᾶς
2411 5485 2509 5553 τῆς
2530 5483 2837 5554 ἀποδημίας
2858 5477 3327 5552 ύποστρεφόντων,
3353 5476 3525 5530 πάντα
3553 5474 3609 5527 δέ
3650 5494 3816 5546 παρα

2245 5574 2411 5639 δόξως
2465 5574 2794 5644 τελούμενα·
2857 5572 2979 5625 οὔτε
3039 5571 3146 5643 γάρ
3223 5569 3366 5623 οἰκία
3418 5564 3816 5635 ἀνακτιζομέν

2253 5665 2519 5737 βραδύνει,
2550 5664 2672 5719 οὕτε
2704 5667 2732 5719 ὁ
2761 5663 2964 5727 ἕνοικος
2997 5662 3263 5717 πλανᾶται
3290 5658 3382 5712 καὶ
3417 5654 3712 5727 θυραυλεῇ
3748 5656 3816 5726 ζη
