3842 6412
1263 257 1282 282 κ

109 331 211 384 661

1028 327 1091 381 IN
1121 329 1392 386 CHRISTI
1437 332 2068 390 RESURRECTIONEM
2101 337 2308 395 ORAT.
2350 338 2436 394 Ill.

3267 339 3381 394 662‘

109 445 223 494 τῶν
274 441 376 494 ποῦ
406 441 476 493 τά
525 442 631 494 ίδια
675 442 768 493 καὶ
814 442 1095 512 ἐξαίρετα⁹
1133 445 1292 507 εὐθὺς
1325 447 1381 498 δὲ
1413 447 1498 498 ἐπ’
1531 447 1699 516 αὐτὴν

1810 463 1974 516 usque
2016 466 2245 521 corpora
2298 460 2371 507 tot
2406 467 2633 506 numero
2663 452 2914 505 domibus
2953 450 3146 505 solutis
3174 466 3236 504 ac
3275 453 3372 505 de-

111 533 310 602 χωρεῖ,
331 533 463 584 ὡσεὶ
484 533 780 603 περιστερά
795 535 931 605 πρὸς
953 536 1042 588 τὸν
1061 537 1191 590 ἴδιον
1206 537 1432 606 πύργον,
1455 539 1559 590 κΞιν
1583 538 1700 589 πολε

113 626 199 676 λοι
225 625 324 676 καὶ
352 626 594 693 συνεχεῖς
623 626 748 696 περὶ
767 626 858 679 τὸν
888 628 1049 680 αὑτὸν
1069 629 1234 681 τόπον
1253 623 1387 682 ὦσιν
1420 629 1487 682 δι’
1502 631 1701 698 ὁμοίων

118 716 423 785 σχημάτων
466 716 857 785 ἐκλάμποντες.
905 719 1074 772 Πόθεν
1123 720 1346 790 πάλινή
1399 719 1702 790 ἀνάμνησις

117 807 215 856 καὶ
244 809 275 858 ὁ
307 807 670 876 ἀναλογισμὺς
700 807 793 860 τοῦ
825 809 1089 880 προτέρου
1138 811 1273 880 βίου,
1323 812 1417 864 καὶ
1469 811 1704 879 ἑκάστης

118 897 378 965 πράξεως
408 897 604 959 ἔννοια,
653 897 825 961 οὕτως
869 900 1034 966 ὀξέως
1085 901 1592 974 συναπαρτιζομένη
1626 901 1704 971 τῷ

122 987 251 1058 Cibo)
300 989 406 1059 πρὸ
449 989 718 1043 τοσούτων
772 990 982 1045 αίῶνων
1031 992 1364 1060 διαλυθέντι;
1400 994 1594 1048 Καίτοι
1639 1011 1702 1061 γε

121 1083 218 1134 καὶ
265 1083 325 1146 ἐξ
366 1082 533 1134 ὕπνου
579 1082 860 1154 ἄνθρωπος
907 1085 1219 1156 ἀνεγερθεὶς
1266 1086 1584 1160 βαθυτέρου,
1618 1089 1702 1140 ἐπ’

121 1172 304 1240 ὀλίγον
340 1173 528 1240 ἀγνοεῖ
572 1175 718 1237 ὅστις
765 1176 882 1227 ἐστὶ
929 1177 1023 1228 καὶ
1049 1179 1171 1230 ὅποι
1222 1177 1427 1246 διάγει,
1479 1178 1574 1230 καὶ
1598 1179 1704 1230 τῶν

124 1263 376 1332 συνήθων
417 1266 847 1330 ἐπιλανθάνεται,
883 1268 1074 1339 μέχρις
1103 1270 1169 1321 ἂν
1193 1271 1226 1339 ἡ
1253 1271 1579 1341 ἐγρήγορσις
1606 1272 1704 1341 τὴν

125 1356 334 1424 νάρκην
388 1357 839 1421 ἀποσκεδάσασα,
895 1361 1056 1414 πάλιν
1104 1363 1164 1415 τὸ
1223 1367 1555 1435 μνημονικὸν
1612 1368 1705 1418 καὶ

126 1447 350 1514 ἐυεργὲς
385 1447 811 1520 ἀναζωπυρήσῃ.
865 1451 1049 1504 Ταῦτα
1098 1455 1192 1507 καὶ
1230 1454 1300 1508 τὰ
1327 1456 1548 1509 τοιαῦτα
1580 1459 1706 1519 τοὺς

125 1535 421 1605 λογισμοὺς
458 1539 564 1590 τῶν
595 1540 802 1593 πολλῶν
833 1543 1198 1611 ὑποτρέχοντα
1228 1544 1502 1614 θαύματος
1535 1547 1703 1616 ὑπερ-

125 1620 417 1692 ϐάλλοντος
460 1630 659 1701 πληροῖ
701 1633 800 1701 τὴν
843 1634 1102 1700 διάνοιαν,
1149 1637 1457 1705 συνεισάγει
1507 1638 1564 1690 δὲ
1605 1638 1705 1708 τὴν

128 1717 389 1770 ἀπιστίαν
421 1719 499 1786 τῷ
527 1720 783 1790 θαύματι.
828 1723 1043 1794 Ἐπειδὴ
1078 1724 1185 1794 γάρ
1217 1727 1244 1778 ὁ
1272 1726 1395 1789 νοῦς
1434 1729 1530 1798 οὐχ
1559 1729 1707 1799 εὑρί-

1803 543 1988 603 sertis,
2020 544 2375 614 patribusque
2403 544 2635 597 familias
2670 559 2732 596 ex
2768 545 2926 612 longa
2947 543 3103 611 quasi
3138 543 3378 611 peregri-

1804 633 2026 686 natione
2073 635 2494 698 revertentibus,
2529 651 2700 702 eaque
2761 635 2942 688 omnia
2974 633 3157 701 perfici
3205 633 3376 686 admi-

1805 722 2043 777 rabiliter
2073 732 2126 778 et
2163 733 2316 778 extra
2347 742 2687 780 communem
2737 735 2952 793 captum
2989 742 3002 776 :
3034 739 3209 792 neque
3232 723 3374 775 enim

1804 813 1887 865 vel
1915 813 2112 868 domus
2143 814 2296 868 tarde
2323 828 2614 868 renovatur
2647 824 2700 866 et
2750 815 3115 874 instauratur,
3175 813 3256 865 vel
3293 811 3377 863 in-

1805 904 1925 955 cola
1955 903 2193 968 oberrat,
2225 920 2288 958 ac
2319 905 2473 974 quasi
2499 908 2600 958 sub
2639 904 2730 956 dio
2761 912 2961 964 manet,
2994 905 3119 956 dum
3156 901 3374 972 propria

1807 1010 1869 1048 ac
1899 995 2192 1065 peculiaria
2228 998 2442 1066 quaerit,
2483 997 2575 1049 sed
2614 996 2861 1066 protinus
2912 995 2976 1047 ad
3035 1009 3152 1047 eam
3182 993 3374 1050 tendit,

1807 1099 2063 1157 tanquam
2089 1090 2342 1142 columba
2392 1089 2458 1142 ad
2515 1104 2668 1142 suam
2700 1088 2914 1148 turrim,
2951 1087 3162 1140 etiamsi
3199 1085 3377 1136 multa:

1807 1187 1969 1248 atque
1999 1180 2310 1249 frequentes
2333 1181 2477 1235 circa
2523 1180 2768 1234 eumdem
2819 1180 2994 1232 locum
3047 1178 3245 1231 fuerint
3278 1177 3373 1228 iis-

1807 1269 1928 1321 dem
1989 1271 2133 1324 notis
2179 1270 2440 1339 insignes.
2504 1267 2660 1324 Unde
2717 1283 2911 1322 rursus
2969 1265 3274 1320 recordatio
3323 1274 3376 1316 et

1807 1359 2011 1428 prioris
2043 1361 2168 1413 vita:
2201 1360 2465 1430 expensio
2521 1361 2962 1430 retractatioque,
2995 1366 3155 1426 atque
3193 1357 3378 1424 cujus-

1809 1467 1913 1521 que
1944 1453 2174 1506 actionis
2196 1453 2479 1522 cogitatio,
2507 1468 2628 1522 quae
2662 1453 2796 1506 adeo
2830 1450 3077 1504 celeriter
3117 1463 3222 1501 una
3253 1464 3375 1501 ctnn

1808 1543 2029 1598 animali
2063 1551 2188 1597 ante
2230 1551 2308 1597 tot
2349 1543 2545 1598 szeeula
2585 1543 2853 1596 dissoluto
2887 1540 3187 1594 absolvitur
3218 1550 3378 1606 atque

1809 1635 2128 1704 perficitur?
2151 1635 2313 1702 Atqui
2349 1634 2432 1689 vel
2461 1650 2523 1687 ex
2569 1649 2761 1686 somno
2807 1631 3145 1702 profundiori
3170 1629 3376 1683 excita-

1810 1735 1899 1781 tus
1930 1727 2092 1779 homo
2137 1724 2412 1793 paulisper
2462 1724 2674 1792 ignorat
2705 1719 2796 1788 qui
2847 1719 2936 1780 sit,
2972 1725 3024 1770 et
3057 1716 3148 1770 tibi
3183 1715 3375 1782 degat;

132 1821 249 1858 σκει
296 1810 408 1862 τῶν
447 1812 833 1880 ἀπορουμένων
881 1816 972 1866 καὶ
1007 1815 1349 1886 ζητουμένων
1391 1818 1490 1890 τὴν
1529 1819 1700 1883 λύσιν,

1813 1818 2252 1884 familiarumque
2286 1823 2340 1868 et
2377 1821 2766 1867 consuetarum
2804 1825 2984 1863 rerum
3008 1807 3375 1868 obliviscitur,

127 1896 246 1950 οὐδὲ
269 1897 497 1951 δύναται
537 1899 633 1969 τὴν
676 1901 865 1954 ἑαυτοῦ
915 1903 1446 1976 πολυπραγμοσύνην
1481 1910 1703 1979 εὑρήσει

126 1988 216 2039 καὶ
246 1989 543 2041 καταλύσει
573 1993 1046 2061 προσαναπαῦσαι,
1079 1998 1246 2066 χωρεῖ
1288 1997 1423 2068 πρὸς
1447 1999 1704 2054 ἀπιστίαν

125 2082 314 2134 λοιπὸν
359 2084 417 2134 ἐν
440 2085 504 2152 τῇ
529 2083 780 2156 ἀσθενείᾳ.
808 2085 915 2138 τῶν
941 2087 1084 2139 ἰδίων
1106 2088 1402 2160 λογισμῶν,
1429 2091 1704 2146 ἐκϐάλλων

128 2174 220 2224 καὶ
253 2174 466 2227 ἀθετῶν
496 2175 593 2246 τὴν
640 2176 748 2230 τῶν
786 2178 1125 2247 πραγμάτων
1167 2180 1445 2250 ἀλήθειαν.
1489 2183 1704 2237 Μᾶλλον

126 2263 180 2315 δέ
207 2265 402 2336 ἐπειδὴ
431 2266 534 2336 ὁδῷ
583 2268 890 2338 προϐαίνων
939 2273 967 2322 ὁ
1001 2270 1155 2339 λόγος
1183 2274 1318 2343 πρὸς
1361 2276 1420 2326 τὸ
1466 2276 1704 2345 συνεχῶς

127 2357 460 2429 λαλούμενον
485 2361 708 2429 ἀφίκετο
733 2361 951 2432 ζήτημα
968 2403 982 2426 ,
1025 2366 1120 2416 καὶ
1139 2366 1236 2435 τῆς
1272 2367 1552 2436 παρούσης
1583 2371 1705 2438 ἐορ-

125 2449 228 2518 τῆς
268 2451 528 2514 ὑπόθεσις
564 2453 739 2506 οἰκεία
778 2454 871 2506 καὶ
910 2455 1202 2527 συγγενὴς,
1237 2457 1366 2527 φέρε
1397 2460 1588 2529 μικρὸν
1626 2463 1704 2523 εἰς

127 2541 306 2612 ἀρχὴν
339 2543 650 2612 πρέπουσαν
681 2545 1044 2613 ἀναγαγόντες
1071 2547 1132 2598 τὸ
1157 2551 1538 2616 προκείμενον,
1570 2551 1704 2619 πλη-

130 2631 396 2702 ροφορίαν
438 2634 734 2703 ἐμποιῆσαι
787 2637 1136 2707 πειραθῶμεν
1177 2643 1287 2702 τοῖς
1319 2642 1454 2710 πρὸς
1485 2643 1551 2693 τὰ
1601 2661 1702 2710 φα-

127 2722 266 2792 νερά
300 2722 484 2786 κακῶς
508 2725 956 2794 ἀμφιϐάλλουσιν.
1006 2727 1062 2780 '0
1087 2728 1194 2780 τῶν
1215 2730 1350 2782 ὅλων
1379 2730 1705 2801 δημιουργὸς

128 2811 368 2881 θελήσας
406 2814 585 2868 κτίσαι
634 2817 726 2868 τὸν
768 2817 1072 2888 ἄνθρωπον,
1122 2820 1219 2890 ούχ
1255 2822 1328 2884 ὡς
1363 2823 1702 2892 εὐκαταφρό-

126 2920 292 2972 νητον
323 2903 479 2970 ζῶον,
511 2905 625 2958 ἀλλ’
671 2907 744 2970 ὡς
773 2908 1095 2980 τιμιώτερον
1124 2912 1339 2964 πάντων
1371 2913 1450 2975 είς
1479 2912 1538 2966 τὸ
1565 2910 1704 2968 εἶναι

127 2999 446 3066 παρήγαγε,
511 3001 604 3051 καὶ
651 3001 750 3068 τῆς
798 3002 888 3054 ὑπ’
923 3003 1148 3072 οὐρανὸν
1191 3005 1418 3068 κτίσεως
1469 3007 1703 3071 ἀνέδειξε

1807 1909 1982 1964 donec
2012 1908 2196 1976 vigilia
2231 1907 2485 1961 discusso
2530 1915 2751 1972 torpore
2792 1916 2986 1954 rursus
3019 1900 3127 1951 vim
3169 1910 3375 1949 memo-

1808 2001 1901 2054 ria:
1957 1998 2421 2054 conservatricem
2476 2004 2530 2049 et
2589 1994 2879 2050 ellicaciam
2943 1988 3290 2048 recreaverit,
3323 1992 3377 2038 et

1809 2091 2291 2160 redintegraverit.
2329 2088 2451 2141 lla'e
2499 2095 2552 2141 et
2609 2085 2805 2141 similia
2841 2081 3197 2152 cogitationes
3230 2079 3371 2143 vulgi

1807 2182 2098 2235 subeuntia
2127 2181 2332 2249 ingenti
2379 2187 2610 2232 mentem
2646 2175 2872 2244 implent
2913 2170 3289 2230 admiratione,
3319 2175 3374 2220 et

1808 2289 1914 2325 una
1973 2288 2097 2325 cum
2161 2271 2526 2324 admiratione
2583 2268 2852 2322 inducunt
2910 2262 3373 2317 incredulitatem.

1806 2365 2074 2427 Quoniam
2100 2365 2246 2417 enim
2299 2378 2454 2417 mens
2499 2377 2690 2416 eorutn
2724 2359 2792 2414 de
2835 2357 3035 2428 quibus
3081 2355 3291 2409 dubitat
3323 2359 3375 2402 et

1805 2457 2020 2524 qua-rit,
2053 2457 2378 2510 solutionem
2417 2472 2523 2509 non
2558 2455 2780 2515 invenit,
2815 2467 2991 2520 neque
3015 2464 3167 2503 suam
3196 2446 3373 2500 curio-

1807 2547 2023 2600 sitatem
2071 2548 2382 2600 inventione
2428 2563 2492 2599 ac
2548 2545 2908 2599 dissolutione
2950 2541 3139 2594 sedare
3175 2544 3373 2606 potest,

1806 2639 2064 2707 deinceps
2122 2648 2342 2706 propter
2398 2638 2766 2690 infirmitatem
2823 2648 3044 2687 suarum
3091 2629 3376 2697 cogitatio-

1805 2745 1937 2784 num
1963 2739 2017 2784 et
2045 2744 2304 2783 sensuum
2333 2727 2505 2783 tendit
2544 2728 2609 2781 ad
2665 2727 3118 2783 incrudelitatem,
3149 2721 3377 2788 eiiciens

1805 2829 1859 2874 et
1898 2819 2199 2890 reprobans
2239 2835 2419 2873 rerum
2452 2820 2752 2874 veritatem.
2805 2817 3093 2870 Enimvero
3119 2813 3377 2882 quoniam

1807 2928 1974 2967 cursu
2031 2927 2134 2967 suo
2171 2911 2527 2982 progrediens
2571 2910 2748 2964 oratio
2801 2909 2866 2961 ad
2911 2922 3053 2969 eam,
3101 2918 3220 2972 qua:
3269 2901 3380 2954 frc—

1809 3014 2038 3074 quenter
2073 3012 2363 3064 tractatur,
2411 3001 2769 3071 quaestionem
2803 2998 3065 3068 pervenit,
3104 3005 3266 3062 atque
3290 3006 3380 3044 ar-

128 3087 376 3156 βασιλέα.
411 3089 580 3142 Τοῦτο
605 3091 982 3162 προελόμενος,
1011 3096 1100 3147 καὶ
1131 3097 1367 3149 τοιοῦτον
1397 3099 1705 3169 ἀπαρτίσας

1810 3104 2125 3165 gumentum
2158 3110 2265 3148 non
2305 3093 2563 3156 alienutn,
2615 3093 2708 3147 sed
2755 3090 3037 3160 proprium
3075 3086 3238 3154 bujus
3271 3081 3380 3136 diei

125 3183 295 3250 σοφὸν
319 3185 410 3236 καὶ
431 3183 655 3252 θεοειδῆ,
683 3185 773 3237 καὶ
793 3185 957 3255 πολλῇ
979 3190 1401 3258 κατακοσμήσεις
1415 3192 1480 3260 τῇ
1498 3190 1702 3260 χάριτι,

124 3273 237 3344 ἄρα
269 3277 405 3346 μετά
431 3276 655 3346 γνώμης
695 3277 946 3348 τοιαύτης
991 3280 1070 3342 είς
1103 3279 1162 3330 τὸ
1195 3277 1333 3333 εἶναι
1364 3283 1702 3352 παρήγαγεν,

125 3369 217 3420 ἵνα
245 3367 528 3436 γεννηθεὶς
557 3367 757 3438 φθαρῇ,
795 3369 887 3421 καὶ
917 3369 1125 3421 τελείαν
1162 3371 1366 3442 ὑποστῇ
1438 3372 1538 3441 τὴν
1589 3373 1698 3424 ἀπ-

125 3458 357 3521 ὡλειαν;
401 3459 558 3512 Ἀλλά
590 3460 814 3528 μάταιος
839 3462 866 3511 ὁ
891 3461 1108 3526 σκοπὸς,
1133 3463 1226 3514 καὶ
1258 3463 1459 3534 σφόδρα
1486 3463 1703 3528 ἀνάξιον

125 3551 228 3617 τὴν
277 3548 532 3621 τοιαύτην
569 3551 773 3603 ἔννοιαν
822 3551 900 3614 εἰς
937 3551 1067 3603 Θεὸν
1117 3555 1427 3624 ἀναφέρειν.
1468 3555 1731 3619 Παιδίοιςι

125 3641 237 3711 γάρ
271 3642 446 3704 οὕτως
493 3642 880 3706 ἀπεικάζεται,
945 3643 1278 3713 οἰκοδομοῦσι
1335 3645 1561 3716 σπουδῇ,
1614 3647 1708 3698 καὶ

127 3735 316 3787 λύουσι
345 3733 556 3804 ταχέως
603 3735 663 3785 τὸ
709 3733 1154 3802 κατασκεύασμα,
1186 3735 1320 3804 πρὸς
1341 3737 1492 3789 οὐδὲν
1535 3739 1707 3807 πέρας

126 3826 432 3894 εὔχρηστον
474 3825 572 3894 τῆς
615 3825 852 3888 διανοίας
899 3825 1077 3877 αὐτῶν
1122 3827 1555 3899 καταληγούσης.
1593 3831 1708 3883 Πᾶν

124 3918 182 3970 δὲ
227 3917 540 3969 τούναντίον
581 3916 970 3988 ἐδιδάχθημεν·
1016 3918 1096 3970 ὅτι
1145 3920 1235 3970 τὸν
1285 3921 1710 3989 πρωτόπλαστον

126 4010 404 4061 ἀθάνατον
433 4010 665 4060 ἔκτισεν.
710 4009 1120 4078 Ἐπισυμϐάσης
1143 4010 1198 4062 δὲ
1229 4011 1326 4080 τῆς
1349 4013 1710 4082 παραϐάσεως

126 4101 222 4152 καὶ
272 4101 372 4168 τῆς
412 4101 714 4169 ἁμαρτίας,
763 4103 842 4161 εἰς
879 4101 1033 4172 δίκην
1093 4100 1186 4154 τοῦ
1244 4103 1709 4175 πλημμελήματος

125 4194 229 4260 τῆς
275 4193 576 4255 ἀθανασίας
619 4193 938 4263 ἐστέρησεν·
981 4189 1099 4247 εἶτα
1129 4196 1161 4264 ἡ
1197 4196 1344 4265 πηγὴ
1374 4195 1473 4264 τῆς
1508 4197 1710 4264 ἀγαθό-

127 4302 293 4354 τητος
323 4283 737 4352 ύπερὸλύζουσα
764 4285 863 4354 τὴν
903 4285 1327 4362 φιλανθρωπίαν,
1358 4289 1450 4340 καὶ
1481 4289 1614 4359 πρὸς
1652 4289 1712 4341 τὸ

31 4433 42 4442 _
127 4376 293 4445 ἔργον
339 4374 728 4428 ἐπικλασθεῖσα
785 4375 892 4427 τῶν
936 4375 1078 4428 ἰδίων
1131 4376 1346 4446 χειρῶν,
1409 4379 1569 4447 σοφία
1616 4381 1712 4432 καὶ

1811 3189 1932 3242 festi
1959 3195 2074 3251 est;
2117 3202 2216 3256 age
2276 3185 2558 3257 paululum
2605 3185 2673 3237 ad
2716 3183 2926 3238 initium
2979 3171 3375 3246 buictlisptttau

1809 3279 1942 3332 tioni
1968 3288 2151 3349 aptum
2183 3285 2346 3347 atque
2381 3276 2714 3331 conveniens
2743 3273 3099 3344 quaestionem
3126 3266 3380 3340 proposi-

1809 3381 1917 3424 tam
1947 3381 2290 3432 rcvocantes,
2325 3377 2530 3424 certam
2576 3366 2986 3437 persuasionem
3029 3363 3288 3416 inducere
3318 3373 3382 3412 ac

1810 3463 1970 3518 fidem
1995 3462 2173 3517 facere
2214 3477 2478 3517 conemur
2528 3462 2616 3526 iis,
2652 3461 2743 3529 qui
2775 3471 3057 3528 perperam
3100 3453 3382 3522 ambigunt

1809 3554 1875 3609 de
1909 3557 2074 3610 rebus
2134 3553 2458 3608 manifestis.
2517 3553 2742 3606 Creator
2772 3564 2952 3603 rerum
3003 3545 3384 3599 universarum

1810 3661 1932 3700 cum
1989 3645 2272 3700 statuisset
2306 3645 2578 3697 hominem
2636 3656 2844 3703 creare,
2889 3654 2994 3692 non
3044 3635 3187 3706 qttod
3226 3633 3384 3686 facile

1810 3738 2085 3792 contemni
2115 3744 2320 3804 posset,
2351 3734 2444 3789 sed
2472 3733 2616 3804 quod
2662 3731 2876 3785 cmteris
2920 3729 3173 3782 omnibus
3202 3724 3383 3793 digiti-

1812 3839 1922 3884 tate
1953 3835 2257 3898 przestaret,
2300 3827 2498 3879 animal
2546 3826 2599 3878 in
2657 3839 2834 3878 rerum
2869 3829 3117 3874 naturam
3178 3815 3385 3886 produ-

1812 3923 1912 3985 xit,
1969 3923 2201 3990 ejusque
2257 3934 2379 3989 quae
2443 3917 2546 3972 sub
2604 3917 2744 3969 cmlo
2798 3923 2900 3976 est,
2951 3919 3234 3986 creatura:
3297 3922 3384 3959 re-

1813 4032 1931 4084 gem
1990 4015 2317 4083 designavit.
2376 4009 2489 4064 Hoc
2533 4024 2656 4062 cum
2717 4007 2902 4060 animo
2944 4003 3298 4062 destinasset,
3329 4006 3385 4052 et

1815 4105 1976 4158 talem
2008 4102 2327 4173 perfecisset
2369 4101 2634 4170 sapientia
2668 4099 2950 4165 formaque
2979 4093 3162 4148 divina
3192 4089 3386 4160 praedi-

1814 4206 1953 4258 tum,
1981 4211 2045 4249 ac
2074 4195 2240 4248 multa
2279 4194 2456 4264 gratia
2491 4200 2654 4260 atque
2693 4191 2890 4244 decore
2921 4195 3197 4248 ornatum,
3226 4198 3386 4236 num-

1812 4288 1944 4359 quid
1970 4303 2035 4342 eo
2075 4285 2304 4338 consilio
2354 4284 2504 4336 illum
2557 4285 2610 4335 in
2663 4295 2843 4334 rerum
2883 4287 3134 4332 naturam
3185 4274 3387 4345 produ-

1816 4384 1913 4442 xit,
1947 4388 2004 4433 ut
2033 4381 2248 4446 genitus
2303 4386 2768 4446 corrumperetur,
2809 4382 2862 4428 et
2897 4381 3200 4426 extremum
3236 4367 3389 4422 subi-

125 4469 412 4538 ἑπιστήμῃ
464 4467 892 4537 κατεκόσμησεν,
929 4466 986 4529 ὃς
1028 4469 1106 4530 εἰς
1160 4468 1253 4538 τὴν
1297 4469 1530 4539 ἀρχαίαν
1562 4473 1705 4541 ἡμᾶς

1816 4481 1895 4526 ret
1946 4469 2258 4524 interitum?
2303 4469 2370 4521 At
2419 4484 2616 4520 vanum
2660 4466 2711 4519 id
2772 4464 3086 4526 consilium,
3143 4461 3385 4529 ineptum

127 4562 426 4628 εὐδόκησεν
457 4560 800 4613 ἀνακαινίσαι
825 4559 1176 4612 κατάστασιν.

1814 4565 2152 4635 propositum
2189 4569 2243 4616 et
2283 4558 2523 4614 absurda
2569 4559 2766 4613 fuisset
2811 4556 3039 4610 intentio
3073 4574 3085 4611 :
3128 4570 3192 4607 ac
3224 4551 3388 4604 vehe-

128 4661 346 4717 menter
377 4668 508 4706 sane
539 4652 756 4720 indigna
789 4666 876 4704 res
916 4657 999 4704 est
1033 4652 1192 4703 talem
1224 4651 1608 4720 cogitationem
1637 4657 1703 4710 ad
1732 4657 1900 4710 Deum
1944 4655 2169 4719 referre,
2202 4661 2255 4708 et
2287 4651 2600 4721 hujusmodi
2633 4649 2930 4720 quidquam
2972 4648 3038 4701 de
3067 4662 3132 4702 eo
3161 4646 3386 4701 sentire-

131 4745 389 4800 Puerulis
415 4747 559 4798 extim
595 4746 692 4798 bac
718 4746 926 4798 ratione
950 4744 1285 4799 assimilatur
1317 4748 1558 4803 studiose
1584 4750 2006 4815 aedificantibus,
2047 4759 2100 4804 et
2128 4749 2379 4804 celeriter
2407 4755 2740 4803 structuram
2766 4745 3103 4799 solventibus
3134 4761 3148 4796 :
3190 4745 3389 4812 quippe

127 4838 342 4890 nullum
375 4837 533 4890 ﬁnem
560 4837 742 4890 utilem
773 4845 952 4889 mente
978 4851 1164 4888 eorum
1192 4846 1488 4905 spectante.
1517 4839 1865 4895 Contrarium
1896 4850 2076 4895 autem
2102 4854 2324 4910 prorsus
2348 4837 2527 4892 edocti
2561 4851 2770 4898 sumus,
2796 4835 3052 4904 quoniam
3075 4849 3197 4887 eum
3225 4847 3386 4901 quem

129 4939 368 5004 primum
403 4935 576 4995 finxit,
610 4933 965 4986 immortalem
998 4935 1230 4997 ereavit;
1272 4949 1454 4988 verum
1482 4951 1604 4990 cum
1631 4947 1814 5006 postea
1847 4940 2137 4994 accidisset
2167 4935 2532 5005 transgressio
2562 4942 2724 5003 atque
2751 4942 3057 5003 peccatum,
3087 4933 3138 4983 in
3166 4945 3384 4999 poenam

126 5029 312 5084 delicti
351 5042 473 5082 eum
515 5026 925 5080 immortalitate
971 5028 1201 5094 privavit
1245 5045 1256 5079 :
1293 5027 1488 5082 deinde
1528 5029 1650 5083 fons
1697 5031 1955 5085 bonitatis
2003 5031 2285 5086 exundans
2347 5031 2718 5090 humanitate,
2773 5036 2825 5081 et
2861 5025 2926 5078 ad
2955 5040 3091 5093 opus
3125 5035 3385 5076 manuum

125 5135 356 5180 suarum
392 5117 584 5180 ﬂexus,
617 5117 881 5186 sapientia
921 5127 1084 5186 atque
1134 5119 1360 5172 scientia
1407 5121 1714 5186 adornavit,
1753 5122 1928 5176 donec
1961 5123 2034 5176 ita
2075 5121 2219 5175 factu
2263 5122 2608 5176 commodum
2639 5121 2687 5176 ei
2715 5121 2894 5174 visum
2931 5127 3014 5173 est
3041 5133 3183 5177 esse,
3215 5125 3271 5167 ut
3334 5125 3388 5165 in

125 5216 423 5286 pristinum
453 5227 554 5265 nos
593 5223 792 5266 statum
830 5213 1137 5266 restitueret
1164 5227 1227 5266 ac
1257 5222 1563 5268 renovaret.

197 5310 386 5364 Ταῦτα
415 5309 506 5362 καὶ
539 5307 711 5377 ἀληθῆ
731 5309 1010 5378 τυγχάνει,
1040 5306 1132 5360 καὶ
1154 5308 1253 5376 τῆς
1275 5310 1400 5378 περὶ
1431 5307 1565 5360 Θεοῦ
1587 5309 1712 5361 ὑπο-

125 5401 345 5472 λήψεως
396 5399 539 5462 ἀξια.
593 5399 1012 5468 Προσμαρτυρεῖ
1065 5398 1172 5467 γὰρ
1222 5396 1370 5467 αὐτῷ
1426 5397 1564 5468 μετὰ
1613 5398 1713 5467 τῆς

127 5493 468 5562 ἀγαθὸτητος
515 5491 610 5544 καὶ
655 5489 752 5560 τὴν
805 5489 1054 5560 δύναμιν.
1103 5491 1176 5541 Τὸ
1207 5491 1265 5542 δὲ
1294 5490 1518 5553 ἀπαθῶς
1570 5489 1713 5560 ἔχειν

130 5588 223 5640 καὶ
248 5584 499 5655 σκληρῶς
531 5583 666 5653 πρὸς
695 5581 763 5634 τὰ
791 5582 1066 5652 ἀρχόμενά
1093 5599 1150 5634 τε
1177 5582 1270 5634 καὶ
1292 5582 1708 5651 ποιμαινόμενα,

129 5675 250 5729 οὖδέ
279 5672 580 5742 ἀνθρώπων
613 5671 730 5724 ἐστὶ
777 5673 1028 5742 χρηστῶν
1062 5673 1153 5725 καὶ
1184 5670 1492 5740 βελτίστων.
1523 5671 1708 5735 Οὕτως

131 5770 159 5820 ὁ
199 5764 406 5836 ποιμὴν
436 5764 681 5835 βούλεται
724 5763 993 5835 ἐρρῶσθαι
1041 5763 1099 5817 τὸ
1149 5762 1390 5833 ποίμνιον
1428 5764 1591 5834 αύτῷ,
1618 5764 1710 5817 καὶ

1884 5304 2008 5358 Haec
2038 5312 2091 5356 et
2123 5319 2248 5357 vera
2283 5313 2430 5368 sunt,
2470 5313 2522 5358 et
2569 5311 2730 5371 digna
2766 5318 2827 5356 ea
2861 5317 3023 5371 quam
3059 5301 3127 5354 de
3157 5301 3264 5352 lico
3295 5303 3389 5354 ba-

1811 5399 1940 5452 bere
1992 5412 2090 5467 par
2135 5405 2218 5450 est
2279 5398 2558 5466 Opinione.
2611 5395 2903 5449 Testantur
2933 5394 3076 5448 enim
3126 5395 3246 5463 ejus
3278 5411 3385 5447 non

1812 5490 2106 5544 bonitatem
2167 5491 2364 5552 solum,
2418 5504 2604 5543 verum
2656 5489 2818 5541 etiam
2883 5486 3200 5554 potentiam.
3252 5484 3385 5538 Nam

1812 5596 1919 5634 non
1947 5581 2152 5636 moveri
2192 5596 2256 5635 ac
2282 5581 2480 5634 durtun
2522 5595 2642 5634 esse
2687 5579 2952 5633 adversus
3000 5578 3246 5646 subjecta
3290 5594 3390 5631 no-

1816 5683 2052 5744 straeque
2082 5689 2227 5729 curze
2251 5673 2566 5735 commissa,
2598 5687 2699 5726 nec
2741 5672 3018 5725 hominum
3050 5672 3267 5741 quidem
3296 5671 3387 5724 be—

1818 5768 2102 5835 nignorum
2138 5774 2186 5821 et
2219 5767 2546 5834 optimorum
2579 5772 2680 5819 est.
2735 5761 2809 5816 Ita
2866 5764 3030 5834 opilio
3065 5750 3179 5818 vult
3209 5763 3390 5817 valere
