3842 6398
477 257 582 312 663

1731 265 1788 320 S.
1826 261 2150 318 GREGUHII
2182 264 2469 322 NYSSENI

3641 277 3740 328 se:
3809 353 3812 356 γ

478 373 578 426 sibi
613 391 852 444 gregem,
907 394 970 432 ac
1029 383 1816 450 propemodumimmortalem
1871 402 1994 440 esse

2158 386 2343 454 σχεδὸν
2363 388 2630 458 ὑπάρχειν
2649 390 2914 443 ἀθάνατον
2945 409 2957 420 ·
2987 391 3082 443 καὶ
3111 389 3138 444 ό
3181 391 3434 460 βουκόλος
3474 393 3716 445 παντοόα

477 465 604 520 item
630 467 903 524 bubulcus
931 473 1097 527 variis
1127 474 1276 528 curis
1311 475 1480 530 boves
1523 488 1686 548 auget
1721 497 1732 530 :
1769 481 2051 547 caprarius

477 558 602 616 item
627 573 820 628 capras
851 560 994 616 fetus
1015 566 1276 633 gemellos
1316 585 1537 638 quoquo
1573 579 1816 639 tempore
1861 587 2052 640 parere

473 656 626 714 optat
653 667 665 702 :
699 658 754 702 et
789 651 842 702 in
873 667 1109 720 summa,
1143 658 1320 713 omnis
1350 668 1537 728 pastor
1567 662 1887 730 pecorisque
1935 678 2050 716 ma-

471 737 642 802 gister
679 739 746 792 ad
799 741 958 796 linem
991 748 1280 813 quemdam
1333 751 1520 804 utilem
1575 752 1894 821 respiciens,
1923 769 2046 806 cum

472 828 672 884 durare
723 840 888 902 atque
944 852 1264 904 permanere
1324 841 1428 895 sibi
1489 859 1704 912 gregem
1758 854 1922 914 atque
1955 860 2046 898 ar-

471 930 712 974 mentum
763 922 1056 986 desiderat,
1097 938 1208 982 tum
1255 931 1432 986 fetura
1485 934 1718 990 feliciter
1759 937 2044 1006 propagari

469 1014 638 1079 cupit.
679 1013 791 1067 Hoc
817 1033 938 1070 cum
965 1019 1038 1071 ita
1063 1021 1152 1084 sit,
1185 1029 1242 1075 et
1277 1039 1344 1078 ex
1381 1023 1448 1078 iis
1481 1041 1602 1094 quae
1627 1041 1656 1080 a
1687 1027 1844 1080 nobis
1883 1033 2044 1080 modo

469 1103 616 1158 dicta
638 1103 764 1162 sunt
791 1121 1068 1164 estcnsum
1129 1114 1222 1176 sit,
1273 1117 1508 1172 maxime
1538 1118 1730 1174 decere
1773 1119 2040 1174 a'rtitieon't

469 1209 534 1248 ac
573 1208 874 1254 creatorem
905 1205 1122 1270 generis
1169 1209 1344 1260 nostri
1396 1207 1697 1264 reformare
1743 1217 1796 1264 et
1833 1213 2043 1266 instau-

469 1289 594 1342 rare
623 1301 940 1360 corruptum
978 1309 1116 1363 opus
1157 1311 1170 1346 :
1215 1298 1390 1365 palam
1426 1309 1526 1358 est.
1559 1302 1702 1370 quod
1745 1303 1838 1370 qui
1889 1311 2042 1357 crte—

469 1375 550 1431 ris
609 1377 766 1434 fidem
796 1399 904 1435 non
961 1385 1181 1449 habent,
1243 1404 1348 1442 non
1389 1405 1456 1446 ex
1519 1392 1700 1462 aliqua
1743 1408 1910 1450 causa
1941 1411 2041 1463 pu-

466 1477 636 1534 gnant
667 1479 722 1524 et
752 1473 1140 1538 adversantur,
1173 1495 1334 1548 quam
1367 1482 1512 1550 quod
1547 1484 1886 1537 arbitrantur
1923 1485 2039 1538 fieri

467 1575 576 1614 non
607 1579 790 1630 posse,
827 1577 884 1618 ut
921 1567 1060 1623 Deus
1103 1571 1180 1631 id.
1213 1573 1358 1640 quod
1393 1583 1668 1628 n'iortuum
1704 1591 1770 1628 ac
1809 1575 2039 1632 dissolu-

467 1660 580 1704 tum
603 1662 706 1718 est,
733 1660 1040 1714 resuscitat.
1073 1660 1408 1716 Mortuorum
1440 1679 1628 1718 revera
1653 1681 1926 1738 sensuque
1947 1683 2038 1721 ca-

467 1741 702 1795 rentium
760 1745 1052 1812 cogitatio,
1110 1751 1202 1818 qui
1265 1753 1586 1808 existimant
1635 1757 1840 1826 aliquid
1891 1775 2033 1822 esse,

464 1831 610 1898 quod
643 1847 672 1884 a
709 1832 818 1888 Deo
849 1838 1031 1904 perlici
1067 1851 1118 1893 et
1151 1842 1392 1908 expediri
1425 1859 1529 1896 non
1563 1847 1754 1912 possit,
1797 1859 1850 1902 et
1880 1864 2033 1904 suam

465 1920 705 1990 ipsdrum
737 1926 1114 1985 infirmitatem
1161 1933 1432 2001 majestati
1489 1937 1850 2007 onmipotenti
1899 1943 2038 1994 assi-

462 2023 648 2084 gnant.
688 2017 792 2072 Sed
825 2033 882 2074 ut
933 2025 1268 2092 argumentis
1299 2035 1356 2080 et
1391 2029 1810 2096 probationibus
1841 2047 2032 2086 eortim

465 2106 926 2174 reprehendamus
953 2116 1268 2180 amentiam,
1312 2132 1378 2172 ex
1409 2124 1772 2187 praesentibus
1815 2135 1866 2178 et
1897 2141 2034 2192 prm-

464 2197 644 2252 teritis
667 2200 992 2256 ostendatur
1017 2205 1070 2258 id
1099 2207 1244 2275 quod
1279 2206 1522 2266 futurum
1554 2213 1768 2281 quidem
1800 2225 1902 2278 est,
1936 2217 2032 2270 sed

465 2285 710 2342 futurum
735 2307 856 2348 esse
884 2309 990 2348 non
1029 2298 1292 2352 creditur.
1337 2299 1551 2356 Audisti
1584 2304 1728 2372 quod
1760 2306 1936 2374 pulvis
1964 2309 2030 2362 ad

461 2377 690 2432 formam
733 2381 1232 2442 redactusethomo
1261 2389 1436 2446 factus
1461 2403 1564 2448 est.
1589 2393 2028 2466 Doceigiturme,

460 2483 667 2534 quaeso,
703 2481 758 2526 tu
787 2475 880 2543 qui
923 2486 1014 2532 tua
1065 2481 1336 2548 sapientia
1367 2485 1552 2538 omnia
1592 2489 1880 2558 complecti
1923 2493 2026 2551 vis.

459 2576 566 2626 qua
602 2563 812 2620 ratione
845 2570 1022 2625 tenuis
1079 2573 1256 2640 pulvis
1295 2575 1594 2644 dissipatus
1641 2589 1870 2636 coactus
1913 2583 2024 2647 sit;

456 2655 729 2718 quomodo
759 2663 903 2712 terra
935 2674 1064 2716 caro
1095 2662 1234 2718 facta
1257 2666 1350 2730 sit,
1371 2675 1536 2736 atque
1561 2670 1748 2724 eadem
1777 2674 2024 2737 materia,

455 2756 562 2809 qua
594 2746 804 2802 ratione
849 2759 905 2804 et
943 2766 1099 2818 ossa,
1131 2765 1187 2810 et
1217 2764 1420 2819 cutem,
1451 2768 1506 2812 et
1542 2759 1778 2830 adipem,
1809 2771 1862 2816 et
1886 2765 2027 2833 pilos

454 2832 788 2902 confecerit;
827 2843 1104 2908 quomodo
1151 2861 1275 2902 cum
1319 2865 1424 2902 una
1471 2850 1544 2904 sit
1595 2867 1746 2916 caro,
1795 2854 2028 2910 diversa:

453 2937 576 2978 cum
611 2925 798 2982 forma:
833 2934 1222 3002 membrorum,
1267 2949 1380 2994 tum
1429 2941 1721 3009 qualitates
1749 2955 1803 2998 et
1845 2955 2024 3000 tactus

2155 481 2282 540 παῖς
2307 479 2622 550 θεραπείαις
2641 481 2794 546 αὔξει
2825 483 2923 545 τὰς
2965 481 3118 551 βοῦς·
3151 483 3241 534 καὶ
3277 485 3376 545 τὰς
3399 482 3566 549 αἶγας
3591 483 3706 534 alia
3723 514 3734 520 -

2155 572 2412 639 μοτόκους
2438 573 2700 644 ὑπάρχειν
2733 576 2762 626 ό
2795 575 3012 638 αἰπόλος
3029 573 3243 644 εὕχεται
3265 591 3278 603 ·
3307 576 3403 628 καὶ
3429 577 3538 636 πᾶς
3571 575 3730 640 ἀγελ-

2149 663 2324 733 άρχης
2359 664 2545 728 ἁπλῶς
2577 666 2853 736 διαμένειν
2911 665 3062 736 αὑτῷ
3085 666 3178 720 καὶ
3201 665 3544 735 εὑθηνεῖσθαι
3577 665 3734 718 ποθεί

2149 755 2245 822 τὴν
2274 756 2494 827 ἀγέλην,
2526 758 2666 829 πρός
2697 777 2753 812 τι
2791 759 2942 823 τέλος
2979 757 3278 829 εὔχρηστον
3323 759 3564 829 ἀφορῶν.
3595 760 3732 812 Τού-

2146 865 2240 902 του
2267 850 2323 902 δὲ
2351 849 2526 913 οὓτως
2557 851 2790 920 ἔχοντος,
2823 853 2916 932 καζι
2953 853 3015 904 ἐκ
3043 850 3150 904 τῶν
3187 850 3388 922 ἀρτίως
3407 853 3540 921 ἡμῖν
3573 855 3726 922 εἰρη-

2151 941 2326 1010 μένων
2367 940 2670 1011 δειχθέντος
2706 941 3158 1012 πρεπωδέστατον
3204 943 3470 1011 ὑπάρχειν
3511 940 3592 1010 τῷ
3629 942 3726 1011 δη-

2149 1029 2394 1100 μιουργῴ
2432 1032 2526 1084 καὶ
2555 1032 2771 1102 τεχνίτῃ
2798 1031 2890 1084 τοῦ
2923 1031 3115 1098 γένους
3145 1031 3302 1100 ἡμῶν
3330 1031 3638 1084 ἀναπλάσαι
3667 1032 3727 1084 τὸ

2145 1121 2346 1190 φθαρὲν
2369 1121 2600 1191 ποίημα,
2623 1120 2885 1192 πρόδηλον
2905 1121 2982 1186 ὡς
3005 1124 3054 1174 οἱ
3077 1125 3189 1185 τοῖς
3215 1121 3344 1192 ἑξῆς
3373 1123 3726 1186 ἀπειθοῦντες

2143 1212 2242 1262 οὑκ
2273 1210 2495 1264 ἄλλοθέν
2525 1210 2688 1264 ποθεν
2722 1211 3122 1282 ἀπομάχονται,
3161 1212 3193 1282 ἦ
3237 1213 3326 1266 διὰ
3375 1213 3438 1266 τὸ
3480 1215 3722 1284 νομίζειν

2143 1301 2402 1356 ἀδύνατον
2427 1297 2566 1354 εἶναι
2595 1301 2672 1371 τῷ
2693 1301 2811 1372 Θεῷ
2834 1301 2897 1356 τὺ
2923 1303 3183 1374 τεθνηκὸς
3217 1303 3312 1356 καὶ
3343 1304 3590 1358 διαλυθὲν
3629 1307 3719 1358 ἀν-

2141 1397 2368 1464 εγεῖραι.
2399 1391 2625 1463 Νεκρῶν
2645 1393 2858 1462 ἀληθῶς
2873 1395 2968 1448 καὶ
2989 1393 3327 1466 ἀναισθήτων
3349 1394 3412 1450 τὸ
3435 1399 3714 1468 φρόνημα.

2138 1483 2199 1536 τὸ
2235 1483 2492 1538 ἀδύνατον
2516 1483 2608 1538 καὶ
2636 1485 2914 1553 ἀμήχανον
2941 1487 3034 1538 ἐπὶ
3061 1486 3195 1540 Θεοῦ
3221 1486 3609 1557 λογιζομένων,
3627 1491 3719 1542 καὶ

2139 1573 2204 1626 τά
2239 1572 2340 1642 τῆς
2383 1572 2517 1636 ιδίας
2554 1572 2832 1634 ἀσθενείας
2881 1573 2975 1626 ἐπὶ
3023 1575 3122 1645 τὴν
3164 1577 3573 1647 παντοδύναμον
3623 1597 3716 1647 φε-

2143 1665 2344 1734 ρόντων
2401 1666 2896 1736 μεγαλοπρέπειαν.
2918 1667 3034 1720 Ἵνα
3067 1667 3124 1720 δὲ
3171 1668 3348 1736 λόγοις
3379 1671 3715 1738 ὲλεγκτικοῖς

2138 1760 2236 1828 τῆς
2269 1760 2454 1822 ἀνοίας
2507 1758 2684 1814 αὐτῶν
2724 1758 3107 1830 καθικώμεθα,
3137 1762 3202 1814 ὲκ
3251 1761 3359 1814 τῶν
3413 1765 3714 1830 γεγονότων

2137 1851 2232 1905 καὶ
2260 1852 2428 1904 ὄντων
2455 1851 2828 1922 ἀποδειχθήτω
2847 1849 2910 1904 τὸ
2939 1851 3129 1920 μέλλον
3165 1853 3254 1906 καὶ
3287 1853 3708 1926 ἀπιστούμενον.

2141 1941 2418 2003 Ἤκουσας
2447 1943 2525 1994 ὃτι
2545 1940 2732 2011 ὀιχοῦς
2751 1941 3017 2013 ἐπλάσθη,
3041 1941 3136 1996 καὶ
3159 1943 3376 2010 ἐγένετο
3405 1943 3708 2016 ἄνθρωπος.

2135 2033 2354 2098 Δίδαξον
2385 2029 2477 2088 οὖν
2503 2051 2594 2104 με,
2624 2033 2950 2105 παρακαλῶ,
2979 2036 3008 2088 ό
3037 2034 3215 2090 πάντα
3261 2034 3428 2100 ἀξιῶν
3452 2041 3521 2107 τῇ
3549 2039 3712 2108 σοφίᾳ

2133 2131 2198 2197 τῇ
2255 2127 2447 2180 ἑαυτοῦ
2499 2127 2974 2198 περιδράσσεσθαι,
3017 2128 3134 2191 πῶς
3181 2129 3211 2180 ό
3260 2129 3455 2194 λεπτὸς
3515 2131 3648 2200 χοῦς
3681 2135 3712 2186 ό

2133 2219 2524 2288 ἐσκεδασμένος
2551 2219 2808 2290 συνήχθη,
2845 2219 2961 2282 πῶς
2990 2221 3118 2290 ἡγῆ
3159 2220 3296 2291 σὰρξ
3327 2222 3544 2288 ἐγένετο
3563 2264 3580 2285 ,
3619 2224 3711 2276 καὶ

2134 2311 2166 2379 ἡ
2199 2311 2333 2380 αὑτὴ
2362 2309 2482 2378 ὕλη,
2519 2311 2610 2363 καὶ
2647 2311 2808 2364 ὀστέα
2835 2311 3075 2380 ἐποίησε,
3123 2313 3216 2366 καὶ
3243 2311 3438 2382 δέρμα,
3481 2313 3573 2366 καὶ
3625 2331 3710 2366 xt-

2137 2403 2301 2472 μελὴν
2319 2443 2333 2464 ,
2362 2403 2454 2455 καὶ
2481 2401 2704 2472 τρίχας·
2742 2403 2860 2465 πῶς
2891 2405 3018 2473 μιᾶς
3044 2401 3209 2474 οὔσης
3229 2407 3330 2475 τῆς
3363 2403 3562 2476 σαρκὸς
3591 2405 3708 2459 διά-

2133 2511 2284 2562 φοροι
2323 2496 2377 2546 αἱ
2409 2493 2542 2554 ίδὲσιι
2565 2493 2672 2546 τῶν
2707 2493 2882 2562 μελῶν
2903 2495 2996 2547 καὶ
3023 2495 3081 2548 αἱ
3107 2496 3385 2565 ποιότητες
3403 2497 3501 2549 καὶ
3533 2495 3670 2566 ἀφαί
3687 2512 3704 2528 ⁸

2129 2584 2246 2646 πῶς
2293 2587 2322 2637 ὁ
2375 2583 2630 2654 πνεύμων
2682 2584 2889 2647 ἁπαλὸς
2941 2587 3038 2655 τὴν
3095 2585 3260 2658 ἁφὴν,
3317 2587 3561 2651 πελιδνὸς
3609 2587 3708 2657 τὴν

2127 2673 2294 2743 χρόαν
2311 2690 2322 2701 ·
2348 2668 2574 2745 τὺῆπαρ
2605 2673 2906 2745 στριφ[ν]ὸν
2939 2677 3306 2748 καὶζὲρυθρόν,
3329 2679 3362 2747 ἡ
3389 2679 3588 2746 καρδία
3613 2696 3708 2732 πε·

2128 2765 2256 2834 πιλη
2267 2764 2400 2833 μένη
2431 2764 2528 2817 κοιλ⁸
2553 2762 2916 2840 σκληρότατον
2948 2766 3134 2837 μόριον
3158 2769 3216 2820 ἐν
3253 2771 3446 2838 σαρκὶ,
3473 2771 3504 2821 ό
3531 2769 3706 2840 σπλὴν

2125 2855 2316 2925 ἀραιὸς
2377 2857 2470 2910 καὶ
2527 2837 2692 2926 μέλας
2712 2873 2723 2886 ·
2753 2857 2780 2907 ό
2809 2856 3070 2920 ἐπίπλους
3107 2837 3340 2924 λευκὸς,
3365 2861 3458 2914 καὶ
3489 2837 3706 2913 δίκτυον

2126 2947 2426 3000 ἁλιευτικὸν
2467 2948 2956 3018 συμπεπλεγμένον
2979 2949 3128 3020 παρὰ
3159 2943 3259 3020 τῆς
3293 2949 3530 3017 φύσεως.
3571 2950 3706 3004 Σκε-

452 3015 598 3081 sint;
631 3023 907 3087 quomodo
947 3027 1132 3093 pulmo
1161 3035 1309 3084 tactu
1339 3033 1540 3094 mollis.
1574 3035 1759 3090 colore
1803 3038 2022 3100 lividus.

2132 3036 2351 3108 ψώμεθα
2398 3015 2654 3092 κάκεῖνα·
2845 3041 2880 3107 ἡ
2925 3015 3114 3112 πρώτη
3339 3041 3448 3095 ἀπὸ
3505 3039 3703 3112 μικροῦ

448 3106 605 3174 jecur
629 3112 887 3178 solidum,
917 3115 1128 3172 firmum
1166 3129 1220 3172 et
1257 3137 1363 3176 non
1417 3127 1615 3180 cedens
1663 3143 1727 3182 ac
1762 3131 2023 3198 rnbenm;

451 3204 924 3270 corcenstrictum
960 3225 1024 3262 ac
1045 3210 1340 3268 durissima
1365 3219 1629 3284 particula
1662 3221 1873 3286 carnis;
1915 3223 2022 3278 lien

451 3303 612 3346 rarus
655 3300 709 3344 et
741 3295 912 3364 niger.
945 3309 1224 3353 omentum
1260 3303 1443 3358 album
1485 3314 1538 3360 et
1569 3308 1746 3362 instar
1789 3312 2020 3379 piscato-

450 3383 528 3437 ris
557 3385 694 3460 retis
749 3401 780 3438 a
831 3397 1031 3442 natura
1078 3394 1482 3460 complicatum.
1516 3397 1938 3458 Consideremus
1971 3415 2022 3460 et

450 3473 565 3537 illa,
601 3491 711 3544 quo
743 3485 904 3546 pacto
939 3480 1112 3548 prima
1157 3483 1353 3538 mulier
1392 3501 1455 3538 ex
1499 3502 1666 3555 parva
1697 3501 1850 3560 parte
1893 3494 2024 3550 late-

447 3565 530 3620 ris
554 3566 824 3636 integrum
865 3571 1067 3622 animal
1091 3572 1270 3628 simile
1301 3574 1543 3644 perfecto
1571 3594 1632 3632 ac
1673 3582 1849 3649 primo
1879 3584 2022 3642 facta

449 3667 554 3722 est;
587 3667 642 3712 et
675 3675 802 3728 pars
847 3661 914 3714 ad
962 3666 1144 3716 omnia
1178 3665 1414 3730 suffecit,
1461 3679 1514 3724 et
1551 3673 1810 3740 exiguum
1846 3687 2020 3734 totum

450 3750 760 3814 constituit,
785 3761 937 3806 costa
993 3753 1136 3808 facta
1188 3768 1270 3812 est
1297 3769 1481 3828 caput,
1525 3779 1719 3820 inanus
1747 3776 1801 3820 et
1835 3755 2020 3836 pedes,

447 3827 723 3894 viscerum
753 3850 806 3895 et
847 3843 1230 3900 intestinorum
1270 3847 1513 3906 ﬂexuosa
1565 3861 1918 3926 tortuosaque
1955 3875 2020 3914 ac

446 3932 600 3986 varia
646 3933 818 4002 ﬁgura
864 3943 1030 4005 atque
1072 3937 1356 3995 distinctio
1396 3961 1410 3996 :
1453 3958 1602 4008 caro,
1637 3947 1749 4014 pili,
1806 3950 2016 4013 oculus,

447 4038 636 4090 nasus,
664 4039 748 4092 os,
788 4027 972 4080 omnia
1008 4027 1243 4100 denique
1288 4035 1400 4101 (ne
1453 4035 1668 4106 longius
1715 4041 2018 4096 orationem

446 4118 799 4188 producam),
840 4119 1022 4174 omnia
1045 4121 1409 4192 admirabilia,
1437 4128 1788 4184 abhorrentia
1825 4147 1853 4186 a
1877 4149 2022 4188 com-

447 4211 594 4262 muni
633 4211 890 4279 opinione
917 4224 968 4266 et
997 4229 1184 4279 sensu,
1218 4232 1282 4272 ac
1319 4219 1516 4275 mentis
1541 4225 1872 4291 nostrze,qui
1911 4225 2020 4280 Deo

445 4299 752 4368 comparati
809 4303 1050 4356 universi
1095 4305 1290 4376 exigua
1339 4310 1604 4376 quzepiam
1669 4314 2012 4381 portiuncula

2131 3124 2330 3194 μέρους
2357 3126 2456 3195 τῆς
2482 3124 2740 3197 πλευρᾶς,
2772 3127 2976 3200 ὑπέστη
3001 3126 3138 3194 ζῶον
3162 3131 3486 3202 ὁλόκληρον,
3517 3133 3706 3202 ὅμοιον

2125 3215 2202 3285 τῷ
2235 3215 2423 3288 τελείῳ
2444 3218 2536 3270 καὶ
2555 3217 2778 3290 πρώτῳ,
2792 3219 2887 3274 καὶ
2914 3220 2976 3273 τὸ
3001 3221 3168 3291 μέρος
3190 3223 3325 3294 πρὸς
3347 3223 3524 3278 πάντα
3549 3224 3706 3296 διήρο

2127 3324 2254 3360 κεσε
2281 3308 2374 3363 καὶ
2403 3307 2464 3360 τὸ
2507 3308 2686 3378 ὀλίγον
2709 3311 2772 3364 τὸ
2814 3311 2923 3364 πᾶν
2975 3313 3360 3384 συνεστήσατο,
3393 3316 3426 3384 ή
3467 3313 3703 3386 πλευρὰ,

2124 3399 2337 3470 ἐγένετο
2389 3399 2616 3474 κεφαλὴ,
2659 3405 2840 3474 χεῖρες
2873 3404 2966 3456 καὶ
2999 3403 3157 3468 πόδες
3179 3445 3194 3470 ,
3223 3405 3468 3474 ὲγκάτων
3514 3408 3704 3462 σκολιά

2123 3491 2218 3542 καὶ
2257 3490 2470 3562 ποικίλη
2501 3491 2818 3556 διάπλασις,
2857 3492 3013 3564 σὰρξ,
3042 3496 3136 3548 καὶ
3174 3497 3378 3566 τρίχες,
3401 3498 3702 3570 ὀφθαλμὸς.

2123 3583 2216 3634 καὶ
2238 3585 2344 3651 ῥὶς,
2385 3583 2479 3636 καὶ
2513 3582 2686 3652 στόμα
2709 3624 2723 3646 ,
2756 3584 2852 3637 καὶ
2896 3585 3072 3639 πάντα
3101 3587 3318 3651 ἁπλῶς,
3357 3589 3444 3642 ἵνα
3489 3590 3564 3660 μὴ
3597 3609 3703 3660 μα-

2123 3673 2252 3742 κρὸν
2279 3673 2549 3742 ἀπαγάγω
2575 3673 2666 3726 τὸν
2686 3673 2861 3742 λόγον.
2881 3675 3056 3728 πάντα
3075 3677 3361 3747 Θαυμαστὰ
3395 3681 3488 3732 καὶ
3521 3683 3704 3752 παρά-

2121 3763 2249 3828 δοξα
2287 3765 2417 3832 ἡμῖν
2451 3766 2564 3826 τοῖς
2605 3763 2825 3834 ὀλίγοις,
2859 3768 3136 3838 πρόχειροι
3165 3770 3221 3822 δὲ
3256 3770 3408 3840 παρὰ
3435 3772 3554 3844 Θεῷ
3601 3775 3702 3844 τῆς

2122 3853 2465 3920 κατασκευῆς
2517 3855 2565 3907 oi
2619 3853 2766 3922 λόγοι
2797 3857 2890 3909 καὶ
2929 3857 3048 3911 λίαν
3099 3860 3538 3931 ὁμολογούμενοι.
3572 3865 3700 3929 Πῶς

2120 3942 2212 4000 οὖν
2265 3945 2562 4016 σωφρονεῖν
2614 3945 2854 4012 δόξουσιν
2899 3952 2948 4004 oi
2975 3951 3076 4021 τὴν
3133 3954 3230 4021 μὲν
3280 3954 3406 4023 μίαν
3453 3954 3696 4026 πλευρὰν

2123 4037 2527 4110 συγχωροῦντες
2551 4040 2800 4108 γενέσθαι
2833 4041 3136 4112 ἄνθρωπον,
3166 4045 3274 4097 ἀπὸ
3307 4045 3360 4098 δὲ
3397 4046 3696 4116 ὁλοκλήρου

2121 4133 2218 4198 τῆς
2250 4130 2341 4182 τοῦ
2377 4129 2663 4201 ἀνθρώπου
2699 4130 2831 4202 ὕλης
2857 4133 3212 4196 ἀπιστοῦντες
3238 4135 3328 4187 τὸν
3367 4136 3529 4189 αὐτὸν
3561 4139 3698 4191 ἀνα-

2121 4219 2432 4286 κτίζεσθαις
2466 4222 2580 4274 υὺκ
2613 4222 2780 4286 ἐστιν,
2810 4224 2910 4276 οὐκ
2955 4224 3100 4278 ἐστιν
3133 4226 3394 4289 ἐπινοίαις
3415 4227 3698 4297 ἀνθρωπιο

2121 4314 2245 4374 καίς
2278 4311 2412 4365 Θεοῦ
2447 4311 2919 4383 πολυπραγμονεῖν
2952 4317 3248 4384 ἐνεργείας.
3288 4317 3350 4368 Ei
3381 4316 3488 4385 γὰρ
3519 4318 3700 4371 πάντα

409 4435 412 4438 .
447 4401 666 4448 sumus.
696 4399 918 4458 captum
948 4393 1264 4452 excedentia
1301 4415 1312 4448 :
1353 4399 1496 4466 apud
1531 4397 1700 4454 Deum
1752 4419 1880 4458 vero
1927 4421 2015 4457 ra-

2132 4397 2185 4470 ἣν
2230 4403 2360 4472 ἡμῖν
2398 4401 2718 4471 καταληπτά
2741 4443 2756 4468 ,
2793 4403 2892 4456 οὑκ
2943 4403 3008 4458 ἂν
3061 4405 3320 4476 κρείττων
3359 4399 3428 4476 ἦν
3473 4407 3630 4476 ἡμῶν
3669 4410 3699 4460 ό

446 4483 626 4534 tiones
670 4481 1051 4539 fabricationis
1105 4487 1160 4540 in
1215 4497 1468 4558 promptu
1527 4499 1658 4544 sunt
1699 4501 1752 4548 et
1803 4493 2016 4564 faciles,

447 4587 772 4639 uiiinemque
803 4573 1199 4630 dubitationem
1232 4578 1600 4644 excludentes,
1633 4591 1688 4636 et
1723 4582 2016 4642 admodum

447 4673 626 4716 certae.
663 4665 782 4728 Quo
821 4667 985 4736 igitur
1029 4677 1186 4737 pacto
1221 4683 1354 4724 sana
1401 4679 1582 4726 mente
1631 4676 1842 4742 praediti
1897 4695 2020 4734 esse

444 4753 1251 4826 videbuntur,quiconcedunt
1300 4777 1366 4816 ex
1423 4779 1530 4816 una
1575 4765 1799 4834 quidem
1859 4781 2017 4824 costa

2123 4493 2404 4563 κρείττων.
2441 4493 2504 4545 Τί
2545 4493 2686 4562 λέγω
2727 4496 2856 4566 περὶ
2886 4494 3022 4548 Θεοῦ
3051 4512 3066 4562 ;
3101 4497 3236 4550 Οὑδὲ
3265 4497 3400 4568 πρὸς
3427 4497 3494 4550 τά
3525 4498 3699 4567 ἄλογα

2118 4586 2227 4638 τῶν
2260 4584 2413 4648 ζώων
2465 4585 2556 4639 ἐπί
2585 4603 2744 4640 τινων
2773 4585 3055 4657 δυνάμεων
3104 4587 3387 4658 σύγκρισίν
3419 4605 3542 4642 τινα
3577 4589 3700 4660 ἐχο-

2121 4694 2240 4748 μεν,
2291 4677 2425 4730 ἀλλὰ
2477 4679 2743 4732 κάκείνων
2791 4679 3215 4751 ἀπολειπόμεθα.
3255 4680 3461 4734 Αὐτίκα
3507 4681 3696 4751 δρόμῳ

2119 4771 2218 4838 μὲν
2245 4769 2388 4838 ἡμᾶς
2407 4769 2833 4839 ὑπερϐάλλονται
2865 4772 3024 4824 ἵπποι
3045 4812 3059 4834 ,
3089 4773 3184 4824 καὶ
3215 4770 3374 4834 κύνες
3391 4811 3405 4833 ,
3439 4771 3533 4824 καὶ
3561 4772 3698 4826 ἄλλα

445 4847 723 4904 hominem
751 4865 872 4902 esse
905 4849 1127 4912 factm",
1173 4867 1280 4906 non
1313 4863 1490 4908 autem
1528 4857 1762 4910 credunt
1809 4875 1870 4911 ex
1934 4862 2017 4914 in-

2132 4859 2312 4912 τολλά·
2353 4859 2577 4928 δυνάμει
2609 4859 2664 4914 δὲ
2712 4861 2946 4932 κάμηλοι
2979 4864 3071 4916 καὶ
3113 4863 3359 4933 ἡμίονοι·
3397 4861 3698 4936 σημειώσει

445 4940 583 5008 tcgri
613 4939 851 5000 hominis
886 4942 1112 4996 materia
1139 4945 1388 4999 eumdem
1417 4949 1714 5001 renovari?
1746 4949 1862 5004 Non
1918 4968 2014 5022 po-

2132 4952 2178 5005 5ὲ
2211 4951 2364 5014 ὁδῶν,
2404 4953 2454 5004 οἱ
2488 4952 2630 5004 ὄνοι·
2658 4953 2752 5005 καὶ
2803 4953 2863 5006 τὸ
2906 4954 3006 5024 τῆς
3055 4953 3314 5024 δορκάδος
3357 4951 3604 5018 όξυωπδν
3638 4955 3696 5006 ὲν

444 5040 550 5085 test
589 5032 728 5094 fieri,
768 5035 874 5084 non
909 5043 1105 5101 potest,
1138 5045 1196 5090 ut
1226 5037 1476 5092 humana:
1507 5041 1708 5094 mentis
1758 5043 2014 5112 agitatio-

2132 5042 2409 5114 ἡμετέροις
2438 5041 2736 5112 ὀφθαλμοῖς
2762 5043 2862 5114 οὑχ
2889 5043 3218 5114 εὑρίσκεται.

441 5126 606 5179 nibus
645 5125 826 5178 divina
879 5128 964 5180 vis
1010 5129 1064 5180 in
1114 5130 1278 5184 rebus
1328 5130 1628 5186 etliciendis
1683 5135 2015 5204 inquirendo
2056 5136 2334 5206 explorari
2405 5143 2460 5188 et
2508 5135 2831 5207 investigari
2905 5137 3102 5206 possit.
3153 5137 3286 5190 Nam
3333 5137 3380 5192 si
3428 5139 3616 5192 omnia
3671 5154 3698 5188 τι

441 5215 600 5270 nobis
627 5218 834 5286 percipi
889 5222 1386 5290 comprehendique
1423 5237 1672 5292 possent,
1709 5243 1820 5280 non
1875 5238 2162 5299 prmstaret
2195 5229 2354 5282 nobis
2410 5228 2457 5281 is
2525 5229 2620 5298 qui
2691 5237 2934 5299 praestat.
3001 5227 3142 5296 Quid
3193 5231 3387 5300 loquor
3432 5231 3500 5286 de
3545 5229 3702 5284 Deo?

441 5303 550 5360 Nec
582 5325 709 5364 cum
743 5314 920 5367 brutis
945 5315 1164 5381 quidem
1233 5317 1591 5379 animalibus,
1650 5323 1798 5390 quod
1865 5324 1930 5378 ad
1997 5323 2262 5394 quasdam
2307 5321 2501 5376 attinet
2541 5323 2814 5392 potentias
2863 5330 2920 5378 et
2976 5321 3286 5385 facultates,
3339 5323 3692 5391 comparandi

441 5400 627 5468 aliquo
657 5405 840 5464 modo.
876 5407 972 5459 sed
1012 5417 1064 5462 et
1097 5408 1204 5462 illis
1226 5423 1442 5478 quoque
1471 5410 1764 5468 inferiores
1793 5431 2004 5472 sumus.
2049 5414 2125 5472 Ne
2153 5413 2373 5483 longius
2433 5413 2618 5478 abeas,
2660 5429 2830 5468 cursu
2868 5415 3087 5484 quidem
3117 5429 3216 5468 nos
3281 5415 3430 5483 equi,
3499 5430 3688 5476 canes,

441 5489 660 5557 aliaque
699 5493 958 5548 animalia
998 5496 1166 5550 multa
1227 5499 1588 5568 praecedunt:
1633 5505 1842 5560 viribus
1912 5508 2041 5561 item
2114 5504 2309 5560 cameli
2344 5511 2398 5556 et
2425 5505 2580 5570 muli,
2613 5505 2925 5560 natationes
2969 5521 3098 5560 vero
3136 5507 3370 5566 viarum,
3407 5505 3548 5558 asini
3587 5522 3686 5559 no-

439 5579 525 5635 bis
554 5587 932 5656 antecellunt,
973 5599 1024 5644 et
1057 5607 1286 5648 acumen
1327 5595 1479 5651 visus
1512 5604 1564 5652 et
1615 5601 1762 5654 acies
1819 5603 2124 5668 oculorum,
2158 5615 2266 5671 qua
2306 5613 2514 5670 capreae
2551 5601 2792 5670 praeditas
2827 5609 2974 5668 sunt,
3011 5602 3064 5656 in
3107 5601 3285 5656 oculis
3335 5603 3542 5658 nostris
3581 5617 3687 5656 non

443 5685 500 5728 re
510 5685 733 5738 peritur.
