3842 6416
86 290 193 345 665

1019 300 1087 354 IN
1117 302 1394 360 CHRISTI
1443 307 2076 373 IiESUIiRECTIONElI
2117 319 2327 376 ORA'I‘.
2368 321 2454 377 III.

3268 329 3375 390 686

155 405 250 457 Διὸ
285 407 646 478 εὐγνωμόνων
675 412 770 464 καὶ
805 395 1229 485 σωφρονούντων
1259 421 1375 474 ἐστὶ
1410 423 1654 478 πιστεύει

1762 479 1764 487 .
1861 431 2130 496 Quocirca
2178 434 2478 496 candidos,
2538 445 2727 504 gratos
2781 443 2836 494 et
2883 451 3052 497 sanos
3119 439 3374 502 homines

85 500 194 561 τοῖς
223 501 384 569 παρά
415 501 511 554 τοῦ
545 502 679 556 Θεοῦ
707 504 1019 576 λεγομένοις
1038 528 1051 540 ·
1081 511 1209 575 τοὺς
1239 512 1296 566 δὲ
1335 515 1569 584 τρόπους
1593 518 1686 572 καὶ

86 591 181 652 τὰς
226 593 415 656 αἰτίας
467 593 572 648 τῶν
622 596 933 667 ἐνεργειῶν,
984 601 1060 666 ὡς
1111 604 1564 675 ὑπερϐαινούσας,
1609 610 1685 682 μὴ

85 684 363 736 ἀπαιτεῖν.
412 685 564 739 Ἐπεὶ
591 686 914 759 λεχθήσεται
939 693 1020 746 ἐνὶ
1042 694 1151 748 τῶν
1190 697 1681 771 πολυπραγμόνων·

83 777 271 839 ,δεῖξόν
296 794 390 847 μοι
417 778 497 848 τῷ
525 779 668 851 λόγῳ
701 799 794 836 σου
824 785 924 855 τὴν
948 787 1059 842 τῶν
1086 791 1380 862 ὁρωμένων
1405 793 1681 851 οὑσίωσιν.

85 870 220 921 Εἰπὲ
257 871 392 942 ποίᾳ
421 873 583 945 τέχνῃ
633 874 732 945 τὴν
790 876 1139 951 πολύμορφον
1185 882 1390 955 ταύτην
1420 887 1683 957 ἐργασίαν

85 955 548 1028 ἐδημιούργησεν.
606 963 702 1014 Ἂν
750 964 859 1035 γὰρ
911 967 1086 1022 ταῦτα
1139 970 1401 1044 ἐξεύρῃς,
1451 955 1682 1041 ἐἰκότως

84 1048 394 1118 ἀμηχανεῖς
418 1051 514 1104 καὶ
555 1054 862 1125 ἀσχάλλεις,
915 1059 1049 1112 διότι
1079 1061 1178 1133 τὴν
1225 1067 1326 1136 τῆς
1355 1065 1681 1136 παλιγγενε-

88 1138 205 1202 σίας
241 1143 660 1216 μετακόσμησιν
692 1150 928 1216 ἀγνοεῖς,
967 1153 1119 1222 ὁτῆς
1163 1157 1435 1224 γενέσεως
1465 1159 1556 1214 τὸν
1593 1160 1680 1214 λό-

85 1248 177 1298 γον
205 1232 392 1298 εἰδώς.
426 1236 490 1290 Et
523 1237 580 1290 δὲ
618 1239 753 1312 ὄναρ
780 1259 863 1296 σοι
902 1244 1088 1301 ἐκεῖνα
1136 1249 1231 1301 καὶ
1276 1250 1679 1318 φαντασία,καὶ

84 1325 425 1394 πανταχόθεν
464 1329 496 1399 ἠ
539 1329 833 1400 ἐπίγνωσις
879 1334 1114 1407 ἄπορος.
1152 1339 1228 1410 μὴ
1272 1340 1676 1410 ἀγανάκτει.εί

81 1416 170 1468 τὸν
201 1417 366 1486 λόγον
392 1420 492 1491 τῆς
517 1425 864 1497 κατασκευῆς
885 1429 1118 1496 ἀγνοῶν,
1145 1431 1240 1486 καὶ
1271 1433 1370 1505 τὴν
1391 1435 1676 1505 διόρθωσιν

81 1508 172 1561 τοῦ
205 1508 516 1582 φθαρέντος
559 1514 620 1567 οὐ
673 1519 924 1589 συνορᾷς.
971 1520 1028 1573 '0
1073 1523 1236 1588 αὐτὸς
1269 1526 1518 1597 τεχνίτης
1559 1528 1675 1581 ἐστὶ

88 1602 178 1653 καὶ
203 1601 310 1672 τῆς
340 1604 567 1677 πρώτης
597 1607 846 1674 κτίσεως,
873 1612 1090 1682 καὶτῆς
1137 1615 1397 1689 δευτέρας
1438 1635 1672 1690 μετακο-

87 1695 361 1765 σμήσεως.
389 1693 546 1751 Οἶδεν
574 1699 724 1762 ὅπως
744 1701 807 1753 τὸ
839 1700 967 1755 ἴδιον
987 1703 1150 1774 ἔργον
1167 1705 1411 1762 διάλυσιν
1441 1711 1672 1783 ὑπομεῖ-

80 1806 174 1840 ναν
205 1791 546 1861 συναρμόσει
586 1792 748 1848 πάλιν
780 1797 861 1859 εἰς
904 1797 1003 1868 τὴν
1043 1798 1278 1870 ἀρχαίαν
1315 1804 1668 1863 κατάστασιν.

80 1880 140 1933 ΕΞ
170 1882 366 1949 σοφίας
401 1883 591 1954 χρεία,
625 1885 657 1955 ἡ
693 1886 843 1957 πηγὴ
889 1887 990 1958 τῆς
1033 1889 1226 1959 σοφίας
1285 1894 1416 1962 παρ’
1456 1894 1670 1966 ἐκείνῳ·

78 1972 464 2059 είᾼδυνάμεως,
503 1977 565 2028 οὐ
601 1977 793 2048 χρῄζει
832 1981 1093 2051 συνεργοῦ
1139 1983 1232 2036 καὶ
1283 1984 1668 2059 συλλήπτορος.

78 2055 244 2127 Οὗτός
272 2067 425 2118 ἐστιν
457 2067 485 2118 6
514 2067 653 2120 κατά
682 2067 782 2140 τὴν
816 2071 999 2141 φωνὴν
1041 2072 1135 2126 τοῦ
1173 2055 1499 2143 σοφωτάτου
1536 2055 1671 2151 Προ-

82 2159 246 2226 ςιήτου
290 2160 573 2231 μετρήσας
617 2163 684 2232 τῇ
719 2163 863 2233 χειρὶ
908 2164 969 2216 τὸ
1015 2164 1194 2238 ὕδωρ,
1232 2169 1326 2221 καὶ
1363 2170 1457 2222 τὸν
1496 2171 1668 2241 μέγαν

68 2250 165 2301 οιαὶ
216 2251 451 2305 ἄπλετον
480 2254 710 2324 οὐρανὸν
743 2255 1026 2328 σπιθαμῇ,
1058 2259 1154 2312 καὶ
1181 2260 1281 2331 τὴν
1328 2265 1432 2333 γῆν
1485 2263 1664 2335 δρακί.

90 2342 366 2413 ὒεώρησον
421 2347 668 2410 εἰκόνας,
714 2348 995 2420 ἐνεργείας
1035 2355 1238 2422 σημεῖα
1285 2357 1665 2428 παρεχομένας

83 2436 167 2504 ἧς
199 2437 444 2508 ἀρρήτου
479 2438 761 2508 δυνάμεως
788 2481 802 2503 ,
834 2441 1145 2510 ἀπόγνωσιν
1188 2445 1522 2516 ὲμποιούσας
1555 2454 1665 2514 τοῖς

80 2533 351 2600 λογισμοῖς
397 2531 573 2602 ἡμῶν,
613 2533 707 2586 τοῦ
754 2534 918 2605 μηδὲν
947 2535 1204 2591 δύνασθαι
1244 2539 1394 2606 ἄξιον
1431 2543 1530 2613 τῆς
1569 2542 1661 2596 τοῦ

73 2621 207 2674 Θεοῦ
257 2622 473 2690 φύσεως
519 2624 908 2696 φαντασθῆναι,
945 2628 1357 2700 Παντοδύναμος
1411 2634 1502 2686 καὶ
1545 2634 1661 2689 ἐστι

72 2716 162 2767 καὶ
197 2714 436 2782 λέγεται.
461 2715 612 2786 Τάχα
640 2716 748 2787 γὰρ
784 2718 843 2769 οὐ
880 2716 1286 2792 ζυγομαχῄσεις
1320 2723 1453 2794 πρὸς
1481 2723 1655 2791 τοῦτο,

72 2805 206 2858 ἀλλὰ
253 2805 447 2870 δώσεις
501 2807 576 2870 ὡς
634 2811 1124 2880 συγκεχωρημένον
1175 2818 1417 2884 κρατεῖν.
1457 2816 1547 2886 Τῷ
1602 2817 1659 2870 δὲ

75 2899 250 2950 πάντα
301 2897 608 2968 δυναμένῳ,
637 2899 790 2951 οὐδὲν
824 2901 1026 2970 ἄπορον
1059 2901 1091 2970 ἢ
1137 2902 1438 2973 ἀμήχανον.
1473 2907 1658 2976 Ἔχεις

73 2990 240 3042 πολλά
280 2989 380 3059 τῆς
428 2989 663 3054 πίστεως
706 2991 934 3063 ἐνέχυρα
973 2994 1390 3061 ἀναγκαστικῶς
1424 3014 1482 3050 σε
1532 3015 1655 3052 συν-

1791 521 1952 580 fidem
1980 525 2184 582 habere
2215 527 2374 584 decet
2409 527 2500 591 iis,
2543 544 2666 598 qua:
2705 544 2736 586 a
2769 528 2881 588 Deo
2919 532 3218 590 dicuntur:
3255 551 3375 590 mo.

1787 614 1890 670 dos
1923 623 2105 672 autem
2139 626 2194 673 et
2217 633 2418 676 causas
2440 620 2712 678 actionum
2736 630 2790 678 et
2813 638 3068 692 operum,
3106 632 3370 696 tanquam

1786 717 2030 764 nostram
2071 711 2490 782 intelligentiam
2522 716 2871 782 exrcdentes,
2920 721 3210 790 exquirere
3259 738 3370 780 non

1784 810 2016 869 Oportet.
2045 800 2269 861 Dicetur
2288 806 2436 863 enim
2463 808 2694 880 cuilibet
2722 808 2956 865 istorum
2977 813 3326 870 curiosorum
3351 833 3364 869 :

1783 891 2022 950 Ostende
2044 895 2177 948 mihi
2221 899 2433 952 ratione
2452 905 2620 966 atque
2641 901 2894 956 oratione
2931 909 3048 968 tua,
3091 905 3369 974 quomodo

1784 982 1864 1039 lim
1901 999 2008 1050 res,
2027 1003 2165 1054 quas
2198 987 2472 1070 videmus,
2499 991 2567 1046 ad
2593 991 2891 1049 essentiam
2920 995 3200 1063 producta:
3229 998 3364 1052 sint.

1782 1074 1879 1130 Dic
1912 1093 2020 1147 qua
2053 1091 2172 1134 arte
2212 1080 2555 1138 multiforme
2584 1097 2724 1153 opus
2761 1084 2866 1139 hoc
2887 1088 3117 1142 creavit.
3147 1087 3283 1143 Nam
3313 1091 3364 1146 si

1779 1167 1899 1223 haec
1934 1172 2338 1240 excogitaveris
2367 1183 2420 1229 et
2459 1177 2814 1244 compereris,
2847 1179 3042 1233 merito
3075 1182 3370 1250 perplexus

1777 1268 1832 1315 et
1865 1261 2162 1332 implicitus
2203 1264 2426 1321 haesitas
2451 1307 2467 1331 ,
2501 1278 2556 1322 et
2595 1283 2891 1324 succenses
2929 1279 2983 1326 et
3033 1272 3358 1342 indignaris,

1777 1355 1925 1424 quod
1950 1359 2388 1426 regenerationis
2428 1359 2979 1418 transformationem
3027 1365 3231 1432 nescis,
3266 1367 3360 1436 qui

1751 1445 2145 1514 .generationis
2174 1447 2443 1503 rationem
2486 1451 2632 1504 haud
2663 1453 2906 1523 ignores.
2954 1453 3113 1520 Quod
3168 1457 3214 1511 si
3270 1457 3360 1512 illa

1777 1538 1875 1592 tibi
1908 1538 2045 1591 nihil
2079 1540 2225 1594 aliud
2260 1557 2426 1612 quam
2452 1544 2725 1599 somnium
2761 1555 2818 1600 et
2872 1547 3191 1618 imaginatio
3233 1557 3361 1606 sunt

1775 1638 1940 1699 atque
1999 1630 2243 1700 undique
2315 1621 2557 1704 cognitio
2617 1637 2909 1706 perplexa,
2957 1639 3359 1710 inexplicabilis

1773 1729 1828 1776 et
1893 1722 2292 1793 investigabilis
2331 1734 2434 1790 est,
2484 1743 2554 1782 ne
2594 1727 2934 1800 indigneris,
2994 1732 3042 1786 si
3098 1749 3222 1787 cum
3271 1748 3360 1788 ra-

1773 1810 1974 1867 tionem
2034 1813 2414 1872 fabricationis
2483 1818 2737 1888 ignores,
2815 1822 2983 1876 etiam
3052 1825 3354 1881 correctio-

1775 1921 1902 1961 nem
1947 1916 2115 1977 atque
2160 1911 2565 1978 reparationem
2616 1916 2862 1984 corrupti
2899 1931 3012 1971 non
3067 1917 3353 1990 intelligis.

1771 1997 1918 2055 Idem
1950 2001 2146 2057 artifex
2184 2011 2270 2058 est
2301 2011 2355 2058 et
2409 2005 2597 2075 prima:
2630 2007 2929 2064 creationis
2978 2019 3034 2066 et
3091 2012 3352 2067 secunda:
3399 2023 3406 2032 '

1769 2093 2300 2152 transformationis.
2336 2096 2498 2153 Novit
2539 2101 2816 2171 quomodo
2843 2118 3004 2157 suum
3060 2118 3198 2174 opus
3236 2105 3356 2160 dis-

1770 2187 2011 2242 solutum
2037 2204 2233 2244 rursus
2268 2190 2582 2257 concinnet,
2619 2201 2674 2247 et
2704 2193 2772 2247 ad
2808 2195 3103 2264 pristinum
3146 2205 3352 2252 statum

1767 2280 2016 2335 reducat.
2060 2279 2117 2335 Si
2151 2282 2424 2352 sapientia
2452 2299 2591 2354 epus
2627 2294 2735 2348 est.
2787 2286 2913 2342 fons
2958 2288 3239 2358 sapientiae
3271 2299 3356 2344 est

1766 2370 1909 2440 apud
1942 2372 2094 2426 illum
2132 2391 2145 2428 :
2179 2373 2226 2428 si
2283 2377 2527 2444 potentia
2571 2384 2628 2430 et
2662 2377 2871 2432 viribus
2907 2393 3048 2448 opus
3102 2389 3208 2442 est,
3245 2396 3354 2434 non

1763 2462 1969 2534 indiget
1999 2464 2150 2519 socio
2175 2473 2342 2535 atque
2365 2465 2640 2536 adjutore.
2667 2466 2766 2522 llic
2794 2477 2879 2524 est
2931 2469 3022 2539 qui
3069 2469 3223 2537 juxta
3259 2485 3354 2524 vo-

1765 2570 1884 2609 cem
1920 2556 2316 2625 sapientissimi
2348 2561 2630 2629 prOpheta:
2658 2560 2700 2622 ⁷,
2732 2575 2896 2613 manu
2938 2576 3038 2615 sua
3065 2560 3353 2616 dimensus

1761 2657 1845 2707 est
1874 2664 2096 2720 aquam,
2128 2660 2182 2705 et
2205 2666 2460 2722 magnum
2491 2659 2546 2705 et
2565 2651 2894 2706 immensum
2921 2653 3120 2707 cmlum
3146 2653 3349 2722 palmo,

1761 2749 1815 2794 et
1846 2750 2048 2798 terram
2088 2757 2290 2812 pugno.
2328 2742 2720 2814 Contetnplare
2756 2743 3043 2814 imagines,
3075 2745 3350 2800 evidentia

1761 2835 1918 2904 signa
1949 2836 2256 2906 prazbentes
2293 2835 2582 2892 ineﬂ‘abilis
2615 2837 2891 2906 potentiae,
2924 2837 3350 2906 cogitationibus

1761 2927 1967 2983 nostris
1997 2926 2438 2997 desperationem
2461 2925 2806 2989 inducentes,
2832 2924 2968 2978 nihil
2997 2925 3220 2994 dignum
3256 2925 3348 2987 Dei

1759 3025 1956 3074 natura
1988 3033 2152 3089 posse
2183 3032 2286 3074 nos
2340 3017 2650 3090 imaginari.
2679 3014 3042 3088 Omnipotens
3080 3027 3132 3073 et
3171 3028 3256 3073 est
3285 3029 3342 3075 et

72 3084 363 3138 ελαῦνοντα
413 3083 552 3155 πρὸς
583 3084 642 3137 τὸ
689 3084 1028 3140 συντίθεσθαι
1064 3091 1177 3152 τοῖς
1204 3091 1334 3161 παρ’
1371 3093 1528 3164 ἡμῶν
1569 3095 1657 3148 λε-

1763 3111 1990 3166 dicitur.
2027 3109 2284 3166 Forsitan
2334 3109 2480 3166 enim
2522 3125 2634 3164 non
2688 3108 3068 3166 adversaberis
3124 3111 3180 3165 in
3221 3111 3346 3182 hoc,

71 3177 351 3246 γομένοις·
385 3175 602 3246 πρῶτον
642 3175 741 3245 μὲν
779 3177 960 3229 πᾶσαν
1004 3177 1102 3246 τὴν
1143 3179 1394 3252 ποικίλην
1433 3182 1527 3236 καὶ
1559 3202 1658 3238 που

72 3269 394 3322 λυσύνθετον
423 3267 601 3320 κτίσιν
632 3266 844 3337 βοῶσαν
869 3268 1070 3333 παντὸς
1111 3271 1464 3344 κηρύγματος
1497 3277 1659 3348 εὐση-

75 3364 322 3432 μότερον,
348 3363 430 3414 ὅτι
467 3362 497 3414 6
551 3359 725 3431 μέγας
779 3360 869 3412 καὶ
917 3360 1082 3428 σοφὸς
1113 3366 1384 3436 τεχνίτης,
1419 3369 1448 3421 ὁ
1479 3370 1659 3424 πάντα

71 3457 134 3508 τὰ
168 3455 478 3525 βλεπόμενα
519 3452 940 3524 τεχνησάμενος.
974 3454 1115 3524 Πρὸς
1161 3455 1216 3507 δὲ
1266 3457 1470 3530 ταύτην
1519 3477 1657 3532 προ-

75 3548 251 3619 μηθὴς
288 3546 365 3598 ῶν
421 3548 451 3599 6
497 3545 666 3609 Θεὸς,
701 3547 796 3598 καὶ
844 3543 912 3597 τὰ
961 3545 1069 3598 τῶν
1127 3547 1370 3603 ἀπίστων
1412 3552 1656 3624 ψυχάρια

71 3638 353 3711 πόρρωθεν
411 3635 680 3707 καθορῶν,
729 3635 876 3708 ἔργῳ
911 3637 1012 3708 τὴν
1044 3638 1154 3692 τῶν
1199 3642 1407 3712 νεκρῶν
1439 3643 1656 3716 ἔγερσιν

72 3735 424 3797 ὲὸεϐαίωσεν,
452 3731 621 3786 πολλά
653 3729 882 3802 σώματα
918 3732 1029 3786 τῶν
1057 3735 1520 3808 τετελευτηκότων
1553 3744 1657 3810 ψυ-

71 3826 267 3894 χὼσας.
296 3825 397 3878 Διά
423 3823 582 3878 τοῦτο
610 3823 859 3896 Λάζαρος
892 3828 1267 3898 τετραήμερος
1313 3832 1504 3900 νεκρὸς
1557 3833 1656 3903 τῆς

73 3920 239 3990 θήκης
267 3917 498 3988 ἐξήλατο
522 3933 535 3947 ·
571 3918 667 3972 καὶ
693 3917 792 3987 τῆς
822 3918 998 3988 χήρας
1020 3921 1048 3972 6
1089 3921 1382 3993 μονογενὴς
1417 3923 1652 3994 ἀπεδόθη

71 4016 130 4082 τῇ
155 4012 350 4084 μητρὶ,
375 4012 442 4064 ὲκ
469 4010 570 4082 τῆς
600 4011 788 4081 κλίνης
821 4013 914 4065 καὶ
944 4013 1043 4084 τῆς
1080 4014 1318 4084 ἐκφορᾶς
1364 4017 1499 4088 πρὸς
1525 4019 1654 4083 τοὺς

72 4105 276 4168 ζῶντας
300 4103 607 4170 ἀναλυθεὶς,
657 4105 751 4156 καὶ
782 4103 930 4158 ἄλλοι
966 4107 1148 4176 μυρίοι
1196 4106 1290 4171 οὓς
1321 4107 1652 4180 ἀπαριθμεῖ-

72 4199 185 4252 σθαι
215 4196 314 4250 νῦν
343 4196 594 4268 ὁχληρόν.
632 4196 697 4252 Τί
746 4197 892 4266 λέγω
923 4200 1053 4270 περὶ
1084 4200 1180 4255 τοῦ
1233 4199 1368 4254 Θεοῦ
1401 4203 1494 4255 καὶ
1541 4204 1655 4257 Σω-

68 4294 224 4363 τῆρὸς
247 4334 261 4358 ,
283 4291 449 4344 ὁπότε
473 4332 486 4355 ,
537 4291 624 4343 ἵνα
671 4291 931 4345 ὲπιπλέον
975 4293 1367 4363 δυσωπηθῶσιν
1395 4297 1443 4348 oi
1483 4297 1653 4367 ἀμφι⁴

68 4385 375 4448 ϐάλλοντες,
406 4383 503 4436 καὶ
551 4386 662 4446 τοῖς
717 4383 925 4447 δούλοις
967 4384 1133 4439 αὐτοῦ
1173 4389 1285 4450 τοῖς
1333 4388 1651 4454 ἀποστόλοις

1761 3207 1856 3258 sed
1884 3203 2042 3259 dabis
2072 3211 2334 3274 tanquam
2363 3218 2690 3260 concessum
2747 3204 3017 3270 obtinere,
3050 3212 3218 3275 atque
3263 3206 3341 3264 ita

1762 3312 1820 3354 se
1853 3295 2075 3354 habere.
2121 3297 2190 3352 At
2224 3295 2276 3352 ei
2328 3297 2423 3370 qui
2452 3298 2637 3352 omnia
2664 3305 2868 3369 potest,
2910 3297 3047 3354 nihil
3095 3307 3181 3354 est
3225 3313 3347 3368 per-

1758 3390 1999 3460 plexum,
2037 3389 2176 3446 nihil
2219 3391 2366 3462 quod
2407 3391 2667 3462 explicari
2691 3400 2786 3448 aut
2813 3391 3060 3463 expediri
3091 3391 3348 3462 perficive

1759 3497 1868 3536 non
1911 3483 2110 3556 possit.
2144 3479 2312 3538 Multa
2346 3483 2469 3538 ﬁdei
2501 3484 2735 3556 pignora
2784 3485 2976 3562 habes,
3001 3501 3124 3555 qum
3153 3500 3348 3541 neces-

1758 3575 1906 3629 sario
1939 3582 1994 3630 te
2021 3575 2370 3645 compellant,
2407 3584 2467 3630 ut
2493 3578 2817 3634 assentiaris
2849 3578 2938 3645 iis,
2963 3594 3086 3650 quze
3124 3593 3155 3632 a
3188 3579 3346 3642 nobis

1757 3667 2019 3722 dicuntur
2053 3686 2066 3722 :
2130 3668 2367 3738 primum
2403 3669 2623 3739 quidem
2680 3670 2993 3726 universam
3030 3678 3343 3726 creaturam

1755 3760 1968 3814 variam
1983 3768 2039 3814 et
2070 3759 2452 3829 multiplicem,
2476 3761 2726 3830 cujusvis
2769 3763 3039 3832 praeconis
3075 3778 3209 3818 voce
3235 3763 3346 3816 cla-

1756 3853 1872 3906 rius
1898 3858 1952 3906 et
1973 3852 2379 3920 significantius
2402 3855 2856 3924 proclamantem,
2883 3855 3028 3925 quod
3047 3866 3344 3926 ermagnus

1755 3953 1810 3998 et
1843 3945 2065 4014 sapiens
2097 3945 2296 4000 artifex
2333 3946 2406 4000 sit
2435 3947 2506 4011 is,
2533 3948 2627 4006 aui
2659 3962 2722 4001 ea
2769 3962 2893 4018 quae
2930 3947 3212 4010 videnlur,
3264 3947 3343 4000 fa.-

1753 4035 2001 4090 bricatns
2033 4042 2137 4089 est.
2173 4033 2310 4090 Cum
2339 4043 2523 4090 autem
2564 4037 2832 4092 adversus
2856 4038 2998 4093 hanc
3032 4046 3341 4094 creaturam

1756 4126 1899 4182 Deus
1952 4128 2215 4198 providus
2250 4129 2344 4192 sit,
2377 4136 2545 4199 atque
2587 4130 2752 4185 etiam
2802 4131 2995 4200 procul
3043 4129 3340 4186 inﬁdelium

1755 4220 2026 4274 animulas
2085 4219 2409 4285 intueatur,
2461 4221 2582 4291 ipso
2643 4237 2810 4292 opere
2870 4222 3339 4294 resurrectionem

1753 4319 2095 4367 mortuorum
2114 4311 2484 4377 confirmavit,
2511 4312 2700 4368 multis
2728 4314 3062 4384 corporibus
3093 4321 3340 4370 mortuo-

1731 4404 1873 4458 ’rnm
1901 4405 2082 4458 anima
2116 4405 2393 4460 restituta.
2427 4403 2542 4460 Hac
2585 4406 2653 4463 de
2683 4421 2850 4463 causa
2898 4406 3140 4464 Lazarus
3169 4423 3340 4478 quaro

69 4478 154 4549 τὴν
189 4477 284 4530 τοῦ
320 4478 555 4547 ἐγείρειν
579 4476 804 4547 νεκροὺς
827 4476 1119 4548 ἐχαρίσατο
1165 4479 1429 4551 δύναμιν;
1465 4483 1648 4536 Ἔστιν

1762 4504 1866 4550 tum
1893 4493 2007 4564 jam
2047 4495 2190 4552 dicm
2230 4504 2481 4552 mortuus
2506 4497 2728 4553 exsiluit
2759 4513 2791 4554 e
2816 4498 3074 4569 sepulcro
3095 4499 3164 4553 τ’.
3187 4474 3338 4553 ἶ]ιή-

69 4567 152 4625 οὖν
189 4573 222 4641 ἡ
262 4569 539 4634 ἀπόδειξις
583 4569 844 4640 ἐναργής.
877 4570 987 4626 Καὶ
1020 4570 1110 4625 διὰ
1149 4572 1223 4633 τί,
1257 4575 1305 4628 οἱ
1338 4573 1650 4642 φιλόνεικοι,

70 4665 367 4735 πράγματα
422 4664 555 4732 ἡμῖν
589 4662 878 4740 παρέχετε,
911 4663 987 4726 ὡς
1040 4665 1446 4720 ἀναποδείκτων
1474 4667 1650 4735 λόγων

69 4756 386 4825 ἐξηγηταῖς;
424 4755 511 4816 Ὠς
558 4748 639 4816 εἷς
689 4753 932 4826 ἠγέρθη,
963 4754 1107 4810 οὕτω
1138 4758 1232 4810 καὶ
1268 4757 1434 4812 δέκαο
1480 4759 1556 4823 ὡς
1600 4763 1649 4814 οἱ

69 4852 227 4916 δέκα,
276 4851 372 4903 καὶ
417 4849 758 4920 τριακόσιοι·
805 4850 880 4913 ὡς
917 4853 1251 4921 τριακόσιοι,
1299 4854 1392 4907 καὶ
1440 4855 1643 4910 πολλοί.

79 4945 131 4997 '0
190 4943 303 5014 γὰρ
357 4942 476 5006 ἑνὸς
528 4942 844 5013 ἀνδριάντος
893 4944 1174 5015 τεχνίτης,
1244 4945 1395 5000 ἔσται
1447 4949 1653 5020 ῥᾳδίως

71 5039 153 5091 καὶ
199 5037 410 5108 μυρίων
451 5035 803 5106 δημιουργός.
863 5037 975 5091 Οὐκ
1027 5037 1196 5092 εἴδετε
1243 5040 1370 5103 τοὺς
1414 5057 1646 5112 μηχανι-

69 5131 224 5192 κοὺς,
265 5129 418 5190 ὃπως
462 5126 571 5179 τῶν
624 5127 876 5197 μεγάλων
921 5127 1016 5181 καὶ
1059 5127 1311 5194 ἐξαισίων
1361 5131 1646 5204 οἰκοδομη-

70 5223 243 5290 μάτων
289 5222 349 5272 ὲν
394 5218 563 5288 ὀλίγῳ
597 5218 753 5289 κηρῷ
774 5220 873 5283 τὰς
909 5220 1123 5291 μορφὰς
1163 5223 1258 5275 καὶ
1289 5224 1414 5288 τοὺς
1442 5224 1647 5293 τύπους

67 5311 656 5382 mesanculae-council;
676 5310 786 5363 Kal
810 5312 838 5363 6
857 5311 916 5364 ἐν
939 5311 1019 5382 τῷ
1044 5313 1226 5384 μικρῷ
1250 5315 1402 5383 λόγος
1426 5316 1524 5386 τὴν
1543 5319 1644 5372 αὑ-

67 5406 147 5475 τὴν
177 5404 291 5474 ἔχει
319 5402 549 5472 δύναμιν
579 5403 637 5454 ἐν
668 5404 788 5467 ταῖς
823 5401 1045 5467 πολλαῖς
1071 5407 1164 5458 καὶ
1193 5407 1457 5476 μεγάλαις
1483 5426 1646 5464 κατα-

70 5499 299 5559 σκευαῖς.
314 5495 507 5562 Μέγας
533 5495 562 5545 6
583 5493 830 5566 οὐρανὸς,
851 5497 1095 5564 τεχνικὸν
1114 5497 1208 5551 τοῦ
1231 5498 1365 5552 Θεοῦ
1382 5500 1642 5573 δημιούρ-

67 5598 227 5652 γημα.
270 5581 492 5652 Ἐπειδὴ
527 5581 584 5634 δὲ
620 5582 837 5651 λογικὸν
858 5581 998 5647 ζῶον
1029 5587 1057 5640 6
1083 5586 1214 5651 Θεὸς
1242 5588 1333 5642 τὸν
1354 5589 1639 5662 ἄνθρωπον

129 5769 275 5826 ’lsa.
308 5785 402 5839 ιι,
433 5772 516 5828 12.
596 5773 816 5848 "Joan.
850 5794 923 5844 ιιι,
957 5777 1045 5834 45.
1123 5780 1138 5808 ⁸
1173 5778 1308 5834 Luc.
1348 5795 1442 5848 vn,
1474 5779 1558 5834 15.

1748 4604 1847 4644 cus
1889 4588 2018 4643 item
2054 4588 2144 4643 ille
2182 4589 2363 4645 viduae
2395 4589 2538 4645 filius
2561 4605 2629 4644 ex
2659 4591 2877 4657 lectica,
2934 4607 3046 4661 qua
3077 4589 3338 4646 effereba-

1748 4691 1857 4744 tur,
1893 4680 1959 4734 ad
1989 4680 2140 4736 vivos
2172 4689 2466 4736 revocatus
2522 4683 2683 4737 matri
2717 4699 2830 4739 suae
2873 4684 3128 4740 redditus
3157 4695 3242 4740 est
3270 4685 3291 4716 ⁸
3319 4702 3334 4740 :

1746 4766 1911 4842 atque
1943 4773 2033 4826 alii
2087 4773 2371 4834 sexcenti,
2406 4789 2546 4843 quos
2585 4790 2914 4833 enumerare
2961 4791 3112 4831 nunc
3166 4777 3336 4831 mole.

1745 4873 1888 4918 stum
1920 4864 2102 4918 fuerit.
2136 4863 2279 4930 Quid
2307 4863 2438 4919 dico
2458 4863 2526 4920 de
2548 4865 2658 4921 Deo
2694 4881 2760 4921 ac
2807 4867 3138 4922 Scrvatore?
3162 4882 3336 4937 quan-

1749 4956 2064 5026 doquidem,
2109 4966 2166 5011 ut
2217 4955 2392 5026 magis
2445 4954 2739 5012 ﬂectantur
2772 4967 2826 5012 et
2874 4966 3199 5014 moveantur
3255 4957 3331 5013 illi

1747 5053 1840 5119 qui
1874 5048 2177 5118 ambigunt,
2218 5047 2384 5102 etiam
2416 5050 2592 5106 servis
2620 5052 2737 5106 suis
2777 5052 3046 5121 apostolis
3086 5060 3332 5107 mortuos

1746 5139 2020 5196 excitandi
2053 5139 2310 5192 virtutem
2337 5139 2572 5210 largitus
2595 5150 2696 5196 est.
2736 5140 3140 5197 Demonstratio
3167 5141 3337 5209 igitur

1745 5231 1971 5289 evidens
1990 5238 2075 5286 est
2096 5245 2158 5284 ac
2177 5227 2486 5286 manifesta.
2516 5230 2581 5286 Et
2602 5245 2702 5286 cur
2717 5232 2874 5287 nobis
2887 5231 3163 5302 negotium
3179 5229 3335 5286 exbi‘

1749 5325 1909 5386 betis.
1926 5325 2276 5390 contentiosi,
2296 5325 2456 5396 quasi
2476 5340 2815 5388 sermonum,
2835 5325 2926 5394 qui
2954 5325 3323 5382 demonstrari

1749 5429 1862 5469 non
1886 5415 2124 5485 possint,
2158 5415 2519 5470 auctoribus?
2555 5415 3025 5481 Quemadmodum
3065 5432 3208 5472 unus
3232 5432 3326 5472 ex-

1748 5505 1952 5562 citatus
1972 5513 2075 5571 est,
2111 5507 2300 5563 eodem
2335 5506 2500 5561 modo
2527 5506 2740 5570 decem,
2773 5507 2847 5562 ita
2876 5517 2932 5563 et
2965 5509 3227 5576 trecenti;
3265 5523 3325 5563 ιιι

1748 5600 1998 5663 trecenti,
2033 5599 2107 5654 ita
2137 5598 2301 5654 etiam
2331 5599 2537 5670 plures.
2575 5595 2753 5654 Unius
2779 5599 2926 5654 enim
2959 5607 3157 5657 statuae
3189 5598 3323 5657 arti-
