3842 6426
495 299 598 354 667

1756 304 1812 358 S.
1855 303 2184 360 GBEGOBII
2221 303 2514 360 NYSSENI

3647 305 3750 358 Μ,ξῖ

497 417 584 472 fex
617 417 700 470 vel
737 423 1120 471 sexcentarum
1161 417 1319 472 facile
1359 419 1538 488 opifex
1581 419 1702 474 erit.
1740 423 1936 476 Annon
1987 422 2066 476 vi-

2177 423 2448 492 ἐποίησεν,
2479 423 2564 476 ἶνα
2596 425 2660 492 τῇ
2695 423 2992 493 καταλήψει
3039 422 3148 473 τῶν
3195 421 3514 490 ποιημάτιον
3547 417 3748 494 δοξάσῃ

495 509 636 564 detis
693 509 1074 574 mechanicos",
1131 512 1588 580 quemadmodum
1640 529 1962 583 magnorum
2010 523 2065 570 et

497 599 794 667 ingentium
827 599 1178 654 aediﬁciorum
1207 600 1412 655 formas
1445 609 1499 656 et
1537 602 1738 672 ﬁguras
1779 604 1832 656 in
1867 605 2061 674 exigua

494 705 616 744 cera
657 691 974 760 speciminis
1035 693 1156 748 loco
1203 693 1464 764 efﬁngunt
1511 703 1674 764 atque
1733 696 2065 764 designant?

495 785 572 836 Ae
597 784 736 838 ratio
785 799 906 852 quae
953 784 1004 837 in
1035 800 1206 854 parvo
1225 793 1328 848 est,
1386 787 1631 841 eamdem
1665 786 1770 842 vim
1795 787 1957 842 habet
2009 788 2062 842 in

494 875 683 928 multis
721 889 785 928 ac
809 875 1024 945 magnis
1059 877 1372 932 structuris.
1405 877 1656 949 Magnum
1717 879 1945 941 caelum,
1975 894 2066 932 ar-

493 967 788 1022 tiﬁciosum
819 966 910 1020 Dei
975 967 1254 1037 opiﬁcium
1297 977 1400 1024 est.
1463 970 1542 1025 Ac
1608 971 1867 1040 quoniam
1921 970 2063 1026 Deus

496 1056 774 1110 hominem
798 1057 998 1110 animal
1027 1059 1294 1112 rationale
1323 1058 1471 1122 fecit,
1491 1067 1550 1112 ut
1575 1061 2066 1130 comprehensione

494 1161 722 1216 operum
754 1147 1017 1216 gloriﬁcet
1047 1149 1348 1217 sapientem
1379 1159 1434 1202 et
1465 1151 1720 1204 solertem
1751 1165 1940 1204 eorum
1977 1151 2028 1204 fa
2049 1181 2062 1190 -

497 1239 844 1300 bricatorem,
897 1239 1082 1294 videas
1139 1242 1438 1294 astronomi
1502 1241 1768 1310 sphzeram
1839 1257 2061 1311 parvam

496 1328 739 1397 quidem,
769 1329 862 1383 sed
903 1329 952 1382 in
985 1344 1147 1382 manu
1183 1331 1408 1383 scientis
1445 1329 1518 1382 ita
1545 1332 1772 1392 moveri,
1805 1331 2066 1400 quemad-

495 1421 713 1474 modum
747 1435 778 1472 a
827 1419 934 1474 Deo
995 1421 1196 1474 cmlum
1229 1434 1496 1476 movetur.
1531 1422 1610 1476 Ac
1645 1422 1874 1475 minima
1919 1431 2066 1476 strn-

494 1520 652 1562 ctnra
717 1511 896 1581 magni
950 1511 1098 1566 illius
1151 1511 1352 1582 opilicii
1414 1512 1765 1567 simulacrum
1821 1521 1903 1567 est
1956 1531 1968 1565 :
2014 1521 2068 1566 et

495 1601 658 1666 ratio,
689 1617 810 1670 qua:
856 1602 907 1655 in
942 1603 1126 1672 parvis
1178 1613 1282 1670 est,
1314 1603 1558 1658 declarat
1613 1605 1900 1666 immensa,
1947 1621 2066 1673 quze

493 1699 742 1746 nostrum
771 1709 988 1748 sensum
1015 1702 1068 1748 et
1095 1695 1429 1750 intellectum
1459 1706 1790 1764 exsuperant
1813 1703 1866 1750 et
1897 1712 2065 1750 exce-

2163 513 2252 566 τὺν
2291 511 2448 580 σοφὸν
2491 513 2582 565 καὶ
2607 513 2912 583 εὐμήχανον
2943 510 3189 580 ποιητὴν,
3207 509 3400 578 Mrath
3423 509 3519 560 τοῦ
3545 511 3735 579 ἀστῷ.

2163 605 2326 674 νόμου
2358 605 2604 676 σφαιρίον
2630 607 2821 674 μικρὸν
2857 605 2974 669 μὲν,
3005 607 3064 656 ἐν
3085 604 3140 656 δὲ
3169 605 3234 671 τῇ
3263 603 3405 672 χειρὶ
3426 601 3748 670 κινούμενον

2163 697 2256 750 τοῦ
2284 699 2642 769 ἐπιστήμονος
2695 697 2868 759 οὕτως
2903 697 2978 759 ὡς
3009 695 3236 766 οὐρανὸς
3274 693 3422 764 παρά
3456 693 3550 746 τοῦ
3583 695 3744 754 Θεοῦ,

2164 791 2256 842 καὶ
2281 790 2340 842 τὸ
2357 790 2633 858 ἐλάχιστον
2653 788 3084 857 κατασκεύασμα
3103 787 3196 840 τοῦ
3224 787 3458 856 μεγάλου
3485 787 3746 855 δημιουρ-

2165 881 2412 949 γήματος
2445 877 2610 930 εἰκὼν
2631 879 2838 945 γίνεται
2873 893 2888 908 ⁸
2925 879 3020 930 καὶ
3041 880 3098 930 ὲν
3133 879 3245 939 τοῖς
3285 878 3502 946 μικροῖς
3525 877 3554 926 ὁ
3591 876 3746 941 λόγος

2167 969 2458 1039 ὲρμηνεύει
2508 967 2574 1020 τὰ
2609 969 2848 1039 ὐπέροχα
2895 970 2988 1022 καὶ
3015 969 3082 1020 τὰ
3125 969 3224 1038 τὴν
3275 967 3526 1036 αἴσθησιν
3587 965 3744 1034 ἡμῶν

2167 1058 2580 1130 ὑπερϐαίνοντα.
2601 1058 2784 1112 Ταῦτα
2821 1059 2876 1110 δὲ
2927 1059 3064 1129 πρὸς
3097 1058 3151 1109 τί
3183 1057 3397 1126 διῆλθον
3425 1074 3439 1114 ;
3473 1055 3560 1107 ἵνα
3591 1054 3744 1122 γινώ-

2167 1169 2302 1222 σκῃς
2324 1152 2404 1204 ὅτι
2436 1151 2538 1204 κᾶν
2569 1151 2846 1221 ἐρωτήσῃς
2879 1167 2944 1218 με
2977 1148 3095 1210 πῶς
3151 1147 3303 1200 ἔσται
3341 1148 3450 1200 τῶν
3481 1149 3578 1200 ἀπ’
3617 1145 3745 1198 αἰῶ-

2167 1261 2254 1305 νος
2285 1243 2552 1312 σωμάτων
2577 1243 2608 1310 ή
2641 1241 2932 1302 ἀνάστασις
2951 1282 2966 1300 ,
2997 1239 3304 1311 ἀντακούσῃ
3353 1241 3586 1308 ταχέως,
3623 1237 3744 1298 Πῶς

2165 1334 2194 1384 ὁ
2225 1334 2598 1404 τετραήμερος
2651 1331 2859 1404 ἠγέρθη
2897 1331 3144 1404 Λάζαρος
3175 1349 3188 1398 ;
3225 1331 3495 1402 Πρόδηλον
3529 1333 3640 1401 γὰρ
3671 1331 3745 1393 ὡς

2165 1421 2261 1492 τὴν
2289 1423 2380 1474 ἐπὶ
2419 1421 2495 1491 τῷ
2519 1423 2598 1474 ἐνὶ
2621 1422 2724 1491 πλη
2735 1422 3008 1490 ροφορίαν,
3037 1423 3142 1475 κὰν
3169 1425 3282 1484 τοῖς
3299 1422 3514 1484 πολλοῖς
3541 1421 3742 1490 ὁμοίως

2169 1513 2460 1584 σωφρονῶν
2491 1512 2866 1582 παραδέξεται.
2912 1511 3044 1564 Θεὸν
3073 1513 3454 1580 ὑποτιθέμενος
3495 1513 3587 1564 τὸν
3629 1529 3742 1563 ποι-

2165 1604 2329 1658 οῦντα
2355 1645 2370 1668 ,
2408 1603 2574 1674 μηδὲν
2623 1603 2786 1674 είπῃς
2815 1601 3096 1664 ἀδύνατον,
3147 1602 3280 1673 μηδὲ
3313 1606 3380 1672 τῇ
3429 1601 3630 1654 σαυτοῦ
3665 1603 3744 1652 ὲν-

2167 1697 2285 1768 νοίςι
2313 1695 2664 1765 καταληπτὴν
2695 1694 2924 1764 νομίσῃς
2951 1693 3048 1763 τὴν
3089 1694 3183 1747 τοῦ
3215 1693 3608 1764 ἀκαταλήπτου
3657 1711 3742 1745 σο-

493 1781 650 1836 dunt.
687 1783 791 1837 Sed
814 1801 912 1838 cur
947 1787 1058 1840 haec
1087 1787 1312 1856 exposui
1331 1789 1354 1840 ’ἶ
1393 1799 1451 1842 ut
1483 1789 1778 1858 intelligas,
1828 1789 1976 1858 quod
2017 1789 2064 1844 si

2170 1788 2314 1858 φίαν.
2351 1785 2486 1840 Οὔτε
2531 1785 2640 1856 γὰρ
2671 1785 2862 1854 ἐκείνῳ
2881 1801 2933 1838 τι
2977 1784 3220 1854 ἄπειρον,
3249 1786 3342 1838 καὶ
3393 1785 3476 1838 σοὶ
3521 1785 3595 1838 τά
3647 1783 3738 1836 τοῦ

494 1888 578 1926 me
632 1889 848 1944 quoque
901 1877 1361 1946 interrogaveris,
1413 1879 1688 1948 quomodo
1737 1895 2064 1948 corporum,

491 1979 612 2030 quia
647 1965 716 2018 ah
770 1967 970 2020 sreculo
1004 1985 1178 2038 usque
1211 1969 1450 2033 fuerunt,
1489 1971 1824 2024 resurrectio
1889 1971 2072 2023 futura

2173 1880 2402 1950 ἀπείρου
2434 1879 2586 1945 ἀνεξε
2596 1877 2832 1948 ρεύνητα

490 2053 624 2114 erit,
661 2065 854 2110 contra
889 2059 1068 2112 statim
1121 2061 1311 2116 audies
1342 2079 1356 2113 :
1389 2059 1661 2130 quomodo
1689 2059 1951 2122 Lazarus,
1993 2061 2088 2130 qui
2120 2071 2372 2130 quartum
2409 2060 2520 2129 jam
2553 2059 2698 2114 diem
2747 2059 2993 2128 sepultus
3037 2067 3184 2120 erat,
3219 2059 3574 2119 resuscitatus
3629 2063 3744 2114 est?

491 2131 846 2214 Perspicuum
881 2151 1022 2204 enim
1064 2159 1169 2211 est.
1203 2153 1346 2220 quod
1384 2167 1503 2206 eam
1545 2151 1704 2206 ﬁdem
1739 2163 1793 2207 et
1833 2152 2204 2222 probationem
2237 2167 2354 2222 quae
2387 2152 2438 2204 in
2479 2165 2588 2206 uno
2631 2150 2707 2208 ﬁt.
2761 2151 2922 2205 etiam
2959 2151 3012 2204 in
3069 2151 3251 2204 multis
3291 2150 3544 2204 similiter
3584 2149 3746 2203 homo

491 2251 659 2292 sanus
715 2238 1019 2294 admiserit.
1065 2240 1252 2296 Posito
1310 2242 1452 2310 quod
1492 2241 1635 2298 Deus
1675 2243 1767 2306 sit,
1799 2242 1892 2312 qui
1931 2243 2116 2308 faciat,
2157 2244 2292 2298 nihil
2351 2243 2554 2297 dixeris
2587 2243 2740 2310 essef,
2773 2241 2920 2312 quod
2973 2241 3092 2296 ﬁeri
3140 2257 3246 2295 non
3301 2243 3474 2310 possit
3517 2259 3528 2294 :
3571 2257 3746 2312 neque

491 2341 582 2385 tua
641 2332 968 2400 cogitatione
1017 2333 1222 2401 percipi
1261 2349 1422 2403 posse
1471 2343 1629 2404 putes
1669 2336 1838 2402 illius,
1880 2336 1972 2405 qui
2011 2333 2398 2404 comprehendi
2447 2349 2555 2388 non
2605 2341 2822 2402 potest,
2869 2331 3214 2402 sapientiam.
3265 2330 3448 2400 Neque
3487 2333 3636 2386 enim
3669 2333 3742 2410 illi

423 2459 426 2462 -
489 2425 789 2494 quidquazc.
837 2423 1106 2478 inﬁnitum
1151 2443 1166 2478 :

491 2531 636 2578 sunt.

563 2657 881 2714 Videbimus
948 2667 1128 2713 autem
1195 2660 1336 2714 hanc
1396 2663 1662 2716 rationem
1709 2663 1955 2734 pulchre,
2015 2665 2060 2719 si

491 2760 690 2822 praeter
722 2767 783 2806 ea
807 2766 928 2822 quae
950 2751 1096 2804 dicta
1118 2761 1266 2818 sunt,
1297 2765 1604 2808 scrutemur
1633 2763 1688 2810 et
1709 2759 2063 2826 exquiramus

491 2845 712 2898 modum
749 2843 1119 2912 generationis
1163 2855 1387 2906 nostra),
1421 2861 1528 2900 non
1559 2846 1794 2915 primum
1843 2857 1895 2900 et
1925 2847 2066 2899 anti-

491 2933 814 3006 quissimum
841 2934 1015 2998 illum,
1045 2953 1073 2988 a
1107 2935 1217 2989 Deo
1241 2937 1514 3005 proditum
1540 2949 1594 2991 et
1625 2939 1958 3000 iustitutmn,
1999 2939 2066 2992 de

490 3026 680 3096 quoin
722 3025 1098 3094 superioribus
1145 3027 1286 3080 dicta
1318 3035 1444 3082 sunt
1503 3027 1649 3094 haec;
1683 3027 1778 3082 sed
1809 3043 1930 3082 eum
1972 3029 2064 3096 qui

493 3133 670 3186 usque
693 3117 758 3171 ad
788 3115 891 3170 hoc
927 3125 1144 3186 tempus
1172 3121 1532 3174 consimiliter
1565 3135 1594 3171 a
1636 3128 1828 3174 natura
1859 3119 2068 3189 perﬁci-

494 3215 606 3262 tur.
629 3206 1037 3276 lnexplicabilis
1069 3209 1212 3263 enim
1240 3209 1330 3262 hic
1379 3219 1484 3272 est,
1517 3217 1572 3264 et
1615 3210 1931 3280 Cogitationi
1961 3208 2066 3262 hu-
2093 3219 2136 3276 (τ,

493 3313 668 3352 manze
699 3299 1032 3354 inae-cessus.
1083 3297 1216 3353 Nam
1263 3317 1370 3371 qua
1407 3301 1640 3364 ratione,
1683 3316 1807 3355 cum
1839 3315 1925 3355 res
1965 3299 2066 3352 lm-

495 3389 661 3452 mida,
699 3391 850 3444 rudis
887 3401 940 3444 et
991 3391 1242 3446 informis
1277 3393 1372 3456 sit,
1416 3408 1600 3447 semen
1627 3394 1680 3447 in
1716 3401 1880 3462 caput
1935 3407 2068 3445 eon-

496 3482 716 3546 crescit,
747 3482 910 3536 tibias
948 3491 1000 3536 et
1032 3489 1216 3538 costas
1265 3485 1508 3539 durescit
1564 3493 1618 3538 et
1668 3485 2064 3549 consolidatur,

497 3569 781 3622 cerebrum
807 3569 1238 3625 eﬂicit'tenerum
1281 3586 1596 3640 rarumque,
1629 3583 1680 3624 et
1711 3587 1772 3625 os
1794 3589 1901 3641 quo
1931 3587 2066 3625 con-

495 3661 722 3724 tinetur,
765 3661 902 3716 adeo
937 3663 1132 3716 durum
1176 3679 1240 3717 ac
1289 3664 1545 3733 rigidum,
1591 3663 1798 3717 variam
1833 3663 2068 3733 denique

497 3753 752 3806 animalis
785 3751 1200 3808 fabricationem
1225 3763 1276 3808 et
1327 3754 1798 3823 compositionem.
1841 3761 1901 3806 nt
1946 3753 2070 3807 bre-

497 3845 637 3898 viter
679 3845 880 3912 dicam,
921 3861 984 3899 ac
1019 3846 1222 3900 nimius
1255 3863 1322 3900 ne
1357 3847 1460 3900 sim
1509 3847 1818 3900 minutatim
1855 3847 2066 3916 singula

497 3937 889 4005 persequendo.
929 3937 1398 4003 Quemadmodum
1449 3939 1612 4008 igitur
1657 3955 1865 4004 semen,
1922 3940 2066 4010 quod

497 4027 654 4080 initio
693 4027 926 4084 informe
959 4039 1066 4094 est,
1101 4029 1230 4083 dum
1286 4031 1500 4085 occulta
1536 4039 1588 4085 et
1635 4031 1892 4086 ineffabili
1952 4041 2070 4086 arte

499 4113 593 4170 Dei
627 4126 916 4186 tractatur,
949 4123 1004 4174 in
1046 4123 1281 4192 speciem
1324 4125 1612 4194 redigitur,
1641 4133 1696 4180 et
1725 4127 1780 4178 in
1836 4141 2066 4194 corpora

497 4209 808 4276 grandescit
857 4221 908 4265 et
960 4213 1220 4267 adolescit
1263 4233 1275 4267 :
1321 4215 1393 4267 ita
1447 4230 1556 4268 non
1611 4217 1773 4270 modo
1823 4233 1932 4270 non
1987 4225 2069 4270 est

497 4299 763 4354 absonum
810 4309 864 4356 et
923 4303 1250 4370 absurdum,
1303 4321 1488 4360 verum
1555 4309 1718 4362 etiam
1776 4309 2066 4362 admodum

496 4401 923 4448 consentaneum
977 4404 1140 4466 atque
1177 4399 1456 4466 probabile
1489 4401 1772 4454 materiam
1828 4417 1950 4470 qua:
1990 4411 2071 4454 est

492 4481 550 4534 in
625 4486 912 4550 sepulcris,
949 4503 1069 4556 quae
1102 4491 1374 4558 quondam
1405 4501 1520 4544 erat
1551 4493 1606 4546 in
1653 4491 1848 4552 forma,
1879 4507 2070 4546 rursus

1214 2433 1270 2478 at
1324 2425 1420 2479 tibi
1475 2443 1561 2490 ea,
1596 2443 1716 2496 quae
1755 2429 2026 2497 pertinent
2063 2429 2126 2482 ad
2173 2427 2374 2480 inﬁniti
2423 2431 2808 2496 quaestionem,
2849 2425 3228 2480 inscrutabilia
3256 2433 3310 2478 ct
3347 2425 3742 2496 investigabiha

2243 2662 2520 2733 Ὀψόμεθα
2548 2662 2604 2715 δὲ
2636 2661 2824 2714 τοῦτον
2853 2661 2942 2714 τὸν
2969 2660 3124 2728 λόγον
3147 2659 3346 2724 καλῶς,
3367 2660 3433 2713 ἂν
3470 2659 3607 2730 πρὸς
3635 2665 3744 2724 τοῖς

2161 2764 2470 2834 εἰρημένοις
2497 2763 2590 2816 καὶ
2621 2763 2710 2816 τὸν
2736 2763 2934 2834 τρόπον
2965 2764 3064 2832 τῆς
3107 2761 3374 2828 γενέσεως
3401 2763 3434 2832 ἡ
3445 2761 3561 2830 μῶν
3601 2762 3742 2814 δοκι·
3811 2821 3813 2828 η

2167 2856 2452 2924 μάσωμεν,
2487 2855 2546 2906 οὐ
2593 2853 2683 2906 τὸν
2737 2853 2949 2923 πρῶτον
2985 2853 3079 2906 καὶ
3123 2851 3492 2922 πρεσϐύτατον
3541 2855 3740 2906 ἐκεῖνον

2161 2949 2252 3000 τὸν
2293 2947 2448 3016 παρά
2474 2945 2629 3010 Θεοῦ,
2657 2947 2782 3016 περὶ
2810 2937 2870 2996 οῦ
2913 2947 2972 2998 ὲν
3015 2947 3128 3008 τοῖς
3175 2944 3481 3014 ἔμπροσθεν
3529 2944 3738 3015 εἴρηται

2173 3049 2374 3111 ταῦτα,
2411 3047 2545 3100 ἀλλὰ
2605 3047 2696 3100 τὸν
2747 3046 2908 3116 μέχρι
2951 3045 3046 3097 νῦν
3098 3045 3402 3108 ἀκολούθως
3447 3048 3598 3116 παρά
3647 3049 3742 3118 τῆς

2174 3149 2386 3218 φύσεως
2403 3145 2620 3199 ὲκτελού
2630 3163 2807 3216 μενον.
2832 3147 3066 3215 ’Λπορος
3090 3145 3160 3212 γὰ
3169 3163 3197 3215 ρ
3213 3139 3366 3207 οὗτος
3387 3145 3480 3198 καὶ
3503 3145 3744 3216 λογισμῷ

2167 3248 2490 3318 ἀνθρωπίνῳ
2537 3245 2848 3315 ἀπρόσιτος.
2893 3245 3017 3308 Πῶς
3047 3245 3154 3316 γὰρ
3203 3245 3264 3298 τὺ
3315 3247 3536 3316 σπέρμα
3589 3247 3746 3298 οὐσία

2167 3337 2300 3395 οὖσα
2351 3341 2492 3410 ὑγρά
2525 3341 2618 3392 καὶ
2663 3338 2934 3400 ἄπλαστος
2963 3339 3058 3391 καὶ
3095 3337 3354 3408 ἀνειδὴς,
3377 3340 3456 3400 είς
3509 3337 3745 3408 κεφαλὴν

2169 3445 2460 3512 πήγνυται,
2493 3439 2584 3492 καὶ
2614 3441 2692 3501 είς
2733 3439 3064 3508 ἀντικνήμια
3093 3438 3186 3491 καὶ
3219 3437 3458 3510 πλευρὰς
3493 3439 3740 3510 στερεοῦ-

2167 3553 2276 3598 ται,
2299 3533 2394 3586 καὶ
2431 3535 2573 3586 ποιεῖ
2604 3530 2904 3600 ἐγκέφαλον
2951 3530 3158 3585 ἁπαλὸν
3197 3533 3292 3584 καὶ
3343 3531 3530 3600 μανὸν,
3565 3532 3660 3582 καὶ
3691 3531 3750 3584 τὸ

2169 3627 2417 3698 περιέχον
2449 3625 2610 3679 αὐτὸν
2636 3624 2822 3676 ὀστέον
2863 3621 3006 3676 οὕτω
3041 3621 3272 3693 σκληρὸν
3315 3624 3408 3676 καὶ
3439 3623 3746 3686 ἁντιτυπὲς,

2170 3720 2262 3770 καὶ
2283 3719 2378 3786 τὴν
2401 3717 2648 3786 ποικίλην
2673 3716 2764 3770 τοῦ
2792 3715 2929 3779 {dicta
2964 3717 3330 3786 κατασκευὴν.
3363 3718 3448 3768 ἵνα
3473 3718 3745 3786 συντόμως

2169 3811 2328 3872 εἴπω,
2359 3809 2450 3862 καὶ
2471 3809 2546 3878 μὴ
2571 3827 2644 3860 πα
2654 3809 2826 3880 ρέλκω
2847 3807 3200 3879 λεπτομερῶς
3229 3807 3457 3872 ἐπεξιὼν
3479 3812 3592 3872 τοῖς
3617 3811 3740 3862 καθ-

2170 3902 2406 3966 ἐκαστας
2441 3903 2525 3964 Ὠς
2577 3897 2668 3953 οὖν
2723 3901 2782 3953 τὸ
2831 3900 3050 3971 σπέρμα
3101 3899 3339 3970 ὑπάρχον
3393 3901 3644 3971 ἄμορςξον
3691 3905 3746 3953 ὲν

2169 4005 2382 4072 ἀρχαῖς,
2418 4005 2496 4066 εἰς
2526 4003 2712 4072 σχῆμα
2745 4000 3028 4064 τυποῦται,
3057 4003 3150 4054 καὶ
3183 4003 3262 4062 είς
3299 4001 3496 4068 ὄγκους
3527 4002 3744 4072 ἁδρήνε-

2169 4113 2276 4155 ται,
2292 4097 2356 4164 τῇ
2383 4093 2676 4164 ἀπορρήτῳ
2701 4094 2794 4146 τοῦ
2819 4092 2954 4146 Θεοῦ
2985 4093 3521 4162 κατασκευαζόμενον
3548 4095 3708 4164 τέχνῃ
3727 4109 3738 4123 ·

2169 4193 2338 4255 οὕτως
2365 4193 2514 4245 οὐδὲν
2543 4191 2783 4254 ἀπεικὸς,
2819 4189 2952 4244 ἀλλά
2985 4190 3076 4243 καὶ
3113 4190 3254 4243 πάνυ
3293 4190 3584 4243 ἀκόλουθον
3603 4231 3618 4253 ,
3649 4190 3742 4260 τὴν

2171 4287 2226 4336 ἐν
2248 4289 2361 4346 τοῖς
2395 4285 2588 4352 τάφοις
2627 4282 2779 4352 ὓλην,
2817 4283 2914 4352 τήν
2947 4297 3077 4332 ποτε
3107 4275 3270 4333 οὖσαν
3305 4283 3362 4332 ἐν
3403 4279 3551 4344 εῖδει,
3591 4277 3741 4342 αὖθις

2171 4379 2251 4440 εἰς
2285 4378 2382 4446 τὴν
2415 4374 2651 4428 παλαιὰν
2681 4371 3132 4441 ἀνακαινισθῆναι
3167 4371 3476 4434 διάπλασιν,
3517 4373 3611 4424 καὶ
3641 4373 3738 4425 πά-

2171 4477 2254 4530 λιν
2301 4476 2548 4544 γενέσθαι
2595 4474 2684 4528 τὸν
2729 4473 2854 4544 χοῦν
2885 4473 3169 4543 ἄνθρωπον
3197 4489 3210 4502 ο
3237 4471 3424 4541 ὥσπερ
3451 4471 3516 4541 δὴ
3549 4473 3644 4524 καὶ
3687 4474 3742 4524 τὸ

497 4572 550 4624 in
589 4575 874 4642 pristinam
916 4579 1164 4633 renovari
1217 4579 1443 4650 ﬁguram
1475 4597 1538 4637 ac
1569 4597 1760 4636 rursus
1793 4583 2066 4652 pulverem

2173 4570 2386 4642 πρῶτον
2443 4567 2650 4622 ἐκεῖθεν
2695 4567 2818 4636 ἔσχε
2867 4566 2965 4636 τὴν
3015 4565 3246 4634 γένεσιν.
3297 4566 3740 4635 Συγχωρήσωμεν

495 4664 610 4716 ﬁeri
674 4665 947 4720 hominem
1001 4686 1016 4722 :
1067 4670 1523 4738 quemadmodum
1584 4671 1839 4726 nimirum
1907 4674 2072 4727 etiam

495 4757 654 4810 initio
691 4767 884 4812 nactus
921 4771 1003 4814 est
1057 4761 1182 4815 inde
1227 4767 1654 4831 generationem.
1693 4766 2073 4820 Concedamus

495 4849 628 4917 Deo,
671 4852 814 4920 quod
873 4864 1076 4906 tantum
1114 4859 1307 4924 possit,
1357 4869 1619 4927 quantum
1657 4860 1798 4912 valet
1829 4859 2068 4928 ﬁgulus:

493 4949 547 4995 et
577 4942 706 5010 quid
739 4941 824 4996 hic
859 4943 1043 5010 furiat,
1103 4929 1534 5004 consideremus.
1573 4949 1725 5004 Rude
1780 4959 1944 5020 atque
1989 4953 2073 5006 in-

495 5035 668 5089 forme
707 5035 878 5089 lutum
927 5051 1210 5110 acceptum
1259 5041 1324 5095 ad
1377 5041 1606 5097 formam
1651 5045 1798 5099 vasis
1846 5045 2063 5115 redigit,

494 5127 660 5196 idque
709 5129 879 5184 radiis
915 5133 1046 5185 solis
1092 5135 1398 5202 expositum
1448 5137 1617 5189 siccat
1659 5151 1720 5190 ac
1755 5137 1936 5190 durat.
1973 5138 2066 5193 Est

499 5229 700 5282 autem,
735 5221 888 5276 verbi
926 5223 1120 5290 gratia.
1149 5223 1200 5276 id
1232 5226 1376 5294 quod
1421 5227 1640 5296 ﬁngitur
1674 5237 1836 5286 atque
1873 5229 2067 5284 forma-

496 5317 586 5362 tur
621 5313 900 5376 urceolus,
935 5315 1018 5368 vel
1047 5315 1294 5382 scutella,
1327 5315 1407 5370 vel
1442 5317 1648 5370 dolium
1726 5319 1824 5374 ςυιι
1858 5337 1902 5374 ει
1933 5321 2064 5390 qtnd

499 5408 704 5457 temere
745 5405 999 5459 inciderit
1029 5413 1082 5459 et
1120 5407 1469 5473 subverterit,
1496 5409 1798 5477 collapsum
1833 5411 2068 5464 confrin~

503 5491 668 5558 gitur,
705 5505 758 5548 et
791 5497 945 5552 rudis
978 5507 1032 5552 et
1063 5497 1312 5554 informis
1353 5507 1494 5553 terra
1529 5501 1605 5565 ﬁt,
1638 5517 1901 5572 suamque
1939 5521 2066 5574 spe-

503 5579 640 5634 ciem
673 5583 888 5638 amittit.
929 5585 997 5639 At
1033 5589 1248 5656 artifex,
1289 5589 1337 5644 si
1369 5589 1624 5658 voluerit,
1663 5594 1918 5647 celeriter
1952 5610 2068 5648 cor-

501 5670 633 5744 rigit
653 5691 714 5730 ac
747 5676 916 5732 reficit
939 5678 988 5733 id
1013 5681 1154 5750 quod
1177 5699 1304 5741 casu
1331 5695 1644 5757 corruptum
1667 5695 1771 5752 est,
1789 5703 1850 5743 ac
1874 5703 2067 5744 rursus

2169 4670 2246 4740 τῷ
2269 4670 2386 4739 Θεῷ
2425 4668 2682 4722 δύνασθαι
2717 4665 2993 4728 τοσοῦτον,
3023 4667 3146 4718 ὅσον
3165 4668 3194 4718 ὁ
3231 4665 3504 4734 κεραμεὺς
3533 4666 3738 4733 ἰσχύει·

2168 4762 2220 4814 τί
2244 4765 2352 4832 γὰρ
2384 4755 2540 4824 οὗτος
2575 4761 2736 4818 ποιεῖ,
2755 4757 3116 4828 λογισώμεθα.
3155 4757 3330 4826 Πηλὸν
3355 4755 3534 4808 λαϐὼν
3569 4757 3736 4825 ἄμορ-

2169 4871 2288 4920 φον,
2323 4855 2400 4915 εἰς
2431 4851 2623 4914 σκεῦος
2663 4851 2916 4910 ὁδοποιεῖ,
2951 4851 3044 4903 καὶ
3073 4849 3232 4901 τοῦτο
3253 4849 3388 4918 πρὸς
3413 4847 3513 4916 τὴν
3551 4849 3737 4900 ἀκτῖνα

2167 4947 2266 5014 τὴν
2295 4943 2519 5014 ἡλιακὴν
2543 4943 2876 5015 προθέμενος
2913 4941 3154 5010 ξηραίνει
3181 4941 3274 4992 καὶ
3325 4939 3542 5006 στερεὸν
3571 4939 3736 5008 ἁπερ-

2173 5045 2415 5112 γάζεται.
2451 5045 2603 5097 Ἐστι
2632 5043 2688 5096 δὲ
2731 5040 3145 5112 ἀμφορίσκος,ἢ
3185 5039 3375 5103 πίναξ,
3411 5039 3444 5107 ἢ
3490 5037 3644 5100 πίθος
3683 5037 3738 5088 τὸ

2174 5137 2540 5206 πλαττόμενον
2563 5154 2578 5167 ·
2619 5136 2733 5190 ἀλλ’
2785 5133 3114 5204 ἐμπεσόντος
3165 5131 3308 5194 τινὸς
3355 5131 3604 5192 ἀτάκτως
3651 5131 3736 5182 καὶ

2174 5229 2591 5299 ἀνατρέψαντος,
2613 5227 2952 5298 συντρίϐεται
2983 5223 3349 5287 καταπεσὼν⁹,
3393 5223 3485 5274 καὶ
3539 5221 3736 5288 γίνεται

2173 5322 2495 5392 ἁμόρφωτος
2533 5322 2623 5391 γῆ.
2656 5323 2713 5374 '0
2742 5321 2798 5372 δὲ
2827 5319 3078 5390 τεχνίτης
3113 5315 3392 5387 βουληθεὶς
3433 5315 3600 5380 ὀξέως
3649 5316 3736 5364 ἐπ-

2173 5417 2389 5490 ανορθοῖ
2413 5418 2473 5469 τὸ
2521 5415 2753 5487 συμϐὰν,
2787 5415 2882 5468 καὶ
2915 5413 3079 5466 πάλιν
3106 5417 3274 5464 πηλὸν
3305 5409 3648 5478 σχηματίσας
3673 5408 3730 5472 τῇ

2171 5504 2353 5574 τέχνῃ,
2393 5503 2542 5558 οὐδὲν
2595 5505 2772 5574 χεῖρον
2807 5499 2902 5554 τοῦ
2946 5517 3074 5552 ποτε
3109 5499 3259 5562 ὄντος
3291 5495 3660 5564 ἀπεργάζεται
3681 5490 3732 5540 τὸ

2175 5597 2384 5660 σκεῦος.
2419 5597 2527 5649 Καὶ
2565 5597 2592 5648 ὁ
2627 5595 2723 5666 μὲν
2757 5593 3031 5664 κεραμεὺς
3063 5585 3237 5652 οὗτος,
3279 5587 3472 5658 μικρὸν
3519 5586 3616 5654 τῆς
3646 5579 3728 5633 τοῦ

2175 5693 2307 5746 Θεοῦ
2341 5692 2620 5758 δυνάμεως
2677 5690 2899 5758 κτίσμα,
2947 5689 2974 5740 ὁ
3021 5688 3076 5740 δὲ
3105 5687 3236 5750 Θεὸς
3289 5685 3598 5740 ἀπιστεῖται
3633 5677 3726 5730 ὑπ-
