3842 6422
147 369 255 425 669

148 480 502 552 ισχνούμενος
574 479 940 545 ἀνακαινίζειν
994 480 1084 534 τὸν
1139 483 1436 554 τεθνηκότα
1479 501 1493 549 ;

148 575 324 628 ταῦτα
342 575 444 644 τῆς
475 573 659 637 ἀνοίας
693 574 829 626 ἐστί.

222 837 604 909 (θεωρήσωμεν
641 840 734 892 καὶ
760 840 819 892 τὸ
841 838 935 892 τοῦ
981 840 1128 892 σίτου
1161 839 1464 910 ὑπόδειγμα
1483 881 1497 903 ,
1600 839 1749 893 Παύ-

158 928 247 991 λος
269 932 295 981 ό
320 930 596 998 πάνσοφος
617 931 856 984 παιδεύει
884 933 1008 996 τοὺς
1030 933 1288 1002 ἄφρονας,
1305 932 1743 1001 λέγωνῼἈφρον,

153 1023 236 1075 σὺ
266 1023 296 1075 ὃ
328 1025 618 1092 σπείρεις,
639 1028 709 1079 οὐ
737 1024 803 1078 τὸ
830 1024 1000 1095 σῶμα
1022 1026 1089 1078 τὸ
1123 1028 1534 1096 γενησόμενον
1568 1026 1713 1080 σπει
1727 1057 1742 1065 -

149 1131 300 1180 ρεις,
349 1114 510 1166 ἀλλὰ
558 1115 788 1183 γυμνὸν
843 1117 1090 1176 κόκκον,
1137 1119 1188 1170 εὶ
1245 1117 1446 1185 τύχοι,
1482 1117 1676 1180 σίτου,
1707 1115 1747 1184 ἦ

156 1220 321 1270 τινος
354 1203 476 1257 τῶν
497 1205 726 1259 λοιπῶν
758 1207 1113 1276 σπερμάτων
1133 1223 1146 1238 ·
1184 1211 1217 1262 ὁ
1244 1208 1312 1261 δὲ
1334 1208 1477 1273 Θεὸς
1501 1208 1750 1261 δίδωσιν

156 1294 320 1360 αυτῷ
386 1295 559 1366 σῶμα
582 1337 597 1359 ,
651 1297 844 1365 καθὼς
896 1299 1216 1366 ἠθέλησεν.
1267 1299 1531 1371 Ἀκριϐῶς
1583 1316 1747 1370 προσο

159 1386 374 1456 ἔχωμεν
399 1391 467 1458 τῇ
499 1387 712 1456 γενέσει
751 1390 844 1442 τοῦ
889 1391 1061 1454 σίτου,
1097 1391 1187 1444 καὶ
1233 1391 1371 1460 τάχα
1400 1391 1487 1444 τὸν
1511 1389 1746 1446 ἀναστά-

159 1497 296 1542 σεως
351 1481 506 1548 λόγον
566 1481 1034 1552 διδαχθησόμεθα·
1080 1483 1136 1536 Ὁ
1166 1485 1309 1546 σῖτος
1363 1484 1611 1554 ῥίπτεται
1669 1485 1747 1548 εἰς

155 1572 252 1643 τὴν
283 1573 410 1642 γῆν.
452 1573 745 1638 Διασαπεὶς
774 1574 828 1627 δὲ
856 1576 913 1626 ὲν
961 1577 1028 1644 τῇ
1054 1575 1240 1640 νοτίδι,
1269 1574 1363 1628 καὶ
1397 1574 1473 1638 ὡς
1509 1574 1575 1627 ἂν
1608 1576 1748 1629 είποι

157 1679 239 1724 τις
256 1663 616 1734 τελευτήσας,
642 1663 905 1734 ἀπολήγει
934 1665 1011 1728 εῖς
1038 1682 1159 1718 τινα
1190 1663 1510 1734 γαλακτώδη
1539 1665 1746 1728 οὐσίαν,

156 1755 279 1824 ἦτις
351 1757 588 1821 παγεῖσα
631 1754 842 1825 μικρὸν,
883 1755 975 1819 ὀξὺ
1022 1756 1114 1808 καὶ
1157 1755 1348 1808 λευκὸν
1386 1755 1590 1824 γίνεται
1627 1756 1747 1808 κέν-

1067 368 1135 422 IN
1165 368 1437 425 CHRISTI
1467 365 2100 430 RESURRECTIONEM
2142 373 2356 429 OBA'P.
2397 373 2485 429 lli.

3324 368 3424 424 670

1555 485 1760 556 Πολλῆς
1789 494 1833 548 Α
1863 499 1980 542 arte
2018 489 2192 541 lutum
2224 487 2431 556 ﬁngens
2458 485 2628 540 nihilo
2651 485 2832 555 priore
2856 446 3096 538 deterius
3120 497 3213 534 vas
3236 480 3423 535 efﬁcit.

1849 581 2026 648 Atque
2057 579 2144 632 hic
2176 576 2398 647 quidem
2442 577 2636 644 ﬁgulus
2667 589 2830 643 parva
2861 575 3116 642 potentiae
3152 571 3244 626 Dei
3272 586 3423 625 crea-

1851 679 1972 723 tura
2003 677 2105 733 est,
2136 677 2192 723 et
2229 668 2336 722 Deo
2371 682 2476 719 non
2510 666 2752 720 creditur
2774 664 3047 734 pollicenti
3089 680 3147 717 se
3181 671 3424 716 mortuos

1851 761 2277 816 renovaturum?
2307 759 2531 812 Multum
2565 759 2796 811 amentis
2819 767 2904 812 est
2925 758 3024 811 ista
3048 756 3422 826 pronuntiare.

1919 851 2343 906 Consideremus
2368 849 2494 902 item
2528 846 2943 900 similitudinem
2984 844 3174 908 tritici,
3208 858 3313 912 qua
3346 859 3425 896 sa-

1851 940 2230 1011 pientissimus
2249 937 2453 992 Paulus
2483 936 2806 1004 insipientes
2834 933 3062 1002 corripit
3081 941 3133 988 et
3161 933 3422 994 instituit,

1849 1034 2059 1092 dicens,
2091 1029 2281 1092 Stulte,
2321 1039 2376 1082 lu
2404 1027 2541 1098 quod
2559 1028 2806 1088 seminus,
2835 1043 2936 1079 non
2969 1027 3022 1077 id
3068 1025 3204 1093 quod
3240 1041 3426 1078 nasce-

1851 1134 1936 1178 tur
1979 1139 2168 1191 corpus
2218 1122 2468 1182 seminus,
2523 1119 2611 1172 sed
2658 1118 2856 1171 nudum
2897 1133 3145 1187 granum,
3199 1115 3425 1182 exempli

1848 1218 2044 1288 gratia,
2079 1214 2243 1268 tritici
2296 1221 2390 1266 aut
2447 1210 2677 1279 alicujus
2743 1209 3067 1278 reliquorum
3109 1207 3363 1260 seminum
3403 1221 3422 1258 :

1849 1311 1990 1364 Deus
2037 1318 2210 1362 autem
2255 1305 2348 1358 dat
2384 1305 2431 1358 ei
2467 1319 2684 1371 corpus,
2720 1300 3159 1370 quemadmodum
3188 1299 3350 1353 coluit
3379 1299 3421 1352 ⁹.

1851 1402 2143 1472 Diligenter
2176 1397 2520 1453 attendamus
2557 1393 2897 1465 generationi
2952 1392 3137 1454 tritici,
3200 1403 3251 1445 et
3282 1390 3427 1444 celi-.-

1849 1495 1983 1550 riter
2031 1489 2460 1548 resurrectionis
2493 1488 2757 1541 rationem
2809 1485 3112 1539 discemus.
3147 1481 3417 1536 Triticum

1850 1586 1904 1639 in
1941 1593 2141 1640 terram
2181 1583 2494 1653 projicitur,
2551 1577 3048 1649 computrefactum
3081 1589 3259 1631 autem
3311 1575 3417 1628 hu-

1848 1695 2020 1742 more,
2053 1686 2106 1734 et
2137 1685 2194 1732 ut
2220 1678 2294 1730 ita
2317 1676 2529 1738 dicam,
2566 1680 2842 1726 mortuum
2872 1671 3072 1727 desinit
3102 1671 3154 1724 in
3191 1671 3419 1723 lacteam

1849 1770 2141 1841 quamdam
2185 1776 2462 1831 naturam,
2518 1781 2640 1836 qum
2668 1764 2931 1834 paulatim
2977 1770 3235 1817 concreta
3264 1769 3426 1830 atque

159 1847 627 1916 τρον,αύξηθεῖτα
673 1847 730 1899 δὲ
773 1848 896 1900 ὅσον
937 1847 1211 1919 προκύψαι
1258 1848 1355 1916 τῆς
1390 1849 1511 1917 γῆς,
1554 1851 1617 1901 ἐκ
1649 1847 1744 1901 τοῦ

1853 1859 2069 1919 coalita,
2106 1856 2264 1927 quasi
2295 1854 2553 1911 stimulus
2581 1853 2804 1924 quidam
2847 1853 2902 1905 lit
2933 1851 3091 1905 albus
3123 1861 3174 1905 ct
3196 1859 3424 1916 acutus;

158 1933 358 1987 λευκοῦ
387 1935 524 2006 πρὸς
546 1935 726 2005 ἡρέμα
758 1936 1131 2008 χλοαινόμενον
1155 1938 1570 2007 μεταϐάλλεται.
1589 1935 1743 1999 Εἶτα.

158 2027 374 2092 γίνεται
421 2029 526 2080 πόα
577 2028 672 2080 καὶ
707 2029 850 2099 κόμη
882 2030 990 2084 τῶν
1025 2029 1212 2100 βώλων
1235 2045 1251 2061 ⁸
1284 2031 1666 2101 ἐφαπλωθεῖσα
1690 2033 1746 2085 δὲ

161 2119 350 2180 αὐτοῖς
376 2119 471 2170 καὶ
515 2119 868 2173 σκεδασθεῖσα
902 2121 1154 2191 μετρίως,
1183 2122 1477 2193 πολυσχιδῆ
1503 2123 1747 2176 κάτωθεν

161 2211 466 2282 ὑποτρέφει
506 2213 604 2282 τὴν
637 2212 812 2284 ῥίζαν,
840 2214 916 2284 τῷ
949 2215 1193 2283 μέλλοντι
1233 2216 1388 2288 βάρει
1419 2218 1520 2287 τὴν
1546 2217 1747 2270 ὑποϐά-

163 2300 302 2370 θραν
359 2302 880 2372 προευτρεπίζουσα.
934 2306 1044 2358 Καὶ
1095 2306 1281 2378 ὥσπερ
1335 2308 1384 2360 οἱ
1442 2309 1580 2361 ἱστοὶ
1641 2309 1748 2361 τῶν

162 2393 368 2445 πλοίων
395 2393 667 2457 πλείστοις
689 2396 1022 2465 πανταχόθεν
1043 2396 1394 2451 διατείνονται
1421 2399 1626 2463 κάλοις,
1662 2398 1747 2450 ἵνα

165 2486 353 2553 πάγιοι
391 2487 622 2556 μένωσιν
649 2488 955 2559 ίσορρόττοις
980 2493 1099 2552 ταῖς
1120 2491 1303 2553 ὁλκαῖς
1325 2490 1745 2561 ἀντισπώμενοι,

167 2581 346 2644 οὕτως
382 2583 438 2634 αί
469 2581 812 2651 σχοινοειδεῖς
861 2580 1160 2649 ἀποφύσεις
1193 2582 1292 2648 τῆς
1324 2581 1497 2651 ῥίζης,
1534 2581 1749 2633 ἀντιλα-

165 2675 260 2727 ϐαὶ
298 2675 404 2726 τῶν
429 2673 713 2744 ἀσταχύων
743 2673 979 2742 γίνονται
1021 2674 1111 2726 καὶ
1139 2674 1458 2745 ἐρείσματα.
1502 2673 1748 2726 Ἐπειδὰν

167 2768 248 2828 εἰς
271 2766 517 2835 κάλαμον
540 2767 568 2818 6
593 2769 738 2828 σῖτος
769 2765 1049 2834 διαναστῇ.
1077 2765 1170 2818 καὶ
1199 2765 1334 2836 πρὸς
1361 2765 1420 2818 τὸ
1447 2764 1578 2833 ὕψος
1604 2764 1750 2817 ἐπεί-

168 2875 358 2926 γηται,
392 2857 612 2924 γόνασιν
645 2855 806 2909 αὑτὸν
840 2859 933 2909 καὶ
965 2857 1187 2928 κόμϐοις
1219 2859 1248 2910 6
1281 2857 1412 2918 Θεὸς
1457 2856 1747 2927 ὑπερείδει,

165 2946 281 3003 οἷον
315 2949 491 3001 οἰκίαν
541 2946 660 3000 τινὰ
716 2947 1032 3018 συνδέσμοις
1082 2948 1507 3019 ἀσφαλιζόμενος
1536 2947 1622 3001 διὰ
1655 2946 1752 3018 τὴν

169 3042 624 3114 προσδοκωμένην
637 3044 737 3111 τῆς
758 3042 932 3111 κόμης
951 3042 1016 3112 βα
1023 3043 1246 3114 ρύτητα.
1272 3040 1423 3104 Εἶτα,
1438 3045 1538 3112 τῆς
1570 3040 1752 3111 ἰσχύος

170 3135 629 3206 ἑτοιμασθείσης,
659 3133 758 3205 τὴν
810 3135 1020 3187 κάλυκα
1080 3134 1290 3204 σχίσας,
1349 3134 1614 3204 προσάγει
1660 3131 1749 3184 τὸν

169 3229 427 3297 ἄσταχυν.
450 3227 559 3280 Καὶ
580 3225 739 3279 πάλιν
766 3228 884 3278 ἐκεῖ
910 3224 1160 3295 θαύματα
1194 3225 1497 3297 κρείττονα.
1531 3226 1753 3294 Στοιχη-

169 3322 256 3374 δὸν
284 3321 393 3392 γὰρ
422 3322 449 3373 6
492 3322 635 3382 σῖτος
679 3318 828 3389 αύτῷ
864 3317 1222 3388 περιφύεται,
1258 3318 1352 3371 καὶ
1383 3317 1493 3370 τῶν
1537 3318 1752 3371 κόκκων

169 3411 401 3470 ἕκαστος
435 3409 708 3478 ἐξαίρετον
734 3407 844 3477 ἔχει
871 3407 967 3477 τὴν
996 3407 1278 3478 ἀποθήκην
1296 3424 1310 3439 ο
1336 3409 1428 3461 καὶ
1458 3407 1753 3462 τελευταῖοι

171 3501 570 3571 προϐέϐληνται
606 3502 651 3552 οἱ
696 3500 980 3572 ἀνθέρικες
1025 3499 1163 3565 ὀξεῖς
1218 3499 1310 3552 καὶ
1337 3499 1544 3562 λεπτοὶ,
1590 3500 1750 3562 ὅπλα,

169 3590 346 3662 οἶμαι,
396 3592 537 3645 κατὰ
595 3591 707 3644 τῶν
762 3592 1150 3662 σπερμολόγων
1195 3591 1446 3662 ὀρνίθων,
1497 3592 1582 3644 ἵνα
1636 3594 1752 3655 ταῖς

167 3685 400 3737 ἐκείνων
428 3685 634 3754 ἀκμαῖς
657 3685 987 3754 νυττόμενοι,
1020 3683 1099 3753 τῷ
1128 3682 1324 3756 καρπῷ
1351 3682 1424 3754 μὴ
1462 3683 1757 3752 λυμαίνων-

169 3796 281 3831 ται,
319 3778 483 3848 Ὁρᾷς
514 3778 644 3846 ὅσην
671 3771 751 3838 εἷς
784 3778 982 3840 κόκκος
1011 3777 1292 3839 διασαπεὶς
1313 3776 1754 3848 θαυματουργίαν

169 3870 305 3939 ἔχει,
351 3872 442 3922 καί⁸
490 3870 649 3939 μόνος
703 3869 883 3922 πεσὼν
935 3869 1051 3940 μεθ’
1077 3870 1216 3922 ὅσων
1280 3870 1586 3940 ὲγείρεται;
1624 3871 1754 3922 ’Λν-

171 3958 393 4027 θρωπος
445 3957 502 4010 δὲ
548 3958 699 4011 οὐδὲν
734 3959 1142 4029 προσλαμϐάνει
1192 3958 1354 4012 πλέον
1394 3977 1407 3990 ’
1441 3959 1470 4012 ὃ
1512 3961 1570 4012 δὲ
1612 3956 1754 4030 εἶχεν

170 4051 573 4120 ἀπολαμϐάνει,
597 4051 690 4105 καὶ
722 4050 812 4104 διά
837 4052 994 4105 τοῦτο
1025 4052 1125 4122 τῆς
1153 4053 1425 4124 γεωργίας
1461 4052 1554 4106 τοῦ
1586 4053 1753 4119 σίτου,

170 4145 200 4195 6
233 4143 504 4213 ἡμέτερος
538 4143 928 4214 ἀνακαινισμὺς
969 4143 1332 4214 εὐκολώτερος
1377 4146 1750 4215 ἀναφαίνεται.

185 4236 469 4288 Ἐντεῦθεν
511 4237 778 4308 μετάϐηθι
808 4237 943 4310 πρὸς
969 4237 1066 4304 τὴν
1116 4237 1320 4291 ἔννοιαν
1360 4238 1469 4290 τῶν
1500 4238 1752 4308 δένδρων,

170 4328 322 4390 ὅπως
353 4327 381 4377 6
419 4328 622 4396 χειμὼν
650 4327 837 4390 αὐτοῖς
883 4327 1002 4380 καθ’
1035 4327 1262 4380 ἕκαστον
1285 4327 1404 4391 ἔτος
1437 4329 1557 4381 ἀντὶ
1589 4328 1756 4381 θανά-

174 4433 270 4469 του
303 4417 532 4483 γίνεται.
566 4416 930 4488 Ἀπορῤύεται
971 4417 1078 4488 γὰρ
1108 4421 1140 4487 ή
1166 4416 1376 4488 ὀπώρα,
1410 4418 1502 4471 καὶ
1526 4418 1588 4471 τὸ
1621 4418 1752 4488 φύλ-

1847 1960 2007 2004 aucta
2049 1948 2248 2002 deinde
2279 1948 2332 2000 in
2367 1962 2486 2002 eam
2522 1944 2976 2016 magnitudinem,
3011 1951 3070 1997 ut
3098 1951 3242 1996 terra
3299 1958 3426 2011 pro-

1846 2043 2054 2098 minere
2078 2051 2131 2095 et
2160 2052 2378 2096 exstare
2408 2039 2604 2110 possit,
2650 2054 2713 2092 ex
2746 2037 2869 2091 albo
2898 2037 3103 2091 sensim
3144 2037 3198 2090 in
3228 2036 3426 2089 herbe-

1848 2146 2086 2191 scentem
2121 2133 2453 2188 viriditatem
2502 2138 2779 2196 mutatur;
2815 2137 3004 2200 postea
3051 2128 3108 2182 ﬁt
3149 2128 3315 2182 herba
3371 2133 3426 2181 ct

1848 2244 2006 2285 coma
2055 2227 2338 2299 glebarum
2378 2243 2392 2279 :
2430 2223 2630 2296 quibus
2672 2220 2854 2276 infusa
2905 2229 2958 2274 et
2999 2219 3189 2273 leviter
3233 2231 3424 2287 sparsa

1849 2319 2223 2389 compluribus
2259 2317 2443 2370 nixam
2473 2314 2625 2370 ﬁbris
2660 2313 2898 2367 radicem
2935 2311 3132 2365 subtus
3176 2310 3293 2372 alit,
3342 2307 3428 2361 fu-

1849 2418 1975 2463 turo
2019 2407 2246 2478 ponderi
2301 2404 2736 2462 sustentaculum
2781 2411 2835 2457 et
2869 2401 3259 2478 adminiculum
3289 2413 3426 2468 pne-

1848 2515 2088 2570 parans;
2126 2514 2189 2551 ac
2244 2494 2705 2567 quemadmodum
2749 2494 2965 2548 navium
3007 2491 3133 2545 mali
3182 2490 3430 2556 plurimis

1850 2592 2093 2660 undique
2124 2589 2347 2644 funibus
2387 2588 2795 2646 distenduntur,
2831 2593 2890 2639 ut
2925 2584 3062 2638 ﬁrmi
3086 2583 3428 2650 stabilesque

1852 2690 2227 2754 permaneant,
2291 2679 2672 2750 aequilibribus
2738 2677 3004 2731 tractibus
3062 2673 3294 2728 obnixi:
3353 2673 3427 2726 ita

1852 2777 2060 2830 funium
2102 2775 2156 2829 in
2190 2774 2410 2828 modum
2458 2787 2524 2827 ex
2551 2770 2734 2826 radice
2764 2776 2938 2824 enata:
2968 2768 3112 2822 ﬁbra:
3144 2773 3424 2823 sustenta-

1852 2877 2035 2922 meuta
2071 2867 2347 2936 spicarum
2376 2872 2431 2918 et
2478 2863 2776 2919 retinacula
2809 2862 2965 2916 fiunt.
3000 2861 3294 2930 Postquam
3332 2877 3431 2915 au-

1851 2969 1958 3015 tem
1999 2959 2052 3011 in
2081 2957 2322 3012 culmum
2355 2965 2598 3011 erectum
2626 2955 2866 3008 triticum
2915 2954 2968 3008 in
3007 2954 3173 3006 altum
3211 2953 3432 3007 tendere

1850 3051 2104 3120 coeperit,
2158 3046 2425 3117 geniculis
2459 3054 2512 3101 ct
2557 3044 2716 3100 nodis
2747 3044 2888 3098 lleus
2925 3045 2977 3099 id
3013 3045 3210 3107 ﬁrmat,
3258 3043 3429 3097 veluti
3483 3097 3486 3099 Α

1853 3145 2074 3199 domum
2134 3142 2373 3210 aliquam
2433 3137 2813 3206 coniuncturis
2866 3137 3154 3198 muniens,
3211 3143 3432 3205 propter

1853 3252 1996 3302 eam,
2047 3250 2168 3305 quae
2218 3237 2476 3302 speratur
2510 3245 2681 3285 comm
2732 3228 3104 3298 gravitatem:
3147 3232 3267 3296 post
3317 3224 3431 3293 haec

1854 3325 2215 3394 maturisjam
2263 3322 2494 3385 viribus,
2557 3319 2800 3374 diductis
2845 3318 3077 3388 vaginis,
3115 3317 3317 3386 quibus
3350 3317 3432 3369 in~

1852 3418 2192 3479 cludebatur,
2223 3413 2474 3483 producit
2505 3413 2731 3482 spicam.
2772 3411 2947 3480 Atque
2976 3410 3084 3463 illic
3111 3423 3304 3462 rursus
3331 3408 3432 3460 mi-

1854 3505 2046 3558 racula
2075 3502 2304 3570 majora.
2343 3500 2548 3555 Ordine
2570 3499 2712 3554 enim
2758 3506 3011 3569 porrecto
3043 3507 3302 3552 structam
3332 3513 3428 3550 un-

1853 3596 2019 3665 dique
2043 3595 2231 3649 videre
2265 3593 2391 3647 licet
2417 3592 2466 3646 ci
2511 3591 2718 3660 frugem
2757 3589 3105 3644 adnascendo
3135 3588 3292 3658 quasi
3322 3587 3432 3641 cir-

1854 3685 2095 3740 eumfudi
2124 3701 2136 3748 ;
2169 3694 2224 3738 et
2259 3682 2474 3752 singula
2510 3695 2679 3752 grana
2705 3681 3030 3751 peculiarem
3068 3687 3122 3733 et
3147 3679 3427 3749 proprium

1856 3775 2156 3832 folliculum
2187 3782 2242 3829 et
2270 3774 2430 3839 quasi
2465 3774 2655 3828 cellam
2694 3772 2894 3827 habent
2921 3790 2934 3837 ;
2971 3779 3249 3840 postremo
3280 3786 3430 3839 prac-

1855 3869 2160 3923 tenduntur
2181 3866 2363 3920 arista:
2389 3865 2625 3935 graciles
2663 3865 2908 3933 quaedam
2939 3871 2992 3916 et
3024 3872 3216 3924 acutre,
3254 3877 3429 3926 arma,

1854 3962 2072 4030 opinor,
2111 3961 2374 4016 adversus
2408 3959 2651 4012 aviculas
2681 3957 2986 4012 seminibus
3017 3956 3264 4009 insidiari
3299 3956 3431 4010 soli-

1855 4063 1962 4117 tas,
2000 4063 2059 4108 ut
2085 4055 2215 4108 dum
2259 4052 2473 4106 illarum
2507 4050 2665 4120 quasi
2697 4049 2924 4119 spiculis
2950 4057 3282 4118 pungunlur,
3314 4048 3430 4100 fru-

1853 4163 1973 4217 gem
2000 4161 2223 4215 carpere
2252 4152 2414 4215 atque
2449 4151 2663 4196 vastare
2683 4142 2956 4196 desinant.
2977 4139 3142 4194 Vides
3165 4148 3428 4210 quantum

1856 4254 2024 4292 uirum
2057 4251 2282 4306 granum
2324 4233 2687 4304 putrefactum
2737 4232 3127 4286 miraculorum
3173 4231 3428 4285 elfcctum

1855 4331 1910 4384 in
1940 4346 1998 4384 se
2024 4329 2324 4391 contineat,
2351 4341 2413 4380 ac
2444 4341 2568 4379 cum
2600 4325 2773 4378 solum
2793 4323 3075 4384 ceciderit,
3097 4337 3259 4391 quam
3284 4321 3427 4376 mul-

1856 4421 2023 4489 tiplex
2047 4425 2318 4487 resurgat.
2350 4419 2419 4469 At
2455 4416 2616 4470 homo
2647 4415 2782 4470 nihil
2820 4415 3042 4482 insuper
3072 4415 3270 4483 accipit
3299 4428 3422 4465 am-

175 4505 267 4558 λον
298 4506 508 4569 πίπτει,
539 4507 632 4560 καὶ
669 4505 807 4577 ξηρά
853 4507 1004 4576 μένει
1041 4507 1109 4560 τὰ
1153 4507 1286 4574 ξύλα
1322 4508 1502 4578 πάσης
1537 4509 1751 4580 χάριτος

1859 4511 2031 4579 plius;
2064 4508 2156 4564 sed
2209 4506 2405 4576 recipit
2450 4506 2503 4560 id
2553 4505 2699 4575 quod
2749 4503 3000 4566 habebat,
3053 4519 3115 4556 ac
3144 4508 3430 4572 propterea

179 4597 300 4647 ἐστε
311 4596 542 4666 ρημένα.
574 4597 820 4651 Ἐπειδὰν
843 4598 899 4650 δὲ
919 4599 1014 4652 τοῦ
1042 4599 1201 4671 ἔαρος
1219 4603 1247 4654 6
1275 4601 1464 4671 καιρὸς
1486 4602 1750 4667 ἐπιλάϐοι,

179 4686 341 4748 ἄνθος
378 4687 558 4750 αὐτοῖς
608 4689 961 4760 χαριέστατον
991 4689 1328 4762 ύπερφύεται
1351 4735 1366 4759 ,
1399 4693 1491 4744 καὶ
1530 4695 1667 4763 μετά
1695 4695 1756 4746 τὸ

181 4779 342 4841 ἄνθος
374 4778 675 4846 ἐπιγίνεται
703 4779 810 4833 τῶν
859 4781 1070 4850 φύλλων
1111 4784 1144 4852 ή
1190 4783 1388 4852 σκέπη,
1419 4784 1508 4837 καὶ
1530 4784 1651 4837 τότε
1684 4785 1757 4848 ὡς

180 4869 385 4933 εὐειδὲς
418 4869 594 4941 θέαμα
622 4871 923 4943 ἀνθρώπων
951 4890 1010 4925 τε
1041 4873 1138 4936 τάς
1165 4873 1315 4944 ὄψεις
1342 4873 1758 4942 ἐφέλκεται,κα“ι

181 4962 410 5032 ὀρνίθων
456 4961 666 5033 ᾠδικῶν
698 4965 1031 5036 ἐργαστήρια
1069 4966 1310 5033 γίνεται,
1354 4968 1466 5028 τοῖς
1508 4967 1757 5030 πετάλοις

183 5054 597 5124 ὲγκαθημένων,
636 5056 729 5109 καὶ
783 5055 1070 5128 θαυμαστή
1124 5076 1208 5121 τις
1255 5061 1382 5130 περὶ
1421 5059 1560 5114 αὐτὰ
1600 5061 1757 5130 χάρις

183 5147 491 5216 ἐκλάμπει·
523 5147 662 5200 ὥστε
718 5149 902 5202 πολλοὶ
951 5153 1046 5204 κα)⁸
1095 5147 1241 5205 οἶκον
1302 5154 1519 5222 ἀφῆκαν
1573 5152 1757 5225 χρυσῷ

185 5235 618 5310 κεκοσμημένον,
651 5242 744 5294 καὶ
793 5242 924 5313 λίθῳ
965 5244 1042 5314 τῷ
1076 5245 1332 5316 Θεσσαλῷ
1375 5247 1467 5298 καὶ
1517 5246 1756 5309 Λάκωνι,

181 5331 422 5404 τερπνὴν
471 5333 527 5386 δὲ
562 5333 758 5404 μᾶλλον
796 5336 1007 5398 ἑαυτοῖς
1049 5337 1234 5392 ἔθεντο
1270 5339 1368 5411 τὴν
1413 5339 1516 5392 ὑπὸ
1567 5339 1759 5409 δένδρα

183 5424 479 5493 διαγωγήν.
512 5425 601 5477 Διὸ
630 5426 724 5478 καὶ
751 5429 779 5479 6
810 5428 1156 5499 πατριάρχης
1202 5430 1453 5501 Ἀϐραὰμ
1492 5431 1596 5484 ὑπὸ
1636 5430 1760 5502 δρυῒ

185 5515 281 5582 τήν
333 5516 537 5586 σκηνὴν
570 5515 826 5587 ἐπήξατο,
861 5520 961 5571 οὐκ
1007 5520 1183 5583 οἰκίας
1240 5522 1456 5586 πάντως
1514 5521 1753 5594 ἀπορῶν,

186 5606 320 5660 ἀλλὰ
359 5607 459 5673 τῆς
512 5610 606 5661 ἐπὶ
635 5609 740 5662 τῶν
774 5610 983 5666 κλάδων
1025 5613 1463 5686 ἐπαγαλλόμενος
1492 5613 1752 5686 τέρψεως.

259 5785 280 5816 ’
309 5782 325 5837 Ι
359 5782 485 5838 Cor.
521 5799 608 5845 xv,
642 5784 832 5842 ’ὅθ-38.

1853 4597 2028 4652 nostri
2092 4595 2375 4650 renovatio
2418 4594 2638 4648 videtur
2685 4609 2808 4648 esse
2866 4593 3113 4659 facilior,
3165 4607 3323 4661 quam
3375 4592 3429 4645 id

1852 4689 1998 4760 quod
2031 4689 2084 4742 in
2121 4688 2457 4758 agricultura
2495 4686 2694 4740 accidit
2727 4685 3022 4740 frumento.
3074 4682 3268 4739 Transi
3301 4684 3431 4738 hinc

1852 4783 1918 4838 ad
1947 4780 2444 4836 considerationem
2474 4779 2755 4841 arborum,
2786 4787 2843 4831 ut
2864 4778 3039 4832 hiems
3059 4777 3140 4832 eis
3163 4776 3422 4831 omnibus

1853 4876 2012 4929 annis
2067 4875 2187 4927 loco
2222 4873 2413 4926 mortis
2446 4871 2536 4925 sit.
2599 4869 2866 4924 Decidunt
2897 4868 3041 4922 enim
3082 4882 3262 4937 poma,
3299 4866 3426 4919 folia

1853 4967 2120 5026 deﬂuunt,
2158 4963 2307 5017 arida
2365 4969 2650 5017 remanent
2705 4961 2851 5029 ligna
2896 4960 3044 5014 omni
3082 4959 3280 5013 decore
3309 4973 3428 5027 spo-

1855 5059 2004 5112 liata.
2067 5056 2368 5125 Postquam
2422 5063 2604 5109 autem
2659 5062 2872 5122 tempus
2926 5052 3070 5106 veris
3117 5049 3424 5120 appctierit,

1853 5150 1953 5206 llos
1977 5150 2056 5206 eis
2102 5147 2452 5219 gratissimus
2504 5145 2810 5199 innascitur
2861 5163 2874 5196 :
2931 5143 3116 5197 florem
3167 5141 3426 5195 foliorum

1854 5248 2225 5314 tegumentum
2287 5239 2489 5308 excipit
2520 5257 2532 5292 :
2567 5246 2621 5291 at
2673 5245 2802 5291 tunc
2830 5235 2998 5289 veluti
3060 5234 3347 5305 pulchrum
3374 5245 3426 5288 et

1855 5348 2128 5388 amoenum
2162 5332 2534 5403 spectaculum
2582 5345 2705 5383 cum
2743 5327 3019 5381 hominum
3052 5325 3244 5380 oculos
3275 5325 3331 5379 in
3368 5340 3428 5380 se

1860 5431 2210 5489 convertunt,
2251 5431 2364 5479 tum
2408 5423 2586 5475 avium
2626 5419 2987 5473 cantatricum
3027 5417 3314 5472 frondibus
3345 5417 3430 5471 in-

1858 5518 2152 5573 sidentium
2177 5516 2333 5587 quasi
2373 5515 2609 5571 ofﬁcinae
2641 5511 2932 5571 exsistunt,
2974 5519 3026 5564 et
3086 5510 3429 5564 admirabilis

1855 5610 2098 5682 quaedam
2129 5608 2275 5664 circa
2311 5623 2405 5663 eas
2432 5603 2719 5662 amo-auitas
2754 5617 2817 5656 ac
2839 5604 3010 5673 gratia
3035 5602 3262 5667 relucet,
3293 5602 3430 5657 adeo
