3842 6444
417 346 518 402 671

1659 357 1717 414 ὃ.
1747 357 2076 418 GREGORII
2111 357 2406 418 NYSSENI

3582 365 3695 419 67‘2

413 473 474 518 ut
507 463 665 520 multi
699 465 843 521 aedes
874 480 1013 524 auro
1043 477 1099 524 et
1129 469 1308 540 lapide
1362 481 1474 526 tum
1502 471 1844 539 Thessalico,
1877 483 1983 530 tum

2109 476 2326 549 Ὀδηγεῖ
2346 497 2412 550 με
2433 478 2570 550 πρὸς
2600 479 2995 548 συγκατάθεσιν
3016 479 3109 533 τοῦ
3135 479 3502 551 προκειμένου
3523 480 3696 549 λόγου

413 554 685 611 Laconico
720 567 1022 616 exornatas
1076 561 1467 631 deseruerint,
1518 575 1573 621 et
1615 567 1997 635 jucundiorem

411 648 516 702 sibi
540 648 644 704 sub
679 649 970 706 arboribus
1005 651 1400 708 habitationem
1434 669 1558 709 esse
1596 654 1873 712 duxerint.
1917 653 2000 710 ld—

411 739 562 792 circo
593 741 902 809 patriarcha
933 759 1153 813 quoque
1183 745 1460 799 Abraham
1517 748 1618 804 sub
1669 762 1878 816 quercu
1917 758 1997 801 ta-

413 831 771 888 bernaculum
805 837 942 900 ﬁxit,
974 853 1085 892 non
1120 855 1346 908 prorsus
1373 839 1558 908 inopia
1585 839 1874 902 domicilii,
1901 842 1994 895 sed

412 926 540 992 quia
576 928 870 983 tenebatur
897 945 983 993 ea,
1023 947 1150 1000 quae
1193 947 1265 987 ex
1301 933 1473 986 ramis
1511 932 1795 997 edebatur,
1839 934 1996 987 volu-

410 1022 582 1082 ptate.
632 1017 808 1072 Etiam
839 1021 946 1074 vita
989 1022 1323 1092 serpentium
1373 1039 1460 1076 me
1489 1023 1709 1078 deducit
1735 1022 1804 1076 ad
1842 1038 1996 1079 com-

410 1109 790 1178 probationem
836 1115 1130 1183 proposita
1178 1116 1429 1171 rationis.
1473 1115 1692 1169 Illorum
1733 1117 1878 1171 enim
1917 1117 1998 1170 vi-

409 1201 540 1254 vida
568 1202 742 1257 virtus
767 1204 998 1259 hiberno
1049 1217 1296 1276 tempore
1348 1208 1730 1273 mortiticatur,
1758 1222 1822 1263 ac
1852 1223 1997 1262 men-

413 1307 504 1348 ses
533 1308 630 1348 sex
656 1293 710 1348 in
748 1297 1001 1352 cavernis
1035 1299 1363 1354 delitescunt
1411 1299 1632 1368 penitus
1663 1300 1990 1354 immobiles.

405 1383 545 1440 Cum
573 1395 753 1440 autem
792 1396 1058 1443 statutum
1080 1397 1300 1459 tempus
1330 1391 1638 1454 advenerit,
1665 1401 1720 1446 et
1745 1393 1994 1447 tonitrua

405 1475 696 1533 inmundo
725 1481 984 1534 exaudita
1018 1480 1242 1548 fuerint,
1272 1484 1432 1552 quasi
1467 1483 1742 1554 quoddam
1774 1484 1991 1553 signum

407 1567 682 1640 fragorem
735 1574 1083 1645 (tonitruum)
1130 1577 1493 1646 accipientes,
1554 1577 1808 1631 celeriter
1846 1577 1995 1631 exsi-

2103 570 2321 623 καὶτῶν
2353 572 2653 644 ἑρπετῶνὴ
2688 572 2822 640 ζωή.
2854 571 3157 643 Νεκροῦται
3178 571 3284 644 γὰρ
3311 573 3535 626 ἐκείνων
3568 571 3694 643 ὥρᾳ

2100 661 2365 731 χειμῶνος
2416 664 2448 732 ἡ
2480 659 2732 732 ζώπυρος
2769 661 3038 736 δύναμις,
3072 663 3168 717 καὶ
3217 662 3308 716 τὸν
3343 663 3532 734 χρόνον
3578 663 3695 716 τῶν

2102 752 2377 825 ἓξιμηνῶν
2409 757 2465 808 ἐν
2493 757 2606 818 τοῖς
2628 756 2852 824 φωλεοῖς
2881 756 3226 816 κατάκειται,
3253 755 3534 819 παντελῶς
3562 756 3689 809 ἀκί-

2099 864 2258 917 νητα.
2315 847 2565 900 Ἐπειδὰν
2611 847 2667 900 δὲ
2711 849 2740 900 ὁ
2772 849 3102 918 τεταγμένος
3145 848 3279 920 ἔλθῃ
3325 849 3555 919 καιρὸς,
3591 849 3695 899 καὶ

2102 937 2296 1009 βροντὴ
2331 938 2614 1010 κατηχηθῇ
2637 938 2729 992 τοῦ
2757 940 2984 1010 κόσμου,
3011 940 3201 1010 ῶσπερ
3231 958 3283 992 τι
3316 939 3568 1009 σύνθημα
3588 939 3694 1006 τῆς

2100 1027 2244 1098 ζωῆς
2266 1029 2355 1081 τὸν
2399 1028 2603 1082 κτύπον
2632 1030 2896 1100 δεχόμενα
2942 1029 3109 1095 ὀξέως
3133 1030 3401 1101 ἀναπηδᾷ,
3448 1031 3544 1084 καὶ
3593 1029 3690 1081 διὰ

2095 1121 2312 1192 μακροῦ
2356 1121 2448 1174 τοῦ
2497 1123 2688 1192 χρόνου
2743 1125 2955 1196 ἐνεργεῖ
2985 1124 3053 1176 τὰ
3087 1123 3312 1194 συνήθη.
3341 1124 3436 1186 Τίς
3457 1126 3486 1176 ὁ
3521 1122 3689 1190 λόγος

2094 1206 2285 1280 οὖτοςς
2314 1214 2533 1282 Λεγέτω
2587 1233 2676 1286 μοι
2705 1218 2733 1268 ὁ
2759 1216 2867 1268 τῶν
2888 1215 3140 1286 πράξεων
3170 1217 3262 1271 τοῦ
3288 1215 3421 1268 Θεοῦ
3449 1216 3687 1285 βασανι-

2098 1305 2228 1376 στὴς
2251 1307 2344 1359 καὶ
2375 1306 2724 1378 ἐπιγνώμων,
2759 1311 2853 1362 καὶ
2881 1308 3178 1362 διδασκέτω
3211 1325 3299 1379 με,
3332 1308 3450 1372 πῶς
3483 1307 3688 1378 βροντὴ

2099 1396 2196 1466 μὲν
2249 1399 2373 1460 τοὺς
2419 1398 2570 1468 ὄφεις
2604 1399 2961 1471 διεγείρεσοαι
3008 1402 3282 1470 συγχωρεῖ
3311 1399 3538 1470 νεκροὺς
3575 1398 3684 1450 ὑπ-

2095 1489 2390 1559 άρχοντας,
2421 1491 2742 1563 ἀνθρώπους
2774 1491 2831 1544 δὲ
2884 1493 2946 1545 οὐ
2989 1493 3169 1546 δίδωσι
3208 1491 3532 1562 ψυχοῦσϐαι,
3583 1491 3688 1560 τῆς

2092 1577 2186 1630 τοῦ
2210 1578 2344 1631 Θεοῦ
2370 1579 2667 1648 σάλπιγγος
2698 1579 2755 1646 ἐξ
2784 1580 3028 1652 οὐρανῶν
3075 1579 3407 1652 ἐπηχούσης,
3447 1575 3632 1638 καθὼς
3654 1579 3688 1628 ὁ

405 1663 574 1726 limit,
609 1674 665 1720 et
707 1667 876 1737 longo
900 1669 1192 1723 intervallo
1215 1678 1481 1724 consueta
1512 1677 1700 1739 agimt.
1722 1669 1983 1734 Quaenam

2093 1669 2234 1733 θεῖος
2260 1670 2416 1737 λόγος
2435 1671 2602 1741 φησί’
2623 1673 2913 1725 Σωπίσει
2941 1671 3071 1740 γὰρ,
3089 1671 3187 1724 καί
3214 1673 3268 1724 ol
3300 1668 3498 1737 νεκροί
3529 1668 3685 1721 ἁνα-

405 1756 574 1826 hujus
599 1759 676 1813 rei
713 1763 852 1815 ratio
883 1762 1002 1816 est?
1027 1761 1186 1815 Dicat
1229 1762 1360 1815 mihi
1401 1763 1672 1826 quaesitor
1698 1763 1906 1816 arbiter
1937 1770 1983 1816 et

2092 1761 2442 1827 στήσονται.
2461 1764 2571 1816 Καὶ
2591 1763 2820 1834 ἀλλαχοῦ
2848 1765 3009 1818 πάλιν
3035 1763 3384 1833 σαφέστερον,
3399 1761 3508 1814 Kal
3531 1759 3686 1812 ἀπο-

400 1851 726 1920 explorator
747 1868 975 1922 operum
1007 1853 1126 1919 Dei,
1169 1854 1475 1924 doceatque
1511 1869 1622 1916 me,
1649 1870 1757 1923 qua
1778 1854 1983 1908 ratione

2094 1852 2302 1906 στελεῖ
2360 1852 2502 1918 τοὺς
2557 1853 2855 1923 ἀγγέλους
2907 1852 3095 1907 αὐτοῦ
3138 1851 3290 1921 μετὰ
3341 1849 3687 1918 σάλπιγγος

397 1946 672 2001 concedat
707 1961 915 2017 angues
958 1947 1180 2018 quidem
1219 1947 1437 2018 fragore
1472 1948 1701 2002 tonitrui
1741 1954 1989 2001 mortuos

403 2041 750 2106 resuscitari,
809 2039 1060 2094 homines
1115 2056 1248 2094 vero
1285 2055 1392 2093 non
1444 2040 1696 2093 admittat
1737 2039 1865 2093 tuba
1898 2040 1993 2092 Dei

2097 1946 2303 2014 φωνῆς
2320 1947 2633 2016 μεγάλης,¹
2657 1948 2754 2002 καί
2792 1947 3146 2012 ἐπισυνάξει
3181 1945 3326 2012 τοὺς
3350 1943 3686 2007 ἐκλεκτοὺς

2101 2037 2310 2091 αὑτοῦ.

399 2134 469 2187 de
503 2134 644 2188 cmlo
699 2141 996 2187 resonante
1044 2132 1282 2187 animam
1355 2131 1605 2200 recipere
1677 2140 1731 2185 et
1782 2127 2066 2190 vivilicnri,
2105 2126 2563 2197 quemadmodum
2595 2128 2778 2183 divina
2809 2127 3100 2199 Scriptura
3134 2128 3284 2192 dicit,
3339 2126 3505 2181 Canet
3539 2125 3687 2178 enim

399 2225 546 2287 tuba,
577 2237 628 2279 et
656 2227 852 2279 mortui
874 2234 1146 2295 resurgent
1167 2225 1230 2277 ¹⁰.
1263 2223 1329 2277 Et
1357 2223 1487 2278 alibi
1537 2225 1802 2293 apertius,
1845 2223 1913 2277 Et
1952 2224 2152 2278 emittet
2175 2223 2388 2291 angelos
2413 2240 2536 2278 suos
2563 2240 2680 2277 cum
2711 2222 2849 2278 tuba:
2873 2239 2990 2277 race
3026 2238 3238 2292 magna,
3261 2228 3309 2273 ct
3347 2217 3688 2288 congregabit

394 2321 586 2375 electos
612 2337 735 2374 suos
755 2321 819 2374 “.

467 2463 548 2520 Ne
575 2464 739 2535 igitur
771 2461 930 2520 ﬁdem
957 2460 1318 2518 detrahamus
1347 2461 1750 2520 mutationibus
1794 2469 1847 2519 et
1891 2475 1982 2513 re-

397 2558 807 2615 novationibus.
838 2556 1051 2612 Etenim
1096 2556 1406 2625 plantarum
1460 2565 1512 2609 et
1549 2554 1866 2612 animalium
1909 2552 1984 2606 di-

399 2666 704 2713 versorum,
737 2658 902 2719 atque
933 2648 1176 2716 ipsorum
1220 2649 1355 2702 adeo
1405 2645 1686 2702 hominum
1731 2645 1841 2698 vita
1885 2659 1985 2706 nos

398 2743 604 2810 edocet,
636 2741 778 2812 quod
806 2741 943 2798 nihil
982 2755 1195 2802 eorum,
1225 2753 1351 2807 quae
1403 2737 1739 2810 generationi
1779 2744 1832 2791 et
1862 2751 1981 2790 cor-

398 2836 636 2906 ruptioni
665 2835 898 2889 obnoxia
927 2840 1075 2892 sunt.
1103 2833 1156 2892 in
1181 2832 1374 2888 eodem
1411 2839 1556 2890 statu
1584 2830 1868 2911 subsistat,
1889 2828 1981 2884 sed

397 2944 448 2982 tn
479 2927 645 2982 alium
660 2926 893 2982 subinde
913 2931 1152 2980 vertatur
1179 2932 1343 2994 atque
1363 2929 1626 2984 mutetur.
1647 2922 1723 2974 Ac
1746 2921 1980 2990 primum

395 3017 636 3086 quidem,
673 3016 718 3071 si
749 3016 948 3084 placet,
981 3029 1122 3077 eant,
1178 3029 1300 3083 quae
1360 3012 1414 3065 in
1467 3013 1720 3070 aetatibus
1777 3010 1981 3074 nostris

394 3106 474 3172 lit,
491 3105 844 3162 mutationem
869 3103 1274 3176 perpendamus
1289 3111 1343 3157 et
1365 3102 1795 3162 consideremus.
1819 3100 1977 3158 Puel-

395 3197 506 3254 lum
539 3198 859 3258 lactentem,
910 3195 1090 3265 qualis
1125 3195 1229 3258 sit,
1287 3193 1430 3247 haud
1474 3193 1761 3254 dilliculter
1815 3209 1982 3264 agno-

397 3291 627 3346 scimus.
657 3289 866 3361 Exiguo
918 3289 1096 3359 spatio
1123 3287 1385 3356 temporis
1411 3286 1712 3356 .prmtcrito,
1749 3288 1891 3344 vires
1917 3288 1982 3348 ad

396 3384 696 3452 rependam
739 3381 1082 3451 adipiscitur,
1139 3394 1207 3438 ac
1234 3379 1431 3436 nihila
1486 3379 1728 3450 parvulis
1785 3380 1982 3438 catulis

395 3477 600 3538 dilfcrt,
633 3474 1039 3543 nisuquaterno
1071 3488 1194 3528 sese
1216 3478 1562 3532 sustentans.
1595 3471 1754 3526 Circa
1778 3487 1980 3532 annum

394 3570 614 3626 tertium
644 3567 865 3628 accidit,
891 3575 948 3620 ut
977 3574 1198 3622 erectus
1226 3572 1280 3620 et
1307 3564 1516 3619 arduus
1549 3564 1908 3635 ingrediatur,
1929 3573 1983 3621 et

394 3678 586 3718 vocem
620 3662 805 3731 aliquo
840 3659 1001 3713 modo
1047 3659 1131 3714 vel
1161 3657 1552 3713 balbutientem
1613 3659 1700 3712 vel
1737 3659 1978 3725 blzesam,

394 3767 450 3811 et
479 3754 802 3808 titubantem
832 3751 1262 3820 impeditamque
1292 3749 1550 3810 emittat:
1589 3750 1787 3806 deinde
1843 3753 1981 3805 arti-

396 3845 576 3898 culate
611 3850 774 3912 atque
796 3841 1039 3911 perfecte
1076 3840 1239 3895 verba
1269 3841 1610 3909 pronuntiat,
1663 3849 1716 3895 et
1771 3842 1980 3911 lepidus

397 3937 838 3994 adolescentulus
862 3943 915 3989 et
935 3934 1101 4004 pusio
1127 3933 1228 3988 tit:
1271 3949 1336 3989 ex
1373 3933 1464 3987 illa
1509 3943 1666 3992 aetate
1702 3935 1756 3988 in
1800 3936 1981 4006 impu-

396 4029 580 4088 berem
604 4028 1005 4084 adolescentem
1053 4027 1278 4084 evadit:
1329 4027 1586 4098 lanugine
1615 4044 1744 4085 sero
1783 4031 1982 4086 maxil-

395 4122 481 4178 las
505 4137 575 4177 ac
609 4131 851 4178 mentum
882 4122 1168 4184 vestiente,
1196 4119 1462 4179 barbatus
1491 4129 1545 4174 et
1565 4120 1812 4176 hirsutus
1845 4138 1980 4192 pau-

393 4213 574 4280 latim,
611 4223 666 4270 et
699 4215 838 4270 alius
861 4229 927 4268 cx
961 4214 1108 4269 alio:
1145 4213 1351 4270 deinde
1391 4214 1504 4282 iam
1551 4214 1708 4283 plene
1760 4213 1980 4272 adultus

393 4307 502 4369 vir,
535 4321 695 4376 asper
725 4307 1147 4374 laboriosusquc
1177 4305 1410 4361 exsistit.
1434 4305 1577 4362 zCum
1623 4315 1800 4360 autem
1850 4322 1980 4376 prte-

397 4399 644 4456 terierint
673 4399 803 4454 anni
827 4399 1213 4469 quadraginta,
1237 4399 1458 4452 initium
1491 4397 1745 4454 ﬂexionis
1799 4400 1975 4466 adest,

2160 2457 2250 2525 Μὴ
2281 2457 2457 2510 τοίνυν
2485 2458 2606 2520 ταῖς
2632 2453 2946 2508 ἀλλοιώσεσι
2979 2453 3074 2506 καὶ
3113 2455 3223 2518 τοῖς
3261 2451 3688 2520 ἀνακαινισμοῖς

2090 2546 2426 2615 ἀπιστῶμεν.
2469 2546 2579 2599 Καὶ
2626 2545 2734 2617 γὰρ
2783 2543 2963 2613 φυτῶν
3009 2544 3103 2596 καὶ
3158 2540 3312 2605 ζώων
3353 2539 3629 2612 διαφόρων
3657 2542 3687 2592 ὁ

2093 2639 2224 2708 βίος,
2255 2639 2349 2694 καὶ
2384 2640 2565 2694 αὐτῶν
2600 2657 2665 2707 γε
2699 2639 2805 2693 τῶν
2838 2636 3135 2710 ἀνθρώπων
3163 2639 3311 2706 ἡμᾶς
3339 2633 3683 2694 ἐκπαιδεύει,

2091 2733 2166 2795 ὡς
2186 2733 2338 2786 οὐδὲν
2373 2735 2432 2786 ὲν
2454 2733 2743 2804 ταύτότητι
2769 2732 2876 2784 τῶν
2901 2733 2958 2784 ἐν
3003 2730 3198 2802 φθορᾷ,
3220 2730 3312 2783 καὶ
3348 2729 3584 2797 γενέσει,
3624 2729 3683 2778 ἐν

2092 2822 2374 2879 ἀλλοιώσει
2403 2824 2460 2877 δὲ
2485 2825 2576 2878 καὶ
2608 2827 2802 2895 τροπῇ,
2835 2821 2945 2877 Καὶ
2977 2821 3189 2892 πρῶτόν
3211 2837 3295 2888 γε,
3316 2821 3361 2872 εἰ
3389 2820 3558 2880 δοκεῖ,
3580 2817 3683 2887 τὴν

2089 2916 2147 2967 ἐν
2172 2918 2292 2978 ταῖς
2324 2915 2559 2986 ἡλικίαις
2585 2918 2623 2982 ’ἡ
2634 2914 2750 2985 μῶν
2785 2914 3088 2985 μεταϐολὴν
3143 2913 3574 2984 καταμάθωμεν
3607 2913 3684 2965 Τὸ

2087 3009 2295 3062 παιδίον
2326 3009 2387 3062 τὸ
2417 3008 2738 3078 ὑπομάζιον,
2774 3005 2886 3061 οἷόν
2918 3009 3035 3060 ἐστι
3059 3005 3417 3077 γνωρίζομεν.
3461 3005 3681 3072 Ὀλίγου

2083 3100 2276 3172 χρόνου
2324 3101 2705 3172 παρελθόντος,
2750 3101 2850 3172 τὴν
2900 3101 3236 3172 ἐρπυστικὴν
3271 3099 3538 3170 λαμϐάνει
3582 3099 3678 3151 δύ-

2084 3209 2267 3262 ναμιν,
2320 3193 2414 3247 καὶ
2467 3193 2615 3246 οὐδὲν
2647 3192 2892 3265 διαφέρει
2943 3190 3052 3245 τῶν
3102 3191 3314 3263 μικρῶν
3364 3191 3681 3252 σκυλάκων,

2079 3283 2334 3355 τέταρσιν
2367 3284 2703 3356 ἐρειδόμενον
2744 3283 2988 3354 βάσεσιν.
3041 3284 3177 3354 Περὶ
3217 3283 3308 3336 τὸν
3355 3283 3536 3353 τρίτον
3566 3283 3682 3336 ἐνι-

2082 3377 2244 3432 αυτὸν
2291 3377 2471 3450 ὄρθιον
2505 3378 2733 3445 γίνεται,
2783 3375 2877 3430 καὶ
2909 3374 3092 3448 φωνὴν
3138 3375 3681 3445 ὑποτραυλιζομένην

2082 3469 2175 3521 καὶ
2205 3467 2596 3539 ψελλιζομένην
2635 3469 2908 3538 προΐεται·
2950 3463 3070 3522 εἶτα
3103 3467 3347 3538 διαρθροῖ
3373 3467 3461 3519 τὸν
3493 3465 3678 3534 λόγον,

2081 3561 2176 3613 καὶ
2203 3560 2393 3632 χαρίεν
2424 3561 2774 3616 ἀποτελεῖται
2818 3563 3131 3634 μειράκιον·
3183 3561 3277 3614 ἀπ’
3320 3560 3536 3628 ἐκείνης
3576 3561 3681 3630 τῆς

2081 3653 2294 3723 ἡλικίας
2346 3653 2483 3725 πρὸς
2529 3653 2622 3706 τὸν
2673 3651 2877 3724 ἔφηϐον
2926 3654 3020 3707 καὶ
3061 3652 3340 3707 νεανίσκον
3393 3651 3675 3704 ἐκϐαίνει·

2083 3745 2257 3799 ίούλου
2296 3746 2353 3799 δὲ
2397 3745 2497 3816 τὴν
2543 3745 2776 3817 παρειὰν
2822 3745 3180 3815 καλύψαντος,
3231 3745 3443 3813 γενειάς
3485 3744 3680 3806 λάσιος

2079 3841 2200 3909 μετ’
2225 3839 2423 3908 ὀλίγον,
2458 3840 2552 3894 καὶ
2588 3840 2745 3905 ἄλλος
2781 3840 2848 3906 ἐξ
2899 3841 3087 3895 ἄλλουνο
3130 3835 3268 3900 εἶτα.
3315 3838 3453 3907 ἀνὴρ
3489 3838 3679 3907 ἀκμά-

2079 3931 2209 3998 ζων,
2243 3933 2446 4003 τραχὺς
2502 3933 2597 3988 καὶ
2629 3933 2940 4004 Δσιῖληπαθής.
2977 3931 3225 3986 Ἐπειδὰν
3267 3931 3324 3984 δέ
3358 3929 3676 4002 παρέλθωσι

2078 4022 2341 4094 τέσσαρες
2379 4023 2601 4088 δεκάδες
2644 4024 2935 4088 ἐνιαυτῶν,
2981 4022 3128 4095 ἁρχὴ
3172 4023 3272 4094 τῆς
3325 4023 3677 4092 ὑποστροφῆς

2080 4114 2255 4168 καίνει
2286 4119 2302 4137 ‘
2333 4115 2433 4186 τὴν
2489 4116 2752 4188 κεφαλὴν,
2803 4118 2898 4172 καὶ
2941 4117 2974 4187 ἠ
3008 4113 3166 4186 ῥώμη
3212 4115 3348 4187 πρὸς
3384 4115 3677 4170 adleveth

2080 4207 2381 4271 ἀποκλίνει,
2413 4209 2505 4262 καὶ
2537 4209 2896 4281 παραγίνεται
2923 4213 3229 4270 τελευταῖον
3261 4208 3320 4262 τὸ
3351 4209 3544 4278 γῆρας,
3581 4209 3676 4262 τὲ-

2079 4300 2220 4368 λειος
2262 4302 2567 4373 ἁφανισμὸς
2609 4303 2715 4374 τῆς
2765 4305 2963 4374 ἰσχύος.
3004 4305 3260 4359 κλίνεται
3303 4303 3359 4356 δὲ
3403 4302 3467 4356 τὸ
3511 4301 3676 4372 σῶμα

2080 4395 2172 4448 καὶ
2199 4393 2491 4465 κυρτοῦται
2516 4396 2657 4469 πρὸς
2685 4398 2810 4469 γῆν,
2837 4398 2918 4462 ώς
2945 4400 2992 4450 οἱ
3023 4397 3143 4451 λίαν
3172 4395 3676 4468 ὑπερξηρανθέντες

395 4490 736 4560 canitiesque
772 4489 1031 4560 paulatim
1069 4499 1232 4560 caput
1260 4489 1496 4554 dealbat,
1534 4497 1587 4544 et
1611 4491 1786 4544 robur
1807 4490 1980 4544 adin-

2092 4487 2188 4541 τῶν
2217 4487 2522 4557 ἀσταχύων,
2551 4491 2646 4550 καὶ
2691 4490 2752 4547 τὸ
2796 4490 2937 4544 λεῖον
2970 4489 3314 4550 ἀποτελεῖται
3349 4487 3537 4559 ῥυσὸν,
3572 4490 3674 4542 καὶ

395 4583 713 4640 ﬁrmitatem
745 4583 1002 4647 declinat,
1065 4591 1119 4638 et
1160 4583 1378 4637 tandem
1433 4590 1688 4637 senectus
1745 4583 1977 4647 accedit,

397 4684 640 4734 extrema
692 4674 888 4730 virium
937 4674 1185 4728 abolitio.
1233 4673 1452 4742 Corpus
1505 4678 1685 4727 autem
1747 4672 1981 4729 ﬂectitur

2080 4580 2242 4634 πάλιν
2280 4579 2479 4650 βρέφος
2505 4581 2536 4634 ὃ
2568 4598 2697 4639 ποτε
2742 4581 3020 4644 νεανίσκος
3041 4581 3136 4634 καὶ
3179 4581 3455 4651 ἀριστεὺς,
3481 4579 3672 4648 ψελλι-

2077 4671 2322 4741 ζόμενος,
2363 4673 2712 4742 ἁνοηταίνων.
2743 4675 2836 4728 ἐπὶ
2879 4673 3077 4745 χειρῶν
3125 4674 3218 4727 καὶ
3263 4673 3437 4726 ποδῶν
3466 4672 3672 4742 ὁμοίως

395 4775 451 4822 et
474 4765 542 4820 ad
573 4773 774 4822 terram
801 4771 1082 4828 curvatur,
1107 4763 1576 4832 quemadmodum
1619 4763 1805 4832 spicae,
1858 4779 1979 4834 qua:

2092 4764 2281 4834 ἕρπων,
2324 4764 2400 4830 ὡς
2446 4765 2633 4820 πάλαι.
2673 4765 2858 4818 Ταῦτα
2908 4765 3086 4820 πάντα
3121 4765 3180 4818 τί
3219 4782 3300 4818 σοι
3336 4765 3518 4826 δοκεῖς
3551 4766 3669 4817 Οὔκ

394 4859 626 4918 nimium
649 4864 1024 4915 eat-aruerunt:
1067 4854 1211 4924 quod
1240 4863 1622 4925 experrectum
1653 4871 1719 4914 ac
1744 4855 1876 4914 laeve
1901 4855 1980 4912 fu-

390 4959 529 5012 erat.
549 4966 810 5021 rugosum
837 4960 895 5006 et
911 4956 1260 5008 {contractum
1286 4947 1536 5010 edicitur,
1555 4956 1608 5004 et
1631 4949 1677 5004 is
1698 4948 1788 5017 qui
1807 4965 1979 5020 quon-

390 5045 515 5099 dam
547 5044 734 5113 vigore
769 5043 1036 5098 artabisac
1067 5042 1264 5096 virium
1304 5041 1617 5111 praestabat.
1642 5040 1828 5098 infans
1853 5059 1968 5101 rur-

391 5151 487 5191 sus
509 5135 714 5200 evadit,
741 5135 1081 5197 balbutiens,
1123 5134 1413 5203 ineptiens.
1433 5133 1701 5197 delirans,
1721 5135 1974 5190 manibus

395 5240 454 5281 ac
489 5225 717 5294 pedibus
745 5227 1020 5289 similiter,
1051 5233 1110 5280 ut
1149 5226 1300 5290 olim,
1347 5240 1565 5294 repens.
1613 5225 1745 5282 Haec
1790 5229 1976 5285 omnia

401 5313 523 5383 quid
548 5314 646 5370 tibi
676 5328 797 5369 esse
818 5314 1123 5369 videntur?
1151 5314 1346 5368 Annon
1377 5315 1662 5370 alteratio?
1701 5315 1841 5374 Num
1877 5334 1975 5373 va-

397 5408 488 5461 riae
519 5407 886 5462 mutationes?
910 5404 1050 5461 Num
1076 5407 1307 5462 diversae
1345 5409 1642 5474 novitates,
1673 5427 1794 5480 quae
1817 5428 1969 5466 mor-

395 5499 498 5552 tale
525 5498 730 5552 animal
761 5498 926 5556 etiam
955 5505 1084 5554 ante
1105 5508 1333 5552 mortem
1355 5498 1972 5568 transformanti-Qnin-

391 5589 554 5646 etiam
582 5603 811 5645 somnus
845 5597 1032 5646 noster
1063 5598 1118 5648 et
1159 5590 1351 5663 vigilia
1401 5591 1681 5660 quomodo
1739 5594 1974 5666 sapienti

462 5811 504 5842 ¹⁶
539 5810 556 5864 l
588 5809 716 5866 Cor.
744 5826 830 5871 xv.
865 5809 954 5867 59..
1031 5811 1071 5845 “
1104 5809 1291 5867 Matth.
1327 5827 1478 5878 xxxv,
1506 5812 1594 5868 51.

2074 4858 2393 4924 ἀλλοίωσις;
2437 4859 2511 4912 Οὐ
2557 4859 2848 4930 μεταϐολαὶ
2898 4858 3256 4930 πολύτροποις
3297 4859 3370 4912 Οὐ
3417 4857 3668 4928 διάφοροι

2077 4951 2395 5021 καινότητες
2425 4951 2486 5004 τὺ
2530 4951 2722 5022 Θνητὸν
2768 4950 2904 5015 ζῶον
2943 4950 3392 5022 ,μεταμορφοῦσαι
3423 4950 3516 5002 καὶ
3559 4949 3669 5020 πρὸ

2079 5043 2308 5102 Θανάτου
2336 5061 2350 5108 ;
2396 5045 2455 5097 Ὀ
2487 5043 2545 5100 δὲ
2575 5043 2744 5107 ὕπνος
2789 5043 2948 5114 ήμῶν
2974 5044 3068 5096 καὶ
3099 5045 3132 5114 ἡ
3165 5043 3510 5113 ἐγρήγορσις.
3548 5041 3665 5104 πῶς

2077 5137 2176 5190 οὐκ
2207 5135 2272 5189 ἂν
2298 5136 2377 5207 τῷ
2405 5137 2552 5207 σοφῷ
2573 5137 2781 5204 γένοιτο
2794 5136 3143 5190 διδασκάλων
3167 5135 3256 5189 τοῦ
3291 5133 3622 5206 ζητουμένου
3648 5152 3660 5199 ;

2089 5227 2148 5280 '0
2183 5227 2281 5298 μὲν
2313 5228 2442 5299 γὰρ,
2475 5227 2638 5283 είκών
2665 5229 2782 5282 ἐστι
2818 5227 2910 5283 τοῦ
2943 5227 3202 5281 Θανάτου·
3237 5228 3270 5296 ἡ
3297 5225 3374 5288 δέ,
3410 5228 3509 5297 τῆς
3539 5228 3666 5279 ἀνα-

2082 5317 2324 5381 στάσεως
2354 5319 2602 5389 μίμημα.
2635 5319 2725 5376 Διὸ
2764 5319 2857 5374 καί
2899 5336 3042 5383 τινες
3081 5319 3195 5372 τῶν
3225 5317 3423 5385 ἔξωθεν
3463 5318 3659 5386 σοφῶν,

2079 5410 2303 5481 ἀδελφὸν
2334 5415 2627 5481 προσεῖπον
2670 5412 2765 5470 τοῦ
2809 5411 3039 5466 θανάτου
3079 5413 3177 5466 τὸν
3217 5410 3403 5474 ὕπνον,
3443 5410 3531 5464 διὰ
3567 5410 3663 5479 τὴν

2077 5504 2368 5575 ὁμοιότητα
2412 5504 2520 5561 τῶν
2565 5507 2657 5576 ἀφ’
2688 5505 2957 5577 ,ἐκατέρου
3001 5504 3404 5577 συμϐαινόντων
3452 5500 3657 5556 παθῶν.

2079 5596 2233 5668 Λήθη
2261 5596 2371 5668 γὰρ
2409 5596 2610 5668 ὁμοίως
2657 5598 2745 5651 ἐπ’
2799 5597 3126 5670 ἀμφοτέρων
3175 5595 3270 5652 καὶ
3325 5596 3517 5662 ἄγνοια
3553 5591 3660 5648 τῶν
