3842 6478
96 307 178 364 673
778 327 781 332 ·
936 301 1003 356 ΙΝ
1041 301 1322 358 CHRISTI
1371 297 2008 359 RESURRECTIONEM
2041 295 2254 354 ORAT.
2285 297 2378 354 Ill.

3257 289 3363 344 67L

95 423 448 496 παρελθόντων
477 421 572 476 καὶ
593 419 704 474 τῶν
734 419 1056 490 μελλόντων,
1087 422 1180 474 καὶ
1205 422 1267 475 τὸ
1306 419 1465 492 σῶμα
1495 421 1671 474 κεῖται

1789 425 1832 473 at
1859 429 2025 474 acuto
2050 415 2260 470 homini
2297 415 2688 470 documentum
2719 409 3016 482 propositae
3042 409 3366 479 quaestionis

95 514 415 584 ἀναίσθητον,
442 513 595 582 φίλον
613 513 712 566 οὑκ
741 510 901 574 είδὸς,
925 511 1119 582 ἐχθρὸν
1144 513 1206 565 οὑ
1236 513 1526 582 γινῶσκον,
1549 512 1676 576 τοὺς

95 604 442 675 περιεστῶτας
481 605 575 658 καὶ
625 601 964 672 θεωροῦντας
1005 604 1080 673 μὴ
1135 601 1352 672 βλέπον,
1403 603 1676 676 παρειμέ-

96 714 181 757 νον,
210 696 424 765 νεκρὸν,
478 695 660 764 πάσης
711 691 976 763 ἀμοιροῦν
1020 693 1322 766 ἐνεργείας,
1371 695 1524 749 οὐδὲν
1565 687 1678 748 δια-

93 790 238 859 φέρον
268 788 378 842 τῶν
411 787 794 858 ἀποκειμένων
837 788 895 838 ἐν
923 787 1117 855 τάφοις
1144 790 1236 841 καὶ
1276 787 1488 858 θήκαις.
1521 788 1678 842 Οὕτω

92 898 156 934 τοι
183 879 347 950 συλᾷς
376 881 452 943 ὡς
485 880 697 951 νεκρὸν,
722 881 769 933 εί
802 880 1097 947 θέλοις,τὸν
1127 880 1475 945 καθεύδοντα,
1504 884 1679 945 κενοῖς

91 975 172 1042 τὴν
201 973 400 1035 οἰκίαν,
432 973 608 1043 δεσμὰ
635 973 955 1045 προσάγεις,
987 973 1082 1027 καλ⁹
1107 972 1332 1045 οὐδεμία
1357 973 1466 1026 τῶν
1502 986 1678 1044 πρατ-

91 1063 318 1133 τομένων
365 1063 620 1134 αἴσθησις
672 1065 1001 1133 ἐπιγίνεται.
1045 1064 1256 1133 Ὀλίγον
1317 1063 1374 1118 δὲ
1430 1063 1676 1136 ὕστερον,

93 1160 199 1210 ὅταν
240 1157 410 1228 ἀνοχή
463 1173 548 1220 τις
592 1158 686 1211 καὶ
735 1156 1245 1229 λώιρησις.γένηται
1298 1156 1392 1209 τοῦ
1448 1155 1674 1222 πάθους,

95 1255 260 1325 ὧσπερ
307 1256 432 1326 ἄρτι
480 1255 838 1326 ζωοποιηθεὶς
891 1256 920 1308 ὁ
985 1254 1271 1326 ἅνθρωπος
1317 1252 1675 1315 διανίσταται,

96 1348 214 1402 κατὰ
253 1348 450 1419 μικρὸν
488 1349 566 1410 είς
601 1346 955 1417 συναίσθησιν
999 1346 1196 1401 ἐαυτοῦ
1239 1347 1334 1400 κοιλ¹
1376 1345 1483 1398 τῶν
1533 1363 1676 1416 πραι

92 1442 299 1510 γμάτων
326 1440 640 1510 ἐρχόμενος,
672 1439 768 1493 καὶ
803 1440 966 1510 σχολῇ
1001 1439 1098 1502 τὰς
1131 1438 1412 1510 ἐνεργείας
1436 1439 1679 1510 ἀναλαμ-

93 1531 272 1595 ϐάνων,
301 1533 398 1585 καὶ
433 1525 544 1585 οἷον
573 1531 917 1602 ψυχούμενος
1054 1530 1369 1603 ζωπυρήσει
1395 1532 1494 1601 τῆς
1521 1534 1678 1604 ἐγρη-

92 1624 338 1695 γόρσεως.
373 1623 517 1676 Είδὲ
555 1621 864 1691 ὑφεστῶτος
913 1621 993 1675 ἔτι
1041 1621 1136 1676 τοῦ
1191 1621 1332 1687 ζώου
1389 1624 1483 1676 καὶ
1521 1637 1679 1692 περι-

90 1719 223 1780 όντος
253 1715 523 1771 τοσαῦται
554 1714 770 1785 νύκτωρ
805 1715 897 1769 καὶ
950 1715 1069 1787 μεθ’
1111 1716 1324 1787 ἡμέραν
1367 1716 1674 1780 ἐκστάσεις,

1781 523 1905 564 esse
1933 523 2042 562 non
2076 505 2476 577 possunt?llle
2518 505 2670 560 enim
2719 503 2917 557 mortis
2974 504 3176 571 imago,
3248 500 3367 555 haec

1778 598 2198 654 resurrectionis
2252 596 2654 651 imitamentum
2713 602 2817 650 est.
2872 591 3143 661 Quocirca
3201 593 3363 647 etiam

1777 690 2025 744 nonnulli
2057 688 2270 745 externi
2301 688 2577 757 sapientes
2608 701 2927 756 germanum
2963 687 3155 741 mort-is
3204 699 3359 740 som-

1778 798 1906 837 num
1942 790 2228 845 vocarunt,
2262 789 2487 852 propter
2525 781 2946 838 similitudinem
2999 795 3211 844 eorum,
3269 778 3364 848 qui

1778 877 1832 930 in
1862 883 2093 946 utroque
2149 874 2427 938 accidunt,
2493 872 2718 929 aﬂ‘ectus
2769 883 2824 928 et
2900 874 3360 943 perturbationes.

1778 965 1994 1023 Oblivio
2025 983 2266 1038 namque
2291 969 2498 1037 pariter
2522 975 2575 1021 et
2611 967 2916 1035 ignorantia
2962 966 3363 1035 praeteritorum

1777 1069 1831 1114 et
1862 1061 2172 1114 futurorum
2191 1062 2245 1113 in
2265 1068 2502 1129 utroque
2517 1059 2805 1128 contingit,
2832 1069 3032 1128 corpus
3059 1058 3177 1112 sine
3200 1072 3368 1112 sensu

1774 1152 1938 1221 jacet,
1978 1155 2214 1206 amictmi
2253 1167 2364 1205 non
2419 1153 2592 1214 novit,
2628 1152 2909 1206 inimicum
2967 1152 3202 1221 ignorat,
3261 1150 3370 1203 cir-

1779 1253 2119 1299 cumstantcs
2158 1253 2211 1299 et
2253 1254 2564 1317 spectantes
2610 1259 2718 1298 non
2751 1244 2916 1308 videt,
2955 1241 3219 1309 tabidum,
3260 1242 3371 1295 fra-

1779 1347 1952 1401 ctum,
1982 1337 2320 1409 languidum,
2366 1338 2632 1403 solutum,
2688 1339 3005 1401 remissum,
3041 1335 3203 1390 modo
3259 1350 3369 1388 non

1779 1437 2079 1494 mortuum,
2111 1432 2290 1486 omnis
2322 1447 2518 1502 expers
2545 1429 2820 1494 efﬁcaciae,
2853 1428 2990 1483 nihil
3019 1427 3275 1483 dilIerens
3303 1426 3372 1480 ab

1780 1515 1867 1583 iis,
1895 1537 2016 1592 qua:
2049 1525 2101 1577 in
2136 1523 2331 1578 loculis
2364 1531 2415 1578 et
2446 1523 2720 1594 sepulcris
2767 1522 3010 1592 reposita
3055 1531 3204 1576 sunt.
3266 1518 3370 1574 Pe-

1779 1617 1938 1673 rinde
1964 1619 2223 1673 nimirum
2259 1620 2648 1682 dormientem,
2683 1620 2730 1674 si
2763 1619 2924 1683 velis,
2973 1616 3260 1687 compilas,
3306 1631 3372 1669 ac

1781 1711 1825 1767 si
1853 1721 2100 1766 mortuus
2129 1719 2296 1776 esset,
2329 1728 2569 1767 evacuas
2597 1721 2651 1767 et
2675 1711 2936 1766 exhauris
2960 1709 3127 1775 aedes,
3149 1708 3371 1764 vincula

90 1809 411 1872 ἀλλοιώσεις,
473 1807 792 1879 μεταϐολαὶ,
835 1807 995 1877 λῆθαι
1047 1808 1142 1862 καὶ
1196 1807 1409 1878 μνῆμαι
1455 1808 1533 1877 τῷ
1579 1809 1677 1880 βίῳ

1789 1803 1984 1872 injicis,
2019 1819 2084 1857 ac
2117 1803 2302 1858 nullus
2337 1819 2528 1858 eorum
2562 1819 2684 1873 quae
2718 1803 2855 1856 fiunt
2882 1817 3080 1857 sensus
3133 1801 3372 1856 interve-

91 1901 540 1972 παραπεπήγασι,
572 1899 690 1952 λίαν
722 1898 948 1968 ἀνόητον
978 1896 1072 1951 καὶ
1101 1897 1424 1968 φιλόνεικον,
1455 1896 1574 1968 Θεῷ
1602 1898 1676 1968 μὴ

91 1992 358 2044 πιστεύειν
385 1991 476 2044 τὸν
509 1990 734 2061 ἔσχατον
763 1989 1156 2060 ἀνακαινισμδν
1199 1989 1675 2060 ἐπαγγελλομένῳ,

89 2086 156 2154 τῷ
201 2085 301 2137 καὶ
346 2085 446 2154 τὴν
477 2082 722 2155 ,πρώτην
766 2081 964 2136 πλάσιν
1008 2081 1489 2153 δημιουργήσαντι.
1526 2083 1591 2133 Ὃ
1623 2081 1680 2133 δὲ

91 2177 320 2246 μάλιστα
367 2175 598 2247 φράττει
649 2175 776 2238 τοὺς
825 2173 1236 2242 ἀντιλέγοντας,
1283 2174 1378 2229 καὶ⁵
1431 2171 1679 2227 ἀπιστεῖν

90 2267 528 2340 παρασκευάζει,
588 2266 746 2320 τοῦτο
803 2267 910 2338 πρὸ
959 2265 1207 2330 πάντων,
1259 2265 1336 2329 ὡς
1391 2260 1566 2336 οἶμαι,
1619 2264 1680 2317 τὸ

85 2361 326 2430 νομίζειν
352 2359 662 2431 ἀφανισμὸν
692 2358 930 2430 παντελῆ
975 2357 1220 2426 γίνεσθαι
1246 2357 1355 2411 τῶν
1389 2359 1677 2428 σωμάτων.

89 2453 230 2521 Ἐχει
262 2450 324 2503 δὲ
347 2451 448 2520 οὐχ
470 2449 665 2511 οὕτως.
704 2449 778 2502 Οὐ
811 2447 920 2520 γὰρ
957 2444 1143 2502 τέλεον
1177 2447 1518 2517 ἀφανίζεται.
1546 2444 1681 2499 ἀλλὰ

84 2544 354 2597 διαλύεται
384 2546 464 2608 εἰς
501 2543 570 2596 τὰ
599 2541 659 2607 ἐξ
686 2535 761 2596 ὧν
793 2540 1050 2613 συνετέθη
1072 2559 1086 2572 ο
1119 2542 1216 2596 καὶ
1243 2541 1390 2594 ἔστιν
1419 2542 1478 2594 ὲν
1507 2539 1678 2604 ὕδατι,

83 2638 167 2688 καὶ
211 2637 362 2706 ἀέρι,
416 2635 511 2687 καὶ
550 2636 644 2704 γῇ,
691 2634 784 2686 καὶ
834 2633 986 2702 πυρί.
1036 2632 1156 2688 Τῶν
1205 2631 1261 2684 δέ
1313 2631 1683 2702 πρωτοτύπων

86 2728 366 2797 στοιχείων
398 2729 688 2796 μενόντων,
723 2724 814 2777 καὶ
855 2724 962 2776 τῶν
1010 2725 1106 2778 ἀπ’
1141 2723 1364 2777 ἐκείνων
1412 2721 1549 2793 μετὰ
1585 2721 1684 2792 τὴν

82 2821 326 2873 διάλυσιν
379 2817 610 2879 ἐκείνοις
661 2817 1196 2888 προσχωρησάντων,
1238 2816 1297 2867 ἐν
1340 2811 1422 2878 οἷς
1458 2813 1684 2866 καθόλου

85 2910 317 2973 σώζεται
363 2911 457 2962 καὶ
500 2908 568 2961 τὰ
601 2908 772 2979 μέρη’
804 2905 924 2978 Θεῷ
957 2907 1014 2960 δὲ
1052 2908 1286 2978 μάλιστα
1324 2906 1422 2977 μὲν
1455 2905 1686 2978 εὔπορον

83 3005 133 3068 ἐξ
161 3005 264 3055 οὐκ
309 3003 479 3054 ὄντων
516 3000 870 3070 δημιουργεῖν
902 2999 1016 3069 (καὶ
1049 2999 1158 3069 γὰρ
1190 2995 1362 3062 οὕτως
1393 3000 1450 3052 ἐν
1494 3000 1688 3070 ἀρχαῖς

84 3095 233 3147 Ξλαΰε
266 3093 339 3146 τὰ
374 3093 550 3146 πάντα
581 3091 678 3161 τὴν
711 3089 978 3159 γένεσιν)ο
1026 3091 1088 3142 τὸ
1137 3090 1194 3143 δὲ
1249 3089 1310 3153 ἐξ
1353 3088 1536 3160 ἀρχῶν
1582 3090 1688 3143 τῶν

83 3185 136 3234 οὐ
148 3184 258 3234 σῶν
284 3182 690 3251 γενεσιουργεῖν
717 3178 895 3249 πολλῷ
913 3180 1084 3250 δήπου
1116 3179 1310 3250 ῥᾷστον
1336 3180 1429 3232 καὶ
1458 3179 1692 3232 εὐκολώ-

84 3293 266 3328 τατον.
315 3272 408 3343 Μὴ
435 3272 614 3326 τοίνυν
661 3272 760 3340 τὴν
807 3273 978 3344 καλὴν
1020 3273 1211 3327 ἐλπίδα
1247 3271 1355 3328 τῶν
1389 3272 1692 3343 ἀνθρώπων

84 3365 407 3435 ἀνέλωμεν,
454 3362 552 3433 τὴν
603 3361 974 3434 ἐπανόρθωσιν
1023 3363 1124 3432 τῆς
1178 3362 1461 3426 ἀσθενείας
1512 3363 1690 3435 ήμῶν,

84 3460 174 3509 καὶ
222 3459 334 3529 τὴν
385 3457 665 3526 δευτέραν,
721 3455 796 3520 ὡς
833 3455 911 3523 ιᾶν
956 3455 1097 3508 εἴποι
1151 3473 1272 3518 τις,
1323 3456 1537 3524 γένεσιν
1594 3455 1691 3527 τὴν

81 3551 388 3622 ἐλευθέραν
450 3537 882 3621 θανάτου,’μηδὲ
920 3547 1226 3618 φιληδονίας
1269 3549 1542 3621 ὑπερδολῇ
1595 3550 1692 3620 τὴν

80 3642 304 3712 ἀγαθὴν
336 3642 431 3694 καὶ
477 3639 857 3711 φιλάνθρωπον
895 3639 988 3692 τοῦ
1038 3637 1174 3691 Θεοῦ
1215 3639 1509 3710 ὑπόσχεσιν
1556 3640 1692 3693 καθ-

78 3730 429 3799 υϐρίσωμεν.
477 3725 629 3798 Ἐμοὶ
661 3728 770 3799 γὰρ
801 3725 1047 3782 δοκοῦσιν
1088 3729 1136 3781 oi
1186 3729 1283 3798 τῆς
1325 3731 1693 3801 προκειμένης

75 3822 408 3883 ὑποθέσεως
441 3819 696 3884 ἐναντίοι,
729 3820 920 3892 ἄνδρες
963 3814 1102 3873 εἶναι
1135 3821 1332 3883 κακίας
1364 3823 1568 3892 ἑταῖροι
1598 3822 1693 3874 καὶ

71 3914 290 3985 ἀρετῆς
323 3911 529 3983 ἐχθροὶ,
559 3911 743 3980 λάγνοι
776 3913 873 3964 καὶ
916 3911 1254 3978 πλεονέκται,
1299 3912 1395 3965 καὶ
1435 3915 1693 3985 ἀκρατεῖς

69 4009 418 4079 ὀφθαλμοῖς,
462 4007 556 4060 καλ⁸
587 4010 726 4079 ἀκοῇ
756 4005 852 4061 καὶ
894 4007 1179 4079 ὀσφρήσει,
1217 4007 1313 4060 καὶ
1342 4007 1545 4072 πάσαις
1575 4011 1694 4072 ταῖς

70 4102 412 4173 αἰσθήσεσιν
445 4100 676 4171 ῥέουσαν
717 4100 802 4153 ἐπ’
834 4100 1016 4163 αὐτοῖς
1069 4098 1169 4170 τὴν
1221 4099 1413 4171 ἡδονὴν
1453 4101 1691 4171 εἰσδεχό-

73 4212 260 4265 μενοι.
307 4191 530 4262 Ἐπειδὴ
557 4192 613 4245 δὲ
643 4194 671 4246 ό
699 4191 800 4262 τῆς
831 4191 1180 4254 ἀναστάσεως
1207 4191 1364 4258 λόγος
1398 4192 1695 4263 προκειμέ-

71 4303 172 4357 νην
204 4285 333 4356 ἔχει
362 4286 464 4356 τὴν
499 4284 702 4355 κρίσιν,
735 4286 828 4337 καὶ
860 4283 969 4336 τῶν
1005 4283 1166 4352 ίερῶν
1195 4282 1392 4353 βίϐλων
1437 4285 1694 4339 ἀκούουσι

71 4378 370 4448 λεγουσῶν
394 4377 712 4449 διαρρήδην,
744 4376 819 4440 ὼς
848 4379 948 4429 οὐκ
981 4375 1273 4439 ἀνεύθυνος
1304 4377 1336 4446 ἡ
1347 4376 1464 4446 μῶν
1492 4377 1520 4428 ὁ
1549 4377 1690 4447 βίος’

1779 1895 1879 1948 nit.
1913 1893 2082 1948 Paulo
2116 1903 2237 1965 post
2268 1893 2358 1950 ubi
2395 1895 2734 1951 intermissio
2757 1895 2939 1966 aliqua
2970 1903 3064 1948 aut
3088 1893 3372 1947 laxamen-

1781 1992 1896 2037 tum
1927 1979 2155 2040 affectus
2186 1984 2491 2052 advenerit,
2538 1983 2698 2055 quasi
2757 1985 2921 2040 modo
2945 1985 3069 2039 vitae
3120 1983 3372 2040 redditus

1781 2072 1945 2129 homo
1975 2075 2174 2146 surgit,
2203 2077 2465 2147 paulatim
2507 2076 2574 2130 ad
2600 2077 2683 2133 sui
2722 2077 2899 2147 ipsius
2929 2091 3224 2146 rerumque
3279 2092 3372 2130 re-

1781 2167 1938 2223 diens
2000 2184 2246 2234 sensum,
2303 2170 2636 2240 pedetentim
2671 2168 2943 2225 efﬁcacias
2984 2169 3199 2239 recipit,
3249 2178 3374 2221 tan-

1781 2275 1946 2330 quam
1965 2266 2239 2318 animatus
2254 2264 2450 2334 vigiliae
2468 2264 2826 2319 recreatione.
2860 2261 3017 2329 Quod
3041 2260 3088 2318 si
3123 2269 3375 2317 exstante

1781 2354 1946 2410 etiam
1977 2372 2124 2410 nunc
2155 2357 2210 2410 in
2253 2372 2440 2412 rerum
2474 2366 2669 2411 natura
2711 2365 2876 2427 atque
2911 2357 3211 2427 superstite
3254 2356 3376 2410 ani-

1784 2447 1936 2510 mali,
1970 2456 2079 2503 tam
2109 2448 2294 2503 multae
2351 2459 2510 2503 nocte
2539 2458 2594 2502 et
2626 2449 2860 2504 interdiu
2919 2448 3119 2504 mentis
3167 2447 3378 2502 aliena-

1785 2540 1985 2606 tiones,
2006 2540 2385 2606 alterationes,
2425 2542 2780 2606 mutationes,
2814 2541 3122 2617 obliviones
3165 2547 3220 2594 et
3260 2556 3377 2595 me-

1785 2631 1972 2686 morias
2005 2633 2124 2686 vitae
2156 2633 2466 2702 conjunctae
2494 2643 2658 2688 sunt:
2692 2633 2850 2687 valde
2883 2633 3111 2687 stultum
3137 2643 3192 2688 ct
3240 2649 3375 2687 con-

1786 2725 2083 2781 tentiosum
2117 2733 2202 2781 est
2231 2725 2340 2782 Deo
2384 2742 2492 2781 non
2546 2727 2771 2781 credere
2831 2727 3078 2780 ultimam
3147 2741 3379 2782 renova-

1787 2821 1992 2874 tionem
2023 2820 2386 2889 promittenti,
2423 2836 2547 2875 cum
2583 2822 2746 2876 etiam
2776 2821 3046 2890 primmva:
3090 2819 3375 2875 formatio-

1789 2915 1876 2970 nis
1911 2921 2108 2969 auctor
2145 2915 2237 2968 sit.
2270 2913 2428 2980 Quod
2457 2921 2639 2969 autem
2705 2914 2941 2966 maxime
2992 2913 3378 2966 contradicen-

1792 3017 1872 3062 tes
1907 3015 2105 3073 armat,
2135 3018 2190 3061 et
2247 3006 2654 3062 incredulitatis
2697 3021 2888 3060 eorum
2937 3021 3104 3060 causa
3138 3005 3378 3062 ciliciens

1794 3109 1906 3154 est:
1939 3100 2062 3162 hoc,
2097 3107 2159 3154 ut
2198 3099 2416 3170 Opinor,
2472 3100 2807 3170 praecipuum
2840 3107 2944 3161 est,
2977 3099 3125 3170 quod
3182 3115 3379 3169 corpo-

1797 3206 1918 3244 rum
1957 3199 2258 3246 extremam
2303 3191 2417 3246 fieri
2452 3192 2808 3246 abolitionem
2868 3200 2922 3246 et
2954 3191 3232 3246 interitum
3262 3193 3381 3246 exi-

1797 3285 2044 3338 stimant.
2089 3281 2197 3339 Sed
2229 3299 2319 3340 res
2355 3284 2428 3338 ita
2461 3299 2522 3340 se
2549 3300 2656 3337 non
2694 3283 2880 3338 habet.
2928 3282 3046 3338 Non
3073 3285 3216 3338 enim
3260 3299 3382 3338 om-

1795 3374 1927 3428 nino
1956 3375 2231 3430 intereunt
2270 3383 2326 3429 et
2351 3375 2661 3440 abolentur,
2725 3375 2820 3430 sed
2877 3375 3256 3430 dissolvuntur
3322 3377 3379 3430 in

1794 3481 1888 3520 eas
1925 3482 2033 3533 res,
2060 3483 2127 3522 ex
2157 3468 2358 3538 quibus
2382 3467 2688 3539 composita
2712 3478 2841 3522 sunt
2868 3485 2883 3522 :
2915 3475 3112 3522 etsunt
3134 3468 3187 3522 in
3208 3482 3376 3537 aqua,

1795 3557 1851 3612 in
1893 3573 2040 3621 aere,
2074 3559 2128 3612 in
2183 3567 2328 3614 terra
2364 3569 2418 3615 et
2467 3559 2523 3612 in
2591 3559 2737 3630 igne.
2792 3556 3141 3613 Manentibus
3195 3570 3380 3614 autem

1797 3651 2196 3722 principalibus
2232 3652 2542 3715 elementis,
2575 3639 2628 3706 et
2660 3651 2750 3718 iis,
2785 3667 2906 3721 quae
2963 3667 3031 3706 ex
3082 3651 3192 3707 illis
3243 3668 3380 3707 con-

1795 3751 1963 3807 stant,
2001 3752 2125 3814 post
2179 3743 2602 3798 dissolutionem
2661 3745 2728 3797 ad
2761 3759 2822 3797 ea
2861 3743 3279 3809 accedentibus,
3323 3744 3379 3798 in

1795 3835 1995 3904 quibus
2045 3850 2274 3906 prorsus
2309 3835 2474 3889 salva:
2515 3841 2743 3888 manent
2776 3835 2938 3888 etiam
2991 3845 3211 3902 partes:
3251 3849 3379 3888 cum

1795 3928 1908 3984 Deo
1943 3930 2178 3984 maxime
2212 3929 2433 3999 quidem
2461 3928 2622 3984 facile
2647 3937 2733 3985 est
2765 3930 2846 3982 vel
2880 3945 2944 3984 ex
2978 3929 3068 3993 iis,
3103 3945 3224 4000 qua:
3264 3945 3377 3986 non

1795 4028 2147 4084 suut,creare
2166 4020 2388 4092 (etenim
2419 4021 2574 4075 sicin
2604 4021 2890 4090 principiis
2917 4036 3102 4074 rerum
3121 4020 3380 4076 universa

1794 4122 2044 4168 naturam
2064 4121 2117 4168 et
2143 4113 2413 4182 originem
2434 4117 2816 4182 sumpserunt)
2851 4121 2964 4165 tum
2995 4127 3063 4166 e1
3086 4113 3382 4183 principiis

1796 4206 2211 4276 suppetentibus
2242 4214 2494 4259 naturam
2517 4206 2731 4260 eﬂicere
2763 4207 2920 4276 longe
2972 4215 3122 4260 certe
3180 4205 3384 4261 facilli-

1796 4310 1943 4348 mum
2002 4303 2056 4348 et
2115 4294 2609 4362 expeditissimum.
2676 4295 2752 4349 Ne
2824 4296 2990 4365 igitur
3059 4297 3382 4366 praeclaram

1797 4402 1949 4456 spem
2002 4386 2321 4450 hominum,
2375 4388 2773 4442 correctionem
2829 4396 2885 4441 et
2940 4388 3382 4445 emendationem

67 4473 189 4529 ἀλλ’
226 4475 373 4525 ὅταν
403 4470 540 4540 πρὸς
585 4471 684 4541 τὴν
723 4468 980 4539 δευτέραν
1021 4469 1496 4540 ἀνακαινισθῶμεν
1526 4471 1670 4542 ζωὴν

1801 4481 2055 4535 videlicet
2119 4480 2456 4537 inlirmitalis
2527 4498 2593 4536 ac
2669 4482 2980 4553 fragilitatis
3034 4491 3270 4547 nostrae,
3326 4491 3383 4538 et

67 4569 292 4627 πάντες
327 4561 797 4634 παραστησόμεθα
829 4561 908 4632 τῷ
941 4563 1146 4632 βήματι
1198 4560 1290 4614 τοῦ
1333 4561 1591 4633 Χριστοῦ,
1623 4563 1698 4628 ὡς

69 4658 161 4712 ὑπ’
193 4655 412 4725 ἐκείνῳ
439 4657 601 4725 κριτῇ
630 4654 726 4718 τὰς
757 4654 890 4725 πρὸς
921 4653 1075 4718 ἀξίαν
1105 4652 1340 4724 ἀμοιϐὰς
1369 4653 1475 4707 τῶν
1501 4654 1690 4725 βεϐιω-

69 4753 266 4822 μένων
301 4747 674 4817 κομίσασθαι·
703 4746 1002 4811 συνειδότες
1029 4745 1242 4810 ἑαυτοῖς
1268 4745 1497 4817 πράξεις
1528 4748 1698 4818 αἰσχίο

69 4859 231 4908 στας,
291 4839 514 4893 πολλῶν
569 4838 725 4904 ἀξίας
777 4839 1080 4908 τιμωριῶν,
1126 4837 1274 4908 μίσει
1319 4837 1420 4908 τῆς
1465 4839 1698 4910 κρίσεως

62 4935 386 5008 ἀναιροῦσι
413 4933 506 4985 καὶ
526 4931 623 5002 τὴν
653 4930 965 4984 ἀνάστασιν.
1007 4930 1215 5000 Ὠσπερ
1242 4929 1289 4983 οἱ
1320 4932 1545 5001 πονηροὶ
1581 4929 1691 4984 τῶν

61 5029 316 5092 δούλων,
372 5025 424 5077 οἰ
473 5022 572 5095 τὴν
622 5022 809 5077 οὐσίαν
874 5021 969 5076 τοῦ
1020 5022 1208 5093 κυρίου
1257 5023 1689 5097 δαπανήσαντες,

59 5124 325 5178 ιιανιάτοι)
366 5117 425 5172 δέ
460 5116 554 5171 τοῦ
588 5116 852 5170 δεσπότου
894 5116 988 5168 καὶ
1016 5115 1291 5180 ἀπωλείας
1321 5117 1532 5180 ἐαυτοῖς
1561 5118 1693 5172 ὑπο-

81 5216 426 5286 ’ράιροντες,
452 5209 552 5262 καὶ
581 5207 718 5279 πρὸς
755 5207 855 5279 τὴν
898 5205 1032 5261 ίδίαν
1080 5207 1378 5280 ἐπιθυμίαν
1416 5210 1692 5274 διακένους

84 5305 394 5378 ογισμοὺς
427 5301 886 5364 ἀναπλάσσοντες.

1797 4572 2115 4636 secundam,
2168 4581 2229 4627 ut
2286 4573 2359 4627 ita
2418 4573 2620 4641 dicam,
2671 4577 3075 4646 generationem
3131 4590 3162 4630 a
3204 4585 3387 4631 morte

1799 4662 2025 4717 liberam
2085 4664 2362 4731 tollamus,
2397 4680 2576 4734 neque
2632 4666 2803 4720 nimio
2837 4666 3025 4722 studio
3079 4667 3382 4737 voluptatis

1796 4755 2120 4826 benignam,
2167 4757 2462 4828 studioque
2494 4767 2551 4813 et
2608 4774 2795 4814 amore
2832 4760 3116 4815 hominum
3178 4759 3384 4819 factam

1798 4845 2228 4916 promissionem
2265 4848 2361 4904 Dei
2395 4850 2720 4919 sugillemus
2740 4863 2902 4922 atque
2932 4852 3379 4908 dehonestemus.

1799 4936 1928 4992 Mihi
1963 4941 2109 4994 enim
2146 4942 2435 5011 praesentis
2455 4944 2765 5013 argumenti
2793 4945 3096 5000 adversarii
3124 4944 3381 5004 videntur

1798 5045 1922 5084 esse
1956 5030 2208 5086 homines
2260 5031 2376 5085 vitii
2426 5041 2590 5103 atque
2621 5035 2877 5106 nequitiae
2919 5036 3102 5101 amici,
3161 5036 3384 5090 virtutis

1800 5121 2034 5186 inimici,
2069 5121 2368 5192 libidinosi,
2395 5125 2571 5194 avari,
2621 5139 2675 5182 et
2696 5129 2869 5184 oculis
2930 5129 3380 5196 intemperantes,

1800 5217 1916 5264 tum
1953 5212 2140 5266 auditu
2170 5222 2224 5267 et
2255 5212 2478 5281 olfactu,
2514 5217 2770 5274 omnibus
2839 5218 3074 5288 denique
3122 5218 3383 5274 sensibus

1801 5304 2122 5358 inﬂuentem
2149 5315 2203 5358 et
2231 5306 2582 5376 obrepentem
2614 5310 2750 5378 ipsis
2788 5311 3118 5380 voluptatem
3159 5311 3213 5364 in
3260 5325 3385 5366 sese

61 5407 476 5459 admittentes.
526 5397 796 5464 Quoniam
848 5402 1028 5449 autem
1068 5403 1333 5450 tractatus
1361 5397 1778 5451 resurrectionis
1809 5396 2083 5466 judicium
2124 5400 2465 5469 propositum
2512 5401 2706 5465 habet,
2739 5410 2794 5458 et
2835 5418 3026 5459 sacros
3059 5406 3228 5460 libros
3283 5422 3384 5460 au-

67 5501 256 5561 iiunt,
287 5495 358 5550 in
395 5492 597 5562 quibus
625 5503 884 5560 eXpresse
911 5504 976 5545 ac
999 5489 1202 5545 diserte
1227 5490 1560 5557 continetur,
1580 5490 1726 5561 quod
1750 5502 1940 5545 nostra
1957 5492 2068 5544 vita
2087 5495 2376 5562 quaestioni
2396 5504 2448 5549 et
2471 5497 2867 5552 examinationi
2886 5509 3138 5569 exempta
3156 5516 3261 5554 non
3286 5503 3382 5564 sit,

57 5594 151 5647 sed
186 5604 351 5647 cum
372 5584 441 5640 ad
461 5585 689 5638 alteram
716 5583 882 5637 vitam
905 5582 1149 5638 renovati
1176 5581 1750 5649 fuerimus,futurum,
1777 5594 1835 5638 ut
1855 5599 2048 5639 omnes
2081 5586 2146 5640 ad
2175 5587 2416 5642 tribunal
2447 5589 2651 5646 Christi
2681 5593 2965 5656 sistamur,
2998 5603 3058 5648 ut
3090 5595 3382 5662 illojudice

53 5694 277 5762 dignas
319 5691 468 5738 actae
490 5682 616 5735 vitae
654 5679 1049 5735 retributiones
1075 5688 1131 5734 et
1160 5683 1642 5748 compensationes
1667 5679 2003 5751 recipiamus
2034 5698 2048 5736 :
2077 5681 2226 5752 quod
2271 5683 2376 5738 sibi
2416 5687 2628 5740 conscii
2667 5694 2798 5740 sunt
2830 5687 3276 5756 turpissimarum
3317 5704 3382 5746 se

55 5785 536 5847 indissimarum
551 5779 852 5846 actionum,
873 5776 1072 5848 quibus
1105 5777 1305 5834 multas
1337 5792 1528 5848 pcenas
1546 5778 1722 5835 meriti
1747 5789 1894 5845 sunt,
1914 5779 2244 5850 odiojudicii
2263 5781 2460 5838 tollunt
2480 5783 2642 5839 etiam
2674 5786 3378 5849 resurrectionem:uuem-
