3842 6428
470 229 578 286 675

1719 223 1778 278 s.
1820 220 2147 291 GREGORII
2177 220 2466 277 NYSSENI

3636 219 3739 275 676

466 344 760 399 admodum
791 338 935 398 servi
972 340 1122 403 mali.
1162 341 1257 411 qui
1282 341 1573 396 facultates
1596 348 1652 397 et
1675 340 1815 394 bona
1852 336 2060 392 domini
2094 343 2578 407 consumpserunt,
2606 345 2661 393 et
2688 344 2916 393 mortem
2949 345 3003 392 et
3035 335 3315 394 interitum
3355 334 3622 406 (interim)
3646 337 3737 388 do-

468 435 602 489 mini
634 432 740 489 sibi
774 444 1114 502 proponunt,
1147 440 1202 485 et
1232 445 1331 499 pro
1362 445 1427 484 eo
1452 429 1598 498 quod
1628 429 1861 498 cupiunt
1882 438 1938 482 et
1956 434 2171 496 optant,
2207 441 2379 482 vanas
2411 426 2777 496 cogitationes
2808 428 2913 481 sibi
2946 426 3177 496 ﬁngunt.

540 525 745 578 Verum
780 536 943 576 nemo
989 535 1160 575 sanus
1194 520 1269 573 ita
1318 521 1540 575 sentiet.
1594 520 1727 584 Quae
1772 525 1857 572 est
1908 518 2054 571 enim
2085 526 2130 577 Α

469 618 683 672 utilitas
705 613 980 684 justitiaz?
1014 611 1169 678 Quod
1210 612 1563 667 commodum
1595 611 1866 675 veritatis,
1896 609 2054 664 boni-

468 708 598 762 tatis
630 713 684 761 et
715 706 896 760 omnis
927 704 1271 758 honestatis?
1294 703 1465 772 Cujus
1520 703 1597 759 rei
1656 703 1832 773 gratia
1875 699 2055 755 homi-

468 816 567 855 nes
599 799 872 861 laborant,
906 805 959 850 et
991 794 1175 851 studio
1210 796 1497 866 sapientiae
1525 793 1694 849 dediti
1719 792 1887 848 sunt?
1910 790 2055 846 Ven-

471 891 570 945 tris
615 889 954 959 voluptatem
1020 886 1126 943 sibi
1182 887 1570 957 subjugantes,
1657 883 2054 940 continentiam

470 980 1006 1051 temperantiamque
1040 977 1443 1047 amplexantes,
1472 990 1668 1032 somno
1696 974 1764 1028 ad
1801 974 2054 1044 exiguum

469 1081 690 1141 tempus
743 1070 1136 1139 indulgentes,-
1173 1076 1555 1139 tempestatem
1603 1074 1657 1123 et
1688 1076 1883 1122 aestum
1925 1066 2059 1120 tole-

470 1172 681 1226 rantes,
705 1161 748 1217 si
781 1161 1116 1216 resurrectio
1142 1176 1248 1214 non
1284 1160 1404 1214 est?
1433 1158 1687 1212 Dicamus
1706 1159 1862 1228 juxta
1891 1157 2055 1211 verba

471 1252 671 1308 Pauli:
708 1251 946 1306 Edamus
977 1260 1025 1306 et
1057 1251 1318 1316 bibamus,
1350 1266 1470 1304 cras
1508 1250 1646 1303 enim
1690 1251 1949 1302 morimur
1988 1247 2054 1301 ¹².

473 1343 531 1399 Si
557 1344 890 1400 resurrectio
916 1344 1087 1407 nulla,
1116 1342 1240 1399 ﬁnis
1265 1358 1395 1397 vero
1415 1344 1541 1396 vitae
1564 1356 1714 1397 mors
1747 1350 1866 1407 est,
1916 1340 2046 1395 tolle

469 1438 603 1491 mihi
637 1436 1014 1491 accusationes
1055 1442 1218 1505 atque
1256 1433 1751 1505 reprehensiones;
1803 1431 2079 1502 permitte

471 1528 784 1592 homicidae,
812 1539 872 1581 ut
900 1528 1109 1596 absque
1142 1526 1538 1597 impedimento
1563 1541 1663 1581 sua
1693 1525 1915 1581 licentia
1934 1532 2055 1578 uta-

476 1627 600 1684 tur;
636 1619 755 1674 sine
787 1618 1099 1673 adulterum
1129 1617 1301 1672 libere
1354 1616 1602 1673 insidiari
1653 1616 2055 1684 matrimoniis;

475 1712 707 1767 insultet
737 1710 1068 1764 adversariis
1094 1710 1248 1765 dives
1279 1722 1477 1764 avarus
1517 1717 1570 1764 et
1598 1708 1760 1763 alieni
1821 1723 2057 1778 usurpa-

473 1812 581 1869 tor,
645 1817 806 1857 nemo
852 1802 1277 1857 conviciatorem
1314 1806 1587 1864 coerceat,
1642 1799 1791 1871 juret
1835 1799 2059 1855 assidue

474 1894 766 1965 perjurus:
796 1902 979 1949 manet
1004 1893 1155 1947 enim
1190 1907 1340 1948 mors
1371 1892 1537 1948 etiam
1562 1891 1797 1962 justum,
1846 1892 2061 1961 religio-
2092 1877 2134 1932 Β

472 2003 616 2050 sum,
651 2000 716 2040 ac
748 1988 920 2056 pium,
948 1984 1201 2055 jurisque
1224 1984 1448 2055 jurandi
1471 1984 1873 2039 observantem.
1907 1982 2056 2037 Men-

473 2078 644 2131 tiatur
685 2078 865 2146 quivis
895 2078 1035 2130 alius
1060 2083 1326 2145 quantum
1357 2076 1488 2130 velit
1519 2093 1533 2129 ε
1569 2075 1756 2130 nullus
1785 2074 1928 2130 enim
1965 2090 2057 2130 ve-

479 2169 663 2223 ritatis
702 2169 917 2223 l'ructus
940 2208 955 2232 ,
987 2181 1148 2222 nemo
1182 2166 1441 2237 pauperis
1469 2166 1831 2233 misereatur;
1859 2182 2055 2237 expers

472 2262 620 2315 enim
648 2258 1030 2316 misericordia
1075 2256 1347 2313 mercedis
1400 2265 1505 2313 est.
1556 2256 1883 2328 Hujusmodi
1932 2274 2055 2313 sen-

474 2366 572 2404 sus
606 2359 660 2404 et
686 2348 1047 2420 cogitationes
1090 2346 1329 2418 pejorem
1360 2345 1566 2402 diluvio
1600 2346 1871 2400 inducunt
1922 2362 2055 2400 con-

476 2440 770 2501 fusionem.
800 2448 855 2494 et
879 2454 1100 2494 omnem
1146 2451 1337 2492 sanam
1368 2437 1589 2509 quidem
1638 2438 1909 2493 rationem
1963 2453 2058 2492 ex-

478 2532 730 2604 pellunt;
770 2531 1104 2586 furiosorum
1137 2539 1321 2586 autem
1351 2541 1405 2585 et
1453 2531 1729 2584 latronum
1782 2529 2055 2599 quaslibet

475 2624 842 2695 cogitationes
874 2632 929 2679 et
968 2622 1199 2678 consilia
1256 2629 1463 2677 acuunt
1490 2630 1653 2690 atque
1704 2620 2051 2674 conﬁrmant.

475 2714 611 2769 Nam
645 2715 693 2769 si
723 2714 1056 2770 resurrectio
1086 2728 1196 2768 non
1225 2721 1346 2777 est,
1394 2728 1464 2768 ne
1511 2711 1779 2782 judicium
1832 2713 2051 2781 quidem

473 2806 615 2873 erit;
656 2804 873 2859 sublato
896 2810 1077 2858 autem
1114 2802 1346 2873 judicio,
1369 2803 1530 2857 etiam
1552 2802 1715 2855 timor
1745 2800 1839 2855 Dei
1888 2802 2052 2856 simul

475 2897 711 2967 ejicitur.
733 2892 834 2949 Ubi
865 2902 1047 2949 autem
1070 2893 1237 2949 timor
1264 2909 1374 2948 non
1403 2894 1649 2957 cohibet,
1675 2907 1777 2947 nec
1798 2892 1851 2945 in
1876 2894 2053 2947 cilicio

476 2987 730 3043 honiines
762 2985 1025 3050 continet,
1051 2984 1127 3039 ibi
1153 2999 1277 3039 cum
1332 2994 1559 3054 peccato
1586 2983 1836 3039 diabolus
1878 2984 2054 3053 tripu-

476 3078 609 3139 diat,
644 3087 808 3148 atque
846 3079 1077 3132 choreas
1101 3075 1273 3130 ducit.
1307 3076 1486 3146 Atque
1509 3075 1801 3129 admodum
1855 3090 2051 3129 conve-

478 3169 695 3222 nienter
723 3175 776 3221 et
810 3177 934 3237 apte
962 3166 1228 3222 adversus
1280 3166 1418 3220 tales
1462 3164 1633 3220 David
1692 3167 1847 3220 illum
1906 3166 2052 3235 psal-

479 3272 630 3311 mum
658 3257 917 3326 scripsit:
952 3256 1101 3309 Dixit
1137 3270 1316 3308 amens
1346 3256 1395 3307 in
1432 3253 1587 3308 corde
1619 3270 1753 3308 suo:
1815 3253 1938 3308 Non
1982 3266 2057 3308 est
2084 3231 2127 3288 δ

482 3349 643 3403 Deus.
681 3346 931 3417 Corrupti
952 3357 1002 3403 et
1031 3346 1417 3402 abominabiles
1452 3347 1584 3417 facti
1633 3356 1756 3401 sunt
1787 3347 1841 3401 in
1868 3347 2061 3402 studiis

477 3450 528 3493 et
550 3440 816 3494 exercitiis
847 3440 959 3493 suis
995 3439 1061 3492 ¹³.
1088 3437 1244 3505 Quod
1273 3439 1320 3493 si
1340 3439 1674 3494 resurrectio
1701 3455 1809 3493 non
1843 3448 1947 3504 est,
1979 3440 2061 3507 fa-

482 3531 609 3586 bula
642 3530 884 3585 Lazarus
913 3538 968 3585 et
998 3530 1153 3585 dives
1181 3530 1273 3585 ille
1296 3539 1382 3586 est
1407 3550 1419 3584 :
1448 3530 1576 3585 item
1614 3529 1983 3586 formidabilis
2009 3540 2064 3586 et

480 3622 789 3678 horrendus
836 3623 928 3678 ille
954 3623 1178 3689 hiatus;
1231 3630 1285 3677 et
1329 3621 1420 3677 ille
1480 3622 1837 3677 intolerabilis
1900 3625 2063 3677 ardor

480 3717 623 3787 ignis
652 3725 707 3769 et
735 3712 1124 3781 inﬂammatio;
1179 3713 1363 3784 lingua
1398 3712 1528 3768 item
1561 3713 1791 3768 ardens:
1836 3713 1902 3767 ad
1950 3714 2064 3768 haec

481 3806 791 3863 desiderata
823 3815 974 3875 gutta
1006 3821 1183 3876 aquae,
1209 3804 1522 3877 digitosque
1553 3805 1815 3860 mendici.
1875 3805 2061 3862 Palam

480 3901 626 3955 enim
654 3909 760 3964 est,
788 3897 934 3969 quod
966 3897 1079 3952 bsic
1102 3898 1287 3951 omnia
1338 3898 1497 3954 nobis
1558 3895 1799 3951 futuram
1853 3898 2063 3968 signiﬁ-

480 4000 610 4047 cant
636 3989 1125 4046 resurrectionem.
1172 3987 1384 4060 Lingua
1431 3989 1578 4045 enim
1608 4004 1671 4042 ac
1705 3988 1915 4059 digitus
1950 4005 2060 4044 non

482 4085 820 4154 incorporea:
846 4074 1090 4136 membra
1121 4082 1317 4136 anima:
1343 4081 1743 4149 intelliguntur,
1761 4083 1855 4138 sed
1879 4092 2063 4152 partes

482 4177 753 4247 corporis.
795 4175 873 4231 Ac
901 4189 1063 4229 nemo
1090 4181 1243 4246 putet
1273 4176 1389 4230 haec
1431 4175 1547 4245 jam
1586 4176 1910 4245 contigisse,
1965 4177 2061 4232 sed

487 4266 899 4337 praedictionem
933 4279 1059 4320 esse
1107 4264 1308 4318 futuri:
1362 4266 1616 4320 evenient
1675 4274 1857 4320 autem
1907 4276 2058 4334 tunc,

481 4374 607 4414 cum
636 4358 918 4413 renovatio
940 4358 1179 4411 animam
1232 4358 1464 4414 mortuis
1514 4356 1829 4423 reddiderit,
1879 4371 1934 4413 et
1990 4360 2058 4414 ad

482 4448 817 4505 reddendam
846 4456 985 4503 acta).
1014 4448 1139 4503 vitae
1184 4447 1448 4502 rationem
1480 4465 1924 4519 unumquemque
1972 4465 2059 4505 re-

480 4543 722 4605 duxerit,
754 4539 1120 4610 compositum
1169 4540 1360 4594 eodem
1386 4540 1547 4594 modo
1599 4555 1709 4609 quo
1761 4542 1936 4610 prius,
1990 4556 2054 4596 ex

481 4633 664 4686 anima
687 4638 741 4686 et
760 4645 991 4701 corpore
1013 4637 1380 4693 constantem.
1410 4628 1580 4684 Porro
1602 4629 2058 4684 Ezechieldivino

483 4724 681 4795 spiritu
714 4734 902 4793 raptus
931 4722 1003 4788 “,
1045 4730 1099 4776 et
1140 4737 1458 4794 magnarum
1513 4722 1784 4776 visionum
1851 4736 2063 4793 specta-

482 4827 591 4883 tor,
620 4816 686 4871 ad
743 4830 904 4885 quam
968 4814 1158 4884 utique
1216 4815 1546 4869 sententiam
1605 4822 1659 4867 et
1721 4815 2057 4870 intellectum

482 4909 879 4972 deducebatur,
908 4920 1033 4960 cum
1078 4905 1213 4960 vidit
1242 4920 1496 4976 magnum
1550 4905 1725 4972 illum,
1787 4921 1851 4960 ac
1900 4907 2060 4978 longe

483 5006 701 5072 lateque
734 5007 1007 5070 patentem
1037 5013 1289 5067 campum
1311 4998 1564 5053 humanis
1584 4998 1803 5055 ossibus
1819 5001 2060 5069 comple-

482 5105 619 5158 tum,
655 5092 722 5147 de
748 5091 948 5162 quibus
972 5089 1267 5159 jubebatur
1296 5088 1667 5159 prophetare?
1701 5090 1905 5146 Carnes
1937 5091 2060 5163 qui-

480 5189 605 5241 dem
631 5185 742 5239 illis
768 5181 951 5238 statim
980 5180 1396 5235 obducebautur
1416 5199 1428 5235 :
1451 5197 1572 5251 quae
1602 5190 1780 5236 autem
1805 5183 1981 5236 soluta
1998 5198 2063 5238 ac

483 5286 687 5332 temere
710 5274 971 5342 nulloque
990 5260 1438 5341 ordine‘disjecta
1456 5281 1633 5335 erant,
1658 5274 1709 5326 in
1730 5282 1912 5344 aptum
1930 5289 2032 5329 con
2046 5304 2064 5315 -

486 5368 900 5437 venientemque
920 5364 1029 5421 sibi
1044 5363 1276 5418 invicem
1297 5364 1545 5419 ordinem
1571 5374 1625 5419 et
1641 5381 1955 5436 compagem
1976 5381 2065 5422 re-

484 5461 811 5529 digebantur
844 5466 1010 5529 atque
1047 5457 1450 5513 coalescebant.
1476 5460 1670 5514 Annon
1704 5461 2055 5531 perspicuum

561 5637 603 5669 ¹²
640 5638 818 5696 lCor.
852 5658 941 5708 xv,
972 5639 1061 5694 32.
1141 5638 1184 5670 ¹³
1225 5636 1369 5693 Psal.
1402 5651 1522 5705 xm,
1558 5637 1610 5692 1.

2240 514 2379 567 Ἀλλ’
2417 515 2593 579 οὐδεὶς
2648 514 2792 569 οὕτω
2832 516 3088 586 φρονήσει
3138 512 3243 567 τῶν
3300 513 3735 584 σωφρονούντων.

2155 605 2306 674 Τίγά
2327 623 2356 678 ρ
2378 606 2568 676 ὄφελος
2579 605 2943 677 δικαιοσύνης,
2964 607 3056 660 καὶ
3087 606 3366 677 ἀληθείας,
3395 606 3490 659 καὶ
3510 605 3741 676 χρηστό-

2155 715 2352 769 τητος,
2391 700 2489 753 καὶ
2534 699 2736 763 παντὸς
2774 699 2870 753 τοῦ
2913 698 3118 765 καλοῦ;
3171 699 3312 770 ὑπὲρ
3351 698 3496 762 τίνος
3540 697 3598 749 δὲ
3647 714 3741 766 μο-

2155 789 2345 860 χθοῦσι
2376 792 2471 844 καὶ
2500 790 2877 860 φιλοσοφοῦσιν
2922 791 3196 862 ἄνθρωποι
3220 832 3236 858 ,
3279 790 3517 861 γαστρὸς
3551 788 3740 858 ἡδονὴν

2154 881 2649 952 δουλαγωγοῦντες,
2713 882 2806 936 καὶ
2862 882 3181 952 ἀγαπῶντες
3237 882 3560 952 ἐγκράτειαν
3581 919 3598 944 ,
3650 879 3742 932 καὶ

2158 974 2326 1029 ὕπνου
2357 975 2491 1045 πρὸς
2516 972 2694 1042 ὀλίγον
2736 973 3254 1045 μεταλαγχάνοντες,
3284 973 3376 1025 καὶ
3408 970 3741 1042 παραταττό-

2160 1082 2310 1136 μενοι
2354 1066 2491 1135 πρὸς
2530 1065 2775 1136 χειμῶνα
2824 1066 2916 1118 καὶ
2955 1068 3162 1134 πνῖγος,
3208 1066 3256 1117 εί
3300 1063 3594 1126 ἀνάστασις
3645 1062 3742 1114 οὐκ

2156 1156 2337 1220 gmw;
2365 1154 2620 1226 Εἴπωμεν
2653 1155 2788 1226 πρὸς
2819 1156 2980 1223 αὐτὰ,
3008 1155 3076 1210 τὰ
3099 1159 3317 1226 ῥήματα
3348 1153 3599 1217 Παύλου;
3630 1152 3744 1205 Φά-

2156 1266 2350 1321 γωμεν
2398 1248 2496 1302 καί
2538 1247 2799 1318 πίωμενο
2851 1248 3062 1317 αὔριον
3101 1248 3212 1318 γὰρ
3253 1246 3741 1313 ἀποθνήσκομεν.
3818 1272 3823 1285 ί

2156 1343 2219 1395 Εἰ
2246 1340 2537 1404 ἀνάστασις
2563 1340 2662 1394 οὐκ
2704 1340 2870 1404 ἔστιν,
2911 1337 3046 1393 ἀλλὰ
3080 1340 3251 1411 πέρας
3300 1339 3393 1392 τοῦ
3429 1337 3543 1408 βίου
3576 1337 3744 1389 θάνα-

2157 1453 2267 1499 τος,
2285 1433 2451 1489 ’ἀνελέ
2481 1451 2570 1503 μοι
2608 1433 2942 1506 κατηγορίας
2971 1434 3064 1487 καὶ
3095 1433 3292 1502 ψόγους
3311 1449 3324 1461 ο
3348 1431 3437 1494 δὸς
3466 1431 3742 1485 ἀκώλυτον

2156 1528 2234 1599 τῷ
2271 1527 2578 1599 ἀνδροφόνῳ
2616 1527 2713 1598 τὴν
2750 1525 3029 1590 ἐξουσίαν·
3073 1525 3209 1594 ἄφες
3244 1524 3332 1577 τὸν
3380 1524 3563 1594 μοιχὸν
3608 1523 3744 1586 μετὰ

2159 1619 2470 1691 παρρησίας
2504 1617 2871 1674 ἐπιϐουλεύειν
2902 1619 3016 1682 τοῖς
3052 1618 3270 1687 γάμοις,
3304 1616 3562 1687 τρυφάτω
3603 1615 3744 1667 κατὰ

2155 1712 2264 1764 τῶν
2315 1712 2570 1765 ἐναντίων
2622 1710 2970 1781 πλεονέκτης,
3032 1709 3218 1780 μηδεὶς
3264 1708 3606 1762 ἐπικοπτέτω
3659 1706 3744 1757 τὸν
3822 1718 3823 1733 ‘

2158 1802 2415 1875 λοίδορον,
2445 1802 2661 1873 ὀμνύτω
2694 1800 2931 1872 συνεχῶς
2964 1802 2993 1855 6
3027 1801 3312 1873 ἐπίορκος⁶
3342 1801 3489 1871 μένει
3520 1799 3632 1868 γὰρ
3659 1798 3745 1850 θά-

2163 1911 2322 1957 νατος
2358 1893 2452 1946 καὶ
2481 1893 2571 1947 τὸν
2607 1891 2850 1964 εὔορκον.
2889 1889 3181 1950 Ψευδέοθω
3225 1888 3382 1952 ἄλλος
3423 1888 3522 1941 ὅσα
3564 1886 3747 1957 βούλε-

2163 2003 2285 2038 ται·
2320 1986 2494 2049 οὐδεὶς
2518 1984 2628 2055 γὰρ
2652 1985 2749 2053 τῆς
2769 1982 3024 2054 ἀληθείας
3048 1981 3278 2052 καρπός.
3302 1980 3509 2050 Μηδεὶς
3532 1978 3749 2032 ἐλεείτω

2161 2077 2253 2130 τὸν
2300 2077 2538 2149 πένητα’
2578 2075 2807 2146 ἄμισθος
2839 2075 2948 2147 γάρ
2986 2077 3133 2129 ἐστιν
3173 2076 3201 2127 ὁ
3244 2072 3410 2136 ἕλεος.
3453 2070 3645 2126 Ταῦτα
3684 2073 3749 2125 τὰ

2163 2170 2508 2241 φρονήματα,
2541 2168 2758 2240 χείρονα
2790 2169 2936 2220 ποιεί
2977 2165 3071 2220 τοῦ
3116 2163 3502 2236 κατακλυσμοῦ
3546 2164 3749 2233 σύγχυ-

2164 2279 2249 2314 σιν
2276 2278 2290 2291 ·
2322 2262 2417 2313 καὶ
2444 2261 2619 2314 πάντα
2644 2260 2742 2331 μὲν
2773 2259 3025 2313 ἐκϐάλλει
3069 2257 3318 2330 σώφρονα
3344 2256 3523 2321 λόγον,
3557 2258 3669 2308 πᾶν
3697 2256 3751 2308 δὲ

2162 2352 2338 2423 νόημα
2367 2350 2590 2422 μανικὸν
2622 2353 2715 2405 κα)⁸
2743 2350 3032 2424 λῃστρικὸν
3063 2349 3336 2421 ἐπιθήγει.
3380 2348 3442 2401 Ei
3475 2346 3584 2417 γάρ
3619 2346 3751 2399 ἀνά-

2164 2462 2350 2508 στασις
2381 2445 2481 2498 οὐκ
2511 2444 2678 2509 ἔστιν,
2705 2444 2824 2499 οὐδὲ
2852 2444 3032 2515 κρίσις
3052 2461 3063 2472 ·
3090 2444 3138 2495 εί
3173 2442 3229 2495 δὲ
3256 2440 3433 2511 κρίσις
3460 2438 3750 2509 ἀνῄρηται,

2162 2535 2257 2587 καὶ
2296 2532 2458 2602 φόϐος
2507 2532 2640 2586 Θεοῦ
2688 2532 3122 2587 συνεκϐάλλεται.
3159 2532 3331 2584 Ὅπου
3381 2528 3436 2581 δὲ
3480 2526 3646 2596 φόϐος
3692 2526 3751 2578 οὐ

2162 2625 2507 2696 σωφρονίζει,
2534 2625 2652 2678 ἐκεῖ
2693 2625 2906 2697 χορεύει
2937 2624 3075 2695 μετά
3106 2622 3206 2693 τῆς
3242 2620 3516 2693 ἁμαρτίας
3560 2622 3592 2672 ὀ
3634 2617 3753 2671 διάη

2161 2714 2336 2778 ϐολος.
2381 2715 2488 2768 Καὶ
2534 2715 2655 2768 λίαν
2700 2715 2973 2787 ἁρμοδίως
3021 2714 3159 2785 πρὸς
3203 2713 3473 2775 τοιούτους
3510 2712 3538 2764 6
3590 2712 3755 2764 Aa€z6

2160 2809 2366 2861 ἐκεῖνον
2393 2807 2666 2879 ἀνέγραψε
2693 2805 3047 2878 τὸνψαλμόν·
3079 2800 3265 2860 Εἶπεν
3290 2803 3493 2872 ἄφρων
3519 2803 3590 2856 ἐν
3618 2818 3756 2871 καρ-

2159 2899 2259 2967 δίᾳ
2312 2900 2499 2954 αὐτοῦ
2526 2917 2541 2930 ’
2602 2902 2723 2954 Οὐκ
2773 2899 2903 2954 ἐστι
2970 2899 3133 2963 Θεός.
3188 2895 3606 2965 Διεφθάρησιιν
3660 2893 3756 2946 καὶ

2158 2990 2610 3060 ἐϐδελύχθησαν
2666 2990 2737 3044 ἐν
2790 2989 3275 3057 ἐπιτηδεύμασιν.
3330 2988 3391 3039 Ei
3455 2985 3755 3047 ἀνάστασις

2158 3083 2259 3135 οὐκ
2292 3084 2425 3148 ἐστι,
2461 3082 2676 3154 μῦθοςό
2703 3082 2974 3154 Λάζαρος,
3035 3081 3127 3133 καὶ
3169 3082 3195 3133 ὀ
3242 3078 3517 3144 πλούσιος,
3556 3077 3659 3131 καὶ
3698 3077 3756 3128 τὸ

2159 3174 2427 3245 φρικῶδες
2455 3174 2641 3245 χάσμα
2662 3214 2677 3238 ,
2706 3173 2801 3227 καὶ
2824 3174 2857 3244 ἡ
2879 3171 2973 3225 τοῦ
3004 3171 3175 3242 πυρὸς
3206 3171 3430 3240 ἄσχετος
3455 3170 3752 3238 φλόγωσις,

2165 3268 2259 3320 καὶ
2287 3268 2321 3337 ἡ
2347 3267 2573 3338 διακαὴς
2604 3266 2844 3335 γλῶσσα,
2877 3265 2971 3319 καὶ
3003 3265 3037 3335 ἠ
3067 3263 3372 3332 ποθουμένη
3410 3261 3634 3331 σταγὼν
3664 3262 3755 3315 τοῦ

2166 3360 2376 3425 ὓδατος,
2406 3360 2500 3414 καὶ
2524 3362 2551 3412 6
2574 3358 2834 3423 δάκτυλος
2859 3357 2951 3411 τοῦ
2975 3356 3214 3428 πτωχοῦ.
3243 3356 3514 3427 Πρόδηλον
3538 3354 3656 3427 γὰρ
3680 3356 3756 3406 ὅτι

2163 3451 2335 3505 ταῦτα
2364 3452 2566 3516 πάντα,
2598 3451 2661 3504 τὸ
2695 3450 2883 3522 μέλλον
2915 3450 3229 3518 ἐξεικονίζει
3258 3450 3357 3520 τῆς
3378 3450 3755 3507 ἀναστάσεως.

2163 3543 2390 3600 Γλῶσσα
2426 3543 2536 3614 γὰρ
2581 3543 2676 3598 καὶ
2720 3542 2998 3609 δάκτυλος,
3043 3542 3105 3596 ού
3148 3532 3245 3613 τῆς
3282 3542 3576 3611 ἀσωμάτου
3622 3543 3759 3613 μέλη

2161 3636 2338 3707 ψυχῆς
2373 3638 2594 3703 νοεῖται,
2625 3634 2761 3691 ἀλλὰ
2805 3636 2947 3708 μέρη
2988 3635 3082 3689 τοῦ
3114 3635 3382 3705 σώματος.
3419 3636 3529 3688 Καὶ
3565 3635 3761 3707 μηδεὶς

2162 3727 2358 3781 οἰέσθω
2392 3726 2566 3782 ταῦτα
2607 3728 2708 3800 ἤδη
2755 3727 3092 3799 πεπρᾶχθαι,
3123 3728 3259 3781 ἀλλά
3298 3725 3762 3799 προαναφὼνησιν

2163 3814 2303 3871 εἶναι
2348 3816 2443 3870 τοῦ
2484 3818 2769 3889 μέλλοντος
2788 3835 2802 3848 ’
2834 3818 2987 3873 ἔσται
3032 3819 3087 3872 δὲ
3118 3820 3261 3885 τότε,
3290 3821 3416 3874 ὅταν
3448 3821 3481 3891 ἡ
3517 3820 3761 3889 μετακό-

2164 3923 2393 3987 σμησις,
2435 3905 2733 3985 ψυχὼσασα
2763 3906 2893 3971 τοὺς
2943 3908 3188 3979 νεκροὺς,
3218 3908 3353 3977 πρὸς
3382 3908 3480 3972 τάς
3522 3908 3765 3970 εὐθύνας
3822 3972 3823 3987 χ

2162 3982 2395 4051 ἕκαστον
2429 3982 2540 4051 τῶν
2587 3998 2933 4069 βεϐιωμένων
2988 3998 3275 4071 ἀναγάγῃ.
3322 3999 3577 4053 σύνθετον
3632 4000 3762 4053 ὄντα
3822 3982 3823 4011 ἶ

2162 4088 2346 4155 καθὼς
2379 4090 2667 4162 πρότερον,
2712 4090 2809 4144 καὶ
2853 4090 2941 4144 διὰ
2976 4089 3154 4161 ψυχῆς
3197 4090 3292 4144 καὶ
3337 4090 3590 4160 σώματος
3633 4109 3764 4144 συν-
3822 4128 3823 4143 ς

2161 4180 2387 4235 εστῶτα.
2428 4181 2486 4234 '0
2514 4180 2572 4233 δὲ
2605 4180 3030 4252 θεοφορούμενος
3069 4181 3346 4252 Ἰεζεκιὴλ,
3379 4182 3472 4234 καὶ
3509 4182 3628 4235 τῶν
3666 4198 3765 4253 με-

2163 4270 2345 4341 γάλων
2385 4271 2661 4326 ὀπτασιῶν
2707 4272 2932 4345 θεωρὸς,
2974 4274 3109 4346 πρὸς
3156 4274 3315 4328 ποίαν
3363 4274 3471 4351 ᾇρα
3512 4274 3766 4328 διάνοιαν

2160 4363 2516 4435 ὀδηγούμενος
2547 4363 2740 4417 ἕϐλεπε
2774 4364 2837 4417 τὸ
2859 4366 2999 4434 μέγα
3033 4366 3127 4418 καὶ
3158 4365 3542 4437 ἀνηπλωμένον
3579 4368 3766 4420 ἐκεῖνο

2160 4453 2358 4519 πεδίον,
2404 4453 2463 4507 τὸ
2502 4454 2669 4525 γέμον
2710 4454 2818 4508 τῶν
2864 4454 3218 4527 ἀνθρωπίνων
3255 4456 3474 4519 ὀστέων,
3523 4456 3660 4509 καθ’
3691 4451 3766 4510 ὧν

2161 4540 2440 4596 ἐκελεύετο
2466 4543 2862 4615 προφητεύειν;
2896 4544 3007 4597 Καὶ
3044 4544 3244 4617 σάρκες
3285 4545 3382 4615 μὲν
3407 4544 3647 4611 ἐκείνοις
3676 4548 3766 4599 εὖ·
3822 4580 3823 4585 η

2161 4634 2257 4699 θὺς
2296 4636 2672 4707 περιεφύοντο,
2705 4636 2773 4690 τὰ
2832 4635 2888 4690 δὲ
2940 4636 3206 4708 λελυμένα
3243 4637 3334 4690 καὶ
3381 4636 3643 4702 ἀτάκτως
3688 4638 3767 4691 δι-

2163 4727 2495 4800 ερριμμένα,
2544 4730 2624 4793 είς
2666 4727 2817 4794 τάξιν
2869 4733 2962 4782 καὶ
3015 4729 3277 4800 ἁρμονίαν
3332 4728 3588 4799 ἀλλήλοις
3639 4746 3767 4782 συν·

2160 4818 2436 4873 εκολλᾶτο.
2470 4820 2541 4873 Ἦ
2574 4819 2859 4892 πρόδηλον,
2903 4822 2979 4885 ὡς
3021 4820 3109 4875 διὰ
3148 4820 3256 4875 τῶν
3294 4820 3547 4875 τοιούτων
3578 4821 3767 4891 λόγων

2160 4915 2262 4984 τὴν
2295 4914 2396 4984 τῆς
2425 4913 2626 4986 σαρκὸς
2665 4912 2866 4984 ταύτης
2902 4914 3196 4968 άναὸίωσιν
3227 4917 3356 4986 ημῖν
3391 4914 3594 4979 ἱκανῶς
3622 4917 3765 4969 ὑπο⁴

2161 5003 2430 5057 δείκνυσιν
2455 5021 2472 5070 ;
2519 5004 2672 5074 Ἐμοὶ
2704 5003 2760 5057 δὲ
2791 5003 3036 5057 δοκοῦσιν
3070 5005 3117 5056 οί
3161 5003 3296 5075 πρὸς
3327 5001 3515 5057 τοῦτον
3540 5003 3644 5056 τὸν
3674 5004 3767 5056 16-

2155 5112 2250 5164 γον
2283 5094 2571 5164 ἐριστικῶς
2602 5094 2838 5164 ἕχοντες,
2872 5096 2933 5148 ού
2965 5094 3245 5159 δυσσεϐεῖς
3280 5096 3458 5166 μόνον,
3493 5095 3639 5148 ἀλλὰ
3672 5100 3769 5150 καὶ

2155 5186 2559 5256 παραπαίοντες
2591 5181 2750 5242 εἶναι.
2794 5187 3113 5251 Ἀνάστασις
3161 5187 3269 5261 γὰρ
3322 5187 3417 5240 καὶ
3455 5187 3769 5252 ἀναδίωσις

2158 5277 2253 5329 καὶ
2299 5276 2707 5349 μετακόσμησις
2759 5278 2852 5331 καὶ
2880 5282 3055 5333 πάντα
3091 5279 3159 5333 τά
3208 5278 3435 5333 τοιαῦτα
3484 5280 3766 5349 ὀνόματα,

2158 5368 2295 5438 πρὸς
2327 5368 2386 5420 τὸ
2416 5367 2574 5438 σῶμα
2607 5370 2667 5423 τὸ
2695 5373 2759 5441 τῇ
2797 5370 2971 5442 φθορᾷ
3006 5370 3362 5441 ὑποκείμενον
3407 5370 3501 5423 τοῦ
3537 5371 3768 5442 ἀκροῶ·
3822 5434 3823 5451 χ

2168 5457 2329 5527 μένου
2380 5457 2535 5529 φέρει
2582 5459 2680 5530 τὴν
2722 5459 2950 5514 ἔννοιαν.
2996 5459 3083 5524 Ὠς
3117 5459 3152 5530 ἦ
3184 5476 3246 5528 γε
3278 5458 3424 5530 ψυχὴ
3462 5456 3608 5529 αὑτὴ
3641 5456 3771 5510 καθ’

1692 5638 1738 5669 ιδ
1772 5635 1972 5692 Ezech.
2000 5649 2210 5704 xxxv",
2246 5637 2272 5691 1
2296 5652 2417 5708 sqq.
