3842 6420
137 258 248 309 677

1052 265 1120 320 ΙΝ
1160 267 1440 324 CHRISTI
1476 269 2114 330 RESURRECTIONEM
2155 278 2360 334 ORAT.
2407 281 2495 337 lll.

3315 289 3420 347 678

137 373 343 443 ἑαυτὴν
385 371 763 443 ἐξετμζομένη,
811 372 1005 428 οὔποτε
1034 379 1416 450 ἀναστήσεται,
1458 383 1641 453 ἐπειδὴ
1675 402 1695 454 ι

1796 391 1824 447 1
1852 391 2092 456 estquod
2113 406 2207 459 per
2224 391 2536 461 hujusmodi
2567 395 2720 451 nobis
2738 398 2938 468 scripta
2960 405 3144 460 carnis
3159 406 3418 475 hujusre—

135 466 396 534 τελευτᾷ,
425 464 539 516 ἀλλ’
558 465 830 535 ἄφθαρτός
854 467 964 518 ἐστι
995 469 1088 520 καὶ
1113 471 1432 542 ἀνώλεθρος.
1453 473 1740 536 Ἀθάνατος

133 558 191 608 δὲ
223 556 570 626 ὑπάρχουσα,
595 555 787 625 θνητὸν
815 557 926 626 ἕχει
951 560 1011 610 τὸ
1038 563 1289 614 κοινωνὸν
1333 563 1439 616 τῶν
1475 567 1738 636 πραγμά-

132 665 279 698 των·
320 648 415 700 καὶ
458 647 544 699 διὰ
584 647 741 699 τοῦτο
788 649 936 719 παρά
978 649 1054 720 τῷ
1101 651 1294 721 δικαίῳ
1340 657 1500 724 κριτῇ
1550 657 1607 708 ἐν
1659 656 1737 726 τῷ

135 739 320 810 καιρῷ
370 739 479 791 τῶν
525 739 764 792 εὐθυνῶν
811 742 1079 812 ἐνοικήσει
1133 744 1292 797 πάλιν
1350 745 1426 815 τῷ
1467 747 1732 818 συνεργῷ,

134 834 225 882 ἵνα
261 833 380 898 μετ’
405 831 612 900 ἐκείνου
647 831 831 894 κοινὰς
871 833 1087 902 δέξηται
1137 836 1236 899 τὰς
1275 836 1522 901 κολάσεις
1558 840 1590 909 ἢ
1635 842 1734 904 τάς

130 923 320 991 τιμάς.
378 923 592 976 Μᾶλλον
639 924 693 975 δὲ
724 925 810 975 ἵνα
839 928 932 977 καὶ
974 927 1133 979 πλέον
1165 931 1297 998 ἡμῖν
1327 924 1360 979 ’ό
1401 928 1556 997 λόγος
1602 932 1731 983 ἀκο-

130 1013 455 1084 λουθότερος
481 1015 726 1084 γένηται,
772 1015 912 1068 οὕτω
961 1019 1343 1088 σκοπήσωμεν·
1383 1020 1485 1072 Τὸν
1523 1020 1730 1092 ἄνθρω-

131 1123 236 1156 πον
269 1107 320 1156 τί
359 1123 537 1175 φαμεν
565 1123 578 1169 ;
608 1107 669 1159 τὸ
704 1110 1127 1180 συναμφότερον,
1153 1110 1185 1180 ἢ
1213 1109 1275 1162 τὸ
1308 1111 1527 1182 ἐτερον;
1570 1112 1732 1165 Ἀλλά

135 1196 406 1266 πρόδηλον
448 1196 522 1260 ὡς
570 1199 602 1268 ἡ
662 1197 891 1267 συζυγία
948 1199 1055 1252 τῶν
1098 1200 1192 1252 δύο
1240 1202 1632 1273 χαρακτηρίζει
1670 1203 1729 1254 τὸ

133 1287 295 1350 Qt'uov.
331 1290 405 1340 Οὐ
445 1291 554 1361 γὰρ
580 1291 857 1361 προσῆκεν
885 1294 942 1344 ἐν
964 1295 1074 1353 τοῖς
1101 1292 1600 1364 ἀναμφισϐητήτως
1634 1294 1728 1346 καὶ⁸

128 1380 435 1448 γνωρίμοις
469 1381 783 1450 παρέλκειν.
813 1381 1014 1434 Τούτου
1046 1382 1102 1435 δὲ
1149 1382 1319 1446 οὕτως
1358 1383 1590 1453 ἔχοντος,
1627 1386 1727 1437 κά-

127 1474 278 1522 κεῖνο
335 1471 839 1542 προσλογισώμεθα,
895 1474 1153 1545 πότερον,
1195 1474 1230 1528 ἃ.
1274 1476 1598 1546 πράττουσιν
1635 1478 1726 1530 ἅν-

125 1561 365 1632 θρωποι,
404 1562 516 1614 οἷον
559 1563 824 1633 μοιχείαν,
857 1565 1035 1633 φόνον,
1061 1566 1287 1638 κλοπὴν,
1331 1570 1425 1621 καὶ
1460 1571 1568 1622 πᾶν
1598 1569 1722 1621 εἴτι

120 1652 340 1715 τούτοις
369 1655 651 1723 ἑπόμενον,
681 1655 711 1724 ἢ
747 1656 1075 1722 τούναντίον,
1111 1659 1481 1730 σωφροσύνην,
1522 1661 1722 1731 ἐγκρά-

1844 478 2256 534 suscitationem
2273 482 2490 538 abunde
2509 485 2642 541 satis
2659 488 3023 546 demonstrat?
3037 493 3162 549 Mihi
3183 513 3312 552 vero
3325 501 3417 569 qui

1843 568 2107 625 adversus
2135 571 2280 627 hunc
2321 588 2628 630 sermonem
2659 581 3013 646 pertinaciter
3051 568 3413 655 contendunt,

1840 675 1948 712 non
1981 661 2132 730 impii
2188 665 2387 730 solum,
2410 671 2766 724 verumetiam
2796 674 2972 729 insani
3000 693 3122 732 esse
3138 681 3410 736 videntur.

1837 749 2188 808 Resurreetio
2211 756 2354 810 enim
2377 765 2429 812 et
2455 759 2661 815 reditus
2689 763 2754 815 ad
2778 767 2964 830 vitam,
2984 777 3035 821 et
3054 771 3414 825 transforma-

1837 841 1934 905 tio,
1975 850 2028 895 et
2057 844 2239 898 omnia
2272 847 2396 900 talia
2429 849 2692 904 vocabula
2723 854 2787 906 ad
2823 870 3022 924 corpus
3073 863 3408 931 corruptioni

1835 932 2128 987 obnoxium
2159 938 2544 1006 cogitationem
2572 943 2844 1000 audientis
2879 947 3105 1005 ducunt.
3127 951 3260 1005 Nam
3289 956 3409 1007 ani-

1834 1040 1920 1078 ma
1953 1025 2193 1094 quidem,
2219 1028 2266 1081 si
2293 1029 2410 1098 ipsa
2446 1047 2542 1100 per
2569 1047 2688 1087 sese
2711 1036 3053 1092 examinetur
3081 1051 3133 1095 ct
3155 1045 3404 1097 excutia-

1831 1124 1941 1179 tur,
1981 1133 2257 1188 nunquam
2290 1133 2564 1192 resurget,
2594 1126 2812 1194 quando
2849 1129 3066 1199 quidem
3101 1149 3205 1186 nou
3237 1138 3406 1188 mori-

1833 1217 1938 1271 tur,
1985 1210 2078 1263 sed
2122 1211 2375 1266 interitus
2413 1222 2466 1266 et
2501 1217 2868 1285 corruptionis
2911 1230 2993 1274 est
3027 1239 3242 1291 expers.
3266 1227 3401 1280 Cum
3451 1272 3456 1276 .

1829 1304 2010 1350 autem
2048 1298 2117 1351 sit
2142 1299 2488 1363 immortalis,
2519 1305 2963 1378 mortalecorpus
2993 1313 3203 1364 socium
3244 1314 3403 1368 habet

1829 1387 2104 1440 actionum
2155 1407 2169 1442 :
2221 1401 2384 1460 atque
2425 1393 2630 1447 idcirco
2680 1396 2821 1464 apud
2873 1399 3082 1467 justum
3135 1402 3398 1470 judicem,

1826 1484 2070 1548 tempore
2102 1480 2500 1552 reddendarum
2548 1487 2843 1555 rationum,
2883 1506 3073 1547 rursus
3105 1495 3254 1549 socio
3299 1512 3399 1549 suo

1826 1569 2172 1636 inhabitabit,
2227 1583 2284 1626 ut
2339 1591 2459 1629 cum
2504 1577 2596 1629 illo
2659 1593 2977 1638 communes
3033 1586 3261 1654 recipiat
3314 1591 3396 1642 vel

1825 1676 2014 1730 poenas
2049 1665 2126 1715 vel
2161 1667 2400 1732 prmmia.
2433 1666 2588 1722 Enim
2613 1686 2740 1724 vero
2766 1689 2874 1742 quo
2891 1676 3063 1746 magis
3095 1660 3252 1732 nobis
3273 1694 3398 1733 ora-

119 1761 299 1808 τειαν,
332 1747 426 1798 καὶ
451 1749 629 1799 πᾶσαν
653 1745 750 1817 τὴν
777 1748 1048 1800 ἀντίθετον
1073 1749 1172 1818 τῆς
1200 1749 1394 1813 κακίας
1418 1750 1695 1820 ἐνέργειαν

1824 1755 1900 1806 tio
1927 1765 2294 1810 consentanea
2324 1761 2416 1823 sit,
2451 1761 2550 1814 hoc
2582 1763 2742 1820 modo
2789 1781 2900 1820 rem
2961 1771 3390 1828 consideremus.

1703 1813 1720 1836 9

119 1836 234 1889 τῶν
262 1838 358 1890 δύο
390 1839 568 1908 φαμὲν
618 1839 881 1909 ὑπάρχειν
929 1841 1362 1911 ἀποτελέσματα,
1394 1842 1426 1912 ἢ
1464 1844 1529 1912 τῇ
1576 1842 1718 1913 ψυχῇ

118 1929 263 1999 μόνῃ
290 1931 392 1994 τὰς
426 1932 653 2002 πράξεις
682 1931 1099 2002 περιορίζομεν;

1821 1840 2106 1897 Hominem
2139 1845 2268 1914 quid
2295 1863 2417 1902 esse
2442 1849 2697 1915 dicimus,
2750 1866 3043 1928 utrumque
3091 1862 3277 1927 simul,
3321 1879 3392 1918 an

1808 1917 2049 1986 alterum
2089 1937 2380 2004 separatim
2407 1938 2429 1990 ?
2455 1940 2521 1991 At
2546 1943 2894 1999 manifestum
2926 1956 3030 2012 est,
3057 1951 3204 2020 quod
3256 1968 3390 2008 con-

112 2021 338 2086 junctio
366 2023 654 2075 amborum
694 2022 945 2093 designat
974 2025 1195 2077 animal.
1232 2022 1347 2078 Non
1375 2025 1520 2079 enim
1555 2025 1809 2079 convenit
1839 2025 1891 2078 in
1929 2025 2093 2080 rebus
2127 2029 2308 2092 notis,
2343 2043 2406 2082 ac
2438 2031 2571 2085 nihil
2605 2038 2995 2091 controversiae
3028 2039 3079 2093 in
3120 2057 3179 2096 se
3211 2048 3389 2099 conti-

117 2119 403 2184 nentibus,
436 2119 711 2188 superﬂuo
742 2121 817 2173 uti
846 2122 1269 2176 sermone.Cum
1304 2122 1408 2176 hoc
1439 2123 1513 2176 ita
1537 2123 1625 2185 sit,
1657 2122 1789 2176 illud
1823 2138 2041 2192 quoque
2069 2123 2294 2194 insuper
2323 2127 2754 2196 consideremus,
2779 2143 2960 2187 utrum
2985 2151 3068 2201 ea,
3095 2153 3217 2207 quae
3239 2155 3388 2194 com-

117 2213 346 2265 m‘ttunt
384 2229 448 2266 ac
475 2223 788 2282 perpetrant
815 2215 1084 2281 homines,
1109 2217 1254 2271 verbi
1282 2217 1479 2288 gratia,
1507 2217 1858 2283 adulterium,
1885 2219 2105 2282 caadem,
2142 2219 2344 2275 furtum
2372 2238 2434 2276 ac
2458 2224 2722 2295 quidquid
2755 2228 2838 2283 his
2860 2230 3016 2285 aliine
3038 2243 3119 2286 est
3148 2252 3161 2288 :
3193 2243 3286 2288 aut
3320 2254 3382 2291 es

114 2303 422 2365 contrario,
467 2305 841 2366 sobrietatem,
883 2309 1298 2372 continentiam,
1334 2317 1386 2363 et
1418 2325 1632 2364 omnem
1664 2312 1796 2364 vitio
1835 2312 2142 2382 appositam
2182 2314 2482 2382 actionem,
2518 2319 2800 2390 utriusque
2840 2321 3074 2378 dicimus
3104 2341 3227 2380 esse
3260 2331 3387 2382 elle-

114 2407 260 2458 ctus,
298 2413 367 2449 an
410 2398 605 2450 aninue
645 2399 818 2451 solum
845 2399 1354 2456 circmnscribimus
1377 2403 1664 2456 actiones?

193 2487 361 2539 Ἀλλά
396 2489 500 2540 κᾶν
523 2487 582 2540 οὔ
594 2505 665 2542 τω
692 2489 955 2559 πρόδηλος
979 2491 1011 2560 ἡ
1040 2491 1282 2558 ἀλήθεια.
1310 2492 1558 2562 Οὑδαμοῦ
1590 2492 1697 2562 γὰρ

111 2580 490 2649 ἀποσχίζουσα
541 2579 635 2633 τοῦ
686 2581 939 2650 σώματος
983 2584 1015 2650 ἡ
1067 2581 1213 2652 ψυχὴ
1238 2623 1251 2642 ,
1289 2584 1321 2652 ἦ
1359 2583 1454 2655 τὴν
1490 2584 1695 2653 κλοπὴν

108 2673 464 2744 ἐπιτηδεύει,
498 2672 530 2741 ἢ
575 2670 674 2742 τὴν
709 2675 1066 2745 τοιχωρυχίαν
1113 2675 1435 2744 ἐργάζεται·
1487 2675 1594 2728 οὐδ’
1625 2672 1692 2729 αὖ

109 2767 248 2837 μόνη
288 2765 367 2834 τῷ
417 2765 671 2817 πεινῶντι
708 2763 796 2817 τὸν
829 2765 990 2835 ἄρτον
1029 2766 1260 2828 δίδωσιν,
1298 2767 1330 2836 ἢ
1367 2768 1571 2831 ποτίζει
1603 2767 1692 2819 τὸν

105 2855 347 2922 διψῶντα
373 2893 388 2915 ,
418 2854 450 2922 ἦ
493 2855 626 2926 πρὸς
658 2855 716 2906 τὸ
746 2854 1121 2924 δεσμωτήριον
1158 2855 1366 2920 ἀόκνως
1393 2857 1690 2924 ἐπείγεται,

109 2949 191 2999 ἵνα
241 2947 561 3016 θεραπεύσῃ
606 2948 695 2998 τὸν
739 2946 1098 3017 δεσμωτηρίῳ
1131 2948 1535 3018 κεκακωμένον·
1578 2948 1692 3000 ἀλλ’

1875 2493 1942 2544 At
1978 2493 2138 2547 etiam
2171 2495 2222 2548 in
2255 2495 2356 2548 hoc
2388 2497 2674 2553 manifesta
2729 2503 2924 2559 veritas
2976 2515 3077 2559 est.
3106 2507 3381 2579 Nusquam

1802 2587 1944 2636 enim
1979 2600 2006 2636 a
2037 2601 2267 2654 corpore
2293 2597 2542 2655 separata
2570 2592 2750 2646 anima
2771 2595 2850 2648 vel
2888 2595 3088 2650 fultum
3126 2604 3382 2656 commit-

1803 2675 1889 2737 tit,
1916 2677 1997 2728 vel
2048 2680 2282 2744 parietes
2329 2685 2627 2750 perrumpit
2655 2699 2668 2747 ;
2722 2700 2898 2754 neque
2932 2698 3121 2742 contra
3151 2693 3264 2746 sola
3295 2697 3379 2749 vel

1801 2782 1991 2834 panem
2016 2771 2276 2822 esurienti
2301 2772 2411 2836 dat,
2436 2774 2517 2826 vel
2541 2783 2724 2843 potum
2779 2778 2984 2832 sitienti
3038 2783 3260 2850 przcbet,
3295 2788 3378 2840 vel

1801 2859 1855 2912 in
1889 2875 2163 2914 carcerem
2202 2863 2343 2915 hami
2380 2867 2643 2933 gravatim
2676 2870 2927 2924 concedit
2969 2880 3026 2924 ut
3054 2874 3290 2929 ofﬁcium
3323 2888 3377 2932 et

1802 2946 2170 3007 ministerium
2202 2963 2419 3023 prmstet
2449 2956 2607 3026 eiqui
2630 2973 2848 3014 carcere
2878 2962 3168 3034 allligitur;
3199 2969 3290 3021 sed
3319 2969 3374 3023 in

105 3042 194 3091 ἐπὶ
227 3040 414 3108 πάσης
448 3038 710 3108 πράξεως
745 3038 994 3108 ἀλλήλοις
1026 3039 1311 3108 ἀμφότερα
1360 3041 1689 3106 συνεφάπτε-

1798 3044 1945 3096 omni
1983 3045 2194 3098 actione
2227 3046 2386 3098 ambo
2408 3045 2509 3099 sibi
2546 3047 2778 3102 invicem
2808 3052 3096 3120 conjuncta
3129 3058 3289 3111 simul
3324 3071 3377 3114 et

103 3149 188 3184 ται
221 3132 322 3182 καὶ
349 3129 700 3182 συναποτελεῖ
725 3131 792 3182 τὰ
823 3129 1105 3199 γινόμενα.
1135 3130 1258 3193 Πῶς
1282 3132 1459 3184 τοίνυν
1486 3132 1691 3185 τούτων

101 3221 280 3284 οὑτως
320 3221 572 3290 ἐχόντων,
610 3222 703 3274 καί
735 3221 917 3291 κρίσιν
947 3220 1058 3273 τῶν
1089 3222 1434 3293 βεϐιωμένων
1468 3224 1688 3277 ἔσεσθαι

105 3311 427 3381 συγχωρῶν,
464 3311 714 3380 ἁποσπᾷς
739 3311 831 3363 τοῦ
863 3311 1052 3382 ἐτέρου
1090 3313 1150 3364 τὸ
1183 3314 1397 3384 ἕτερον;
1430 3315 1540 3366 Καὶ
1577 3333 1688 3368 κοι-

100 3404 202 3455 νῶν
237 3403 413 3455 ὄντων
441 3403 548 3455 τῶν
576 3403 971 3472 εἰργασμένων,
999 3406 1062 3474 τῇ
1093 3405 1236 3474 ψυχῇ
1272 3403 1406 3475 μόνῃ
1450 3407 1687 3476 περιορί-

98 3496 207 3560 ζεις
242 3497 308 3548 τὸ
336 3495 562 3565 δικαστή
575 3512 717 3565 ριον;
754 3495 814 3546 Εἰ
843 3493 899 3547 δέ
929 3511 1010 3557 τις
1037 3493 1269 3564 ἀκριϐὴς
1299 3495 1507 3562 γένοιτο
1534 3496 1685 3548 δικα-

99 3589 229 3658 στὴς
275 3585 383 3638 τῶν
421 3585 775 3655 ἀνθρωπίνων
806 3584 1314 3655 πλημμελημάτων,
1352 3587 1445 3639 καὶ
1474 3589 1683 3659 σκοπή-

98 3697 238 3732 σειεν
267 3676 572 3747 ἐπιμελῶς,
609 3676 769 3729 πόθεν
799 3677 1021 3744 φύονται
1055 3679 1111 3728 αἱ
1143 3676 1357 3746 πρῶται
1380 3678 1479 3748 τῆς
1501 3680 1680 3750 ἀμαρ-

95 3774 212 3833 τίας
245 3770 444 3832 αἰτίαι,
473 3769 610 3838 τάχα
642 3769 856 3838 πρῶτον
887 3767 1151 3820 ἀτακτοῦν
1179 3769 1236 3822 ὲν
1263 3772 1373 3832 τοῖς
1401 3770 1566 3840 ὲγκλή
1577 3789 1681 3840 μα-

96 3881 176 3914 σιν
207 3863 436 3932 εὑρήσει
464 3862 523 3915 τὸ
560 3861 738 3931 σῶμα.
785 3859 1123 3930 Ἦρεμούσης
1159 3862 1267 3931 γάρ
1295 3861 1552 3925 πολλάκις
1579 3863 1679 3930 τῆς

91 3956 291 4026 ψυχῆς,
323 3955 420 4007 καὶ
441 3955 679 4025 γαλήνην
705 3954 936 4024 ἐχούσης
958 3953 1248 4023 ἀτάραχον,
1276 3950 1413 4007 εἶδεν
1434 3957 1461 4007 ὁ
1481 3955 1678 4023 ὀφθαλ-

96 4050 191 4117 μὲνς
215 4047 479 4118 ἐμπαθῶς
502 4047 536 4100 ἃ.
562 4047 635 4118 μὴ
659 4047 954 4100 θεάσασθαι
980 4045 1184 4116 βέλτιον
1208 4042 1294 4117 ἦν,
1322 4048 1416 4100 καὶ
1437 4050 1502 4118 τῇ
1529 4049 1671 4119 ψυχῇ

91 4138 474 4210 παραπέμψας
502 4139 601 4208 τὴν
651 4137 823 4200 νόσον,
877 4137 954 4198 εἰς
995 4137 1241 4206 χειμῶνα
1284 4137 1376 4190 καὶ
1429 4136 1672 4190 κλύδωνα

91 4243 184 4302 την
225 4232 464 4301 ἡσυχίαν
510 4229 825 4300 μετέϐαλεν.
867 4227 1098 4295 Ὁμοίως
1138 4228 1191 4278 al
1225 4228 1385 4280 ἀκοαὶ
1423 4230 1671 4297 ἀσχημό-

90 4343 192 4375 νων
216 4323 384 4376 τινῶν
415 4323 446 4391 ἢ
477 4319 884 4392 παροξυντικῶν
925 4317 1298 4372 ἐπακούσασαι
1329 4319 1522 4387 λόγων,
1558 4315 1667 4372 οἷον

89 4418 172 4470 διά
198 4434 363 4469 τινων
398 4415 654 4483 σωλήνων
693 4413 900 4466 ἑαυτῶν
927 4413 1016 4466 τὸν
1059 4413 1157 4481 τῆς
1188 4411 1434 4481 ταραχῆς
1458 4451 1470 4474 ,
1504 4411 1535 4481 ἢ
1579 4412 1668 4464 τὸν

89 4510 180 4578 τῆς
211 4507 487 4576 ἀκοσμίας
531 4504 789 4577 βόρϐορον
824 4507 934 4568 τοῖς
956 4504 1234 4572 λογισμοῖς
1275 4503 1664 4572 ἐπεισρέουσιν.

92 4599 244 4650 Ἐστι
272 4597 330 4649 δὲ
369 4598 458 4648 ὅτε
494 4596 587 4648 καὶ
627 4599 659 4664 ἡ
698 4595 780 4664 ῥὶς
822 4593 906 4646 διὰ
946 4593 1046 4664 τῆς
1076 4592 1377 4662 αἰσθήσεως
1423 4593 1514 4644 καὶ
1558 4591 1667 4646 τῶν

87 4689 275 4758 ἀτμῶν
311 4685 523 4755 μεγάλα
560 4703 618 4736 τε
651 4686 744 4738 καὶ
783 4684 1076 4737 ἀνείκαστα
1110 4685 1255 4736 κακὲ
1283 4684 1549 4752 διατίθησι
1577 4684 1666 4737 τὸν

86 4781 288 4834 ἔσωθεν
316 4780 622 4849 ἄνθρωπον.
656 4778 842 4830 oram
877 4778 970 4829 καὶ
991 4780 1171 4846 χεῖρες
1200 4776 1288 4829 διὰ
1317 4777 1416 4846 τῆς
1446 4777 1665 4847 ἐπαφῆς

87 4873 361 4943 καρτερᾶς
415 4869 594 4940 ψυχῆς
639 4867 953 4938 ἐκθηλύνειν
1007 4868 1360 4939 στερρότητα.
1417 4869 1523 4920 Καί
1573 4886 1662 4936 μοι

1793 3145 2087 3202 capessunt
2111 3145 2162 3187 et
2190 3133 2478 3203 perﬁciunt
2505 3150 2566 3188 ea
2601 3152 2720 3205 quae
2743 3148 2996 3207 aguntur.
3025 3139 3141 3207 Qua
3165 3145 3375 3202 ratione

1793 3226 1957 3294 igitur
1992 3240 2113 3279 cum
2139 3225 2254 3278 lucc
2289 3225 2361 3279 ita
2402 3226 2532 3289 sint,
2583 3237 2636 3281 et
2663 3237 2786 3283 ante
2822 3241 3068 3285 actorum
3101 3235 3370 3302 judicium

1791 3318 1905 3373 fore
1932 3318 2223 3382 concedas,
2285 3319 2517 3372 alterum
2549 3319 2617 3372 ab
2667 3321 2837 3375 altero
2885 3323 3096 3379 divellis
3118 3326 3141 3377 ?
3164 3336 3213 3382 et
3245 3344 3369 3383 cum

1788 3411 2017 3464 alterum
2063 3411 2219 3464 alteri
2250 3410 2306 3464 in
2345 3411 2657 3465 commissis
2692 3422 2746 3465 et
2800 3419 3124 3484 perpetratis
3157 3422 3368 3476 socium

1786 3515 1911 3554 esse
1945 3499 2062 3562 des,
2122 3501 2301 3552 anima
2363 3499 2479 3554 sola
2520 3499 2787 3568 judicium
2821 3502 3150 3560 deierminas
3207 3518 3369 3577 atque

1785 3590 2234 3644 circumscribis?
2263 3591 2416 3655 Quod
2451 3591 2496 3644 si
2536 3591 2658 3660 quis
2713 3609 2873 3648 verus
2902 3594 3223 3651 delictorum
3262 3600 3366 3653 hu-

1783 3695 2064 3734 manorum
2093 3680 2259 3749 judex
2298 3681 2498 3746 fuerit,
2547 3690 2600 3734 et
2661 3683 2947 3752 diligenter
2993 3689 3361 3756 perpenderit,

1783 3774 1924 3827 unde
1955 3773 2140 3841 primae
2171 3773 2381 3842 peccati
2412 3788 2590 3827 causa:
2621 3775 2891 3839 oriantur,
2946 3777 3179 3835 fortasse
3211 3783 3364 3850 prius

1779 3861 1832 3914 in
1865 3862 2022 3930 Culpa
2083 3875 2245 3932 atque
2290 3863 2522 3920 crimine
2570 3880 2771 3936 corpus
2839 3869 3076 3925 inveniet
3111 3873 3278 3929 oflieii
3309 3885 3364 3930 et

1779 3951 2080 4006 honestatis
2115 3951 2248 4008 lines
2274 3954 2558 4010 excedere.
2602 3956 2735 4010 Nam
2769 3961 3084 4028 quiescente
3113 3979 3363 4033 saepenu-

1777 4055 1926 4094 mero
1967 4042 2168 4108 anima,
2204 4052 2258 4096 et
2287 4043 2340 4096 in
2373 4047 2667 4115 tranquillo
2700 4056 2843 4102 statu
2896 4050 3016 4106 sine
3074 4054 3181 4106 ulla
3238 4072 3360 4125 per-

1776 4128 2087 4184 turbatione
2139 4132 2458 4199 constituta,
2513 4136 2706 4191 oculus
2767 4152 3072 4196 commotus
3126 4145 3270 4200 videt
3295 4163 3359 4202 ea

1774 4251 1896 4304 qua:
1925 4253 2030 4292 non
2061 4243 2414 4310 eonspexisse
2462 4246 2657 4301 melius
2689 4246 2906 4314 luisset,
2954 4259 3008 4306 et
3037 4252 3091 4306 in
3118 4256 3354 4312 animam

1771 4332 2023 4383 morbum
2057 4335 2458 4401 transmittens,
2492 4336 2546 4390 in
2578 4345 2954 4408 tempestatem
2989 4359 3052 4397 ac
3081 4335 3353 4404 turbinem

1773 4420 2008 4487 quietem
2041 4425 2560 4492 actranquillitatem
2590 4432 2876 4484 convertit.
2902 4432 3168 4490 Similiter
3193 4453 3357 4495 aures

1772 4511 2156 4571 inverecundis
2187 4519 2511 4587 quibusdam
2543 4532 2706 4593 atque
2750 4529 3206 4586 exacerbantibus
3235 4550 3353 4588 ver-

1768 4601 1854 4655 bis
1900 4606 2163 4675 exceptis,
2198 4623 2291 4675 per
2345 4611 2606 4678 quasdam
2655 4614 2812 4680 quasi
2855 4617 2941 4669 sui
2991 4617 3232 4687 ipsarum
3283 4619 3348 4675 ﬁ-

1767 4696 1960 4758 stulas,
2031 4702 2459 4767 perturbationis
2525 4713 2618 4758 aut
2674 4705 3073 4764 inverecundiaa
3130 4727 3346 4768 ccenum

1766 4788 2190 4855 cogitationibus
2244 4792 2488 4847 inferunt
2543 4805 2706 4866 atque
2762 4799 3046 4854 induCunt.
3079 4801 3347 4859 Nonnun-

1764 4873 1952 4948 quam'
1987 4882 2148 4936 etiam
2205 4901 2373 4939 nasus
2425 4885 2626 4942 olfactu
2680 4900 2734 4943 et
2799 4899 3031 4946 attractu
3081 4909 3342 4964 vaporum

85 4965 219 5017 κατά
250 4963 448 5035 μικρὸν
472 4962 641 5024 οὕτως
671 4961 878 5014 ἐπιόντι
906 4961 998 5013 καὶ
1034 4962 1386 5031 σκοπουμένῳ
1417 4962 1662 5015 ὑπαίτιον

85 5053 396 5123 εὑρίσκεται
418 5053 524 5104 τῶν
556 5050 764 5103 πολλῶν
791 5052 1076 5122 ἁμαρτιῶν
1105 5053 1164 5104 τὸ
1189 5053 1480 5121 σωμάτιον.
1503 5054 1659 5125 ⁴θέρει

84 5144 132 5194 δὲ
161 5145 256 5196 καὶ
288 5145 415 5204 τοὺς
467 5142 607 5213 ὑπὲρ
653 5143 862 5213 ἀρετῆς.
903 5141 1127 5207 πόνους,
1179 5144 1272 5195 καί⁹
1309 5147 1420 5206 τοῖς
1455 5145 1658 5212 ἀγῶσιν

84 5234 347 5304 ἐμμοχθεῖ
378 5233 486 5285 τῶν
518 5233 720 5296 καλῶν,
760 5234 1087 5303 τεμνόμενον
1124 5234 1359 5305 σιδήρῳ,
1406 5237 1498 5288 καὶ
1527 5238 1658 5307 πυρὶ

83 5327 432 5395 ςλεγόμενον,
459 5326 551 5378 καὶ
575 5324 884 5394 ξαινόμενον
907 5325 1145 5394 μάστιξι,
1170 5326 1264 5378 καὶ
1295 5327 1656 5398 βαρυνόμενον

83 5418 367 5486 ἀργαλέοις
405 5418 643 5486 δεσμοῖς,
687 5416 782 5469 καὶ
825 5417 1004 5468 πᾶσαν
1037 5415 1304 5486 ὑπομένον
1341 5419 1542 5489 λώϐην,
1571 5421 1656 5473 ἵνα

84 5509 152 5577 μὴ
181 5509 369 5579 προδῷ
399 5508 496 5578 τὴν
542 5508 692 5579 ἱερὰν
723 5507 1060 5576 φιλοσοφίαν,
1108 5507 1294 5580 ὥσπερ
1335 5512 1455 5564 τινὰ
1501 5513 1654 5565 πόλιν

1761 4971 1974 5040 magnis
1990 4982 2042 5025 et
2069 4973 2407 5031 inconcessis
2441 4979 2584 5033 vitiis
2617 4979 2888 5036 hominem
2917 4984 3087 5037 inlicit
3120 4985 3345 5039 interio-

1761 5077 1898 5118 rem.
1962 5064 2150 5120 Solent
2214 5069 2340 5122 item
2400 5086 2599 5126 manus
2661 5077 3090 5129 contrectatione
3151 5076 3341 5131 νιιῐίιιιιι

1760 5155 1955 5209 animm
1988 5157 2153 5211 robur
2189 5160 2521 5217 elieminare.
2577 5165 2750 5234 Atque
2803 5181 2904 5235 ego
2962 5167 3224 5234 paulatim
3265 5171 3339 5222 ita

1759 5247 2115 5314 progrediens
2149 5258 2313 5321 atque
2327 5255 2712 5318 considerans,
2743 5273 2952 5326 magme
2989 5266 3337 5326 peccatorum

1758 5336 1929 5404 partis
1962 5342 2348 5407 corpusculum
2384 5360 2506 5399 esse
2551 5360 2773 5400 causam
2831 5347 3066 5400 invenio.
3119 5348 3340 5402 Tolcrat

1757 5434 1936 5479 autem
1961 5430 2120 5482 etiam
2147 5447 2243 5499 pro
2269 5434 2469 5489 virtute
2496 5436 2730 5501 labores,
2768 5445 2819 5488 et
2855 5437 2908 5489 in
2939 5438 3338 5494 certaminibus
3405 5486 3419 5512 3

1757 5519 2106 5574 honestarum
2149 5539 2329 5578 rerum
2383 5529 2588 5580 laborat
2628 5534 2680 5580 et
2719 5527 2996 5597 allligitur,
3060 5529 3187 5581 dum
3253 5531 3336 5584 vel
3419 5533 3421 5536 ’

1755 5608 1901 5662 ferro
1955 5624 2192 5678 secatur,
2226 5617 2307 5669 vel
2336 5617 2445 5687 igni
2497 5625 2792 5682 crematur,
2839 5619 2920 5672 vel
2958 5618 3142 5689 ﬂagris
3172 5622 3334 5674 cardi-

1755 5711 1860 5771 tur,
1897 5705 1979 5759 vel
2008 5709 2267 5775 gravibus
2305 5710 2536 5765 vinculis
2562 5719 2844 5776 oneratur,
2884 5722 2936 5766 et
2965 5727 3182 5792 omnem
3210 5728 3335 5769 sus-

82 5601 414 5671 κσλίπυργον
455 5600 878 5670 κεκυκλωμένην
919 5599 996 5668 τῷ
1033 5600 1131 5668 τῆς
1176 5603 1372 5665 κακίας
1409 5605 1648 5677 πολέμῳ.

81 5689 136 5741 Ei
163 5692 343 5747 τοίνυν
378 5694 434 5745 ἐν
485 5691 871 5763 κατορθώμασι
905 5691 1208 5761 συμμοχθεί
1242 5696 1308 5764 τῇ
1342 5694 1484 5768 ψυχῇ
1513 5737 1527 5764 ,
1559 5701 1649 5754 καὶ
