3842 6388
487 273 596 326 679

1777 272 1835 328 S.
1867 270 2194 328 GREGOltll
2218 271 2484 328 NYSSEN
2493 272 2510 326 ι

3657 283 3766 341 630

487 383 625 438 tinet
664 381 1046 437 adversitatem
1093 388 1146 436 et
1184 381 1556 449 afllictionem,
1599 401 1666 439 ne
1700 401 1915 440 sacram
1951 401 2066 457 pro-

2179 387 2238 440 έν
2268 388 2658 459 ἁμαρτήμασιν
2686 391 2784 442 οὐκ
2823 391 3280 462 ἀπολιμπάνεταιο
3313 397 3473 450 πόθεν
3505 400 3768 471 ὁρμώμε-

483 475 581 528 dat
609 473 1031 542 philosophiam,
1063 479 1326 543 tanquam
1353 475 1591 545 egregiis
1623 479 1867 534 turribus
1913 495 2076 532 orna-

482 556 814 612 tam'urbem
851 559 1148 628 quamdam
1171 559 1318 614 bello
1351 559 1608 615 vitiorum
1631 572 1793 634 atque
1822 567 2077 635 nequitia:

478 651 928 703 circumsessam.
962 647 1018 702 Si
1053 651 1293 720 igiturin
1323 653 1602 721 praaelaris
1626 655 1783 712 factis
1812 670 1918 711 una
1951 673 2073 712 cum

482 740 668 794 anima
730 741 945 796 laborat
1002 749 1056 796 ct
1118 741 1394 815 afﬂigitur,
1451 755 1506 800 et
1557 746 1612 801 in
1674 751 1911 818 peccatis
1963 766 2073 805 non

478 831 639 886 abest
675 851 686 886 :
725 833 926 903 quibus
961 833 1268 890 rationibus
1298 845 1349 890 et
1381 839 1717 906 argumentis
1772 849 1953 895 motus
1983 855 2075 896 so-

484 925 590 977 lam
645 925 1020 996 incorporcam
1080 927 1133 980 in
1164 927 1430 998 judicium
1468 929 1734 986 adduciS?
1779 933 1850 985 At
1896 950 2075 1004 neque

469 1016 626 1086 justa
655 1034 830 1087 neque
868 1033 1126 1074 sanorum
1150 1020 1432 1074 hominum
1462 1024 1636 1077 oratio
1659 1033 1762 1080 est.
1793 1026 1849 1080 Si
1880 1027 1992 1082 sola
2021 1036 2074 1082 et

481 1109 630 1163 nuda
667 1109 934 1180 peccavit,
963 1111 1134 1164 solam
1161 1111 1325 1166 etiam
1361 1114 1551 1182 puniet
1585 1113 1709 1169 :sin
1743 1125 1923 1171 autem
1959 1133 2076 1171 ma-

481 1200 742 1257 nifestum
772 1201 934 1259 habet
967 1203 1292 1273 adjutorem,
1355 1222 1464 1261 non
1504 1207 1652 1262 hunc
1681 1209 1867 1278 justus
1901 1212 2070 1280 judex

477 1293 738 1350 dimittet.
799 1293 911 1366 Ego
941 1306 1119 1350 autem
1179 1298 1340 1351 etiam
1377 1299 1478 1352 hoc
1528 1299 1866 1368 Scripturam
1909 1304 2073 1357 audio

480 1385 826 1453 prodentem,
859 1386 1004 1456 quod
1037 1387 1386 1442 condemnati
1417 1387 1584 1459 justis
1609 1390 1920 1447 afficientur
1949 1410 2074 1464 sup-

480 1473 682 1541 pliciis,
720 1475 862 1544 igne,
889 1474 1149 1542 tenebris,
1186 1489 1392 1529 verme.
1423 1474 1554 1542 Quae
1583 1480 1766 1532 omnia
1796 1486 2072 1551 composi-

482 1573 683 1629 torum,
755 1581 819 1619 ae
870 1567 1235 1620 materialium
1290 1581 1587 1636 corporum
1650 1586 1824 1640 poena:
1858 1575 2073 1628 crucia-

480 1666 679 1728 tusque
709 1665 837 1712 sunt
869 1673 882 1710 :
913 1657 1152 1711 animam
1194 1673 1325 1713 vero
1349 1674 1446 1729 per
1465 1675 1584 1716 sese
1611 1664 1899 1731 separatim
1930 1665 2071 1736 ignis

2179 490 2268 536 νος
2311 476 2482 544 μόνην
2515 473 2616 544 τὴν
2653 474 2947 544 ἀσώματον
2979 477 3072 529 ἐπὶ
3100 479 3160 530 τὸ
3185 479 3535 552 δικαστήριον
3571 485 3765 551 ἄγειςς

2190 565 2328 618 Ἀλλ’
2358 565 2458 620 οὐκ
2505 566 2652 618 ἐστιν
2693 565 2815 619 οὔτε
2859 567 3065 632 δίκαιος
3102 569 3226 624 οὔτε
3268 574 3692 643 σωφρονούντων
3739 578 3768 628 ό

2176 656 2352 725 λόγος.
2380 659 2440 710 Et
2471 657 2605 728 μόνη
2639 659 2734 711 καὶ
2762 659 2944 730 γυμνὴ
2987 659 3256 732 διήμαρτε
3282 703 3296 723 ,
3333 663 3500 733 μόνην
3536 664 3632 716 καὶ
3670 683 3765 717 κο·-

2176 748 2350 802 λιΞισει⁹
2376 750 2423 802 εί
2457 749 2512 801 δὲ
2558 749 2790 819 φανερὸν
2820 749 2933 819 ἔχει
2973 750 3065 804 τὸν
3102 752 3383 823 συνεργὸν,
3431 755 3532 808 ούκ
3562 757 3763 824 ἀφήσει

2174 837 2362 889 τοῦτον
2387 837 2414 889 ὁ
2442 837 2634 907 κριτὴς
2671 836 2876 901 δίκαιος
2916 835 3011 890 ῶν.
3066 837 3209 906 Ἐγὼ
3248 840 3304 893 δὲ
3345 840 3437 894 καὶ
3473 842 3634 895 τοῦτο
3665 845 3763 914 τῆς

2176 929 2396 999 Γραφῆς
2439 929 2620 980 ἀκούω
2672 927 2968 998 λεγούσης,
3013 929 3096 984 ὅτι
3144 932 3256 994 τοῖς
3291 935 3761 1004 κατεγνωσμένοις

2175 1020 2584 1089 ὲπιτεθήσονται
2612 1020 2815 1073 δίκαιαι
2843 1021 3128 1092 τιμωρίαι,
3151 1021 3282 1093 πῦρ,
3308 1025 3400 1076 καὶ
3427 1025 3636 1088 σκότος,
3667 1029 3762 1079 καὶ

2177 1111 2412 1183 σκώληξ.
2453 1114 2520 1165 Ἀ
2552 1114 2728 1166 πάντα
2755 1113 2862 1165 τῶν
2893 1113 3162 1168 συνθέτων
3195 1115 3288 1168 καὶ
3330 1115 3530 1169 ὑλικῶν
3572 1119 3748 1187 σωμά.

2178 1223 2287 1258 των
2318 1207 2567 1269 κολάσεις
2597 1206 2754 1258 εἰσίν’
2783 1206 2962 1276 ψυχῆς
2995 1207 3053 1260 δὲ
3081 1207 3204 1260 καθ’
3237 1209 3435 1279 ἑαυτὴν
3477 1209 3663 1263 οὔποτ’
3692 1212 3760 1264 ἂν

2175 1295 2371 1363 ἅψαιτο
2400 1295 2530 1368 πῦρ⁹
2555 1296 2660 1349 οὐδ’
2693 1296 2756 1350 ἂν
2783 1297 2973 1361 σκότος
2998 1298 3169 1368 αὐτὴν
3189 1298 3481 1370 λυπήσειεν
3505 1302 3755 1371 ἀμοιροῦ·

2177 1399 2275 1436 σαν
2328 1384 2622 1454 ὀφθαλμῶν
2667 1387 2761 1438 καὶ
2800 1386 2910 1438 τῶν
2951 1387 3255 1455 βλεπτικῶν
3297 1389 3562 1459 ὀργάνων.
3601 1392 3668 1443 Τί
3709 1392 3754 1445 δ’

2173 1473 2238 1527 ἂν
2268 1475 2360 1528 καὶ
2389 1474 2602 1546 σκώληξ
2638 1476 2886 1547 πράξειε,
2924 1479 3190 1546 σωμάτων
3229 1480 3488 1550 ὑπάρχων
3521 1480 3753 1551 φθαρτι-

2173 1567 2294 1629 κδς,
2328 1567 2388 1619 ού
2424 1567 2784 1636 πνευμάτων;
2836 1568 2945 1620 Καὶ
2977 1568 3065 1621 διὰ
3098 1569 3255 1622 τοῦτο
3297 1574 3408 1634 τοῖς
3440 1572 3755 1638 ἀκολούθοις

2173 1658 2452 1729 λογισμοῖς
2483 1659 2816 1730 πανταχόθεν
2847 1659 3280 1732 ωνελαυνόμεθα
3312 1663 3446 1733 πρὸς
3474 1667 3755 1732 συγκατά-

479 1763 758 1820 nunquam
792 1749 1032 1820 attigerit
1058 1769 1070 1804 :
1106 1765 1205 1805 nec
1235 1753 1470 1808 tenebra:
1500 1754 1718 1824 quidem
1747 1755 1797 1811 ei
1830 1758 2066 1814 molesta:

2174 1751 2321 1804 θεσιν
2349 1751 2449 1821 τῆς
2489 1751 2760 1823 ὲγέρσεως
2792 1750 2901 1803 τῶν
2931 1752 3163 1822 νεκρῶν,
3202 1755 3268 1824 ἦν
3306 1757 3418 1816 τοῖς
3448 1754 3753 1825 καθήκουσι

480 1841 706 1906 fuerint,
735 1853 920 1912 utpote
952 1859 1074 1912 qua:
1101 1844 1277 1900 oculis
1319 1854 1489 1909 caret,
1523 1852 1578 1901 et
1606 1847 1823 1903 videndi
1862 1849 2069 1906 instru-

479 1943 786 1988 mentorum
821 1950 1018 2005 expers
1045 1943 1148 1990 est.
1174 1935 1318 2002 Quid
1364 1945 1546 1992 autem
1578 1940 1778 1995 vermis
1808 1940 2068 2009 effecerit,

479 2026 574 2094 qui
610 2041 902 2096 corporum
934 2042 1040 2081 non
1079 2028 1368 2097 spirituum
1401 2032 1800 2100 corruptricem
1831 2036 1934 2088 vim
1969 2036 2068 2090 ha-

479 2118 804 2187 bet?Atque
839 2118 1049 2174 idcirco
1071 2121 1456 2176 consentaneis
1500 2121 1585 2177 his
1617 2126 2067 2182 considerationi-

480 2211 585 2266 bus
622 2220 675 2266 et
703 2211 1220 2268 ratiocinationibus
1258 2215 1500 2284 undique
1547 2218 1950 2286 compellimur,
2001 2220 2066 2274 ad

481 2303 944 2372 comprobandam
1004 2307 1466 2361 resurreCtionem
1499 2316 1868 2376 mortuorum,
1902 2326 2066 2380 quam

481 2393 939 2448 convenientibus
957 2395 1293 2462 temporibus
1311 2393 1453 2450 Deus
1472 2397 1737 2464 perficiet,
1753 2400 1916 2454 rebus
1934 2401 2069 2470 ipsis

482 2500 614 2540 suos
637 2484 1032 2554 promissiones
1066 2485 1419 2541 confirmans.
1445 2487 1748 2545 Credamus
1781 2491 1949 2561 igitur
1981 2493 2068 2546 dt-

480 2578 625 2632 centi
647 2596 658 2630 :
681 2577 846 2632 Canet
871 2579 1009 2631 enim
1031 2577 1179 2638 tuba,
1195 2587 1245 2632 et
1263 2580 1456 2633 mortui
1481 2592 1750 2650 resurgent
1765 2583 1808 2614 ¹⁸
1827 2599 1841 2644 ;
1861 2597 1924 2638 ac
1945 2601 2067 2638 rur-

481 2681 599 2726 sus,
628 2665 774 2719 Venit
796 2665 947 2727 hor‘a,
972 2667 1028 2719 in
1043 2683 1147 2736 qua
1169 2683 1346 2722 omnes
1365 2669 1457 2737 qui
1477 2671 1531 2722 in
1554 2673 1904 2726 monumentis
1925 2683 2068 2737 sunt,

483 2759 700 2811 audient
719 2775 887 2812 vocem
911 2758 1046 2827 ejus,
1069 2767 1119 2811 et
1143 2758 1449 2826 prodibant,
1475 2761 1528 2812 lii
1550 2763 1638 2831 qui
1655 2763 1790 2817 bona
1816 2763 2068 2831 fecerunt,

479 2848 537 2902 in
568 2843 1000 2903 resurrectionem
1030 2849 1153 2903 vitae
1172 2864 1188 2912 ;
1220 2849 1310 2920 qui
1355 2861 1530 2904 autem
1562 2855 1707 2906 mala
1755 2855 1979 2923 faciunt,
2016 2857 2070 2910 in

480 2942 919 2996 resurrectionem
937 2940 1132 3010 judicii
1155 2941 1220 2997 ¹⁶.
1247 2940 1364 2995 Νοη
1393 2945 1534 2996 enim
1565 2947 1836 3014 promittit
1864 2949 2064 3014 solum,

477 3048 670 3088 verum
706 3033 869 3088 etiam
902 3033 1188 3103 operibus,
1239 3048 1362 3102 quae
1400 3035 1641 3102 quotidie
1695 3037 1845 3100 facit,
1880 3049 2068 3108 aperte

478 3125 638 3179 docet
671 3124 816 3195 quod
849 3124 922 3178 sit
966 3123 1336 3192 omnipotens.
1383 3121 1569 3194 Neque
1625 3128 1770 3180 enim
1803 3129 1855 3182 in
1911 3129 2068 3183 initio

479 3215 610 3270 dum
631 3222 864 3275 crearet,
893 3213 1162 3268 laboravit
1192 3228 1256 3268 ac
1287 3213 1616 3283 defatigatus
1645 3225 1748 3278 est,
1810 3234 1986 3288 neque
2013 3222 2065 3273 in

479 3303 925 3361 transformando
958 3303 1232 3374 sapientia
1262 3301 1547 3373 indigebit.
1583 3303 1884 3359 Prwsentia
1930 3323 2066 3361 con-

479 3399 808 3460 sideremus,
848 3405 902 3450 et
945 3398 1023 3450 rei
1083 3395 1277 3450 futura:
1329 3395 1488 3449 fidem
1542 3412 1650 3451 non
1689 3397 2062 3455 detrahemus.

478 3491 615 3545 Cum
649 3491 794 3544 enim
825 3490 1006 3544 omnis
1037 3487 1276 3543 efficacia
1329 3488 1511 3542 divina
1555 3491 1812 3546 comitem
1865 3494 2064 3548 habeat

479 3593 763 3652 stuporem
814 3589 870 3635 et
928 3582 1428 3636 consternationem
1488 3602 1500 3637 :
1544 3591 1658 3637 tum
1709 3599 1962 3655 magnum
2014 3597 2068 3641 et

478 3672 860 3744 inexplicabile
889 3673 1213 3726 miraculum
1237 3681 1344 3737 est,
1380 3688 1504 3727 cum
1559 3683 1774 3745 patrum
1819 3685 1874 3731 et
1908 3689 2066 3746 prea-

477 3782 674 3824 vorum
701 3763 1088 3820 similitudines
1119 3764 1278 3834 plene
1299 3766 1539 3821 transire
1575 3768 2066 3823 animadvertimus

474 3862 534 3920 in
565 3857 1104 3922 formasliberorum,
1163 3871 1228 3911 ac
1252 3867 1504 3926 posteros
1536 3860 1803 3927 majorum
1841 3877 2064 3916 suorum

471 3950 636 4021 quasi
653 3949 963 4018 exprimere
983 3957 1148 4015 atque
1171 3947 1376 4002 referre
1405 3947 1788 4020 figuras.Tunc
1807 3952 2064 4006 nimirum

468 4049 650 4099 artem
683 4039 1119 4110 praestantissimi
1151 4039 1365 4108 opificis
1396 4054 1461 4095 ac
1489 4043 1784 4097 servatoris
1819 4043 1915 4099 Dei
1944 4060 2066 4100 om-

469 4147 600 4190 .nem
653 4131 931 4185 solertiam
988 4129 1044 4184 in
1098 4143 1220 4184 sese
1276 4132 1617 4200 complexam
1674 4147 1798 4188 cum
1857 4136 2063 4207 ingenti

475 4233 702 4294 stupore
723 4222 985 4288 admiror,
999 4221 1277 4292 quomodo
1305 4237 1517 4286 eorum,
1550 4241 1673 4293 qua:
1705 4242 1803 4282 nec
1827 4238 2060 4296 exstent,

467 4330 580 4370 nec
603 4323 923 4384 appareant,
949 4314 1251 4382 primorum
1278 4313 1496 4368 illorum
1517 4317 1910 4388 exemplarium
1939 4321 2064 4375 imi-

2173 1843 2386 1914 χρόνοις
2431 1841 2703 1896 ἐκτελέα-ει
2737 1845 2766 1896 ό
2811 1842 2974 1906 Θεὸς,
3010 1843 3191 1914 ἔργοις
3227 1843 3456 1913 βεϐαιῶν
3488 1847 3588 1908 τὰς
3619 1847 3754 1909 ἰδίας

2175 1934 2524 2002 ἐπαγγελίας.
2562 1933 2953 2005 Πιστεύσωμεν
2980 1935 3159 1988 τοίνυν
3199 1935 3277 2004 τῷ
3311 1935 3522 2003 λέγοντι
3545 1955 3558 1966 ο
3600 1941 3751 1990 Σαλ-

2173 2027 2334 2079 πίσει
2390 2026 2534 2094 γὰρ,
2590 2026 2690 2078 καί
2748 2027 2801 2078 οι
2857 2024 3057 2092 νεκροί
3111 2024 3559 2090 ἀναστήσονται
3583 2042 3598 2055 ·
3661 2028 3754 2078 καὶ

2173 2120 2370 2172 πάλινο
2429 2119 2700 2186 Ἔρχεται
2747 2116 2892 2185 ὥρα,
2957 2118 3027 2170 ἐν
3069 2111 3109 2188 ᾖ
3155 2117 3375 2183 πάντες
3422 2122 3475 2171 ci
3519 2122 3591 2171 ἐν
3633 2120 3754 2183 τοῖς

2165 2210 2477 2280 μνημείοις
2536 2209 2904 2263 ἀκούσονται
2970 2207 3082 2276 τῆς
3135 2207 3339 2277 φωνῆς
3385 2210 3608 2274 αὐτοῦ,
3657 2212 3754 2263 καί

2170 2301 2640 2370 ἐκπορεύσονται
2703 2303 2756 2354 ot
2826 2300 2897 2355 τὰ
2977 2300 3168 2370 ἀγαθὰ
3231 2301 3596 2368 ποιήσαντες
3671 2305 3756 2366 εὶς

2169 2393 2515 2448 ἀνάστασιν
2561 2391 2710 2460 ζωῆς
2730 2433 2744 2450 .
2793 2394 2846 2444 οι
2893 2390 2962 2444 δὲ
3009 2392 3082 2446 τὰ
3128 2393 3331 2461 φαῦλα
3372 2393 3758 2461 πράσσοντες

2168 2488 2258 2551 εἰς
2309 2485 2652 2540 ἀνάστασιν
2705 2484 2976 2551 κρίσεως.
3015 2483 3090 2537 Οὐ
3129 2484 3239 2555 γὰρ
3280 2485 3621 2556 ὑπισχνεῖται
3659 2486 3756 2555 μό-

2169 2595 2278 2641 νον,
2328 2576 2463 2630 ἀλλὰ
2511 2577 2605 2629 καὶ
2647 2578 2758 2638 τοῖς
2808 2574 3022 2646 ἔργοις,
3071 2571 3153 2640 οἷς
3188 2577 3398 2630 ὲκτελεῖ
3440 2577 3562 2630 καθ’
3617 2579 3755 2648 ἠμέ-

2173 2686 2292 2739 ραν,
2333 2668 2576 2722 διδάσκει
2629 2667 2817 2738 σαφῶς
2863 2668 2938 2730 ὡς
2983 2665 3099 2719 ἐστι
3137 2668 3565 2740 παντοδύναμος.
3617 2669 3754 2722 Οὔτε

2169 2761 2278 2830 γὰρ
2312 2761 2370 2814 ὲν
2405 2761 2548 2832 ἀρχῇ
2593 2759 2940 2831 δημιουργῶν
2973 2759 3199 2830 ἔκαμεν,
3234 2759 3353 2813 οὔτε
3384 2761 3756 2832 μεταμορφῶν

2169 2855 2434 2925 ἀπορήσει
2468 2853 2681 2922 σοφίας.
2715 2851 2798 2905 Τὰ
2825 2852 3069 2924 παρόντα
3113 2851 3502 2924 θεωρήσωμεν,
3543 2856 3644 2907 καί⁵
3678 2853 3754 2925 τῷ

2173 2943 2418 3014 μέλλοντι
2462 2944 2564 2996 οὐκ
2613 2943 3007 3014 ἁπιστήσομεν.
3073 2942 3260 3012 Πάσης
3310 2944 3419 3015 γὰρ
3468 2945 3755 3015 ἐνεργείας

2169 3034 2262 3086 τοῦ
2325 3033 2459 3086 Θεοῦ
2521 3033 2814 3087 ἀκόλουθον
2868 3032 3100 3104 ἐχούσης
3159 3033 3257 3104 τὴν
3309 3033 3602 3105 ἔκπληξιν,
3663 3038 3756 3088 καὶ

2171 3127 2304 3180 πολὺ
2341 3127 2402 3178 τὸ
2439 3125 2624 3196 θαῦμα
2665 3126 2759 3178 καὶ
2799 3125 3099 3195 ἄφραστον,
3139 3125 3268 3178 ὅταν
3296 3125 3395 3188 τὰς
3440 3127 3548 3179 τῶν
3589 3128 3753 3183 ποιτὸ

2174 3237 2280 3290 ρων
2314 3219 2405 3272 καὶ
2460 3219 2811 3289 προπάππων
2856 3218 3181 3288 ὁμοιότητας
3238 3217 3542 3288 κατίδωμεν
3583 3235 3755 3288 μετα-

2169 3310 2459 3372 ϐαινούσας
2483 3310 2728 3381 δικρισῶς
2775 3311 2855 3374 είς
2885 3309 2985 3372 τὰς
3030 3308 3141 3362 τῶν
3189 3309 3468 3377 ἀπογόνων
3511 3311 3752 3381 μορφὰς,

2169 3404 2261 3456 καὶ
2294 3377 2573 3472 ὲκμαγείαή
2594 3401 2909 3472 γινομένους
2951 3399 3078 3464 τοὺς
3114 3401 3309 3464 παῖδας
3337 3401 3447 3454 ἀπὸ
3467 3377 3597 3454 τῶν*
3621 3377 3754 3474 προ-

2167 3490 2441 3562 πατόρων.
2470 3491 2605 3543 Τότε
2646 3489 2710 3560 δὴ
2750 3489 2850 3560 τὴν
2876 3489 3151 3558 πάνσοφον
3183 3489 3380 3560 τέχνην
3407 3489 3501 3543 τοῦ
3530 3491 3757 3561 ἀριστο-

2166 3580 2355 3651 τέχνου
2412 3579 2549 3632 Θεοῦ
2596 3579 2692 3632 καὶ
2751 3579 3008 3649 Σωτῆρος
3030 3579 3576 3651 ὑπερεκπλήττομαι,
3637 3583 3753 3647 πῶς

2165 3671 2273 3724 τῶν
2302 3671 2436 3742 μήτε
2469 3669 2638 3723 ὄντων
2671 3671 2810 3739 μήτε
2841 3669 3184 3740 φαινομένων
3212 3671 3536 3742 ἀρχετύπων
3565 3675 3630 3726 αἱ
3669 3693 3754 3743 μι-

2169 3765 2366 3834 μήσεις
2398 3764 2456 3816 ὲν
2488 3764 2786 3834 ἀπορρήτῳ
2832 3763 3115 3834 μυστηρίῳ
3150 3763 3611 3834 δημιουργοῦνται
3663 3768 3755 3820 καὶ

2166 3857 2620 3918 ὰναπλάσσονται,
2647 3855 2840 3918 ἄλλους
2865 3855 3018 3919 τινὰς
3045 3856 3172 3919 τοὺς
3195 3856 3497 3921 τεθνεῶτας
3530 3859 3628 3912 διὰ
3654 3861 3752 3928 τῆς

2165 3948 2446 4019 ἐνεργείας
2487 3947 2594 4000 τῶν
2637 3947 2823 4000 τύπων
2872 3947 3200 4017 ἐγείρουσαι.
3245 3948 3509 4014 Πολλάκις
3555 3951 3620 4004 δὲ
3661 3955 3753 4006 καὶ

2167 4039 2376 4093 πολλῶν
2405 4038 2540 4108 ὁμοῦ
2565 4037 2874 4109 προσώπων
2900 4038 2971 4092 τὰ
3001 4037 3264 4110 ἰδιώματα
3293 4041 3351 4092 ὲν
3381 4041 3461 4094 ἐνὶ
3485 4041 3751 4106 hiemavi-

2165 4130 2317 4196 ζεται
2360 4129 2609 4201 σώματιο
2649 4128 2744 4182 τοῦ
2798 4129 3001 4200 πατρὸς
3053 4131 3088 4201 ἡ
3138 4131 3254 4202 ῥὶς,
3301 4131 3396 4184 τοῦ
3452 4132 3686 4185 πάππου
3724 4135 3751 4186 ό

2163 4223 2460 4295 ὀφθαλμὸς,
2490 4223 2585 4277 τοῦ
2618 4223 2763 4276 θείου
2787 4224 2849 4277 τὸ
2871 4223 3126 4295 βάδισμα,
3159 4225 3256 4295 τῆς
3287 4224 3489 4296 μητρὸς
3515 4227 3581 4279 τὸ
3621 4227 3748 4294 φθέ-

2164 4335 2280 4388 γμα
2305 4335 2317 4346 ·
2352 4317 2446 4369 καὶ
2479 4311 2560 4380 εἷς
2593 4315 2877 4386 ἄνθρωπος
2906 4316 3192 4388 θεωρεῖται
3219 4318 3468 4389 καθάπερ
3494 4336 3547 4370 τι
3581 4318 3749 4387 φυτὸν

464 4415 717 4465 lamenta
757 4421 959 4462 arcano
988 4406 1254 4475 mysterio
1304 4419 1651 4486 creenturet
1703 4411 2057 4484 effingantur,

2170 4405 2375 4460 πολλῶν
2407 4405 2638 4476 δένδρων
2666 4408 2764 4470 τὰς
2795 4407 3053 4470 ὲπιόολὰς
3094 4407 3406 4478 δεξάμενον,
3439 4411 3531 4463 καὶ
3574 4412 3748 4482 μυρία

473 4503 636 4575 quasi
681 4504 882 4558 alteros
926 4503 1191 4572 quosdam
1237 4516 1353 4565 eos,
1397 4502 1489 4572 qui
1541 4503 1771 4569 mortui,
1807 4515 1936 4560 sunt
1970 4521 2066 4576 per

476 4596 781 4652 efficaciam
816 4595 1116 4648 formarum
1147 4593 1462 4648 excitantia.
1495 4594 1650 4664 Saepe
1699 4606 1880 4650 autem
1916 4597 2061 4650 mul-

476 4698 662 4744 tarum
691 4688 855 4742 etiam
891 4700 1253 4758 personarum
1287 4688 1648 4757 proprietates
1675 4687 1838 4741 simul
1873 4688 1924 4742 in
1956 4705 2065 4744 uno

451 4793 714 4849 .corpore
762 4778 1146 4849 exprimuntur
1175 4785 1229 4831 et
1277 4776 1632 4848 effinguntur.
1665 4777 1846 4834 Patris
1870 4794 2060 4842 nasus,

479 4877 566 4928 avi
597 4871 816 4935 oculus,
870 4869 1049 4941 patrui
1108 4871 1382 4934 incessus,
1419 4871 1614 4925 matris
1637 4884 1809 4926 sonus
1828 4872 1980 4926 vocis
2012 4880 2066 4927 et

476 4969 728 5038 loquelze.
748 4967 926 5037 Atque
957 4980 1101 5020 unus
1129 4965 1292 5019 homo
1313 4973 1590 5034 spectatur
1617 4973 1877 5033 tanquam
1906 4967 2063 5034 plan-

471 5070 532 5115 ta
563 5059 837 5130 quadam,
870 5072 994 5129 qua:
1041 5056 1340 5109 multarum
1365 5057 1623 5110 arborum
1656 5055 1896 5112 surculis
1926 5057 2066 5112 insi-

473 5153 614 5208 titiis
639 5153 694 5206 in
727 5166 786 5207 se
814 5151 1050 5219 receptis
1077 5149 1366 5204 innumera
1405 5163 1626 5218 quoque
1669 5147 1948 5203 fructuum
1974 5164 2069 5220 ge-

475 5259 614 5301 nera
653 5243 1076 5314 decerpentibus
1129 5253 1182 5298 et
1227 5238 1612 5311 colligenti'ous
1672 5241 1897 5310 prtebet.
1936 5239 2063 5296 Haec

475 5337 663 5391 omnia
688 5335 1029 5390 admirabilia
1049 5333 1270 5404 quidem
1299 5341 1449 5396 sunt,
1467 5334 1559 5388 sed
1594 5348 1702 5403 quo
1729 5342 1886 5404 pacto
1909 5333 2061 5400 flant,

480 5428 644 5483 nob’is
674 5428 920 5498 ignotum
959 5433 1045 5480 est
1078 5423 1293 5495 :qpifici
1334 5431 1517 5477 autem
1555 5424 1738 5478 facilia
1768 5435 1932 5495 atque
1966 5440 2062 5480 ex-

481 5517 686 5590 pedita,
711 5523 767 5573 et
793 5517 862 5571 ab
892 5531 959 5572 eo
981 5516 1132 5570 nullo
1155 5515 1392 5586 negotio,
1426 5521 1484 5568 ut
1501 5514 1730 5580 scimus,
1771 5515 2065 5586 perficiun-

560 5696 604 5730 ¹¹
636 5692 658 5748 l
685 5693 811 5750 Cor.
854 5709 943 5762 xv,
971 5693 1058 5750 52.
1139 5695 1181 5727 "
1211 5693 1374 5750 Joan.
1407 5709 1460 5761 v,
1484 5692 1574 5762 28,
1602 5691 1693 5747 29.

2164 4497 2546 4570 καρποφοροῦν
2579 4497 2708 4566 γένη
2756 4500 2869 4561 τοῖς
2914 4497 3294 4570 ὀπωρίζουσιν.
3338 4499 3520 4554 Ταῦτα
3562 4503 3747 4554 πάντα

2165 4592 2453 4663 θαυμαστὰ
2485 4591 2603 4661 μὲν,
2636 4591 2730 4644 καὶ
2759 4592 2906 4654 ὅπως
2955 4591 3162 4660 γίνεται
3191 4594 3323 4664 ἡμῖν
3363 4593 3708 4664 ἀγνοούμενα
3728 4639 3744 4661 ,

2167 4684 2432 4753 πρόχειρα
2481 4681 2538 4734 δὲ
2575 4681 2654 4752 τῷ
2696 4681 3025 4753 Δημιουργῷ
3075 4683 3168 4736 καὶ
3225 4682 3360 4753 μετὰ
3402 4683 3639 4753 πολλῆς,
3672 4687 3745 4749 ὡς

2166 4778 2343 4847 ίσμεν,
2377 4778 2477 4846 τῆς
2508 4773 2792 4847 ῥᾳστώνης
2829 4774 3240 4846 ἐπιτελούμενα.
3277 4776 3508 4828 Ἄτοπον
3536 4777 3596 4831 δὲ
3625 4779 3742 4832 λίαν

2164 4871 2258 4924 καὶ
2289 4868 2533 4938 ἀμαθὲς.
2561 4867 2632 4922 τὰ
2679 4867 2778 4939 μὲν
2807 4867 2917 4920 τῶν
2965 4868 3244 4922 σαπέντων
3289 4869 3387 4921 καῖ
3424 4868 3742 4939 φθαρέντων

2163 4963 2262 5034 ἤδη
2309 4961 2580 5034 σωμάτων
2612 4962 2970 5033 γνωρίσματα
3001 4962 3061 5014 ὲν
3092 4963 3204 5023 τοῖς
3241 4959 3336 5013 νῦν
3373 4960 3492 5014 καθ’
3524 4963 3740 5032 ἡμέραν

2163 5057 2449 5126 φυομένοις
2481 5053 2812 5125 ἐγείρεσθαι,
2845 5054 2941 5107 καὶ
2979 5051 3049 5107 τὰ
3089 5051 3343 5123 ἀλλότρια
3389 5053 3738 5122 μεταϐαίνειν

2165 5150 2244 5210 εἰς
2271 5147 2484 5211 ἄλλους,
2515 5145 2584 5199 τὰ
2611 5146 2669 5200 δὲ
2702 5145 2808 5198 ῐδια
2836 5145 2931 5198 καὶ
2959 5144 3232 5215 ἐξαίρετα,
3266 5144 3393 5215 περὶ
3423 5143 3603 5196 αὐτῶν
3633 5145 3738 5196 τῶν

2166 5253 2294 5291 ποτε
2344 5236 2698 5307 κεκτημένων
2753 5234 3110 5290 ἀνανεοῦσθαι
3156 5234 3250 5288 καὶ
3302 5232 3737 5288 ἁναϐιὼσκεσθαι

2170 5332 2242 5403 μὴ
2275 5328 2670 5399 συνομολογεῖν,
2717 5329 2850 5384 ἀλλὰ
2892 5330 3197 5383 τούναντίον
3230 5328 3465 5400 ἀκυροῦν
3499 5328 3591 5382 καὶ
3625 5329 3738 5381 δια-

2169 5421 2453 5494 μάχεσθαι,
2484 5422 2576 5474 καὶ
2610 5421 2797 5492 μῦθον,
2827 5422 2886 5474 οὐ
2911 5421 3068 5489 λόγον
3099 5421 3197 5491 τὴν
3223 5419 3555 5488 ἐπαγγελίαν
3579 5419 3737 5487 νομίσ

2165 5515 2300 5583 ζειν,
2344 5512 2438 5569 τοῦ
2469 5515 2577 5568 πᾶν
2608 5515 2726 5569 τόδε
2769 5510 2831 5568 τδ
2875 5513 3151 5587 δρώμενον
3199 5512 3602 5585 συστησαμένου
3645 5506 3738 5564 καὶ
