3842 6424
95 305 196 361 681

101 425 489 493 κοσμήσαντος
516 429 595 494 ὡς
627 432 911 505 ἠθέλησεν.

92 514 413 588 στεύκαμεν
454 524 520 592 τῇ
556 524 850 581 ἀναστάσει
872 570 888 593 ,

1018 324 1085 378 IN
1125 324 1401 384 CIIRIS'II
1438 329 2071 394 RESURRECTEONEM
2109 341 2316 397 ORA'I‘.
2363 345 2449 398 IV.
3268 360 3374 414 68".

985 441 1126 493 Ἀλλ’
1157 445 1319 513 ἡμεῖς
1377 449 1477 517 μὲν
1519 465 1632 502 πεπ

1738 478 1756 518 ι
1783 463 1895 509 tur.
1930 454 2100 513 Valde
2121 467 2304 514 autem
2329 461 2627 519 absurdum
2656 474 2857 521 etcum
2891 469 3063 523 multa
3093 470 3371 543 imperitia

941 532 1099 597 δόξαν
1136 538 1555 609 ἀναπέμποντες
1605 559 1632 594 τ

1790 548 2145 616 coniunctum
2172 551 2358 616 fuerit,
2385 556 2430 608 si
2450 557 2573 626 quis
2602 561 3282 633 putrefactorum‘quidcm
3315 575 3373 621 e'.

91 607 279 665 Ιῐατοὶ
311 612 405 664 καὶ
437 614 517 684 τῷ
559 616 675 688 Υίῷ
718 621 814 674 καὶ
846 623 924 693 τῷ
959 625 1099 696 ἁγίῳ
1127 629 1424 700 Πνεύματι,
1458 631 1551 685 νῦν
1588 651 1632 686 κι

94 699 166 719 ι-.
310 704 323 719 .
397 706 408 719 .
540 710 552 719 .
673 711 725 719 .-
906 715 929 719 μ
1082 717 1089 719 Α

1896 607 1911 616 _
2348 607 2358 616 ,
2419 607 2427 608 κ
2468 607 2482 626 ,
2511 607 2570 611 .--
2602 607 3033 628 ,νη---π-..-νη
3061 607 3282 633 νην...
3315 607 3369 621 ...

1789 647 2175 707 corruptorum
2224 642 2336 710 jam
2393 658 2687 714 corporum
2721 649 2953 719 insignia
3018 654 3281 708 concedat
3312 655 3369 708 in

90 699 198 764 ἀεὶ,
234 704 333 756 καὶ
362 706 441 769 είς
471 710 601 773 τοὺς
630 711 834 777 αίῶνας
860 715 973 769 τῶν
1000 717 1235 776 αἰώνων.
1278 699 1472 793 Ἃμήν.

1960 699 1976 707 -
2224 699 2240 710 ,
2495 699 2508 714 .
2619 699 2648 701 η
2723 699 2953 719 --τ-σηη
3022 699 3281 708 "ww..-

1797 728 1882 794 iis,
1915 730 2009 799 qui
2034 747 2181 787 nunc
2211 734 2456 803 quotidie
2478 745 2802 802 nascuntur,
2829 743 3077 808 excitari,
3105 756 3159 799 et
3188 747 3367 799 aliena

85 798 338 854 transire
369 798 423 855 in
455 802 624 871 alios;
652 811 872 877 prapria
903 823 1083 868 autem
1121 830 1185 870 ac
1225 818 1521 887 peculiaria
1563 822 1616 875 in
1657 821 1727 876 iis
1764 824 1859 894 qui
1891 825 2029 881 alias
2055 842 2118 882 ea
2147 827 2478 895 habuerunt,
2506 835 2760 887 renovari
2784 849 2849 889 ac
2872 837 3219 902 reviviscere,
3254 856 3364 893 non

85 891 254 945 etiam
296 895 465 950 simul
502 903 856 967 assentiatur,
923 908 1019 962 sed
1074 920 1267 965 contra
1319 913 1587 984 improbet
1660 926 1825 989 atque
1875 921 2175 991 impugnet,
2218 938 2282 979 ac
2338 924 2604 992 fabulam,
2650 943 2760 983 non
2816 945 3005 984 verum
3051 947 3363 987 sermonem

82 985 369 1042 existimet
396 1005 522 1045 esse
581 994 1002 1061 promissionem
1049 1002 1195 1073 ejus,
1263 1008 1356 1075 qui
1408 1005 1511 1061 hoc
1553 1024 1716 1065 omne
1743 1010 1892 1080 quod
1926 1015 2159 1079 videtur,
2197 1019 2501 1085 constituit,
2533 1028 2587 1074 et
2630 1028 2684 1074 ut
2713 1021 2906 1084 voluit,
2968 1023 3201 1077 ornavit.
3246 1026 3361 1079 Nos

86 1091 215 1130 vero
271 1079 552 1137 credimus
610 1090 1031 1160 resurrectioni,
1085 1093 1316 1166 gloriam
1365 1099 1654 1156 reddentcs
1694 1079 1841 1156 Patri
1870 1115 1925 1159 et
1958 1103 2099 1163 Filio
2129 1121 2184 1165 et
2210 1108 2436 1182 Spiritui
2468 1121 2678 1178 sancto,
2715 1128 2864 1168 nunc
2895 1126 2950 1169 et
2975 1129 3189 1186 semper
3213 1125 3267 1172 et
3306 1119 3359 1173 in

83 1171 288 1223 saecula
320 1175 673 1234 surculorum.
693 1180 889 1239 Amen.

714 1315 937 1371 ΛΟΓΟΣ
966 1323 1039 1378 Δ’.

295 1425 403 1489 Εἰς
436 1423 504 1477 τὸ
532 1424 706 1496 ἅγιον
731 1432 831 1486 καὶ
871 1434 1176 1502 σωτήριον
1217 1438 1456 1509 Πάσχα.

157 1532 227 1585 Ἦ
271 1534 375 1603 μὲν
405 1536 631 1611 ἀληθινὴ
655 1539 751 1594 τοῦ
781 1542 1059 1599 Σαόδάτου
1086 1549 1428 1617 κατάπαυσις
1446 1597 1460 1620 ,
1501 1555 1536 1625 ή
1574 1556 1632 1626 τὴ

1850 1553 1989 1609 Vera
2007 1555 2225 1625 quidem
2258 1557 2483 1615 Sabbati
2503 1564 2743 1630 requies.
2779 1575 2901 1630 qua:
2921 1560 3354 1616 benedictionem

78 1624 337 1692 εὐλογίαν
370 1628 462 1681 τοῦ
509 1630 643 1684 Θεοῦ
674 1632 942 1708 δεξαμένη
965 1675 980 1701 ,
1029 1639 1088 1693 ὲν
1202 1644 1541 1700 κατέπαυσεν
1567 1648 1632 1701 ἀπ

1780 1643 1874 1700 Dei
1905 1624 2135 1717 accepit,
2164 1649 2217 1702 in
2246 1665 2353 1718 qua
2392 1624 2658 1721 requievit
2686 1624 2947 1709 Dominus
2990 1654 3059 1707 ab
3095 1654 3353 1723 operibus

75 1719 181 1769 τῶν
214 1719 414 1773 ἑαυτοῦ
438 1722 616 1794 ἔργων
639 1727 667 1778 ὁ
689 1726 892 1797 Κύριος
916 1730 1055 1800 ὑπὲρ
1080 1732 1179 1803 τῆς
1206 1733 1301 1788 τοῦ
1327 1738 1531 1808 κόσμου
1560 1758 1632 1793 σω

1738 1754 1739 1787 ;
1767 1738 1904 1801 suis,
1920 1755 2019 1809 pro
2035 1740 2211 1795 salute
2224 1742 2410 1796 mundi
2430 1719 2625 1799 mortis
2642 1742 2888 1798 efficacia
2915 1741 3086 1798 fracta
3105 1744 3352 1810 feriatus,

74 1816 275 1882 τηρίας
317 1818 384 1887 τῇ
428 1817 668 1891 ἀπραξίᾳ
706 1821 800 1874 τοῦ
842 1821 1071 1878 Θανάτου
1106 1828 1533 1898 ἐνσαϐὁατίσας,
1573 1834 1632 1904 ήδ

1772 1829 1884 1896 jam
1915 1828 2072 1884 linem
2110 1830 2293 1898 habet,
2320 1842 2373 1885 et
2401 1833 2632 1903 gratiam
2659 1847 2816 1888 suam
2845 1848 2971 1888 cum
3000 1835 3197 1899 oculis,
3232 1844 3350 1889 tum

77 1908 248 1974 πέρας
280 1906 394 1976 ἔχει
415 1948 430 1972 ,
467 1910 563 1961 καὶ
588 1912 686 1982 τὴν
720 1914 855 1967 ίδίαν
875 1915 1043 1983 ἔδειξε
1068 1919 1228 1991 χάριν
1260 1922 1353 1974 καὶ
1378 1923 1632 1996 δφθαλμοῑ

1773 1919 2024 1985 auribus,
2067 1930 2181 1976 tum
2214 1923 2368 1979 cordi
2403 1925 2820 1989 demonstravit,
2857 1943 2955 1999 per
2981 1928 3095 1983 haec
3139 1930 3349 1991 omnia,

75 1998 161 2048 καὶ
189 1997 391 2063 ἀκοαῖς
415 2001 508 2053 καὶ
532 2003 750 2076 καρδίᾳ’
773 2005 859 2060 διὰ
882 2009 1101 2062 πάντων
1126 2011 1330 2066 τούτων
1351 2015 1450 2085 τῆς
1476 2017 1632 2088 ἐορτῆ

1771 2025 1892 2079 quae
1905 2012 2159 2078 vidimus,
2178 2030 2299 2085 qua:
2320 2016 2653 2083 audivimus,
2671 2033 2768 2089 per
2782 1997 2904 2089 quae
2923 2019 3088 2075 corde
3107 2021 3347 2075 laetitiam

78 2090 205 2157 ἡμῖν
236 2092 610 2165 τελεσθείσης,
644 2091 726 2162 οἷς
756 2100 987 2172 εἴδομεν,
1016 2099 1096 2168 οἷς
1122 2102 1458 2178 ἠκούσαμεν,
1490 2104 1573 2174 οἷς
1600 2128 1630 2164 τ

1771 2104 2148 2171 recepinius.a
2176 2107 2339 2163 nobis
2367 2107 2508 2164 festo
2530 2121 2772 2180 peracto.
2816 2109 2952 2165 Nam
2987 2112 3134 2181 quod
3170 2113 3346 2168 oculis

74 2180 271 2249 καρδίᾳ
318 2181 419 2253 τὴν
460 2184 800 2259 εὐφροσύνην
861 2190 1257 2265 ὑπεδεξάμεθα.
1307 2199 1380 2251 Τὸ
1420 2200 1519 2269 μὲν
1558 2200 1631 2270 γά

1767 2195 2035 2258 cernitur,
2062 2197 2245 2254 lumen
2275 2209 2437 2256 nocte
2462 2201 2622 2257 nobis
2661 2218 2757 2273 per
2788 2180 3070 2274 lampades
3111 2205 3164 2259 in
3203 2207 3345 2262 nube

70 2270 351 2341 ὁρώμενον
378 2277 489 2338 τοῖς
517 2276 835 2345 ὀφθαλμοῖς,
881 2282 999 2351 φῶς
1046 2280 1111 2355 ἦν
1143 2289 1210 2358 τῇ
1251 2288 1345 2341 τοῦ
1377 2289 1548 2361 πυρὸς
1580 2309 1632 2345 νε

1767 2284 1909 2353 ignis
1933 2286 2348 2355 praeferebatur.
2386 2287 2583 2346 Sermo
2607 2270 2787 2347 autem
2814 2270 2918 2364 per
2932 2303 3099 2349 totam
3132 2304 3345 2350 noctem

72 2362 205 2434 φέλῃ
232 2364 327 2418 διά
350 2366 461 2420 τῶν
489 2367 788 2439 λαμπάδων
818 2374 951 2444 ἡμῖν
985 2377 1043 2429 ὲν
1082 2381 1147 2449 τῇ
1184 2381 1338 2432 νυκτὶ
1371 2381 1631 2453 δᾳδουχού

1766 2391 1930 2433 aures
1997 2388 2217 2437 nostras
2263 2383 2685 2440 circumsonans
2730 2385 2784 2440 in
2818 2388 3076 2457 psalmis,
3127 2389 3347 2458 hymnis

76 2469 254 2519 μενον.
302 2453 360 2506 Ὀ
388 2454 445 2507 δὲ
473 2458 767 2529 παννύχιος
804 2464 924 2524 ταῖς
949 2465 1140 2529 ἀκοαῖς
1171 2470 1465 2539 προσηχῶν
1509 2472 1632 2541 λόγο

1762 2471 2224 2543 cantionibusque
2246 2476 2624 2545 spiritualibus
2654 2453 2910 2550 tanquam
2938 2479 3137 2536 ﬂumen
3168 2453 3343 2551 quod-

70 2547 122 2596 ἐν
146 2544 393 2616 ψαλμοῖς
421 2549 514 2602 καὶ
548 2548 738 2621 ὕμνοις
773 2554 866 2606 καὶ
892 2554 1059 2624 ᾠδαῖς
1090 2567 1519 2629 πνευματικαῖς,
1549 2561 1631 2618 οἷό

1760 2561 1884 2615 dam
1915 2563 2098 2633 gaudii
2130 2580 2226 2634 per
2255 2544 2420 2623 aures
2458 2568 2515 2623 in
2557 2569 2801 2624 animum
2826 2570 3079 2639 influens,
3117 2590 3220 2630 nos
3246 2590 3345 2646 op-

73 2636 247 2705 ρεύμα
297 2640 473 2707 χαρᾶς
497 2638 565 2691 δι’
592 2641 761 2711 ἀκοῆς
792 2645 871 2707 είς
896 2647 994 2716 τὴν
1022 2645 1194 2718 ψυχὴν
1248 2651 1500 2720 εἰσρέων,
1528 2654 1631 2725 πλή

1761 2654 1891 2707 tima
1908 2671 2004 2726 Spe
2022 2658 2272 2727 replevit.
2300 2659 2407 2714 Cor
2428 2676 2582 2724 vero,
2600 2662 2729 2717 dum
2761 2672 2817 2719 et
2842 2664 2910 2721 iis
2940 2636 3343 2736 quat'diceban-

73 2742 177 2794 ρεις
207 2729 364 2797 ἡμᾶς
390 2729 498 2781 τῶν
522 2731 745 2798 ἀγαθῶν
772 2735 1002 2788 ἐλπίδων
1028 2739 1302 2809 ἐποίησεν.
1343 2743 1409 2795 Ἠ
1441 2744 1497 2797 δὲ
1525 2762 1631 2813 καρ

1757 2753 1848 2796 tur
1880 2754 1932 2797 et
1961 2744 2286 2801 videbantur
2314 2747 2705 2813 obiectaretur,
2733 2729 3138 2823 inexplicabilis
3170 2757 3342 2811 beati-

65 2818 145 2869 δία
174 2822 297 2882 τοῖς
315 2819 633 2891 λεγομένοις
656 2841 717 2876 τε
745 2827 838 2879 καὶ
860 2826 1213 2899 βλεπομένοις
1233 2832 1630 2909 εύφραινομένη

1756 2830 1963 2884 tudinis
1994 2831 2221 2902 ﬁguram
2252 2835 2576 2905 accipiebat,
2611 2838 2740 2892 dum
2766 2818 2940 2908 per-ea
2964 2856 3087 2910 qua:
3110 2858 3342 2913 appare-

67 2910 156 2980 τὴν
182 2911 467 2983 ἄφραστον
493 2914 758 2969 ὲτυποῦτο
795 2923 1195 2992 μακαριότητα.
1217 2924 1303 2978 διά
1332 2926 1439 2979 τῶν
1465 2946 1623 2996 φαινο

1754 2916 1904 2981 bant,
1934 2920 2091 2988 quasi
2116 2936 2283 2976 manu
2315 2923 2614 2979 duceretur
2643 2927 2710 2980 ad
2727 2942 2874 2992 eum,
2900 2929 2993 2998 qui
3020 2910 3196 2985 videri
3224 2946 3338 2987 non

68 3000 241 3069 μένων
278 3007 764 3078 χειραγωγουμένη
798 3008 929 3079 πρὸς
968 3011 1029 3064 τὸ
1057 3014 1307 3085 ἀόρατον.
1347 3016 1508 3072 Ὥστε
1542 3019 1632 3072 τῶε

1751 3017 1951 3079 potest.
1973 3010 2158 3082 Itaque
2191 3014 2357 3084 hujus
2378 3017 2643 3086 requietis
2660 3017 2801 3072 bona
2817 3035 2913 3090 per
2929 3036 3051 3077 sese
3080 3022 3238 3079 fidem
3264 3026 3338 3079 fa-

68 3088 286 3154 ἁγαθῶν
337 3091 581 3157 ἐκείνων,
613 3094 650 3147 ἀ
691 3094 813 3148 οὔτε
859 3098 1136 3170 ὀφθαλμὸς
1179 3098 1338 3165 εἶδεν,
1387 3104 1511 3158 οὔτε
1560 3101 1632 3161 οὖς

1755 3102 1955 3156 cientia
1994 3104 2259 3161 ineffabili
2290 3108 2408 3177 spei
2467 3123 2683 3175 eorum,
2720 3088 2845 3181 quae
2874 3113 3144 3171 destinata
3173 3127 3338 3188 atque

64 3181 315 3246 ἦκουσεν,
356 3180 483 3235 οὕτε
512 3184 605 3236 ἐπὶ
648 3186 876 3258 καρδίαν
918 3190 1205 3261 ἀνθρώπου
1239 3195 1433 3267 ἀνέϐη,
1469 3200 1632 3254 εἰκόνι

1756 3193 1998 3262 reposita
2023 3206 2173 3259 sunt,
2202 3197 2386 3268 imago
2407 3210 2537 3256 sunt
2553 3180 2774 3257 illorum
2800 3205 3217 3279 bonorumque:
3240 3180 3337 3267 ne-

66 3268 193 3325 εἶναι
225 3276 298 3328 τά
326 3274 430 3347 τῆς
452 3279 849 3345 καταπαύσεως
876 3282 1080 3356 ταύτης
1117 3287 1316 3356 ἀγαθά,
1352 3290 1420 3343 δι’
1445 3293 1632 3347 ὲαυτῶπ

1753 3300 1861 3353 que
1881 3288 2076 3343 oculus
2102 3288 2259 3354 vidit,
2294 3306 2473 3362 neque
2508 3295 2660 3349 auris
2689 3297 2918 3363 audivit,
2944 3315 3121 3369 neque
3150 3302 3206 3358 in
3239 3321 3335 3361 cor

2364 1330 2624 1387 ΟιιΑΤιο
2679 1331 2769 1388 IV.

1989 1444 2067 1500 De
2110 1456 2296 1500 sancto
2339 1457 2386 1500 et
2431 1448 2662 1502 salutari
2695 1448 2828 1518 {esto
2882 1447 3122 1504 Paschas.

66 3367 154 3433 τὴν
198 3368 586 3439 ἀνεκφώνητον
624 3372 815 3427 ἐλπίδα
849 3375 959 3429 τῶν
1003 3378 1387 3451 ἀποκειμένων
1421 3385 1650 3439 πιστού-

67 3475 217 3525 μενα.
266 3461 489 3533 Ἐπειδὴ
521 3464 697 3519 τοίνυν
731 3469 967 3541 φωτεινὴ
993 3471 1088 3537 νὺξ
1114 3469 1252 3541 αὕτη
1274 3514 1289 3535 ,
1324 3474 1423 3538 τάς
1448 3477 1511 3529 ἐκ
1542 3478 1650 3532 τῶν

65 3550 363 3620 λαμπάδιον
398 3555 573 3623 αὐγὰς
605 3557 881 3629 δρθριναῖς
909 3562 1093 3617 ἀκτῖσι
1118 3565 1211 3618 τοῦ
1256 3567 1407 3638 ἡλίου
1442 3570 1648 3641 συμμί-

68 3641 216 3706 ξασα,
253 3645 388 3714 μίαν
411 3647 552 3700 κατά
577 3649 638 3718 τᾲ
678 3652 899 3723 συνεχὲς
922 3654 1135 3725 ἡμέραν
1161 3659 1405 3732 ἐποίησε,
1430 3661 1504 3734 μὴ
1529 3664 1646 3716 δια-

67 3737 383 3804 μερισθεῖσα
434 3741 500 3810 τῇ
545 3742 866 3817 παρενθήκη
905 3746 999 3803 τοῦ
1042 3748 1298 3817 σκότους,
1342 3756 1644 3825 νοήσωμεν,

63 3825 294 3895 ἀδελφοὶ,
343 3828 441 3898 τὴν
469 3832 805 3901 προφητείαν
847 3833 948 3905 τὴν
993 3835 1294 3909 λέγουσαν,
1343 3842 1423 3895 ὅτι
1482 3845 1644 3913 Αὕτη

62 3916 224 3969 εστὶν
252 3919 293 3986 ἠ
321 3918 534 3987 ἡμέρα,
564 3918 646 3987 ἣν
668 3922 964 3992 ἐποίησεν
982 3930 1015 3980 ό
1039 3929 1274 3997 Κύριος.
1313 3932 1399 3985 Ἐν
1426 3929 1459 4007 ᾖ
1484 3934 1643 4005 ἔργον

62 4008 221 4071 ἐστὶν,
256 4010 318 4062 οὐ
346 4010 483 4082 βαρύ
502 4028 556 4065 τι
586 4014 680 4066 καὶ
715 4013 1177 4089 δυσκατόρθωτον,
1201 4022 1337 4078 ἀλλά
1378 4027 1521 4097 χαρά
1546 4028 1640 4080 καὶ

63 4098 362 4171 εὐφροσύνη
391 4103 484 4155 καὶ
504 4103 817 4176 ἀγαλλίαμα
838 4123 851 4135 ’
878 4108 1053 4173 οὕτως
1079 4114 1322 4178 εἰπόντος
1336 4116 1428 4168 τοῦ
1457 4117 1637 4187 λόγον’

64 4190 133 4242 3::
192 4192 718 4263 Ἀγαλλιασώμεθα
760 4198 857 4251 καὶ
897 4202 1323 4275 εὐφρανθῶμεν
1350 4208 1421 4262 ἑν
1461 4210 1635 4279 αὐτῇ.

64 4281 119 4332 Ὠ
158 4280 344 4335 καλῶν
375 4287 753 4355 πραγμάτωνί
791 4289 836 4343 ὣ
871 4290 1128 4360 γλυκείας
1154 4298 1509 4367 νομοθεσίαςί
1542 4304 1637 4368 Τίς

62 4369 401 4443 ὑπερτίθεται
443 4376 580 4447 πρὸς
625 4377 687 4431 τὸ
729 4379 1034 4437 ὑπακοῦσαι
1094 4387 1349 4452 τοιούτοις
1396 4392 1634 4462 προστά-

62 4478 255 4530 γμασις
291 4465 377 4528 τίς
414 4465 470 4518 δὲ
492 4467 612 4537 οὐχ).
636 4468 839 4539 ζημίαν
884 4473 1097 4541 ἡγεῖται
1133 4477 1227 4529 καὶ
1260 4477 1356 4549 τὴν
1385 4481 1442 4533 ὲν
1470 4481 1633 4553 ὀλίγῳ

61 4552 155 4603 τῶν
191 4555 540 4625 πραγμάτων
566 4559 835 4631 ἀναϐολήν
858 4578 872 4627 ;
900 4563 1219 4639 Εὐφροσύνη
1249 4569 1308 4622 τὸ
1331 4569 1510 4641 ἔργον,
1539 4552 1633 4627 καὶ

61 4645 365 4716 ἀγαλλίαμά
404 4651 521 4701 ἐστι
556 4649 619 4702 τὸ
661 4652 970 4723 ἐπίταγμα·
1035 4655 1102 4709 δι’
1143 4652 1218 4711 ὧν
1260 4659 1551 4717 ἀναλύεται
1596 4666 1629 4735 ὴ

60 4738 138 4788 ἐπὶ
166 4741 231 4809 τῇ
265 4739 514 4810 ἁμαρτίᾳ
538 4742 883 4814 κατάκρισις,
902 4747 991 4799 καὶ
1015 4748 1095 4812 είς
1121 4752 1296 4821 χαράν
1321 4752 1390 4806 τὰ
1410 4753 1630 4827 λυπηρά

63 4827 480 4899 μεθαρμόζεται.

118 4917 283 4971 Τοῦτό
306 4919 431 4972 ’ἐστι
450 4920 510 4972 τὸ
532 4921 631 4991 τῆς
661 4923 853 4993 σοφίας
877 4926 1226 4999 ἀπόφθεγμα,
1250 4931 1331 4985 ὅτι
1358 4934 1417 4985 ἐν
1442 4934 1626 5005 ήμέρᾳ

60 5009 417 5083 εὐφροσύνης,
465 5012 739 5084 ἀμνηστία
781 5017 986 5073 κακῶν.
1038 5021 1223 5091 Λήθην
1263 5024 1482 5097 ἐποίησε
1526 5028 1624 5097 τῆς

62 5099 267 5172 πρώτης
294 5102 419 5154 καθ’
445 5105 600 5175 ἡμῶν
626 5107 983 5176 ἀποφάσεως,
1017 5113 1049 5181 ή
1078 5112 1258 5183 ἡμέρα
1284 5114 1420 5187 αὕτη
1444 5133 1457 5145 ·
1488 5117 1624 5186 μᾶλ-

59 5188 133 5241 λιν
166 5192 221 5244 δὲ
262 5195 591 5267 ἀφανισμὸν,
626 5197 747 5268 οὐχὶ
777 5198 970 5271 λήθην.
1011 5201 1287 5273 Ἐξήλειψε
1318 5205 1427 5276 γὰρ
1455 5206 1621 5259 καθό-

58 5282 133 5333 λου
187 5287 298 5339 πᾶν
342 5288 682 5358 μνημόσυνον
726 5293 823 5362 τῆς
866 5292 987 5346 καθ’
1028 5293 1184 5363 ήμῶν
1225 5298 1616 5368 κατακρίσεως.

58 5373 171 5426 Τὸτε
202 5378 260 5429 ἐν
282 5377 480 5441 λύπαις
505 5381 533 5432 ὁ
555 5383 773 5445 τοκετὸς
791 5400 803 5411 ·
828 5382 921 5435 νῦν
947 5386 1115 5454 χωρὶς
1136 5385 1343 5457 ὠδίνων
1376 5390 1408 5457 ὴ
1435 5390 1620 5459 γέννη-

59 5476 145 5519 σις.
182 5464 315 5517 Τότε
344 5468 409 5519 ὲκ
439 5470 639 5538 σαρκὸς
662 5472 1028 5543 ἐγεννήθημεν
1054 5474 1273 5545 σάρκες·
1301 5477 1393 5529 νῦν
1414 5480 1474 5532 τὸ
1502 5497 1618 5548 γεν-

55 5552 197 5619 νηθὲν
227 5556 445 5627 πνεῦμά
468 5561 613 5612 ἐστιν
639 5563 702 5613 ἐκ
729 5562 1059 5632 πνεύματος.
1093 5564 1226 5618 Τότε
1262 5569 1368 5621 υἱοὶ
1414 5570 1616 5641 ἀνθρὼ-

59 5656 165 5695 που·
194 5645 289 5698 νῦν
319 5648 485 5701 τέκνα
524 5650 659 5704 Θεοῦ
702 5652 1087 5725 ἐγεννήθημεν.
1124 5657 1257 5711 Τότε
1288 5661 1366 5723 εἰς
1392 5661 1494 5732 γῆν
1520 5663 1612 5715 ἀπ’

116 5766 130 5795 ¹
164 5766 178 5818 1
208 5767 335 5820 Cor.
373 5786 431 5832 ιι,
456 5771 505 5828 9.
589 5774 631 5802 “
663 5773 805 5829 Psal.
841 5787 1007 5842 cxvn,
1048 5776 1137 5832 24.

196 5863 467 5923 Parum“
508 5867 624 5927 (in.
667 5869 883 5933 XLVI.

1753 3373 1995 3429 hominis
2023 3378 2393 3434 ascenderunt
2420 3381 2435 3411 ¹
2465 3421 2480 3436 .
2519 3381 2790 3447 Quoniam
2821 3384 2988 3454 igitur
3010 3387 3124 3443 haec
3147 3391 3331 3447 lucida

1752 3474 1859 3513 nox
1892 3462 2198 3519 commistis
2233 3465 2542 3537 lampadum
2579 3471 2879 3529 luminibus
2898 3489 3023 3528 cum
3045 3480 3331 3536 matutinis

1750 3547 1919 3604 radiis
1941 3551 2074 3606 solis
2099 3567 2266 3607 unum
2285 3555 2607 3611 continuum
2627 3558 2903 3615 nullarum
2950 3563 3328 3635 interpositio-

1750 3654 1819 3692 ne
1853 3641 2206 3697 tenebrarum
2237 3643 2569 3716 diremptum
2600 3648 2742 3705 diem
2774 3652 2973 3720 etfecit,
2998 3658 3327 3715 considere-

1748 3734 1872 3787 mus
1913 3742 1967 3787 et
2011 3735 2400 3808 intelligamus,
2462 3741 2681 3811 fratres,
2733 3746 3070 3815 prophetiam
3110 3768 3231 3822 quae
3269 3754 3330 3809 di

1746 3826 1813 3878 ciu
1842 3826 1880 3856 ¹·
1902 3840 1917 3879 :
1936 3828 2039 3881 Hic
2057 3838 2135 3882 est
2157 3828 2289 3893 dies,
2323 3847 2478 3900 quem
2507 3832 2632 3900 fecit
2662 3833 2942 3892 Dominus.
2980 3837 3037 3893 In
3059 3856 3168 3911 quo
3186 3859 3324 3914 opus

1744 3915 2085 3984 pmpositum
2111 3926 2320 3973 estnon
2340 3936 2504 3989 grave
2531 3922 2751 3994 aliquod
2779 3936 2831 3979 et
2860 3926 3057 3984 effectu
3078 3931 3319 3999 difficile,

1744 4008 1837 4061 sed
1871 4010 2149 4077 gaudium,
2182 4012 2274 4066 sed
2312 4013 2519 4078 laetitia,
2545 4016 2972 4085 sedexsultatio,
3003 4021 3077 4076 ita
3106 4024 3323 4082 dicente

1744 4096 2056 4169 Scriptura,
2088 4101 2434 4158 Exsttltentus
2457 4119 2505 4159 et
2526 4106 2769 4162 laetemur
2790 4110 2847 4169 in
2872 4127 2953 4166 eo.
2984 4110 3029 4167 Ο
3059 4116 3321 4174 mandata

1741 4193 2046 4263 praeclara!
2100 4196 2146 4252 0
2192 4197 2410 4253 dulcem
2461 4201 2912 4257 constitutionem
2949 4205 2962 4257 l
3015 4204 3151 4274 Quis
3197 4210 3319 4266 sine

1740 4302 1891 4342 mora
1912 4298 2075 4359 atque
2106 4291 2603 4360 procrastinatione
2632 4295 2838 4352 talibus
2866 4301 3153 4371 praeceptis
3203 4318 3316 4359 non

1737 4382 2171 4451 ohtemperabit?
2221 4382 2335 4439 Iino
2384 4387 2509 4456 quis
2557 4402 2664 4441 non
2712 4387 2765 4442 in
2795 4388 2996 4445 damno
3037 4404 3203 4462 ponet
3230 4397 3317 4451 rel

1737 4473 1988 4543 exiguam
2015 4474 2296 4543 jussorum
2320 4477 2684 4534 citationem?
2723 4478 2933 4536 Laetitia
2958 4492 3047 4539 est
3073 4500 3233 4555 Opus.
3259 4495 3315 4542 et

1732 4567 2025 4621 exsultatio
2061 4577 2145 4623 est
2174 4568 2226 4623 id
2266 4569 2411 4640 quod
2450 4572 2784 4643 praecipitur,
2808 4589 2906 4643 per
2937 4590 3059 4645 quae
3090 4587 3314 4647 prepter

1735 4666 2015 4726 peccatum
2044 4660 2187 4715 facta
2218 4661 2604 4718 condemnatio
2631 4666 2985 4734 rescinditur,
3014 4679 3069 4724 et
3095 4669 3149 4723 in
3178 4686 3312 4739 gau-

1732 4752 1881 4803 dium
1910 4751 2135 4806 tristitia
2162 4756 2519 4809 convertitur.

1798 4927 1912 4982 Iloc
1936 4938 2019 4983 est
2051 4930 2332 5000 sapientia:
2365 4932 2601 4987 notabile
2631 4932 2863 4999 dictum,
2900 4935 2954 4989 in
2983 4935 3071 4990 die
3106 4937 3305 4992 laetitiae

1727 5019 1929 5073 oblivio
1955 5029 2117 5089 atque
2151 5021 2378 5074 abolitio
2406 5023 2696 5076 malorum.
2736 5022 3076 5079 Oblivionem
3113 5026 3303 5094 prima:

1725 5120 1916 5166 contra
1954 5128 2052 5167 nos
2085 5113 2367 5167 sententia:
2395 5116 2755 5183 pronuntiata:
2776 5116 2893 5171 dies
2932 5118 3021 5171 hic
3046 5117 3296 5173 induxit:

1725 5203 1835 5258 imo
1897 5219 2027 5257 vero
2088 5204 2461 5269 abolitionem,
2526 5222 2631 5261 non
2683 5208 3034 5263 oblivionem.
3092 5207 3300 5265 Delevit

1722 5295 1867 5348 enim
1912 5302 1967 5349 et
2004 5298 2163 5363 quasi
2230 5297 2401 5351 erasit
2446 5312 2663 5353 omnem
2716 5299 2936 5369 penitus
2975 5300 3295 5355 memoriam

1720 5397 1911 5439 contra
1943 5403 2043 5441 nos
2075 5386 2231 5442 factae
2283 5390 2776 5446 condemnationis.
2814 5389 2967 5447 Tunc
3007 5392 3061 5446 in
3086 5392 3295 5449 dolori-

1721 5479 1820 5530 bus
1863 5486 2053 5547 partus
2101 5478 2403 5534 edebatur:
2463 5496 2612 5536 nunc
2666 5482 2873 5551 absque
2917 5484 3300 5553 parturitionis

1717 5570 2058 5624 cruciatibus
2089 5572 2348 5627 nativitas
2367 5574 2607 5629 exsistit.
2638 5572 2794 5628 Tunc
2815 5589 2880 5629 ex
2905 5589 3075 5630 carne
3100 5593 3298 5632 carnes

1719 5664 1825 5716 nati
1854 5680 2043 5719 sumus
2075 5684 2085 5718 :
2127 5682 2271 5719 nunc
2300 5666 2442 5735 quod
2479 5673 2663 5719 natum
2710 5676 2794 5747 est
2826 5669 3055 5735 Spiritus
3099 5681 3181 5725 est
3228 5687 3294 5724 ex

2790 5883 2864 5943 22
