3842 6454
514 319 624 374 683

1779 315 1837 369 s.
1862 275 2186 371 esseom:
2216 314 2508 372 NYSSENI

3657 312 3760 371 08-5

519 437 738 508 ‘spiritu.
771 430 924 492 Tunc
959 435 1055 489 filii
1085 433 1389 495 hominum,
1428 448 1574 488 nunc
1608 431 1700 487 lilii
1734 431 1828 488 Dei
1859 434 1970 488 nati
1997 449 2084 490 su-

2191 433 2431 505 οὐρανῶν
2477 433 2848 505 ἁπελύθημεν,
2901 430 2998 489 νῦν
3039 435 3068 486 6
3113 431 3432 503 ἐπουράνιος
3476 428 3572 485 καί
3615 432 3756 502 ἡμᾶς

521 545 663 584 mus.
705 529 858 583 Tunc
901 527 957 582 in
1015 535 1218 590 terram
1244 525 1314 579 de
1348 524 1509 580 cmlis
1562 524 1784 594 relegati
1831 541 2022 580 sumus
2070 540 2084 576 :

521 635 667 675 nunc
688 619 735 674 is
761 619 855 688 qui
885 616 1132 672 caelestis
1157 625 1261 684 est,
1315 615 1480 670 etiam
1509 629 1610 671 nos
1660 615 1915 670 caelestes
1937 614 2084 671 fecit.

519 711 673 767 Tunc
709 722 802 779 per
831 715 1114 778 peccatum
1143 719 1291 758 mors
1333 703 1592 772 regnabat
1636 721 1649 757 :
1679 718 1825 758 nunc
1857 703 2088 758 invicem

514 800 728 876 iustitia
762 814 860 869 per
898 797 1065 851 vitam
1119 795 1313 866 recipit
1375 794 1685 864 imperium.
1727 793 1885 848 Tunc
1949 810 2090 848 unus

522 891 682 948 morti
708 892 885 944 locum
905 886 1217 943 introeundi
1242 885 1391 942 dedit
1415 903 1431 938 :
1458 883 1552 954 per
1576 899 1743 939 unum
1760 886 1924 940 etiam
1942 899 2089 940 nunc

521 990 709 1037 contra
767 980 876 1036 vita
937 976 1322 1033 introducitur.
1372 973 1525 1029 Tunc
1580 989 1675 1044 per
1720 985 1948 1030 mortem
1980 974 2089 1029 vita

520 1072 824 1128 excidimus
857 1089 872 1125 :
927 1083 1076 1124 nunc
1105 1083 1136 1122 a
1185 1067 1296 1121 vita
1328 1082 1476 1122 mors
1517 1066 1748 1121 deletur.
1799 1063 1954 1119 Tunc
1981 1081 2090 1134 prae

522 1165 730 1238 pudore
769 1164 872 1220 sub
905 1162 1009 1216 ficu
1045 1160 1304 1215 occultati
1332 1159 1535 1214 fuimus
1580 1177 1595 1215 :
1631 1173 1781 1212 nunc
1827 1173 1922 1227 per
1973 1159 2090 1227 glo-

523 1255 660 1310 riam
706 1255 852 1324 ligno
908 1252 1034 1306 vita:
1096 1248 1625 1320 appropinquamus.
1665 1246 1820 1302 Tunc
1868 1257 2090 1317 propter

525 1343 942 1401 inobedientiam
995 1357 1060 1397 ex
1106 1341 1359 1412 paradiso
1409 1339 1618 1408 expulsi
1653 1353 1844 1393 sumus
1885 1358 1898 1392 :
1943 1352 2087 1392 nunc

526 1452 623 1508 per
653 1435 808 1490 fidem
865 1434 920 1488 in
949 1434 1262 1504 paradisum
1321 1431 1679 1485 admittimur.
1730 1428 1940 1486 Rursus
1974 1428 2089 1484 fru-

523 1539 648 1584 ctus
679 1529 803 1582 vitae
833 1525 899 1580 ad
929 1525 1153 1582 delicias
1184 1523 1346 1579 nobis
1396 1522 1710 1591 propositus
1735 1531 1820 1577 est
1848 1520 1914 1575 ad
1941 1521 2088 1576 arbi-

525 1619 707 1673 trium.
733 1615 946 1671 Rursus
974 1615 1096 1669 fons
1127 1612 1366 1684 paradisi
1405 1611 1804 1682 quadripartito
1833 1612 2090 1667 diductus

525 1723 624 1776 per
659 1705 999 1776 evangelicos
1023 1719 1212 1760 amnes
1262 1704 1572 1759 universam
1606 1703 1858 1758 Ecclesiae
1897 1702 2088 1757 faciem

525 1798 738 1868 irrigat,
767 1797 902 1858 adeo
939 1804 1000 1850 ut
1029 1797 1193 1852 etiam
1234 1795 1375 1852 sulci
1425 1797 1730 1850 animarum
1778 1802 2088 1851 nostrarum
2120 1772 2163 1827 Β

523 1887 881 1952 inebrientur,
927 1901 1066 1956 quos
1115 1887 1162 1942 is
1194 1888 1289 1957 qui
1309 1893 1605 1942 sementem
1659 1886 1930 1941 sermonis
1964 1885 2092 1941 facit

525 1989 709 2042 aratro
735 1978 999 2034 doctrinae
1029 1979 1393 2048 proscidit,ac
1410 1977 1836 2047 multiplicentur
1848 1979 2090 2048 germina

524 2073 850 2140 fructusque
881 2069 1118 2124 virtutis.
1151 2068 1290 2134 Quid
1319 2068 1486 2140 igitur
1514 2069 1585 2124 ob
1617 2069 1734 2124 haec
1761 2069 1942 2127 facere
1967 2085 2094 2125 con-

521 2161 700 2216 venit?
712 2159 855 2226 Quid
872 2159 1206 2228 aliud,quam
1225 2159 1428 2214 imitari
1447 2167 1660 2215 montes
1675 2161 2023 2231 propheticos
2038 2170 2092 2216 et

520 2251 691 2307 colles
737 2250 1231 2305 exsultationibus?
1263 2247 1469 2304 Montes
1496 2250 1660 2314 enim,
1690 2251 1884 2321 inquit,
1909 2256 2090 2306 exsul-

516 2351 756 2396 taverunt
787 2352 844 2395 ut
865 2343 1076 2405 arietes,
1107 2350 1155 2395 et
1178 2341 1336 2396 colles
1356 2341 1491 2395 sicut
1529 2343 1652 2412 agni
1701 2344 1873 2396 ouium
1905 2345 1946 2398 ³.
1991 2343 2091 2398 Ve-

520 2434 635 2489 nite
667 2433 859 2504 igitur,
886 2433 1222 2488 exsultemus
1265 2431 1515 2498 Domino,
1555 2433 1650 2503 qui
1689 2431 1846 2504 fregit
1875 2435 2018 2490 vires
2038 2445 2093 2490 et

493 2504 815 2597 .potentiam
870 2524 1046 2580 hostis
1097 2531 1153 2579 et
1215 2539 1468 2594 magnum
1529 2539 1631 2594 pro
1687 2525 1848 2579 nobis
1907 2527 2090 2580 crucis

521 2617 819 2687 trophaeum
849 2616 905 2670 in
953 2615 1108 2669 ruina
1139 2613 1438 2670 adversarii
1468 2615 1661 2670 erexit.
1689 2613 2090 2687 ’Λλαλάζωμεν,

516 2707 702 2772 idest,
754 2707 1052 2771 iubilemus,
1105 2704 1420 2776 ἀλαλαγμός
1453 2713 1652 2771 autem,
1705 2706 1820 2761 sive
1861 2706 2089 2776 jubilus,

517 2809 603 2854 cst
639 2800 692 2854 in
729 2798 959 2852 victoria
1009 2797 1187 2852 fausta
1225 2812 1289 2852 ac
1344 2797 1465 2852 laeta
1503 2797 1848 2863 acclamatio,
1908 2814 2029 2868 qme
2059 2814 2092 2852 a

519 2887 822 2942 victoribus
843 2887 1106 2942 adversus
1133 2887 1304 2941 victos
1320 2888 1610 2940 excitatur.
1632 2887 1896 2954 Quoniam
1929 2889 2093 2958 igitur

512 2985 794 3047 prostrata
833 2987 918 3033 est
948 2978 1095 3033 acies
1151 2977 1344 3040 hostis,
1384 2986 1546 3047 atque
1571 2979 1660 3032 ille
1689 2978 1826 3049 ipse,
1859 2980 1952 3049 qui
1987 2979 2090 3032 im-

2188 521 2467 592 οὐρανίους
2490 522 2731 579 ἐποίησε.
2779 521 2914 574 Τότε
2946 521 3034 575 διὰ
3054 522 3153 592 τῆς
3187 520 3460 592 ἁμαρτίας
3483 521 3513 573 6
3535 520 3756 584 θάνατος

2188 611 2500 664 ἐϐασίλευσε
2522 628 2535 642 ο
2581 612 2673 665 νῦν
2704 611 3238 682 ἅντιμεταλαμὸάνει
3283 611 3372 664 διὰ
3406 611 3506 681 τῆς
3545 610 3688 678 ζωῆς
3724 612 3758 682 ἡ

2187 707 2498 780 δικαιοσύνη
2537 708 2596 760 τὸ
2636 709 2855 780 κράτος.
2897 705 2993 774 Εἷς
3019 709 3201 780 ήνοιξε
3234 709 3354 762 τότε
3395 707 3489 760 τοῦ
3529 706 3758 761 θανάτου

2188 801 2287 870 τὴν
2304 800 2522 853 εἴσοδον⁹
2547 800 2614 852 δι’
2645 801 2762 865 ἑνὸς
2785 803 2876 856 καὶ
2898 803 2991 856 νῦν
3015 806 3047 875 ἡ
3073 803 3187 874 ζωὴ
3209 801 3607 870 άντεισάγεται.
3627 801 3759 853 Τότε

2188 887 2274 941 διὰ
2307 888 2400 940 τοῦ
2433 888 2662 942 θανάτου
2705 890 2807 960 τῆς
2839 890 2984 962 ζωῆς
3014 891 3373 960 ἐξεπέσαμεν·
3405 891 3500 945 νῦν
3537 890 3643 943 ὑπὸ
3663 891 3759 959 τῆς

2190 977 2332 1048 ζωῆς
2357 980 2657 1048 ἀναιρεῖται
2680 983 2708 1034 6
2729 982 2974 1046 θάνατος.
2992 984 3125 1036 Τότε
3142 984 3231 1035 ὑπ’
3253 983 3514 1053 αἰσχύνης
3531 985 3598 1052 τῇ
3622 985 3760 1052 συκῇ

2191 1067 2468 1140 ὐπεκρύϐη
2477 1086 2596 1140 μεν·
2617 1071 2708 1124 νῦν
2745 1072 2832 1125 διὰ
2847 1071 3006 1143 δόξης
3025 1071 3086 1124 τὸ
3121 1071 3273 1136 ξύλον
3294 1073 3392 1140 τῆς
3421 1071 3563 1142 ζωῆς
3597 1087 3762 1141 προσ-

2187 1158 2496 1230 εγγίζομεν.
2560 1161 2692 1214 Τότε
2725 1162 2812 1215 διὰ
2851 1163 2949 1234 τῆς
2977 1164 3262 1235 παρακοῆς
3313 1163 3407 1216 τοῦ
3434 1162 3760 1233 παραδείσου

2188 1249 2580 1323 ὲξῳκίσθημεν’
2621 1253 2716 1306 νῦν
2751 1254 2840 1307 διὰ
2869 1255 3103 1318 πίστεως
3140 1255 3233 1308 τοῦ
3262 1255 3592 1325 παραδείσου
3634 1253 3762 1305 εἴσω
3819 1287 3825 1296 ι

2189 1343 2468 1414 γινόμεθα.
2501 1345 2670 1399 Πάλιν
2697 1347 2726 1398 6
2754 1346 2963 1417 καρπὸς
2987 1347 3084 1417 τῆς
3113 1345 3261 1417 ζωῆς
3286 1347 3366 1409 είς
3396 1346 3608 1416 τρυφὴν
3635 1346 3763 1414 ἡμῖν

2190 1434 2471 1505 πρόκειται
2517 1438 2636 1488 κατ’
2675 1435 2941 1500 ἐξουσίαν.
2991 1437 3158 1491 Πάλιν
3207 1439 3239 1507 ἠ
3287 1436 3381 1489 τοῦ
3433 1435 3760 1505 παραδείσου

2190 1523 2361 1594 πηγὴ,
2389 1526 2423 1594 ἡ
2449 1526 2686 1597 τετραχῆ
2724 1525 2810 1580 διὰ
2845 1526 2954 1578 τῶν
2983 1526 3350 1593 εὐαγγελικῶν
3378 1526 3640 1595 ποταμῶν
3666 1541 3760 1595 με-

2193 1616 2481 1688 ριζομένη,
2529 1616 2675 1672 ἅπαν
2705 1617 2910 1679 ποτίζει
2950 1619 3012 1671 τὸ
3054 1619 3342 1688 πρόσωπον
3385 1618 3484 1688 τῆς
3534 1616 3761 1686 Ἐκκλη-

2194 1709 2312 1773 σίας
2331 1725 2346 1740 ο
2387 1709 2462 1771 ib;
2491 1710 2585 1763 καὶ
2611 1707 2902 1778 μεθύσκειν
2931 1709 3085 1780 ἡμῶν
3115 1710 3212 1772 τὰς
3249 1708 3489 1772 αὔλακας
3525 1708 3636 1761 τῶν
3665 1708 3760 1776 ψυ-

2193 1800 2323 1870 χῶν,
2353 1799 2419 1862 άς
2441 1801 2470 1852 6
2494 1801 2731 1872 σπείρων
2759 1800 2850 1854 τὸν
2870 1801 3026 1869 λόγον
3050 1799 3128 1869 τῷ
3149 1799 3362 1870 ἀρότρῳ
3389 1799 3486 1869 τῆς
3510 1797 3762 1851 διδασκα-

2191 1892 2310 1954 λίας
2351 1892 2574 1962 ἀνέτεμε
2596 1930 2610 1953 ,
2650 1893 2742 1944 καὶ¹
2770 1891 3056 1962 πληθύνειν
3091 1892 3188 1961 τῆς
3231 1890 3429 1960 ἀρετῆς
3464 1888 3532 1941 τὰ
3568 1891 3761 1959 γεννή-

2194 1993 2358 2045 ματα.
2396 1978 2458 2029 Τὶ
2481 1973 2574 2029 οὖν
2603 1978 2696 2029 ἐπὶ
2739 1977 2946 2042 τούτοις
2973 1979 3240 2050 προσήκει
3269 1979 3476 2042 ποιεῖν;
3506 1978 3572 2030 Τί
3601 1977 3760 2038 ἄλλο,

2191 2063 2224 2133 ἦ
2266 2064 2547 2134 μιμεῖσθαι
2585 2065 2651 2118 τὰ
2680 2066 2778 2136 ὄρη
2810 2067 2878 2120 τὰ
2911 2067 3216 2139 προφητικὰ
3275 2068 3515 2130 καὶτοὺς
3542 2067 3764 2137 βουνοὺς

2191 2156 2301 2217 τοῖς
2327 2157 2691 2228 σκιρτήμασι;
2733 2159 2808 2211 Τὰ
2854 2158 2962 2227 ὄρη
2997 2161 3125 2230 γὰρ,
3166 2161 3347 2230 φησὶν,
3392 2160 3764 2226 ἐσκίρτησαν

2189 2246 2331 2299 ὡσεί
2389 2249 2572 2316 κριοὶ,
2610 2251 2704 2304 καὶ
2758 2254 2811 2303 οί
2841 2251 3054 2314 βουνοί
3101 2253 3180 2316 ὡς
3215 2253 3390 2319 ἀρνία
3433 2252 3762 2319 προϐατων.

2191 2336 2400 2391 Οὐκοῦν
2427 2337 2600 2400 δεῦτε,
2644 2339 3096 2410 ἁγαλλιασώμεθα
3144 2340 3222 2411 τῷ
3261 2341 3483 2411 Κυρίῳ,
3515 2340 3598 2411 τῷ
3632 2342 3764 2395 καθ-

2191 2426 2362 2480 ελόντι
2377 2429 2470 2481 τοῦ
2489 2430 2746 2498 πολεμίου
2772 2431 2868 2502 τὴν
2887 2431 3133 2501 δύναμιν,
3154 2433 3246 2484 καὶ
3265 2432 3324 2484 τὸ
3343 2432 3484 2502 μέγα
3501 2433 3766 2503 τρόπαιον

2191 2519 2284 2570 τοῦ
2310 2521 2540 2591 σταυροῦ
2579 2521 2718 2591 ὑπὲρ
2746 2522 2900 2592 ἡμῶν
2930 2524 3290 2592 ἀναστήσαντι
3319 2525 3376 2576 ὲν
3400 2523 3477 2593 τῷ
3503 2523 3763 2593 πτώματι

2190 2609 2284 2661 τοῦ
2313 2611 2707 2681 ἀντικειμένου,
2752 2614 3147 2684 Ἀλαλάζωμεν.
3185 2615 3519 2684 Ἀλαλαγμὸς
3538 2615 3599 2668 δέ
3620 2617 3769 2668 ἐστιν

2190 2699 2454 2763 ὲπινίκιος
2477 2702 2740 2773 εὐφημία,
2785 2705 2935 2775 παρὰ
2971 2705 3078 2758 τῶν
3106 2706 3526 2775 κεκρατηκότων
3549 2708 3768 2777 ἐγειρο-

2195 2791 2329 2863 μένη
2363 2791 2502 2846 κατὰ
2547 2794 2652 2846 τῶν
2691 2797 3030 2867 ἡττημένων.
3093 2798 3245 2850 Ἐπεὶ
3291 2793 3382 2850 οὖν
3417 2797 3714 2851 πέπτωκεν
3737 2800 3769 2866 ἡ

2187 2883 2282 2936 τοῦ
2312 2884 2572 2955 πολεμίου
2599 2888 2920 2959 παράταξις,
2961 2889 3054 2940 καὶ
3087 2889 3248 2952 αὐτὸς
3269 2883 3470 2952 ἐκεῖνος
3494 2891 3523 2942 6
3545 2891 3612 2941 τὸ
3636 2891 3770 2961 κρά-

2189 2991 2280 3038 τος
2304 2975 2439 3045 ἔχων
2456 2976 2554 3046 τῆς
2581 2979 2820 3048 πονηρᾶς
2843 2979 2950 3032 τῶν
2974 2979 3243 3050 δαιμόνων
3271 2982 3526 3050 στρατιᾶς
3555 2983 3769 3051 οἴχεται

513 3069 727 3139 perium
751 3068 946 3123 nefarii
965 3068 1238 3124 exercitus
1263 3069 1568 3123 daemonum
1587 3070 1884 3136 obtinebat,
1906 3072 2083 3139 periit,

2192 3063 2286 3116 καὶ
2308 3063 2619 3132 ἠφάνισται,
2645 3067 2738 3119 καὶ
2759 3067 2838 3129 είς
2869 3067 2930 3119 τὸ
2961 3068 3035 3138 μὴ
3067 3067 3126 3120 ὃν
3153 3067 3252 3139 ἤδη
3279 3069 3764 3140 μεταηχώρηκεν·

511 3159 728 3214 deletus
765 3166 816 3212 et
849 3159 916 3212 ad
978 3159 1208 3213 nihilum
1245 3159 1352 3228 iam
1383 3159 1636 3214 redactus
1681 3167 1766 3214 est
1803 3161 2088 3214 :dicamus

512 3250 662 3319 quod
697 3248 836 3306 Deus
880 3250 953 3305 sit
996 3264 1226 3319 magnus
1281 3250 1561 3314 Dominus,
1621 3260 1675 3306 et
1724 3268 1816 3305 rex
1860 3267 2090 3322 magnus

516 3357 682 3412 super
701 3357 918 3398 omnem
957 3349 1180 3407 terram,
1237 3343 1328 3411 qui
1362 3343 1635 3398 benedixit
1689 3360 1904 3402 corome
1961 3347 2089 3400 anni

519 3433 864 3502 benignitatis
889 3447 1021 3497 suae,
1071 3440 1126 3487 et
1157 3433 1418 3488 conduxit
1457 3451 1556 3490 nos
1599 3437 1655 3490 in
1685 3437 1830 3491 hunc
1860 3438 2085 3492 chorum

515 3530 571 3577 et
592 3531 794 3579 emtum
842 3523 1185 3594 spiritualem
1236 3541 1330 3595 per
1371 3527 1648 3582 Christum
1680 3527 1866 3582 Jesum
1906 3529 2088 3583 Domi-

515 3629 646 3668 num
665 3623 933 3681 nostrum,
960 3615 1048 3670 cui
1071 3616 1240 3686 gloria
1267 3617 1321 3670 in
1345 3618 1565 3672 saecula.
1593 3619 1782 3673 Amen.

1106 3789 1364 3846 ORATIO
1403 3791 1487 3847 ’V.

515 3917 583 3975 In
621 3921 880 3977 ihuatrem
920 3932 970 3977 et
1009 3932 1249 3977 sanctam
1293 3922 1511 4002 Domini
1553 3923 1744 3996 Deique
1785 3928 1952 3982 nostri
2004 3943 2085 3981 re-

1102 4003 1499 4069 surrecttonem.

589 4151 918 4210 Benedictus
943 4152 1109 4210 Deus.
1147 4153 1405 4211 Dicamus
1435 4157 1583 4212 bona
1611 4157 1774 4214 verba
1795 4199 1812 4224 ,
1839 4167 1898 4215 et
1938 4158 2082 4216 cele-

510 4244 732 4301 bremus
748 4245 908 4301 hodie
929 4246 1213 4316 unigenam
1239 4247 1328 4305 Dei
1355 4247 1762 4315 Filium,verum
1783 4251 2082 4306 caelestium

510 4341 914 4402 procreawrem
962 4351 977 4389 :
1019 4336 1115 4405 qui
1200 4352 1266 4391 ex
1334 4340 1574 4394 occultis
1642 4349 1802 4394 terrae
1859 4342 2076 4398 sinibus

2191 3154 2452 3224 εἴπωμεν,
2480 3157 2560 3208 ὅτι
2583 3157 2711 3220 Θεὸς
2745 3157 2915 3228 μέγας
2945 3161 3164 3229 Κύριος,
3194 3160 3288 3211 καὶ
3313 3160 3566 3229 βασιλεὺς
3595 3163 3773 3230 μέγας

2191 3246 2282 3298 ἐπὶ
2307 3247 2485 3299 πᾶσαν
2518 3245 2614 3318 τὴν
2655 3248 2778 3318 γῆν,
2818 3249 2848 3299 6
2886 3247 3181 3316 εὐλογήσας
3223 3247 3312 3298 τὸν
3358 3248 3630 3316 στέφανον
3673 3250 3766 3302 τοῦ

2190 3338 2431 3391 ἐνιαυτοῦ
2485 3339 2584 3407 τῆς
2639 3340 3001 3413 χρηστότητος
3044 3339 3207 3393 αὐτοῦ
3234 3357 3247 3371 ο
3293 3341 3387 3394 καὶ
3433 3343 3770 3410 συναγαγὼν

2189 3432 2334 3499 ἡμᾶς
2375 3433 2453 3496 είς
2497 3432 2594 3504 τὴν
2641 3431 3014 3502 πνευματικὴν
3052 3431 3254 3502 ταύτην
3289 3435 3680 3504 χοροστασίαν,
3714 3435 3772 3484 ἐν

2190 3523 2409 3593 Χριστῷ
2444 3524 2617 3607 Ἰησορ
2646 3523 2724 3596 τῷ
2751 3522 2938 3595 Κυρίῳ
2957 3562 2972 3589 ,
2994 3515 3089 3594 ᾧή
3115 3523 3238 3588 δόξα
3268 3529 3347 3590 είς
3378 3528 3503 3590 τοὺς
3533 3529 3771 3592 αἰῶνας.

2201 3615 2389 3687 Ἀμήν.

2798 3799 3015 3854 ΛΟΓΟΣ
3046 3801 3120 3854 E'.

2183 3930 2288 3996 Εις
2312 3928 2428 3998 τὴν
2454 3931 2801 4000 φωτοφόρον
2823 3932 2922 3986 καί
2950 3933 3127 4002 ἁγίαν
3149 3934 3490 3989 ἀνάστασιν
3505 3936 3628 3991 τοῦ
3657 3941 3779 3992 Κυ-

2619 4003 2758 4070 ρίου
2794 4003 2892 4056 καί
2927 4003 3075 4057 Θεοῦ
3117 4004 3298 4074 ἡμῶν.

2254 4156 2556 4227 Εὐλογητπ
2581 4159 2610 4210 6
2636 4157 2788 4221 Θεός.
2814 4159 3234 4231 Εὐφημήσωμεν
3261 4161 3494 4232 τήμερον
3519 4161 3627 4215 τὸν
3657 4165 3780 4217 Mo-

2186 4250 2379 4321 νογενῆ
2407 4250 2558 4313 Θεὸν,
2589 4250 2678 4302 τὸν
2710 4250 2818 4304 τῶν
2855 4252 3120 4322 οὐρανίων
3164 4254 3482 4324 γεννήτορα,
3511 4255 3617 4307 τὸν
3657 4257 3779 4309 τῶν

2187 4341 2430 4411 κρυφίων
2464 4340 2700 4408 λαγόνων
2749 4341 2850 4408 τῆς
2901 4343 3003 4413 γῆς
3049 4341 3455 4412 ὑπερκύψαντα,
3501 4346 3606 4397 καὶ
3645 4351 3780 4409 ταῖς

511 4423 770 4489 emersit,
802 4432 859 4479 et
884 4424 1205 4482 clarissimis
1239 4427 1406 4483 radiis
1433 4428 1619 4484 orbem
1645 4437 1915 4484 terrarum
1946 4447 2076 4502 ope-

2191 4432 2509 4503 φαοσφόρυις
2530 4433 2710 4484 ἀκτῖσι
2732 4431 2828 4503 τὴν
2841 4432 2967 4502 ὅλην
2994 4434 3315 4506 οἰκουμένην
3333 4437 3779 4492 ἐπισκιάσαντα.

509 4516 642 4569 ruit.
683 4516 1034 4572 tietebremus
1084 4518 1246 4574 hodie
1275 4520 1606 4589 sepulturam
1651 4519 1946 4591 Unigeniti,
1990 4539 2082 4586 re-

507 4607 904 4663 surrectionem
952 4609 1211 4698 victoris,
1264 4609 1524 4680 gaudium
1581 4613 1772 4667 mundi
1816 4624 1873 4668 et
1914 4613 2080 4670 vitam

511 4696 756 4767 gentium
782 4699 990 4754 mundi.
1014 4693 1398 4757 "Celebremus
1437 4701 1600 4758 hodie
1648 4717 1774 4758 eum
1823 4704 1918 4773 qui
1952 4722 2080 4776 pec-

509 4795 696 4843 catum
749 4789 1018 4846 induerat.
1072 4792 1424 4848 Celebremus
1456 4793 1614 4848 hodie
1650 4793 1742 4850 Dei
1796 4793 2031 4851 Verbum
2060 4838 2076 4864 ,

508 4879 656 4951 quod
686 4880 873 4935 mundi
906 4882 1230 4952 sapientiam
1253 4884 1435 4953 arguit
1459 4923 1474 4948 ,
1516 4885 1904 4954 prophetarum
1934 4902 2073 4956 prte-

506 4971 800 5028 dictionem
877 4973 1221 5028 confirmavit
1259 5013 1276 5040 ,
1352 4977 1723 5045 apostolorum
1796 4978 2068 5033 vinculum

507 5064 843 5130 connexuit,
885 5063 1143 5120 Ecclesiae
1184 5067 1542 5134 vocationem,
1576 5068 1816 5140 Spiritus
1841 5072 2072 5140 gratiam

507 5157 824 5227 explicavit.
851 5154 992 5212 Ecce
1019 5157 1162 5211 enim
1188 5173 1286 5212 nos
1317 5160 1409 5229 qui
1433 5160 1564 5214 olim
1587 5162 1750 5216 alieni
1790 5177 1820 5216 a
1854 5161 1948 5217 Dei
1971 5177 2072 5218 no-

507 5249 622 5302 titia
663 5263 906 5310 eramus,
945 5246 1116 5302 Deum
1158 5250 1516 5318 agnovimus,
1562 5263 1616 5307 et
1642 5253 1771 5308 olim
1803 5254 2068 5324 scriptum

505 5339 804 5410 perfectum
824 5346 939 5394 est:
965 5335 1396 5405 Reminiscentur,
1419 5351 1467 5395 ct
1493 5353 1858 5398 convertentur
1883 5345 1953 5400 ad
1974 5345 2070 5401 Do-

505 5434 704 5486 minum
752 5445 928 5486 omnes
1136 5439 1290 5487 teme
1311 5446 1330 5487 :
1352 5442 1403 5488 et
1430 5433 1728 5492 adorabunt
1763 5438 1819 5492 in
1839 5451 2070 5508 ’ωηερε-

503 5533 591 5578 ctu
613 5525 726 5594 ejus
755 5523 1010 5578 universa:
1032 5522 1257 5593 (ciuilia:
1285 5527 1516 5596 gentium
1539 5529 1606 5584 ".
1632 5529 1802 5601 Cujus
1837 5532 1915 5589 rei
1949 5547 2068 5588 me-

575 5695 596 5724 ³
619 5692 762 5751 Psal.
788 5712 940 5761 cun,
974 5697 1027 5754 4.
1103 5696 1149 5728 ’⁸
1181 5695 1326 5753 Psal.
1366 5711 1480 5764 im,
1511 5697 1600 5753 εδ.

2182 4526 2598 4596 Εὐφημήσωμεν
2638 4525 2874 4598 τήμερον
2901 4527 2999 4598 τὴν
3043 4527 3221 4597 ταφὴν
3249 4527 3343 4581 τοῦ
3384 4529 3778 4598 Μονογενοῦς,

2177 4616 2276 4688 τὴν
2302 4616 2597 4669 ἀνάστασιν
2647 4616 2740 4669 τοῦ
2769 4616 3007 4689 νικητοῦ,
3040 4617 3138 4690 τὴν
3167 4618 3338 4688 χαρὰν
3383 4618 3473 4672 τοῦ
3517 4622 3780 4694 κόσμου,

2175 4709 2274 4780 τὴν
2313 4708 2456 4779 ζωὴν
2484 4708 2592 4761 τῶν
2621 4708 2790 4762 ἐθνῶν
2821 4708 2915 4762 τοῦ
2948 4709 3172 4778 κόσμου.
3208 4710 3650 4781 Εὐφημήσωμεν
3679 4717 3781 4785 τή-

2179 4816 2340 4869 μερον
2365 4798 2454 4852 τὸν
2488 4799 2584 4868 τὴν
2618 4799 2891 4870 ἁμαρτίαν
2915 4799 3291 4870 ἐνδυσάμενον.
3322 4800 3780 4873 Εὐφημήσωμεν

2174 4895 2412 4962 τήμερον
2447 4891 2538 4945 τὸν
2568 4891 2700 4944 Θεὸν
2728 4892 2919 4960 Λόγον,
2951 4892 3009 4957 ὃς
3047 4893 3146 4963 τὴν
3175 4893 3270 4946 τοῦ
3304 4893 3505 4964 κόσμου
3555 4898 3781 4965 σοφίαν

2172 4981 2398 5051 ﬁla-{53'
2453 4981 2560 5033 τῶν
2616 4981 2911 5052 προφητῶν
2957 4981 3056 5053 τὴν
3111 4983 3412 5053 πρόρρησιν
3463 4983 3775 5055 ἐκύρωσε·

2171 5069 2278 5122 τῶν
2306 5069 2618 5122 ἀποστόλων
2647 5069 2737 5122 τὸν
2774 5067 3067 5140 σύνδεσμον
3098 5070 3413 5142 συνήθροισε
3433 5088 3448 5103 ο
3478 5071 3588 5141 τῆς
3639 5075 3781 5127 Ἐκ-

2173 5161 2399 5232 κλησίας
2428 5161 2528 5232 τὴν
2573 5161 2785 5232 κλῆσιν,
2821 5160 2914 5214 τοῦ
2957 5164 3272 5233 Πνεύματος
3299 5162 3396 5235 τὴν
3437 5163 3612 5233 χάριν
3671 5167 3781 5236 ἐφ-

2173 5251 2409 5322 ήπλωσε.
2459 5251 2588 5303 Ἰδοὺ
2623 5251 2732 5322 γάρ
2766 5253 2923 5322 ἡμεῖς
2954 5254 3011 5305 οἵ
3031 5269 3160 5305 ποτε
3183 5252 3320 5318 ξένοι
3347 5251 3447 5320 τῆς
3473 5251 3575 5304 τοῦ
3625 5255 3782 5310 Θεοῦ

2175 5338 2541 5409 ἐπιγνώσεως,
2582 5341 2672 5394 τὸν
2713 5340 2845 5394 Θεὸν
2889 5341 3241 5412 ἐπέγνωμεν
3273 5341 3365 5393 καὶ
3396 5342 3457 5394 τὸ
3497 5358 3787 5416 γεγραμ-

2178 5431 2338 5502 μένον
2367 5432 2753 5505 πεπλήρωται·
2806 5434 3277 5502 Μνησθήσονται
3325 5433 3424 5486 καί
3467 5435 3788 5505 ἐπιστρα-

2173 5523 2470 5599 φήσονται
2487 5525 2637 5595 πρὸς
2660 5526 2879 5596 Κύριον
2899 5527 3097 5581 πάντα
3123 5526 3193 5582 τὰ
3221 5540 3441 5596 nepam
3468 5526 3589 5595 τῆς
3616 5528 3747 5599 γῆς
3765 5568 3785 5595 ,
