3842 6446
96 352 185 407 (58ἒὶ

940 344 1004 398 IN
1044 341 1321 398 CHRISTI
1365 340 1997 399 RESURRECTIONEM
2040 345 2244 401 ORAT.
2286 345 2348 399 Υ.

3221 339 3322 395 688

98 462 179 515 ml
230 455 779 526 προσκυνήσουσιν
824 456 1080 509 ἐνώπιον
1128 457 1312 512 αὐτοῦ
1368 457 1557 511 πᾶσαι
1604 459 1656 509 al

1767 474 1945 516 mores
1973 460 2175 514 erunt?
2206 458 2424 527 Antiqui
2461 458 2668 527 lapsus,
2693 466 2746 511 et
2776 470 2928 510 nova:
2964 455 3321 509 resurrectio-

96 548 315 616 πατριαὶ
363 547 484 600 τῶν·
533 545 745 600 ἐθνῶν.
798 545 863 600 Τί
905 548 1342 618 μνησθήσονται;
1396 548 1506 618 Τὴν
1563 565 1661 599 παι

96 645 230 696 λαιὰν
285 640 531 705 πτῶσιν,
577 640 677 709 τὴν
723 639 848 692 νέαν
904 641 1236 703 ἀνάστασιν,
1282 640 1381 711 τὴν
1427 640 1656 709 ἀρχαίαν

97 734 410 805 παράϐασιν,
449 731 546 784 καὶ
573 729 673 800 τὴν
717 729 942 801 ὕστερον
976 731 1262 801 διόρθωσιν
1284 746 1297 759 ο
1338 729 1437 800 τὴν
1470 730 1657 799 θνῆσιν

94 826 177 895 τῆς
220 821 385 884 Εὔας,
420 821 519 890 τῆς
556 818 837 889 Παρθένου
891 820 991 890 τὴν
1019 820 1294 889 γέννησιν,
1347 820 1453 872 τῶν
1491 819 1657 871 ἐθνῶν

96 916 177 985 τὴν
206 912 603 982 ἐπανόρθωσιν,
648 910 755 963 τῶν
791 911 1133 981 ἁμαρτωλῶν
1170 911 1268 982 τὴν
1302 911 1515 978 ἄφεσιν,
1548 912 1657 963 τῶν

96 1003 368 1074 προφητῶν
402 1002 502 1073 τὴν
534 1000 858 1072 πρόρρησιν,
895 1000 1003 1052 τῶν
1042 1002 1356 1054 ἀποστόλων
1393 1003 1452 1055 τὸ
1493 1002 1657 1071 κήρυ-

96 1114 211 1165 γμα,
243 1093 346 1163 τῆς
376 1091 764 1163 κολυμϐήθρας
801 1091 900 1163 τὴν
930 1092 1309 1164 άναγέννησιν,
1342 1093 1435 1146 τοῦ
1477 1111 1656 1163 σπαρα-

92 1187 250 1238 δείσου
295 1184 397 1254 τὴν
448 1183 767 1253 είσοίκησιν,
810 1184 918 1236 τῶν
963 1184 1211 1255 οὐρανῶν
1246 1183 1343 1254 τὴν
1377 1184 1653 1247 ἐπάνοδον,

96 1270 524 1341 τὸνΔημιουργὸν
554 1269 933 1340 ἀνιστάμενον,
958 1271 1048 1323 τὸν
1071 1272 1170 1342 τὴν
1196 1272 1657 1349 ἀπρέπειανριπο-

92 1364 394 1433 δυσάμενον,
443 1362 536 1415 τὸν
585 1366 652 1434 τῇ
703 1361 857 1433 θεϊκῇ
899 1363 1269 1434 μεγαλουργίᾳ.
1313 1365 1374 1417 τὸ
1420 1364 1658 1435 φθαρτὸν

95 1458 157 1519 εἰς
184 1456 496 1527 ἀφθαρσίαν
533 1454 963 1525 μεταλλάξαντα.
1000 1456 1112 1508 Καὶ
1157 1457 1318 1511 ποίαν
1349 1458 1656 1528 ἀπρέπειαν

91 1546 341 1612 ἀπέθετο;
393 1548 498 1599 Ἦν
544 1547 770 1610 Ἡσαΐας
815 1545 960 1613 εἶπε,
1014 1547 1126 1602 Καὶ
1168 1547 1408 1618 εἴδομεν
1448 1547 1654 1614 αὑτὸν,

92 1644 258 1709 φησὶν,
314 1640 409 1692 καὶ
442 1639 554 1692 οὐκ
596 1634 764 1708 εἶχεν
802 1635 964 1704 εῖδος
1007 1639 1150 1693 οὐδὲ
1177 1639 1424 1705 κάλλος.
1472 1640 1657 1694 Ἀλλὰ

91 1728 145 1780 τό
166 1725 324 1793 εἶδος
351 1727 537 1780 αὑτοῦ
568 1725 799 1796 ἄτιμον,
819 1727 1103 1782 ἐκλεῖπον
1124 1730 1285 1797 παρὰ
1316 1730 1456 1796 τοὺς
1486 1730 1655 1795 υἱοὺς

89 1817 189 1869 τῶν
217 1818 567 1886 ἀνθρώπων.
609 1820 747 1872 Πότε
792 1814 861 1889 ἦν
903 1819 1133 1889 όιτιμος;
1168 1821 1298 1873 Ὅτε
1338 1824 1448 1883 τοῖς
1480 1821 1656 1893 ἀλιτη-

88 1912 206 1982 ρίοις
261 1911 541 1975 Ἰουδαίοις
587 1911 955 1981 προσωμίλειά
1006 1912 1099 1965 καὶ
1146 1914 1514 1984 Σαμαρείτης,
1564 1915 1657 1967 καὶ

86 2004 350 2074 δαιμόνιον
376 2002 518 2073 ἔχων
562 2003 809 2057 ἐκαλεῖτο
833 2022 847 2035 ·
889 2005 978 2058 ὅτε
1017 2003 1216 2067 Ἰούδας
1239 2006 1268 2057 6
1304 2005 1656 2076 Ἰσκαριώτης

88 2096 169 2145 καὶ
192 2093 261 2147 τὰ
294 2093 388 2146 τοῦ
421 2094 644 2155 σκότους
672 2094 1006 2165 γεννήματα,
1028 2094 1160 2164 πρὸς
1189 2094 1348 2164 φόνον
1394 2094 1654 2165 ἐκράτουν

86 2187 162 2236 τὸν
183 2183 492 2255 ἀχὼρητον.
520 2186 633 2238 υὺκ
658 2185 914 2249 ἀσκόπως
943 2186 1126 2252 ἔλεγεν
1159 2186 1340 2247 αὐτοῖς
1384 2186 1649 2257 Ἰωάννης·

89 2279 434 2346 Γεννήματα
466 2278 743 2348 ἐχιδνῶν,
790 2280 883 2345 τίς
924 2278 1239 2343 ὑπέδειξεν
1266 2278 1409 2348 ὑμῖν
1440 2279 1655 2349 φυγεῖν

83 2368 186 2421 ἀπὸ
224 2368 340 2435 τῆς
386 2371 741 2439 μελλούσης
782 2369 999 2440 δρτῆςς
1045 2372 1253 2433 Ὄντως
1296 2371 1404 2441 γὰρ
1437 2374 1470 2440 ἠ
1515 2371 1652 2442 ὀργὴ

85 2461 163 2513 τοῦ
208 2460 349 2514 Θεοῦ
398 2464 551 2531 μενεί
592 2462 678 2514 ἐπ’
721 2463 945 2525 αὐτούς.
987 2461 1124 2515 Πότε
1166 2456 1235 2531 ἦν
1258 2462 1486 2531 ἄτιμος;
1527 2462 1654 2513 Ὅτε

86 2556 135 2603 τὸ
172 2552 463 2621 βλάστημα
490 2552 592 2622 τῆς
638 2552 941 2615 ἐπιεικείας
973 2553 1223 2624 ῥάπισμα
1260 2552 1617 2622 διελάμϐανεν
1637 2594 1650 2617 ,

84 2645 166 2696 καὶ
198 2644 323 2713 μεθ’
364 2646 542 2715 ὅρκων
582 2644 809 2718 ἠρώτων
838 2645 947 2697 τῶν
986 2645 1167 2713 ὅρκων
1196 2645 1455 2716 δικαστὴν
1488 2645 1655 2715 ὑπάρ-

85 2753 251 2803 χοντα.
284 2736 423 2788 Πότε
460 2733 533 2806 ἦν
562 2734 787 2806 ἅτιμος;
839 2738 969 2789 Ὅτε
1006 2735 1284 2799 ἐδικάζετο
1319 2739 1348 2791 6
1374 2736 1651 2808 δικαστὴς,

86 2828 165 2877 καὶ
193 2828 443 2897 ἐκρίνετο
468 2828 496 2879 6
529 2826 719 2898 κριτὴς
743 2826 837 2879 τοῦ
866 2828 1071 2898 κόσμου
1092 2841 1106 2855 ⁸
1139 2831 1168 2881 ό
1197 2828 1416 2898 οἰκέτης
1442 2829 1650 2901 ἠρώτα,

82 2918 340 2986 δεσπότης
369 2918 598 2983 ἐσιώπα,
628 2921 722 2991 καὶ
765 2919 826 2972 τὸ
871 2918 984 2988 φῶς
1029 2918 1289 2989 ἡσύχαζε,
1339 2920 1435 2974 καὶ
1465 2921 1656 2984 σκότος

83 3011 309 3081 ἐγανρία
330 3028 344 3042 ·
377 3011 437 3062 τὸ
480 3009 704 3081 πλάσμα
747 3010 1091 3082 ἐθρασύνετο,
1121 3013 1217 3064 καὶ
1260 3014 1289 3065 6
1325 3012 1654 3082 δημιουργὸς

1760 553 1879 615 nis,
1914 560 1968 606 et
2014 549 2414 606 emendationis
2445 565 2565 621 quae
2589 557 2776 620 postea
2807 554 2993 604 secuta
3035 554 3153 601 est:
3197 544 3321 599 Erae

1759 643 2035 706 interitus,
2060 642 2292 712 virginis
2321 650 2496 703 ortus,
2528 642 2768 712 gentium
2801 638 3193 702 restitutionis,
3227 636 3323 690 de-

1758 736 2119 807 linquentium
2164 734 2557 798 absolutionis,
2592 732 2975 803 prephetarum
3007 728 3322 799 praedictio-

1758 830 1842 882 nis
1864 871 1882 893 ,
1921 831 2290 898 apostolorum
2320 824 2747 896 praedicationis,
2786 822 3009 894 piscinae
3043 835 3322 892 regenera-

1756 921 1944 987 tionis,
1974 922 2026 975 in
2056 920 2364 990 paradisum
2398 917 2813 973 introductionis
2842 958 2859 981 ,
2890 916 3096 969 reditus
3127 915 3178 966 in
3210 928 3323 966 (κων

1759 1012 1864 1073 los,
1900 1028 2080 1068 rerum
2116 1012 2339 1083 Opiﬁcis
2370 1011 2436 1065 ad
2465 1011 2629 1063 vitam
2661 1006 2960 1069 redeuntis,
2990 1019 3115 1058 eum
3166 1002 3320 1057 inde-

1757 1104 1987 1157 centiam
2047 1103 2324 1167 exuisset,
2387 1116 2452 1155 ac
2495 1099 2678 1153 divina
2732 1095 3132 1168 magniﬁcentia
3176 1095 3321 1164 quod

1755 1205 1875 1248 erat
1904 1194 2133 1249 mortale
2179 1203 2233 1248 et
2263 1199 2605 1262 corruptum,
2638 1191 2692 1244 in
2727 1187 3035 1244 immortale
3061 1194 3115 1241 et
3142 1186 3325 1240 ineor-

1756 1296 1975 1355 ruptum
2021 1289 2438 1338 commutasset.
2496 1279 2721 1347 Qualem
2775 1291 2906 1332 vero
2961 1274 3320 1330 indecentiam

1754 1375 2045 1445 deposuit?
2074 1389 2192 1428 eam
2226 1387 2391 1443 quam
2439 1370 2577 1426 dixit
2627 1369 2796 1424 lsaias
2830 1367 2917 1422 bis
2947 1365 3128 1421 verbis
3180 1379 3194 1415 :
3253 1361 3321 1415 Et

1756 1470 1978 1523 vidimus
2008 1467 2200 1535 ipsum,
2222 1473 2272 1519 et
2311 1480 2415 1517 non
2466 1473 2580 1517 erat
2618 1461 2833 1529 species,
2863 1475 2954 1513 nec
2984 1457 3161 1511 decor.
3218 1453 3322 1510 Sed

1755 1561 1919 1628 facies
1945 1558 2058 1627 ejus
2092 1566 2206 1612 erat
2245 1555 2511 1626 ignobilis,
2555 1554 2775 1622 inferior
2823 1552 2998 1622 forma
3051 1565 3159 1616 pro:
3193 1548 3321 1618 ﬁliis

1758 1651 2094 1704 hominum’.
2140 1648 2369 1715 Quando
2432 1645 2689 1717 ignobilis
2728 1643 2882 1699 erat?
2911 1641 3133 1713 quando
3194 1654 3319 1695 cum

1758 1740 2037 1795 sceleratis
2064 1736 2267 1792 Judaeis
2296 1735 2742 1799 conversabatur,
2772 1740 2828 1789 et
2866 1731 3241 1784 Samaritanus
3268 1735 3323 1782 et

1755 1832 2025 1886 diemonio
2084 1830 2389 1900 exagitatus
2434 1827 2739 1882 dicebatur.
2772 1821 3002 1890 Quando
3045 1820 3216 1876 Judas
3244 1818 3323 1874 ls-

1755 1924 1993 1977 cariotes
2025 1932 2076 1975 et
2107 1920 2452 1976 tenebrarum
2486 1916 2771 1988 progenies
2804 1914 3062 1969 tenebant
3111 1910 3179 1965 ad
3215 1925 3321 1965 ese-

1756 2014 1877 2069 dem
1908 2029 2054 2077 eum,
2087 2027 2249 2081 quem
2284 2010 2467 2063 nullus
2515 2008 2667 2062 locus
2719 2019 2914 2075 capere
2963 2010 3160 2073 potest.
3202 2000 3319 2055 Non

1756 2105 1855 2157 abs
1888 2119 1945 2157 re
1971 2103 2186 2157 dicebat
2219 2100 2352 2169 ipsis
2382 2098 2654 2163 Joannes,
2690 2094 2966 2149 Genimina
3002 2095 3319 2161 viperarum,

1753 2194 1870 2261 quis
1895 2191 2119 2246 ostendit
2150 2191 2291 2246 vobis
2313 2191 2489 2261 fugere
2510 2204 2544 2241 a
2571 2188 2753 2252 futura
2786 2187 2868 2239 ira
2888 2188 2927 2216 ³·
2950 2186 2973 2238 ‘l
3010 2183 3143 2239 Vere
3176 2184 3321 2238 enim

1756 2286 1836 2338 ira
1863 2284 1955 2340 Dei
1978 2285 2219 2340 manebit
2250 2298 2416 2353 super
2449 2282 2602 2351 ipsis.
2635 2270 2865 2346 Quando
2902 2278 3002 2332 fuit
3026 2273 3325 2348 ignobilis?

1756 2377 1891 2431 Tum
1926 2393 2051 2431 cum
2076 2377 2258 2431 nobile
2306 2390 2529 2446 germen
2573 2373 2847 2444 tequitatis
2889 2371 3041 2442 gravi
3095 2366 3324 2436 colapho

1755 2485 1954 2523 caesum
1980 2476 2065 2524 est
2094 2509 2108 2530 ,
2135 2477 2328 2521 etcum
2365 2482 2551 2520 verum
2597 2462 2960 2534 jurisjurandi
3013 2459 3321 2530 praesidem.

1756 2576 1879 2613 curn
1911 2566 2255 2615 sacramento
2280 2556 2575 2625 juramenti
2634 2556 3055 2623 interrogarent.
3089 2550 3323 2616 Quando

1757 2653 1878 2706 sine
1916 2651 2124 2705 honore
2159 2650 2293 2702 fuit?
2319 2648 2453 2702 Cum
2485 2648 2825 2716 judicaretur
2873 2644 3061 2714 judex,
3092 2650 3147 2697 et
3174 2641 3324 2695 arbi-

1756 2750 1841 2795 ter
1887 2741 2074 2795 mundi
2101 2741 2489 2804 damnaretur;
2530 2752 2652 2793 cum
2694 2751 2887 2791 Servus
2920 2734 3238 2805 inquireret,
3268 2740 3325 2788 et

1758 2834 1923 2888 herus
1951 2833 2343 2887 contieesceret
2370 2847 2386 2897 ;
2413 2845 2536 2882 cum
2572 2831 2661 2882 lux
2690 2828 3015 2897 quiesceret,
3052 2833 3107 2880 et
3148 2825 3325 2895 caligo

1757 2926 2092 2989 exsultaret;
2120 2938 2243 2977 (‘lllll
2300 2922 2612 2994 ﬁgmentum
2662 2919 2945 2973 audaciam
2978 2932 3090 2987 prae
3128 2931 3189 2971 se
3213 2916 3324 2972 fero

1762 3025 1863 3081 ret,
1894 3024 1950 3071 et
1982 3030 2165 3070 rerum
2198 3013 2375 3085 Opilex
2403 3020 2798 3082 perpeteretur.
2830 3008 3061 3076 Quando
3089 3007 3189 3062 fuit
3238 3008 3327 3061 in-

82 3102 384 3173 ἐκαρτέρει.
424 3102 559 3154 Πότε
585 3098 654 3174 ἦν
682 3103 905 3171 ἄτιμος;
943 3103 1070 3155 Ὅτε
1097 3104 1145 3155 oi
1182 3101 1371 3173 ταῦροι
1409 3104 1651 3174 ἐκεράτι-

1760 3110 1965 3178 glorius
1987 3113 2010 3163 2
2032 3110 2166 3165 Cum
2200 3109 2340 3161 tauri
2376 3105 2637 3162 cornibus
2672 3104 3016 3172 impeterent,
3052 3109 3109 3156 et
3131 3101 3326 3184 juven-

86 3192 199 3258 ζον,
235 3193 332 3245 καὶ
367 3195 396 3245 6
439 3193 637 3262 μόσχος
670 3193 999 3261 παρίστατοο
1039 3193 1127 3246 ὅτε
1165 3196 1193 3246 6
1235 3193 1369 3246 λέων
1405 3193 1653 3265 ώρυᾶτο,

85 3286 169 3337 καὶ
202 3285 251 3337 ol
285 3284 481 3355 ταῦροι
500 3283 880 3355 ἐγαυρύνοντο,
906 3282 1431 3357 καθὼςγέγραπται·
1457 3289 1655 3352 Περιε-

86 3376 407 3430 κύιιλωσάν
425 3393 501 3445 με
524 3378 749 3444 μόσχοι
790 3377 1028 3437 πολλοὶ,
1072 3376 1275 3443 ταῦροι
1314 3377 1518 3442 πίονες
1556 3392 1656 3428 πε-

75 3468 327 3537 ριέσχον
362 3485 459 3537 με.
503 3466 791 3532 Ἥνοιξίιν
831 3469 924 3520 ἐπ’
957 3467 1061 3537 ἐμὲ
1094 3468 1161 3521 τὸ
1200 3468 1393 3536 στόμα
1437 3466 1655 3531 αὐτῶν,

81 3562 153 3626 ὠς
187 3560 351 3614 λέων
377 3559 646 3627 ἁρπάζων
671 3560 767 3613 καὶ
795 3560 1150 3629 ὠρυόμενος.
1178 3560 1313 3613 Πότε
1336 3556 1405 3633 ἧν
1429 3563 1620 3631 ἄτιμος
1641 3579 1657 3621 ;

84 3654 204 3706 Ὅτε
234 3654 285 3706 οἱ
328 3651 489 3712 κύνες
526 3651 810 3713 ὑλάκτουν,
849 3653 941 3706 καὶ
986 3655 1014 3705 ὁ
1051 3652 1325 3724 Δεσπότης
1378 3654 1655 3724 ἠνείχετο*

79 3746 161 3796 ὅτε
192 3746 245 3795 οἱ
292 3742 448 3796 λύκοι
480 3742 748 3813 ἥρπαζον,
782 3744 875 3795 καὶ
909 3741 970 3794 τὺ
1018 3742 1287 3812 πρόϐατον
1319 3745 1619 3815 παρίστατο
1639 3764 1655 3778 ο

81 3837 161 3886 ὅτε
185 3834 396 3905 λῃστὴς
426 3836 504 3896 εὶς
530 3832 674 3904 ζωὴν
700 3833 975 3897 ἐκαλεῖτο,
1018 3837 1050 3903 ἡ
1100 3835 1156 3887 δὲ
1190 3834 1302 3907 ζωὴ
1329 3836 1424 3889 τοῦ
1455 3838 1658 3908 κόσμου

80 3928 151 3988 εὶς
183 3926 421 3979 Θάνατον
455 3924 661 3977 εἵλκετο
681 3940 696 3954 θ
744 3924 831 3976 ὅτε
863 3925 1030 3977 ἐϐόων
1060 3926 1272 3995 ἐκείνην
1299 3927 1396 3998 τὴν
1428 3930 1659 3984 ἄτακτον

82 4019 168 4068 καὶ
232 4014 481 4085 ὀλέθριον
514 4015 717 4085 φωνὴν,
746 4011 950 4083 'Apor,
987 4010 1154 4084 ἆρον,
1182 4019 1535 4085 σταύρωσον
1557 4024 1662 4075 αὐ-

81 4109 199 4158 τόν.
243 4106 317 4160 Τό
373 4100 515 4174 αἷμα
554 4105 739 4159 αὑτοῦ
768 4106 859 4174 ἐφ’
895 4106 1053 4174 ἡμᾶς
1095 4109 1190 4161 καὶ
1231 4109 1329 4163 ἐπὶ
1364 4114 1436 4164 τὰ
1481 4111 1661 4167 τέκνα

82 4196 267 4264 ἡμῶν.
309 4197 374 4249 Οἱ
403 4195 777 4267 Κυριοκτόνοι,
822 4197 871 4248 οἱ
906 4199 1350 4267 προφητοκτόνοι,
1383 4203 1431 4255 οἱ
1462 4201 1658 4273 θεομά-

79 4305 191 4357 χοι,
233 4289 285 4339 οἱ
322 4285 587 4356 μισόθεοι,
632 4288 680 4338 oi
711 4286 804 4339 τοῦ
846 4288 1009 4357 νόμου
1044 4289 1313 4359 ὑϐρισταὶ,
1358 4294 1408 4345 οἱ
1441 4294 1539 4364 τῆς
1572 4296 1662 4365 χά.-

81 4398 223 4449 ριτος
255 4379 530 4449 πολέμιοι,
557 4380 607 4432 οἱ
637 4379 902 4450 ἀλλότριοι
932 4382 1031 4450 τῆς
1069 4382 1302 4446 πίστεως
1340 4386 1446 4438 τῶν
1492 4389 1659 4442 πατιε⁸

1757 3216 1857 3253 eus
1886 3216 1945 3256 se
1976 3200 2356 3263 submitteret;
2387 3211 2513 3251 cum
2532 3196 2738 3265 rugiret
2766 3193 2870 3259 leo,
2893 3200 2949 3247 et
2982 3191 3326 3262 superbireut

1759 3292 1901 3345 tauri
1936 3307 1949 3342 :
1985 3293 2126 3345 sicut
2160 3290 2428 3360 scriptum
2461 3297 2545 3343 est
2577 3305 2590 3339 :
2618 3282 3087 3340 Circumdederunt
3129 3298 3209 3335 me
3248 3282 3327 3336 vi-

1760 3385 1857 3436 tuli
1896 3384 2068 3445 multi,
2128 3382 2269 3435 tauri
2313 3382 2529 3450 pingues
2586 3376 2894 3431 obsederunt
2938 3391 3039 3428 me.
3093 3377 3327 3444 Aperue-

1759 3485 1880 3529 runt
1909 3492 2065 3545 super
2095 3490 2175 3528 me
2211 3491 2266 3527 os
2287 3488 2458 3535 suum,
2483 3472 2619 3525 sicut
2647 3470 2725 3524 leo
2751 3469 2959 3536 rapiens
2992 3477 3043 3521 et
3061 3467 3269 3535 rugiens
3282 3465 3325 3517 ⁸.

1758 3564 1989 3629 Quando
2026 3563 2126 3618 fuit
2157 3561 2555 3617 inhonoratus?
2591 3559 2727 3614 Cum
2755 3573 2919 3612 canes
2950 3556 3211 3610 latrarent
3235 3575 3252 3620 ,
3274 3562 3330 3608 et

1761 3656 2022 3711 Dominus
2050 3655 2319 3725 patienter
2359 3652 2561 3716 ferret;
2605 3667 2729 3706 cum
2768 3650 2875 3719 lupi
2921 3648 3239 3718 diriperent,
3276 3654 3331 3700 et

1760 3746 1879 3804 ovis
1918 3748 2281 3812 consisteret;
2341 3761 2467 3799 cum
2516 3745 2661 3807 latro
2713 3749 3000 3796 vocaretur
3029 3739 3097 3793 ad
3126 3739 3327 3803 vitam,

1760 3852 1814 3894 at
1842 3842 1951 3897 vita
1988 3839 2173 3894 mundi
2204 3838 2513 3893 traheretur
2543 3836 2608 3889 ad
2647 3843 2919 3897 mortem;
2965 3847 3090 3887 cum
3141 3831 3330 3885 incon-

1760 3936 1924 3989 cinna
1949 3940 2004 3989 et
2025 3931 2257 3988 exitiosa
2288 3945 2421 3983 voce
2445 3929 2779 3983 clamarent:
2816 3924 2965 3979 Tolle
2990 3965 3005 3987 ,
3030 3923 3176 3983 tolle.
3203 3938 3330 3974 cru-

1760 4027 1914 4096 ciﬁge
1991 4024 2166 4079 eum“.
2216 4022 2446 4091 Sanguis
2480 4018 2647 4088 ipsius
2675 4033 2826 4084 super
2860 4033 2953 4070 nos
3002 4025 3050 4068 et
3080 4030 3235 4083 super
3267 4014 3329 4073 li-

1762 4116 1862 4168 lios
1909 4127 2114 4166 nostros
2136 4113 2178 4167 ⁶.
2216 4111 2431 4163 Domini
2472 4122 2727 4171 czesores,
2768 4107 3153 4175 prophetarum
3184 4104 3330 4157 occi-

1764 4224 1951 4273 sores,
1979 4206 2071 4259 Dei
2117 4205 2335 4259 hostes:
2372 4202 2463 4256 Dei
2499 4216 2711 4262 osores,
2767 4202 2819 4253 in
2882 4199 3052 4267 legent
3106 4195 3326 4265 injurii,

1762 4300 1947 4368 gratia:
1976 4298 2272 4353 adversarii
2306 4338 2322 4362 ,
2356 4295 2516 4350 alieni
2552 4311 2581 4347 a
2614 4295 2718 4350 [ide
2750 4299 3031 4362 parentum
3058 4332 3073 4352 ,
3116 4289 3327 4359 patroni

1762 4390 1987 4453 diaboli,
2022 4388 2308 4459 progenies
2340 4386 2648 4456 viperarum
2668 4426 2684 4451 ,
2711 4397 3062 4448 susurrones,
3092 4381 3331 4435 blatero-

81 4490 216 4541 ρων,
251 4474 305 4524 οἱ
340 4472 627 4541 συνήγοροι
664 4469 758 4522 τοῦ
787 4469 1031 4523 διαϐόλου
1051 4511 1066 4536 ,
1104 4471 1172 4524 τὰ
1213 4475 1523 4545 γεννήματα
1548 4478 1656 4531 τῶν

1765 4498 1861 4537 nes
1898 4524 1914 4548 ,
1941 4489 2121 4536 mente
2156 4480 2400 4534 involuta
2444 4478 2709 4539 tenebris,
2755 4476 3077 4530 fermentum
3134 4471 3329 4528 Phari-

81 4564 330 4633 ἐχιδνῶν,
351 4565 399 4615 οί
422 4562 761 4632 ψιθυρισταὶ,
788 4564 837 4614 οἱ
866 4562 1178 4628 κατάλαλοι,
1211 4565 1257 4616 οἱ
1284 4566 1656 4638 ἐσκοτισμένοι

78 4660 135 4724 τῇ
170 4654 412 4723 διανοίᾳ,
461 4655 493 4724 ἡ
547 4651 692 4723 ζύμη
742 4654 851 4705 τῶν
893 4655 1236 4725 Φαρισαίων,
1283 4656 1344 4709 τὸ
1392 4659 1659 4732 συνέδριον

77 4748 177 4795 τῶν
204 4746 508 4814 δαιμόνων,
554 4745 603 4796 οἱ
632 4744 948 4815 ἀλάστορες,
982 4746 1032 4797 οἰ
1064 4747 1397 4815 πάμφαυλοι,
1424 4751 1473 4802 οἱ
1511 4751 1656 4805 λιθαο

76 4841 217 4899 atat,
266 4840 321 4889 οἱ
372 4836 675 4907 μισόκαλοι.
734 4837 971 4897 Εἰκότως
1002 4836 1110 4906 γὰρ
1150 4837 1399 4907 ἔκραζον·
1449 4837 1657 4909 Ἀρον,

74 4924 241 4995 ἆρον,
304 4929 664 4995 σταύρωσον
710 4929 915 4981 αὐτόν.
970 4928 1185 4999 Ἑϐάρει
1232 4930 1341 5001 γάρ
1383 4933 1578 4998 αὐτοὺς
1623 4938 1656 5006 ἡ

77 5022 349 5092 ἐπιδημία
399 5022 498 5091 τῆς
545 5019 795 5091 θεότητος
856 5020 992 5090 μετὰ
1049 5021 1281 5091 σαρκὸς,
1328 5024 1423 5076 καὶ
1472 5025 1659 5079 ἐλύπει

76 5115 177 5164 τῶν
209 5114 459 5181 ἐλέγχων
485 5114 514 5164 6
540 5113 739 5183 τρόπος
760 5129 773 5143 ·
808 5112 926 5175 ἔθος
970 5112 1076 5184 γὰρ
1107 5115 1446 5185 ἁμαρτωλοῖς
1483 5121 1660 5188 μισεῖν

73 5206 165 5274 τὴν
196 5205 316 5257 τῶν
347 5202 570 5255 δικαίων
600 5203 906 5271 συντυχίαν.

144 5297 291 5348 Πότε
340 5290 411 5365 ἦν
452 5295 673 5365 ἄτιμος;
729 5294 856 5346 Ὅτε
900 5294 1060 5347 αὐτὸν
1102 5296 1539 5368 ἐφραγὲλλωσαν,
1570 5302 1664 5353 καὶ

73 5384 127 5434 τὸ
160 5383 336 5452 σῶμα
365 5380 530 5434 αὐτοῦ
562 5384 620 5435 τὸ
657 5384 810 5450 ἆγιον
854 5383 1190 5450 ἐϐασάνιζον,
1231 5389 1462 5459 φέροντα
1510 5390 1667 5443 ἐκου-

73 5475 198 5537 cito;
232 5474 436 5537 πάθος,
477 5474 561 5527 ἴνα
587 5475 719 5537 τοὺς
735 5475 995 5537 παλαιοὺς
1026 5476 1299 5544 μώλωπας
1317 5479 1425 5531 τῶν
1468 5482 1667 5550 ἡμετέ-

72 5584 179 5639 ρων
234 5566 659 5637 ἁμαρτημάτων
705 5567 1055 5640 θεραπεύσῃ·
1104 5571 1192 5621 δτε
1247 5571 1307 5622 τὸ
1360 5569 1513 5634 ξύλον
1568 5571 1663 5625 κοῦ

138 5746 159 5776 ³
190 5744 309 5799 lsa.
337 5759 457 5808 Ltll,
484 5745 537 5807 εὶ,
578 5745 627 5797 3.
664 5744 706 5775 ³⁹
735 5743 867 5797 Luc.
895 5761 973 5809 ιιι,
1004 5760 1100 5798 vit.

1763 4590 2017 4637 sucorum,
2044 4580 2337 4627 censessus
2375 4571 2698 4641 daemonum.
2734 4567 3072 4631 Facinorosi,
3103 4567 3333 4620 deterri—

1762 4667 1860 4727 mi,
1896 4664 2244 4734 lapidalores,
2289 4662 2587 4716 honestatis
2636 4674 2844 4715 osores.
2879 4659 3092 4712 Atenim
3140 4658 3331 4710 merito

1762 4758 2073 4812 clamabant
2102 4772 2113 4807 :
2139 4756 2283 4809 Tolle
2315 4793 2327 4813 .
2362 4754 2503 4814 tolle.
2529 4754 2772 4821 cruciﬁge
2795 4768 2932 4806 eum.
2971 4750 3162 4803 Gravis
3186 4750 3329 4801 erum

1766 4852 1894 4920 ipsis
1918 4860 2033 4905 erat
2060 4849 2360 4904 divinitatis
2391 4864 2512 4919 cum
2545 4862 2711 4901 carne
2740 4847 3084 4902 conversatio
3106 4862 3119 4907 ;
3138 4854 3189 4898 et
3209 4860 3311 4894 ron

1768 4942 2000 4996 suetudo
2036 4938 2490 5011 reprehendendi,
2518 4936 2717 4993 infesta
2756 4947 2910 4991 erat:
2947 4952 3070 4990 nam
3107 4937 3159 4989 in
3185 4951 3334 4988 mor-

1768 5043 1820 5089 te
1860 5034 2097 5103 positum
2130 5040 2215 5086 est
2245 5030 2644 5100 peccatoribus,
2694 5029 2873 5085 odisse
2896 5030 3169 5099 justoruni
3220 5040 3332 5079 οω-

1767 5132 1881 5177 tum
1908 5135 1961 5177 et
1997 5136 2334 5177 successum.

1833 5296 2063 5362 Quando
2097 5294 2197 5347 fuit
2231 5292 2527 5363 ignobilis?
2554 5292 2690 5348 Cum
2724 5291 2902 5363 ipsum
2934 5289 3118 5360 ﬂagris
3182 5287 3328 5341 inse-

1767 5390 1897 5444 ctati
1927 5396 2076 5453 sunt,
2107 5396 2160 5442 et
2201 5395 2449 5442 sanetum
2502 5388 2624 5455 ejus
2672 5400 2871 5456 corpus
2896 5390 3198 5447 torserunt,
3239 5385 3335 5451 qui

1766 5482 2012 5534 lubenter
2072 5479 2375 5534 cruciatum
2422 5479 2763 5549 perferebat,
2798 5488 2860 5531 ut
2894 5478 3147 5549 antiquos
3200 5477 3337 5529 vibi-

1765 5587 1855 5625 ces
1902 5578 2210 5625 nostrorum
2275 5570 2440 5624 animi
2482 5571 2767 5624 vulnerum
2813 5576 3069 5622 sanaret-
3113 5568 3334 5638 quando

1180 5746 1199 5775 ’⁸
1234 5743 1378 5799 Psal.
1415 5762 1523 5809 χιι,
1560 5747 1768 5812 l2,-15.
1848 5752 1867 5781 ⁸
1897 5749 2029 5806 Luc.
2066 5767 2221 5815 “tu,
2260 5752 2341 5805 l9.
2420 5752 2440 5782 ‘
2469 5750 2658 5804 Matth.
2696 5750 2976 5810 xxvuﬂfi.
