3842 6420
495 323 598 381 687

1761 317 1822 373 s.
1857 309 2180 374 cnseonu
2213 286 2506 373 iussam

3645 315 3743 371 683

487 439 696 510 lignum
731 433 912 490 crucis
949 449 1114 503 super
1160 434 1404 490 humeris
1444 433 1714 506 gestabat,
1771 441 1828 488 ut
1873 441 2068 504 tropae-

2175 433 2410 505 σταυροῦ
2441 434 2532 488 ἐπὶ¹
2575 415 2684 487 τῶν
2731 433 2896 504 ὤμων
2941 431 3206 488 ἐϐάστασε
3239 431 3300 486 τδ
3330 432 3470 486 κατά
3501 431 3596 486 τοῦ
3637 437 3744 488 δια-

495 545 583 585 um
652 527 914 582 adversus
947 525 1262 590 diabolum;
1315 541 1440 580 cum
1488 540 1754 582 coronam
1806 539 1839 580 e
1891 524 2068 595 spinis

494 622 868 690 imposuerunt
917 617 991 681 ei,
1035 615 1130 687 qui
1187 631 1392 671 corona
1431 615 1600 672 donat
1642 631 1738 672 eos
1773 614 1869 686 qui
1899 613 2071 670 conti-

491 707 630 764 tl'unt
675 709 728 763 in
790 707 946 778 ipso;
992 707 1215 778 quando
1265 723 1509 780 purpura
1554 709 1852 766 induerunt
1900 721 2068 772 eum,

491 799 1079 873 qui'immortalitatem
1103 799 1334 870 largitur
1388 799 1458 855 iis
1483 841 1498 866 ,
1527 799 1624 868 qui
1677 805 2072 868 regenerantur

489 908 554 947 ex
580 905 722 962 aqua
751 899 806 946 et
833 889 1042 960 Spiritu
1071 900 1264 946 sancto
1288 891 1344 957 ";
1383 890 1603 960 quando
1645 887 1967 944 sufﬁxerunt
2005 889 2070 944 li-

489 997 598 1053 gno
627 983 752 1044 vitae
781 983 1043 1050 necisque
1077 979 1369 1036 Dominum
1385 981 1428 1036 ⁸.
1459 979 1693 1047 Quando
1729 979 1835 1034 fuit
1883 980 2068 1050 inglo-

492 1071 651 1129 rius?
699 1073 836 1127 Cum
885 1071 1108 1137 milites,
1154 1072 1394 1127 caelestis
1445 1070 1722 1127 exercitus
1775 1071 2072 1140 imperato-

493 1177 607 1220 rem
637 1163 928 1218 illudentes
954 1163 1379 1232 triumpharent.
1408 1162 1639 1230 Quando
1687 1163 1790 1218 fuit
1837 1163 2071 1234 ignomi—

493 1253 728 1311 niosus?
772 1255 909 1310 Cum
967 1253 1227 1324 adjuncta
1281 1253 1540 1310 arundini
1587 1255 1839 1326 spongia,
1897 1269 2072 1325 eaque

493 1359 648 1402 aceto
679 1345 986 1402 madefacta
1017 1356 1206 1417 potum
1229 1345 1281 1402 ei
1310 1345 1600 1411 dederunt,
1630 1356 1684 1402 et
1737 1345 1807 1402 fel
1857 1347 2072 1402 obtule-

491 1447 621 1493 runt
649 1439 700 1494 ei
729 1439 822 1508 qui
847 1451 1048 1492 manna
1091 1437 1308 1492 abunde
1337 1437 1472 1507 ipsis
1507 1437 1819 1506 infuderat;
1850 1437 2070 1509 quando

493 1537 658 1600 petra:
690 1529 924 1600 dirupta:
953 1535 1115 1594 sunt,
1148 1536 1201 1584 et
1243 1530 1424 1584 velum
1469 1531 1653 1600 templi
1688 1532 1928 1586 scissum
1960 1537 2066 1598 est,

491 1621 648 1692 quasi
695 1619 1090 1691 ﬂagitiosorum
1142 1619 1427 1674 audaciam
1484 1627 1808 1690 stuperent;
1847 1621 2067 1691 quando

493 1713 631 1767 luxit
657 1711 758 1774 sol,
790 1720 844 1766 et
873 1710 1158 1780 caliginem
1185 1720 1445 1780 tanquam
1481 1724 1704 1766 saccum
1729 1711 1930 1776 induit,
1960 1709 2061 1768 Ju-

2171 523 2326 578 6όλου
2355 525 2614 595 τρόπαιον
2631 539 2644 552 ·
2687 523 2776 576 ὅτε
2809 523 3068 592 στέφανον
3096 523 3153 590 ἐξ
3179 523 3429 578 ἀκανθῶν
3459 523 3744 593 περιέϐαλ-

2170 615 2260 672 λον
2287 615 2365 686 τῷ
2393 614 2740 685 στεφανοῦντι
2765 614 2894 678 τοὺς
2927 615 3256 678 πεποιθότας
3297 615 3383 667 ἐπ’
3421 615 3582 669 αὐτόν
3605 633 3622 648 ’
3663 616 3742 670 ὅτε

2173 707 2458 779 πορφύραν
2490 706 2746 760 ἐνέδυσαν
2775 705 2866 759 τὸν
2893 705 3200 776 ἀφθαρσίαν
3233 707 3346 770 τοῖς
3372 707 3742 777 ἀναγεννωμέ-

2171 810 2281 857 νοις
2314 793 2378 847 δι’
2425 791 2613 856 ὕδατος
2656 794 2751 847 καὶ
2792 793 3108 864 Πνεύματος
3151 793 3308 862 ἀγίου
3357 794 3740 866 χαριζόμενον

2171 885 2258 940 ὅτε
2283 884 2640 956 προσήλωσαν
2667 883 2744 956 τῷ
2774 883 2914 955 ξύλῳ
2943 885 3034 938 τὸν
3077 883 3220 956 ζωῆς
3247 885 3341 939 καὶ
3385 885 3476 939 τοῦ
3515 885 3742 940 θανάτου

2172 978 2374 1048 Κύριον
2411 978 2743 1048 ὐπάρχοντα.
2793 976 2932 1030 Πότε
2975 972 3044 1048 ἦν
3080 976 3307 1048 ἄτιμος;
3347 978 3476 1032 Ὅτε
3521 978 3744 1051 ἐθριάμ-

2171 1069 2327 1123 ϐευον
2373 1069 2732 1140 ἐμπαίζοντες
2773 1070 2821 1122 οἱ
2869 1069 3198 1139 στρατιῶται
3239 1071 3330 1124 τὸν
3360 1071 3458 1142 τῆς
3491 1075 3746 1144 στρατιᾶς

2169 1159 2278 1213 τῶν
2314 1158 2558 1231 οὐρανῶν
2590 1159 2875 1230 δεσπότην.
2927 1159 3066 1213 Πότε
3110 1155 3180 1232 ἦν
3223 1161 3448 1231 ἆτιμοςς
3481 1161 3612 1216 Ὅτε
3653 1181 3746 1216 κα-

2168 1251 2328 1322 λάμῳ
2365 1250 2682 1322 περιθέντες
2713 1251 2970 1320 σπόγγον,
3003 1251 3379 1323 ἐμπλήσαντες
3419 1251 3576 1320 ὄξους
3621 1255 3744 1307 ἐπό-

2143 1343 2314 1407 ’τιζον
2343 1343 2525 1408 αὐτὸν,
2557 1343 2652 1396 καὶ
2689 1342 2850 1414 χολὴν
2880 1341 3082 1397 ἐδίδουν
3123 1344 3214 1398 τὸν
3258 1343 3319 1397 τὺ
3353 1345 3530 1414 μάννα
3569 1345 3746 1408 αὐτοῖς

2167 1433 2621 1505 ἐπομόρήσανταο
2671 1434 2760 1488 ὅτε
2805 1433 2862 1487 αἱ
2913 1433 3109 1504 πέτραι
3150 1435 3504 1507 ἐρρήγνυντο,
3549 1433 3646 1488 καὶ
3691 1435 3746 1488 τὸ

2167 1525 2566 1594 καταπέτασμα
2596 1523 2690 1576 τοῦ
2719 1523 2848 1578 ναοῦ
2879 1525 3124 1597 ἐσχίζετο
3150 1564 3166 1589 ,
3195 1525 3304 1578 τῶν
3331 1525 3626 1598 ἀλιτηρίων
3653 1525 3748 1595 τὴν

2166 1615 2368 1686 τόλμαν
2411 1614 2856 1685 ἐκπληττόμεναο
2901 1616 2994 1670 ὅτε
3035 1617 3065 1668 6
3097 1615 3248 1686 ἥλιος
3294 1615 3508 1668 ἐπένθει
3563 1616 3660 1668 καὶ
3693 1615 3747 1669 τὸ

2171 1704 2360 1767 σκότος
2381 1703 2456 1768 ὡς
2483 1704 2684 1772 σάκκον
2705 1703 2966 1770 ἐνεδύετο,
2990 1706 3202 1760 πενθῶν
3219 1707 3316 1777 τὴν
3343 1707 3450 1759 τῶν
3483 1707 3748 1761 Ἰουδαίωθ

492 1805 734 1859 όιεοιιιιιι
767 1802 984 1857 ruinam
1019 1799 1343 1871 deplorans:
1376 1801 1494 1857 dies
1520 1802 1663 1856 enim
1705 1803 1822 1873 ipse
1853 1803 2066 1858 lamen-

2170 1795 2505 1849 ἀπόπτωσιν.
2578 1795 2828 1867 Ἑθρήνει
2873 1796 2983 1868 γὰρ
3019 1797 3053 1868 ἡ
3103 1774 3286 1869 ἡμέρα
3325 1797 3426 1862 τὰς
3483 1797 3747 1852 Ἰουδαίων

493 1895 712 1950 tabatur
736 1893 1049 1950 Judaaorum
1071 1907 1376 1960 mrumnas;
1417 1909 1542 1948 cum
1579 1895 1634 1948 in
1674 1895 1856 1950 medio
1889 1895 2059 1950 latro-

491 2001 622 2041 num
659 1987 771 2041 vita
803 1983 1060 2056 penderet
1096 2001 1110 2038 :
1146 1983 1316 2038 altero
1343 1985 1562 2055 quidem
1596 1987 1940 2042 conviciante
1961 2028 1976 2052 ,
2011 1993 2066 2042 et

386 2105 392 2114 ο
490 2077 843 2146 obloquente,
895 2077 1067 2132 altero
1095 2073 1228 2132 Vero
1249 2075 1570 2146 paenitentia
1603 2077 1916 2146 paradisum
1968 2077 2066 2132 de-

491 2168 790 2240 praedanta.
855 2167 1084 2233 Quando
1113 2164 1216 2220 fuit
1259 2165 1570 2236 inglorius?
1605 2165 1836 2231 Quando
1867 2181 2068 2236 corpus

490 2259 614 2330 ejus
655 2257 953 2329 sepulturae
994 2255 1256 2311 traditum
1283 2265 1386 2312 est.
1437 2255 1666 2321 Quando
1714 2251 2068 2326 fuit'ignobi-

493 2353 564 2406 lis
587 2351 612 2406 ?
638 2349 774 2406 Cum
805 2349 1006 2403 milites
1037 2349 1215 2418 ipsum
1259 2347 1660 2411 custodierunt,
1693 2355 1744 2402 et
1772 2358 1913 2402 terra
1940 2363 2065 2403 eum

493 2439 802 2505 abscondit,
839 2439 932 2510 qui
965 2452 1133 2508 super
1173 2437 1333 2507 aquis
1361 2445 1566 2492 terram
1600 2436 1926 2492 fundaverat
1959 2455 1974 2493 :
2012 2449 2067 2493 et

492 2546 617 2587 cum
649 2531 881 2601 apostoli
909 2529 1250 2583 occultarent
1271 2543 1349 2590 se,
1382 2536 1436 2582 et
1465 2527 1825 2583 tentationum
1858 2531 2068 2600 magni-

493 2621 735 2678 tudinem.
779 2620 922 2676 ferre
957 2633 1064 2674 non
1095 2625 1336 2694 possent.
1375 2617 1479 2674 Sed
1519 2618 1640 2674 vide
1665 2662 1680 2686 ,
1707 2619 2028 2674 cliarissime
2050 2663 2065 2687 ,

491 2713 587 2769 Dei
621 2711 907 2778 miracula,
941 2717 996 2766 ct
1043 2715 1167 2779 post
1205 2709 1517 2779 passionem
1552 2750 1567 2774 ,
1609 2709 1807 2764 laetitia:
1845 2723 2068 2765 succes-

493 2820 590 2860 sus
643 2802 1056 2874 profectusque.
1115 2798 1375 2871 lgnobilis
1451 2800 1507 2855 in
1577 2801 1848 2856 claritatis
1899 2801 2068 2857 decus

491 2905 734 2952 mutatus
763 2901 872 2960 "est,
905 2903 961 2950 et
987 2893 1180 2948 mundi
1225 2891 1486 2962 gaudium
1523 2891 1833 2948 immortale
1861 2894 2066 2946 excita-

492 3002 606 3045 tum
636 2997 724 3046 est
752 3005 878 3044 cum
913 3001 1166 3058 corpore.
1203 2985 1358 3040 Tunc
1385 2985 1644 3055 parturiit
1673 2993 1842 3048 terra,
1867 2991 1921 3039 et
1947 2983 2067 3040 dies

491 3081 765 3152 concepit,
787 3089 841 3135 et
862 3093 1013 3134 mors
1038 3077 1266 3148 regessit
1293 3076 1537 3130 omnium
1567 3076 1753 3130 vitam.
1782 3074 1900 3129 Non
1922 3076 2064 3129 enim

494 3172 608 3226 fieri
639 3177 858 3241 poterat
905 3177 968 3223 ut
1004 3167 1053 3223 is
1097 3183 1126 3220 a
1163 3173 1336 3221 morte
1382 3165 1736 3228 detineretur,
1772 3165 1866 3236 qui
1905 3167 2069 3220 verbo

493 3270 642 3316 tenet
707 3259 912 3314 omnia.
989 3258 1342 3313 Cclebremus
1381 3256 1548 3326 igitur
1611 3258 2066 3312 resurrectionem

495 3353 661 3408 tertio
703 3353 792 3406 die
821 3349 1021 3405 factam
1053 3388 1070 3414 ,
1122 3357 1340 3403 aeterna:
1369 3349 1494 3402 vita:
1519 3345 1966 3403 cenciliatricem.
1999 3346 2068 3400 Ut

493 3447 636 3499 enim
669 3442 837 3496 Maria
869 3441 961 3496 Dei
992 3455 1213 3512 parens,
1254 3439 1609 3510 virginalibus
1641 3447 1804 3509 atque
1827 3439 2068 3508 innuptis

493 3535 761 3606 partubus
815 3547 922 3587 non
979 3530 1197 3592 solutis,
1223 3529 1318 3584 Dei
1342 3529 1619 3584 voluntate
1657 3538 1709 3583 ει
1733 3531 1910 3584 sancti
1941 3528 2067 3599 Spi-

502 3629 642 3683 ritus
681 3607 872 3697 igratia
943 3624 1130 3695 genuit
1167 3624 1489 3678 sateulOrum
1555 3621 1803 3692 opificem
1829 3663 1844 3685 ,
1869 3637 1935 3678 ex
1961 3621 2068 3678 Deo

504 3721 673 3776 Deum
715 3719 952 3775 Verbum
987 3733 1000 3769 :
1033 3717 1112 3772 sic
1162 3716 1324 3770 etiam
1357 3725 1496 3770 terra
1527 3731 1590 3771 ex
1624 3715 1860 3785 propriis
1908 3731 2070 3785 pcne-

494 3811 750 3876 tralibus,
785 3809 898 3864 fetu
935 3809 1127 3863 mortis
1150 3805 1320 3871 edito,
1351 3806 1538 3860 herum
1574 3805 1882 3861 Iudaeorum
1913 3807 2069 3876 jussa

491 3910 576 3957 est
600 3915 873 3958 exserere.
915 3897 1128 3955 Etenim
1161 3898 1408 3954 detinere
1447 3911 1556 3951 non
1588 3905 1799 3967 poterat
1828 3911 2026 3966 corpus
2051 3937 2066 3960 ,

491 3993 636 4063 quod
662 3992 1090 4048 immortalitatis
1129 3991 1442 4048 vehiculum
1467 3991 1771 4045 exstiterat.
1798 3989 2068 4054 Quocirca

491 4101 616 4141 cum
668 4085 931 4158 propheta
989 4083 1164 4139 David
1193 4083 1438 4138 decentis
1491 4090 1668 4138 status
1719 4083 2068 4136 constitutio-

493 4193 639 4241 nem,
677 4177 870 4231 mortis
899 4175 1252 4237 solutionem,
1287 4183 1342 4230 et
1367 4173 1642 4243 quondam
1690 4189 1970 4228 servorum
2001 4175 2066 4227 li-

493 4272 753 4326 bertatcm
779 4268 1176 4329 consideraret,
1206 4267 1474 4322 exclamat
1527 4275 1582 4321 et
1628 4268 1898 4332 enuntiat,
1959 4267 2068 4321 D0—

491 4361 666 4413 minus
696 4359 926 4427 regnavit
953 4397 968 4418 .
1004 4356 1243 4411 decorem
1273 4357 1493 4410 indutus
1521 4367 1600 4411 est
1623 4358 1666 4412 ’.
1707 4359 1934 4424 Qualem
1974 4375 2066 4414 ce-

2170 1887 2488 1957 συμφοράς,
2533 1887 2625 1940 ὅτε
2659 1889 2718 1940 ἐν
2766 1887 2914 1959 μέσῳ
2950 1888 3162 1959 λῃστῶν
3205 1891 3239 1959 ἡ
3274 1888 3385 1960 ζωὴ
3435 1889 3744 1960 ἐκρέματοο

2167 1977 2262 2031 τοῦ
2312 1979 2411 2046 μὲν
2439 1978 2786 2042 ὀνειδίζοντος
2828 1979 2923 2032 καὶ
2970 1979 3397 2044 καταλαλοῦντος
3417 2023 3432 2048 ,
3476 1979 3570 2034 τοῦ
3601 1983 3658 2035 δὲ
3687 1985 3746 2054 τῇ

2173 2071 2434 2142 μετανοίᾳ
2471 2069 2822 2142 ληστεύοντος
2853 2071 2946 2126 τὸν
2991 2071 3335 2143 παράδεισον.
3363 2073 3500 2128 Πότε
3529 2067 3599 2146 ἦν
3644 2075 3750 2128 ἀτι-

2172 2177 2301 2232 μος;
2333 2161 2462 2214 Ὅτε
2486 2160 2548 2213 τὸ
2573 2160 2728 2231 σῶμα
2768 2161 2904 2232 πρὸς
2942 2162 3119 2233 ταφὴν
3141 2161 3357 2217 ἐδίδοτο.
3387 2163 3526 2216 Πότε
3541 2159 3613 2235 ἧν
3639 2163 3752 2217 ἀτι-

2173 2270 2304 2324 μος;
2333 2253 2462 2306 Ὅτε
2493 2252 2821 2324 στρατιῶται
2852 2252 3168 2323 ἐφύλαττον,
3200 2254 3293 2307 καὶ
3319 2255 3354 2325 ἡ
3381 2255 3455 2326 γῆ
3483 2255 3753 2327 κατέκρυ-

2169 2362 2300 2399 πτεν
2321 2344 2414 2398 τὸν
2453 2343 2552 2415 τὴν
2577 2344 2680 2416 γῆν
2721 2345 2813 2398 ἐπὶ
2837 2345 2945 2398 τῶν
2975 2345 3182 2400 ὑδάτων
3214 2345 3520 2418 ἐδράσαντα
3539 2364 3552 2377 ·
3583 2347 3676 2401 ὅτε
3707 2351 3752 2401 οἱ

2168 2435 2453 2491 ἀπόστολοι
2481 2436 2832 2506 ἐκρύπτοντο,
2865 2437 2976 2492 τῶν
3006 2439 3328 2509 πειρασμῶν
3357 2439 3449 2494 τὸν
3487 2441 3656 2508 δγκον
3695 2443 3752 2494 οὐ

2140 2526 2455 2598 ,δυνάμενοι
2484 2527 2693 2600 φέρειν.
2733 2528 2893 2581 Ἀλλά
2917 2529 3041 2600 δρα,
3086 2529 3356 2601 ἀγαπητέ,
3387 2531 3482 2584 τοῦ
3511 2531 3654 2585 Θεοῦ
3689 2535 3755 2586 τὰ

2170 2618 2444 2690 θαύματα,
2479 2621 2573 2673 καὶ
2600 2620 2740 2691 μετά
2767 2621 2828 2674 τὸ
2859 2620 3030 2685 πάθος
3053 2621 3152 2692 τῆς
3175 2621 3348 2692 χαρᾶς
3376 2621 3446 2676 τά
3471 2623 3755 2696 κατορθώ-

2172 2729 2337 2781 ματα.
2390 2711 2450 2766 ’0
2500 2711 2692 2782 ἄτιμος
2738 2713 2815 2776 είς
2863 2712 3103 2778 εὐδοξίαν
3155 2713 3532 2785 μετεϐάλλετο,
3576 2717 3680 2770 καὶ
3723 2719 3756 2788 η

2167 2801 2261 2856 τοῦ
2297 2801 2504 2874 κόσμου
2532 2803 2676 2875 χαρά
2711 2803 2986 2874 ἄφθαρτος
3022 2805 3318 2877 ἐγήγερται
3349 2807 3484 2876 μετά
3507 2805 3606 2860 τοῦ
3655 2807 3758 2860 σώο

2173 2911 2360 2963 ματος.
2388 2895 2520 2948 Τότε
2545 2895 2734 2950 ὤδινεν
2760 2897 2794 2967 ἡ
2834 2897 2926 2967 γῆ,
2956 2899 3050 2950 καὶ
3093 2897 3459 2970 ἐκυοφόρησεν
3483 2901 3517 2970 ή
3545 2901 3756 2972 ἡμέρα,

2170 2985 2265 3038 καὶ
2295 2985 2604 3040 ἀπέπτυσεν
2631 2987 2660 3039 6
2687 2987 2914 3052 θάνατος
2944 2989 3042 3060 τὴν
3073 2990 3289 3044 πάντων
3332 2991 3502 3062 ζωήν.
3539 2993 3620 3045 Οὐ
3651 2993 3758 3062 γὰρ

2095 3109 2137 3167 c
2167 3074 2238 3150 ἦν
2269 3077 2491 3132 δυνατὸν
2523 3080 2842 3151 κρατεῖσθαι
2893 3082 2999 3136 ὐπὸ
3043 3083 3135 3136 τοῦ
3183 3083 3413 3137 θανάτου
3451 3083 3543 3137 τὸν
3577 3087 3758 3139 πάντα

2169 3170 2310 3241 λόγῳ
2329 3169 2648 3244 κρατοῦντα.
2683 3173 3064 3245 Ἐορτάσωμεν
3095 3173 3274 3228 τοίνυν
3293 3177 3417 3247 τριή
3426 3193 3490 3245 με
3499 3193 3596 3246 ρον
3621 3177 3756 3229 ἀνά-

2170 3275 2378 3323 στασιν,
2427 3259 2572 3332 ζωῆς
2599 3263 2820 3316 αἰωνίου
2862 3264 3141 3335 πρόξενον.
3171 3265 3381 3336 Ὥσπερ
3413 3265 3520 3336 γὰρ
3563 3267 3760 3338 Μαρία

2170 3351 2202 3420 ἡ
2238 3351 2504 3418 θεοτόκος,
2547 3353 2878 3424 παρθενικὰς
2911 3355 3004 3409 καὶ
3046 3356 3423 3427 ἀνυμφεύτους
3451 3357 3656 3421 ὠδῖνας
3699 3359 3760 3410 οὐ

2169 3441 2378 3497 λύσασα
2419 3443 2668 3516 βουλήσει
2716 3445 2850 3499 Θεοῦ
2869 3447 2989 3501 ’καὶ
3031 3449 3344 3518 Πνεύματος
3377 3449 3562 3520 χάριτι
3607 3452 3762 3519 ἐγέν-

2170 3549 2299 3604 νησε
2328 3534 2418 3587 τὸν
2451 3535 2559 3587 τῶν
2591 3535 2804 3590 αἰώνων
2831 3537 3081 3609 ποιητὴν,
3111 3539 3204 3592 τὸν
3231 3541 3294 3592 ἐκ
3323 3539 3458 3592 Θεοῦ
3485 3541 3622 3594 Θεὸν
3655 3543 3760 3594 Λό-

2169 3639 2287 3692 γον⁶
2329 3623 2503 3688 οὕτως
2544 3626 2639 3680 καὶ
2685 3628 2718 3696 ἡ
2767 3627 2864 3697 γῆ,
2910 3629 3102 3682 ἐκτῶν
3131 3629 3345 3682 οἰκείων
3368 3630 3616 3699 λαγόνων
3663 3633 3764 3696 τὰς

2169 3715 2364 3777 ὠδῖνας
2406 3713 2502 3768 τοῦ
2533 3715 2765 3769 θανάτου
2809 3717 3040 3782 λύσασα,
3064 3718 3346 3772 ἀπέπτυσε
3395 3705 3761 3775 κελευσθεῖσα

2168 3806 2260 3860 τὸν
2291 3807 2398 3860 τῶν
2435 3809 2704 3862 Ἰουδαίων
2749 3809 3047 3883 δεσπότηνο
3078 3811 3137 3864 οὐ
3181 3811 3288 3882 γὰρ
3325 3813 3554 3884 ἠδύνατο
3623 3834 3762 3870 κατ-

2169 3900 2310 3970 έχειν
2347 3899 2543 3971 σῶμα,
2588 3904 2802 3972 φορεῖον
2847 3902 3142 3968 ἀθανασίας
3165 3905 3474 3977 γενόμενον.
3525 3909 3764 3962 Σκοπῶ-δ

2167 3989 2346 4042 τοίνυν
2389 3991 2418 4042 6
2461 3991 2748 4062 προφήτης
2783 3991 2948 4045 Δαῦὶδ
2975 3993 3070 4062 τῆς
3099 3995 3432 4063 εὐπρεπείας
3467 3995 3566 4066 τὴν
3615 3996 3764 4066 διόρ·

2171 4079 2354 4146 θωσιν,
2387 4081 2478 4135 τοῦ
2513 4083 2744 4136 θανάτου
2777 4083 2876 4154 τὴν
2905 4084 3078 4150 λύσιν,
3113 4085 3221 4138 τῶν
3251 4103 3379 4139 ποτε
3409 4087 3621 4142 δούλων
3661 4089 3766 4158 τὴν

2170 4167 2496 4238 ἐλευθερίαν,
2533 4171 2629 4241 βοᾷ
2655 4170 2748 4224 καὶ
2781 4170 2946 4240 λέγει’
2993 4173 3059 4226 ⁸0
3088 4175 3300 4242 Κύριος
3326 4175 3762 4242 ἐϐασίλευσεν,

2167 4260 2528 4328 εὐπρέπειαν
2571 4262 2919 4316 ἐνεδύσατο.
2977 4263 3145 4316 Ποίαν
3183 4265 3514 4337 εὐπρέπειαν
3565 4269 3764 4322 ἐνεδύ-

2172 4367 2334 4418 σατο;
2357 4352 2468 4421 Τὴν
2487 4351 2815 4421 ἀφθαρσίαν,
2837 4354 2936 4422 τὴν
2965 4353 3286 4418 ἀθανασίαν,
3311 4356 3416 4409 τῶν
3435 4357 3766 4412 ἀποστόλων

494 4451 565 4504 do
592 4449 846 4504 decorem
879 4447 1058 4502 induit
1082 4447 1106 4500 ’ἒ
1135 4443 1455 4516 Perpetuam
1492 4447 1878 4518 integritatem,
1907 4459 2070 4517 atque

2172 4444 2269 4514 τὴν
2304 4442 2623 4514 σύγκλητον,
2648 4445 2745 4514 τῆς
2780 4445 3104 4516 Ἐκκλησίας
3129 4447 3218 4499 τὸν
3241 4446 3520 4516 στέφανον.
3549 4451 3768 4504 Οὐκέτι

495 4539 994 4602 immortalitatem,
1051 4537 1422 4606 apostolorum
1480 4547 1682 4591 emtum
1716 4551 1750 4600 ,'
1809 4538 2068 4593 Ecclesiae

494 4641 774 4688 coronam.
809 4629 924 4682 Non
953 4627 1187 4697 amplius
1223 4625 1399 4683 Judas
1427 4629 1628 4698 prodit.
1659 4627 1777 4682 Non
1832 4631 2067 4700 amplius

491 4724 730 4793 Caiphas
759 4720 1060 4774 minitatur.
1085 4717 1201 4773 Non
1231 4719 1463 4789 amplius
1497 4719 1738 4774 llerodcs
1785 4721 1852 4774 ad
1876 4737 2068 4789 puero-

495 4827 616 4868 rum
649 4811 849 4866 caedem
876 4817 1139 4864 armatur.
1169 4809 1286 4864 Non
1317 4810 1524 4880 jndicat
1557 4810 1790 4880 amplius
1817 4810 2064 4878 Pilatus;

496 4916 674 4975 neque
705 4901 944 4972 amplius
968 4901 1230 4956 lsraelitaa
1261 4902 1382 4971 ipso
1427 4901 1732 4970 potiuntur.
1773 4901 2065 4957 Enimvero

495 4997 644 5067 quod
677 4993 874 5064 fragile
903 5001 960 5048 et
989 4991 1256 5048 caducum
1284 5001 1422 5056 erat,
1467 4993 1670 5047 factum
1699 5003 1784 5048 est
1813 4995 2068 5050 incorru-

493 5095 668 5155 ptum.
707 5081 846 5139 Tum
881 5081 978 5152 qui
1004 5082 1146 5152 apud
1182 5097 1277 5138 eos
1305 5084 1630 5138 censebatur
1659 5085 1820 5138 homo
1852 5084 2061 5148 nudus,

494 5177 638 5231 Deus
669 5187 839 5229 verus
880 5181 966 5227 est
1017 5176 1445 5229 demonstratus.
1493 5171 1699 5230 Iddrco
1749 5192 1849 5230 nos
1900 5181 2062 5232 etiam

491 5269 792 5322 clamamus
819 5280 835 5318 :
880 5263 1106 5319 Ubinam
1130 5275 1249 5318 tuus
1275 5275 1372 5329 est,
1410 5284 1440 5319 ο
1469 5281 1631 5331 mors,
1669 5269 1888 5322 aculeus
1909 5271 1935 5323 ?
1965 5269 2066 5324 Ubi

495 5368 586 5410 tua
619 5365 720 5416 est,
769 5353 994 5422 inferne.
1048 5353 1271 5406 victoria
1295 5353 1340 5384 ¹⁰
1363 5353 1386 5406 ?
1409 5353 1658 5408 θετον-ειη
1697 5355 1911 5410 induit:
1969 5356 2062 5410 In-

491 5449 608 5502 duit
644 5445 902 5502 Dominus
961 5446 1282 5513 potentiam,
1318 5452 1370 5497 et
1397 5447 1630 5498 accinxit
1673 5447 1810 5501 se“.
1867 5445 2062 5501 Poten-

492 5540 622 5594 tiam
653 5538 789 5592 dicit
818 5537 1011 5592 salutis
1041 5536 1500 5606 dispensationem
1535 5551 1634 5605 per
1673 5551 1896 5593 carnem
1947 5539 2062 5592 fac-

563 5714 580 5744 ⁷
613 5710 718 5766 Tit.
747 5727 830 5772 ιιι,
873 5711 923 5766 5.
999 5711 1162 5765 'Act.
1195 5727 1272 5776 ιιι,
1301 5713 1383 5767 l5.

2181 4533 2381 4598 Ἰούδας
2413 4535 2734 4607 προδίδωσιν
2757 4551 2773 4567 ο
2813 4535 2994 4589 οὐκέτι
3029 4537 3244 4606 Kent-19a;
3283 4539 3528 4593 ἀπειλεῖ·
3565 4543 3768 4594 οὐκέτι

2169 4625 2400 4687 Πιλᾶτος
2431 4625 2661 4692 δικάζει,
2696 4627 2818 4681 οὔτε
2867 4628 3189 4700 Ἰσραηλῖται
3217 4629 3494 4702 κρατοῦσι.
3530 4633 3614 4686 Τὸ
3652 4633 3768 4705 γὰρ

2169 4713 2406 4784 φθαρτὸν
2435 4716 2652 4784 γέγονεν
2689 4717 2985 4788 ἄφθαρτον,
3014 4721 3107 4772 καὶ
3144 4723 3172 4774 6
3211 4723 3339 4792 παρ’
3373 4721 3556 4784 αὐτοῖς
3597 4741 3769 4793 νομι-

2169 4806 2392 4878 ζόμενος
2414 4808 2696 4880 ἄνθρωπος
2717 4809 2889 4880 ψιλὸς,
2921 4811 3053 4876 Θεὸς
3075 4812 3446 4866 ἀποδέδεικται
3469 4814 3764 4884 ἀληθινός.

2167 4899 2258 4952 Διὸ
2293 4900 2385 4953 καὶ
2431 4903 2593 4972 ἡμεῖς
2625 4901 2858 4972 βοῶμεν·
2907 4903 3032 4958 Ποῦ
3077 4919 3214 4968 σου,
3248 4905 3483 4969 θάνατε,
3509 4907 3580 4959 τὸ
3615 4907 3764 4960 κέν-

2165 5005 2338 5058 τρον-ς
2392 4992 2512 5046 ποῦ
2547 5009 2683 5056 σου,
2725 4993 2862 5060 ᾄδ-η,
2897 4995 2960 5048 τὸ
3005 4995 3210 5061 νῖκος
3257 4996 3311 5047 Ὁ
3359 4997 3575 5063 Κύριος
3619 4997 3772 5051 sea.-

2165 5083 2458 5138 σίλευσεν
2478 5123 2492 5148 ,
2559 5083 2922 5154 εὐπρέπειαν
2987 5085 3314 5140 ἐνεδύσατο
3334 5103 3348 5116 ·
3414 5088 3766 5144 ἐνεδύσατο

2164 5176 2378 5242 Κύριος
2404 5177 2678 5245 δύναμιν,
2716 5177 2810 5230 καὶ
2852 5175 3260 5245 περιεζώσατο.
3306 5179 3542 5249 Δύναμιν
3599 5181 3766 5252 λέγει

2163 5265 2261 5336 τὴν
2289 5267 2374 5319 διὰ
2425 5269 2624 5338 σαρκὸς
2669 5267 3000 5339 οἳκονομίαν.
3035 5271 3162 5322 Ὅτε
3197 5271 3305 5342 γὰρ
3347 5271 3560 5340 ἐκείνης
3591 5273 3768 5328 δυνα-

2147 5359 2396 5427 τώτερον
2443 5359 2625 5425 οὐδὲν,
2675 5360 2762 5413 διὰ
2803 5360 3056 5431 σώματος
3095 5363 3123 5415 6
3161 5361 3445 5432 ἀσώματος
3483 5363 3768 5436 δαίμονας

2163 5447 2450 5500 κατέϐαλε·
2502 5449 2591 5502 διὰ
2638 5451 2866 5523 σταυρὸν
2916 5453 3014 5516 τάς
3046 5455 3423 5523 ἀντικειμένας
3477 5455 3764 5528 δυνάμεις

2163 5539 2631 5613 ἐξεπολιόρκησεν.
2678 5543 2892 5615 Ἐπειδὴ
2925 5543 3033 5616 γὰρ
3073 5545 3140 5598 τά
3188 5547 3377 5618 πρῶτα
3412 5547 3628 5601 ἐκλόνει
3659 5551 3768 5621 τὴν

1477 5715 1498 5746 ³
1525 5709 1670 5770 Psal.
1696 5725 1826 5779 xcu,
1853 5713 1902 5765 l.
1947 5713 1990 5744 ¹⁰
2024 5713 2191 5770 lCor.
2225 5731 2312 5781 xv,
2343 5717 2432 5773 55.
2514 5721 2554 5750 "
2587 5717 2731 5775 Psal.
2767 5735 2895 5783 xcu,
2933 5721 2980 5772 1.
