3842 6462
108 366 194 422 689
1251 372 1316 425 IN
1353 374 1627 439 CHRISTI
1672 378 2176 436 ASCENSIONEM.

3237 377 3343 432 693

106 482 189 549 γῆν
238 478 271 547 ἠ
328 478 589 549 ἁμαρτία,
641 482 878 546 ἀναστὰς
926 483 955 535 ὁ
1004 483 1205 555 Κύριος
1250 485 1407 556 ἡμῶν
1463 486 1665 557 Ἰησοῦς

1774 500 1903 544 tam.
1931 489 2380 561 Quandoquidem
2414 489 2548 544 nihil
2584 489 2673 543 illa
2697 488 2988 558 potentius.
3019 487 3121 544 Per
3142 498 3346 559 corpus

107 568 353 638 Χριστὸς,
409 569 591 646 καθῲς
646 577 925 642 προεῖπεν,
976 574 1305 646 ἐστερέωσεν
1356 577 1527 647 αὐτὴν
1590 578 1666 649 τῷ

106 660 223 728 ξύλῳ
262 658 360 713 τοῦ
404 660 662 732 σταυροῦ,
713 665 909 734 μηκέτι
958 667 1093 739 πρὸς
1137 666 1347 720 ὄλισθον
1391 668 1664 732 ἀπωλείας,

106 750 358 821 βαδίζειν,
423 754 559 824 μήτε
612 755 843 826 χειμῶσι
895 757 995 828 τῆς
1068 757 1274 829 πλάνης
1334 758 1663 829 ῥιπίξεσθαι.

103 844 352 913 Μάρτυρα
378 844 436 897 δὲ
462 845 557 899 τοῦ
579 846 737 915 λόγου
768 849 858 900 τὸν
887 848 1156 920 μακάριον
1205 848 1413 902 Παῦλον
1454 851 1666 918 ἀγάγω-

105 952 204 1005 μεν,
253 935 481 1003 λέγοντα
512 937 732 1002 ἁπλῶς·
773 940 875 993 Δεῖ
914 941 1023 1010 γὰρ
1066 941 1134 994 τὸ
1173 942 1435 1011 φθαρτὸν
1487 944 1663 996 τοῦτο

102 1027 449 1083 ἐνδύσασθαι
481 1031 843 1099 ἀφθαρσίαν.
881 1033 970 1085 Διὸ
996 1035 1087 1086 καὶ
1112 1036 1140 1086 ό
1165 1033 1470 1105 Ψαλμῳδδς
1494 1034 1662 1103 λέγει·

104 1117 359 1187 Ἔτοιμος
382 1122 415 1173 ό
440 1122 653 1187 θρόνος
692 1140 807 1177 σου
830 1125 948 1178 ἀπὸ
980 1127 1111 1180 τότε
1136 1141 1149 1153 ·
1175 1126 1294 1179 ἀπὸ
1322 1126 1428 1181 τοῦ
1453 1127 1668 1193 αἰῶνος

101 1210 165 1261 σὺ
186 1210 255 1262 εἷ·
300 1210 417 1273 καὶ,
462 1210 530 1265 'll
567 1214 858 1277 βασιλεία
894 1232 1032 1281 σου,
1068 1218 1358 1281 βασιλεία
1400 1217 1663 1284 αἰώνιος,

101 1301 211 1367 ἣτις
240 1303 316 1354 οὐ
354 1300 845 1372 διαφθαρήσεται.
879 1308 989 1361 Kal
1046 1309 1240 1363 πάλιν·
1289 1310 1347 1366 Ἠ
1382 1311 1667 1375 βασιλεία

98 1409 217 1454 σου,
254 1394 549 1456 βασιλεία
591 1396 835 1451 πάντων
866 1398 986 1452 τῶν
1021 1400 1272 1454 αἰώνων.
1318 1402 1427 1454 Καὶ
1477 1401 1660 1455 ’πάλιν⁹

107 1483 158 1535 'U
202 1485 421 1552 Κύριος
465 1486 903 1554 ἐϐασίλευσεν,
946 1490 1409 1562 ἀγαλλιασθήτω
1464 1494 1502 1561 ἡ
1560 1492 1661 1562 γῆ,

97 1576 589 1644 εὐφρανθήτωσαν
619 1579 801 1649 νῆσοι
836 1583 1080 1636 πολλαί.
1113 1583 1238 1636 ’Ότι
1273 1582 1422 1654 αὐτῷ
1461 1586 1493 1654 ἡ
1535 1584 1663 1649 δόξα

108 1667 187 1718 καὶ
217 1666 277 1719 τὸ
309 1669 532 1739 κράτος.
580 1672 771 1743 Ἀμήν.

1772 582 1918 636 cnim
1946 569 2084 637 liber
2107 596 2135 635 a
2161 596 2391 651 corpore
2418 581 2696 635 daemonas
2718 581 2947 652 depulit.
2980 580 3087 637 Per
3119 596 3343 638 crucem

1769 672 2049 743 oppositas
2110 681 2405 743 potestates
2458 672 2692 728 obsedit.
2752 671 2887 727 Nam
2920 672 3177 743 quoniam
3231 673 3347 744 pri-

1773 778 1919 815 mum
1946 770 2149 817 terram
2186 769 2541 816 εθιιωεεεηιι
2580 768 2886 831 peccatum,
2926 775 3217 833 resurgens
3237 762 3341 815 DO-

1770 854 1952 909 miuus
1982 861 2168 908 noster
2198 852 2357 909 Jesus
2386 851 2661 916 Christus,
2694 861 2752 907 ut
2782 853 3127 923 praedixerat,
3171 855 3343 908 stabi-

1766 943 1887 998 ‘iivit
1926 944 2099 1015 ipsam
2140 945 2285 1015 ligno
2341 944 2523 998 crucis
2549 985 2562 1007 ,
2624 960 2692 998 ne
2724 944 2836 999 ullo
2879 960 3118 1015 unquam
3183 945 3335 1014 lapsu

1767 1049 2011 1105 praaceps
2047 1034 2100 1088 iu
2138 1034 2433 1103 perniciem
2468 1042 2689 1101 rueret,
2717 1049 2893 1105 neque
2933 1034 3139 1088 erroris
3201 1041 3340 1089 tem—

1765 1125 2070 1196 pestatibus
2106 1124 2426 1194 agitaretur.
2460 1123 2674 1177 Testem
2708 1140 2833 1178 vero
2888 1125 3159 1179 dictorum
3214 1140 3342 1195 pro-

1765 1218 2031 1273 ducamus
2063 1217 2281 1271 beatum
2340 1214 2567 1268 Paulum
2614 1216 2845 1270 aientem
2881 1235 2894 1271 :
2933 1215 3150 1285 Oportet
3202 1217 3341 1270 enim

1766 1308 2106 1377 corruptibili:
2135 1308 2231 1360 hoc
2264 1308 2476 1362 induere
2510 1306 3084 1375 incorruptibilitatem,
3118 1316 3169 1359 et
3204 1320 3342 1358 mor-

1762 1401 1869 1454 tale
1888 1400 1983 1454 hoc
2017 1401 2231 1453 induere
2264 1399 2719 1454 immortalitatem
2741 1398 2803 1450 ".
2838 1394 3071 1466 Ideoque
3095 1395 3341 1451 Psalmo-

1761 1492 2001 1564 graphus
2032 1494 2128 1558 ait,
2169 1490 2372 1545 Parata
2395 1501 2473 1547 est
2501 1491 2648 1545 sedes
2680 1498 2773 1543 tua
2801 1504 2866 1543 ea:
2890 1498 3057 1553 tunc;
3086 1506 3117 1542 a
3146 1486 3341 1542 seculo

1763 1595 1817 1638 tu
1843 1602 1897 1640 es
1922 1586 2000 1637 ¹³ς
2028 1593 2101 1649 et,
2145 1583 2375 1655 Regnum
2408 1592 2574 1644 tuum,
2612 1598 2828 1653 regnum
2866 1582 3242 1649 sempiternum
3262 1578 3338 1645 “;

1749 1676 1888 1745 quod
1920 1692 2023 1729 non
2050 1683 2412 1743 corrumpetur
2432 1673 2513 1738 ¹⁸;
2541 1683 2594 1727 et
2623 1674 2817 1727 iterum
2843 1714 2857 1737 ,
2894 1670 3128 1742 Regnum
3165 1682 3335 1733 tuum,

94 1780 290 1831 regnum
316 1766 553 1821 omnium
573 1768 889 1822 surculorum
911 1769 985 1833 ης
1013 1784 1077 1825 ac
1096 1786 1288 1825 rursus
1311 1810 1324 1831 ,
1379 1770 1629 1825 Dominus
1675 1774 1905 1842 regnavit
1940 1815 1955 1839 ,
1978 1777 2206 1828 exsultet
2271 1782 2450 1835 terra;
2481 1774 2727 1827 lwtentur
2780 1771 2971 1825 insula:
3018 1770 3201 1824 multa:
3256 1766 3339 1829 ";

98 1857 217 1923 Quia
256 1858 363 1928 ipsi
401 1859 573 1930 gloria
603 1868 659 1917 et
687 1862 952 1919 fortitudo
984 1865 1260 1919 convenit.
1302 1864 1496 1920 Amen.

154 2012 236 2066 "l
270 2012 399 2085 Cor.
432 2032 525 2081 xv,
559 2017 648 2072 55.
730 2020 774 2052 ³³
797 2018 943 2076 Psal.
975 2035 1106 2085 xcu,
1142 2021 1195 2076 2.
1275 2021 1319 2053 ”
1348 2019 1494 2075 l‘sal.
1524 2034 1707 2085 cxuv,
1741 2016 1826 2072 15.

96 2099 225 2146 xcn,
268 2084 322 2142 1.

1931 2017 1974 2047 ⁸³
2007 2015 2143 2069 Dan.
2177 2031 2272 2082 xu,
2306 2015 2392 2069 M.
2478 2014 2522 2046 ¹⁶
2550 2013 2691 2069 Psal.
2721 2030 2903 2081 cxuv,
2940 2016 3024 2070 13.
3117 2017 3157 2047 ⁸⁷
3192 2014 3333 2072 Psal.

110 2269 3307 2306 Μ

1336 2431 1563 2516 ΤΟΥ

1672 2430 2050 2517 ΑΥΤΟΥ

355 2627 599 2739 ΕΙΣ
687 2626 1003 2739 ΤΗΝ
1078 2624 1379 2741 ΤΟΥ
1475 2625 2129 2741 ΧΡΙΣΤΟΥ
2236 2617 3054 2739 ΑΝΑΛΗΨΙΝ

741 2840 887 2896 ΤΗΝ
919 2840 1346 2895 ΛΕΓΟΜΕΝΗΝ
1385 2841 1471 2913 Τῼ
1507 2839 1828 2911 ΕΠΙΧΩΡΙῼ
1866 2839 1999 2894 ΤΩΝ
2029 2834 2503 2919 ΚΨΠΛΔυΚΩΝ
2536 2839 2687 2892 ΕΘΕΙ

1298 2998 1439 3054 ἸΗΝ
1468 2996 2064 3054 ΕΠῙΣΩΖΟΜΕΝΗΝ.

1661 3183 1731 3197 —

1438 3325 1975 3417 EJUSDEM

687 3542 843 3656 IN
926 3512 2018 3654 ASCENSIONEM
2105 3536 2747 3653 CHRISTI

900 3753 1069 3822 QUAS
1112 3754 1266 3810 DIES
1300 3753 1522 3811 FESTA
1583 3754 2108 3811 CAPPADOCIBUS
2139 3755 2348 3812 DICTA
2385 3754 2518 3810 EST

1482 3910 1989 3968 CONSECRATA.

1347 4067 1606 4119 Francisco
1630 4070 1668 4116 Ζ
1674 4067 1751 4120 ina
1775 4068 2049 4131 interprete.

162 4380 252 4443 Ὠς
291 4379 499 4448 γλυκὺς
541 4376 881 4449 συνέμπορος
928 4378 1020 4432 τοῦ
1075 4377 1415 4450 ἀνθρωπίνου
1470 4378 1585 4449 βίου
1635 4378 1663 4430 ό

1836 4374 2010 4440 Quam
2041 4370 2217 4426 dulcis
2252 4368 2535 4423 hominum
2566 4380 2752 4421 comes
2785 4365 3046 4435 propheta
3075 4363 3244 4418 David
3288 4363 3343 4419 in

82 4472 371 4544 προφήτης
406 4471 589 4535 Δαϐὶδ,
630 4472 689 4526 ὲν
719 4471 921 4535 πάσαις
946 4473 1067 4535 ταῖς
1094 4471 1231 4535 ὁδοῖς
1259 4470 1360 4541 τῆς
1397 4470 1541 4540 ζωῆς
1577 4469 1668 4521 εὑ-

87 4564 417 4634 ρισκόμενος
443 4602 459 4627 ,
501 4561 597 4615 καὶ
627 4562 829 4624 πάσαις
850 4563 969 4624 ταῖς
1009 4562 1401 4631 πνευματικαῖς
1427 4558 1668 4630 ἡλικίαις

84 4650 417 4721 προσφόρους
457 4647 955 4718 καταμιγνύμενος,
1012 4649 1209 4711 παντὸς
1248 4648 1523 4718 τάγματος
1560 4647 1668 4702 τῶν

84 4740 509 4810 προκοπτόντων
594 4739 1099 4809 συνεφαπτόμενοςί
1151 4740 1276 4803 Τοῖς
1338 4742 1480 4794 κατά
1536 4738 1668 4793 Θεὸν

80 4830 300 4899 νηπίοις
332 4827 663 4897 συμπαίζει,
695 4830 808 4892 τοῖς
832 4828 1056 4899 ἀνδράσι
1087 4828 1665 4897 συναγωνίζεται,παι-

77 4921 323 4990 ὃαγωγεί
343 4921 443 4988 τὴν
463 4920 710 4991 νεότητα,
729 4920 1082 4992 ὐποστηρίζει
1101 4922 1162 4974 τὸ
1186 4923 1383 4993 γῆρας,
1408 4924 1519 4985 τοῖς
1534 4924 1667 4975 πᾶσι

80 5015 263 5067 πάντα
297 5012 539 5081 γίνεται,
588 5012 934 5081 στρατιωτῶν
975 5014 1159 5077 ὅπλον,
1206 5013 1453 5085 ἀθλητῶν
1477 5015 1667 5068 παιδο-

76 5106 299 5176 τρίϐης,
326 5104 756 5175 γυμναζομένων
782 5104 1108 5177 παλαίστρα,
1136 5106 1410 5160 νικώντων
1471 5107 1668 5174 στέφαο

75 5212 192 5258 νος,
223 5192 615 5264 ὲπιτραπέζιος
642 5193 968 5265 εὐφροσύνη.
990 5196 1297 5267 ἐπικήδειος
1326 5196 1664 5267 παραμυθία.

77 5286 198 5339 υῦκ
232 5284 354 5338 ἔστι
400 5303 454 5338 τι
502 5285 610 5339 τῶν
658 5286 798 5339 κατά
835 5288 925 5339 τὸν
971 5286 1083 5357 βίον
1123 5288 1281 5359 ἡμῶν
1312 5289 1412 5359 τῆς
1443 5290 1663 5359 χάριτος

74 5379 289 5450 ταύτης
338 5378 624 5449 ἀμέτοχον.
688 5380 784 5443 Τίς
825 5382 1133 5452 προσευχῆς
1178 5381 1424 5453 δύναμις,
1474 5378 1543 5454 ἧς
1592 5384 1669 5455 μὴ

75 5472 253 5526 Δαῆὶδ
320 5473 760 5540 συνεφάπτεται;
819 5474 903 5536 τίς
956 5474 1147 5544 ἑορτῆς
1194 5474 1535 5546 εὐφροσύνη,
1596 5474 1670 5547 μὴ

75 5562 180 5615 τοῦ
244 5562 539 5633 Προφήτω
599 5563 803 5633 ταύτην
860 5562 1279 5635 φαιδρύνοντος;
1348 5566 1413 5617 Ὀ
1470 5564 1532 5635 δὴ
1577 5564 1672 5619 καὶ

1767 4466 2023 4522 omnibus
2052 4466 2177 4519 vitae
2204 4461 2531 4517 itineribus!
2574 4475 2737 4530 quam
2771 4470 2931 4529 aptus
2963 4448 3359 4529 spiritualibus‘

1768 4559 1982 4615 cunctis
2006 4557 2291 4613 aetatibus!
2341 4569 2506 4625 quam
2545 4552 2695 4608 omni
2739 4551 3138 4622 proﬁcientium
3164 4550 3346 4606 ordini

1769 4650 2181 4720 conditionique
2220 4645 2541 4703 commodus
2574 4644 2890 4700 invenitur!
2926 4642 3064 4698 Cum
3095 4643 3225 4708 illis,
3250 4644 3344 4713 qui

1770 4744 1913 4814 apud
1948 4743 2116 4799 Deum
2148 4743 2300 4812 pueri
2327 4739 2674 4808 infantesque
2719 4746 2870 4800 sunt,
2904 4735 3152 4791 colludit.
3197 4733 3346 4789 Viris

1770 4835 1824 4888 in
1865 4834 2168 4890 certamine
2218 4840 2272 4887 et
2304 4844 2484 4902 pugna
2529 4844 2589 4883 se
2628 4826 2842 4883 socium
2898 4827 3121 4898 prabet,
3153 4825 3345 4895 juven-

1769 4936 1939 4982 tutem
1980 4925 2183 4989 erudit,
2221 4929 2561 4978 senectutem
2593 4917 2905 4983 confirmat,
2937 4916 3192 4971 omnibus
3223 4929 3343 4969 oni-

1769 5017 1858 5071 nia
1892 5016 1971 5079 lit,
2008 5016 2244 5069 militum
2292 5027 2465 5073 arma,
2506 5010 2766 5079 magister
2792 5008 3059 5079 pugilum,
3089 5007 3343 5077 palaestra

1769 5109 2118 5168 certantium,
2149 5121 2354 5160 corona
2381 5105 2672 5169 victorum,
2704 5102 2757 5155 iu
2778 5099 3042 5156 conviviis
3071 5097 3341 5161 hilaritas,

1769 5202 1825 5255 in
1876 5200 2066 5256 funere
2123 5200 2420 5269 lugentium
2490 5196 2815 5252 consolatio.
2879 5191 3038 5245 Nulla
3107 5189 3341 5260 denique

1771 5307 1896 5361 pars
1944 5292 2200 5346 humanm
2227 5291 2352 5344 vita:
2395 5290 2541 5345 illius
2578 5302 2801 5342 munere
2848 5294 2903 5339 et
2954 5284 3129 5354 gratia
3161 5292 3341 5337 vacat.

1770 5383 2031 5450 Quaenam
2064 5394 2149 5441 est
2179 5382 2509 5453 precationis
2556 5380 2787 5436 facultas
2826 5393 2989 5447 quam
3024 5375 3193 5430 David
3231 5389 3345 5429 non

1772 5474 2193 5530 subministret?
2241 5473 2375 5538 Quae
2416 5472 2707 5528 celebritas
2757 5467 2977 5530 laetitiae,
3021 5480 3184 5536 quam
3236 5479 3346 5520 non

1771 5576 1999 5621 exornet
2032 5565 2347 5635 Propheta?
2406 5566 2458 5620 id
2505 5562 2648 5635 quod
2706 5562 2763 5615 in
2790 5558 3082 5629 praesentia
3128 5572 3347 5627 quoque

73 5653 179 5706 νῦν
228 5653 381 5707 ἐστιν
417 5652 543 5707 ἰδεῖν
564 5670 579 5683 ’
611 5654 696 5707 ὅτι
732 5655 826 5708 κα)⁵
856 5654 1029 5717 ἄλλως
1065 5655 1304 5725 μεγάλην
1344 5658 1476 5727 ἡμῖν
1508 5652 1665 5711 οὖσαν

1776 5659 1901 5712 licet
1940 5658 2162 5713 intueri.
2200 5657 2529 5713 Hodieruam
2584 5654 2735 5710 enim
2760 5650 3157 5713 celebritatem,
3209 5650 3346 5704 satis

74 5749 182 5817 τὴν
215 5746 440 5818 ἑορτὴν,
479 5746 698 5816 μείζονα
726 5748 792 5801 δι’
840 5748 1032 5801 ἑαυτοῦ
1085 5749 1114 5801 ὁ
1161 5748 1450 5820 Προφήτης
1492 5750 1665 5820 ἐποίη-

1779 5767 1871 5820 per
1898 5766 1957 5805 se
1982 5766 2257 5820 magnam.
2287 5751 2403 5822 ipsc
2438 5748 2698 5817 majorem
2727 5746 2908 5811 allicit,
2941 5744 3071 5799 dum
3100 5742 3177 5797 illi
3208 5758 3344 5808 gau—

78 5857 199 5905 σεν,
251 5838 584 5911 προσφόρως
632 5842 697 5911 τῇ
747 5838 999 5894 ὑποθέσει
1037 5838 1136 5911 τὴν
1178 5843 1242 5894 ἐκ
1287 5840 1394 5893 τῶν
1437 5840 1665 5912 ψαλμῶν

1777 5843 1926 5898 dium
1980 5857 2009 5897 e
2042 5844 2267 5913 psalmis
2315 5842 2563 5912 apposite
2614 5839 2881 5911 adiungit.
2938 5840 3002 5893 lu
3058 5852 3165 5892 uno
3199 5836 3342 5888 ctum
