3842 6480
503 369 601 424 691

499 484 716 540 illorum
747 500 900 541 ovem
928 492 981 541 te
1006 486 1162 556 jubet
1188 502 1328 553 esse,
1361 504 1481 557 qua:
1507 503 1537 541 a
1575 486 1685 543 Deo
1714 488 1978 557 pascaris.
2012 496 2064 542 et
2094 495 2137 549 Α

498 580 752 633 omnibus
795 580 1062 634 bonorum
1093 581 1267 649 copiis
1310 582 1518 647 amuas,
1558 593 1617 636 ut
1652 582 1739 637 cui
1770 590 1824 636 et
1874 582 2062 644 herba,

497 678 552 722 et
593 669 872 738 pabulum,
916 679 972 725 et
1023 685 1162 741 aqua
1197 670 1465 742 refrigerii
1514 672 1830 743 suppetat‘.
1860 670 1981 727 Tibi
2014 681 2068 727 et

498 762 702 829 cibum,
758 774 812 818 et
858 766 1291 831 tabernaculum,
1347 775 1401 821 et
1445 767 1608 832 viam,
1651 776 1705 823 et
1747 766 1962 828 ducem,
2013 773 2068 818 et

498 855 681 907 omnia
712 870 771 909 se
797 856 999 925 praebet
1024 866 1214 928 pastor
1236 858 1508 928 egregius,
1540 859 1882 928 gratiamque
1911 871 2066 910 suam

500 944 568 996 ad
596 960 811 1000 omnem
860 962 1018 1001 usum
1051 955 1174 1017 apte
1208 947 1507 1003 distribuit.
1541 948 1618 1003 Ex
1663 949 1864 1020 quibus
1892 949 2069 1003 omni-

500 1034 605 1089 bus
651 1035 953 1092 Ecclesiam
998 1039 1239 1101 instruit,
1288 1047 1542 1109 oportere
1573 1048 1625 1094 te
1654 1041 1887 1108 primum
1943 1041 2068 1094 boni

500 1126 736 1194 pastoris
763 1141 919 1182 ovem
948 1126 1061 1183 ﬁeri
1087 1143 1184 1199 per
1210 1129 1406 1182 bonam
1446 1128 1778 1183 catechesim
1804 1137 1860 1183 et
1888 1129 2070 1182 initia-

501 1216 705 1272 tionem
745 1217 814 1272 ad
857 1218 1054 1274 divina:
1104 1221 1367 1275 doctrina:
1420 1235 1624 1290 pascua
1664 1220 1951 1292 fontesque
1978 1221 2073 1276 de-

500 1308 747 1373 ductum,
804 1319 863 1364 ut
899 1325 1023 1365 cum
1066 1308 1159 1365 illo
1190 1312 1470 1382 sepeliaris
1512 1327 1606 1381 per
1634 1311 1966 1382 baptismum
2015 1313 2070 1367 in

500 1411 750 1464 mortem,
809 1418 985 1472 neque
1032 1412 1213 1458 tamen
1264 1413 1491 1459 mortem
1522 1404 1791 1474 ejusmodi
1819 1404 2073 1461 reformi-

499 1492 650 1547 dare.
674 1491 791 1547 Non
810 1495 955 1549 enim
992 1509 1141 1549 mors
1169 1505 1253 1548 est
1280 1494 1405 1557 ista,
1438 1494 1533 1550 sed
1568 1495 1760 1550 mortis
1799 1496 1989 1551 umbra
2020 1504 2074 1549 et

500 1583 977 1641 similitudo.Nam
1003 1586 1428 1652 iiambulavero,
1459 1587 1656 1657 inquit,
1688 1589 1744 1641 in
1774 1588 1943 1641 medio
1967 1604 2075 1641 um-

500 1675 609 1731 bra:
642 1678 850 1745 mortis,
879 1695 985 1733 non
1022 1678 1234 1742 timebo,
1267 1690 1323 1731 ut
1364 1680 1586 1744 malum,
1622 1679 1676 1732 id
1707 1680 1847 1749 quod
1872 1679 2075 1733 accide-

498 1769 589 1832 rit,
623 1771 871 1839 quoniam
906 1781 961 1824 tu
991 1787 1192 1825 mecum
1229 1787 1282 1825 es
1308 1772 1372 1825 ε’.
1413 1770 1619 1826 Deinde
1663 1772 1890 1841 spiritus
1921 1773 2072 1842 virga

498 1863 837 1918 consolatur.
896 1863 1139 1933 Spiritus
1195 1864 1340 1918 enim
1399 1864 1711 1919 consolator
1762 1872 1867 1919 est.
1929 1862 2067 1918 Tum

497 1969 740 2010 mensam
779 1955 1061 2027 mysticam
1091 1956 1345 2026 proponit
1378 1971 1443 2010 ex
1467 1955 1698 2010 adverso
1734 1970 1934 2011 mensa:
1959 1954 2069 2009 dte—

500 2060 720 2100 monum
753 2047 1102 2103 instructam.
1158 2046 1260 2103 Per
1306 2048 1670 2102 idololatriam
1717 2048 1861 2104 enim
1892 2048 2069 2102 homi-

500 2152 629 2190 num
679 2137 842 2190 vitam
871 2138 1179 2194 afﬂixerunt
1219 2140 1515 2203 daemones,
1559 2138 1761 2209 quibus
1794 2140 2070 2195 contraria

498 2234 584 2280 est
616 2224 854 2296 Spiritus
881 2244 1091 2285 mensa.
1125 2230 1207 2284 Ad
1234 2230 1349 2285 bare
1375 2232 1495 2284 oleo
1524 2231 1750 2299 spiritus
1783 2238 1944 2301 caput
1970 2246 2070 2284 un-

499 2318 596 2388 git,
641 2325 695 2376 et
738 2320 947 2386 vinum,
995 2321 1141 2392 quod
1186 2324 1371 2377 laetitia
1423 2338 1521 2378 cor
1559 2322 1791 2389 al‘ticit',
1840 2322 2068 2387 addens,

498 2409 741 2465 sobriam
784 2411 931 2466 illam
963 2413 1148 2467 animo
1175 2413 1494 2469 ebrietatem
1540 2413 1737 2483 injicit,
1765 2424 1819 2470 et
1847 2429 1879 2469 e
1903 2414 2063 2467 cadu-

499 2500 581 2557 cis
622 2500 893 2574 ﬂuxisque
921 2504 1086 2560 rebus
1123 2514 1356 2561 mentem
1386 2506 1548 2560 trahit
1592 2504 1660 2559 ad
1688 2506 2068 2575 sempiternas.

499 2592 709 2648 Etenim
738 2595 831 2664 qui
872 2596 965 2649 tali
987 2608 1072 2652 est
1098 2595 1330 2652 affectus
1348 2598 1633 2661 ebrietate,
1666 2596 1882 2651 brevem
1905 2596 2067 2649 vitam

498 2701 621 2740 cum
674 2687 1081 2744 immortalitate
1136 2698 1457 2755 commutat,
1511 2699 1567 2744 et
1620 2689 1673 2743 in
1732 2688 2072 2759 longitudine

498 2776 711 2832 diermn
748 2778 956 2833 habitat
992 2782 1045 2834 in
1074 2780 1237 2836 domo
1270 2780 1501 2837 Domini.
1526 2780 1651 2836 Haec
1680 2781 1837 2855 nobis
1877 2780 1931 2834 in
1964 2795 2073 2834 uno

498 2866 843 2924 Psalmorum
878 2870 1166 2941 elargitus,
1214 2872 1282 2926 ad
1318 2873 1575 2942 majorem
1605 2881 1658 2927 et
1692 2872 2068 2943 perfectiorem

498 2959 555 3014 in
578 2960 771 3025 altero,
804 2962 895 3031 qui
918 2963 1161 3031 proxime
1181 2965 1451 3032 sequitur,
1475 2964 1807 3033 voluptatem
1828 2963 2069 3017 animum

498 3051 721 3116 excitat,
770 3052 931 3123 cujus
963 3054 1287 3108 sententiam
1318 3055 1494 3118 vobis,
1535 3055 1581 3109 si
1614 3054 1847 3117 videtur,
1880 3052 2070 3124 paucis

498 3145 801 3214 explicabo.
836 3145 1052 3200 Domini
1074 3156 1151 3200 est
1183 3156 1323 3200 terra
1348 3155 1396 3200 et
1420 3146 1694 3215 plenitudo
1721 3146 1837 3217 ejus
1860 3146 1902 3199 ³.
1929 3143 2070 3211 Quid
2098 3167 2140 3224 ς

502 3235 679 3305 igitur.
698 3235 823 3290 novi
855 3236 1142 3307 contingit,
1180 3237 1366 3301 homo,
1394 3238 1439 3292 si
1470 3236 1610 3292 Deus
1634 3248 1817 3294 noster
1846 3237 1900 3291 in
1923 3244 2064 3291 terra

499 3327 653 3383 visus
680 3335 785 3392 est,
848 3328 896 3382 si
929 3344 1054 3382 cum
1107 3327 1420 3384 hominib‘its
1478 3328 1653 3382 vixit?
1697 3326 1818 3397 Ipse
1865 3336 2066 3381 terram

500 3418 706 3471 creavit
736 3426 790 3473 et
821 3418 1086 3473 condidit.
1138 3419 1318 3485 Quare
1347 3434 1447 3473 nec
1479 3418 1799 3474 inusitatum
1834 3433 1934 3473 nec
1968 3417 2065 3471 ab-

502 3506 727 3561 surdum
761 3516 865 3573 est,
915 3516 973 3563 ut
1000 3510 1065 3563 ad
1101 3510 1319 3579 propria
1355 3508 1617 3564 Dominus
1645 3509 1850 3565 veniat.
1882 3508 2070 3579 Neque

502 3599 645 3653 enim
673 3600 728 3653 in
762 3601 896 3656 orbe
926 3608 1179 3656 versatur
1207 3601 1406 3665 alieno,
1440 3600 1534 3657 sed
1563 3602 1618 3655 in
1641 3616 1706 3655 eo
1758 3618 1920 3670 quem
1954 3602 2071 3672 ipse

504 3694 789 3749 constituit
835 3704 888 3750 et
913 3693 1211 3750 fabricatus
1230 3702 1335 3759 est,
1366 3695 1458 3764 qui
1481 3709 1645 3763 super
1668 3694 1838 3750 maria
1868 3704 2069 3749 terram

502 3782 752 3840 fundavit
793 3793 847 3840 et
892 3784 1089 3849 ell’eeit,
1142 3795 1201 3841 ut
1253 3800 1413 3841 secus
1448 3783 1730 3839 ﬂuminum
1775 3785 2069 3840 decursum

502 3877 704 3948 optime
731 3877 994 3932 collocata
1017 3886 1180 3933 esset.
1212 3876 1383 3944 Quam
1414 3885 1592 3931 autem
1629 3877 1702 3933 ob
1726 3892 1946 3933 causam
1975 3876 2072 3932 ad-

501 3969 672 4035 venit,
716 3969 824 4025 nisi
852 3977 911 4024 ut
940 3977 994 4025 te
1022 3984 1089 4024 ex
1115 3969 1327 4041 peccati
1366 3968 1623 4039 voragine
1666 3968 1976 4033 liberatum,
2016 3975 2072 4022 et

501 4061 657 4131 regni
682 4076 928 4127 currum,
992 4061 1046 4115 id
1079 4070 1185 4126 est,
1236 4060 1458 4114 virtutis
1508 4060 1813 4115 institutum
1861 4060 1914 4114 in
1952 4060 2071 4130 ipso

503 4168 736 4209 ascensu
767 4153 1137 4216 adhibentem,
1172 4154 1225 4206 in
1259 4160 1498 4207 montem
1528 4149 1858 4206 adduceret?
1884 4149 2073 4220 Neque

504 4246 649 4300 enim
676 4245 804 4300 licet
834 4246 889 4299 in
920 4253 1159 4300 montem
1211 4245 1363 4298 illum
1394 4241 1713 4304 ascendere.
1750 4242 1858 4297 nisi
1900 4242 2072 4296 virtu-

503 4342 592 4391 tes
622 4334 721 4389 tihi
754 4336 980 4390 comites
1031 4333 1368 4403 adjunxeris,
1417 4340 1473 4389 et
1521 4333 1785 4389 innocens
1815 4332 2072 4388 manibus

503 4426 699 4491 fueris,
754 4435 808 4480 et
845 4426 997 4481 nullo
1030 4426 1236 4482 scelere
1267 4426 1675 4497 coinquinatus,
1730 4425 1825 4481 sed
1866 4425 2071 4479 mundo

503 4518 670 4574 corde
715 4518 783 4573 ad
830 4517 1034 4571 nullam
1068 4518 1361 4573 vanitatem
1418 4518 1663 4572 animum
1702 4527 1857 4572 tuum
1899 4516 2075 4585 appli-
2102 4521 2150 4580 υ

504 4611 709 4673 eueris,
752 4624 853 4666 nee
885 4609 1012 4664 dolo
1036 4610 1343 4679 proximum
1384 4618 1535 4664 tuum
1574 4608 1875 4677 deceperis.
1906 4607 2073 4664 Istius

506 4718 771 4759 ascensus
803 4701 1087 4774 praemium
1130 4709 1216 4758 est
1246 4702 1571 4768 benedictio,
1605 4701 1735 4757 huic
1778 4700 2071 4772 repositam

504 4791 653 4848 Deus
702 4790 1135 4847 misericordiam
1190 4791 1436 4861 largitur.
1498 4791 1629 4847 Hac
1680 4801 1757 4846 est
1808 4792 2074 4862 generatio

503 4884 853 4955 quaerentium
882 4899 1020 4949 eum,
1057 4899 1156 4954 per
1176 4884 1431 4939 virtutem
1460 4884 1512 4939 in
1551 4884 1784 4939 sublime
1811 4898 2076 4940 conscen-

505 4975 774 5039 dentium,
809 4984 860 5029 et
882 4976 1226 5044 quwrentium
1260 4974 1452 5041 faciem
1486 4974 1583 5029 Dei
1620 4973 1809 5028 Iacob.

1778 372 1833 423 S.
1867 370 2193 426 CllEGORll
2232 371 2524 427 NYSSENI

3633 381 3729 435 697

2170 486 2585 556 συνεισενεγκὼν
2602 486 2953 558 εὐφροσύνην.
2988 488 3075 540 Ἑν
3111 488 3209 560 μὲν
3240 488 3345 561 γὰρ
3379 490 3452 557 τῷ
3487 490 3585 554 ἐνὶ,
3609 496 3721 564 πρό-

2166 578 2330 631 ϐατόν
2359 596 2416 631 σε
2454 579 2661 632 κελεύει
2695 580 2951 648 γενέσθαι
2987 580 3139 652 παρά
3171 580 3265 634 τοῦ
3300 582 3434 634 Θεοῦ
3465 585 3730 654 ποιμαινό-

2171 686 2327 739 μενον
2349 708 2364 732 ,
2391 670 2485 724 καὶ
2514 670 2725 734 οὐδενὸς
2748 671 2857 725 τῶν
2885 672 3104 741 ἀγαθῶν
3127 673 3250 725 ύστε
3260 676 3350 745 ρού
3360 691 3516 743 μενον
3534 692 3547 703 ⁸
3580 668 3624 743 ᾧ
3647 676 3730 727 κα¹δ

2169 762 2276 814 πόα
2302 763 2492 833 νομῆς,
2537 764 2630 817 καὶ
2677 763 2820 836 ὕδωρ
2860 763 3237 829 ἀναπαύσεως,
3285 766 3377 819 καὶ
3409 765 3603 838 τροφὴ,
3645 768 3734 821 καὶ

2172 854 2364 923 σκηνὴ,
2413 855 2507 908 καὶ
2556 854 2760 925 τρίϐος.
2810 856 2905 909 καὶ
2938 856 3152 926 ὁδηγία,
3195 857 3291 909 καὶ
3318 857 3491 910 πάντα
3530 859 3734 926 γίνεται

2167 945 2197 995 6
2256 943 2457 1015 ποιμὴν
2502 946 2530 997 6
2573 944 2767 1009 καλὸς,
2796 946 2931 1015 πρὸς
2981 948 3159 1000 πᾶσαν
3188 948 3375 1019 χρείαν
3408 948 3503 1020 τὴν
3543 952 3738 1004 ἑαυτοῦ

2170 1033 2329 1104 χάριν
2384 1035 2706 1106 προσφόρως
2769 1038 3167 1107 καταμερίζων.
3227 1039 3304 1091 Δι’
3358 1033 3432 1093 ὧν
3485 1041 3737 1095 ἁπάντων

2170 1124 2413 1177 παιδεύει
2472 1124 2569 1194 τὴν
2632 1126 2989 1197 Ἐκκλησίαν,
3055 1127 3138 1181 ὅτι
3202 1129 3306 1199 χρή
3365 1146 3422 1182 σε
3468 1130 3740 1201 πρόϐατον

2173 1218 2385 1288 πρῶτον
2404 1218 2657 1285 γενέσθαι
2678 1218 2770 1272 τοῦ
2801 1218 2965 1272 καλοῦ
2996 1220 3270 1290 ποιμένος,
3302 1220 3390 1274 διὰ
3413 1224 3511 1292 τῆς
3529 1223 3742 1291 ἀγαθῆς

2156 1310 2525 1379 ’κατηχήσεως
2569 1310 2705 1380 πρὸς
2750 1310 2850 1373 τὰς
2893 1309 3041 1374 θείας
3070 1312 3176 1365 τῶν
3200 1311 3541 1381 διδαγμάτων
3571 1315 3741 1384 νομάς
3804 1300 3805 1305 η

2172 1420 2229 1456 τε
2269 1403 2363 1455 καὶ
2401 1402 2582 1472 πηγὰς
2611 1401 2991 1471 ὁδηγούμενον,
3028 1404 3107 1465 είς
3137 1403 3196 1457 τὸ
3230 1405 3562 1474 συνταφῆναι
3594 1404 3739 1475 αὐτῷ
3794 1448 3805 1463 ν.

2171 1493 2260 1546 διὰ
2286 1491 2378 1546 τοῦ
2401 1492 2706 1563 βαπτισμοῦ
2731 1495 2808 1556 είς
2838 1493 2927 1545 τὸν
2949 1493 3195 1557 θάνατον,
3219 1494 3311 1547 καὶ
3339 1494 3414 1566 μὴ
3437 1494 3740 1566 φοϐηθῆναι

2169 1582 2264 1635 τὸν
2292 1580 2530 1634 τοιοῦτον
2574 1580 2817 1634 θάνατον.
2867 1581 2942 1633 Οὐ
2986 1580 3096 1650 γὰρ
3132 1580 3359 1643 θάνατος
3386 1576 3539 1643 οὗτός
3570 1581 3739 1644 ἐστιν,

2174 1670 2308 1725 ἀλλὰ
2323 1671 2553 1725 θανάτου
2573 1671 2698 1725 σκιά
2714 1672 2806 1724 καὶ
2817 1671 3137 1741 ἐκτύπωμα.
3170 1671 3311 1725 Ἐὰν
3327 1672 3433 1742 γὰρ
3450 1670 3737 1740 πορευθῶ,

2175 1780 2359 1834 φησιν,
2399 1762 2656 1832 ἐνμέσῳ
2691 1762 2869 1825 σκιᾶς
2902 1762 3182 1824 θανάτου,
3215 1762 3286 1816 οὐ
3330 1760 3741 1830 φοϐηθήσομαι

2171 1857 2251 1921 ὡς
2292 1856 2483 1909 κακὸν
2529 1854 2595 1908 τὸ
2650 1855 2963 1925 γινόμενον
2985 1867 2999 1881 ·
3046 1853 3135 1905 ὅτι
3178 1852 3259 1907 σὺ
3300 1854 3428 1920 μετ’
3472 1849 3622 1919 ἐμοῦ
3668 1847 3737 1903 εἶ.

2171 1943 2324 1999 Μετὰ
2364 1944 2536 1998 ταῦτα
2574 1944 2963 2015 παρακαλέσας
3005 1945 3073 2014 τῇ
3120 1941 3394 2013 βακτηρία
3426 1944 3523 1996 τοῦ
3573 1942 3741 1996 Πνεύ-

2174 2054 2373 2109 ματος·
2421 2038 2451 2089 6
2497 2036 2605 2107 γὰρ
2647 2035 2994 2107 παράκλητος
3040 2034 3101 2088 τὸ
3160 2034 3385 2105 [Ινεῦμά
3435 2037 3588 2103 ἐστι’
3645 2034 3740 2104 τὴν

2173 2129 2437 2200 μυστικὴν
2471 2126 2759 2198 προτίθησι
2799 2126 3100 2198 τράπεζαν,
3133 2125 3231 2197 τὴν
3268 2126 3327 2192 ἐξ
3371 2127 3613 2180 ἐναντίου
3645 2127 3743 2194 τῆς

2168 2220 2276 2273 τῶν
2301 2220 2564 2291 δαιμόνων
2598 2218 2875 2289 τραπέζης
2900 2217 3332 2289 ἐτοιμασθεῖσαν.
3368 2219 3598 2272 Ἐκεῖνοι
3635 2219 3745 2289 γὰρ

2167 2317 2307 2392 ἦσαν
2332 2322 2381 2374 οί
2404 2320 2489 2374 διὰ
2515 2320 2615 2390 τῆς
2641 2317 3081 2390 είδωλολατρείας
3109 2317 3207 2389 τὴν
3230 2314 3373 2386 ζωὴν
3401 2312 3509 2366 τῶν
3540 2310 3747 2381 ἀνθρώ-

2169 2430 2287 2466 πων
2316 2412 2685 2476 ἔικθλίϐοντες⁹
2718 2405 2792 2466 ὧν
2834 2411 2893 2477 ἐξ
2933 2409 3175 2465 ἐναντίου
3224 2409 3258 2478 ἡ
3290 2405 3385 2459 τοῦ
3429 2402 3746 2472 Πνεύματος

2169 2503 2433 2574 τράπεζα.
2478 2498 2611 2556 Εἶτα
2658 2502 2874 2574 μυρίζει
2902 2501 3007 2573 τὴν
3045 2498 3286 2571 κεφαλὴν
3325 2497 3403 2568 τῷ
3445 2496 3610 2565 ἐλαίῳ
3649 2493 3745 2546 τοῦ

2174 2595 2511 2667 Πνεύματος,
2541 2596 2636 2649 καὶ
2660 2595 2912 2666 προσθεὶς
2936 2593 3082 2666 αύτῷ
3108 2588 3248 2646 οἶνον
3276 2591 3367 2644 τὸν
3387 2589 3486 2661 τὴν
3517 2587 3749 2658 καρδίαν

2170 2688 2548 2760 εὐφραίνοντα,
2593 2686 2692 2757 τὴν
2734 2688 3009 2758 νήφουσαν
3050 2685 3265 2753 ἐκείνην
3310 2681 3478 2753 μέθην
3523 2678 3749 2749 ἐμποιεῖ

2170 2783 2235 2851 τῇ
2262 2780 2432 2851 ψυχῇ.
2458 2781 2659 2851 στήσας
2681 2781 2808 2844 τοὺς
2824 2778 2914 2849 λογ
2928 2778 3118 2851 ισμοὺς
3137 2775 3245 2830 ἀπὸ
3263 2774 3370 2827 τῶν
3392 2771 3748 2844 προσκαίρων

2171 2874 2309 2944 πρὸς
2322 2872 2384 2925 τὸ
2406 2872 2576 2927 ἀΐδιον
2591 2888 2605 2903 ·
2628 2873 2656 2926 6
2674 2871 2781 2942 γὰρ
2803 2871 2903 2941 τῆς
2921 2869 3176 2940 τοιαύτης
3194 2867 3526 2936 γευσάμενος
3550 2862 3752 2933 μέθης,

2170 2960 2506 3031 διαμείϐεται
2547 2959 2642 3013 τοῦ
2680 2959 2970 3031 ὡκυμόρου
3010 2959 3070 3012 τὸ
3114 2954 3486 3024 ἀτελεύτητον.
3517 2954 3601 3015 είς
3650 2968 3752 3020 μα-

2172 3052 2409 3123 κρότητα
2438 3051 2662 3124 ἡμερῶν
2711 3052 2809 3123 τὴν
2833 3052 2890 3104 ἐν
2921 3050 2998 3121 τῷ
3022 3049 3156 3120 οἴκῳ
3179 3048 3271 3103 τοῦ
3301 3045 3435 3100 Θεοῦ
3464 3043 3749 3113 διαγωγὴν

2176 3143 2535 3214 παρατείνων.
2583 3142 2819 3197 Τοιαῦτα
2861 3144 2993 3214 ἡμῖν
3027 3144 3085 3195 ἐν
3242 3140 3321 3193 ἑνὶ
3363 3137 3472 3191 τῶν
3510 3135 3754 3206 ψαλμῶν

2173 3236 2555 3307 χαρισάμενος,
2583 3234 2718 3307 1:96;
2759 3233 2979 3303 μείζονα
3005 3234 3098 3286 καλ⁸
3126 3230 3455 3302 τελεωτέραν
3481 3226 3753 3299 εὐφροσύ-

2174 3346 2270 3397 νην
2293 3328 2352 3381 ὲν
2374 3327 2451 3397 τῷ
2472 3325 2598 3397 ἑξῆς
2630 3325 2829 3397 ψαλμῷ
2860 3326 2957 3395 τὴν
2991 3324 3165 3396 ψυχὴν
3194 3323 3501 3393 ἐπεγείρει·
3536 3320 3660 3381 καὶ,
3702 3321 3757 3372 εί

2174 3420 2337 3485 δοκεῖ,
2389 3420 2482 3473 καὶ
2519 3418 2708 3472 τούτου
2752 3419 2852 3490 τὴν
2892 3418 3129 3472 διάνοιαν
3170 3418 3299 3487 ὑμῖν
3346 3410 3752 3486 παραϐώμεθα,

2174 3512 2239 3565 δι’
2268 3512 2464 3580 ὀλίγων
2504 3512 2903 3582 ὲπιτεμόμενοι.
2942 3511 3052 3566 Τοῦ
3086 3510 3303 3579 Κυρίου
3340 3509 3379 3577 ἡ
3428 3508 3502 3579 γῆ
3547 3507 3651 3561 καὶ
3685 3507 3753 3559 τὸ

2176 3604 2465 3674 πλήρωμα
2490 3603 2700 3672 αὐτῆς.
2731 3603 2796 3656 Τί
2824 3599 2916 3657 οὖν
2960 3602 3161 3674 ξενίζῃ,
3205 3596 3249 3655 ὣ
3290 3600 3567 3671 ἄνθρωπε,
3614 3600 3667 3652 εἰ
3727 3599 3761 3650 6

2175 3697 2306 3759 Θεὸς
2330 3696 2485 3767 ἡμῶν
2508 3696 2601 3749 ἐπὶ
2620 3695 2722 3766 γῆς
2744 3693 2920 3766 ὤφθη,
2949 3693 3175 3755 καὶτοῖς
3222 3691 3529 3764 ἀνθρώποις
3556 3706 3761 3742 συναν⁴

2176 3789 2455 3858 εστράφης
2476 3786 2681 3857 κτίσμα
2702 3784 2811 3856 γὰρ
2832 3785 3088 3855 ἐκείνουὴ
3109 3784 3204 3852 γῆ,
3232 3782 3366 3836 διότι
3388 3780 3483 3834 καὶ
3508 3780 3758 3850 ποίημα.

2178 3879 2387 3935 Οὐκοῦν
2442 3879 2594 3933 οὐδὲν
2640 3878 2849 3944 καινὸν,
2890 3878 3009 3931 οὐδὲ
3057 3877 3160 3941 ἔξω
3206 3874 3299 3929 τοῦ
3337 3874 3666 3946 πρέποντος,
3694 3873 3763 3923 τὸ

2178 3976 2257 4035 εἰς
2283 3972 2349 4026 τὰ
2376 3972 2481 4026 ίδια
2511 3971 2682 4025 ἐλθεῖν
2713 3973 2803 4024 τὸν
2831 3969 3127 4038 Δεσπότηνο
3158 3968 3219 4021 ού
3260 3966 3368 4037 γὰρ
3396 3966 3454 4019 ἐν
3480 3964 3762 4034 ἀλλοτρίῳ

2178 4067 2382 4135 γίνεται
2436 4066 2643 4135 κόσμῳ,
2692 4063 2805 4117 ἀλλ’
2844 4063 2903 4117 δν
2952 4061 3113 4124 αὐτὸς
3151 4059 3536 4130 συνεστήσατο,
3580 4058 3610 4109 6
3660 4058 3762 4109 ἐπὶ

2178 4156 2460 4218 θαλασσιῖη
2509 4155 2841 4224 θεμελιώσας
2888 4154 2984 4226 τὴν
3028 4154 3152 4224 γῆν,
3182 4152 3276 4206 καὶ
3317 4150 3452 4222 πρὸς
3495 4147 3601 4219 τὴν
3644 4146 3765 4200 τῶν

2180 4245 2438 4316 ποταμῶν
2476 4245 2643 4299 δίοδον
2666 4244 2881 4298 εὔθετον
2918 4244 3085 4315 αὐτὴν
3124 4239 3264 4296 εἶναι
3294 4239 3763 4311 παρασκευάσας.

2192 4341 2359 4413 Ὑπὲρ
2387 4340 2528 4403 τίνος
2551 4334 2642 4393 οὖν
2667 4341 2700 4405 ἡ
2738 4337 3039 4409 παρουσίας
3074 4337 3190 4389 Ἵνα
3215 4351 3275 4387 σε
3312 4333 3421 4387 τῶν
3457 4329 3772 4402 βαράθρων

2178 4432 2276 4503 τῆς
2304 4431 2574 4503 ἁμαρτίας
2608 4427 2875 4497 ἐκϐαλὼν,
2898 4428 2991 4480 ἐπὶ
3009 4427 3211 4498 τὸ,δρος
3233 4424 3433 4494 ἀγάγῃ,
3471 4422 3769 4493 βασιλείας

2175 4526 2410 4595 ὀχήματι
2454 4524 2591 4595 πρὸς
2630 4523 2728 4593 τὴν
2772 4521 2954 4575 ἄνοδον
2998 4522 3065 4591 τῇ
3113 4518 3233 4572 κατ’
3270 4516 3467 4589 ἀρετὴν
3505 4514 3773 4583 πολιτείᾳ

2180 4616 2542 4688 χρησάμενον.
2604 4616 2679 4669 Ού
2738 4612 2847 4683 γὰρ
2889 4613 3033 4665 ἔστιν
3083 4609 3324 4665 ἀνελθεῖν
3375 4608 3468 4660 ἐπὶ
3512 4606 3579 4660 τὸ
3625 4607 3773 4677 ὅρος

2182 4705 2376 4767 ἐκεῖνο,
2425 4706 2475 4757 εἰ
2519 4703 2594 4776 μὴ
2635 4706 2757 4767 ταῖς
2799 4703 3021 4774 ἀρεταῖς
3069 4699 3438 4754 συνοδεύσειε’
3480 4699 3604 4760 ταῖς
3655 4698 3775 4766 μὲν

2181 4796 2366 4867 χερσὶν
2403 4794 2577 4860 ἀθῶος
2600 4793 2907 4863 γενόμενος,
2938 4792 3032 4846 καὶ
3056 4791 3295 4864 μηδεμιᾷ
3320 4789 3534 4860 πονηρᾷ
3555 4785 3773 4858 πράξει

2183 4885 2539 4957 ρυπούμενος,
2575 4884 2815 4955 καθαρὸς
2847 4883 2904 4937 δὲ
2930 4886 2995 4953 τῇ
3026 4881 3244 4955 καρδίᾳ,
3290 4880 3427 4952 πρὸς
3463 4879 3619 4933 οὐδὲν
3648 4878 3779 4948 μά-

2181 4992 2333 5029 ταιον
2370 4976 2468 5047 τὴν
2502 4974 2678 5047 ψυχὴν
2709 4973 2902 5029 ἑαυτοῦ
2939 4974 3140 5045 φέρων,
3185 4971 3317 5043 μηδέ
3340 4988 3463 5025 τινα
3487 4969 3637 5022 δόλον
3682 4968 3781 5038 τῷ

505 5067 732 5137 πλησίον
777 5066 1189 5139 ἐξαρτυόμενος.
1215 5067 1431 5137 Ταύτης
1462 5068 1559 5138 τῆς
1597 5068 1910 5129 ἀναϐάσεως
1940 5065 2169 5120 ἔπαθλον
2199 5069 2345 5121 ἐστιν
2404 5070 2438 5140 ἡ
2472 5067 2724 5136 εὐλογία·
2791 5066 2963 5136 τούτῳ
2999 5065 3183 5119 δίδωσι
3242 5064 3343 5134 τὴν
3377 5058 3783 5131 ἀποκειμένην

504 5160 872 5231 ἐλεημοσύνην
892 5162 920 5215 6
940 5159 1161 5230 Κύριοςο
1184 5160 1343 5226 Αὕτη
1364 5160 1534 5214 ἐστὶν
1554 5162 1590 5229 ἠ
1613 5160 1728 5214 τῶν
1747 5159 2075 5228 ζητούντων
2111 5160 2298 5214 αὑτὸν
2326 5160 2516 5232 γενεὰ,
2541 5161 2650 5213 τῶν
2690 5160 2755 5213 δι’
2788 5160 2989 5231 ἀρετῆς
3022 5159 3159 5229 πρὸς
3228 5156 3361 5226 ὕψος
3430 5153 3785 5208 ἀναϐαινόν-

504 5269 635 5310 των.
659 5253 756 5305 καὶ
788 5252 1122 5321 ζητούντων
1154 5252 1221 5306 τὸ
1250 5252 1572 5320 πρόσωπον
1600 5254 1707 5308 τοῦ
1735 5252 1883 5307 Θεοῦ
1931 5251 2144 5306 Ἰακώϐ.

579 5347 820 5418 Hujusce
848 5347 1047 5419 psalmi
1079 5363 1207 5418 pars
1236 5348 1447 5418 reliqua
1480 5346 1713 5403 forsitan
1763 5347 2074 5417 evangelica

507 5440 672 5494 etiam
701 5454 836 5495 voce
862 5439 1223 5510 doctrinaque
1258 5439 1544 5495 sublimior
1590 5447 1693 5495 est.
1725 5438 1859 5492 Nam
1895 5439 2076 5493 Evan-

508 5531 707 5599 gelium
767 5529 983 5586 Domini
1042 5531 1495 5588 consuetudinem
1553 5538 1606 5585 et
1659 5530 1851 5594 vitam,
1913 5544 2075 5599 quam

509 5622 620 5693 egit
648 5624 703 5676 in
732 5632 900 5689 terra,
931 5630 986 5679 et
1014 5624 1135 5694 ejus
1167 5624 1399 5681 reditum
1430 5624 1486 5679 in
1510 5623 1711 5680 calum
1741 5631 1947 5678 narrat.
1981 5620 2080 5678 Hic

585 5800 771 5857 ‘Psal.
801 5800 986 5868 1:11,!
1023 5816 1142 5872 sqq.
1222 5804 1264 5834 ¹⁶
1305 5801 1440 5859 Psal.
1476 5816 1607 5867 un,
1639 5800 1688 5853 4.

2253 5340 2325 5392 Τὸ
2354 5337 2409 5391 δὲ
2446 5336 2641 5407 ἐφεξῆς
2668 5338 2766 5408 τῆς
2797 5336 3135 5406 ψαλμῳδίας,
3162 5335 3255 5388 καὶ
3283 5334 3452 5405 αὐτῆς
3479 5333 3619 5401 τάχα
3656 5334 3785 5402 τῆς

2184 5429 2539 5499 εύαγγελικῆς
2579 5428 2923 5492 διδασκαλίας
2964 5430 3110 5482 ἐστὶν
3150 5427 3496 5498 ὑψηλότερον.
3534 5426 3603 5478 T6
3654 5428 3789 5495 μὲν

2182 5524 2291 5592 γὰρ
2326 5517 2681 5586 Εύαγγέλιον,
2713 5519 2810 5590 τὴν
2843 5519 2933 5571 ἐπὶ
2957 5518 3059 5589 γῆς
3094 5516 3189 5571 τοῦ
3223 5514 3422 5585 Κυρίου
3448 5512 3785 5582 διαγωγὴν,

2184 5617 2277 5669 καὶ
2308 5612 2405 5683 τὴν
2442 5611 2783 5683 ἀναστροφὴν
2813 5612 3124 5683 διηγήσατο.
3180 5609 3240 5664 '0
3268 5606 3327 5662 δὲ
3359 5603 3554 5677 ὑψηλὸς
3586 5598 3795 5670 οὗτος

1766 5802 1784 5830 ²
1818 5798 1969 5853 Psal.
1992 5813 2107 5864 cui,
2140 5798 2222 5852 15.
2305 5798 2324 5827 ³
2351 5794 2503 5851 Psal.
2528 5807 2686 5859 unt,
2719 5791 2747 5846 1
2779 5806 2900 5861 sqq.
