3842 6464
100 352 182 410 693

1200 348 1269 404 ΙΝ
1303 348 1579 406 CHRISTI
1606 344 2109 409 ASCENSIONEM.

3210 347 3317 406 694

102 465 380 538 προφήτης,
411 462 579 527 ἐκϐὰς
611 462 773 528 αὐτὸς
808 463 1017 531 ἐαυτὸν,
1048 464 1124 530 ὡς
1153 466 1219 520 ἂν
1250 466 1325 538 μὴ
1343 466 1640 539 ’βαρύνοιτο

1764 478 1922 526 ιιιιοηι
1938 485 2189 526 excelsus
2212 468 2481 541 Propheta
2501 483 2667 541 supra
2697 483 2758 526 se
2776 468 2955 542 ipsum
2994 467 3313 542 egrediens,

102 561 161 629 τῷ
202 556 435 626 ἐφολκίῳ
479 555 575 609 τοῦ
625 556 896 627 σώματος,
952 558 1045 611 κα)⁸
1092 561 1213 622 ταῖς
1256 560 1646 631 ὑπερκοσμίοις

100 650 366 719 δυνάμεσιν
406 647 599 702 ἐαυτὸν
632 648 969 719 καταμίξας,
995 648 1093 713 τὰς
1128 649 1352 703 ἐκείνων
1379 652 1511 721 ἡμῖν
1536 668 1649 721 φω-

102 741 177 801 νὰς
205 739 567 811 διεξέρχεται,
595 740 683 793 ὅτε
713 740 1199 811 προπομπεύουσαι
1237 740 1332 795 τοῦ
1378 741 1647 796 Δεσπότου

102 831 177 883 ἐπὶ
198 829 292 901 τὴν
324 828 570 894 κάθοδον,
592 829 892 901 ἐπαρθῆναι
920 830 1200 887 κελεύουσι
1221 832 1329 885 τῶν
1357 834 1649 903 περιγείων

103 919 345 989 ἀγγέλων,
363 918 473 971 τῶν
497 919 597 989 τὴν
624 919 970 992 ἀνθρωπίνην
1001 920 1147 993 ζωὴν
1180 922 1646 994 πεπιστευμένων,

102 1012 183 1074 τὰς
204 1011 461 1077 εἰσόδους,
488 1010 764 1079 λέγουσαν
796 1012 1001 1079 Ἄρατε
1029 1013 1245 1080 πύλας,
1263 1015 1317 1067 οι
1340 1014 1647 1083 ἄρχοντες,

104 1103 265 1173 ὑμῶν,
298 1103 397 1156 καὶ
423 1102 738 1171 ἐπάρθητε,
771 1104 956 1157 πύλαι
982 1104 1224 1171 αίώνιοι,
1258 1105 1357 1159 καί
1387 1106 1653 1159 εἰσελεύ-

103 1212 249 1248 σεται
280 1197 314 1248 ό
347 1194 646 1261 Βασιλεὺς
681 1193 790 1263 τῆς
816 1195 1024 1261 δόξης.
1054 1196 1164 1250 Καὶ
1192 1195 1376 1267 ἐπειδὴ
1406 1198 1485 1259 είς
1521 1195 1550 1249 ὃ
1585 1196 1651 1250 ἂν

105 1289 308 1357 γένηται
332 1287 360 1338 6
382 1286 445 1338 τὸ
464 1287 571 1339 πᾶν
595 1288 654 1340 ὲν
678 1286 856 1357 ἐαυτῷ
881 1287 1168 1359 περιέχων,
1204 1288 1513 1359 σύμμετρον
1535 1289 1655 1341 ἐαυ-

103 1379 179 1431 τὸν
205 1377 281 1447 τῷ
308 1378 582 1449 δεχομένῳ
614 1381 756 1431 ποιεῖ
775 1394 790 1409 ·
815 1378 876 1431 οὐ
920 1378 1030 1449 γάρ
1076 1379 1234 1449 μόνον
1263 1382 1322 1432 ἐν
1348 1378 1652 1450 ἀνθρώποις

104 1470 368 1540 ἅνθρωπος
400 1470 629 1537 γίνεται,
659 1468 793 1523 ἀλλά
848 1469 988 1524 κατὰ
1016 1470 1078 1523 τὸ
1105 1470 1392 1524 ἀκόλουθον
1437 1470 1653 1531 πάντως

104 1561 181 1616 καὶ
216 1564 275 1614 ὲν
304 1561 557 1630 ἀγγέλοις
587 1563 886 1631 γινόμενος,
924 1561 1060 1632 πρὸς
1096 1563 1197 1632 τὴν
1228 1562 1452 1616 ἐκείνων
1492 1563 1653 1630 φύσιν

104 1654 275 1706 ἑαυτὸν
308 1653 647 1721 συγκατάγει
668 1669 680 1682 ·
714 1653 805 1706 διὰ
831 1651 988 1706 τοῦτο
1020 1653 1308 1725 χρῄζουσιν
1336 1654 1387 1707 οἱ
1415 1652 1655 1725 πυλωροὶ

102 1745 180 1797 τοῦ
196 1744 519 1808 δεικνύντος·
550 1745 646 1810 Τίς
669 1745 838 1798 ἐστιν
861 1739 1037 1810 οὗτος
1061 1748 1093 1798 ό
1115 1745 1414 1812 Βασιλεὺς
1438 1743 1546 1812 τῆς
1560 1745 1655 1797 δό-

103 1840 233 1905 ξηςς
268 1831 346 1891 Ob
378 1837 540 1907 χάριν
570 1836 660 1890 τὸν
697 1837 955 1907 κραταιὸν
997 1837 1178 1901 αὐτοῖς
1218 1838 1313 1891 καὶ
1344 1837 1567 1891 δυνατὸν
1599 1838 1655 1889 ἐν
1688 1817 1729 1871 Β

104 1930 311 2000 πολέμῳ
334 1927 760 1993 ὑποδεικνύουσι,
782 1928 872 1981 τὸν
899 1927 1158 1996 μέλλοντα
1188 1928 1323 1996 πρὸς
1345 1927 1435 1982 τὸν
1458 1929 1656 1998 αἰχμα-

101 2016 389 2070 λωτίσαντα
418 2016 517 2085 τὴν
565 2015 907 2087 ἀνθρωπίνην
931 2016 1092 2085 φύσιν
1116 2016 1541 2088 συμπλέκεσθαι,
1566 2019 1659 2070 καὶ

102 2104 378 2158 καταλύειν
421 2105 513 2158 τὸν
557 2104 747 2175 ἔχοντα
795 2104 889 2158 τοῦ
942 2106 1171 2160 θανάτου
1209 2107 1268 2161 τὸ
1305 2108 1533 2179 κράτος*
1575 2109 1662 2162 ἶνα

98 2195 179 2247 τοῦ
209 2197 441 2266 ἐσχάτου
474 2195 669 2267 ἐχθροῦ
695 2195 1100 2264 ἀφανισθέντος,
1145 2199 1225 2260 εἰς
1262 2197 1572 2268 ἐλευθερίαν
1600 2214 1660 2249 τε

104 2287 184 2338 καὶ
211 2288 439 2357 είρὴνην
465 2285 739 2358 άνακληθῇ
772 2286 833 2340 τὸ
863 2286 1219 2358 ἀνθρώπινον.
1264 2289 1430 2342 Πάλιν
1454 2289 1659 2360 διεξέρ-

104 2397 241 2448 χεται
266 2379 369 2444 τὰς
395 2379 586 2449 ὁμοίας
614 2379 817 2448 φωνάς’
851 2379 1202 2451 πεπλήρωται
1223 2381 1330 2452 γὰρ
1354 2381 1453 2451 ἡδη
1480 2382 1542 2435 τὸ
1566 2381 1662 2436 τοῦ

104 2473 325 2526 θανάτου
366 2473 663 2543 μυστήριον
684 2511 700 2536 ,
734 2471 830 2526 καὶ
861 2471 1214 2543 κατώρθωται
1250 2475 1390 2527 κατά
1426 2474 1535 2527 τῶν
1573 2492 1665 2527 πο-

102 2563 297 2633 λεμίων
343 2564 376 2633 ἡ
411 2561 534 2632 νίκη
556 2602 571 2627 ,
608 2561 701 2615 καὶ
733 2563 1027 2634 ἐγήγερται
1066 2563 1127 2617 τὸ
1165 2565 1284 2617 κατ’
1321 2564 1501 2617 αὐτῶν
1541 2566 1663 2635 τρόο

105 2671 250 2708 παιον
275 2655 307 2707 6
330 2653 582 2724 σταυρός*
609 2653 717 2707 Καὶ
743 2654 929 2708 πάλιν
950 2656 1130 2723 ἀνέϐη
1153 2657 1240 2721 είς
1258 2656 1435 2724 ὕψος,
1454 2660 1666 2727 αἰχμα-

105 2745 372 2798 λωτεύων
397 2742 513 2811 τὴν
544 2744 979 2812 αἰχμαλωσίαν,
1011 2746 1041 2797 ὁ
1064 2745 1186 2809 δοὺς
1206 2746 1304 2816 τὴν
1328 2746 1473 2818 ζωήν
1492 2766 1550 2801 τε
1572 2749 1667 2803 καὶ

105 2838 190 2905 τὴν
219 2834 535 2905 βασιλείαν,
564 2834 631 2887 τά
662 2834 841 2903 ἀγαθὰ
867 2834 1037 2889 ταῦτα
1076 2836 1281 2906 δόματα
1306 2839 1419 2902 τοῖς
1459 2840 1668 2910 ἀνθρώ-

105 2946 235 2991 ποις.
287 2928 401 2983 Καὶ
446 2929 528 2983 δεῖ
568 2927 730 2980 πάλιν
771 2927 1081 2997 ἀνοιχθῆναι
1126 2928 1223 2992 τὰς
1269 2930 1669 3001 ὑπερκειμένας

106 3018 272 3081 πύλας
313 3018 485 3088 αὐτῷ,
534 3018 1148 3088 Ἀντιμεταλαμϐάνουσι
1194 3021 1293 3090 τὴν
1340 3022 1670 3093 προπομπὴν

1748 571 2004 630 tanquam
2038 560 2286 630 corporis
2332 574 2499 615 onere
2534 559 2668 615 nihil
2702 568 3000 631 prematur,
3058 559 3223 615 infert
3257 573 3316 615 se

1748 650 2063 706 caelestibus
2099 651 2479 721 potestatibus,
2524 661 2578 706 et
2607 666 2770 709 voces
2799 667 2986 709 earum
3029 651 3187 706 nobis
3221 667 3317 706 cx-

1748 738 1921 808 ponit,
1975 754 2101 795 cum
2150 741 2206 795 in
2239 740 2436 798 ctelum
2489 741 2804 797 redeuntem
2856 740 3145 797 Dominum
3185 743 3319 812 ipsa:

1748 833 2095 901 comitantes,
2142 834 2370 906 angelis,
2422 834 2517 904 qui
2554 842 2844 889 versantur
2873 834 2928 888 in
2979 835 3164 899 terris,
3196 835 3317 905 qui-

1748 924 1960 994 busque
2009 925 2066 978 in
2118 924 2411 979 humanam
2443 926 2610 979 vitam
2659 925 2943 997 ingressus
2986 929 3317 988 commissus

1748 1022 1853 1079 est,
1922 1014 2191 1085 imperant
2238 1016 2306 1068 ad
2350 1014 2495 1069 hunc
2547 1010 2767 1069 modum
2807 1032 2823 1068 :
2872 1015 3059 1070 Tollite
3113 1025 3314 1084 portas,

1749 1104 2029 1173 principes,
2064 1115 2283 1167 vestras,
2322 1114 2372 1159 et
2410 1105 2707 1175 elevamini,
2745 1114 2913 1173 porta:
2942 1107 3238 1172 wternales,
3268 1116 3318 1161 ct

1750 1195 1991 1250 introibit
2021 1195 2131 1250 Rex
2159 1197 2364 1267 gloria.
2407 1196 2473 1251 Et
2498 1198 2778 1266 quoniam,
2805 1197 3113 1269 ubicunque
3161 1198 3320 1253 fuerit

1752 1288 1862 1355 ille,
1900 1288 1992 1358 qui
2025 1290 2078 1342 in
2113 1289 2294 1358 seipso
2338 1289 2521 1344 omnia
2555 1289 2817 1355 continet,
2869 1304 2969 1361 pro
3019 1290 3321 1360 suscipien-

1752 1379 1883 1433 tilm
1920 1391 2084 1448 captu
2113 1394 2171 1435 se
2203 1381 2380 1449 ipsum
2411 1379 2731 1447 dimetitur;
2767 1395 2944 1451 neque
2975 1381 3119 1436 enim
3144 1382 3319 1437 solum

1753 1471 1895 1526 inter
1920 1470 2170 1526 homines
2218 1471 2381 1526 homo
2433 1470 2512 1533 fit,
2568 1472 2945 1537 verumetiam,
3000 1471 3127 1526 dum
3184 1471 3325 1527 inter

1753 1563 1973 1632 angelos
2003 1571 2271 1626 versatur,
2318 1562 2386 1616 ad
2432 1562 2645 1617 illorum
2684 1570 2936 1616 naturam
2968 1578 3089 1619 sese
3124 1563 3323 1618 demit-

1755 1653 1858 1708 tit:
1889 1654 2094 1709 idcirco
2124 1661 2436 1708 narrantem
2476 1654 2738 1724 ianitores
2761 1654 3135 1726 interrogant:
3192 1654 3322 1721 Quis

1755 1756 1826 1801 est
1859 1746 1958 1801 iste
1986 1745 2096 1801 Rea:
2126 1746 2352 1817 gloria)?
2382 1744 2737 1817 Respondent
2766 1747 2900 1817 ipsis
2924 1746 3327 1802 demonstrant—

1756 1854 1861 1909 que
1891 1837 2083 1892 fortem
2120 1845 2175 1891 et
2210 1845 2483 1907 potentem
2513 1838 2569 1891 in
2602 1837 2815 1907 prmlio,
2865 1837 2958 1907 qui
2989 1842 3327 1907 pugnaturus

1756 1938 1873 1985 erat
1900 1938 2090 1985 contra
2120 1930 2295 1993 illum,
2327 1931 2420 1999 qui
2464 1939 2714 1985 naturam
2750 1931 3042 1985 humanam
3072 1930 3127 1985 in
3154 1929 3329 1986 servi-

1759 2027 1874 2074 tute
1934 2020 2202 2089 captivam
2257 2018 2550 2080 detinebat,
2612 2027 2668 2074 et
2716 2034 3009 2074 eversurus
3056 2034 3177 2073 eum
3234 2018 3330 2087 qui

1758 2110 1951 2166 mortis
2003 2111 2238 2166 habebat
2293 2111 2582 2182 imperium
2606 2110 2649 2177 ⁸,
2709 2117 2769 2164 ιιι
2801 2109 3124 2181 gravissimo
3173 2109 3331 2164 hoste

1759 2212 2039 2272 superato,
2087 2217 2260 2270 genus
2294 2202 2575 2257 hominum
2606 2203 2663 2256 in
2703 2202 3009 2256 libertatem
3056 2208 3112 2253 et
3140 2215 3330 2269 pacem

1760 2293 2083 2348 vindicaret.
2120 2292 2358 2348 Rursum
2398 2293 2595 2359 repetit
2622 2292 2841 2348 easdem
2868 2306 3051 2346 voces.
3080 2290 3335 2361 Comple-

1763 2393 1878 2440 tum
1910 2386 2055 2441 enim
2079 2385 2191 2455 jam
2215 2393 2299 2441 est
2328 2386 2521 2441 mortis
2550 2385 2890 2456 mysterium,
2927 2391 2982 2438 et
3003 2382 3232 2438 victoria
3261 2382 3331 2438 de

1767 2480 2019 2535 hostibus
2042 2488 2333 2549 reportata,
2362 2488 2416 2535 et
2435 2488 2625 2535 contra
2651 2480 2802 2548 ipsos
2833 2478 3128 2533 excitatum
3153 2475 3335 2530 crucis

1766 2582 2047 2639 tropa'um.
2092 2570 2336 2626 Ascendit
2374 2573 2426 2624 in
2450 2571 2637 2634 altum,
2673 2572 2932 2639 captivam
2949 2570 3143 2624 ducens
3164 2570 3336 2635 capti-

1765 2665 1978 2719 vitatem
1995 2664 2036 2727 ⁸,
2054 2663 2149 2733 qui
2169 2663 2356 2727 vitam,
2371 2669 2425 2716 et
2446 2677 2695 2732 regnum,
2713 2669 2768 2716 et
2783 2661 3047 2731 praeclara
3066 2660 3182 2715 haec
3196 2659 3336 2719 dona

1766 2736 2083 2808 hominibus
2105 2751 2317 2807 tribuit.
2338 2750 2609 2822 Imposita:
2632 2751 2712 2804 illi
2736 2764 2930 2804 rursus
2951 2745 3338 2818 patefacienda:

1769 2852 1895 2900 sunt
1932 2851 2119 2914 portae.
2152 2836 2461 2898 Occurrunt
2495 2843 2547 2897 ei
2590 2841 2763 2896 nostri
2810 2840 3083 2904 custodes,
3120 2848 3173 2893 et
3204 2852 3363 2908 por-p

1770 2944 1855 2990 tas
1874 2936 2068 3004 iubent
2094 2935 2322 3001 recludi,
2352 2942 2411 2989 ut
2439 2935 2493 2988 in
2522 2934 2655 3004 ipsis
2676 2948 2893 2988 rursum
2920 2931 3150 3002 gloriam
3183 2944 3339 2985 asse-

1771 3035 1990 3096 quatur.
2027 3026 2228 3081 Verum
2276 3043 2383 3082 non
2412 3033 2713 3106 agnoscunt
2736 3038 2883 3087 eum,
2930 3022 3023 3091 qui
3062 3020 3337 3076 sordidam

103 3114 145 3164 ol
175 3111 439 3182 ἡμέτεροι
462 3111 719 3179 φύλακες,
753 3111 848 3164 καὶ
877 3112 1186 3187 ἀνοιχθῆναι
1211 3114 1358 3184 αὑτῷ
1378 3113 1477 3178 τὰς
1504 3116 1665 3187 ὑπερ-

1775 3115 1899 3169 vita:
1945 3123 2149 3171 nostra:
2178 3117 2371 3169 stolam
2408 3114 2631 3169 indutus
2656 3120 2762 3178 est,
2812 3111 2972 3181 cujus
3016 3110 3181 3165 rubra
3214 3117 3342 3165 sunt

105 3204 363 3273 κειμένας
388 3204 559 3265 πύλας
594 3202 1073 3273 παρακελεύονται,
1097 3204 1183 3257 ἵνα
1212 3204 1373 3259 πάλιν
1395 3208 1454 3259 ἐν
1483 3207 1671 3270 αὐταῖς

103 3295 355 3366 δοξασθῇ.
401 3295 539 3348 Ἀλλ’
571 3295 841 3363 ἀγνοεῖται
873 3296 901 3347 6
931 3296 1030 3365 τὴν
1069 3297 1320 3366 ρυπαράν
1359 3298 1549 3369 στολὴν
1578 3299 1673 3352 τοῦ

106 3388 377 3457 ἡμετέρου
421 3386 537 3456 βίου
582 3386 1028 3457 περιὸαλόμενος,
1064 3381 1125 3442 οὗ
1169 3388 1230 3441 τὸ
1275 3388 1526 3461 ἐρύθημα
1568 3390 1675 3444 τῶν

107 3480 342 3549 ἱματίων
374 3479 437 3532 ἐκ
474 3478 575 3547 τῆς
614 3478 775 3549 ληνοῦ
801 3478 909 3533 τῶν
954 3477 1309 3551 ἀνθρωπίνων
1341 3481 1545 3535 κακῶν.
1580 3481 1678 3536 Διά

104 3570 261 3623 τοῦτο
289 3572 418 3639 παρ’
449 3570 671 3623 ἐκείνων
701 3572 735 3644 ἡ
765 3571 1150 3643 ἐρωτηματικὴ
1182 3572 1319 3644 αῦτη
1354 3575 1504 3644 φωνὴ
1544 3576 1679 3646 πρὸς

104 3664 229 3726 τοὺς
269 3662 758 3731 προπομπεύοντας
802 3662 1031 3730 γίνεται·
1075 3665 1170 3729 Τίς
1205 3664 1376 3718 ἐστιν
1417 3662 1594 3732 οὗτος
1645 3671 1680 3722 ό

108 3754 414 3819 Βασιλεὺς
465 3752 573 3821 τῆς
610 3753 790 3821 δόξης
804 3770 822 3818 ;
857 3750 1009 3817 εἶτα,
1044 3756 1078 3825 ἡ
1120 3756 1323 3808 τούτων
1368 3758 1680 3828 ἀπόκρισις,

106 3846 320 3909 οὐκέτι,
347 3848 402 3896 Ὀ
433 3844 708 3913 κραταιὸς
734 3846 832 3898 καὶ
857 3845 1113 3912 δυνατὸς
1137 3848 1208 3900 ἐν
1232 3849 1489 3918 πολέμῳ,
1523 3850 1679 3916 ἀλλά,

108 3939 322 4009 Κύριος
358 3937 467 3989 τῶν
511 3937 809 4008 δυνάμεων,
851 3940 880 3990 6
911 3938 1006 3991 τοῦ
1042 3940 1242 4003 παντὸς
1287 3940 1591 4012 ἐξημμένος
1622 3945 1684 3997 τὸ

110 4033 338 4101 κράτος,
379 4033 408 4083 6
430 4030 910 4100 ἀνακεφαλαιώσας
939 4031 1006 4084 τὰ
1039 4033 1213 4086 πάντα
1251 4035 1309 4086 ἐν
1340 4035 1535 4105 ἐαυτῷ,
1566 4039 1594 4089 6
1628 4038 1685 4089 ἐν

108 4125 246 4176 πᾶσι
285 4123 601 4192 πρωτεύων,
628 4124 657 4175 ὁ
695 4124 776 4186 είς
812 4123 911 4193 τὴν
949 4121 1171 4194 πρώτην
1199 4125 1373 4179 κτίσιν
1411 4127 1687 4181 ἀποκατα-

112 4218 325 4286 στήσας
348 4215 419 4267 τά
450 4216 624 4268 πάντα
644 4254 661 4279 ,
692 4214 852 4277 αὐτός
875 4217 1020 4268 ἐστιν
1051 4217 1080 4269 6
1114 4216 1372 4282 Βασιλεὺς
1390 4219 1487 4288 τῆς
1508 4219 1683 4289 δόξης.

119 4314 325 4385 Ὁρᾶτε
357 4313 506 4377 ὅπως
548 4314 679 4384 ἡμῖν
715 4313 1048 4384 γλυκυτέραν
1085 4314 1184 4383 τὴν
1224 4311 1417 4384 ἐορτὴν
1456 4313 1485 4364 6
1525 4311 1688 4364 Δαὸὶδ

107 4403 527 4473 ἀπειργάσατο,
578 4403 696 4474 τὴν,
729 4404 863 4457 ἰδίαν
907 4404 1066 4473 χάριν
1111 4404 1177 4473 τῇ
1226 4401 1540 4472 φαιδρότητι
1589 4402 1688 4471 τῆς

1776 3206 2102 3262 vestimenta
2150 3221 2215 3260 ex
2273 3206 2634 3260 humanorum
2692 3204 2959 3257 malorum
3009 3200 3275 3255 torculari
3296 3201 3339 3253 ⁸.

1774 3298 1961 3367 Itaque
1983 3311 2174 3352 rursus
2205 3296 2430 3351 comites
2451 3295 2572 3365 ejus
2610 3294 2835 3349 vocibus
2870 3292 2975 3346 illis
3012 3292 3342 3359 interrogan-

1775 3395 1884 3441 tur.
1927 3386 2058 3451 Quis
2091 3397 2167 3441 est
2195 3388 2294 3440 iste
2324 3384 2434 3439 Rea:
2478 3385 2663 3455 gloriae
2683 3385 2708 3437 ?
2739 3381 3120 3453 Respondetur
3163 3388 3344 3434 autem

1778 3494 1886 3534 non
1916 3479 2189 3548 amplius:
2226 3466 2430 3542 Fbrtis,
2461 3487 2512 3531 et
2542 3486 2722 3544 potens
2766 3476 2818 3528 in
2852 3473 3036 3543 proelio
3058 3489 3076 3526 :
3108 3471 3205 3525 sed
3244 3469 3345 3523 Do-

1779 3571 1960 3625 minus
1985 3571 2269 3632 virtutum,
2323 3569 2417 3640 qui
2466 3567 2655 3623 mundi
2690 3568 3050 3638 principatum
3093 3565 3346 3628 obtinuit,

1780 3664 1872 3732 qui
1902 3662 2212 3717 summatim
2241 3662 2421 3732 omnia
2448 3661 2502 3715 in
2535 3675 2593 3716 se
2620 3660 2859 3727 collegit,
2890 3658 2982 3729 qui
3007 3657 3061 3711 in
3093 3657 3348 3711 omnibus

1781 3755 1987 3825 primas
2026 3761 2193 3817 tenet,
2241 3754 2333 3822 qui
2375 3752 2661 3822 pristinum
2699 3750 2753 3804 in
2801 3756 3001 3805 statum
3029 3757 3224 3802 cuncta
3258 3762 3347 3800 re-

1782 3848 1980 3909 stituit,
2014 3848 2131 3916 ipse
2154 3853 2238 3901 cst
2269 3844 2378 3897 Rex
2409 3844 2611 3914 gloriae.
2647 3841 2905 3905 Cernitis,
2933 3839 3206 3909 quomodo
3239 3838 3350 3891 dul-

1781 3939 1986 3993 ciorem
2042 3938 2201 3992 nobis
2264 3936 2631 3991 celebritatem
2686 3932 2852 3987 David
2907 3930 3163 3991 effecerit,
3223 3928 3351 3981 dum

1785 4028 2045 4083 Ecclesiae
2076 4026 2333 4081 hilaritati
2359 4027 2587 4095 gratiam
2611 4024 2879 4077 immiscet
2912 4035 3088 4076 suam.
3120 4017 3352 4073 Proinde

1787 4135 1887 4175 nos
1911 4121 2062 4179 item,
2091 4126 2352 4189 quantum
2383 4130 2693 4185 possumus,
2734 4113 3009 4167 imitemur
3028 4109 3351 4178 Prophetam

1786 4212 1841 4265 in
1876 4211 2141 4264 charitatc
2176 4223 2301 4278 erga
2335 4206 2527 4270 Deum,
2559 4207 2615 4260 in
2644 4203 3063 4259 mansuetudine
3094 4202 3241 4265 vitae,
3296 4201 3353 4255 in

1788 4302 2073 4358 tolerantia
2100 4315 2230 4371 erga
2256 4300 2378 4354 illos
2406 4298 2501 4369 qui
2531 4312 2631 4353 nos
2659 4297 2788 4351 odio
2838 4302 3262 4365 prosequuntur,
3299 4299 3355 4345 ut

1788 4396 2072 4466 Propheta;
2110 4394 2359 4449 doctrina
2403 4392 2562 4447 nobis
2593 4390 2660 4444 ad
2692 4391 2831 4445 bene
2867 4389 3128 4457 beateque
3166 4386 3355 4439 viven-

122 4495 462 4565 Ἐκκλησίας
509 4494 899 4565 ἐγκαταμίξας.
947 4491 1154 4546 Οὐκοῦν
1194 4489 1560 4562 μιμησώμεθα
1598 4507 1665 4544 κα

1764 4508 1766 4525 ’
1793 4490 1923 4544 dum
1950 4488 2061 4543 dux
2096 4486 2467 4556 magistraqne
2508 4484 2601 4545 sit,
2634 4483 2688 4536 in
2718 4481 2939 4535 Christo
2970 4477 3099 4533 Jesu
3131 4476 3357 4530 Domino

110 4587 280 4655 ἡμεῖς
304 4585 399 4638 τὸν
429 4584 738 4654 Προφήτην,
775 4585 832 4636 ἐν
858 4578 938 4645 οἷς
965 4581 1183 4635 δυνατόν
1208 4582 1324 4633 ἐστι
1348 4579 1665 4651 κατορθῶσα

1794 4588 2004 4645 nostro,
2035 4578 2125 4634 cui
2161 4578 2332 4649 gloria
2361 4578 2413 4631 in
2446 4575 2643 4631 saecula
2674 4573 3022 4629 saeculorum.
3053 4570 3246 4623 Amen.

111 4682 212 4751 τὴν
248 4680 508 4751 μίμησιν,
548 4680 606 4731 ὲν
630 4680 696 4747 τῇ
716 4678 852 4747 πρὸς
877 4678 1007 4731 θεὸν
1037 4679 1247 4748 ἀγάπῃ,
1275 4677 1333 4732 ἐν
1360 4678 1426 4746 τῇ
1451 4674 1545 4729 τοῦ
1576 4675 1690 4744 βίου
1729 4675 2016 4746 πρᾳότητι,
2051 4675 2109 4726 ἐν
2178 4676 2244 4744 τῇ
2315 4672 2450 4742 πρὸς
2481 4671 2604 4733 τοὺς
2644 4667 2932 4739 μισοῦντας
2971 4662 3319 4735 μακροθυμία
3341 4676 3355 4691 ·

114 4777 202 4827 ἶνα
231 4775 464 4843 γένηται
488 4774 523 4842 ἡ
563 4772 657 4825 τοῦ
687 4774 968 4844 Προφήτου
997 4772 1307 4827 διδασκαλία
1349 4771 1447 4840 τῆς
1484 4771 1623 4824 κατά
1654 4772 1786 4826 Θεὸν
1813 4771 2082 4833 πολιτείας
2121 4769 2487 4841 χειραγωγία,
2521 4766 2579 4821 ἐν
2608 4762 2827 4836 Χριστῷ
2860 4761 3033 4817 Ἰησοῦ
3070 4759 3149 4830 τῷ
3176 4758 3360 4828 Κυρίῳ

111 4866 301 4937 ἡμῶν,
326 4860 375 4933 ᾧ
405 4866 438 4935 ἡ
463 4863 587 4930 δόξα
615 4866 695 4929 είς
720 4867 846 4928 τοὺς
874 4867 1075 4929 αἰῶνας
1109 4867 1215 4919 τῶν
1242 4864 1470 4918 αἰώνων.
1523 4864 1711 4935 Ἀμήν.

183 5052 208 5083 ⁵
241 5048 388 5105 Heb.
427 5063 489 5112 ιι,
522 5049 608 5103 Η.
672 5047 859 5107 “Psal.
886 5066 1058 5114 uvu,
1100 5050 1180 5105 19.
1258 5053 1278 5082 ³
1307 5050 1409 5106 lsa.
1451 5064 1602 5113 um,
1632 5049 1689 5103 2.
