3842 6404
509 269 617 330 693

515 425 1494 456 Μ

1740 273 1797 328 S.
1829 271 2156 328 (ςιιιςσυῐιη
2197 270 2493 328 NYSSENI

3644 268 3752 326 69C

1975 419 3717 457 Μ

1777 580 2004 668 ΤΟΥ
2092 581 2466 669 ΑΥΤΟΥ
3059 677 3066 682 ,

869 789 1397 914 ΛΟΓΟΣ
1504 801 1744 917 ΕΙΣ
1848 790 2054 920 ΤΟ
2150 800 2628 918 ΑΓΙΟΝ
2721 799 3397 918 ΠΝΕΥΜΑ.

1863 1204 2404 1296 EJUSDEM

1081 1414 1619 1532 ORATIO
1705 1413 1888 1529 DE
1965 1415 2539 1532 SPIBITU
2619 1417 3186 1534 SANCTO

1601 1641 1783 1699 SIVE
1827 1641 1916 1698 IN
1969 1640 2517 1700 PENTECUSTEN
2567 1644 2667 1716 (ί).

1457 1800 1740 1862 Iuterprete
1765 1806 1818 1850 et
1835 1801 2099 1852 scholiaste
2127 1799 2394 1851 Laurentio
2412 1799 2653 1864 Zacagnio
2674 1803 2732 1853 V.
2784 1836 2813 1853 ..

2092 1991 2161 2000 ξ

585 2113 878 2182 Quodlibet
901 2113 1112 2171 festivae
1133 2115 1469 2174 celebritatis
1501 2126 1880 2190 argumentum
1912 2131 2012 2188 per
2037 2131 2094 2172 se

2273 2118 2460 2171 Πᾶσαν
2509 2118 2702 2190 ἑορτῆς
2739 2117 2996 2171 ὑπόθεσιν
3043 2111 3404 2186 φαιδροτέραν
3435 2115 3464 2166 ό
3504 2113 3670 2166 Δαῦὶδ
3703 2113 3769 2166 δι’

516 2206 634 2277 ipse
666 2207 936 2262 illustrius
960 2205 1123 2264 edicit
1155 2206 1497 2273 David,dum
1531 2209 1914 2266 suavissimam
1945 2207 2093 2262 illam

515 2299 785 2354 citharam
816 2298 985 2363 adid,
1007 2299 1156 2368 quod
1188 2301 1311 2356 usui
1341 2307 1447 2365 est,
1484 2309 1610 2371 apte
1636 2315 1854 2371 semper
1880 2314 2094 2354 accom-

516 2391 722 2448 modat.
770 2389 1115 2461 Quapropter
1163 2392 1445 2463 sapientia:
1475 2393 1672 2450 ﬁdibus
1715 2391 1951 2463 Spiritus
1982 2393 2095 2462 ple-

514 2489 637 2536 ctro
667 2481 922 2553 pulsatis,
951 2491 1175 2538 cantum
1215 2483 1415 2548 edens,
1447 2483 1589 2540 idem
1630 2485 1788 2540 nobis
1819 2483 2093 2555 Propheta

515 2588 766 2643 magnam
796 2589 1015 2645 quoque
1048 2573 1400 2632 Pentecostes
1428 2574 1800 2631 celebritatem
1836 2575 2091 2630 illustret.

515 2664 673 2724 Dicat
705 2667 930 2737 proinde
954 2683 1021 2723 ex
1055 2667 1238 2723 divina
1270 2668 1364 2723 illa
1395 2668 1767 2724 modulatione
1799 2683 1898 2724 sua
1950 2668 2095 2739 psal-

515 2773 664 2813 mum
699 2759 850 2814 illum
883 2758 1148 2815 hodierno
1184 2757 1277 2814 Dei
1313 2758 1576 2816 beneﬁcio
1606 2775 1906 2829 congruum
1942 2778 1955 2814 :
1991 2758 2093 2814 Ve-

514 2851 642 2916 nite,
679 2851 1002 2906 exeultemus
1047 2850 1278 2906 Domino
1309 2851 1349 2904 ¹.
1395 2849 1642 2906 Primum
1697 2859 1878 2908 autem
1929 2866 2096 2906 nosse

513 2951 730 3015 oportet
765 2943 1039 3015 quodnam
1086 2943 1161 2999 sit
1204 2943 1310 2998 hoc
1358 2942 1452 2999 Dei
1498 2943 1855 3008 beneﬁcium,
1898 2944 2096 3000 deinde

514 3034 788 3092 orationis
805 3041 1130 3108 argumento
1159 3018 1396 3105 aptanda
1426 3043 1558 3092 sunt
1574 3037 1740 3091 verba
1759 3036 2091 3108 prophetiae;

515 3142 722 3198 perque
752 3142 850 3183 vos
879 3127 1014 3182 mihi
1042 3127 1222 3190 liceat,
1257 3141 1379 3196 qua:
1412 3127 1479 3182 ad
1515 3127 1631 3182 haec
1661 3128 1958 3199 pertinent,
1993 3129 2094 3183 ali-

515 3235 629 3290 quo
657 3220 850 3274 ordine
886 3232 988 3287 pro
1025 3218 1240 3273 viribus
1275 3218 1569 3288 explicare.
1606 3218 1766 3273 Initio
1802 3219 2093 3274 aberrave-

515 3321 642 3367 rant
694 3311 946 3367 homines
977 3326 1008 3366 a
1055 3309 1370 3382 cognitione
1399 3310 1528 3375 Dei,
1565 3311 1869 3381 relictoque
1912 3327 2093 3365 rerum

515 3400 761 3455 omnium
807 3398 1080 3466 Domino,
1117 3400 1208 3454 alii
1252 3399 1444 3455 mundi
1490 3399 1747 3455 colebant
1786 3400 2092 3464 elementa,

517 3489 610 3544 alii
637 3487 916 3544 daemones
949 3489 1295 3547 venerandos
1323 3490 1642 3554 censebant,
1664 3490 1943 3560 plerisque
1966 3506 2096 3546 vero

517 3580 849 3636 manufactaa
891 3581 1055 3638 etiam
1107 3582 1530 3639 simulacrorum
1575 3583 1841 3656 imagines
1872 3583 2096 3638 numina

517 3685 642 3728 esse
661 3670 1004 3738 videbantur,
1033 3673 1236 3744 quibus
1263 3673 1509 3730 colendis
1538 3689 1684 3738 aras,
1714 3683 1768 3731 et
1795 3674 2018 3744 templa,
2043 3682 2098 3730 et

519 3777 713 3829 sacra,
741 3770 797 3820 et
823 3763 1072 3820 victimas
1092 3803 1110 3830 ,
1137 3772 1192 3820 et
1225 3764 1350 3820 fana
1372 3805 1386 3830 ,
1421 3772 1476 3821 et
1507 3765 1735 3820 delubra
1777 3766 1994 3837 aliaque
2040 3765 2097 3822 id

519 3869 692 3925 genus
720 3853 1125 3911 dedicaverant.
1181 3855 1438 3928 Benignis
1467 3855 1633 3927 igitur
1679 3856 1858 3912 oculis
1886 3865 2098 3913 natura

520 3944 784 4002 Dominus
811 3956 1124 4018 corruptam
1159 3947 1442 4002 hominum
1472 3954 1727 4002 naturam
1755 3949 2019 4020 respexit,
2041 3956 2098 4005 et

519 4036 817 4092 humanam
853 4039 1020 4093 vitam
1053 4039 1124 4094 ab
1147 4053 1334 4094 errore
1357 4037 1424 4092 ad
1457 4037 1711 4095 veritatis
1730 4039 2094 4109 cognitionem

517 4132 849 4202 quibusdam
891 4132 1052 4202 quasi
1087 4132 1351 4204 gradibus
1391 4133 1689 4188 revocavit.
1725 4131 2094 4200 Quemadmoo

519 4223 652 4277 dum
693 4223 839 4278 enim
867 4223 963 4293 qui
991 4222 1250 4278 diuturna
1285 4222 1431 4277 fame
1455 4225 1744 4280 confectos
1768 4240 1838 4279 ex
1872 4225 2097 4280 medicae

521 4313 802 4370 iacultatis
827 4315 1149 4384 praescripto
1183 4315 1470 4380 reﬁciunt,
1499 4315 1815 4371 eorumdem
1851 4316 2096 4372 imbecil-

521 4405 661 4460 litati
695 4405 1092 4476 prospicientes
1115 4444 1131 4469 ,
1160 4406 1307 4462 haud
1346 4407 1494 4462 illico
1535 4408 1618 4464 eis
1665 4408 1736 4463 ad
1788 4411 2094 4465 satietatem

521 4497 676 4553 cibos
702 4496 1094 4566 suppeditant;
1128 4496 1220 4552 sed
1251 4505 1606 4568 posteaquam
1632 4499 1778 4554 victu
1811 4499 2097 4556 moderato

518 4590 666 4645 vires
704 4599 1120 4660 recuperarunt,
1149 4597 1264 4645 tum
1295 4589 1516 4647 demum
1546 4592 1684 4663 ipsis
1713 4592 1779 4646 ad
1806 4592 2095 4650 arbitrium

521 4695 645 4737 sese
668 4681 956 4751 explendi,
1004 4689 1326 4751 potestatem
1361 4681 1571 4739 faciunt
1607 4703 1621 4739 :
1663 4684 1744 4739 sic
1770 4685 1931 4741 etiam
1967 4701 2091 4740 cum

522 4770 796 4826 horrenda
830 4771 996 4826 veluti
1025 4771 1168 4828 fame
1195 4771 1495 4828 humanum
1527 4789 1700 4844 genus
1743 4775 2092 4845 absumptum

521 4871 705 4927 esset,
733 4864 1119 4936 mysteriorum
1165 4880 1350 4923 escam
1389 4865 1576 4922 divina
1605 4867 1716 4922 illis
1753 4866 2093 4937 providentia

522 4955 628 5011 bac
655 4956 871 5012 ratione
895 4955 1253 5028 dispensavit,
1283 4967 1346 5013 ut
1380 4959 1435 5013 in
1468 4958 1586 5015 dies
1618 4958 1900 5030 paulatim,
1930 4966 2094 5029 atque

593 5139 612 5171 ¹
651 5135 796 5195 Psal.
822 5151 969 5203 χειν,
1007 5136 1059 5191 1.

597 5291 992 5363 (l)GAt.unn.,
1028 5288 1115 5348 Vl.
1152 5286 1277 5363 60!,
1322 5286 1606 5363 -—_Edita_
1631 5295 1716 5363 est
1743 5285 1881 5363 _b_:e_c
1922 5287 2100 5340 oratio

492 5355 718 5417 .Latiiie
750 5371 962 5417 tantum
1010 5375 1078 5412 cx
1115 5357 1367 5413 versione
1413 5356 1691 5410 Francisci
1743 5355 1865 5410 Zini
1905 5375 1916 5408 :
1971 5373 2094 5411 cum

528 5442 710 5486 autcm
735 5429 924 5488 Graece
961 5430 1256 5484 haberetur
1287 5429 1340 5482 in
1371 5427 1551 5481 tribus
1604 5426 1944 5496 perantiquis
1989 5425 2097 5478 Vae

528 5504 723 5557 ticanze
760 5501 1103 5555 bibliotheca!
1151 5498 1438 5554 codicibus
1485 5498 1712 5567 signatis
1759 5511 1914 5549 num.
1952 5497 2096 5567 Δ564,

532 5572 671 5626 N33
701 5580 755 5625 et
780 5572 940 5631 1907.
965 5571 1020 5624 in
1047 5571 1248 5638 quibus
1279 5569 1463 5622 omnia
1511 5564 1627 5621 fere
1664 5564 1909 5638 Gregorii
1951 5564 2095 5638 Nys-

529 5643 645 5695 seni
672 5656 836 5708 opera
875 5636 1248 5696 continentur.
1286 5645 1650 5708 opportunum
1695 5636 1855 5708 nobis
1912 5636 2092 5708 visunt

531 5721 639 5770 est.
686 5705 806 5766 cum
859 5727 1073 5776 quoque
1109 5711 1292 5764 Graece
1321 5705 1481 5764 edere
1508 5725 1572 5763 cx
1605 5707 1794 5762 codice
1838 5705 1998 5773 M33,
2029 5706 2098 5761 ad

2195 2208 2390 2263 ἐαυτοῦ
2414 2209 2808 2280 ἀπεργάζεται,
2834 2209 2934 2281 τὴν
2954 2204 3350 2278 πολυαρμόνιον
3379 2205 3594 2275 ἐκείνην
3624 2205 3773 2258 κιθά·

2193 2317 2296 2374 ραν
2335 2301 2660 2373 προσφόρως
2682 2301 2770 2354 ἀεὶ
2793 2302 2860 2373 τῇ
2889 2299 3050 2370 χρείᾳ
3085 2295 3582 2369 μεθαρμοζόμενος.
3627 2296 3768 2350 Οὐκ-

2190 2393 2286 2448 οῦν
2343 2393 2434 2448 καὶ
2472 2393 2572 2465 τὴν
2602 2393 2843 2466 μεγάλην
2871 2392 2972 2462 τῆς
3000 2388 3382 2460 Πεντηκοστῆς
3419 2388 3618 2459 ἑορτὴν
3646 2404 3773 2456 qut-

2191 2485 2431 2557 δρυνὲτω
2474 2487 2606 2557 ἡμῖν
2654 2488 2683 2540 ὁ
2715 2485 2880 2549 αὐτὸς
2915 2483 3230 2555 Προφήτης,
3265 2480 3344 2551 τῷ
3380 2480 3644 2554 πλήκτρῳ
3681 2479 3772 2533 τοι]

2194 2577 2334 2630 Πνεύ
2343 2593 2514 2648 ματος
2569 2577 2630 2631 ἐν
2676 2578 2797 2640 ταῖς
2843 2575 3061 2646 χορδαῖς
3106 2576 3206 2644 τῆς
3254 2573 3447 2640 σοφίας
3492 2571 3556 2625 τὸ
3613 2570 3776 2642 μέλος

2190 2668 2644 2740 ἀνακρουόμενος.
2679 2668 2900 2722 Είπάτω
2935 2665 3114 2720 τοίνυν
3155 2667 3220 2718 ἐκ
3273 2664 3375 2734 τῆς
3426 2662 3613 2717 ἐνθέου
3648 2661 3777 2732 μελ-

2193 2759 2360 2831 ῳδίας
2382 2759 2618 2830 ἐκείνης,
2640 2759 2700 2813 τὸ
2737 2761 2802 2830 τῇ
2837 2757 3090 2830 παρούσῃ
3122 2757 3305 2828 χάριτι
3335 2755 3647 2825 πρόσφορον
3672 2751 3774 2822 (Ξ),

2192 2851 2276 2906 ὅτι
2333 2850 2532 2914 Δεῦτε,
2581 2849 3080 2921 ἁγαλλιασώμεθα
3117 2846 3198 2913 τῷ
3245 2847 3456 2914 Κυρίῳ,
3504 2846 3779 2918 Πρότερον

2193 2944 2299 3017 χρὴ
2348 2943 2549 3012 γνῶναι
2588 2943 2687 3014 τὴν
2732 2942 2909 3012 χάριν.
2944 2941 3067 3011 ἣτις
3112 2938 3278 3002 ἐστὶν,
3324 2933 3425 2990 εἷθ’
3459 2935 3635 2998 οὕτως
3680 2936 3779 3005 τὴν

2196 3035 2533 3108 κατάλληλον
2559 3035 2624 3090 ἐκ
2653 3035 2754 3108 τῆς
2788 3032 3126 3106 προφητείας
3158 3028 3465 3101 ἐφαρμόσαι
3489 3029 3556 3098 τῇ
3586 3026 3776 3080 ὑποθέ-

2196 3147 2280 3184 σει
2313 3130 2499 3201 φωνήν
2524 3145 2538 3158 ·
2575 3129 2672 3184 καί
2712 3145 2803 3200 μοι
2835 3126 2975 3195 δότε,
3017 3121 3199 3187 καθὼς
3229 3120 3295 3176 ἂν
3398 3118 3644 3180 δυνατὸν,
3694 3117 3782 3171 δια

2192 3239 2340 3287 τινος
2373 3221 2670 3276 ἀκολούθου
2699 3220 2908 3288 τάξεως
2940 3219 3267 3290 διασαφῆσαι
3296 3213 3389 3270 τὸν
3413 3232 3542 3287 περι
3571 3210 3778 3268 τούτων

2193 3315 2370 3383 λόγον’
2420 3313 2740 3385 Πεπλάνητο
2775 3314 2897 3368 κατ’
2927 3310 3103 3384 ἀρχὰς
3140 3312 3202 3364 τὸ
3237 3309 3600 3380 ἀνθρώπινον,
3643 3309 3778 3379 πρὸς

2197 3405 2296 3476 τὴν
2324 3405 2419 3459 τοῦ
2443 3405 2580 3459 Θεοῦ
2615 3404 2961 3476 κατανόησιν,
3000 3403 3100 3458 καὶ
3139 3401 3531 3465 καταλιπόντες
3559 3399 3654 3454 τὺν
3683 3400 3778 3469 τῆς

2200 3498 2430 3562 κτίσεως
2465 3496 2671 3570 Κύριον
2695 3536 2710 3560 ,
2738 3497 2789 3550 οί
2822 3495 2922 3567 μὲν
2953 3497 3068 3558 τοῖς
3110 3493 3205 3549 τοῦ
3251 3493 3453 3563 κόσμου
3498 3491 3778 3561 στοιχείοις

2196 3587 2263 3642 δι’
2305 3589 2525 3660 ἀπάτην
2547 3587 2626 3660 ('5)
2664 3587 3008 3650 ὑπέκυπτον,
3043 3585 3194 3640 ἄλλοι
3222 3585 3278 3638 δέ
3311 3584 3412 3655 τὴν
3448 3583 3558 3637 τῶν
3595 3583 3780 3652 δαιμό-

2198 3698 2304 3735 νων
2343 3680 2504 3751 φύσιν
2529 3679 2808 3734 ἐποιοῦντο
2861 3678 3183 3750 σεϐάσμιον,
3214 3675 3429 3739 πολλοῖς
3455 3675 3512 3729 δὲ
3533 3673 3600 3727 τὺ
3628 3674 3779 3727 Θεῐον

2197 3772 2372 3827 ἐδόκει
2398 3773 2495 3826 καὶ
2537 3773 2571 3844 ὴ
2610 3771 2986 3843 χειροποίητος
3023 3769 3132 3824 τῶν
3179 3768 3412 3822 εἰδώλων
3444 3765 3664 3838 μορφὴ,
3705 3760 3779 3827 οἷς

2201 3866 2372 3938 βωμοί
2397 3883 2478 3932 τε,
2505 3867 2602 3920 καὶ
2639 3866 2779 3929 ναοὶ,
2811 3865 2905 3919 καὶ
2939 3863 3187 3924 τελεταὶ,
3215 3861 3310 3915 καὶ
3343 3859 3544 3920 θυσίαι,
3577 3857 3674 3911 καὶ
3696 3873 3779 3910 τε·

2201 3958 2359 4030 μένη,
2400 3957 2494 4012 καὶ
2535 3957 2919 4028 ἀφιδρύματα.
2953 3954 3049 4008 καὶ
3079 3954 3257 4006 πάντα
3282 3949 3352 4004 τά
3385 3947 3616 4004 τοιαῦτα
3647 3949 3780 4018 παρ’

2196 4050 2376 4104 αὐτῶν
2437 4048 2713 4103 ἀνετίθετο
2766 4049 2845 4112 εἰς
2901 4045 3198 4118 θεραπείαν
3252 4042 3360 4096 τῶν
3409 4039 3780 4110 ψευδωνύμων

2197 4140 2356 4196 θεῶν.
2385 4133 2508 4194 me
2533 4139 2712 4193 τοίνυν
2737 4138 2815 4209 τῷ
2837 4137 2936 4209 τῆς
2959 4134 3364 4207 φιλανθρωπίας
3384 4129 3653 4201 ὀφθαλμῷ
3683 4131 3779 4199 τὴν

2195 4234 2294 4304 τῆς
2316 4232 2533 4303 φύσεως
2554 4231 2664 4286 τῶν
2686 4229 2990 4302 ἀνθρώπων
3013 4225 3312 4297 διαφθορὰν
3328 4227 3356 4278 ό
3377 4223 3660 4292 Δεσπότης
3683 4221 3780 4289 τῆς

2195 4327 2442 4398 φύσεως,
2473 4325 2566 4381 καὶ
2609 4325 2698 4379 διά
2730 4339 2876 4386 τινος
2920 4317 3240 4382 ἀκολουθίας
3283 4315 3394 4371 ἀπὸ
3419 4315 3520 4384 τῆς
3570 4312 3777 4380 πλάνης

2195 4419 2458 4487 ἐπανάγει
2497 4416 2600 4489 τὴν
2629 4412 2978 4486 ἀνθρωπίνην
3019 4409 3162 4481 ζωὴν
3197 4408 3335 4479 πρὸς
3374 4404 3473 4477 τὴν
3516 4405 3620 4473 τῆς
3651 4401 3775 4471 ἀλη-

2194 4507 2345 4572 θείας
2371 4508 2684 4576 ἐπίγνωσιν.
2718 4505 2929 4573 ’Ὠσπερ
2953 4501 3064 4573 γὰρ
3085 4501 3136 4554 οἱ
3165 4499 3292 4562 τοὺς
3319 4497 3378 4550 ἐν
3406 4493 3555 4565 λιμῷ
3579 4492 3778 4564 χρονίῳ

2196 4598 2618 4670 συντετηκότας,
2661 4596 2804 4667 μετά
2829 4611 2978 4658 τινος
3009 4591 3256 4665 ἰατρικῆς
3297 4587 3614 4658 ἐπιστήμης
3647 4587 3777 4638 ἀνα-

2193 4691 2588 4762 λαμϐάνοντες,
2637 4688 2738 4742 οὐκ
2769 4685 2982 4758 ἀθρόως
3027 4683 3121 4737 ἐπὶ
3162 4681 3255 4735 τὸν
3299 4680 3460 4751 κόρον
3501 4675 3776 4747 προάγου-

2198 4798 2253 4834 σι
2284 4780 2397 4851 (4),
2429 4780 2604 4850 φειδοῖ
2638 4781 2738 4850 τῆς
2783 4774 3067 4837 ἀσθενείας
3114 4771 3294 4828 αὐτῶν
3316 4787 3332 4802 ο
3375 4767 3512 4824 ἀλλὰ
3554 4766 3645 4821 διὰ
3683 4767 3779 4832 τῆς

2206 4873 2518 4946 συμμέτρου
2563 4870 2769 4944 τροφῆς
2808 4866 3209 4939 ἀναληφθείσης
3255 4863 3441 4925 αὐτοῖς
3486 4861 3589 4930 τῆς
3622 4857 3780 4946 δυνά-

2207 4944 2375 5036 μεως.
2405 4944 2527 5016 τότε
2577 4957 2920 5031 συγχωροῦσι
2965 4953 3087 5010 κατ’
3134 4952 3386 5018 ἐξουσίαν
3419 4944 3777 5022 ἐμφορεῖσθαι
3821 4957 3823 4966 ‘

2201 5288 2339 5341 alios
2365 5289 2586 5360 codices
2611 5288 2833 5360 collato,
2858 5281 3053 5360 addita
3108 5281 3336 5349 insuper
3367 5279 3626 5360 versione
3668 5291 3772 5355 no-

2201 5370 2337 5418 stra,
2365 5367 2424 5411 ut
2455 5359 2650 5414 melius
2669 5356 2871 5413 eruditi
2893 5353 3216 5423 dignoscere
3233 5353 3469 5420 possint,
3495 5365 3566 5404 an
3583 5353 3773 5421 genui—

2199 5445 2306 5500 nus
2330 5429 2413 5500 _sit
2439 5428 2669 5500 Nysseni
2701 5427 2864 5483 fetus.

2270 5498 2347 5569 (Ξ)
2382 5496 2533 5553 Alitis
2562 5499 2755 5560 codex,
2782 5496 3088 5569 πρόσφορα.

2270 5564 2346 5639 (3)
2388 5571 2542 5622 Alius
2570 5570 2762 5632 codex,
2795 5565 2862 5619 δι’
2891 5564 3132 5639 ἀπάτης·

2273 5635 2350 5713 (4)
2379 5641 2534 5696 Alius
2557 5640 2749 5698 codex,
2779 5635 3131 5707 προσάγουσι.
