3842 6416
128 295 234 349 697

1406 303 1494 357 DE
1535 303 1806 363 SI’IRITU
1835 303 2125 361 SANCTO.

3273 301 3380 360 eos
3468 262 3481 279 ’

126 412 224 465 τοῦ
256 410 453 480 κόρου·
485 412 626 465 κατὰ
665 411 756 467 τὸν
790 413 951 468 αὑτὸν
979 414 1178 486 τρόπον
1210 415 1288 487 τῷ
1320 418 1536 490 φοϐερῷ
1563 419 1707 491 λιμῷ

1813 421 1999 477 ordine
2025 421 2394 491 proficientes.
2425 420 2491 477 ad
2524 417 2877 492 perfectionis
2908 416 3127 473 tandem
3170 416 3378 488 apicem

126 504 227 572 τῆς
254 502 606 575 ἀνθρωπίνης
632 504 841 574 φύσεως
866 505 1282 581 δαπανηθείσης,
1308 512 1705 583 τεταμιευμένη

126 594 345 662 γίνεται
366 594 548 659 αὐτοῖς
570 597 719 667 παρὰ
743 597 841 664 τῆς
862 599 1170 669 οἰκονομίας
1190 602 1222 669 ἡ
1247 601 1345 672 τῆς
1368 602 1477 655 τῶν
1504 619 1709 673 μυστη-

130 686 265 755 ρίων
316 686 529 757 τροφῆς
583 688 872 757 μετουσία·
909 689 1050 744 ὥστε
1095 692 1182 746 διά
1229 709 1370 756 τινος
1415 694 1707 750 ἀκολούθου

127 775 342 840 τάξεως
370 777 456 830 ἀεὶ
486 777 549 830 τὸ
575 777 779 832 τέλειον
823 781 1369 853 προσλαμϐάνοντας,
1405 784 1577 848 οὑτως
1614 787 1707 840 ἐπὶ

128 866 189 917 τὸ
222 866 403 935 πέρας
432 868 633 937 φθάσαι
660 870 757 941 τῆς
781 871 1131 942 τελειότητος.
1165 874 1237 927 Τὸ
1273 874 1369 944 μὲν
1395 876 1503 947 γὰρ
1537 876 1708 942 σῶζον

131 960 279 1028 ἡμᾶς
306 962 342 1030 ὴ
376 960 638 1026 ζωοποιός
680 963 795 1017 ἐστι
832 963 1078 1035 δύναμις,
1107 967 1164 1017 ὲν
1209 966 1429 1036 ὀνόματι
1472 967 1705 1039 Πατρὸς,

132 1053 227 1104 καὶ
268 1051 400 1105 Υίοῦ
422 1092 437 1115 ,
464 1053 561 1107 καὶ
592 1054 748 1122 ἁγίου
776 1055 1090 1127 Πνεύματος
1129 1059 1510 1131 πιστευομένη.
1550 1061 1613 1114 Ol
1650 1060 1713 1119 δὲ,

130 1142 225 1195 τοῦ
258 1144 465 1208 παντὸς
486 1146 760 1215 ὰχὼρητοι
786 1146 875 1202 διὰ
899 1148 999 1218 τὴν
1030 1149 1403 1221 γεγενημένην
1430 1150 1613 1214 αὑτοῖς
1642 1151 1709 1205 ἐκ

130 1234 227 1288 τοῦ
274 1235 437 1307 λιμοῦ
484 1237 595 1291 τῶν
632 1239 818 1309 ψυχῶν
869 1238 1184 1305 ἀσθένειαν,
1218 1240 1481 1313 πρότερον
1514 1243 1579 1296 ὲκ
1607 1242 1707 1313 τῆς

131 1326 428 1393 πολυθεῖας
454 1328 561 1385 ὑπὸ
588 1330 697 1384 τῶν
724 1331 1017 1402 προφητῶν
1045 1348 1128 1396 τε,
1159 1333 1254 1387 καὶ
1293 1331 1386 1387 τοῦ
1414 1334 1579 1404 νόμου
1611 1350 1705 1404 με·

130 1418 475 1483 τατεθέντες,
506 1423 585 1485 είς
622 1421 749 1491 μίαν
785 1422 1012 1492 θεότητα
1042 1422 1260 1493 βλέπειν
1291 1424 1581 1489 ἐθίζονται,
1611 1426 1708 1479 καὶ

130 1508 189 1559 ἐν
215 1509 284 1579 τῇ
325 1510 425 1579 μιᾷ
451 1508 665 1580 θεότητι
695 1510 861 1581 μόνην
887 1511 986 1583 τὴν
1012 1512 1106 1565 τοῦ
1130 1512 1341 1583 Πατρὸς
1364 1513 1590 1584 δύναμιν
1618 1531 1708 1567 κα-

129 1598 435 1662 τανοοῦσιν,
467 1601 760 1672 ἀχὼρητοι,
783 1602 964 1667 καθὼς
1000 1600 1173 1668 εἷπον,
1196 1605 1346 1669 ὄντες
1363 1606 1463 1676 τῆς
1496 1605 1707 1669 τελείας

128 1693 360 1763 τροφῆς.
396 1689 531 1747 Εἶτα
571 1694 659 1749 διὰ
690 1695 785 1749 τοῦ
833 1696 1165 1766 Εὑαγγελίου
1206 1697 1302 1751 καὶ
1337 1700 1367 1752 ὁ
1415 1698 1707 1770 μονογενὴς

1812 514 2177 583 pervenirent.
2230 513 2384 579 Quod
2425 515 2570 569 enim
2619 514 2778 569 nobis
2826 514 3052 567 salutem
3104 510 3379 579 impertit,

1814 602 1992 663 vitalis
2024 608 2107 657 est
2141 602 2233 656 illa
2266 602 2461 667 virtus,
2488 602 2541 657 in
2571 616 2734 673 quam
2764 601 2819 655 in
2852 600 3071 654 nomine
3100 596 3297 660 Patris,
3323 604 3379 649 et

1813 691 1956 757 Filii,
1995 701 2050 748 et
2084 692 2321 764 Spiritus
2360 692 2535 748 sancti
2567 691 2861 748 credimus.
2898 694 2965 745 At
2998 705 3122 745 cum
3158 695 3378 756 propter

1813 784 2118 840 animarum
2155 784 2576 840 imbecillitatem
2601 822 2617 848 ,
2653 798 2721 838 ex
2762 782 2995 853 quadam
3034 779 3198 835 veluti
3239 778 3381 832 fame

1812 887 2170 944 contractam,
2206 876 2274 930 ad
2306 875 2713 946 percipiendum
2754 874 3072 945 mysterium
3108 870 3238 925 illud
3280 869 3379 923 ho-

1811 968 1987 1023 mines
2026 983 2365 1038 nequaquam
2395 978 2578 1024 essent
2610 966 2814 1030 idonei,
2845 980 2875 1020 a
2900 965 3197 1019 multorum
3227 962 3378 1032 prius

1812 1057 2041 1115 deorum
2074 1059 2226 1115 cultu
2259 1074 2355 1128 per
2387 1059 2713 1131 prophetas,
2746 1066 2798 1110 et
2829 1057 2999 1126 legem
3025 1056 3107 1111 sic
3135 1052 3376 1110 revocati

1812 1155 1963 1213 Sunt,
1993 1155 2052 1203 ut
2087 1164 2250 1202 unam
2283 1164 2508 1204 cernere
2544 1147 2907 1212 divinitatem,
2935 1153 2987 1201 ct
3018 1146 3071 1199 in
3110 1158 3217 1198 una
3242 1142 3381 1197 divi-

1812 1240 1982 1295 nitate
2019 1239 2189 1295 solam
2219 1238 2398 1295 Patris
2441 1240 2738 1309 potentiam
2770 1251 3066 1308 agnoscere
3093 1247 3381 1290 assuesce-

1812 1339 1966 1397 rent,
1997 1331 2195 1401 quippe
2235 1330 2329 1401 qui
2379 1330 2647 1393 solidiori,
2694 1337 2752 1383 ut
2789 1327 3066 1393 diximus,
3118 1325 3240 1380 ciho
3271 1339 3377 1378 non

1810 1431 1995 1479 essent
2026 1422 2226 1477 idonei.
2254 1420 2457 1476 Deinde
2490 1436 2629 1492 quos
2650 1419 2715 1475 ad
2745 1418 3045 1492 pleniorem
3075 1414 3380 1470 divinitatis

1811 1513 2176 1585 cognitionem
2208 1513 2291 1568 lex
2323 1520 2742 1583 praeparaverat,
2771 1512 2838 1567 iis
2872 1510 3145 1567 revelatus
3178 1518 3261 1563 est
3284 1523 3380 1578 per

1812 1605 2157 1678 Evangelium
2181 1606 2495 1675 unigenitus
2512 1604 2713 1665 Filius:
2740 1619 2802 1660 ac
2819 1612 3099 1675 postremo
3116 1601 3278 1667 datus
3295 1608 3380 1655 est

1811 1698 1971 1754 nobis
1994 1696 2268 1768 perfectus
2290 1705 2501 1755 naturae
2516 1705 2715 1753 nostra:
2735 1697 2915 1762 cibus,
2938 1697 2992 1750 in
3010 1709 3119 1766 quo
3143 1693 3254 1747 vita
3270 1700 3377 1753 est,

132 1784 261 1846 Υἱὸς
297 1785 377 1854 (5)
404 1788 517 1849 τοῖς
548 1784 638 1838 διὰ
663 1787 755 1841 τοῦ
784 1789 951 1858 νόμου
990 1788 1532 1860 προτετελειωμένοις
1569 1792 1704 1845 ἀπο-

1813 1788 2047 1860 Spiritus
2074 1798 2320 1845 sanctus.
2348 1787 2463 1845 Hoc
2489 1789 2767 1845 hodierna:
2810 1785 3144 1843 celebritatis
3176 1791 3261 1839 est
3286 1797 3377 1837 ar-

131 1875 504 1943 κα).ὑπτεται,
542 1877 681 1948 μετὰ
708 1878 865 1932 τοῦτο
902 1880 1264 1952 παραγίνεται
1293 1882 1424 1951 ἡμῖν
1452 1883 1486 1952 ἡ
1525 1881 1706 1935 τελεία

1813 1890 2119 1952 iumentum
2143 1898 2157 1945 ;
2185 1881 2541 1950 quamobrem
2563 1894 2775 1950 aequum
2799 1887 2905 1942 est,
2932 1884 2991 1932 ut
3005 1891 3130 1932 cum
3155 1873 3223 1929 ad
3247 1873 3373 1927 cho-

126 1971 230 2040 τῆς
266 1969 485 2040 φύσεως
508 1971 665 2041 ἡμῶν
692 1970 887 2043 τροφὴ,
922 1972 984 2025 τὸ
1021 1972 1247 2043 Πνεῦμα
1276 1974 1338 2027 τὸ
1362 1973 1537 2041 ἆγιον,
1571 1976 1631 2027 ἑν
1660 1967 1707 2043 ᾧ

1813 1990 1896 2029 ros
1929 1975 1985 2029 in
2026 1976 2202 2030 sancti
2252 1973 2490 2043 Spiritus
2523 1972 2815 2029 festivitate
2846 1967 3204 2026 celebrandas
3247 1980 3379 2022 con-

127 2059 280 2113 861w
304 2062 338 2131 ή
366 2058 503 2131 ζωή.
528 2060 676 2133 Δὺτη
706 2063 804 2132 τῆς
827 2064 1023 2133 ἑορτῆς
1045 2065 1079 2133 ἡ
1108 2064 1382 2127 ὑπόθεσιςο
1408 2064 1496 2118 διὰ
1533 2063 1706 2120 ταῦτα

1813 2067 2117 2123 venerimus
2139 2106 2155 2131 ,
2196 2066 2498 2134 spiritualis
2528 2066 2695 2135 hujus
2726 2063 2879 2118 chori
2914 2061 3147 2133 principi
3183 2056 3378 2114 Davidi

128 2149 315 2213 καλῶς
340 2150 479 2221 εχει,
515 2152 779 2222 χορευτὰς
806 2154 953 2223 ἡμᾶς
979 2154 1299 2224 γενομένους
1328 2154 1423 2208 τοῦ
1453 2156 1705 2226 Πνεῦμα-

1813 2172 2134 2228 pareamus,
2177 2157 2414 2223 dicenti,
2470 2157 2686 2222 Venite,
2728 2156 3052 2211 exsultemus
3111 2152 3335 2207 Domino
3356 2165 3377 2215 ;

127 2259 240 2305 τος,
276 2243 561 2298 πείθεσθαι
591 2243 671 2315 τῷ
707 2244 991 2316 κορυφαίῳ
1032 2246 1132 2316 τῆς
1167 2247 1542 2317 πνευματικῆς
1571 2247 1707 2302 ταύ-

1813 2250 2062 2304 Dominus
2092 2259 2292 2314 autem,
2320 2260 2379 2305 ut
2425 2248 2602 2320 inquit
2630 2248 2947 2319 Apostolus.
2977 2246 3208 2314 Spiritus
3228 2253 3306 2299 est
3334 2244 3377 2299 ’.

125 2353 230 2405 της
251 2334 330 2404 (6)
360 2332 723 2405 χοροστασίας
777 2334 943 2388 Δαϐὶδ
1004 2334 1083 2405 τῷ
1110 2335 1354 2405 λέγοντι·
1412 2337 1610 2402 Δεῦτε,
1669 2338 2161 2410 ἀγαλλιασώμεθα
2201 2338 2281 2406 τῷ
2328 2341 2542 2409 Κυρίῳ·
2593 2341 2648 2395 '0
2690 2339 2758 2394 δὲ
2792 2340 3001 2408 Κύριος
3040 2339 3107 2393 τὸ
3149 2334 3383 2407 πνεῦμά

124 2424 280 2489 ἐστι,
310 2424 496 2489 καθώς
528 2442 692 2495 φησιν
722 2428 751 2478 ὁ
791 2424 1132 2489 Ἅπόστολος.

196 2518 451 2588 Σήμερον
476 2517 585 2589 γὰρ
609 2517 751 2572 κατὰ
775 2516 876 2589 τὴν
905 2520 1119 2591 ἐτήσιον
1140 2520 1236 2574 τοῦ
1275 2521 1429 2587 ἔτους
1461 2524 1707 2595 περίοδον

122 2608 227 2678 τῆς
266 2610 642 2680 πεντηκοστῆς
688 2611 1209 2685 συμπληρουμένης,
1253 2615 1396 2668 κατὰ
1426 2617 1527 2684 τὴν
1557 2615 1706 2685 ὥραν

125 2702 355 2770 ταύτην,
381 2702 495 2769 εῐγε
516 2703 643 2771 περὶ
658 2703 756 2773 τὴν
777 2703 968 2775 τρίτην
990 2704 1139 2776 ῶραν
1160 2706 1261 2775 τῆς
1282 2707 1495 2778 ἡμέρας
1516 2707 1703 2777 ἐσμὲν,

126 2793 347 2860 ἐγένετο
370 2793 403 2863 ή
433 2792 823 2863 ἀνεκδιήγητος
858 2793 1036 2865 χάρις.
1064 2795 1381 2867 Κατεμίχθη
1412 2794 1521 2869 γὰρ
1547 2796 1707 2851 πάλιν

124 2887 240 2949 τοις
270 2884 579 2956 ἀνθρώποις
605 2885 667 2939 τὸ
696 2886 937 2956 Πνεῦμα,
971 2886 1108 2957 ὅπερ
1136 2887 1215 2957 (7)
1239 2889 1500 2960 πρότερον
1527 2888 1616 2942 διὰ
1642 2888 1705 2941 τὸ

126 2976 387 3045 γενέσθαι
434 2977 615 3049 σάρκα
664 2976 756 3031 τὸν
804 2978 1089 3050 ἄνθρωπον
1135 2980 1233 3051 τῆς
1283 2979 1500 3049 φύσεως
1548 2980 1705 3051 ήμῶν

124 3068 466 3139 ἀπεφοίτησε
489 3084 503 3101 ο
532 3069 628 3122 καὶ
665 3068 753 3122 διὰ
790 3069 892 3139 τῆς
920 3069 1098 3139 βιαίας
1130 3071 1343 3142 ἐκείνης
1373 3072 1569 3143 πνοῆς,
1598 3070 1705 3125 τῶν

128 3135 522 3227 πνευματικῶν
561 3161 662 3230 τῆς
713 3135 977 3231 πονηρίας
1013 3135 1313 3232 δυνάμεων,
1353 3163 1445 3216 καὶ
1491 3135 1707 3217 πάντων
1733 3135 1775 3193 C

127 3250 239 3302 τῶν
275 3250 539 3321 ῥυπαρῶν
586 3252 876 3322 δαιμονίων
916 3254 1427 3307 ἀποσκεδασθέντων
1459 3255 1568 3308 ἀπὸ
1611 3254 1706 3307 τοῦ

128 3344 320 3415 ἀέρος,
366 3345 424 3397 ἑν
454 3347 520 3415 τῇ
554 3345 763 3416 καθόδῳ
800 3344 894 3400 τοῦ
944 3345 1297 3417 Πνεὺματος,
1349 3346 1576 3418 πλήρεις
1610 3347 1709 3417 τῆς

133 3436 288 3498 θείας
327 3435 627 3507 δυνάμεως,
655 3438 713 3489 ὲν
755 3436 886 3491 εἴδει
934 3438 1127 3509 πυρὸς,
1160 3438 1211 3491 οἱ
1260 3440 1319 3492 ὲν
1368 3438 1445 3493 τῶ
1477 3438 1711 3510 ὑπερῴῳ

133 3527 589 3597 καταλειφθέντες
614 3529 877 3597 ἐγένοντοο
894 3529 1012 3583 οὐδὲ
1037 3530 1146 3600 γάρ
1171 3531 1285 3583 ἐστι
1302 3529 1522 3583 δυνατὸν
1536 3528 1709 3594 ἄλλως

134 3620 363 3689 μέτοχον
392 3618 707 3690 Πνεὺματος
736 3623 887 3689 ἁγίου
906 3622 1161 3690 γενέσθαι
1186 3622 1328 3687 τινα,
1353 3622 1427 3693 μὴ
1446 3620 1525 3693 τῷ
1551 3623 1711 3695 ὑπερ-

130 3712 223 3782 ὠῳ
262 3711 368 3781 τῆς
411 3711 555 3783 ζωῆς
613 3712 814 3783 ταύτης
854 3712 1283 3783 ὲνδιαιτῶμενον.
1322 3710 1476 3767 Ὅσοι
1506 3714 1614 3785 γὰρ
1640 3713 1711 3769 τὰ

130 3799 245 3851 ἄνω
278 3797 559 3867 φρονοῦσι,
612 3798 935 3868 μεταθέντες
975 3798 1184 3852 ἑαυτῶν
1220 3799 1327 3853 ἀπὸ
1362 3801 1465 3871 γῆς
1500 3802 1581 3864 είς
1621 3801 1711 3854 οὑ-

136 3890 296 3960 ρανὸν
328 3891 390 3944 τὸ
422 3890 742 3961 πολίτευμα,
774 3890 865 3944 τοῦ
903 3891 1153 3962 ὑπερῴου
1182 3893 1281 3962 τῆς
1315 3892 1525 3963 ὑψηλῆς
1558 3893 1709 3947 πολι-

132 3983 282 4045 τείας
312 3982 467 4045 ὅντες
497 3984 799 4055 οἰκήτορες,
840 3986 898 4037 ἐν
938 3984 1195 4056 μετουσίᾳ
1221 3984 1316 4037 τοῦ
1351 3985 1505 4053 ἁγίου
1536 3985 1709 4039 Ilvati-

139 4090 310 4142 ματος
338 4074 599 4142 γίνονται.
629 4074 786 4129 Οὕτω
814 4075 922 4147 γάρ
949 4093 1112 4147 φησιν
1138 4078 1172 4145 ή
1201 4077 1410 4146 ἱστορία
1440 4077 1547 4129 τῶν
1570 4076 1712 4148 Πρά-

139 4164 294 4230 ξεων,
329 4166 411 4218 ὃτι
444 4166 797 4236 συνηγμένων
828 4166 1008 4220 αὑτῶν
1036 4168 1094 4219 ὲν
1121 4166 1200 4237 τῷ
1223 4166 1474 4237 ὑπερὼῳ,
1514 4166 1574 4221 τὸ
1613 4184 1711 4221 κα-

136 4258 301 4327 θαρὸν
329 4260 506 4311 ἐκεῖνο
529 4259 624 4311 καὶ
670 4258 829 4313 ᾶῦλον
876 4260 987 4330 πῦρ
1004 4260 1098 4323 ἐίς
1124 4259 1237 4329 εἴδη
1264 4258 1548 4328 γλωσσῶν,
1572 4258 1713 4313 κατὰ

134 4350 223 4401 τὸν
263 4349 500 4419 ἀριθμὸν
532 4349 641 4402 τῶν
669 4350 949 4419 μαθητῶν,
984 4350 1575 4419 διασχίζεται.Ἐκεῖνοι
1612 4350 1712 4421 μὲν

1882 2519 2056 2577 Hodie
2095 2521 2242 2576 enim
2275 2528 2567 2577 transactis
2594 2558 2611 2585 ,
2636 2528 2793 2589 juxta
2839 2518 3008 2574 annui
3041 2517 3193 2574 orbis
3238 2526 3383 2575 stata

1811 2622 2054 2685 tempora
2074 2652 2089 2677 ,
2119 2614 2515 2685 quinquaginta
2554 2629 2585 2668 a
2613 2611 2898 2668 Paschatis
2940 2610 3234 2667 festivitate
3262 2609 3378 2666 die-

1808 2706 1934 2768 bus,
1970 2706 2073 2761 hac
2097 2706 2233 2775 ipsa,
2265 2705 2427 2760 tertia
2449 2704 2661 2763 scilicet
2682 2702 2792 2760 diei
2821 2702 2982 2763 hora,
3014 2700 3219 2757 donum
3248 2700 3383 2755 illud

1811 2798 2125 2853 hominibus
2156 2796 2386 2871 largitus
2415 2802 2500 2851 est
2529 2794 2674 2850 Deus
2693 2837 2709 2861 ,
2739 2793 2884 2863 quod
2915 2808 3131 2848 omnem
3164 2791 3383 2846 dicendi

1809 2894 1916 2946 vim
1951 2896 2195 2961 superat.
2229 2887 2443 2943 Rursus
2468 2887 2612 2943 enim
2647 2885 2856 2942 homini
2886 2884 3157 2941 admistus
3181 2891 3267 2939 est
3294 2883 3385 2938 ille

1811 2979 2081 3051 Spiritus,
2132 2980 2226 3050 qui
2274 2988 2472 3041 antea,
2522 2984 2809 3048 propterea
2854 2975 3000 3046 quod
3045 2976 3208 3031 homo
3236 2984 3385 3030 esset

1810 3088 1973 3136 caro,
2007 3088 2037 3127 a
2066 3080 2263 3129 natura
2293 3080 2481 3128 nostra
2532 3075 2866 3131 recesserat,
2907 3074 2960 3124 et
3004 3066 3384 3137 spiritualibus

1808 3166 2064 3236 nequitiae
2101 3163 2467 3236 potestatibus
2501 3176 2599 3232 per
2641 3161 3018 3216 vehementem
3074 3158 3231 3213 illum
3272 3157 3384 3228 spi-

1808 3259 1973 3313 ritum
2009 3257 2280 3325 disjectis,
2313 3255 2637 3324 cunctisque
2666 3251 2829 3307 fcedis
2858 3249 3201 3306 daemonibus
3230 3248 3382 3319 ejus-

1808 3349 1929 3405 dem
1966 3349 2202 3404 adventu
2230 3364 2297 3403 ex
2327 3361 2453 3403 aere
2479 3344 2745 3414 expulsis,
2784 3343 2970 3398 divina
3008 3342 3231 3406 virtute,
3264 3354 3389 3411 spe-

1809 3441 1946 3495 ciem
1980 3440 2121 3511 ignis
2151 3454 2263 3509 prae
2298 3453 2360 3494 se
2392 3436 2637 3502 ferente,
2672 3434 2864 3504 repleti
2891 3441 3041 3499 sunt,
3075 3433 3169 3503 qui
3196 3430 3255 3486 in
3293 3446 3389 3486 su-

1809 3530 2027 3600 periore
2070 3531 2269 3586 domus
2307 3536 2460 3600 parte
2503 3526 2814 3598 degebant;
2854 3540 3031 3596 neque
3065 3524 3213 3579 enim
3268 3521 3387 3578 ﬁeri

1810 3631 2025 3695 potest,
2068 3630 2128 3678 ut
2155 3622 2281 3693 quis
2319 3621 2496 3677 sancti
2534 3619 2772 3690 Spiritus
2816 3618 3091 3689 particeps
3117 3616 3247 3680 ﬁat,
3280 3614 3387 3670 nisi

1809 3719 1866 3773 in
1912 3717 2221 3773 sublimiori
2266 3715 2434 3785 hujus
2466 3714 2590 3768 vita:
2629 3711 2881 3766 instituto
2927 3716 3198 3764 versetur.
3248 3704 3386 3760 Nam

1811 3810 1902 3880 qui
1939 3824 2001 3864 ea
2021 3847 2037 3872 ,
2067 3823 2190 3878 quae
2212 3823 2432 3864 sursum
2456 3814 2617 3872 sunt,
2646 3805 2887 3875 sapiunt,
2916 3809 2971 3855 et
3001 3799 3127 3854 vita:
3155 3812 3387 3853 conver-

1812 3900 2024 3954 satione
2055 3914 2086 3953 e
2135 3905 2284 3952 terra
2327 3897 2383 3951 in
2418 3895 2617 3951 cmlum
2665 3894 2967 3959 translata,
3007 3892 3064 3946 in
3098 3889 3391 3946 caenaculo

1812 3990 2063 4045 sublimis
2085 3989 2234 4044 illius
2260 3988 2385 4043 vitae
2410 3986 2644 4042 rationis
2670 3985 2952 4047 habitant,
2980 3981 3035 4036 hi
3061 3979 3239 4037 sancti
3264 3977 3391 4049 Spio

1814 4082 1952 4137 ritus
1984 4080 2282 4151 participes
2323 4079 2481 4134 fiunt.
2528 4074 2886 4147 Congregatis
2925 4073 3067 4129 enim
3098 4071 3153 4126 in
3194 4084 3385 4125 omna-

1814 4172 1941 4227 culo
1968 4171 2276 4241 discipulis,
2302 4178 2361 4225 ut
2388 4170 2443 4224 in
2472 4171 2709 4223 Actuum
2754 4165 3127 4236 apostolorum
3160 4161 3389 4217 historia

1814 4271 2090 4324 narratur,
2118 4261 2262 4331 ignis
2302 4262 2394 4316 ille
2432 4260 2653 4313 divinus
2686 4257 2973 4326 omnisque
3013 4252 3261 4308 materici
3295 4266 3389 4305 ex-

1814 4370 1961 4425 pers,
1979 4355 2043 4408 ad
2066 4355 2372 4423 linguarum
2391 4353 2585 4416 instar,
2611 4366 2711 4421 pro
2742 4346 3057 4405 eorumdem
3089 4344 3391 4414 discipulo-

136 4439 226 4496 οὖν
265 4440 527 4512 Πάρθοις,
556 4441 650 4494 καὶ
683 4441 904 4512 Μήδοις,
943 4442 1036 4495 καὶ
1087 4441 1421 4511 Ἐλαμίταις,
1464 4442 1560 4495 καὶ
1599 4444 1708 4505 τοῖς

1814 4462 1931 4500 rum
1949 4461 2200 4509 numero,
2216 4444 2425 4500 divisus
2444 4452 2551 4500 est.
2578 4444 2655 4497 Illi
2686 4456 2816 4511 ergo
2833 4438 3087 4501 Parthos,
3111 4436 3317 4499 Medos,
3333 4444 3395 4491 et

136 4534 342 4596 λοιποῖς
371 4531 549 4586 ἔθνεσι
578 4532 898 4601 διελέγοντο,
932 4534 1051 4586 κατ’
1075 4532 1324 4597 ἐξουσίαν
1355 4532 1492 4604 πρὸς
1528 4535 1708 4587 πᾶσαν

138 4625 355 4695 ἐθνικὴν
385 4623 638 4693 γλῶσσαν
661 4624 759 4687 τὰς
783 4624 991 4677 ἑαυτῶν
1019 4624 1201 4693 φωνὰς
1241 4624 1673 4695 μεθαρμόζοντες
1693 4640 1705 4652 -

149 4718 289 4789 Ἐγὼ
328 4717 417 4782 δὲ,
445 4717 628 4781 καθώς
668 4735 832 4787 φησιν
877 4720 905 4771 ὁ
945 4717 1288 4782 ’Λπόστολος,
1337 4717 1488 4771 θέλω
1532 4716 1711 4770 πέντε

136 4810 357 4879 λόγους
394 4810 464 4862 ἐν
505 4810 835 4876 Ἐκκλησία
878 4806 959 4873 τῷ
992 4811 1093 4862 νοΐ
1113 4827 1230 4878 μου
1280 4806 1564 4874 λαλῆσαι,
1612 4810 1712 4862 ἵνα

138 4903 230 4955 καί
251 4902 486 4965 ἄλλους
508 4899 820 4968 ὠφελήσω,
852 4901 891 4967 ἣ
910 4901 1163 4969 μυρίους
1181 4900 1402 4968 λόγους
1427 4901 1496 4953 ἐν
1521 4900 1711 4969 γλώσ-

138 5011 239 5063 σῃ.
288 4994 426 5046 Τότε
464 4993 562 5064 μὲν
595 4992 862 5063 χρήσιμον
904 4992 965 5044 τὸ
1006 4992 1287 5061 ὁμόφωνον
1328 4992 1571 5060 γίνεσθαι
1600 4995 1712 5055 τοῖς

139 5082 551 5152 ἀλλογλώσσοις,
581 5083 655 5145 ὡς
682 5083 747 5136 ἂν
774 5082 849 5152 μὴ
876 5083 1231 5155 ἀνενέργητον
1259 5086 1343 5155 εῐη
1369 5085 1428 5137 τὸ
1450 5086 1709 5155 κήρυγμα

138 5181 244 5241 τοῖς
273 5176 561 5245 ἀγνοοῦσι,
600 5178 665 5246 τῇ
696 5178 843 5245 φωνῇ
870 5174 980 5227 τῶν
1010 5175 1392 5246 κηρυσσόντων
1424 5175 1708 5245 ἐμποδιζό-

144 5284 299 5336 μενον
318 5283 332 5297 ⁸
367 5265 461 5318 νῦν
488 5263 669 5335 μέντοι
704 5265 801 5333 τῆς
832 5265 973 5318 κατὰ
1001 5264 1095 5335 τὴν
1125 5265 1372 5333 γλῶσσαν
1400 5267 1707 5336 ὁμοφωνίας

208 5446 227 5475 ¹
256 5442 300 5497 ll
332 5442 459 5496 Cor.
494 5460 577 5508 ιιι,
619 5442 707 5496 Π.
778 5442 847 5497 ³1
882 5442 1006 5496 Cor.
1035 5458 1145 5505 xw,
1186 5442 1267 5496 l9.

212 5608 286 5671 (5)
314 5605 487 5661 Zinus
528 5604 655 5676 legit
676 5606 827 5670 Θεὸς,
852 5621 1013 5676 atque
1037 5620 1108 5658 Ita
1137 5606 1300 5659 etiam
1346 5606 1482 5657 alter
1530 5603 1704 5657 Vatic.

143 5678 310 5730 codex
348 5677 497 5745 legit.

214 5752 288 5815 (li)
343 5742 650 5801 Pronomcn
712 5744 915 5814 ταύτης
964 5763 1070 5800 non
1098 5755 1213 5800 crat
1258 5744 1319 5798 in
1347 5742 1466 5797 Zini
1495 5744 1704 5810 codice,

1816 4537 2096 4597 Elamitas.
2117 4551 2181 4591 ac
2205 4536 2443 4606 reliquas
2470 4543 2661 4606 gentes
2689 4531 3131 4600 alioque-bantur,
3163 4529 3226 4582 ad
3254 4543 3391 4596 qua-

1814 4630 2070 4685 rumlibet
2097 4643 2285 4684 earum
2326 4628 2542 4697 linguas
2572 4641 2737 4680 voces
2785 4638 2915 4678 suas
2965 4637 3065 4691 pro
3109 4620 3267 4674 lihitu
3298 4636 3395 4673 ac-

1814 4719 2249 4775 commodantes.
2281 4728 2371 4791 ’At
2403 4736 2517 4788 ego,
2550 4728 2609 4771 ut
2644 4716 2822 4787 inquit
2864 4714 3195 4784 Apostolus,
3224 4711 3391 4773 malo,

1815 4830 1972 4868 sensu
2004 4829 2116 4867 meo
2146 4813 2370 4881 quinque
2394 4810 2547 4864 verba
2579 4810 2722 4879 loqui
2761 4809 2815 4861 in
2850 4806 3091 4861 Ecclesia
3112 4843 3129 4867 ,
3166 4812 3225 4857 ut
3266 4802 3392 4855 aliis

1816 4906 1975 4958 etiam
2008 4905 2226 4969 prosint,
2268 4919 2426 4972 quam
2458 4900 2631 4955 decem
2665 4900 2839 4953 millia
2885 4898 3154 4953 verborum
3199 4894 3253 4946 in
3286 4893 3391 4946 lin-

1814 5013 1917 5065 gua
1945 4995 1986 5049 ³.
2023 4993 2218 5049 Verum
2250 5003 2381 5047 tunc
2415 4992 2634 5062 quidem
2659 4991 2886 5046 multum
2916 4987 3140 5058 profuit,
3170 4993 3393 5054 aposto-

1817 5088 1995 5139 lorum
2037 5100 2224 5138 vocem
2270 5084 2501 5137 aliarum
2548 5083 2792 5153 gentium
2834 5080 3036 5150 linguis
3071 5074 3281 5146 aptari,
3320 5088 3392 5127 ne

1818 5190 2123 5247 prmconum
2162 5174 2399 5243 linguam
2422 5172 2804 5241 ignorantibus
2834 5168 3110 5237 Evangelii
3144 5164 3387 5237 promul-

1812 5266 1957 5337 gatio
1996 5266 2274 5321 incassum
2322 5265 2509 5331 ﬁeret;
2553 5278 2699 5318 nunc
2740 5270 2921 5315 autem
2975 5258 3239 5330 quoniam
3280 5270 3389 5310 una

1815 5617 1913 5655 nec
1964 5610 2140 5657 exstat
2198 5603 2249 5655 in
2306 5617 2414 5654 uno
2470 5616 2532 5652 ex
2582 5597 2883 5664 Vaticanis,
2922 5598 2977 5653 in
3012 5598 3173 5670 cujus
3197 5604 3383 5653 tamen

1815 5673 2060 5739 margine
2091 5672 2309 5725 additur
2339 5686 2503 5725 manu
2534 5670 2773 5725 diversa.

1886 5742 1962 5813 (7)
1996 5742 2153 5797 Alius
2184 5742 2381 5811 codex,
2414 5743 2462 5796 ὃ.
