3842 6398
465 294 569 350 699

1718 293 1776 349 S.
1815 289 2141 350 GREGORII
2174 285 2465 343 NYSSENI

3592 278 3697 337 703.

463 417 763 483 eademque
788 411 974 482 lingna
1005 409 1237 477 utimur,
1269 409 1481 479 igneam
1515 407 1776 465 debemus
1799 408 2028 481 Spiritus

2136 402 2331 474 οὔσης,
2367 402 2690 474 ἐπιζητῆσαι
2734 400 2840 473 χρὴ
2884 399 2982 471 τὴν
3029 398 3260 470 πυρίνην
3304 396 3556 467 γλῶσσαν
3598 399 3697 451 τοῦ

466 510 703 578 linguam
732 507 1047 576 exquirere,
1079 520 1185 575 qua
1214 520 1308 559 eos
1336 505 1431 575 qui
1469 520 1566 574 per
1592 520 1835 560 errorem
1863 506 1917 559 in
1951 513 2031 560 te-

464 598 649 651 hebris
680 603 987 656 versantur,
1022 594 1412 649 illuminemus.
1454 592 1521 647 Et
1553 593 1643 649 hic
1674 596 1839 649 etiam
1873 594 2029 649 nobis

463 697 664 758 praeat
692 686 881 749 David,
911 686 1225 755 sociumque
1264 686 1369 742 sibi
1399 685 1659 757 adjungat
1686 686 2026 756 Apostolum.

464 778 521 833 In
560 780 658 833 hoc
684 780 831 834 enim
860 779 1099 848 psalmo,
1125 777 1282 846 cujus
1310 777 1521 831 initium
1544 778 1700 833 nobis
1724 776 2029 832 exsultandi

463 872 518 925 in
563 870 790 925 Domino
821 869 1050 924 formam
1091 867 1442 938 suppeditat,
1476 868 1729 937 inquiens
1753 906 1768 930 ,
1823 865 2026 930 Venite,

461 962 783 1016 exsultemus
829 960 1089 1026 Domino,
1128 975 1234 1014 non
1276 960 1451 1015 solum
1485 960 1551 1015 ad
1584 958 1821 1030 Spiritus
1854 958 2027 1014 sancti

463 1055 653 1110 laudes
693 1055 1051 1111 celebrandas
1090 1053 1450 1118 adducimur;
1484 1053 1578 1107 sed
1614 1052 1799 1122 potius
1827 1066 1895 1106 ex
1925 1051 2025 1115 iis,

462 1163 584 1215 qua
621 1155 812 1216 postea
841 1155 1163 1216 sequuntur,
1191 1147 1259 1201 de
1291 1145 1538 1214 ejusdem
1573 1144 1859 1199 divinitate
1891 1142 2027 1197 edo-

464 1252 673 1289 cemur.
708 1237 825 1304 Ipsa
853 1242 1030 1289 autem
1061 1232 1344 1301 Propheta
1369 1233 1529 1288 verba
1552 1231 1708 1286 vobis
1734 1229 2025 1300 proferam,

464 1330 665 1399 quibus
710 1343 939 1399 magnus
981 1329 1108 1383 item
1145 1327 1439 1397 Apostolus
1474 1325 1855 1394 adstipulatur,
1900 1329 2027 1378 sunt

464 1428 645 1473 autem
674 1418 789 1473 hac
824 1441 835 1473 :
873 1418 1043 1472 Hodie
1086 1420 1130 1473 si
1169 1434 1341 1472 vocem
1383 1417 1495 1485 ejus
1523 1416 1825 1477 audieritis,
1864 1415 2029 1467 nolite

464 1505 725 1559 obdurare
762 1507 920 1560 corda
951 1514 1150 1569 vestra,
1180 1507 1317 1558 sicut
1349 1505 1402 1556 in
1425 1503 1824 1557 exacerbatione
1854 1518 2029 1555 secun-

463 1597 588 1649 dum
618 1595 755 1649 diem
788 1596 1088 1649 tentationis
1123 1597 1175 1649 in
1199 1595 1404 1649 deserto
1423 1635 1436 1658 ,
1466 1594 1556 1648 ubi
1592 1601 1919 1647 tentaverunt
1948 1608 2028 1645 me

2131 494 2272 547 Πνεύ
2285 510 2453 565 ματος
2489 495 2570 557 είς
2601 492 2877 563 φωτισμὸν
2908 490 3015 545 τῶν
3044 490 3111 544 δι’
3134 488 3347 561 ἀπάτης
3373 487 3690 558 ἐσκοτισμέ-

2128 602 2258 639 νων.
2289 584 2497 639 Οὐκοῦν
2524 584 2618 638 καὶ⁵
2643 584 2779 656 πρὸς
2805 582 2960 636 τοῦτο
2982 583 3132 653 ἡμᾶς
3161 580 3477 652 όδηγησάτω
3505 580 3697 643 Δαϐὶδ,

2130 678 2525 748 συγχορεύοντα
2557 677 2736 731 λαϐὼν
2759 674 2936 746 ἐαυτῷ
2962 675 3052 728 τὸν
3090 674 3427 727 Ἀπόστολον.
3469 673 3559 726 Ἐν
3582 672 3696 741 γὰρ

2127 772 2194 839 τῇ
2226 769 2514 840 ψαλμῳδίᾳ
2545 768 2738 840 ταύτῃ,
2774 763 2844 839 ἦς
2879 768 2914 838 ἡ
2943 766 3085 837 ἀρχὴ
3112 766 3174 818 τὸ
3213 763 3519 835 ἀγαλλίαμα
3560 765 3696 833 ἡμῖν

2125 857 2187 912 τὸ
2221 860 2313 913 ἐπὶ
2338 859 2416 930 τῷ
2450 859 2636 929 Κυρίῳ
2659 856 2962 929 χαρίζεται,
2991 856 3241 925 λέγουσα·
3274 855 3469 919 Δεῦτε,
3506 856 3696 924 ἀγαλ-

2124 950 2464 1019 λιασώμεθα
2493 947 2575 1014 τῷ
2603 950 2828 1016 Κυρίῳ,
2856 948 2919 1001 οὐ
2948 947 3035 1000 διὰ
3066 947 3254 1000 τούτου
3297 947 3432 1017 πρὸς
3461 947 3561 1018 τὴν
3600 945 3697 999 τοῦ

2128 1040 2284 1108 ἁγίου
2316 1039 2628 1109 Πνεύματος
2650 1035 2991 1109 όδηγούμεθα
3022 1036 3359 1105 δοξολογίανο
3385 1038 3525 1090 ἀλλὰ
3556 1036 3698 1091 πολὺ

2132 1130 2330 1203 μᾶλλον
2363 1131 2421 1183 ἐν
2448 1132 2561 1193 τοῖς
2592 1129 2907 1193 ὑπολοίποις
2936 1129 3005 1183 τὰ
3028 1130 3158 1201 περὶ
3187 1134 3286 1202 τῆς
3320 1129 3571 1201 θεότητος
3598 1132 3698 1185 αὖ·

2125 1222 2217 1276 τοῦ
2244 1220 2622 1292 διδασκόμεθα.
2653 1222 2807 1286 Λέξω
2847 1220 2904 1275 δὲ
2945 1221 3073 1291 ὑμῖν
3105 1221 3245 1276 αὐτὰ
3275 1222 3368 1276 τοῦ
3406 1224 3699 1294 Προφήτου

2125 1311 2193 1365 τὰ
2240 1313 2479 1383 ῥήματα,
2508 1305 2589 1375 οἷς
2625 1311 2928 1366 συντίθεται
2956 1311 3051 1366 καὶ
3076 1312 3105 1364 6
3139 1311 3312 1381 μέγας
3350 1313 3695 1376 ’Δπόστολοςο

2126 1401 2240 1470 ἔχει
2265 1400 2322 1452 δὲ
2345 1402 2378 1470 ἡ
2413 1399 2570 1470 ῥῆσις
2589 1398 2779 1463 οὕτως’
2803 1398 3071 1469 Σήμερον
3089 1398 3197 1452 ἐὰν
3224 1396 3333 1467 τῆς
3355 1396 3555 1467 φωνῆς
3587 1401 3699 1452 αῠ-
3814 1392 3817 1397 ’

2124 1491 2231 1544 τοῦ
2258 1491 2578 1557 ἀκούσητε,
2597 1489 2683 1558 μὴ
2705 1490 3089 1560 σκληρύνητε
3108 1488 3213 1555 τὰς
3233 1489 3477 1558 καρδίας
3504 1488 3693 1558 ὑμῶν.

2124 1583 2205 1647 ὡς
2238 1582 2309 1635 ἐν
2346 1581 2426 1648 τῷ
2472 1580 2944 1650 παραπικρασμῷ
2982 1581 3135 1635 κατὰ
3170 1580 3285 1650 τὴν
3320 1580 3549 1651 ἡμέραν
3586 1580 3698 1635 τοῦ

462 1697 640 1757 patres
694 1688 917 1741 vestri‘.
967 1685 1170 1741 Horum
1202 1685 1403 1756 quippe
1446 1685 1776 1739 mentionem
1818 1683 2026 1739 faciens

2132 1673 2456 1743 πειρασμοῦ
2481 1673 2551 1726 ἐν
2580 1672 2657 1740 τῇ
2686 1673 2903 1741 ἐρήμῳ,
2928 1665 2999 1727 οὗ
3030 1670 3356 1740 ἐπείρασάν
3379 1687 3456 1739 με
3488 1672 3543 1724 οι
3580 1686 3698 1722 πα-

463 1748 679 1833 divinus
723 1779 1053 1847 Apostolus,
1094 1778 1173 1832 sic
1213 1748 1690 1844 ait-,‘Quaprapter
1736 1776 1873 1829 sicut
1902 1775 2028 1827 dicit

2132 1763 2296 1831 τέρες
2321 1762 2505 1831 ὑμῶν.
2537 1760 2755 1815 Τούτων
2782 1759 3166 1831 μεμνημένοςὸ
3183 1759 3325 1823 θεῖος
3352 1758 3695 1821 ’Δπόστολος,

465 1867 693 1935 Spiritus
718 1878 929 1921 sanctus
948 1868 968 1898 ⁸
989 1884 1004 1932 ;
1028 1875 1188 1937 atque
1213 1867 1285 1921 ita
1312 1865 1588 1936 prafatus,
1614 1866 1727 1920 hac
1751 1864 2031 1934 Propheta

462 1960 627 2014 verba
678 1958 862 2013 statim
917 1956 1097 2025 al‘l'ert,
1149 1958 1387 2028 Spiritus
1428 1958 1602 2013 sancti
1648 1973 1890 2028 persona
1938 1959 2029 2012 illa

462 2048 782 2103 attribuens.
820 2048 954 2113 Quis
1008 2049 1173 2117 igitur
1217 2059 1334 2110 est,
1361 2063 1521 2119 quem
1564 2058 1747 2119 patres
1787 2049 2027 2118 ipsorum

461 2148 811 2195 tentaverunt
857 2142 912 2196 in
951 2139 1207 2195 deserto?
1243 2140 1380 2206 Quis
1409 2149 1493 2195 est
1515 2179 1531 2203 ,
1574 2154 1735 2209 quem
1769 2139 2022 2194 irritave-

461 2231 623 2284 runt?
644 2230 801 2285 Disce
822 2232 891 2285 ab
912 2230 1101 2286 eodem
1131 2229 1399 2299 Propheta
1427 2230 2027 2293 dicente,Tentaverunt

460 2320 633 2374 Deum
676 2322 937 2376 excelsum
987 2323 1028 2376 ‘.
1061 2322 1225 2391 Atqui
1279 2321 1574 2392 Apostolus
1620 2336 1743 2375 cum
1787 2322 2027 2392 Spiritus

460 2426 706 2480 persona
727 2413 1052 2467 mentionem
1076 2411 1377 2481 injecisset,
1403 2410 1499 2465 has
1523 2411 1737 2465 easdem
1761 2412 1838 2466 illi
1868 2427 2029 2468 voces

459 2501 677 2563 tribuit,
721 2502 975 2569 inquiens
1007 2519 1020 2554 :
1055 2500 1403 2568 Quapropter,
1440 2501 1577 2553 sicut
1624 2499 1753 2553 dicit
1796 2500 2027 2569 Spiritus

459 2604 676 2649 sanctus
698 2612 717 2649 :
746 2594 1043 2649 Secundum
1081 2594 1219 2648 diem
1249 2591 1555 2647 tentationis
1586 2591 1641 2644 in
1670 2592 1875 2647 deserto
1895 2634 1909 2660 ,
1943 2594 2030 2647 ubi

462 2695 788 2742 tentaret-unt
817 2705 897 2741 me
916 2696 1091 2758 patres
1113 2690 1291 2743 vestri.

530 2868 700 2935 Quem
756 2868 923 2940 igitur
963 2869 1129 2924 Deum
1179 2873 1456 2928 excelsum
1510 2875 1847 2945 nuncupavit
1894 2874 2030 2929 Pro-

461 2962 622 3030 pheta
640 2998 655 3022 ,
684 2960 829 3014 hunc
856 2961 1075 3015 divinus
1104 2962 1402 3032 Apostolus
1428 2974 1680 3021 sanctum
1706 2981 1829 3021 esse
1857 2965 2028 3035 Spiri-

460 3058 576 3104 tum
609 3051 829 3105 asserit.
852 3049 1008 3117 Quod
1038 3052 1082 3106 si
1114 3062 1294 3107 autem
1319 3069 1509 3109 verum
1539 3056 1592 3110 id
1627 3072 1749 3112 esse
1770 3073 1878 3111 non
1908 3072 2027 3112 cre-
2052 3076 2096 3131 α

462 3138 567 3202 dis,
597 3154 815 3193 rursum
840 3155 961 3209 qua
988 3139 1129 3195 dicta
1161 3150 1289 3196 sunt
1315 3143 1603 3199 considera
1629 3162 1641 3196 :
1672 3144 2025 3213 Quapropter.

461 3227 597 3282 sicut
637 3228 765 3282 dicit
810 3227 1043 3298 Spiritus
1088 3240 1327 3296 sanctus,
1357 3232 1539 3288 Nolite
1579 3234 1842 3289 obdurare
1867 3238 2029 3289 corda

460 3327 654 3383 vestra,
678 3320 815 3374 sicut
843 3324 898 3374 in
924 3321 1327 3383 exacerbatione
1360 3324 1647 3379 secundum
1679 3324 1817 3379 diem
1855 3336 2029 3380 tenta—

463 3410 621 3464 tionis
644 3412 697 3465 in
723 3411 954 3477 deserto,
983 3412 1072 3466 ubi
1104 3422 1429 3469 tentaverunt
1450 3432 1530 3470 me
1555 3427 1734 3487 patres
1764 3420 1939 3473 vestri.
1971 3420 2028 3473 Si

460 3512 591 3569 ergo
627 3497 862 3567 Spiritus
896 3508 1121 3556 sanctus
1149 3501 1302 3568 dicit,
1355 3503 1707 3560 Tentaverunt
1738 3522 1819 3560 me
1844 3515 2023 3574 patres

460 3590 621 3643 vestri
654 3591 710 3643 in
738 3590 974 3657 deserto;
1011 3593 1281 3666 Propheta
1316 3612 1445 3652 vero
1480 3606 1732 3659 testatur,
1772 3613 1895 3653 cum
1937 3600 2030 3668 qui

462 3689 703 3737 tentatus
734 3690 836 3749 est,
875 3685 1150 3742 excelsum
1181 3702 1306 3744 esse
1346 3687 1552 3754 Deum;
1581 3688 1861 3744 obstructa
1902 3707 2031 3761 ergo

462 3778 593 3827 sunt
641 3772 855 3827 illorum
908 3789 1042 3842 ora,
1088 3777 1183 3847 qui
1221 3775 1481 3847 Spiritum
1527 3788 1775 3834 sanctum
1828 3788 2032 3837 temere

461 3872 799 3934 oppugnant,
813 3873 868 3919 et
885 3866 1182 3936 loquuntur
1200 3868 1539 3939 iniquitatem
1558 3871 1824 3927 adversus
1836 3871 2028 3938 Deum,

460 3968 587 4007 cum
618 3954 904 4023 perspicue
930 3963 1044 4009 tum
1072 3956 1386 4027 Apostolus,
1411 3967 1524 4012 tum
1552 3956 1848 4029 Propheta,
1878 3960 1934 4013 in
1963 3960 2031 4015 iis

461 4061 584 4115 qua
627 4045 901 4112 diximus,
943 4045 1179 4118 Spiritus
1218 4049 1395 4104 sancti
1438 4049 1781 4104 divinitatem
1834 4050 2031 4119 pradi-

460 4144 609 4190 cent.
644 4135 915 4207 Pr0pheta
945 4139 1161 4209 quidem
1189 4140 1318 4195 dum
1355 4140 1453 4205 ait,
1484 4139 1834 4195 Tentaverunt
1865 4140 2031 4196 Deum

460 4227 743 4291 excelsum,
764 4237 818 4283 et
845 4236 1103 4300 tanquam
1130 4228 1223 4284 Dei
1249 4245 1537 4300 personam
1566 4230 1789 4286 indutus
1819 4230 2033 4287 Israeli-

464 4328 547 4372 Ias
575 4317 759 4372 verbis
790 4318 899 4374 illis
927 4319 1243 4388 alloquitur,
1268 4317 1334 4372 In
1362 4318 1570 4373 deserto
1600 4326 1929 4373 tentaverunt
1952 4336 2031 4373 me

2129 1854 2270 1907 οὕτω
2294 1853 2446 1923 φησί·
2477 1852 2573 1907 Διὸ
2600 1851 2793 1918 καθὼς
2822 1852 2983 1921 λέγει
3007 1850 3076 1905 τὸ
3117 1851 3355 1920 Πνεῦμα
3386 1849 3453 1904 τὸ
3488 1851 3693 1918 ἄτιονο

2129 1944 2222 1997 καὶ⁵
2257 1943 2416 1998 τοῦτο
2443 1942 2631 2007 είπὼν,
2678 1942 2880 2005 ταύτας
2918 1942 3014 1995 τοῦ
3059 1942 3339 2012 Προφήτου
3371 1941 3469 2004 τὰς
3510 1942 3696 2012 ῥήσεις

2130 2037 2431 2109 ἐπήγαγεν,
2462 2034 2787 2106 ἐφαρμόζων
2812 2033 2978 2097 αὑτὰς
3001 2033 3079 2103 τῷ
3105 2031 3380 2103 προσώπῳ
3399 2031 3495 2085 τοῦ
3524 2032 3699 2086 Ilvati-

2131 2146 2321 2201 ματος.
2344 2129 2440 2192 Τίς
2460 2122 2553 2181 οὖν
2578 2128 2747 2191 ἐστιν,
2769 2126 2829 2179 ὃν
2852 2125 3148 2197 ἐπείρασαν
3176 2125 3226 2178 οἱ
3255 2124 3490 2195 πατέρες
3514 2124 3699 2177 αὐτῶν

2131 2223 2189 2274 ἐν
2209 2224 2277 2293 τῇ
2303 2221 2495 2291 ἐρήμῳ
2519 2236 2533 2284 ;
2557 2220 2661 2285 τίς,
2688 2218 2747 2271 ὃν
2769 2216 3161 2290 παρὼργισαν;
3192 2216 3345 2271 Μάθε
3377 2216 3506 2287 παρ’
3528 2215 3696 2271 αὑτοῦ

2127 2311 2219 2363 τοῦ
2252 2311 2554 2381 Προφήτου,
2581 2309 2639 2373 ὃς
2662 2325 2847 2378 φησιν,
2879 2309 2980 2361 ὅτιο
3025 2307 3383 2377 Ἐπείρασαν
3413 2306 3523 2361 τὸν
3547 2306 3701 2360 Θεύν

2126 2402 2232 2455 τὸν
2260 2403 2567 2470 Ὕψιστον.
2616 2400 2768 2455 Ἀλλὰ
2801 2400 2907 2471 μὴν
2931 2400 2962 2453 6
3001 2399 3318 2463 ’Δπόστολος
3343 2397 3618 2469 προτάξας
3637 2398 3703 2448 τὸ

2128 2494 2414 2564 πρόσωπον
2443 2492 2539 2545 τοῦ
2573 2492 2730 2561 ἁγίου
2760 2491 3108 2562 Πνεύματος,
3139 2490 3333 2561 ἐκείνῳ
3358 2489 3563 2552 ταύτας
3597 2489 3699 2551 τὰς

2129 2586 2310 2652 φωνὰς
2320 2585 2623 2654 ἀνατίθησι,
2638 2585 2835 2651 λέγων’
2856 2582 2974 2645 Διὸ,
2987 2581 3180 2649 καθὼς
3192 2581 3354 2651 λέγει
3371 2580 3439 2635 τὸ
3455 2580 3700 2650 Πνεῦμα

2128 2675 2195 2729 τὸ
2223 2676 2412 2744 ἅγιον,
2441 2675 2531 2730 ὅτι
2553 2674 2704 2730 κατὰ
2726 2673 2841 2742 τὴν
3131 2673 3238 2727 τοῦ
3265 2672 3600 2741 πειρασμοῦ
3629 2672 3701 2725 ἐν

2128 2768 2201 2837 τῇ
2228 2768 2443 2837 ἐρήμῳ,
2472 2763 2544 2823 οὗ
2577 2765 2905 2836 ἐπείρασάν
2928 2784 3004 2835 με
3036 2767 3090 2820 οἱ
3117 2765 3366 2835 πατέρες
3404 2763 3590 2835 ὑμῶν.

2199 2858 2407 2913 Οὐκοῦν
2430 2859 2489 2912 ὃν
2523 2857 2744 2927 ὕψιστον
2774 2856 2905 2910 Θεὸν
2935 2858 2964 2910 6
3004 2857 3296 2927 Προφήτης
3320 2857 3697 2927 κατωνόμασε,

2127 2949 2316 3003 τοῦτον
2345 2950 2374 3003 6
2406 2948 2545 3012 θεῖος
2590 2947 2906 3012 Ἀπόστολος
2932 2947 2995 3001 τὸ
3022 2946 3247 3018 Πνεῦμα
3277 2947 3337 3001 τὸ
3368 2947 3526 3016 ἅγιον
3557 2944 3700 3001 εἶναι

2128 3044 2293 3111 λέγει.
2322 3041 2385 3095 Ei
2413 3042 2470 3095 δὲ
2500 3043 2770 3107 ἀπιστεῖς,
2796 3041 2959 3095 πάλιν
2982 3039 3044 3093 τὸ
3071 3039 3358 3111 εἰρημένον
3380 3040 3696 3109 ἐπίσκεψαι·

2129 3135 2247 3198 Διὸ,
2274 3132 2466 3199 καθὼς
2499 3132 2661 3202 λέγει
2688 3133 2754 3187 τὸ
2776 3132 3018 3201 Πνεῦμα
3053 3130 3120 3184 τὸ
3148 3130 3351 3199 ἅγιον·⁸
3371 3130 3468 3199 Μὴ
3504 3133 3699 3198 σκλη-

2123 3227 2344 3295 ρύνητε
2373 3225 2478 3292 τὰς
2506 3225 2754 3294 καρδίας
2779 3223 2948 3294 ὑμῶν
2966 3264 2980 3285 ,
3015 3222 3095 3289 ὡς
3133 3222 3204 3275 ἐν
3229 3221 3309 3288 τῷ
3333 3206 3700 3291 παραπικρα-

2131 3317 2262 3386 σμῷ
2294 3317 2446 3371 κατὰ
2472 3316 2587 3385 τὴν
2613 3316 2841 3385 ἡμέραν
2872 3316 2982 3371 τοῦ
3008 3315 3340 3385 πειρασμοῦ
3367 3314 3436 3368 ἐν
3462 3312 3538 3381 τῇ
3563 3312 3701 3380 ἐρήρ

2124 3424 2236 3477 μῳ,
2269 3404 2341 3464 οὗ
2373 3406 2698 3476 ἐπείρασαν
2723 3425 2796 3477 με
2826 3410 2880 3462 οἱ
2911 3409 3158 3477 πατέρες
3192 3405 3374 3477 ὑμῶν.
3408 3407 3469 3458 Ei.
3499 3402 3597 3458 οὖν
3640 3405 3702 3457 τὺ

2133 3499 2353 3570 Πνεῦμα
2381 3499 2441 3551 τὸ
2462 3497 2615 3567 ἅγιον
2644 3498 2811 3567 λέγει,
2836 3500 2938 3553 ὅτι·
2979 3497 3332 3566 Ἐπείραονάν
3350 3514 3426 3567 με
3446 3499 3500 3550 οι
3521 3496 3702 3549 πατέ-

2123 3608 2230 3660 ρες
2252 3589 2419 3660 ὑμῶν
2441 3591 2512 3645 ἐν
2538 3589 2613 3660 τῇ
2634 3592 2829 3661 ἐρήμῳ
2845 3609 2859 3623 ⁸
2884 3594 2914 3646 6
2935 3591 2991 3645 δὲ
3013 3591 3305 3662 Προφήτης
3333 3588 3702 3661 διαμαρτύρε-

2129 3702 2240 3750 ται,
2272 3684 2355 3737 ὅτι
2402 3686 2431 3738 6
2480 3684 2539 3736 ἐν
2581 3686 2647 3754 τῇ
2686 3685 2879 3755 ἐρήμῳ
2925 3681 3270 3754 πειρασθεὶς,
3320 3680 3541 3751 ῦψιστός
3583 3683 3702 3734 ἐστι

2130 3775 2262 3837 Θεός
2305 3774 2403 3841 (8)·
2445 3773 2716 3845 ἐνεφράγη
2752 3773 2822 3826 τὰ
2867 3773 3109 3844 στόματα
3150 3770 3259 3824 τῶν
3302 3772 3699 3840 Πνευματομά-

2131 3884 2261 3936 χων,
2298 3866 2366 3919 τὰ
2388 3864 2651 3919 λαλοῦντα
2686 3865 2762 3935 (9)
2790 3864 2930 3918 κατὰ
2953 3863 3048 3918 τοῦ
3078 3863 3213 3917 Θεοῦ
3242 3863 3475 3927 ἀδικίαν,
3512 3862 3700 3931 σαφῶς

2131 3957 2223 4010 τοῦ
2250 3974 2309 4010 τε
2347 3956 2666 4012 Ἀποστόλου
2694 3958 2788 4011 καὶ
2812 3954 2907 4010 τοῦ
2938 3956 3221 4028 Προφήτου
3250 3954 3492 4011 διὰ,τῶν
3539 3957 3697 4026 εἰρη-

2134 4045 2310 4116 μένων
2332 4046 2429 4118 τὴν
2455 4047 2680 4118 θεότητα
2707 4046 3087 4119 κηρυσσόντων
3107 4045 3200 4099 τοῦ
3226 4044 3541 4116 Πνεύματος
3563 4059 3579 4075 ο
3605 4043 3701 4098 τοῦ

2135 4138 2232 4206 μὲν
2264 4137 2525 4203 εἰπόντος,
2556 4140 2659 4204 ὅτι,
2702 4124 3062 4206 Ἐπείραο-αν
3099 4136 3206 4190 τὸν
3226 4136 3375 4190 Θεὸν
3406 4136 3513 4189 τὸν
3534 4136 3703 4205 Ὑψι-

2131 4243 2312 4296 στον,
2342 4230 2433 4283 καὶ
2457 4229 2531 4293 ὡς
2559 4229 2711 4301 παρὰ
2741 4229 2834 4282 τοῦ
2864 4228 3000 4283 Θεοῦ
3032 4231 3145 4292 τοῖς
3180 4227 3538 4299 Ἰσραηλίταις
3565 4245 3702 4299 προς

2132 4320 2388 4389 φέροντος
2407 4320 2508 4392 τὴν
2537 4321 2693 4392 ρἦιν
2722 4320 2934 4391 ἐκείνην
2951 4320 3082 4390 (10),
3116 4320 3218 4385 ὅτι,
3264 4320 3369 4374 Ἐν
3401 4318 3474 4389 τῇ
3503 4320 3703 4389 ἐρήμῳ

459 4417 636 4475 patres
664 4409 827 4461 uestri
850 4424 869 4462 :
910 4423 1141 4476 magnus
1178 4424 1306 4463 vero
1352 4409 1588 4472 Paulus,
1622 4410 1752 4464 dum
1788 4410 1905 4464 hac
1933 4425 2028 4465 ea-

2132 4410 2458 4478 ἐπείρασάν
2484 4428 2559 4479 με
2600 4413 2656 4465 οὶ
2698 4411 2949 4480 πατέρες
2978 4411 3178 4482 ὑμῶν·
3220 4409 3316 4465 τοῦ
3358 4410 3417 4464 δὲ
3463 4411 3701 4480 μεγάλου

466 4499 589 4552 dem
621 4499 791 4553 verba
824 4497 1050 4568 Spiritui
1085 4506 1278 4554 sancto
1308 4500 1592 4566 attribuit;
1624 4509 1683 4555 ut
1708 4516 1774 4556 ex
1804 4501 1889 4557 his
1911 4500 2029 4557 evi-

462 4593 655 4647 denter
683 4599 881 4660 pateat,
919 4590 1184 4662 Spiritum
1215 4600 1464 4647 sanctum
1505 4609 1628 4649 esse
1658 4593 1824 4649 Deum
1848 4595 2030 4650 excel-

466 4698 613 4738 sum.
648 4682 919 4739 Videntne
942 4698 1073 4753 ergo
1101 4682 1194 4753 qui
1237 4684 1423 4754 gloria
1462 4682 1700 4754 Spiritus
1734 4685 2029 4742 adversan-

463 4785 577 4839 tur,
621 4776 832 4847 igneam
873 4790 1157 4830 sacrorum
1206 4774 1543 4846 eloquiorum
1592 4777 1869 4846 linguam,
1912 4793 2031 4847 qua

461 4869 696 4923 obscura
742 4875 933 4931 erant,
980 4867 1379 4923 illustrantem?
1433 4871 1516 4922 An
1568 4883 1703 4931 nos,
1753 4876 1811 4923 ut
1850 4878 2031 4924 musto

2138 4500 2350 4554 Παύλου
2378 4500 2455 4572 τῷ
2486 4502 2626 4571 ἁγίῳ
2663 4501 2941 4573 Πνεύματι
2968 4502 3170 4567 ταύτας
3192 4502 3292 4566 τὰς
3319 4501 3503 4571 φωνὰς
3532 4504 3702 4573 ἐφαρ-

2139 4594 2436 4663 μόσαντος,
2478 4594 2556 4656 ὡς
2601 4594 2691 4647 διὰ
2736 4593 2941 4649 τούτων
2986 4593 3232 4665 ἐναργῶς
3281 4593 3698 4663 ἀποδειχθῆναι,

2135 4686 2217 4738 ὅτι
2241 4686 2375 4750 Θεὸς
2405 4685 2625 4756 ὕψιστος
2646 4686 2709 4739 τό
2735 4687 2961 4758 Πνεῦμά
2986 4689 3102 4740 ἐστι
3127 4686 3189 4740 τὸ
3210 4685 3384 4754 ἅγιον.
3407 4682 3553 4756 τΔρα
3578 4684 3701 4755 βλέ-

2136 4795 2327 4833 πουσιν
2358 4778 2407 4832 οἱ
2443 4778 2627 4849 ἐχθροὶ
2653 4780 2751 4849 τῆς
2787 4778 2943 4847 δόξης
2967 4777 3062 4831 τοῦ
3110 4777 3426 4848 Πνεύματος
3459 4778 3572 4847 (ii)
3604 4779 3703 4847 τὴν

2137 4869 2370 4941 πυρίνην
2411 4868 2661 4937 γλῶσσαν
2687 4868 2795 4922 τῶν
2821 4868 2980 4922 θείων
3009 4868 3204 4937 λογίων
3230 4868 3330 4939 τὴν
3362 4868 3431 4921 τὰ
3457 4885 3702 4939 κεκρυμ-

537 5032 558 5063 ⁸
580 5030 725 5089 Psal.
752 5048 896 5099 χειν,
922 5033 974 5099 ὃ,
1004 5032 1058 5088 9.
1129 5033 1152 5065 ⁸
1172 5030 1306 5088 Heb.
1344 5047 1427 5098 ιιι,
1461 5032 1513 5086 7.
1589 5033 1610 5062 °
1634 5031 1776 5088 Psal.
1808 5048 2009 5098 Lxxvu,
2045 5032 2137 5091 56.

536 5185 611 5255 (8)
648 5185 771 5243 llac
794 5195 879 5242 est
904 5203 1035 5242 vera
1064 5187 1229 5257 hujus
1265 5188 1368 5242 loci
1396 5187 1580 5251 lectio,
1603 5202 1766 5256 quam
1788 5256 1791 5257 ν
1811 5187 2026 5241 Vatica-

462 5272 570 5311 nus
608 5258 777 5312 codex
823 5273 974 5311 num.
1008 5257 1114 5312 564
1146 5256 1398 5312 exhibet.
1441 5258 1497 5309 lu
1543 5258 1717 5311 altero
1752 5256 2028 5312 Vaticana

463 5327 648 5397 itjdem
681 5328 1022 5381 Bibliotheca
1054 5328 1243 5381 codice
1273 5343 1425 5383 num.
1468 5329 1603 5381 1097
1638 5328 1779 5381 male
1809 5328 2025 5397 legitur,

461 5388 525 5449 οὗ
558 5397 855 5467 ὲπείρασάν
890 5413 956 5465 με
1000 5398 1048 5449 οἱ
1091 5398 1324 5466 πατέρες
1362 5398 1513 5466 ὑμῶν
1550 5414 1562 5427 ·
1601 5398 1628 5450 ὁ
1654 5397 1709 5449 δὲ
1742 5388 2030 5467 Προῷήτης

462 5467 913 5537 δια-μαρτύρεται,
947 5467 1026 5537 ότι
1054 5468 1083 5518 6
1112 5469 1169 5520 ἐν
1198 5470 1261 5535 τῇ
1303 5468 1447 5536 έρήμ
1467 5485 1493 5531 ρ
1548 5468 1859 5537 πειρασθείς
1905 5467 2029 5535 ὕψι-

468 5535 589 5606 στός
623 5535 920 5598 ἐστι’Θεὸς.
960 5535 1083 5589 "ac
1124 5548 1302 5589 autem
1345 5539 1504 5591 lectio
1558 5538 1608 5590 in
1647 5535 1766 5590 Zini
1808 5552 2028 5606 quoque

465 5603 656 5657 codice
699 5607 1109 5673 reperiebatur;
1151 5607 1312 5659 vertit
1370 5608 1537 5667 enim,
1608 5603 1868 5676 Propheta
1913 5603 2030 5660 vero

469 5683 715 5736 testatur,
750 5692 867 5729 eum
894 5676 983 5743 qui
1020 5686 1246 5728 tentatus
1269 5688 1345 5730 est
1372 5677 1428 5728 in
1458 5677 1681 5739 deserto,
1714 5694 1825 5731 esse
1860 5676 2024 5729 Deum

466 5744 750 5799 excelsum.
807 5745 943 5801 Male
992 5746 1158 5802 etiam
1206 5746 1259 5801 in
1317 5749 1490 5802 altero
1521 5747 1782 5801 Vaticano
1833 5746 2023 5802 codice

2130 5186 2410 5249 scribitur,
2442 5186 2505 5239 Εί
2529 5179 2621 5238 οὖν
2641 5183 2700 5236 τὸ
2724 5181 2949 5251 Πνεῦμα
2968 5179 3028 5233 τὸ
3050 5178 3202 5251 ἅγιον
3223 5177 3371 5251 λέγει
3395 5215 3411 5239 ,
3446 5175 3529 5229 ὅτι
3558 5176 3702 5251 ἐπε-ἰ-

2131 5246 2729 5346 ρέσάνᾲμερί
2758 5246 2911 5323 ὑμῶν
2934 5252 2991 5304 ὲν
3017 5252 3083 5321 τῇ
3108 5249 3319 5320 ἐρήμῳ,
3343 5248 3372 5299 6
3390 5246 3702 5315 πειρασθείς

2160 5324 2393 5396 roma;
2418 5326 2533 5377 ἐστι
2558 5324 2708 5396 Θεός.

2205 5388 2282 5457 (9)
2308 5396 2464 5449 Alius
2490 5395 2679 5455 codex,
2708 5392 2816 5446 τῶν
2844 5388 3166 5443 λαλούντων.

2202 5466 2317 5535 (10)
2376 5464 2545 5535 Zinus
2579 5465 2739 5535 aliter
2790 5462 3111 5535 legit;_nam
3163 5459 3555 5535 interpretatus
3597 5464 3698 5535 est,

2133 5523 2257 5603 Ipso
2290 5523 2396 5588 Deo
2441 5534 2606 5588 verbis
2661 5534 2769 5586 illis
2807 5523 3086 5584 Israelitas
3120 5523 3415 5597 alloquente
3441 5540 3459 5577 :
3498 5523 3566 5579 In
3613 5526 3699 5578 de-

2139 5613 2590 5743 scii‘i.)e\t’:rbiim
2627 5673 2719 5743 τοῦ
2746 5671 3061 5743 Πνεύματος
3102 5668 3289 5725 omisit
3344 5664 3539 5733 Zinus,
3600 5679 3695 5720 nec

2132 5742 2362 5802 habetur
2393 5745 2447 5800 in
2478 5745 2584 5799 alio
2615 5742 2821 5797 codice.
