3842 6406
178 300 281 355 7m

1501 317 1568 372 nv
1605 319 1662 377 s.
1708 321 2153 401 srernanun.

3332 333 3436 390 7052

179 419 330 485 μένα
394 420 835 518 φωτίζουσαν,ἧ
878 428 953 492 ὡς
989 430 1434 504 πεπληρωμένων
1463 436 1556 489 τοῦ
1601 439 1757 506 γλεύ-

1862 445 2075 514 plenos,
2107 444 2454 502 irridebunt?
2483 447 2594 518 Ego
2624 462 2786 510 vero,
2813 446 3063 517 quamvis
3095 447 3210 504 haec
3241 460 3434 504 contra

177 525 312 570 κους
363 513 854 581 καταγελάσουσιν;
925 517 1064 588 Ἐγὼ
1106 522 1163 574 δὲ
1204 523 1306 576 κᾶν
1348 525 1519 579 ταῦτα
1563 527 1762 596 λέγωσι

175 599 308 651 καθ’
339 601 520 671 ἡμῶν,
554 605 907 675 συμϐουλεύω
938 609 1100 679 ὑμῖν,
1135 613 1373 682 ἀδελφοὶ,
1412 617 1486 687 μὴ
1523 619 1763 690 φοϐηθῆ-

175 707 266 741 ναι
298 691 391 744 τὸν
419 692 718 765 ὀνειδισμὸν
744 697 856 750 τῶν
887 700 1162 768 τοιούτων,
1197 706 1331 776 μηδὲ
1361 706 1438 777 τῷ
1471 709 1762 780 φαυλισμῷ

173 782 363 836 αὐτῶν
396 786 714 858 ἡττηθῆναι.
770 791 894 844 Εῖθε
944 793 1054 864 γὰρ
1091 795 1300 864 γένοιτό
1341 799 1451 870 (12)
1494 817 1626 855 ποτε
1665 803 1761 856 καὶ

174 875 412 939 ἐκείνοις
445 877 506 929 τὸ
541 878 771 947 γλεῦκος
801 882 979 947 τοῦτο,
1013 885 1041 937 6
1064 886 1340 960 νεοθλιϐὴς
1366 885 1519 954 οὗτος
1545 887 1707 959 οῙνος,
1733 897 1761 948 ὀ

174 968 242 1018 ὲκ
266 967 374 1037 τῆς
402 969 564 1039 ληνοῦ
601 974 885 1045 προχεθεὶς
905 1015 920 1042 ,
957 979 1024 1049 ἢν
1052 979 1291 1051 ἐπάτησε
1323 982 1410 1037 διὰ
1446 984 1538 1038 τοῦ
1579 985 1760 1054 Εὐαγ-

173 1057 360 1147 γελίου
389 1060 420 1112 6
455 1062 678 1134 Κύριος,
698 1065 784 1118 ἵνα
808 1083 891 1120 σοι
916 1069 1143 1140 πότιμον
1170 1073 1264 1126 τοῦ
1293 1073 1425 1127 ἰδίου
1453 1074 1677 1147 βότρυος
1698 1077 1761 1130 τὺ

172 1145 319 1219 αἷμα
351 1154 554 1224 ποιήσῃ
585 1155 718 1222 (15).
759 1156 886 1212 Εἴθε
933 1161 1042 1232 γὰρ
1074 1162 1472 1234 ἐπληρώθησαν
1513 1145 1757 1221 κακεῖνοι

173 1243 269 1296 τοῦ
305 1244 431 1298 νέου
458 1247 649 1302 τούτου
680 1249 846 1314 οἴνου,
883 1251 943 1305 ὃν
973 1253 1202 1321 γλεῦκος
1229 1255 1540 1326 ὠνόμασαν,
1571 1258 1629 1322 ὃς
1661 1259 1758 1330 τὴν

171 1335 260 1388 διὰ
305 1335 399 1389 τοῦ
445 1338 722 1409 ἆίρετικοῦ
769 1342 879 1415 (Μ)
909 1343 1095 1410 ὕδατος
1139 1348 1418 1419 ἐπιμιξίαν
1463 1352 1613 1422 παρὰ
1649 1351 1757 1405 τῶν

171 1424 440 1493 καπήλων
469 1429 567 1482 οὐκ
595 1429 762 1484 ἔπαθε
783 1447 796 1461 ⁶
830 1434 1046 1499 πάντως
1067 1435 1177 1506 γὰρ
1203 1439 1296 1491 καὶ
1317 1439 1411 1492 τοῦ
1441 1441 1756 1512 Πνεύματος

171 1511 406 1583 πλήρεις
436 1517 702 1585 ἐγένοντο.
729 1521 798 1573 δι’
824 1514 884 1575 οὗ
914 1524 974 1576 τὸ
998 1525 1142 1596 παχύ
1176 1544 1235 1579 τε
1257 1528 1353 1580 καὶ
1385 1511 1604 1594 ἰλυῶδες
1657 1533 1756 1602 τῆς

169 1604 436 1668 ἀπιστίας
481 1609 532 1660 οἱ
581 1609 855 1680 Πνεύματι
899 1613 1110 1678 ζέοντες
1149 1618 1241 1685 ἀφ’
1280 1619 1488 1672 ἑαυτῶν
1531 1621 1756 1690 ἐξαφρί-

170 1694 362 1758 ζουσιν
395 1698 530 1766 (15).
573 1701 714 1754 Ἀλλ’
741 1704 803 1756 οὐ
840 1704 1090 1760 δύνανται
1119 1708 1168 1760 οἱ
1192 1710 1420 1763 τοιοῦτοι
1457 1712 1516 1764 ἐν
1541 1713 1754 1777 ἑαυτοῖς

1863 549 1966 591 nos
2005 536 2209 600 dicant,
2242 537 2599 594 nihilominus
2625 547 2817 592 auctor
2850 538 3006 594 vobis
3035 555 3178 602 sum,
3215 538 3432 594 fratres.

1862 633 1922 680 ut
1943 641 2133 680 eorum
2163 626 2393 682 dicteria
2422 628 2496 680 nil
2526 627 2784 695 timentis,
2817 643 2952 683 neve
2990 628 3306 684 eorumdem
3339 630 3435 683 de‘

1863 713 2160 771 risionibus
2199 718 2594 773 succumbatis.
2642 717 2862 774 Utinam
2891 719 3036 774 enim
3079 727 3134 773 et
3167 720 3301 788 ipsis
3333 721 3424 772 ali-

1859 807 2078 877 quando
2107 808 2245 863 foret
2273 808 2376 863 hoc
2395 820 2655 875 mustum,
2680 826 2895 875 recens,
2929 810 3171 882 inquam,
3194 810 3430 866 effusum

1861 898 1964 954 hoc
2008 899 2216 964 vinum,
2259 914 2323 953 ac
2352 915 2418 954 ex
2462 902 2718 956 torculari
2768 901 3084 970 profusum,
3135 903 3281 973 quod
3336 919 3431 973 per

1859 987 2212 1060 Evangelium
2257 989 2518 1046 Dominus
2551 992 2839 1052 calcavit',
2872 1001 2929 1048 ut
2972 993 3069 1048 tibi
3109 993 3310 1064 proprii
3341 1009 3428 1046 ra-

1859 1080 1998 1134 cemi
2046 1080 2367 1151 sanguinem
2400 1083 2696 1151 potandum
2731 1082 2908 1137 daret.
2958 1081 3176 1136 Utinam
3223 1093 3278 1138 et
3326 1083 3429 1152 ipsi

1858 1173 2046 1243 repleti
2092 1173 2291 1228 fuerint
2331 1190 2471 1228 novo
2497 1175 2600 1229 hoc
2628 1175 2776 1238 vino,
2809 1173 2954 1244 quod
2982 1183 3221 1228 mustum
3246 1176 3430 1244 appel—

1857 1267 2126 1326 laverunt,
2165 1265 2314 1335 quod
2353 1265 2621 1320 haeretica:
2653 1280 2809 1337 aqua:
2843 1264 3169 1320 admistione
3206 1281 3314 1318 non
3344 1274 3429 1319 est

1857 1371 1886 1409 a
1924 1355 2262 1425 cauponibus
2305 1356 2669 1412 adulteratum
2704 1375 2718 1410 :
2767 1371 2996 1427 prorsus
3024 1357 3167 1411 enim
3221 1354 3426 1425 Spiritu

1853 1445 2018 1500 etiam
2051 1445 2240 1514 repleti
2272 1445 2525 1509 fuissent,
2555 1445 2716 1513 cujus
2749 1460 2937 1515 opera,
2965 1445 3056 1515 qni
3090 1460 3153 1498 eo
3178 1442 3424 1505 fervent,

1855 1552 2096 1591 crassam
2128 1535 2366 1605 perﬁdiae
2414 1539 2584 1592 l'ecem
2618 1553 2686 1592 ex
2719 1537 2962 1607 ipsorum
3003 1535 3201 1590 animis
3235 1534 3427 1605 despu-

1854 1639 2025 1683 mant.
2052 1627 2252 1683 Verum
2283 1629 2443 1684 istius
2471 1628 2689 1698 generis
2710 1628 2960 1682 homines
2983 1627 3036 1680 in
3063 1643 3123 1682 se
3149 1626 3283 1696 ipsis
3309 1642 3426 1679 mn-

1854 1731 1994 1776 stun.
2024 1721 2156 1775 illud
2185 1736 2380 1792 capere
2403 1739 2510 1776 non
2536 1730 2766 1790 possunt
2785 1760 2799 1784 ,
2824 1734 2950 1774 cum
2979 1719 3159 1775 adhuc
3189 1724 3427 1774 veterem

168 1789 233 1841 τὸ
262 1789 499 1856 γλεῦκος
521 1792 796 1860 δέξασθαι,
834 1796 913 1851 ἔτι
946 1799 1036 1851 τὸν
1070 1799 1299 1853 παλαιὸν
1327 1803 1495 1856 ἀσκὸν
1525 1805 1749 1876 nceptas-

1857 1820 2032 1865 utrem
2053 1809 2466 1879 circumferant,
2491 1813 2583 1882 qui
2615 1826 2741 1866 cum
2768 1809 3039 1880 ejusmodi
3077 1809 3261 1863 vinum
3294 1823 3428 1864 con-

174 1897 384 1949 ροντες,
410 1881 468 1946 ὃς
493 1889 847 1956 περικρατεῖν
869 1888 962 1941 τὸν
989 1889 1228 1943 τοιοῦτον
1258 1892 1332 1962 μὴ
1355 1893 1650 1964 δυνάμενος
1679 1892 1750 1949 οἷ-

169 1988 284 2030 νον.
347 1974 640 2044 αἱρετικῶς
695 1978 1128 2050 ἀπορῤήγνυται.
1205 1982 1344 2036 Ἀλλ’
1395 1987 1557 2056 ἡμεῖς
1600 1985 1746 2057 (16),

167 2063 418 2132 ἀδελφοὶ,
444 2065 626 2131 καθώς
655 2086 819 2140 φησιν
846 2071 874 2122 6
895 2073 1218 2145 Προφήτης,
1242 2074 1440 2139 Δεῦτε,
1462 2077 1750 2146 ἀγαλλια-

166 2155 414 2226 σώμεθα
459 2159 540 2224 τῷ
572 2162 786 2230 Κυρίῳ,
820 2163 1085 2229 πίνοντες,
1120 2163 1212 2220 καί
1239 2167 1309 2221 τὰ
1337 2167 1440 2238 τῆς
1469 2169 1750 2234 εὐσεϐείας

167 2247 556 2318 γλυκάσματα,
613 2251 796 2316 καθὼς
843 2255 873 2306 6
931 2256 1164 2327 Ἔσδρας
1213 2258 1603 2324 διακελεύεται,
1655 2263 1751 2315 καὶ

167 2343 295 2402 ταῖς
319 2340 431 2394 τῶν
481 2343 794 2397 ἀποστόλων
829 2362 887 2398 τε
918 2348 1011 2400 καὶ
1044 2349 1336 2421 προφητῶν
1365 2354 1748 2421 χοροστασίαις

167 2434 684 2505 ὲμφαιδρυνόμενοι,
712 2437 851 2490 κατὰ
886 2437 984 2510 τὴν
1017 2438 1225 2512 δωρεὰν
1259 2440 1352 2495 τοῦ
1391 2442 1546 2512 ἁγίου
1576 2443 1746 2498 IIsz-

171 2542 348 2595 μιτος
390 2528 845 2602 ἀγαλλιασώμεθα
890 2533 985 2584 καὶ
1008 2532 1400 2606 εὐφρανθῶμεν
1421 2536 1602 2610 ὲπίτῇ
1633 2537 1744 2609 (l7)

1849 1905 2024 1958 tinere
2073 1918 2182 1958 non
2223 1903 2434 1967 valeat,
2471 1902 2726 1958 haeretica
2763 1902 3002 1956 fractura
3043 1899 3424 1968 disrumpitur.

1845 1993 1954 2050 Nos
1989 2005 2190 2056 autem.
2236 1993 2453 2058 fratres,
2487 2001 2548 2048 ut
2577 1995 2651 2048 ait
2681 1991 2972 2062 Pr0pheta,
3016 1989 3216 2054 Venite,
3241 1987 3424 2042 exsul-

1847 2095 2013 2140 temus
2056 2087 2301 2141 Domino.
2357 2085 2616 2140 Bibamus
2665 2083 2883 2154 pietatis
2935 2080 3312 2140 dulcedinem,
3365 2087 3426 2131 ιιι

1847 2178 2051 2235 Esdras
2092 2179 2334 2248 praecipit
2360 2180 2402 2242 ⁸,
2440 2187 2494 2234 et
2528 2180 2582 2232 in
2628 2178 3000 2246 apostolorum
3039 2180 3092 2229 et
3132 2171 3428 2243 propheta-

1849 2286 1972 2326 rum
2020 2271 2208 2326 choris
2260 2271 2602 2341 gaudentes,
2633 2286 2732 2340 pro
2778 2268 2953 2322 sancti
2992 2265 3232 2336 Spiritus
3281 2261 3428 2316 dono
3525 2313 3530 2328 _,

1849 2363 2210 2426 exsultemus,
2246 2372 2299 2417 et
2334 2364 2579 2417 laetemur
2611 2362 2664 2415 in
2705 2361 2808 2414 hac
2846 2358 2936 2414 die
2969 2371 3132 2428 quam
3166 2353 3292 2409 fecit
3322 2351 3428 2405 Do-

1847 2454 2050 2521 minus,
2096 2455 2150 2509 in
2195 2455 2416 2510 Christo
2460 2454 2592 2511 Jesu
2625 2453 2858 2509 Domino
2889 2458 3101 2515 nostro,
3136 2448 3224 2503 cui
3251 2444 3426 2518 gloria

1850 2542 1904 2596 in
1935 2545 2152 2599 saecula.
2186 2544 2382 2600 Amen.

169 2625 357 2713 ᾑμέρᾳ
406 2623 597 2697 ταύτῃ,
639 2625 706 2696 ἣν
761 2628 1013 2698 ἐποίησεν
1053 2631 1081 2680 6
1133 2627 1366 2700 Κύριος,
1418 2633 1477 2684 ὲν
1525 2633 1744 2706 Χριστῷ
1793 2636 1966 2710 Ἰησοῦ
1996 2639 2074 2710 τῷ
2102 2641 2292 2713 Κυρίῳ
2315 2641 2509 2712 ἡμῶν,
2543 2633 2588 2711 ᾧ
2623 2642 2658 2712 ἡ
2699 2639 2827 2703 δόξα
2866 2637 2948 2702 είς
3012 2635 3136 2700 τοὺς
3203 2632 3424 2694 αἰῶνας.

184 2712 242 2764 Ἀ
251 2714 383 2784 μήν.

243 2871 266 2904 ⁷
291 2871 400 2927 lsa.
438 2886 594 2936 ιιιιι,
628 2874 681 2929 '5.
758 2872 872 2929 ⁸111
902 2874 1062 2930 Esdr.
1097 2890 1176 2932 lx.
1207 2875 1297 2933 52.

245 3027 359 3106 (lg)
408 3025 579 3106 _Zinu_s
612 3029 830 3106 videtur
867 3033 1382 3106 legisse,yévowzo,
1421 3032 1751 3106 refraganti-
1823 3071 1825 3073 ι

1923 3035 2038 3118 (15)
2058 3113 2070 3118 Δ
2105 3032 2336 3118 Videtur
2361 3033 2520 3088 aliter
2538 3033 2735 3103 legisse
2763 3032 2954 3118 Zinus,
2978 3032 3060 3088 vel
3091 3033 3272 3118 potius
3309 3033 3424 3118 vim

171 3097 278 3152 bus
306 3097 588 3154 Vaticanis
622 3103 878 3159 omnibus
914 3097 1229 3170 codicibus;
1274 3108 1436 3160 vertit
1460 3097 1628 3170 enim,
1655 3107 1756 3160 At-
1851 3097 2029 3160 Graeci
2057 3113 2239 3160 textus
2271 3120 2379 3158 non
2411 3119 2535 3160 esse
2575 3097 2896 3167 assecutus;
2930 3119 3051 3156 nam
3080 3097 3272 3168 vertit,
3307 3103 3425 3169 Otto

166 3184 288 3248 que.
304 3169 514 3248 Eligant
537 3170 652 3248 ipsi
679 3188 880 3248 quoque
909 3180 1179 3248 degustant
1211 3175 1306 3228 hoc
1330 3185 1584 3248 mustum:

245 3240 359 3302 (εδ)
391 3236 620 3294 Videtur
648 3236 810 3296 aliam
841 3236 1128 3299 lectionem
1158 3254 1382 3300 secutus
1411 3260 1532 3300 esse
1559 3243 1749 3303 Zinus.

169 3309 266 3376 qui
305 3310 720 3392 interpretatur,
761 3312 829 3367 Ut
864 3315 1013 3392 nobis
1046 3323 1300 3384 tanquam
1331 3317 1526 3369 racemi
1549 3316 1753 3383 proprii

169 3385 751 3452 corporisAsanguinem
783 3385 1108 3452 propinaret.

245 3449 360 3519 (l4)
395 3446 591 3505 Omisit
618 3446 792 3508 Zinns
807 3446 1016 3517 vocent,
1040 3453 1134 3508 τοῦ
1154 3453 1454 3527 αἱρετικοῦ.

1849 3177 2059 3245 quidem
2113 3175 2399 3244 ferventes,
2482 3191 2719 3228 crassam
2777 3175 3123 3245 limosamqne
3185 3174 3424 3240 per/Mite

1850 3243 2090 3315 spumam
2115 3260 2180 3299 ea:
2207 3245 2401 3298 animis
2426 3245 2538 3299 suis
2566 3245 2914 3313 eﬂ‘underent,
2949 3253 2999 3298 et
3036 3243 3345 3314 abjicerem.

1921 3317 2034 3386 (ιδ)
2060 3315 2233 3371 Zinus
2265 3317 2417 3386 legit.
2449 3316 2630 3386 ὑμεῖς.

1925 3385 2035 3456 (l7)
2064 3387 2220 3440 Alius
2247 3385 2419 3441 codex
2447 3385 2762 3440 Vaticanus.
2789 3385 2845 3438 ἐν
2877 3387 2965 3456 τῇ.

185 3669 3402 3701 ww”,

1418 3876 1423 3880 ·
1462 3835 1762 3952 ΤΟΥ
1840 3834 2330 3950 ΑΥΤΟΥ

1686 4048 2040 4103 ΕΓΚΩΜΙΟΝ

388 4248 561 4335 ΕΙΣ
648 4247 873 4331 TON
943 4245 1277 4332 ΑΓΙΟΝ
1334 4244 1921 4332 ΣΤΕΦΑΝΟΝ
2009 4245 2234 4330 TON
2309 4243 3209 4334 ΠΡΩΤΟΜΑΡΤΥΡΑ.

1463 4600 2128 4708 EJUSDEM

1626 4810 1990 4870 ENCOMIUM

437 4991 562 5082 IN
637 4989 1182 5080 SANCTUM
1257 4984 1980 5077 STEPHANUM
2050 4980 3168 5074 PBOTOMARTYBEM.

1416 5177 1682 5230 Laurentio
1713 5178 1881 5230 Sit’auo
1911 5176 2204 5240 interprete.

261 5486 351 5553 Ὠς
385 5484 525 5557 καλὴ
568 5485 676 5540 τῶν
733 5486 950 5556 ἀγαθῶν
985 5487 1018 5556 ἡ
1053 5484 1376 5540 ἀκολουθίαι
1411 5486 1486 5549 ὡς
1524 5483 1747 5555 γλυκεῖα

1921 5483 2093 5550 Quam
2118 5484 2345 5556 pulchra
2367 5485 2636 5542 bonorum
2671 5487 3068 5556 consequentia
3086 5487 3206 5544 est!
3240 5486 3418 5553 Quam

183 5580 280 5651 τῆς
324 5578 665 5651 εὐφροσύνης
713 5580 746 5652 ἡ
797 5577 1053 5650 διαδοχήῑ
1121 5578 1250 5632 Ἰδοὺ
1297 5580 1404 5648 γὰρ
1458 5579 1652 5651 ἑορτὴν
1692 5579 1750 5646 ἐξ

1851 5575 2097 5648 jucunda
2129 5576 2326 5634 ketitia:
2359 5577 2674 5634 successio!
2703 5579 2840 5634 Ecce
2874 5582 3018 5634 enim
3049 5579 3190 5636 diem
3221 5581 3422 5635 festum

183 5672 415 5744 ἑορτῆς,
463 5672 559 5724 καὶ
605 5671 763 5741 χάριν
812 5671 1276 5742 ἂπιλαμϐἀνομεν
1321 5671 1556 5742 χάριτος.
1608 5671 1750 5736 Χθὲς

1857 5683 1919 5721 ex
1957 5667 2045 5723 die
2083 5667 2246 5730 festo,
2274 5681 2327 5724 et
2348 5670 2574 5740 gratiam
2595 5685 2694 5740 pro
2723 5670 2897 5739 gratia
2935 5671 3259 5743 accipimus.
3293 5669 3419 5724 Heri

184 5765 327 5833 ἡμᾶς
370 5765 398 5816 ὁ
435 5763 525 5817 τοῦ
567 5763 758 5828 παντὸς
804 5763 1077 5834 Δεσπότης
1123 5763 1380 5826 εἱστίασε,
1416 5764 1678 5833 σήμερον,
1717 5759 1746 5815 ὁ

1857 5756 2119 5816 Dominus
2138 5759 2377 5815 universi
2408 5774 2508 5814 nos
2536 5759 2703 5829 pavit,
2727 5759 2883 5815 hodie
2912 5757 3123 5816 Domini
3149 5761 3417 5814 innitatur.
