3842 6440
428 269 530 334 703

1621 282 1678 338 S.
1721 282 2042 338 GREGOBII
2083 281 2372 336 NYSSENI

3545 298 3548 306 τ
3573 277 3682 330 τοι

423 390 710 456 Quomodo
764 389 874 453 hic,
924 400 1017 444 aut
1080 393 1357 462 quomodo
1400 395 1534 449 ille?
1583 393 1676 450 [lle
1723 382 1997 452 hominem

2121 394 2346 466 ιιμητὴς
2372 392 2466 446 τοῦ
2501 395 2790 447 Δεσποτου.
2831 392 2955 457 Πῶς
2981 385 3158 457 οὗτος,
3193 393 3226 461 ἢ
3271 391 3384 455 πῶς
3426 395 3634 456 ἐκεῖνος
3665 411 3680 456 ;

425 500 526 555 pro
561 485 720 539 nobis
775 483 1030 548 induens,
1078 485 1168 538 hic
1202 500 1300 553 pro
1327 485 1418 540 illo
1466 485 1738 541 hominem
1764 503 1993 543 exuens.

427 577 523 630 Ille
558 575 680 630 vitae
710 575 1024 644 speluncam
1054 583 1280 644 propter
1316 591 1418 630 nos
1457 575 1705 643 subiens,
1745 577 1832 632 hic
1869 593 1995 647 pro-

428 680 548 737 pter
593 667 744 720 illum
805 681 870 720 ex
927 665 1192 734 spelunca
1230 666 1527 720 excedens.
1562 665 1656 721 llle
1708 682 1810 736 pro
1837 669 1998 724 nobis

429 759 617 812 fasciis
651 756 959 821 involutus,
992 757 1080 810 hic
1112 772 1213 826 pro
1243 758 1338 812 illo
1389 758 1690 830 lapidatus.
1725 759 1820 814 Ille
1851 775 2000 813 mor-

429 859 534 902 tem
570 849 914 911 iuterimens,
945 848 1036 902 hic
1080 849 1241 901 morti
1276 847 1479 918 jacenti
1516 849 1811 905 insultans.
1842 849 2000 905 Enim

427 955 580 1003 vero,
643 939 862 1001 fratres,
896 954 1296 994 concurramus
1327 941 1492 994 etiam
1525 956 1628 996 nos
1653 957 1908 997 sermone
1933 946 2001 997 ad

430 1033 728 1092 theatrum,
761 1047 870 1102 quo
901 1047 1132 1103 magnus
1177 1032 1268 1086 ille
1301 1035 1504 1088 athleta
1555 1035 1794 1100 laborat,
1821 1046 1877 1091 et
1905 1038 2004 1091 ad-

432 1139 622 1178 versus
683 1123 989 1192 improbum
1039 1123 1290 1178 humanae
1339 1126 1462 1180 vitae
1503 1127 1877 1182 adversarium
1934 1128 2004 1183 ad

431 1223 707 1270 certamen
741 1216 1044 1284 accingitur
1074 1217 1125 1269 in
1159 1215 1336 1271 stadio
1375 1218 1760 1275 confessionis.
1795 1219 2002 1276 Revera

431 1307 600 1368 ciiim.
623 1307 775 1375 juxta
807 1323 993 1361 vocem
1026 1308 1178 1362 Pauli
1202 1309 1241 1373 ¹,
1278 1309 1482 1364 mundo
1515 1319 1568 1364 et
1591 1311 1799 1380 angelis
1831 1321 1885 1366 et
1905 1312 2004 1367 h0-

433 1397 674 1452 niinibus
714 1399 1028 1467 spectaculo
1064 1398 1167 1452 fuit
1233 1414 1466 1469 magnus
1515 1399 1606 1455 ille
1667 1400 1999 1472 Stephanus,

432 1489 525 1557 qui
553 1489 762 1558 primus
817 1489 1116 1559 Stephano,
1169 1490 1221 1544 id
1267 1500 1374 1555 est,
1409 1509 1604 1546 corona
1636 1494 2004 1551 confessionis

431 1579 723 1635 redimitus
750 1589 807 1636 et
860 1590 1090 1636 ornatus
1118 1590 1224 1646 est,
1249 1593 1552 1655 martyrum
1594 1585 1760 1640 coetui
1796 1587 2003 1641 aditum

436 1669 606 1738 fecit;
653 1671 746 1741 qui
783 1671 994 1743 primus
1048 1688 1223 1743 usque
1274 1673 1343 1728 ad
1401 1677 1724 1747 sanguinem
1781 1689 2006 1747 peccato

2108 489 2367 549 Ἐκεῖνος,
2418 485 2509 538 τὸν
2553 484 2836 556 ἄνθρωπον
2889 484 3032 557 ὑπὲρ
3082 484 3242 555 ήμῶν
3295 484 3680 556 ἐνδυσάμενος,

2095 570 2249 640 οὗτος
2275 617 2290 641 ,
2339 576 2432 630 τὸν
2483 575 2767 644 ἄνθρωπον
2801 575 2941 646 ὑπὲρ
2987 575 3196 628 ἐκείνου
3245 574 3680 644 ἀποδυσάμενος.

2109 669 2365 732 Ἐκεῖνος,
2393 666 2453 719 τὸ
2474 666 2566 720 τοῦ
2595 666 2708 737 βίου
2737 667 2997 736 σπήλαιον
3023 666 3088 719 δι’
3115 667 3260 736 ἡμᾶς
3287 661 3682 736 ὑπερχόμενος,

2097 756 2271 823 οὗτος,
2297 759 2390 814 τοῦ
2420 759 2684 829 σπηλαίου
2708 759 2774 813 δι’
2799 761 3002 813 ἐκεῖνον
3033 759 3480 830 ὑπεξερχόμενος.
3498 760 3684 813 Ἐκεῖ-

2099 869 2208 916 νος,
2235 851 2372 921 ὑπὲρ
2406 850 2560 920 ἡμῶν
2591 850 3095 922 σπαργανούμενος,
3126 845 3444 920 οὗτος,ὑπὲρ
3465 850 3682 904 ἐκείνου

2101 942 2576 1013 καταλιθούμενος.
2614 944 2850 1006 Ἐκεῖνος
2880 942 3119 1013 ἀναιρῶν
3143 941 3235 996 τδν
3251 941 3502 1007 θάνατον,
3524 939 3686 1007 οὗτος

2100 1035 2443 1106 ἐπεμϐαίνων
2495 1035 2576 1105 τῷ
2621 1034 2832 1103 θανάτῳ
2877 1036 3134 1106 κειμένῳ.
3193 1034 3355 1088 Ἀλλά
3397 1036 3508 1105 γάρ
3553 1053 3685 1088 συν-

2101 1127 2433 1198 δράμωμεν,
2482 1127 2733 1195 ἀδελφοὶ,
2780 1127 2874 1180 καὶ
2919 1129 3082 1198 ἡμεῖς
3129 1125 3206 1196 τῷ
3259 1126 3400 1196 λόγῳ
3441 1127 3580 1197 πρὸς
3621 1126 3686 1180 τὸ

2103 1219 2347 1292 θέατρον,
2376 1219 2452 1281 ὡς
2479 1222 2508 1273 6
2534 1218 2772 1290 ἀθλητὴς
2811 1220 2840 1272 6
2877 1218 3048 1289 μέγας
3091 1219 3501 1287 ἐναγωνίσηται,
3541 1217 3684 1288 πρὸς

2103 1307 2191 1362 τὸν
2222 1308 2457 1379 πονηρὸν
2497 1307 2789 1362 ἀντίπαλον
2816 1307 2917 1378 τῆς
2965 1306 3311 1378 ἀνθρωπίνης
3343 1306 3488 1375 ζωῆς
3519 1307 3576 1358 ἐν
3603 1305 3685 1375 τῷ

2105 1401 2302 1472 σταδίῳ
2338 1401 2438 1469 τῆς
2485 1399 2774 1470 ὁμολογίας
2820 1398 3204 1468 ἀποδυόμενος.
3271 1396 3509 1468 ’Δληθῶς
3547 1396 3681 1464 γάρ,
3791 1389 3798 1394 ’

2103 1496 2245 1550 κατὰ
2272 1496 2370 1566 τὴν
2397 1493 2608 1548 Παύλου
2639 1494 2843 1564 φωνὴν,
2875 1493 3099 1564 θέατρον
3126 1492 3357 1563 ἐγενήθη
3387 1491 3465 1562 τῷ
3489 1491 3686 1561 κόσμῳ

2105 1585 2199 1639 καὶ
2221 1585 2470 1653 ἀγγέλοις
2494 1585 2587 1639 καὶ
2604 1584 2922 1657 ἀνθρώποις
2945 1586 2974 1637 6
3005 1584 3175 1655 μέγας
3206 1584 3496 1652 Στέφανος,
3531 1582 3688 1655 πρῶ-

2105 1695 2196 1741 τος
2228 1677 2317 1731 τὸν
2345 1677 2608 1747 στέφανον
2634 1677 2731 1748 τῆς
2762 1675 3047 1748 ὁμολογίας
3078 1675 3507 1746 ἀναδησάμενος,
3531 1674 3689 1745 πρῶ-

435 1763 759 1818 adversatus
786 1773 890 1820 est.
922 1765 1000 1821 Ac
1026 1767 1160 1821 mihi
1192 1766 1410 1822 videtur
1436 1769 2006 1837 supramundanorum

2121 1787 2200 1834 τος
2231 1769 2308 1840 τῷ
2336 1769 2481 1841 χορῷ
2508 1769 2615 1824 τῶν
2648 1768 2940 1841 μαρτύρων
2970 1767 3289 1838 όδοποιήσας
3318 1767 3417 1838 τὴν
3455 1767 3686 1831 εἴσοδον,

434 1853 711 1907 exercitus
744 1854 944 1920 omnis,
969 1861 1023 1907 et
1055 1870 1246 1910 omnes
1273 1857 1590 1926 angelorum
1615 1858 1877 1928 legiones,
1899 1867 2012 1914 tam

434 1943 865 1998 ministrantium
896 1961 1058 2015 quam
1091 1947 1501 2003 assistentium:
1530 1964 1594 2004 ac
1622 1949 1666 2005 si
1703 1949 1835 2020 quid
1865 1951 2010 2007 aliud

435 2030 705 2101 dignitate
736 2033 1025 2104 praeditum
1074 2036 1130 2090 in
1163 2038 1418 2106 supernis
1448 2039 1693 2108 partibus
1727 2040 2012 2110 audimus,

436 2123 584 2194 quod
642 2125 696 2178 in
728 2125 1156 2196 principatibus,
1196 2136 1252 2183 et
1278 2128 1579 2186 virtutibus
1627 2139 1683 2187 et
1713 2132 1931 2188 thronis
1960 2143 2017 2190 et

439 2217 804 2288 potestatibus
853 2227 905 2274 et
953 2217 1422 2278 dominationibus
1453 2231 1724 2289 versetur,
1750 2232 1806 2279 et
1835 2228 2016 2282 omnis

439 2309 682 2364 caelestis
705 2318 1008 2367 conventus
1053 2318 1187 2365 tunc
1230 2312 1494 2368 athletam
1533 2329 1658 2368 cum
1698 2315 2016 2373 adversario

439 2399 823 2476 conﬂigentem
870 2403 1186 2472 spectaculo
1217 2402 1322 2459 sibi
1363 2407 1743 2476 proposuisse.
1790 2407 2018 2464 Patebat

439 2471 587 2549 cnim
620 2471 796 2551 veluti
827 2471 1064 2552 stadium
1124 2471 1400 2572 quoddam
1451 2471 1866 2557 decertantibus
1916 2503 2018 2560 hu-

440 2601 602 2642 mana
633 2588 767 2652 vita,
824 2589 1123 2644 tendebant
1177 2600 1358 2646 autem
1405 2599 1636 2663 uterque
1682 2595 1823 2650 alter
1861 2595 2017 2650 alteri

442 2679 648 2744 infesti,
687 2681 814 2736 hinc
865 2681 1087 2751 quidem
1129 2681 1417 2753 improbus
1473 2685 1728 2739 humana:
1760 2685 1888 2740 vitae
1929 2686 2022 2740 ad-

440 2774 741 2838 versarius,
777 2773 888 2844 jam
914 2773 1042 2828 inde
1075 2788 1106 2828 a
1155 2775 1310 2845 lapsu
1341 2776 1517 2846 primo
1537 2778 1889 2833 conditorum
1919 2778 2018 2834 '10?

441 2866 650 2920 minum
676 2905 694 2931 ,
732 2882 910 2938 usque
953 2867 1020 2923 ad
1063 2876 1308 2939 tempora
1359 2869 1640 2940 Stephani,
1674 2871 1920 2927 victoriis
1955 2872 2023 2928 de

445 2958 757 3017 hominibus
787 2961 962 3030 partis
1011 2961 1349 3017 exercitatus
1383 2981 1397 3016 :
1432 2963 1584 3018 illine
1631 2979 1763 3019 vero
1791 2981 2022 3037 magnus

444 3053 532 3108 ille
566 3052 688 3108 ﬁdei
715 3053 942 3116 athleta,
967 3053 1120 3108 nihili
1143 3054 1346 3110 faciens
1381 3054 1679 3110 adversar-ii
1715 3058 2016 3113 incursum.

443 3144 610 3199 Arma
635 3152 814 3198 autem
845 3143 1112 3199 ambobus
1131 3145 1290 3200 alteri
1314 3145 1577 3203 adversus
1593 3148 1820 3202 alterum
1843 3159 2022 3220 erant;

446 3235 717 3292 inventori
761 3236 979 3306 quidem
1028 3237 1248 3301 mortis,
1289 3238 1482 3294 mortis
1518 3247 1725 3305 terror;
1753 3239 2026 3313 discipulo

445 3335 627 3382 autem
656 3328 803 3391 vitai,
832 3327 1113 3384 confessio
1144 3328 1289 3384 fidei.
1324 3329 1458 3394 Quis
1480 3330 1625 3386 enim
1650 3347 1759 3387 non
1791 3333 2026 3390 admira-

446 3426 540 3474 tus
565 3428 710 3474 esset
740 3433 936 3473 novam
969 3421 1112 3475 hanc
1144 3421 1461 3477 certaminis
1497 3420 1751 3490 formam,
1777 3441 1899 3480 cum
1934 3442 2028 3481 ve-

449 3511 588 3566 ritas
620 3510 728 3565 vita
759 3525 823 3565 ac
868 3519 1045 3566 morte
1079 3510 1509 3580 dijudicabatur,
1546 3528 1610 3566 ac
1639 3513 2025 3572 documentum

448 3601 700 3657 veritatis
744 3617 895 3658 mors
951 3601 1094 3662 fuit?
1141 3602 1276 3658 Nam
1310 3620 1489 3674 praeco
1524 3600 1645 3661 iidiai
1690 3608 2030 3665 abscondam

451 3711 517 3751 ac
557 3696 700 3761 vitae,
749 3710 872 3766 quae
920 3695 1298 3766 ignorabatur,
1343 3698 1523 3767 reipsa
1581 3697 2028 3768 praadicationem

452 3785 767 3840 hominibus
825 3785 1142 3854 divulgabat
1177 3798 1193 3837 :
1232 3800 1328 3854 per
1381 3785 1484 3841 hoc
1527 3787 1674 3842 enim
1708 3789 1851 3858 quod
1883 3789 2027 3844 haud

451 3884 674 3946 gravate
729 3890 906 3945 neque
949 3883 1280 3930 cunctanter
1329 3876 1474 3933 hanc
1534 3879 1703 3934 vitam
1762 3879 2026 3948 deseruit,

450 3977 602 4023 recte
635 3983 748 4022 rem
794 3967 1197 4023 aestimantibus
1230 3967 1733 4038 demonstrabatur,
1763 3971 1907 4041 quod
1940 3988 2026 4037 ea,

451 4073 574 4126 quae
592 4059 1007 4129 relinquebatur
1025 4059 1159 4123 vita,
1181 4060 1554 4128 praestantiori
1575 4070 2027 4117 commutaretur.

453 4148 656 4206 Verum
691 4150 835 4204 haud
888 4151 1297 4206 incommodum
1339 4151 1528 4218 fuerit,
1565 4163 1824 4226 tanquam
1864 4158 1918 4212 in
1946 4165 2029 4211 ta-

452 4242 604 4307 bula,
639 4243 892 4298 oratione
915 4251 1108 4300 exacte
1152 4244 1311 4316 quasi
1346 4245 1638 4318 depingere
1664 4250 2030 4305 concertatio-

453 4349 601 4396 nem,
631 4342 687 4386 ut
718 4349 814 4402 per
847 4350 1028 4390 rerum
1060 4344 1342 4406 gestarum
1377 4339 1576 4393 seriem
1608 4340 1896 4395 commode
1930 4341 2031 4394 mi—

2114 1859 2328 1930 πρῶτος
2357 1859 2752 1922 ἀντικαταστὰς
2777 1858 2914 1930 πρδς
2937 1857 3035 1929 τὴν
3069 1857 3346 1930 ἁμαρτίαν
3372 1857 3568 1928 μέχρις
3597 1858 3689 1910 αἶ’
3803 1905 3822 1943 .l

2117 1969 2304 2024 ματος.
2367 1951 2478 2006 Καί
2533 1968 2624 2022 μοι
2669 1951 2815 2005 δοκεί
2858 1952 3006 2004 πᾶσα
3051 1950 3159 2004 τῶν
3210 1949 3600 2021 ὑπερκοσμίων
3652 1950 3688 2018 ἠ

2116 2043 2363 2115 στρατιὰ,
2397 2044 2493 2097 καὶ
2518 2044 2686 2097 πᾶσαι
2712 2041 2822 2096 τῶν
2849 2041 3094 2111 ἀγγέλων
3122 2042 3177 2094 αἱ
3209 2041 3466 2111 μυριάδες
3494 2040 3606 2094 τῶν
3628 2057 3691 2094 τε

2114 2135 2568 2208 λειτουργούντων
2609 2134 2704 2188 καὶ
2746 2134 2858 2188 τῶν
2908 2133 3358 2205 παρεστηκότων,
3404 2133 3500 2186 καὶ
3543 2134 3598 2186 εῖ
3633 2147 3696 2186 τι

2116 2226 2259 2280 κατά
2287 2226 2386 2298 τὴν
2413 2226 2525 2281 ἄνω
2549 2225 2699 2296 λῆξιν
2727 2225 2835 2278 τῶν
2862 2227 3057 2296 τιμίων
3089 2225 3379 2295 ἀκούομεν,
3409 2225 3468 2279 ἐν
3493 2225 3695 2296 ἀρχαῖς

2117 2341 2176 2376 τε
2204 2325 2300 2377 καὶ
2326 2322 2584 2393 δυνάμεσι
2605 2322 2700 2376 καὶ
2727 2322 2935 2392 θρόνοις
2962 2321 3058 2374 καὶ
3084 2320 3353 2384 ἐξουσίαις
3379 2320 3474 2374 καὶ
3501 2321 3694 2392 κυριόο

2118 2431 2262 2482 τησι,
2295 2413 2391 2468 καὶ
2421 2413 2569 2466 πᾶσα
2595 2413 2629 2482 ἡ
2655 2410 2881 2484 οὐρανία
2930 2414 3254 2481 πανήγυρις,
3302 2409 3483 2481 θέαμα
3520 2413 3698 2464 ποιεῖ-

2123 2505 2245 2560 σθαι
2282 2504 2403 2558 τότε
2430 2502 2521 2558 τὸν
2555 2501 2822 2574 ἀθλητὴν,
2867 2501 2946 2573 τῷ
2978 2502 3348 2572 ἀνταγωνιστῇ
3381 2500 3695 2579 συμπλεκό-

2125 2613 2304 2667 μενον.
2344 2594 2736 2670 Ἐφηπλώσατο
2775 2594 2875 2665 μὲν
2913 2594 3024 2665 γὰρ
3069 2589 3181 2648 οἷόν
3229 2612 3283 2648 τι
3323 2593 3536 2648 στάδιον
3586 2595 3696 2656 τοῖς

2121 2685 2642 2758 ἁνταγωνιζομένοις
2687 2687 2718 2741 6
2761 2683 3098 2756 ἀνθρώπινος
3153 2685 3266 2756 βίος
3319 2684 3699 2756 ἀντεφώρμων

2121 2780 2180 2833 δὲ
2225 2777 2473 2850 ἀλλήλοις
2508 2777 2806 2849 ἀμφότεροι
2833 2793 2849 2809 ο
2895 2778 2984 2831 ὅτε
3016 2779 3249 2848 πονηρὸς
3277 2776 3570 2840 ἀντίπαλος
3597 2777 3699 2846 τῆς

2122 2871 2467 2942 ἀνθρωπίνης
2493 2869 2638 2940 ζωῆς
2661 2868 2770 2924 ἀπὸ
2798 2867 2903 2923 τοῦ
2925 2869 3216 2941 πτώματος
3240 2870 3346 2923 τῶν
3375 2869 3698 2942 πρωτοπλάσ

2125 2976 2266 3013 στων
2293 2959 2457 3030 μέχρι
2476 2957 2586 3011 τῶν
2617 2957 2759 3012 κατά
2781 2958 3052 3027 Στέφανον
3079 2960 3286 3031 χρόνων
3318 2963 3382 3032 τῇ
3416 2959 3558 3013 κατά
3589 2959 3701 3012 τῶν

2047 3083 2090 3140 C
2127 3049 2425 3123 ἀνθρώπων
2466 3049 2945 3122 ἐγγυμνασάμενος
2991 3051 3118 3122 νίκῃ
3143 3091 3159 3117 ,
3202 3052 3297 3106 καὶ
3327 3053 3356 3106 6
3388 3050 3565 3122 μέγας
3595 3050 3699 3121 τῆς

2129 3144 2362 3214 πίστεως
2404 3142 2738 3215 ἀγωνιστὴς,
2779 3143 2895 3196 ἀντ’
2935 3143 3146 3207 οὐδενὸς
3179 3142 3376 3213 κρίνων
3408 3141 3502 3196 τοῦ
3543 3143 3694 3197 ἀντιο

2127 3235 2298 3289 πάλου
2318 3234 2415 3306 τὴν
2443 3234 2648 3304 ἔφοδον.
2681 3234 2860 3289 Ὅπλα
2881 3234 2939 3289 δέ
2963 3236 3082 3288 κατ’
3101 3234 3346 3306 ἀλλήλων
3369 3234 3700 3306 ἀμφοτέροις

2125 3323 2214 3398 ἦν,
2261 3326 2340 3398 τῷ
2375 3327 2475 3398 μὲν
2506 3326 2701 3398 εὕρετῇ
2748 3325 2843 3380 τοῦ
2871 3325 3099 3381 θανάτου
3131 3327 3349 3400 ἀπειλὴ,
3396 3327 3476 3400 τῷ
3499 3326 3558 3381 δὲ
3588 3343 3699 3397 μα-

2129 3420 2266 3491 θητῇ
2289 3419 2388 3489 τῆς
2414 3418 2578 3490 ζωῆς,
2603 3419 2918 3490 ὴόμολογία
2937 3419 3034 3489 τῆς
3063 3419 3316 3484 πίστεως.
3343 3419 3438 3484 Τίς
3466 3418 3578 3490 γὰρ
3598 3418 3702 3472 οὐκ

2131 3510 2196 3565 ἂν
2225 3510 2440 3580 ἠγάσθη
2467 3509 2528 3564 τὸ
2557 3511 2740 3564 καινὸν
2788 3511 2946 3564 τοῦτο
2975 3511 3076 3581 τῆς
3103 3511 3340 3581 ἀγωνίας
3381 3507 3519 3575 εἶδος
3543 3550 3562 3575 ,
3610 3509 3702 3564 ὅτε

2129 3602 2242 3674 ζωῇ
2273 3604 2365 3657 καὶ
2395 3602 2608 3674 θανάτῳ
2635 3605 2670 3674 ἠ
2703 3603 2926 3674 ἀλήθεια
2953 3604 3268 3676 διεκρίνετο,
3297 3604 3392 3658 καὶ
3427 3600 3705 3667 ἀπόδειξις

2130 3695 2338 3763 ἐγίνετο
2369 3695 2468 3765 τῆς
2495 3693 2753 3766 ἀληθείας
2779 3697 2809 3748 6
2840 3695 3106 3760 θάνατοςς
3165 3695 3224 3748 Ὁ
3260 3694 3368 3765 γὰρ
3393 3693 3568 3765 κῆρυξ
3600 3693 3704 3763 τῆς

2131 3785 2515 3858 κεκρυμμένης
2551 3787 2782 3850 πίστεως
2823 3787 2917 3841 καὶ
2951 3787 3316 3857 ἀγνοουμένης
3353 3786 3517 3855 ζωῆς,
3554 3786 3705 3857 ἔργῳ

2129 3876 2412 3948 διήγγελλε
2440 3879 2551 3940 τοῖς
2575 3876 2881 3948 ἀνθρώποις
2904 3878 2966 3931 τὸ
2994 3879 3254 3948 κήρυγμα
3276 3894 3291 3908 ·
3331 3876 3393 3930 τὸ
3420 3876 3528 3947 γὰρ
3559 3877 3702 3930 ἑτοί-

2135 3987 2250 4040 μως
2272 3968 2460 4023 τοῦτον
2487 3969 2802 4024 καταλιπεῖν
2821 3971 2911 4023 τὸν
2939 3969 3072 4040 βίον,
3101 3968 3372 4035 ἀπόδειξις
3397 3970 3509 4032 τοῖς
3527 3967 3704 4040 ὀρθῶς

2132 4062 2404 4133 κρίνουσιν
2448 4057 2537 4131 ἦν,
2570 4060 2664 4114 τοῦ
2694 4061 2791 4131 τὴν
2833 4062 3230 4133 προτιμοτέραν
3267 4061 3412 4132 ζωὴν
3456 4059 3579 4112 ἀντὶ
3605 4059 3704 4128 τῆς

2133 4154 2601 4225 καταλειπομένης
2629 4152 2980 4220 ἀλλάξασθαι.
3023 4152 3183 4206 Ἀλλά
3210 4152 3372 4205 καλὸν
3403 4152 3471 4206 ἂν
3494 4151 3582 4220 εἴη
3609 4168 3704 4202 κα-

2133 4246 2309 4317 θάπερ
2348 4246 2439 4298 ἐπὶ
2470 4245 2696 4309 πίνακος
2721 4245 2964 4317 ἀκριϐῶς
2988 4243 3065 4315 τῷ
3093 4243 3235 4314 λόγῳ
3261 4242 3705 4314 διαζωγραφῆσαι

2131 4335 2230 4393 τὴν
2263 4334 2507 4405 ἄθλησιν,
2554 4333 2631 4398 ὡς
2663 4335 2729 4388 ἂν
2763 4333 2884 4388 καθ’
2913 4333 3029 4388 ὁδὸν
3057 4335 3188 4405 ἡμῖν
3216 4334 3305 4387 διὰ
3347 4333 3446 4402 τῆς
3474 4331 3586 4386 τῶν
3614 4347 3707 4400 γει

453 4424 766 4478 raculorum
790 4426 932 4480 ratio
965 4425 1396 4482 demonstretur.
1427 4427 1609 4498 Nuper
1640 4431 1785 4485 enim
1817 4432 2019 4486 violen-

2131 4427 2365 4480 7nv6'rwv
2407 4425 2724 4490 ἀκολουθίας
2779 4426 2814 4496 ἡ
2864 4424 2972 4478 τῶν
2999 4424 3288 4495 θαυμάτων
3318 4423 3469 4488 τάξις
3503 4421 3707 4476 ἐπιδει-

457 4523 548 4570 tus
571 4516 660 4570 ille
678 4531 741 4569 ac
754 4516 1044 4574 vehemens
1060 4516 1221 4574 ﬂatus
1237 4533 1474 4588 superne
1493 4519 1732 4584 delatus,
1749 4521 2033 4592 dissipatis

460 4615 624 4675 atque
648 4606 896 4676 disjectis
933 4609 1190 4665 omnibus
1222 4611 1388 4666 aeriis
1428 4625 1493 4666 ac
1523 4609 1810 4668 fallacibus
1837 4614 2033 4670 ἀτεωο-

462 4712 592 4752 num
637 4698 834 4768 copiis,
890 4699 1229 4755 domicilium
1272 4703 1647 4772 apostolorum
1690 4704 2030 4775 repleverat;

457 4798 514 4845 et
543 4789 848 4860 linguarum
881 4791 937 4846 in
961 4791 1184 4847 modum
1216 4795 1500 4866 ignearum
1538 4795 1748 4851 divisus
1780 4811 1878 4865 pro
1931 4813 2033 4852 nu-

459 4896 611 4937 mero
641 4881 842 4936 donum
894 4883 1280 4954 accipientium
1323 4883 1562 4955 Spiritus
1606 4888 1660 4941 in
1703 4903 2034 4958 unoquoque

462 4971 756 5028 resederat.
817 4974 895 5028 Ac
933 4975 1044 5045 jam
1111 4978 1180 5032 ad
1247 4977 1586 5048 inopinatum
1636 4986 1693 5034 et
1725 4979 2031 5035 inauditum

461 5065 614 5120 vocis
663 5080 727 5120 ac
768 5065 966 5137 linguae
999 5068 1323 5123 miraculum
1353 5086 1449 5125 eos
1483 5071 1574 5141 qui
1599 5086 1666 5126 ex
1697 5071 1845 5126 omni
1875 5080 2036 5142 gente

463 5156 731 5224 profecti,
784 5155 1146 5230 Jerosolymis
1205 5161 1606 5225 versabantur,
1655 5162 2035 5217 consternatio

465 5246 828 5318 confusioque
884 5249 1185 5315 invaserat,
1235 5251 1492 5306 omnibus
1527 5253 1620 5321 qui
1657 5253 1712 5306 in
1760 5255 1941 5308 varias
1970 5268 2034 5308 ac

465 5337 714 5394 diversas
738 5341 1046 5411 linguarum
1084 5343 1288 5400 formas
1329 5345 1490 5402 divisi
1530 5345 1771 5409 fuerant,
1815 5351 2037 5414 repente

466 5445 590 5484 cum
649 5433 935 5504 discipulis
981 5436 1226 5504 ejusdem
1279 5437 1478 5507 lingua:
1511 5436 1704 5503 factis;
1739 5452 1864 5491 cum
1891 5437 2038 5491 nulla

471 5525 808 5592 praecedente
841 5525 1137 5598 disciplina
1172 5536 1334 5600 atque
1391 5526 1802 5594 exercitatione,
1847 5529 1941 5584 sed
1970 5542 2038 5583 ex

545 5702 558 5730 '
596 5700 612 5753 l
651 5699 775 5758 Cor.
807 5717 880 5768 Iv,
909 5703 963 5758 9.

2135 4517 2382 4590 κνύηται.
2417 4517 2572 4588 ’Ἄρτι
2601 4517 2699 4588 μέν
2734 4516 2844 4588 γὰρ
2869 4518 2902 4588 ή
2934 4516 3139 4571 ἀνωθεν
3170 4515 3318 4586 βιαία
3341 4515 3498 4585 πνοὴ,
3526 4517 3710 4568 πᾶσαν

2131 4610 2232 4681 τὴν
2260 4609 2502 4681 ἐναέριον
2529 4609 2622 4662 καὶ
2665 4608 2947 4679 ἀπατηλὴν
2993 4607 3100 4660 τῶν
3131 4607 3397 4677 δαιμόνων
3424 4607 3709 4660 διασκεδάο

2135 4717 2274 4754 σασα
2303 4700 2546 4770 δύναμιν,
2580 4699 2862 4771 ἐπλήρωσε
2901 4697 3009 4751 τῶν
3055 4696 3364 4752 ἀποστόλων
3399 4697 3490 4750 τὸν
3518 4693 3668 4751 οἷκον
3693 4715 3708 4730 ο

2133 4792 2229 4848 καὶ
2259 4791 2556 4862 πυροειδῶς
2586 4793 2666 4855 εἰς
2695 4789 2945 4860 γλώσσας
2988 4789 3335 4861 διαμεριαθέν
3367 4790 3429 4843 τὸ
3455 4789 3706 4860 Πνεῦμα,

2135 4883 2278 4938 κατὰ
2306 4882 2398 4936 τὸν
2441 4881 2670 4955 ἀριθμὸν
2695 4880 2805 4934 τῶν
2831 4879 3131 4949 δεχομένων
3162 4879 3261 4950 τὴν
3291 4879 3451 4950 χάριν
3479 4879 3540 4932 ἐν
3583 4881 3711 4936 ἐκα-

2139 4994 2248 5048 στῳ
2297 4975 2525 5045 ἐγίνετο.
2571 4973 2709 5043 Ἤδη
2750 4973 2827 5039 δέ,
2864 4973 2998 5044 πρὸς
3025 4971 3087 5025 τὸ
3115 4970 3413 5042 παράδοξον
3439 4968 3536 5024 τοῦ
3567 4971 3710 5025 κατά

2135 5068 2232 5139 τὴν
2255 5066 2434 5137 φωνὴν
2457 5067 2550 5120 καὶ
2570 5065 2668 5135 τὴν
2687 5063 2936 5133 γλῶσσαν
2961 5060 3254 5132 θαύματος,
3275 5062 3400 5124 τοὺς
3425 5062 3489 5114 ἐκ
3509 5062 3710 5126 παντὸς

2136 5158 2321 5221 ἔθνους
2375 5156 2768 5228 Ἱεροσολύμοις
2843 5153 3261 5224 ἐπιδημοῦντας,
3319 5153 3583 5223 ἔκπληξίς
3651 5171 3709 5206 τε

2139 5250 2452 5320 κατειλήφει
2484 5249 2577 5301 καὶ
2597 5249 2878 5316 σύγχυσιςο
2897 5245 3004 5298 τῶν
3019 5247 3099 5309 είς
3115 5244 3363 5308 ποικίλας
3388 5262 3448 5298 τε
3474 5245 3570 5298 καὶ
3597 5245 3708 5299 δια-

2135 5341 2332 5412 φόρους
2360 5336 2620 5407 γλωσσῶν
2653 5337 2795 5400 ίδέας
2821 5335 3228 5406 διεσχισμένων,
3265 5333 3479 5388 πάντων
3500 5334 3709 5405 ἀθρόως

2133 5431 2494 5504 ὁμογλώσσων
2520 5431 2629 5492 τοῖς
2658 5428 2921 5498 μαθηταῖς
2947 5425 3324 5498 γεγενημένων
3351 5441 3364 5453 °
3392 5425 3488 5492 dra
3517 5425 3618 5478 οὐκ
3647 5428 3705 5478 ἐκ

2135 5521 2575 5597 προπαιδεύσεως
2600 5523 2695 5576 καὶ
2725 5519 2952 5593 μελέτης
2984 5518 3146 5583 τινὸς,
3193 5517 3304 5571 ἀλλ’
3336 5516 3398 5582 ἐξ
3423 5517 3704 5578 ἐπιπνοίας
