3842 6404
141 294 253 352 705

1441 298 1507 353 lN
1549 299 1609 354 S.
1654 298 2101 357 STEPllANUM.

3288 294 3393 350 7“(i

135 412 237 465 τοῦ
278 413 622 483 Πνεύματος,
668 414 875 486 ἀθρόως
907 418 1020 478 τοῖς
1049 415 1363 479 ἀποστόλοις
1393 416 1594 485 ταύτης
1636 417 1721 469 ὲν-

1827 415 2186 485 inspiratione
2214 413 2453 484 Spiritus
2481 421 2647 487 atque
2676 425 2896 486 repente
2923 430 2985 469 ex
3020 424 3261 484 tempore
3287 412 3392 468 hoc

138 504 538 577 σχεδασθείσης
567 505 669 575 τῆς
701 508 939 577 χάριτος,
974 509 1008 578 ὴ
1033 506 1124 560 τοῦ
1158 492 1485 576 φθέγγεσθαι
1505 508 1732 579 δύναμις

136 592 527 663 προσεγένετο.
581 595 727 648 Ἔδει
757 597 865 665 γὰρ
893 596 1020 659 τοὺς
1067 598 1160 650 ἐπὶ
1204 598 1271 667 τῇ
1320 597 1483 669 γηῖνῃ
1530 614 1732 669 πυργο-

135 684 295 754 mth
328 685 430 755 τὴν
460 687 770 756 ὁμοφωνίαν
813 686 1112 750 λύσαντας,
1157 688 1250 740 ἐπὶ
1286 692 1353 759 τῇ
1388 692 1726 759 πνευματικῇ

136 774 305 826 πάλιν
327 775 430 845 τῆς
458 776 779 847 Ἐκκλησίας
799 777 1075 847 οἰκοδομῇ,
1100 778 1179 839 εἰς
1198 777 1503 846 ὁμοφωνίαν
1532 776 1725 831 ὲλθείνο

135 866 234 917 καὶ
262 865 355 919 διά
382 866 540 920 τοῦτο
564 867 743 932 καλῶς
768 867 1014 922 ἐντεῦθεν
1041 871 1074 939 ὴ
1105 868 1199 921 τοῦ
1229 870 1382 935 ἁγίου
1411 870 1724 940 Πνεύματος

134 958 424 1029 οἰκονομία
453 960 553 1029 τῆς
580 959 797 1029 χάριτος
847 959 1092 1031 ἄρχεται·
1126 959 1266 1013 ὥστε
1290 961 1387 1031 τὴν
1412 962 1595 1033 κοινὴν
1615 962 1724 1015 τῶν

134 1050 447 1119 ἀνθρώπων
496 1051 845 1123 εὐεργεσίαν,
888 1054 966 1115 είς
1014 1054 1193 1105 πᾶσαν
1234 1052 1469 1106 διάνοιαν
1500 1054 1600 1123 τῆς
1629 1057 1723 1107 άν-

135 1137 425 1209 θρωπίνης
456 1140 819 1210 καταμερίσαι
853 1141 1055 1211 φωνῆς,
1104 1142 1191 1194 ἴνα
1243 1142 1318 1211 μὴ
1367 1144 1467 1212 μιᾷ
1506 1142 1724 1214 γλώσσῃ

137 1230 281 1299 μόνῃ
333 1230 396 1283 τὸ
441 1232 705 1302 κήρυγμα
746 1232 846 1301 τῆς
894 1232 1174 1295 εὐσεόείας
1223 1233 1720 1303 ὲναποκλειόμενον,

134 1324 426 1393 ἄπρακτον
461 1327 573 1387 τοῖς
605 1323 999 1392 ἀλλογλώσσοις
1034 1326 1190 1396 μείνῃ
1219 1327 1314 1380 καὶ
1338 1326 1715 1397 άνενέργητον.

213 1506 358 1574 Ἤδη
398 1504 578 1558 τοίνυν
624 1504 734 1557 τῶν
782 1505 882 1574 μὲν
925 1504 1234 1575 Φαρισαίων
1276 1504 1372 1557 καὶ
1410 1507 1530 1567 ταῖς
1562 1504 1721 1568 ίδίαις

132 1597 335 1659 ἀκοαῖς
376 1594 749 1650 ἀπιστούντων
770 1636 787 1661 ,
838 1596 929 1648 καὶ
953 1597 1079 1659 τοὺς
1107 1594 1591 1666 ἐκπεπληγμένους
1620 1596 1721 1666 τὴν

1827 506 1974 562 dono
2000 514 2409 576 repraesentato,
2446 506 2678 562 facultas
2713 506 2968 577 loquendi
3005 505 3269 576 apostolis
3300 519 3394 560 ac-

1826 599 2107 653 cessisset.
2129 594 2586 667 Oportebatenim
2617 612 2732 659 eos,
2769 598 2861 668 qui
2888 598 2942 650 in
2968 605 3198 651 terrena:
3225 596 3393 651 turris

1826 688 2200 743 exstructione
2231 688 2671 743 communionem
2711 688 2927 758 linguae,
2963 688 3222 756 vocisque
3262 700 3395 739 cun-

1826 779 2069 834 cordiam
2131 779 2427 841 solverant,
2460 780 2512 832 in
2543 779 2812 849 spirituali
2857 778 3114 834 Ecclesia:
3155 778 3393 831 mdilica-

1825 870 1976 925 tione
2001 885 2195 925 rursus
2249 870 2315 924 ad
2358 870 2748 925 commercium
2776 871 2970 939 linguae
2990 871 3199 932 venire,
3231 884 3395 943 atque

1825 961 2033 1017 idcirco
2079 963 2253 1017 sancti
2310 961 2548 1032 Spiritus
2597 962 2936 1032 dispensatio
2974 971 3120 1018 recte
3160 966 3391 1033 gratiam

1827 1054 1957 1108 hinc
1991 1056 2229 1117 orditur,
2271 1062 2328 1107 ut
2356 1070 2646 1109 commune
2676 1055 2955 1109 hominum
2984 1056 3303 1109 benelicinm
3338 1056 3391 1108 in

1823 1160 2041 1202 Omnem
2108 1146 2441 1200 intellectum
2490 1146 2743 1199 humanae
2796 1146 2945 1200 vocis
2981 1144 3391 1216 dispertiretur,

1824 1250 1894 1291 ne
1923 1236 1970 1292 si
2010 1236 2063 1290 in
2096 1251 2258 1290 unam
2305 1236 2544 1306 linguam
2587 1236 2757 1289 solam
2810 1235 3125 1306 praedicatio
3173 1236 3393 1304 pietatis

1824 1327 2221 1390 includeretur,
2239 1328 2485 1382 incflicax
2513 1334 2566 1382 et
2592 1327 2804 1381 inutilis
2823 1326 3138 1382 hominibus
3164 1321 3394 1382 diversa:

1824 1418 2021 1488 linguae
2045 1426 2309 1473 maneret.
2744 1416 2749 1423 ’

1895 1507 2015 1563 Jam
2048 1508 2216 1577 igitur
2236 1523 2361 1562 cum
2395 1507 2660 1563 Pharisaei
2702 1509 2922 1579 quidem
2963 1508 3080 1563 suis
3109 1508 3275 1561 etiam
3307 1507 3393 1576 ip-

1826 1613 2012 1654 sorum
2046 1600 2272 1654 auribus
2308 1614 2412 1653 non
2445 1600 2754 1663 crederent,
2782 1616 2845 1653 ac
2876 1601 3144 1655 miraculo
3179 1599 3257 1654 rei
3288 1600 3391 1654 ob-

133 1688 590 1758 θαυματουργίαν
650 1686 965 1756 διεσφάλθαι
1026 1687 1538 1758 καταχλευαζόντων
1564 1726 1580 1752 ,
1643 1687 1719 1750 ὡς

1823 1690 2165 1761 stupefactos
2188 1698 2420 1747 caeteros
2442 1706 2628 1747 errare
2648 1692 3045 1746 contenderent
3072 1691 3390 1756 irridentes,

132 1781 406 1847 γλεύκους
452 1782 636 1843 αὐτοῖς
679 1778 779 1850 τὴν
827 1779 1079 1849 τοιαύτην
1119 1780 1442 1850 παραφορὰν
1490 1780 1721 1848 ἐμποιή-

135 1886 335 1933 σαντος
358 1884 375 1901 ⁸
403 1868 497 1923 τοῦ
523 1870 581 1922 δὲ
612 1868 820 1938 Πέτρου
853 1871 949 1940 μιᾷ
970 1868 1064 1923 τοῦ
1095 1869 1253 1939 λόγου
1278 1868 1538 1940 περιδολῇ
1568 1885 1720 1939 τρισ-

134 1961 320 2031 χιλίας
375 1961 551 2032 ψυχάς
582 1960 663 2032 τῷ
706 1961 927 2032 Χριστῷ
962 1960 1430 2033 σαγηνεύσαντος,
1482 1961 1576 2013 καὶ
1619 1978 1720 2013 κα-

135 2053 305 2123 θεξῆς
330 2053 417 2107 ἀεὶ
444 2056 511 2124 τῇ
540 2053 826 2127 προσθήκῃ
855 2054 963 2106 τῶν
1006 2052 1327 2124 σωζομένων
1346 2054 1446 2124 τῆς
1490 2051 1717 2121 Ἐκκλη-

136 2148 266 2210 σίας
292 2148 373 2209 είς
398 2146 601 2217 πλῆθος
627 2146 966 2217 ἐπιδιδούσης
990 2162 1005 2176 ο
1035 2146 1129 2199 καὶ
1151 2144 1243 2199 τοῦ
1273 2147 1337 2199 ὲκ
1368 2144 1595 2214 γενετῆς
1620 2162 1721 2214 χω-

132 2239 234 2293 λοῦ
266 2240 431 2292 πάλιν
460 2238 558 2309 τὴν
583 2238 794 2311 ὡραίαν
822 2238 918 2292 τοῦ
949 2237 1095 2309 ίεροῦ
1129 2237 1307 2309 πύλην
1334 2240 1446 2300 τοῖς
1475 2236 1715 2306 σωζομέ-

135 2349 252 2396 νοις
296 2332 634 2396 ἀνοίξαντος,
757 2330 1205 2403 προσκαθήμενος
1254 2328 1334 2399 τῷ
1376 2329 1499 2383 καθ’
1530 2329 1719 2382 ἑαυτὸν

136 2425 384 2495 θαύματι
411 2426 512 2496 τῆς
544 2425 739 2488 ίάσεως
758 2464 772 2489 ,
818 2425 945 2488 τοὺς
995 2424 1139 2478 κατά
1179 2422 1357 2493 ψυχὴν
1386 2421 1720 2493 χωλεύοντας

134 2518 232 2569 ἐπὶ
258 2516 359 2586 τὴν
387 2516 570 2569 πίστιν
595 2514 1022 2586 ὲχειραγώγησε.
1054 2514 1271 2568 Πολλῶν
1301 2512 1479 2567 τοίνυν
1502 2513 1637 2584 πρὸς
1660 2512 1721 2565 τὸ

136 2610 407 2678 κήρυγμα
446 2608 544 2679 τῆς
578 2608 812 2670 πίστεως
842 2606 1209 2677 συρρεόντων,
1258 2606 1353 2659 καὶ
1400 2604 1499 2675 τῆς
1533 2604 1720 2676 χρείας

135 2701 365 2753 πλείονα
391 2701 491 2770 τὴν
521 2698 867 2771 πολυχειρίαν
896 2698 1258 2770 ἐπιζητούσης
1285 2697 1391 2751 τῶν
1412 2697 1721 2751 διακονούν-

136 2810 250 2845 των
279 2795 344 2863 τῇ
376 2792 557 2864 χάριτι
580 2810 596 2823 ν
643 2792 765 2846 τότε
791 2791 1033 2846 καλεῖται
1079 2792 1215 2862 πρὸς
1255 2791 1574 2862 ἐπικουρίαν
1611 2789 1720 2843 τῶν

136 2885 455 2939 ἀποστόλων
482 2885 587 2938 ὑπὸ
614 2884 709 2937 τοῦ
736 2885 1050 2955 Πνεύματος
1086 2886 1114 2938 6
1145 2884 1313 2948 πολὺς
1342 2887 1407 2956 τῇ
1438 2883 1598 2955 σοφίᾳ
1625 2884 1720 2937 καὶ

136 2976 205 3043 τῇ
241 2974 424 3044 χάριτι
472 2974 760 3041 Στέφανος.
810 2974 922 3026 Καὶ
970 2974 1159 3044 μηδεὶς
1202 2974 1279 3043 τῷ
1321 2976 1419 3044 τῇς
1447 2973 1720 3037 διακονίας

137 3065 404 3135 ὀνόματι,
454 3065 789 3137 δευτερεύειν
826 3066 990 3119 αὐτὸν
1039 3064 1191 3138 παρὰ
1230 3066 1327 3137 τὴν
1358 3065 1723 3136 άποστολικὴν

137 3156 303 3221 ἀξίαν
330 3157 622 3209 ὑπονοείτω
644 3175 657 3187 ·
694 3158 817 3210 ἐπεὶ
838 3159 932 3212 καὶ
958 3158 1166 3222 Παῦλος
1194 3157 1382 3211 ἑαυτὸν
1410 3153 1518 3210 οἶδε
1545 3158 1723 3212 διάκο-

136 3262 230 3298 νον
261 3246 576 3317 μυστηρίων
606 3246 866 3318 Χριστοῦ,
894 3249 983 3302 καὶ
1025 3252 1054 3304 6
1086 3250 1177 3303 τοῦ
1208 3252 1407 3316 παντὸς
1440 3252 1664 3325 Κύριος,
1693 3257 1723 3309 6

136 3337 229 3391 διά
258 3338 462 3408 σαρκὸς
485 3338 583 3409 τὴν
608 3339 953 3413 ἀνθρωπίνην
980 3343 1253 3413 σωτηρίαν
1284 3346 1600 3416 οἰκονομῶν,
1623 3347 1723 3401 οὐκ

139 3427 462 3500 ἐπῃσχύνθη
513 3429 591 3501 τῷ
634 3432 732 3501 τῆς
768 3430 1044 3495 διακονίας
1089 3433 1351 3505 ὀνόματι,
1405 3435 1613 3490 εἰπών’
1664 3440 1722 3492 ὲν

144 3521 337 3589 μέσοις
380 3517 634 3586 εἶναι,ὡς
665 3525 694 3576 6
741 3522 1022 3588 διακονῶν,
1067 3527 1095 3578 6
1138 3526 1237 3589 τὰς
1276 3526 1568 3599 διαιρέσεις
1612 3530 1721 3585 τῶν

138 3610 429 3664 διακονιῶν
454 3611 711 3683 ἐνεργῶν,
736 3611 811 3675 ῶς
840 3630 1003 3683 φησιν
1031 3616 1059 3668 6
1099 3615 1435 3681 Ἀπόστολος.
1459 3619 1722 3691 Καθάπερ

139 3701 251 3772 γάρ
278 3701 342 3754 τὸ
384 3699 497 3772 πῦρ
542 3701 645 3772 τῆς
689 3702 996 3773 ἐπιτηδείας
1041 3703 1173 3775 ὕλης
1220 3705 1598 3779 δραξάμενον,
1643 3711 1722 3773 εἰς

142 3794 277 3863 ὕψος
302 3794 447 3864 αίρει
474 3793 572 3865 τὴν
598 3793 795 3863 φλόγα,
822 3797 917 3849 καὶ
943 3798 1407 3870 περιφανεστέραν
1432 3799 1529 3871 τὴν
1549 3801 1721 3871 αὐγὴν

140 3883 517 3957 ἀπεργάζεται
543 3900 558 3915 ⁸
607 3884 748 3938 οὕτω
798 3885 860 3939 τὸ
888 3886 1106 3958 Πνεῦμα
1148 3887 1209 3941 τὸ
1251 3889 1426 3957 ἆγιον,
1446 3892 1504 3943 ὲν
1531 3893 1597 3963 τῇ
1627 3893 1720 3945 τοῦ

142 3975 421 4044 Στεφάνου
455 3974 793 4045 μεγαλοφυῒᾳ
819 3976 1127 4047 γενόμενον,
1164 3978 1519 4051 ὲκδηλοτέρας
1550 3981 1721 4034 ἐποίει

140 4068 241 4131 τὰς
289 4068 518 4130 ἀκτῖνας
562 4067 661 4137 τῆς
710 4069 951 4139 χάριτος.
998 4070 1091 4123 Διὸ
1137 4073 1337 4137 πάντες
1376 4074 1512 4142 πρὸς
1558 4075 1721 4130 αὑτὸν

141 4160 432 4229 ἀφεώρων,
479 4161 537 4214 ὲν
579 4161 724 4224 ὅσοις
751 4157 820 4233 ἦν
848 4161 1101 4231 γνώσεώς
1150 4181 1293 4230 τινος
1336 4166 1592 4236 μετουσία
1626 4168 1721 4220 καὶ

141 4252 482 4316 παιδεύσεως
505 4270 519 4284 ·
566 4253 661 4307 καλ⁸
686 4254 827 4308 κατά
862 4256 1145 4319 συστάσεις
1174 4257 1221 4310 oi
1250 4258 1360 4310 τῶν
1400 4258 1603 4311 λοιπῶν
1634 4260 1719 4311 δο-

1818 1782 1977 1851 quasi
2008 1790 2251 1838 mustum
2269 1783 2431 1837 talem
2458 1783 2769 1837 vecordiam
2797 1792 2962 1852 atque
2992 1782 3229 1836 furorem
3260 1794 3393 1850 apo-

1819 1874 1978 1929 stolis
2042 1874 2455 1946 ingenerasset;
2514 1874 2709 1928 Petrus
2761 1883 2939 1928 autem
2976 1887 3084 1927 uno
3123 1872 3393 1927 orationis

1819 1967 2140 2038 complexu,
2190 1967 2496 2021 animarum
2532 1966 2699 2022 millia
2749 1967 2852 2021 tria
2900 1966 3060 2036 quasi
3119 1966 3391 2021 verriculo

1819 2065 2010 2128 captas
2042 2058 2264 2112 Christo
2315 2057 2679 2113 lucrifecisset
2703 2059 2748 2123 ',
2791 2072 2856 2112 ac
2896 2057 3153 2126 deinceps
3178 2071 3394 2126 semper

1819 2150 2126 2220 adjectione
2146 2166 2357 2216 eorum,
2386 2152 2476 2219 qui
2504 2151 2639 2206 salvi
2663 2152 2876 2212 tierent,
2900 2149 3143 2204 Ecclesia
3159 2163 3392 2203 numero

1820 2259 1883 2297 ac
1914 2243 2269 2297 multitudine
2305 2252 2576 2298 cresceret
2606 2258 2621 2296 :
2656 2242 2894 2311 itemque
2940 2241 3008 2304 is,
3054 2240 3146 2310 qui
3194 2254 3223 2293 a
3250 2239 3394 2293 nati-

1820 2334 1989 2389 vitate
2034 2333 2261 2389 claudus
2314 2332 2515 2396 fuerat,
2566 2332 2872 2402 speciosam
2928 2340 3140 2401 portam
3203 2329 3392 2400 templi

1821 2442 2016 2483 rursus
2044 2428 2135 2490 iis,
2166 2427 2259 2497 qui
2292 2426 2427 2482 salvi
2484 2423 2699 2490 tierent,
2723 2423 3030 2494 aperuisset
3054 2422 3096 2487 ³,
3128 2422 3216 2477 cui
3256 2423 3396 2476 assi-

1819 2516 1958 2573 dens
1990 2532 2104 2573 sua:
2148 2515 2451 2571 sanationis
2487 2514 2757 2569 miraculo
2783 2515 2963 2568 anima
3016 2512 3393 2568 claudicantes

1820 2608 1888 2663 ad
1920 2608 2083 2664 fidem
2109 2606 2430 2661 adduxerat.
2466 2605 2603 2661 Cum
2633 2604 2790 2659 multi
2824 2604 2993 2674 igitur
3022 2604 3091 2659 ad
3131 2604 3395 2674 praedica-

1820 2699 2024 2753 tionem
2082 2697 2207 2752 fidei
2247 2696 2608 2763 confluerent,
2663 2705 2826 2766 atque
2870 2694 3135 2765 majorem
3172 2708 3391 2747 manum

1821 2789 2009 2860 gratia:
2036 2789 2465 2843 ministrantium
2498 2802 2587 2843 res
2613 2787 2938 2858 posnularet,
2959 2795 3094 2841 tunc
3123 2786 3394 2856 sapientia

1821 2895 1883 2934 ac
1900 2882 2071 2952 gratia
2094 2879 2380 2936 abundans
2399 2879 2712 2949 Stephanus
2732 2894 2762 2932 a
2796 2877 3006 2950 Spiritu
3042 2878 3097 2933 in
3123 2877 3390 2931 auxilium

1747 2991 1789 3048 ε
1824 2972 2193 3042 apostolorum
2232 2981 2462 3026 vocatur
2493 2972 2537 3025 ⁸.
2565 2973 2644 3024 Ac
2682 2985 2841 3025 nemo
2866 2969 3088 3026 nomine
3103 2969 3393 3024 ministerii

1825 3072 2029 3128 motus,
2092 3064 2393 3120 secundum
2432 3079 2558 3119 eum
2585 3064 2653 3118 ab
2682 3063 2981 3134 apostolica
3010 3062 3277 3133 dignitate
3308 3061 3395 3115 lo-

1822 3170 1947 3210 cum
1979 3155 2229 3211 obtinere
2291 3155 2645 3226 suspicetur:
2696 3153 2953 3223 quoniam
2992 3152 3155 3207 etiam
3191 3150 3394 3207 Paulus

1830 3262 1952 3302 sese
1974 3247 2286 3302 ministrum
2317 3246 2701 3317 mysteriorum
2718 3244 2925 3300 Christi
2949 3244 3227 3315 agnoscit“
3252 3261 3264 3296 :
3293 3259 3396 3299 nec

1822 3342 2203 3394 universarum
2236 3352 2420 3393 rerum
2449 3336 2738 3391 Dominum
2770 3336 2862 3407 qui
2898 3350 2997 3405 per
3039 3350 3261 3390 carnem
3292 3334 3395 3388 hu-

1821 3446 2037 3485 manam
2083 3430 2314 3486 salutem
2344 3429 2787 3495 administrabat,
2820 3428 3118 3486 ministerii
3152 3428 3393 3483 nominis

1821 3523 2056 3592 puduit,
2109 3536 2236 3576 cum
2284 3522 2489 3577 diceret
2524 3536 2647 3577 sese
2694 3523 2748 3575 in
2774 3520 2958 3576 medio
2990 3535 3112 3576 esse
3133 3528 3394 3590 tanquam

1822 3614 2158 3680 ministrum,
2192 3612 2286 3684 qui
2321 3612 2621 3667 divisiones
2666 3611 3096 3667 ministeriorum
3125 3610 3305 3677 efficit,
3336 3620 3397 3665 ut

1823 3704 2001 3774 inquit
2031 3703 2329 3773 Apostolus
2358 3704 2399 3757 ⁸.
2433 3702 2903 3769 Quemadmodum
2924 3702 3069 3757 enim
3100 3700 3248 3772 ignis
3271 3711 3395 3770 apta

1821 3795 2217 3863 comprehensa
2266 3794 2516 3859 materia,
2563 3793 2833 3847 ﬂammam
2872 3793 2928 3847 in
2959 3793 3131 3847 altum
3162 3793 3321 3857 tollit,
3342 3803 3396 3847 et

1823 3884 2178 3939 illustriorem
2210 3883 2559 3954 splendorem
2594 3883 2757 3938 eiiicit
2790 3902 2803 3938 :
2838 3884 2913 3937 ita
2946 3884 3110 3938 etiam
3153 3881 3395 3954 Spiritus

1823 3985 2067 4038 sanctus,
2099 3991 2224 4030 cum
2279 3976 2335 4030 in
2373 3991 2567 4045 magna
2602 3977 2693 4030 illa
2725 3975 2987 4046 Stephani
3018 3976 3182 4030 animi
3211 3976 3397 4031 indole

1820 4078 2157 4133 versaretur,
2185 4068 2373 4138 gratia:
2406 4068 2591 4123 radios
2605 4068 2869 4122 clariores
2890 4068 3175 4123 eiliciebat.
3193 4068 3395 4133 Quam-

1821 4161 2009 4216 obrem
2037 4175 2250 4221 omnes,
2288 4161 2343 4213 in
2375 4160 2574 4229 quibus
2608 4159 2936 4213 eruditionis
2965 4167 3127 4228 atque
3153 4162 3396 4214 scientia:

1824 4253 2075 4308 nonnihil
2108 4253 2379 4315 iuerat,in
2408 4269 2529 4307 sese
2565 4251 2917 4306 convertebat
2949 4266 2961 4302 :
2993 4252 3144 4307 exiis
3168 4254 3257 4322 qui
3285 4267 3393 4306 ca:—

140 4344 365 4407 κοῦντες
394 4344 559 4397 πλέον
596 4344 761 4414 ἔχειν,
792 4342 902 4399 οἷον
937 4347 1017 4409 είς
1049 4346 1333 4415 φάλαγγας
1359 4364 1507 4410 τινας
1533 4347 1600 4400 δι’
1628 4347 1720 4400 άλ-

1827 4344 1961 4400 teris
1995 4354 2257 4414 praestare
2285 4344 2632 4409 videbantur,
2661 4344 2897 4398 coitione
2922 4352 3085 4413 atque
3112 4346 3398 4414 conspira-

140 4439 320 4508 λήλων
350 4436 872 4508 καταπυκνούμενοι,
899 4438 1070 4501 οὕτως
1098 4438 1390 4509 ὑπομένειν
1423 4439 1721 4510 ἐπειρῶντο

140 4529 232 4583 τοῦ
282 4529 553 4597 Στεφάνου
601 4528 699 4601 τὴν
748 4530 1073 4600 προσϐολήν.
1128 4529 1186 4583 Ὀ
1225 4530 1281 4583 δὲ
1319 4532 1483 4583 πᾶσιν
1528 4531 1721 4601 ἐπίσης

140 4624 354 4693 ἄμαχος
382 4617 471 4692 ἦν,
512 4610 605 4674 καὶ
648 4620 864 4684 πολλοῖς
916 4622 1240 4693 συμμίσγων
1284 4624 1403 4675 κατ’
1436 4622 1597 4676 αὑτὸν
1630 4624 1723 4675 καὶ

142 4714 441 4768 ἐλάττοσιν.
500 4713 587 4766 Ἐν
636 4712 811 4782 τούτῳ
846 4713 1054 4777 τοίνυν,
1112 4712 1173 4766 τὸ
1221 4712 1320 4783 μὲν
1374 4712 1718 4784 φαινόμενον,

154 4804 525 4875 Ἀλεξανδρεῖς
568 4804 662 4857 καὶ
711 4804 1011 4875 Λιϐερτίνοι
1058 4804 1153 4857 καὶ
1185 4806 1483 4877 Κυρηναῖοι
1531 4806 1626 4858 καὶ
1671 4806 1722 4857 οἱ

142 4894 482 4965 πανταχόθεν
525 4890 667 4966 ἦσαν
700 4893 976 4964 ἄνθρωποι
1022 4896 1160 4967 πρὸς
1204 4894 1295 4948 τὸν
1333 4896 1429 4966 τῆς
1464 4894 1722 4966 ἀληθείας

142 4984 452 5056 ἀγωνιστὴν
510 4986 949 5057 συμπλεκόμενοι
970 5002 983 5015 ο
1021 4985 1049 5038 6
1075 4985 1133 5039 δὲ
1159 4984 1247 5039 διὰ
1270 4985 1362 5039 τοῦ
1397 4986 1719 5056 φαινομένου

141 5078 454 5148 νοούμενος,
484 5078 514 5131 6
544 5078 727 5149 πατὴρ
752 5076 847 5131 τοῦ
874 5077 1102 5147 ψεύδους
1137 5072 1227 5149 ἦν,
1271 5077 1337 5131 δι’
1365 5076 1719 5149 ἀνθρωπίνων

142 5169 453 5241 προσώπων
482 5168 616 5240 πρὸς
647 5169 746 5238 τὴν
766 5168 823 5221 ὲν
845 5169 925 5239 τῷ
954 5168 1210 5238 Στεφάνῳ
1232 5167 1562 5238 λαλουμένην
1591 5166 1723 5238 ἀλή-

143 5261 295 5313 θειαν
322 5258 514 5312 ἑαυτὸν
547 5258 890 5329 ἀντεγείρων.
942 5258 1081 5312 Ἀλλ’
1107 5260 1141 5329 ἡ
1188 5259 1286 5330 μὲν
1324 5259 1550 5331 ἀλήθεια
1581 5258 1724 5311 κατά

141 5351 234 5403 τοῦ
280 5350 512 5419 ψεύδους
558 5350 955 5421 τροπαιοφόρος
1002 5346 1111 5421 ἦν,
1158 5349 1340 5413 καλῶς
1383 5350 1720 5423 τρεψαμένου

141 5442 236 5495 τοῦ
273 5441 541 5512 ἀριστέως
573 5442 780 5504 πάντας
821 5443 946 5504 τοὺς
991 5443 1402 5513 προαγωνιστὰς
1443 5442 1543 5512 τῆς
1582 5442 1724 5495 ἀπά-

143 5556 240 5610 της
268 5557 280 5568 ο
330 5537 360 5587 6
406 5534 462 5587 δὲ
508 5533 753 5595 δίακονος
784 5531 886 5602 τῆς
912 5532 1167 5603 ἀληθείας
1203 5532 1353 5605 παρὰ
1392 5533 1487 5587 τοῦ
1525 5531 1723 5604 ἐχθροῦ

1822 4438 1971 4492 tione
2006 4435 2171 4500 facta,
2193 4437 2360 4491 veluti
2388 4437 2441 4491 in
2461 4437 2764 4508 phalangas
2791 4435 3057 4506 quasdam
3078 4437 3393 4506 constipati,

1822 4528 1902 4584 sic
1932 4529 2190 4598 impetum
2242 4530 2507 4600 Stephani
2541 4529 2813 4584 sustinere
2846 4527 3181 4581 nitebantur.
3213 4529 3279 4580 At
3312 4527 3399 4581 ille

1821 4621 2078 4677 onmibus
2105 4622 2309 4691 pariter
2332 4622 2568 4676 invictus
2600 4627 2743 4681 erat,
2781 4619 2896 4674 sive
2923 4634 3045 4673 cum
3078 4619 3264 4673 multis
3308 4634 3398 4673 so-

1821 4710 1931 4774 lus,
1966 4710 2082 4763 sive
2134 4725 2257 4763 cum
2319 4710 2509 4778 paucis
2559 4710 3005 4778 congrederetur.
3045 4707 3201 4761 Tune
3234 4708 3399 4777 igitur

1822 4803 1877 4855 in
1939 4803 2177 4872 speciem
2230 4802 2449 4871 quidem
2512 4801 2891 4869 Alexandrini,
2936 4800 3399 4869 Libertiniquect

1821 4894 2182 4967 Cyrenenses,
2212 4896 2415 4964 quique
2454 4895 2694 4964 undique
2722 4905 3088 4949 convenerant
3126 4895 3394 4956 homines,

1821 5002 1944 5041 cum
1971 4988 2221 5042 veritatis
2278 4986 2478 5041 athleta
2529 4985 2914 5057 conﬂigebant.
2945 4986 3047 5051 Qui
3092 4995 3272 5041 autem
3301 5001 3399 5055 per

1818 5078 1872 5132 id
1907 5077 2061 5147 quod-
2116 5078 2414 5148 apparebat
2447 5078 2792 5147 intelligitur,
2851 5078 2897 5132 is
2934 5087 3089 5147 pater
3128 5075 3395 5131 mendacii

1818 5178 1956 5232 erat,
2011 5184 2107 5236 per
2160 5168 2359 5239 figuras
2402 5168 2675 5223 humanas
2721 5169 2986 5222 adversus
3040 5184 3183 5234 eam,
3212 5184 3333 5239 qua:
3363 5184 3393 5221 a

1820 5256 2098 5327 Stephano
2145 5258 2542 5328 proferebatur,
2590 5260 2872 5314 veritatem
2928 5259 3241 5329 insurgens.
3290 5257 3397 5315 Sed

1820 5351 2021 5406 veritas
2042 5351 2259 5421 quidem
2287 5351 2354 5405 de
2389 5350 2675 5406 mendacio
2751 5358 3015 5419 tropaeum
3058 5351 3393 5420 reportabat,

1821 5458 1943 5497 cum
1976 5444 2059 5496 vir
2083 5443 2173 5496 ille
2197 5449 2456 5497 strenuus
2474 5456 2666 5496 omnes
2706 5452 3141 5511 pronugnatores
3183 5441 3396 5497 fraudis

1820 5535 1875 5589 in
1918 5532 2099 5604 fugam
2140 5536 2355 5606 egregie
2412 5533 2669 5589 vertisset
2702 5550 2714 5585 :
2750 5531 2994 5587 minister
3045 5542 3226 5589 autem
3259 5535 3399 5589 veri-

220 5721 239 5749 ²
265 5718 385 5772 Act.
427 5733 485 5781 ιι,
514 5718 600 5770 di.
680 5718 699 5747 ³
732 5718 853 5771 Act.
900 5732 981 5783 ιιι,
1027 5733 1145 5787 sqq.
1184 5717 1201 5747 ‘
1278 5719 1396 5771 Aet.
1427 5734 1498 5782 γι,
1534 5719 1585 5774 5.
1662 5717 1721 5770 ⁸1

1823 5732 1883 5769 ιε’.
1916 5733 1987 5783 tv,
2016 5699 2064 5772 ι’.
2145 5719 2161 5744 ⁸
2195 5718 2391 5789 Ιτίιιιιθδ.
2426 5735 2501 5784 n',
2546 5718 2635 5785 ii;
2662 5714 2681 5769 1
2709 5719 2830 5773 Cor.
2874 5731 2969 5783 XII,
3008 5718 3032 5773 ί
3068 5737 3187 5790 sqq.
