3842 6422
425 246 528 304 707

1631 248 1689 303 S.
1729 245 2055 304 GREGO‘RII
2091 243 2382 299 NYSSENI

3585 250 3687 303 703

425 361 556 419 tatis
578 361 648 415 ab
678 359 836 416 hoste
854 360 1100 418 veritatis
1124 359 1342 417 insidiis
1358 361 1668 431 petebatur,
1699 361 1859 431 quasi
1891 375 2000 414 non

2125 358 2202 426 τῆς
2235 355 2494 426 ἀληθείας
2543 354 2948 418 ἐπεϐουλεύετο,
2997 356 3070 418 ὡς
3116 358 3237 427 οὐχὶ
3289 376 3540 431 φανερῶν
3586 363 3687 434 τὴν

429 448 759 520 patefaceret
786 466 928 515 eam,
973 467 1094 521 quae
1145 467 1336 506 revera
1375 459 1548 513 esset,
1583 451 1677 506 sed
1711 467 1854 513 eam,
1883 467 2004 520 quae

429 554 537 593 non
591 548 759 600 esset,
810 538 1036 608 ﬁngeret
1095 541 1398 602 veritatem.
1433 539 1576 607 Quid
1623 539 1737 594 haec
1790 540 2005 594 moliris

429 629 695 684 adversus
725 645 1031 700 praeconem
1056 672 1072 694 ,
1105 633 1172 687 ad
1200 634 1477 689 diabolum
1509 633 1777 689 dixerim?
1815 631 1874 688 Si
1909 635 2003 688 tibi

432 719 630 788 aliqua
650 728 781 775 sunt
804 720 970 784 vires,
1002 721 1350 777 incommoda
1378 723 1615 787 veritati,
1648 741 1769 794 qua:
1797 725 1852 779 in
1885 724 2007 780 Ste-

432 810 616 881 phano
643 811 858 880 elucet;
887 813 970 868 sin
998 822 1178 868 autem
1214 815 1304 868 illa
1343 817 1456 870 tuis
1503 816 2005 872 machinationibus

430 897 721 952 sublimior
744 907 850 960 est,
879 901 1009 971 quid
1033 902 1178 957 circa
1206 903 1454 958 veritatis
1481 920 1574 958 vas
1612 905 2004 976 malignitatem

429 1006 674 1056 exerces,
711 992 877 1062 atque
898 995 1105 1049 omisso
1141 1010 1208 1050 eo
1235 995 1380 1065 quod
1431 998 1764 1062 continetur,
1799 997 1948 1052 tollis
1976 1011 2008 1050 e

431 1083 610 1136 medio
638 1083 690 1138 id
725 1087 869 1155 quod
904 1088 1169 1151 continet,
1202 1103 1310 1141 non
1343 1104 1502 1145 secus
1526 1104 1590 1143 ac
1621 1089 1803 1144 facere
1829 1089 2008 1144 solent

436 1191 624 1243 canes,
666 1178 759 1248 qui
791 1178 1002 1248 lapides
1030 1179 1229 1248 quibus
1261 1189 1518 1250 petuntur
1552 1181 1688 1234 rictu
1724 1180 2007 1245 invadunt,

431 1279 486 1324 et
506 1285 630 1324 eum
662 1286 689 1324 a
712 1286 820 1340 quo
846 1282 1123 1341 petuntur,
1154 1287 1262 1327 non
1287 1271 1608 1341 attingunt?
1643 1271 2007 1342 Posteaquam

433 1361 602 1429 igitur
635 1361 978 1416 mendacium
1015 1377 1110 1432 per
1138 1377 1203 1417 ea
1251 1377 1373 1432 quae
1411 1363 1846 1432 opponebantur,
1879 1378 2010 1415 eon-

436 1450 667 1503 futatum
692 1460 854 1519 atque
877 1451 1188 1505 convictum
1211 1459 1350 1514 erat,
1380 1467 1482 1507 nec
1501 1452 2008 1522 quemquamalium

435 1541 720 1611 improbus
773 1542 862 1596 ille
898 1550 1083 1612 postea
1110 1549 1568 1613 propugnatorem
1619 1540 1831 1598 fraudis
1862 1542 2011 1603 inve-

438 1634 559 1686 nire
603 1638 863 1700 poterat,
913 1632 1169 1686 omnibus
1215 1633 1281 1687 ad
1330 1631 1658 1703 patefactam
1723 1633 2008 1688 veritatem

437 1721 861 1792 respicientibus
894 1761 910 1786 ,
955 1737 1063 1776 non
1113 1700 1458 1778 obliviscitur
1509 1724 1594 1779 sui
1653 1725 2008 1789 certaminis.
2043 1700 2083 1754 Β

438 1821 604 1882 atque
631 1813 925 1867 ell‘icaciam
967 1828 1124 1868 suam
1150 1821 1261 1868 tam
1292 1815 1345 1867 in
1377 1822 1728 1870 accusatores
1755 1831 1918 1886 quam
1955 1816 2011 1870 in

434 1904 650 1974 judiees
675 1903 926 1974 partitur,
950 1917 1078 1958 cum
1098 1903 1349 1973 utrisque
1369 1918 1493 1959 sese
1522 1902 1878 1971 insinuasset,
1907 1903 2012 1959 hos

438 1997 680 2066 quidem,
712 2004 771 2050 ut
796 1995 932 2050 falsa
961 1995 1227 2052 adversus
1254 1995 1594 2066 Stephanum
1616 1997 1883 2059 dicerent,
1915 1994 2016 2050 im-

442 2089 600 2158 pulit,
629 2087 754 2143 illos
785 2102 936 2152 vero,
971 2094 1032 2143 ut
1051 2089 1234 2142 animo
1259 2089 1398 2143 irato
1455 2088 1787 2144 calumniam
1817 2089 2016 2143 admit-

441 2186 642 2243 terent,
673 2178 903 2233 induxit.
938 2178 1183 2250 Cumque
1215 2181 1382 2235 variis
1408 2179 1586 2236 modis
1617 2181 1782 2235 etiam
1810 2178 2016 2235 Iudaeis

444 2286 568 2326 sese
598 2271 938 2335 inseruisset,
964 2272 1207 2325 omnium
1234 2271 1497 2327 adversus
1520 2271 1853 2338 Stephanum
1894 2271 2018 2326 fun-

445 2362 591 2430 gitur
617 2361 816 2427 oﬂicio,
850 2363 1213 2426 accusatoris,
1241 2363 1476 2433 judicis,
1506 2364 1818 2428 carniﬁcis,
1847 2372 1902 2419 et
1930 2379 2020 2418 re-

450 2451 583 2520 liqui
621 2452 790 2508 tutius
813 2452 1103 2508 ministerii
1139 2453 1353 2517 mortis,
1380 2454 1642 2524 ignorans
1663 2468 1787 2508 cum
1817 2463 2020 2524 quanta

447 2543 606 2596 ruina
636 2550 759 2611 post
805 2541 969 2596 talem
1003 2541 1267 2597 adversus
1296 2540 1633 2610 Stephanum
1666 2541 2019 2604 sententiam,

447 2650 690 2704 praeceps
723 2633 977 2689 abiturus
1003 2642 1170 2692 esset.
1191 2633 1660 2700 Quemadmodum
1682 2635 1827 2689 enim
1861 2634 2022 2704 periti

451 2725 668 2779 athletze
687 2725 985 2781 subeuntes
1012 2739 1215 2794 corpus
1244 2724 1686 2780 adversariorum
1714 2740 1811 2794 per
1829 2740 2024 2794 quam-

359 2819 370 2826 ’
451 2816 574 2869 dam
599 2814 950 2872 artificiosam
979 2815 1276 2886 agilitatem
1309 2823 1475 2885 atque
1517 2815 1874 2879 habilitatem,
1903 2831 2026 2886 gra-

451 2907 658 2961 viorem
712 2907 923 2976 lapsum
983 2907 1064 2960 eis
1119 2914 1378 2962 struunt:
1410 2905 1485 2960 ita
1542 2921 1772 2976 magnus
1809 2920 2027 2976 quoque

455 2998 769 3068 Stephanus
801 2998 951 3052 humi
987 3007 1295 3068 prostratus
1325 2999 1368 3060 ⁷,
1400 3013 1620 3069 gravem
1656 2999 1805 3052 illam
1833 3005 2027 3054 contu-
2057 3036 2099 3092 C

455 3091 664 3145 sionem
695 3089 993 3144 adversarii
1016 3089 1268 3143 confecit.

529 3181 664 3235 llinc
685 3181 829 3236 enim
852 3181 906 3234 in
933 3180 1120 3235 orbem
1142 3188 1412 3234 terrarum
1435 3178 1665 3248 apostoli
1680 3194 1902 3235 currere
1915 3194 2031 3234 cm-

455 3279 674 3341 perunt,
697 3271 801 3325 hoc
828 3272 880 3325 in
907 3286 1098 3326 omnes
1135 3278 1320 3340 partes
1341 3270 1612 3325 sermonis
1643 3269 2032 3341 divulgationis

457 3364 672 3418 initium
708 3373 811 3420 est.
837 3364 972 3419 Nam
1007 3364 1114 3419 nisi
1141 3363 1210 3418 ab
1230 3363 1376 3418 illius
1410 3362 1556 3417 caede
1577 3361 2035 3433 populusJudazo-

457 3467 580 3508 rum
593 3454 648 3520 in
662 3453 941 3523 apostolos
957 3453 1197 3508 saevisset
1217 3453 1261 3516 ⁸,
1279 3451 1504 3507 forsitan
1522 3453 1656 3508 solis
1675 3450 2032 3524 Jerosolymis

465 3542 739 3614 Evangelii
771 3542 946 3613 gratia
985 3542 1201 3597 inclusa
1239 3549 1407 3607 esset,
1438 3557 1584 3596 nunc
1614 3556 1745 3597 vero
1785 3542 1971 3612 agitati
2001 3559 2031 3596 a

455 3639 684 3702 Judaeis,
719 3635 862 3691 alius
891 3634 1000 3688 alio
1020 3634 1260 3704 gentium
1290 3649 1387 3705 per
1408 3635 1594 3689 orbem
1624 3643 1892 3689 terrarum
1921 3634 2033 3690 dis-

459 3733 607 3806 persi
654 3739 803 3795 sunt,
845 3728 1086 3798 undique
1143 3743 1242 3798 per
1287 3727 1671 3798 mysteriorum
1725 3726 2030 3781 doctrinam

458 3821 735 3878 diabolum
779 3819 1151 3875 exturbantes.
1181 3817 1297 3872 Hoc
1337 3817 1501 3873 modo
1531 3817 1780 3872 Samaria
1819 3833 2030 3874 sermo"

458 3930 581 3969 nem
613 3912 804 3984 recipit
829 3929 844 3971 ;
900 3909 1004 3964 hoc
1027 3909 1189 3962 modo
1219 3909 1398 3963 obiter
1429 3908 1483 3962 in
1509 3907 1595 3962 via
1619 3909 1768 3964 salus
1797 3909 2031 3963 eunuchi

457 4019 488 4056 a
517 4002 775 4072 Philippo,
803 3998 1091 4054 conficitur
1119 4001 1140 4032 ⁸
1166 4014 1180 4051 :
1220 3998 1293 4052 ita
1334 4013 1587 4068 magnum
1620 3999 1751 4054 illud
1774 3999 2035 4056 Ecclesiae

461 4095 884 4148 instrumentum
919 4089 1122 4145 Paulus
1148 4089 1229 4143 ira
1263 4089 1536 4158 minisque
1557 4103 1586 4142 a
1605 4089 1823 4144 diabolo
1849 4105 2032 4145 arma-

460 4196 550 4239 tus
603 4183 870 4238 adversus
915 4183 1091 4251 ipsum
1146 4188 1475 4235 armatorem
1525 4181 1632 4235 tela
1675 4183 1838 4236 vertit
1871 4182 1936 4240 '°.
1967 4198 2035 4237 ex

460 4276 608 4330 omni
668 4290 792 4329 eum
838 4274 1213 4328 exterminans
1244 4272 1378 4328 orbe
1413 4280 1704 4339 terrarum,
1737 4282 1799 4328 ut
1821 4275 2032 4329 nullum

2103 443 2290 510 οὖσαν,
2317 445 2454 500 ἀλλά
2481 446 2652 499 ποιῶν
2676 446 2774 518 τὴν
2802 446 2877 517 μὴ
2909 443 3071 502 οὖσαν
3106 448 3384 520 ἀλήθειαν.
3417 453 3481 504 Τί
3511 456 3688 506 ταῦτα

2106 539 2416 611 συσκευάζῃ
2442 539 2582 592 κατά
2605 538 2700 592 τοῦ
2730 541 2990 609 κήρυκος,
3032 538 3168 610 πρὸς
3198 540 3288 593 τὸν
3316 541 3584 604 διάϐολον,
3613 544 3683 596 εί-

2105 645 2262 698 ποιμι
2289 628 2392 694 ἀν;
2423 630 2488 682 Εί
2518 628 2601 682 σοί
2632 629 2715 693 τίς
2744 629 2860 682 ἐστι
2893 629 3155 700 δύναμις,
3198 630 3299 702 τὴν
3341 634 3399 685 ἐν
3441 634 3518 704 τῷ
3560 635 3687 687 Στε-

2105 720 2257 790 φάνῳ
2293 719 2493 790 βλάψον
2537 719 2798 790 ἀληθειαν
2821 736 2836 751 ο
2891 722 2938 774 εἰ
2983 721 3040 774 δὲ
3071 722 3252 793 ἐκείνη
3287 723 3395 778 τῶν
3440 725 3550 780 σῶν
3587 743 3686 797 μη-

2105 813 2432 881 χανημάτων
2471 811 2795 883 ὑψηλοτέρα,
2845 812 2896 866 τί
2935 814 3064 884 περὶ
3094 814 3154 867 τὸ
3185 815 3378 879 σκεῦος
3407 819 3506 888 τῆς
3552 819 3689 889 ἀλη-

2106 902 2255 966 θείας
2314 902 2643 972 άπασχολεῖς
2683 903 2782 973 τὴν
2831 904 3119 959 κακόνοιαν
3145 945 3158 968 ,
3208 907 3302 959 καὶ
3345 907 3593 979 ἀναιρεῖς
3631 909 3691 961 τὸ

2107 992 2378 1064 περιέχον,
2408 991 2723 1047 καταλιπὼν
2749 994 2810 1046 τὸ
2834 994 3182 1066 ὲγκείμενονς
3215 992 3326 1051 οἷόν
3363 1015 3416 1052 τι
3442 999 3691 1053 ποιοῦσιν

2105 1084 2156 1136 οί
2179 1083 2357 1148 κύνες,
2381 1085 2508 1148 τοὺς
2533 1084 2713 1148 λίθους
2737 1080 2818 1149 οἷς
2846 1084 3124 1154 βάλλονται
3147 1087 3574 1159 περιχαίνοντες,
3595 1089 3692 1144 τοῦ

2109 1177 2394 1248 βάλλοντος
2421 1177 2523 1247 ¹οὐχ
2554 1177 2868 1247 ἀπτόμενοι;
2917 1178 3134 1250 Ἐπειδὴ
3163 1178 3342 1233 τοίνυν
3365 1180 3688 1252 ἀπηλέγχθη

2107 1267 2196 1320 διὰ
2223 1267 2332 1319 τῶν
2360 1267 2774 1336 ἀνθισταμένων
2800 1267 2859 1320 τὸ
2885 1267 3099 1338 ψεῦδος,
3133 1269 3229 1322 καὶ
3265 1271 3450 1324 οὐκέτι
3475 1269 3588 1336 οίός
3629 1289 3690 1325 τε

2107 1356 2175 1429 ἦν
2208 1359 2236 1410 ό
2264 1359 2506 1430 Πονηρὸς
2556 1359 2714 1413 ἄλλον
2746 1360 2865 1413 τινὰ
2887 1363 3303 1434 προαγωνιστὴν
3332 1365 3432 1434 τῆς
3472 1363 3692 1433 ἀπάτης

2109 1451 2308 1520 εὑρεῖν,
2355 1450 2572 1504 πάντων
2619 1449 2756 1520 πρὸς
2799 1451 2899 1520 τὴν
2941 1451 3248 1522 φανέρωσιν
3287 1452 3388 1523 τῆς
3432 1451 3691 1524 ἀληθείας

2109 1540 2547 1604 ἀποϐλεπόντων,
2580 1542 2960 1613 ἀναμέμνηται
2989 1542 3083 1596 τοῦ
3119 1543 3248 1597 ἰδίου
3289 1544 3692 1615 παλαίσματος,

2111 1634 2205 1688 καὶ
2247 1633 2624 1705 καταμερίσας
2654 1632 2847 1688 ἑαυτοῦ
2891 1633 2991 1704 τὴν
3036 1635 3316 1704 ἐνέργειαν
3353 1636 3434 1696 εἷς
3477 1652 3538 1688 τε
3568 1637 3692 1699 τοὺς

2113 1725 2453 1794 κατηγόρους
2502 1724 2596 1776 καὶ
2635 1725 2765 1788 τοὺς
2800 1723 3060 1788 δικαστάς
3082 1740 3097 1755 ⁸
3143 1726 3236 1778 καὶ
3265 1727 3324 1778 ὲν
3355 1727 3690 1797 ἀμφοτέροις

2112 1816 2422 1886 γενόμενος,
2459 1816 2582 1878 τοὺς
2611 1816 2710 1886 μὲν
2746 1815 2924 1884 λέγειν
2951 1815 3021 1869 τά
3046 1815 3212 1888 ψευδῆ
3251 1818 3397 1872 κατά
3431 1818 3524 1872 τοῦ
3566 1820 3692 1871 Στε.

2114 1906 2284 1975 φάνου
2313 1907 2602 1976 προήγετο,
2649 1905 2776 1969 τοὺς
2812 1905 2870 1958 δὲ
2911 1903 3029 1976 μετ’
3059 1906 3229 1976 ὀργῆς
3283 1906 3382 1978 τὴν
3428 1924 3674 1975 συκοφαν

2112 1995 2233 2048 τίαν
2267 1993 2679 2069 προσδέχεσθαι.
2731 1996 2840 2050 Καὶ
2877 1994 3138 2058 ποικίλως
3183 1995 3373 2049 ἑαυτὸν
3415 1999 3529 2058 τοῖς
3569 1997 3685 2050 Ἴου»

2113 2087 2281 2150 δαίοις
2315 2087 2786 2158 ἐγκατασπείρας,
2834 2088 3012 2140 πάντα
3049 2088 3255 2156 γίνεται
3299 2087 3376 2158 τῷ
3415 2087 3697 2158 Στεφάνῳ.

2115 2181 2210 2233 καὶ
2233 2180 2538 2251 κατήγορος
2557 2180 2651 2234 καὶ
2675 2180 2957 2249 δικαστὴς,
2989 2181 3086 2234 καὶ
3111 2181 3322 2252 δήμιος,
3366 2182 3460 2234 καὶ
3485 2184 3637 2235 πάσα
3663 2185 3697 2254 ἡ

2117 2269 2278 2341 λοιπὴ
2313 2269 2406 2323 τοῦ
2445 2269 2674 2324 θανάτου
2722 2271 2996 2342 ὑπηρεσία
3019 2287 3035 2300 ο
3086 2272 3185 2324 ούκ
3213 2271 3371 2336 εἰδὼς
3410 2273 3509 2341 οἴῳ
3550 2272 3697 2326 πτώο

2122 2376 2250 2428 ματι
2289 2359 2429 2429 μετὰ
2462 2360 2560 2430 τὴν
2585 2359 2841 2430 τοιαύτην
2867 2361 2956 2413 ἐπὶ
2984 2361 3237 2431 Στεφάνῳ
3272 2361 3449 2431 ψῆφον
3479 2378 3697 2416 κατενε·

2119 2449 2399 2521 χθήσεται.
2442 2449 2706 2522 Καθάπερ
2751 2451 2859 2523 γὰρ
2899 2453 2950 2504 οἱ
3001 2452 3253 2524 ἔμπειροι
3296 2453 3404 2507 τῶν
3449 2453 3700 2524 ἀθλητῶν

2122 2541 2422 2606 ὑποϐάντες
2463 2543 2544 2612 τῷ
2591 2542 2803 2613 σώματι
2834 2544 2941 2597 τῶν
2981 2545 3495 2616 προσπαλαιόντων,
3544 2544 3696 2616 χαλεο

2123 2633 2368 2705 πώτερον
2419 2635 2602 2698 αὐτοῖς
2647 2634 2738 2688 διά
2780 2650 2926 2697 τινος
2965 2635 3217 2704 τεχνικῆς
3268 2635 3593 2707 εὐστροφίας
3640 2635 3700 2688 τὸ

2124 2725 2325 2795 πτῶμα
2369 2725 2867 2788 κατασκευάζουσιν
2895 2741 2910 2755 ·
2959 2725 3102 2779 οῦτω
3147 2727 3242 2780 καὶ
3277 2729 3308 2782 ό
3357 2727 3531 2798 μέγας
3572 2728 3695 2781 Στέ-

2125 2835 2313 2887 φανος,
2349 2819 2430 2882 εἰς
2457 2819 2558 2889 γῆν
2584 2817 2811 2883 κλιθεὶς,
2830 2817 2892 2871 τὸ
2907 2819 3139 2889 χαλεπὸν
3162 2819 3475 2893 σύντριμμα
3497 2821 3594 2875 τοῦ
3613 2822 3700 2875 άνο

2126 2909 2435 2982 τικειμένου
2473 2910 2787 2981 εἰργάσατο.

2215 3176 2492 3232 Ἐντεῦθεν
2521 3177 2628 3249 γὰρ
2661 3177 2869 3248 γίνεται
2900 3179 3360 3242 τοῖςοάποστόλοις
3387 3173 3488 3234 ὲπΐ
3505 3180 3605 3250 τὴν
3631 3181 3703 3235 oi-

2133 3269 2403 3338 κουμένην
2435 3271 2463 3323 ό
2506 3268 2730 3340 δρόμοςο
2781 3267 2924 3338 αὕτη
2971 3270 3069 3339 τῆς
3115 3270 3386 3340 πανταχοῦ
3418 3270 3512 3323 τοῦ
3547 3271 3705 3340 λόγου

2131 3359 2521 3429 διαφοιτήσεως
2574 3361 2608 3431 ἡ
2652 3361 2817 3430 ἀρχή.
2875 3361 2939 3413 Εἰ
2967 3360 3076 3431 γὰρ
3117 3361 3192 3432 μὴ
3235 3364 3299 3429 τῇ
3345 3364 3464 3415 κατ’
3497 3364 3706 3416 ἐκείνου

2135 3451 2417 3523 μιαιφονίᾳ
2439 3453 2468 3504 ὁ
2505 3451 2677 3522 δῆμος
2713 3452 2820 3505 τῶν
2862 3453 3125 3507 Ἰουδαίων
3169 3457 3308 3508 κατὰ
3343 3457 3451 3508 τῶν
3480 3457 3688 3509 ἀποστό

2131 3544 2238 3598 λων
2280 3543 2454 3614 ἐμάνη
2480 3583 2495 3608 ,
2550 3542 2732 3612 μόνοις
2788 3544 2855 3598 ἂν
2903 3545 3043 3614 τάχα
3098 3545 3492 3617 Ἱεροσολύμοις
3540 3548 3576 3616 ἡ
3614 3547 3708 3600 τοῦ

2133 3634 2464 3703 Εύαγγελίου
2488 3634 2646 3706 χάρις
2675 3634 3054 3688 ὲναπεκλείετο
3078 3651 3093 3666 ⁵
3141 3637 3257 3689 νυνὶ
3300 3636 3356 3689 δὲ
3389 3637 3708 3706 διωχθέντες

2134 3726 2286 3799 παρὰ
2313 3727 2418 3780 τῶν
2457 3725 2744 3788 Ἰουδαίων,
2778 3725 2936 3790 ἄλλος
2973 3726 3181 3796 ἀλλαχῆ
3207 3726 3312 3780 τῶν
3338 3727 3477 3779 κατά
3503 3727 3605 3796 τὴν
3633 3730 3685 3780 οἰ

2133 3816 2405 3887 κουμένην
2443 3815 2612 3868 ἐθνῶν
2653 3815 2942 3887 διεσπάρη,
2981 3815 3311 3886 πανταχόθεν
3349 3815 3440 3868 τὸν
3464 3816 3710 3870 διάϐολον

2133 3907 2220 3960 διὰ
2238 3908 2338 3977 τῆς
2362 3906 2468 3960 τῶν
2488 3907 2798 3982 μυστηρίων
2822 3905 3166 3968 διδασκαλίας
3181 3906 3532 3980 ἐξείργοντες,
3553 3909 3712 3962 Οῦτω

2132 3999 2346 4068 δέχεται
2369 3999 2458 4051 τὸν
2481 3997 2635 4066 λόγον
2668 3998 2705 4069 ἡ
2738 3997 3019 4068 Σαμάρεια
3045 4016 3058 4028 ·
3089 3998 3259 4062 οὕτως
3284 3998 3403 4052 ὁδοῦ
3434 3999 3711 4070 πάρεργον

2133 4093 2167 4162 ἡ
2197 4091 2288 4144 τοῦ
2315 4090 2566 4160 εὐνούχου
2601 4089 2843 4162 σωτηρία
2871 4090 3023 4160 παρὰ
3043 4090 3134 4144 τοῦ
3166 4092 3430 4145 Φιλίππου
3467 4093 3678 4161 γίνεται
3696 4110 3712 4124 ·

2133 4184 2276 4236 οὕτω
2297 4185 2365 4248 ⁴τὸ
2401 4183 2543 4254 μέγα
2577 4181 2768 4245 σκεῦος
2793 4182 2893 4252 τῆς
2931 4181 3253 4253 Ἐκκλησίας
3296 4183 3526 4250 Παῦλος,
3551 4185 3714 4256 θυμῷ

2135 4276 2228 4328 καὶ
2257 4273 2454 4346 ἀπειλῇ
2483 4273 2634 4346 παρά
2666 4273 2760 4327 τοῦ
2789 4274 3032 4327 διαϐόλου
3065 4274 3460 4338 καθοπλισθεὶς.
3497 4279 3586 4330 ἐπ’
3615 4279 3704 4331 αύ-

464 4370 797 4437 relinqueret
853 4367 1028 4421 locum
1090 4366 1212 4420 fidei
1258 4364 1463 4421 Christi
1499 4365 1862 4421 inaccessum.
1896 4365 2023 4422 Hinc

2137 4367 2227 4420 τὸν
2273 4368 2464 4438 τρέπει
2510 4366 2604 4420 τὸν
2650 4366 2876 4437 ὁπλίτην
2914 4367 3017 4430 τὰς
3057 4367 3284 4430 ἀκίδας,
3328 4368 3510 4438 πάσης
3549 4371 3715 4424 αὑτὸν

461 4459 723 4530 mgypiii,
784 4457 931 4529 Syri,
981 4457 1192 4520 Parthi,
1239 4465 1294 4513 et
1332 4456 1781 4527 Mesopotamiae,
1813 4458 1934 4512 ltali
1981 4467 2037 4513 et

461 4550 624 4611 Galli,
660 4549 854 4620 Illyrii,
890 4549 1213 4605 Macedones
1263 4549 1539 4605 Christum
1605 4559 1929 4618 agnoscunt,
1983 4560 2037 4606 et

462 4659 655 4696 omnes
686 4643 926 4712 undique
958 4651 1148 4711 gentes
1205 4657 1386 4696 sermo
1415 4657 1744 4712 percurrens
1779 4645 1845 4697 ad
1877 4645 2035 4698 fidem

462 4733 709 4787 adducit.
738 4731 902 4787 Vides
918 4731 1177 4801 Stephani
1203 4731 1514 4786 athleticam
1533 4732 1854 4787 scientiam?
1875 4748 2036 4803 quam

464 4825 650 4879 multis
689 4824 867 4880 ruinis
898 4824 1135 4879 obtritus
1165 4824 1236 4880 sit
1263 4825 1630 4886 adversarius,
1662 4840 1786 4879 cum
1816 4840 1913 4895 per
1948 4839 2040 4878 ca-

463 4916 726 4969 lumniam
755 4914 1076 4969 adversario
1103 4915 1354 4984 superior
1401 4914 1570 4970 fuisse
1599 4915 1910 4970 videretur?
1935 4913 2041 4969 Ve-

463 5020 584 5057 rum
622 5005 687 5057 ad
725 5005 962 5058 stadium
995 5004 1174 5058 denuo
1217 5013 1578 5060 revertamur.
1619 5005 1828 5072 Quibus
1859 5005 2042 5061 verbis

467 5097 729 5166 populum
749 5096 1029 5162 concitant
1049 5096 1520 5154 calumniatores?
1543 5097 1668 5151 Non
1698 5097 1919 5161 desinit,
1956 5100 2041 5152 in-

467 5189 684 5257 quiunt,
733 5187 887 5241 verba
940 5190 1317 5243 contumeliosa
1377 5189 1518 5257 loqui
1577 5188 1824 5249 adversus
1869 5190 2040 5242 locum

468 5279 602 5332 hunc
624 5290 865 5332 sanctum
898 5292 945 5333 et
977 5279 1137 5347 legem
1169 5296 1188 5333 :
1227 5279 1522 5332 audivimus
1559 5281 1697 5332 enim
1725 5294 1791 5332 ea:
1814 5296 1895 5341 eo,
1923 5297 2041 5334 cum

467 5369 690 5432 diceret,
713 5369 869 5424 Jesus
912 5369 1229 5425 Nazarenus
1257 5373 1338 5424 hic
1360 5371 1672 5425 demolietur
1691 5371 1861 5424 locum
1881 5373 2038 5437 hunc,

467 5469 517 5513 et
542 5461 764 5514 mutabit
786 5463 1051 5530 instituta,
1069 5479 1186 5533 quae
1217 5463 1366 5518 nobis
1383 5462 1605 5518 tradidit
1624 5461 1906 5533 Moyses“.
1931 5464 2040 5517 Ac-

541 5636 563 5668 '
589 5636 710 5692 Aet.
739 5652 836 5704 vn,
871 5637 960 5692 59.
1033 5637 1055 5673 ⁸
1083 5638 1224 5696 Ibid.
1298 5641 1319 5673 '
1346 5641 1466 5695 Act.
1501 5655 1622 5706 vui,
1643 5639 1710 5694 27
1744 5656 1868 5710 sqq.

2139 4458 2476 4528 ὑπερορίζων
2507 4457 2607 4526 τῆς
2634 4456 2978 4527 οἰκουμένης,
3006 4455 3082 4519 ὡς
3113 4455 3319 4526 μηδένα
3347 4457 3514 4510 τόπον
3545 4476 3704 4512 κατα-

2139 4548 2312 4601 λιπεῖν
2349 4550 2415 4619 τῇ
2447 4547 2627 4600 πίστει
2655 4545 2750 4599 τοῦ
2787 4545 3022 4617 Χριστοῦ
3046 4545 3390 4600 ἀνεπίϐατον.
3435 4549 3716 4602 Ἐντεῦθεν

2139 4639 2445 4705 Αἰγύπτιοι,
2476 4637 2660 4707 Σύροι.
2697 4637 2900 4708 Πάρθοι
2941 4637 3034 4689 καὶ¹
3066 4636 3534 4707 Μεσοποταμῖται,
3581 4641 3714 4694 Ἰτα-

2138 4733 2220 4785 λοὶ
2254 4732 2349 4784 καὶ
2387 4731 2642 4793 Γαλάται,
2673 4730 2938 4800 Ἰλλυριοὶ.
2975 4729 3280 4792 Μακεδόνες
3303 4770 3318 4792 ,
3358 4730 3454 4786 καί⁸
3485 4731 3554 4784 τὰ
3583 4751 3719 4786 παν-

2136 4824 2362 4893 ταχόθεν
2394 4821 2520 4890 ἔθνη
2551 4821 2814 4892 προσάγει
2847 4823 2912 4891 τῇ
2950 4820 3128 4872 πίστει
3148 4819 3443 4892 διατρέχων
3473 4824 3504 4874 ό
3535 4823 3716 4891 λόγος.

2150 4917 2309 4987 Ὁρᾷς
2325 4915 2416 4968 τοῦ
2436 4913 2710 4982 Στεφάνου
2726 4913 2824 4981 τὴν
2840 4911 3135 4981 ἀθλητικὴν
3151 4913 3459 4983 ἐπιστήμην
3482 4931 3497 4977 ;
3529 4916 3717 4976 πόσοις

2141 5010 2430 5082 συνετρίϐη
2486 5006 2772 5076 πτώμασιν
2817 5006 2847 5056 ὁ
2879 5003 3208 5068 ἀντίπαλος,
3266 5004 3423 5069 δόξας
3479 5005 3571 5058 διά
3615 5006 3715 5074 τῆς

2143 5097 2500 5165 συκοφαντίας
2524 5095 2820 5166 ὑπέρτερος
2841 5093 2936 5146 τοῦ
2959 5093 3421 5162 προσπαλαίοντος
3440 5094 3713 5162 γενέσθαι;

2154 5188 2293 5241 Ἀλλ’
2323 5185 2706 5254 ἐπανέλθωμεν
2736 5184 2898 5238 πάλιν
2929 5183 3021 5238 ἐπὶ
3046 5185 3104 5238 τὸ
3136 5186 3362 5240 στάδιον.
3391 5186 3514 5238 Τίσι
3541 5188 3717 5254 λόγοις

2143 5279 2456 5335 ἀνακινοῦσι
2483 5278 2574 5330 τὸν
2611 5277 2778 5348 δῆμον
2815 5279 2863 5330 οί
2909 5278 3272 5347 συκοφάνται;
3323 5279 3406 5332 Οὐ
3441 5281 3713 5343 παύεται,

2143 5373 2297 5446 φασὶ,
2329 5368 2537 5424 λαλῶν
2565 5363 2805 5437 ῥήματά
2825 5369 3169 5439 ,ϐλάσφημα
3202 5371 3350 5423 κατὰ
3386 5370 3493 5424 τοῦ
3529 5373 3715 5426 τόπου

2143 5465 2248 5519 τοῦ
2274 5465 2445 5534 ἁγίου
2473 5463 2687 5517 τούτου
2715 5463 2814 5516 καὶ
2840 5461 2945 5516 τοῦ
2971 5463 3158 5532 νόμου
3184 5480 3198 5496 ο
3239 5463 3580 5532 ἀκηκόαμεν
3610 5463 3715 5534 γὰρ

1948 5640 2150 5703 io-Act.
2193 5655 2286 5707 vn,
2317 5637 2407 5694 57.
2488 5638 2527 5669 “
2566 5637 2707 5694 Ibid.
2746 5637 2805 5691 ll
2843 5653 2964 5708 sqq.
