3842 6430
144 303 247 360 709

1443 302 1509 356 IN
1548 300 1606 356 S.
1661 299 2101 359 STEPHANUM.

3291 303 3395 360 7l0

140 419 328 475 αὐτοῦ
353 418 664 489 λέγοντος,
706 418 797 473 ὅτι
842 419 1072 487 Ἰησοῦς
1099 422 1132 474 ό
1183 419 1511 490 Ναζωραῖος
1543 412 1719 484 οὗτος

1822 418 2037 476 cusatio
2097 420 2315 491 quidem
2381 420 2582 477 diaboli
2638 427 2917 477 oratorum
2971 418 3098 475 talis
3132 427 3238 476 est.
3286 421 3396 478 Sed

102 530 113 541 ·
142 512 475 565 καταλύσει
507 512 615 566 τὸν
640 513 824 567 τόπον
849 511 1084 577 τοῦτον,
1124 512 1221 565 καὶ
1245 510 1497 575 ἀλλάξει
1525 510 1596 563 τὰ
1615 510 1720 578 ἔθη

139 604 176 656 ἆ
199 603 550 671 παρέδωκεν
573 603 719 673 ἡμῖν
741 605 1026 674 Μωῦσῆς.
1068 604 1131 657 Ἦ
1163 604 1262 675 μὲν
1290 600 1384 657 οὖν
1419 600 1723 673 κατηγορία

138 694 242 746 τῶν
299 693 398 748 τοῦ
455 694 702 748 διαϐόλου
757 696 1005 767 ρητόρων
1063 694 1308 766 τοιαύτη.
1379 695 1447 747 Ἢ
1504 693 1563 746 δέ
1612 692 1722 746 τῶν

139 787 451 840 ἀκουόντων
497 788 652 842 ἄνοια
695 789 813 854 τίς;
876 790 1003 843 Ἐπὶ
1052 790 1159 842 τίνι
1217 787 1597 859 χαλεπαίνουσι
1642 786 1722 859 τῷ

140 879 612 948 κατηγορηθέντι;
691 880 813 933 τίνα
868 880 1064 933 κακίαν
1124 882 1181 933 ἐν
1247 882 1360 944 τοῖς
1411 876 1722 951 εἰρημένοις

140 967 468 1039 ὲφώρασαν;
498 970 577 1023 re
602 970 700 1041 μὲν
716 970 825 1043 γὰρ
850 972 1232 1046 προφερόμενα
1252 972 1370 1026 κατ’
1400 970 1589 1037 αὑτοῦ,
1610 969 1720 1023 τῶν

140 1058 435 1130 ἐσύστερον
467 1059 849 1138 ἐκϐησομένων
882 1056 971 1131 ἦν.
1020 1062 1267 1131 Ἔφησαν
1294 1060 1402 1133 γὰρ
1436 1061 1596 1115 αὑτὸν
1640 1061 1721 1113 εἱ·-

143 1152 393 1221 ρηκέναι,
427 1151 518 1205 τὸν
558 1152 721 1207 τόπον
749 1153 1245 1225 καταλυθήσεσθαι,
1280 1155 1376 1208 καὶ
1414 1155 1483 1208 τὰ
1517 1155 1721 1226 νόμιμα

139 1241 227 1294 τοῦ
253 1242 539 1307 Μωῦσέως
570 1244 1049 1315 μετατεθήσεσθαι.
1074 1247 1139 1299 Τί
1164 1242 1255 1299 οὖν
1288 1249 1345 1300 ἐν
1372 1246 1581 1309 τούτοις
1604 1246 1722 1299 ἐστὶ

140 1335 195 1386 τὸ
224 1335 498 1407 ἀδίκημα,
531 1334 633 1389 κᾶν
658 1335 917 1410 ἀληθεύῃ,
945 1337 1048 1392 κᾶν
1073 1338 1371 1410 ψεύδηταις
1400 1340 1463 1393 Εἰ
1491 1339 1588 1410 μὲν
1610 1338 1720 1409 γὰρ

138 1426 419 1493 ψεύδεται,
447 1427 511 1480 τὸ
536 1427 739 1481 λυποῦν
763 1431 864 1482 οὐκ
891 1430 1182 1502 ἐκϐήσεται
1207 1448 1219 1461 ·
1270 1434 1320 1485 εί
1352 1432 1408 1485 δὲ
1446 1432 1717 1501 ἀληθεύει,

138 1522 188 1573 τί
232 1521 417 1574 ἀδικεῖ
456 1522 486 1573 6
530 1521 686 1591 λόγος
728 1523 1058 1594 προμηνύων
1084 1524 1181 1595 τὴν
1215 1525 1468 1592 ἔκϐασιν;
1503 1526 1583 1579 Τά
1612 1525 1719 1597 γὰρ

139 1614 424 1683 γινόμενα,
446 1614 662 1677 πάντως
689 1615 983 1685 ἐκϐήσεται
1009 1617 1101 1668 καὶ¹
1122 1616 1466 1680 σιωπώντων,
1493 1619 1586 1671 καὶ
1609 1620 1681 1688 μή
1704 1634 1716 1645 ’

139 1707 166 1755 ὁ
194 1703 250 1755 δὲ
285 1702 445 1771 φόνος
493 1703 586 1755 τοῦ
617 1704 1085 1775 προμηνύσαντος,
1133 1709 1254 1760 τίνα
1286 1709 1439 1779 φέρει
1472 1708 1580 1761 τῶν
1626 1710 1714 1762 λυ-

139 1795 392 1846 πούντων
411 1793 732 1865 διόρθωσιν;
778 1793 932 1861 Εἶτα,
962 1803 1347 1870 κατηγορεῖται
1379 1800 1475 1870 μὲν
1518 1799 1720 1871 Ἰησοῦς

138 1890 169 1938 6
213 1886 536 1957 Ναζωραῖος
573 1903 587 1916 ·
636 1888 670 1957 η
714 1887 769 1939 δὲ
811 1890 911 1956 τῆς
952 1892 1222 1963 τιμωρίας
1260 1892 1457 1962 ψῆφος,
1492 1892 1584 1945 ἐπὶ
1631 1892 1721 1944 τὸν

139 1977 416 2045 Στέφανον
449 1976 693 2047 φέρεται.
743 1978 851 2032 Καί
898 1996 979 2032 τοι
1021 1982 1071 2033 εί
1122 1983 1151 2034 6
1203 1980 1405 2036 ἀδικῶν
1446 1984 1587 2035 κινεῖ
1623 1983 1721 2054 τὴν

136 2068 335 2140 ὀργὴν,
383 2068 624 2139 ἀδίκημα
653 2069 711 2122 δέ
751 2071 920 2135 ἐστιν,
950 2072 984 2142 ή
1009 2070 1104 2124 τοῦ
1133 2073 1297 2125 τόπου
1328 2074 1420 2126 καὶ
1450 2072 1558 2126 τῶν
1584 2073 1721 2127 ἐθῶν

138 2158 504 2226 μεταποίησις
526 2174 540 2187 ’
572 2157 744 2214 ταῦτα
764 2158 820 2211 δὲ
838 2160 897 2211 ού
922 2159 1071 2230 παρά
1096 2161 1391 2231 Στεφάνου,
1413 2162 1548 2216 ἀλλά
1570 2164 1722 2233 παρά

150 2249 329 2319 Ἰησοῦ
372 2250 620 2318 γίνεσθαί
665 2268 829 2319 φησιν
864 2252 893 2303 6
934 2244 1276 2323 κατήγορος,
1325 2255 1416 2307 ἐπὶ
1460 2254 1549 2309 τόν
1588 2273 1720 2309 κατ-

144 2341 495 2412 ηγορηθέντα
521 2342 738 2404 πάντως
764 2342 867 2395 ἔδει
885 2343 1249 2412 συγκινεῖσθαι
1274 2345 1335 2398 τὸ
1358 2345 1718 2417 δικαστήριον.

138 2434 202 2483 Ὤ
230 2431 332 2501 τῆς
352 2431 539 2484 ἀδίκου
560 2431 671 2484 τῶν
694 2432 996 2488 ἀκουόντων
1022 2432 1232 2505 ψήφουε
1275 2433 1512 2508 Ἐπειδὴ,
1536 2419 1718 2507 φησιν,

136 2523 165 2574 6
208 2521 417 2594 Ἰησοῦς
456 2523 809 2595 μεταποιήσει
839 2522 963 2586 τοὺς
988 2521 1207 2593 νόμους,
1248 2524 1668 2599 καταλευσθήτω
1694 2532 1724 2583 ὁ

136 2615 434 2685 Στέφανος.
462 2615 587 2679 Πῶς
628 2616 684 2669 δὲ
717 2614 1005 2669 καταλύσει
1042 2614 1134 2668 τὸν
1170 2614 1335 2686 νόμον
1366 2619 1394 2671 6
1435 2619 1663 2689 Ἰησοῦς,
1695 2624 1723 2675 6

133 2708 313 2770 οὕτως
338 2707 477 2777 ἔχων
513 2708 641 2778 περὶ
672 2707 762 2760 τὸν
790 2706 972 2776 νόμον,
1006 2708 1035 2758 6
1064 2708 1242 2761 πάντα
1270 2709 1406 2780 πρὸς
1432 2709 1723 2780 βεϐαίωσιν

135 2799 247 2851 τῶν
296 2798 543 2868 ἀρχαίων
592 2797 980 2867 νομοθετήσας,
1032 2799 1062 2849 ὁ
1100 2797 1307 2849 εἰπών’
1366 2802 1486 2854 Οὐκ
1534 2797 1725 2870 ἦλθον

134 2890 479 2942 καταλῦσαι
505 2888 610 2940 τὸν
634 2888 840 2955 νόμον,
865 2886 1025 2940 ἀλλὰ
1059 2887 1394 2955 πληρῶσαιο
1425 2891 1454 2941 6
1480 2889 1570 2943 τὸν
1596 2892 1724 2962 περὶ

136 2975 232 3027 τοῦ
291 2975 367 3045 μὴ
417 2974 671 3043 φονεῦσαι
710 2974 871 3044 νόμον
898 3015 913 3036 .
967 2973 1054 3028 διὰ
1100 2975 1192 3027 τοῦ
1246 2977 1379 3047 μηδὲ
1417 2978 1515 3048 τὴν
1548 2980 1723 3051 ἀρχὴν

1822 528 2074 585 quaenam
2122 525 2208 571 est
2249 514 2588 571 audientium
2634 514 3103 584 amentia?Cujus
3143 515 3396 569 criminis

1823 605 2046 661 nomine
2078 604 2133 659 in
2165 614 2488 661 accusatum
2525 605 2787 661 saeviunt?
2817 621 2981 676 quam
3010 604 3305 675 nequitiam
3339 604 3395 657 in

1824 698 1913 753 bis
1953 699 2138 754 verbis
2168 698 2684 769 deprehenderunt?
2719 699 2855 752 Nam
2893 713 3016 768 qua:
3045 696 3266 767 quidem
3300 695 3399 750 ad-

1824 802 2016 843 versus
2073 802 2194 842 eum
2243 787 2679 858 proferebantur,
2717 786 2771 840 in
2818 795 3097 856 posterum
3135 796 3398 841 eventura
3484 810 3490 817 -

1820 883 1999 931 erant.
2013 876 2243 930 Aiebant
2257 876 2400 930 enim
2422 891 2544 931 eum
2562 874 2767 930 dixisse
2781 876 2957 929 locum
2972 889 3219 931 eversum
3236 873 3326 939 iri,
3344 880 3400 927 et

1822 967 2072 1023 instituta
2105 966 2271 1021 Mosis
2305 973 2699 1021 commutatum
2734 965 2823 1021 iri.
2858 963 3014 1031 Quod
3038 964 3204 1036 igitur
3227 962 3397 1017 male—

1821 1058 2005 1111 ficium
2031 1057 2084 1112 in
2116 1056 2203 1112 his
2238 1056 2421 1112 verbis
2443 1057 2779 1122 continetur,
2803 1058 2918 1111 sive
2941 1071 3092 1121 vera,
3123 1056 3238 1111 sive
3259 1054 3399 1109 falsa

1822 1147 2126 1218 loquatur?
2152 1147 2288 1202 Nam
2324 1150 2369 1203 si
2406 1148 2624 1219 quidem
2674 1149 2959 1213 mentitur,
2993 1149 3045 1203 id
3074 1146 3218 1218 quod
3248 1147 3402 1216 angit

1819 1248 1874 1295 et
1908 1242 2049 1296 male
2096 1240 2279 1304 habet,
2314 1256 2422 1294 non
2454 1242 2668 1296 eveniet
2706 1261 2719 1297 :
2756 1241 2840 1298 sin
2869 1250 3051 1297 autem
3081 1256 3209 1296 vera
3238 1239 3398 1301 dicit,

1819 1348 2067 1402 quamam
2112 1335 2254 1390 inest
2290 1334 2489 1403 injuria
2521 1334 2794 1405 fsermoni,
2827 1348 2937 1404 quo
2970 1332 3288 1401 praedicitur
3343 1332 3400 1387 id

1820 1425 1965 1495 quod
2001 1435 2323 1481 eventurum
2378 1426 2486 1481 sit?
2518 1426 2652 1481 Nam
2680 1442 2802 1498 quae
2828 1427 2985 1492 ﬁunt,
3021 1441 3250 1497 prorsus
3281 1442 3402 1482 eve-

1820 1516 1995 1582 nient,
2024 1518 2139 1572 sive
2164 1518 2445 1581 sileamus,
2467 1520 2581 1574 sive
2609 1520 2935 1589 loquamur:
2960 1526 3015 1571 at
3052 1518 3229 1573 caedes
3258 1533 3400 1588 pra:-

1820 1606 2051 1664 dicentis
2082 1624 2243 1679 quam
2270 1608 2426 1664 affert
2458 1610 2925 1665 incommodorum
2958 1609 3403 1665 correctionem?

1825 1700 2024 1754 Deinde
2082 1710 2371 1756 accusatur
2407 1701 2626 1771 quidem
2678 1700 2840 1757 Jesus
2876 1700 3193 1756 Nazarenus
3222 1720 3236 1756 :
3271 1717 3402 1757 sen-

1824 1792 1989 1843 tentia
2010 1802 2213 1869 autem,
2230 1807 2337 1860 qua
2352 1806 2511 1862 pmna
2529 1800 2693 1861 atque
2714 1792 3040 1863 supplicium
3063 1793 3398 1858 decernitur,

1824 1883 2088 1940 adversus
2121 1882 2458 1954 Stephanum
2494 1885 2685 1941 fertur.
2720 1885 2887 1955 Atqui
2916 1885 2963 1941 si
2994 1885 3064 1949 is,
3098 1886 3191 1956 qui
3223 1886 3403 1940 delin-

1822 1976 1962 2046 quit,
2004 1977 2141 2030 iram
2169 1986 2352 2032 movet
2380 1986 2433 2033 et
2455 1978 2674 2032 crimini
2696 1978 2857 2032 datur
2896 1978 2998 2032 loci
3036 1985 3091 2032 et
3119 1977 3403 2031 instituto-

1824 2082 1944 2119 rum
1978 2068 2244 2135 mutatio;
2276 2075 2438 2139 atque
2463 2068 2579 2123 hinc
2592 2076 2879 2123 accusator
2908 2082 3019 2122 non
3042 2082 3074 2121 a
3100 2065 3398 2138 Stephano,

1823 2159 1917 2216 sed
1954 2160 2024 2215 ab
2063 2159 2194 2217 Jesu
2235 2160 2352 2217 ﬁeri
2402 2161 2536 2216 dicit
2567 2180 2580 2215 :
2609 2160 2872 2217 adversus
2898 2166 3215 2216 accusatum
3243 2173 3404 2230 pror-

1823 2266 1921 2307 sus
1949 2252 2282 2306 commoveri
2334 2250 2551 2320 iudices
2582 2251 2887 2323 oportebat.
2919 2255 2960 2304 0
3007 2252 3267 2320 injustam
3303 2266 3403 2305 au-

1823 2343 2086 2398 dientium
2103 2345 2447 2400 sententiam!
2473 2342 2762 2410 Quoniam,
2776 2345 2974 2414 inquit,
2990 2342 3153 2399 Jesus
3169 2343 3403 2398 mutabit

1826 2435 1991 2507 leges,
2015 2436 2286 2506 Iapidetur
2325 2434 2658 2506 Stephanus.
2688 2435 2977 2504 Quomodo
3005 2445 3189 2491 autem
3226 2436 3401 2505 legem

1822 2527 1982 2584 Jesus
2015 2526 2325 2599 abrogabit,
2354 2528 2447 2597 qui
2499 2529 2573 2581 ita
2605 2526 2834 2581 affectus
2882 2534 3002 2581 erat
3048 2540 3177 2595 erga
3205 2526 3399 2596 legem,

1822 2620 1917 2689 qui
1948 2618 2133 2673 omnia
2184 2620 2251 2672 ad
2294 2618 2769 2672 conﬁrmationem
2818 2618 3162 2687 antiquarum
3222 2616 3401 2687 legum

1822 2711 2078 2773 instituit,
2111 2710 2208 2780 qui
2270 2710 2409 2764 dixit
2441 2708 2603 2763 :Non
2648 2710 2763 2762 veni
2797 2708 3158 2760 dissoluturus
3215 2707 3400 2775 legem,

1823 2801 1913 2855 sed
1930 2799 2239 2871 impleturus
2266 2801 2336 2853 "?
2348 2798 2440 2870 qui
2458 2799 2628 2870 legem
2645 2797 2711 2852 de
2735 2813 2843 2851 non
2874 2795 3274 2859 interﬁciendo,
3307 2810 3403 2865 per

1827 2891 1949 2954 hoc,
1989 2891 2134 2961 quod
2174 2904 2276 2945 nec
2327 2903 2557 2959 prorsus
2607 2886 2827 2958 quidem
2871 2887 3034 2940 irasci
3072 2899 3401 2954 quemquam

1824 2980 2019 3046 voluit,
2078 2978 2366 3048 discipulis
2401 2976 2739 3032 conﬁrmavit
2766 2976 2789 3029 ?
2815 2976 2907 3045 qui
2937 2974 3263 3028 adulterium
3292 2989 3401 3028 una

134 3067 464 3139 ὀργισθῆναι
495 3069 605 3130 τοῖς
633 3066 899 3137 μαθηταῖς
931 3065 1258 3137 βεϐαιώσας,
1304 3070 1332 3122 6
1362 3073 1427 3141 τῇ
1459 3072 1719 3144 ἐπιθυμίᾳ

1824 3086 1946 3124 cum
1977 3069 2204 3124 libidine
2247 3076 2408 3140 atque
2441 3066 2890 3137 concupiscentia
2941 3066 3143 3136 ejecit?
3181 3065 3272 3136 qui
3303 3080 3403 3136 per

138 3157 490 3215 σηνεκϐαλῶν
544 3158 643 3229 τὴν
680 3158 948 3228 μοιχείαν,
995 3159 1024 3210 6
1060 3158 1146 3212 διὰ
1183 3160 1276 3213 τοῦ
1307 3161 1381 3231 μὴ
1410 3161 1718 3231 ἀμύνασθαι

135 3252 227 3303 τὸν
254 3251 706 3321 προλελυπηκότα
731 3252 1006 3317 κελεῦσαι,
1041 3253 1102 3306 τὸ
1133 3254 1267 3325 μηδέ
1297 3255 1486 3327 ἄρχειν
1522 3258 1721 3329 χειρῶν

134 3344 341 3396 ἀδίκων
364 3342 752 3413 νομοθετήσας,
781 3345 810 3396 6
834 3343 923 3397 διὰ
947 3345 1045 3415 τῆς
1075 3346 1184 3398 τῶν
1213 3347 1527 3417 προσόντων
1562 3368 1723 3421 μετα·

133 3435 338 3498 δόσεως
365 3434 428 3486 τὸ
460 3434 600 3487 κατά
632 3433 942 3500 πλεονεξίαν
972 3435 1142 3501 πάθος
1178 3438 1546 3510 ύπερορίσας;

207 3526 337 3589 Πῶς
361 3522 455 3580 οὖν
478 3525 600 3579 οὔτε
629 3527 1006 3598 ἐμνημονεύθη
1038 3527 1231 3595 ταῦτα,
1270 3528 1393 3583 οὔτε
1428 3533 1722 3604 συνεξητά-

137 3614 244 3685 σθη
276 3617 345 3686 τῇ
380 3615 597 3686 κρίσει;
662 3616 990 3687 Ἐϐουλόμην
1033 3617 1127 3670 νῦν
1173 3620 1424 3690 παρεῖναί
1471 3639 1561 3692 μοι
1612 3623 1722 3676 τῶν

137 3708 454 3778 μιαιφόνων
499 3708 723 3761 ἐκείνων
755 3708 1023 3762 δικαστῶν
1049 3709 1110 3762 τὸ
1147 3710 1440 3782 συνέδριον,
1490 3715 1586 3767 καὶ
1618 3732 1720 3786 μα-

137 3799 252 3851 θεῖν
282 3798 418 3870 περὶ
453 3798 560 3851 τῶν
601 3799 781 3852 τόπων
818 3799 959 3870 ὑπὲρ
992 3793 1067 3853 ὧν
1093 3800 1515 3871 χαλεπαίνουσι,
1562 3807 1666 3861 πού
1692 3809 1721 3861 6

133 3890 406 3962 διώνυμος
427 3890 631 3949 ἐκεῖνος
650 3890 795 3955 ναὸς,
824 3891 926 3944 πού
948 3890 1018 3944 τὰ
1043 3893 1413 3964 ἀπιστούμενα
1431 3896 1540 3949 τῶν
1560 3898 1721 3953 λίθων

137 3981 375 4052 μεγέθη,
406 3980 511 4059 πού
537 3981 596 4034 τὸ
627 3980 849 4051 χρυσίον
885 3981 1061 4034 ἐκεῖνο
1087 3982 1148 4062 τῤ
1181 3984 1247 4053 τῇ
1278 3982 1437 4056 λοιπῇ
1468 3985 1568 4058 ὕλῃ
1593 3988 1722 4059 περὶ

134 4076 228 4128 τὸν
271 4074 402 4127 ναὸν
449 4072 647 4144 μικροῦ
691 4072 800 4125 δεῖν
854 4073 1189 4139 ἰσοστάσιον,
1240 4074 1343 4127 ποῦ
1388 4077 1447 4128 αί
1502 4078 1723 4149 νόμιμοι

138 4165 470 4238 ἱερουργίαι,
494 4167 522 4218 6
558 4164 729 4235 κριὸς,
764 4168 792 4218 6
821 4165 1038 4235 μόσχος.
1071 4167 1099 4218 ὁ
1120 4166 1311 4236 dli-V59
1346 4170 1378 4239 ἡ
1408 4168 1656 4240 δάμαλις,
1683 4174 1718 4242 ἡ

138 4257 462 4328 περιστερὰ,
501 4258 534 4327 ή
580 4256 814 4328 τρυγὼν,
851 4257 879 4309 6
920 4257 1308 4327 ἀποπομπαῖος
1340 4259 1612 4331 χίμαρος;
1658 4264 1720 4316 Εἰ

134 4350 223 4402 διὰ
251 4348 415 4401 τοῦτο
440 4348 665 4401 θάνατον
694 4346 788 4400 τοῦ
820 4346 1092 4416 Στεφάνου
1120 4348 1604 4419 καταψηφίξονται,
1633 4352 1720 4404 ἵνα

1824 3161 1899 3227 id,
1931 3161 2077 3232 quod
2112 3161 2307 3228 noluit,
2348 3166 2407 3215 ut
2433 3160 2722 3230 quisquam
2747 3158 3044 3213 ulciscatur
3069 3172 3263 3221 eum,a
3289 3172 3403 3227 quo

1822 3264 1949 3310 ante
1984 3255 2145 3310 laesus
2178 3263 2345 3318 esset,
2408 3268 2477 3307 ne
2526 3250 2906 3308 lacessendum
2940 3251 3154 3320 quidem
3193 3250 3397 3322 injuria

1822 3362 2150 3418 quemquam
2189 3359 2314 3401 esse
2339 3344 2564 3401 sanxit?
2600 3343 2692 3413 qui
2724 3358 2819 3413 per
2845 3343 3399 3398 c0mmuni3ationem

1820 3440 2168 3507 facultatum,
2192 3436 2435 3493 avaritia:
2456 3437 2647 3491 vitium
2679 3436 3099 3492 exterminavit?

1892 3533 1997 3599 Qui
2022 3531 2081 3586 ﬁt
2109 3531 2297 3602 igitur,
2321 3538 2382 3584 ut
2410 3529 2527 3585 haec
2542 3542 2720 3599 neque
2737 3535 3190 3591 commemorata,
3223 3543 3402 3599 neque

1823 3623 1879 3678 in
1927 3621 2309 3694 cognoscendo
2354 3620 2521 3676 simul
2553 3635 2676 3691 quae
2718 3620 2825 3676 sita
2881 3629 3045 3691 atque
3091 3620 3399 3681 examinata

1820 3714 1966 3769 sint?
1992 3712 2196 3769 Vellem
2232 3728 2381 3767 nunc
2411 3711 2606 3767 adesse
2641 3711 2771 3765 mihi
2822 3711 3306 3782 sanguinariorum
3339 3711 3400 3766 il-

1820 3806 2000 3861 lorum
2046 3806 2292 3876 judicum
2338 3804 2663 3867 consilium,
2715 3817 2781 3856 ac
2829 3803 2897 3858 de
2946 3804 3123 3867 locis.
3164 3819 3398 3873 Quorum

1820 3899 2045 3952 nomine
2070 3897 2301 3951 saeviunt
2329 3893 2550 3957 infensi,
2576 3892 2871 3955 sciscitari,
2904 3893 2996 3947 ubi
3024 3894 3237 3949 celebre
3262 3894 3397 3948 illud

1820 3987 2085 4058 templum
2114 4026 2130 4050 ,
2164 3985 2254 4040 ubi
2288 3984 2635 4040 incredibiles
2687 3983 2925 4053 lapidum
2956 3986 3390 4055 magnitudines,

1823 4081 1914 4135 ubi
1949 4095 2145 4133 aurum
2190 4076 2325 4132 illud
2350 4116 2366 4141 ,
2389 4076 2539 4144 quod
2588 4076 2855 4145 reliquam
2887 4077 3070 4146 templi
3110 4078 3395 4132 materiam

1820 4169 1996 4239 pretio
2026 4166 2418 4238 propemodum
2468 4164 2763 4235 aequabat,
2808 4164 2901 4219 ubi
2937 4165 3179 4237 legitima
3215 4169 3393 4222 sacri-

1822 4258 1967 4323 ﬁcia,
2003 4257 2168 4317 aries,
2199 4257 2425 4319 vitulus,
2465 4270 2660 4327 agnus,
2686 4254 2940 4324 iuvenca,
2975 4256 3251 4323 columba,
3278 4267 3396 4311 tur-

1824 4360 1934 4415 tur,
1982 4348 2292 4403 avertendis
2325 4347 2482 4403 malis
2513 4346 2817 4401 sacriﬁcari
2852 4347 3049 4403 solitus
3097 4349 3305 4419 caper?
3334 4347 3393 4404 Si

141 4442 308 4512 μηδὲν
339 4440 446 4493 τῶν
473 4438 810 4511 σκυθρωπῶν
844 4439 1067 4492 ἐκείνων
1093 4440 1174 4502 είς
1208 4439 1380 4511 πέρας
1412 4440 1575 4507 ἔλθοι,
1607 4443 1716 4497 δει-

1822 4441 2017 4495 ἰόοὶιοε
2056 4437 2395 4508 Stephanum
2427 4432 2625 4509 capitis
2650 4436 3039 4502 condemnant,
3076 4446 3135 4492 ut
3161 4454 3230 4493 ne
3256 4441 3393 4510 quid

138 4532 391 4595 ξάτωσαν
418 4530 516 4583 ὅσα
544 4528 630 4582 διὰ
654 4531 755 4599 τῆς
781 4530 1093 4599 μιαιφονίας
1135 4530 1346 4593 ἑαυτοῖς
1377 4530 1717 4588 διεσώσαντο.

136 4623 200 4674 Εἰ
225 4621 285 4674 δὲ
316 4621 470 4674 οὐδὲν
497 4620 703 4674 τούτων
723 4621 888 4684 ἐστὶν,
921 4621 1059 4692 ὑπὲρ
1089 4616 1155 4681 06
1181 4621 1278 4693 τὴν
1300 4623 1476 4693 ψῆφον
1504 4624 1722 4697 ἐκείνην

137 4713 470 4782 ἐξήνεγκεν·
519 4710 640 4764 ἀντὶ
687 4710 829 4773 τίνος
878 4712 907 4762 6
959 4710 1154 4778 φόνοςς
1210 4712 1541 4765 εἰπάτωσαν.
1582 4714 1721 4768 Ἀλλ’

136 4804 341 4872 ἴδωμεν
388 4804 447 4856 ἐν
485 4804 597 4866 τοῖς
624 4802 820 4871 ἐφεξῆς
846 4800 953 4854 τῶν
981 4801 1237 4870 ἀγώνων,
1285 4805 1432 4868 ὅπως
1457 4805 1720 4876 ἀμύνεται

134 4898 262 4959 τοὺς
299 4895 641 4965 μιαιφόνους,
671 4896 699 4947 6
724 4896 842 4957 ταῖς
872 4896 1057 4964 νιφάσι
1107 4895 1215 4949 τῶν
1246 4896 1407 4951 λίθων
1435 4916 1720 4970 καταχων-

132 4987 389 5058 νύμενος·
426 4985 583 5050 ποίας
611 4986 940 5057 ἀντιπέμπει
970 4987 1128 5059 βολὰς
1159 4990 1301 5043 κατά
1326 4990 1433 5042 τῶν
1454 4992 1720 5059 ἀφιέντων

130 5081 231 5144 τὰς
254 5081 367 5131 τῶν
396 5078 559 5133 λίθων
592 5078 822 5149 βολίδας.
859 5076 1197 5134 Μαθέτωσαν
1237 5081 1500 5133 Ἰουδαίων
1533 5082 1720 5147 παῖδες

131 5173 200 5223 τὰ
229 5171 343 5223 τῶν
374 5170 714 5241 Χριστιανῶν
741 5172 898 5237 ὅπλα,
947 5168 1028 5236 οἷς
1070 5173 1205 5244 πρὸς
1249 5174 1460 5244 ἄμυναν
1489 5175 1597 5227 τῶν
1628 5174 1719 5227 λυ-

130 5263 381 5315 πούντων
428 5264 769 5333 χρησάμενος
811 5265 839 5317 6
881 5264 1053 5335 μέγας
1096 5265 1383 5333 Στέφανος,
1427 5265 1589 5335 νόμον
1634 5266 1711 5337 τῷ

130 5354 233 5425 βίῳ
262 5354 328 5408 τὸ
360 5353 521 5424 ἔργον
565 5354 874 5426 πεποίηται.
924 5357 986 5410 Oi
1032 5356 1131 5426 μὲν
1164 5357 1270 5428 γὰρ
1321 5356 1573 5429 θηριώδει
1603 5360 1710 5413 τινὶ

130 5446 228 5499 καὶ
259 5447 462 5517 ἀπηνεῖ
491 5448 557 5517 τῇ
592 5446 764 5519 λύσσῃ
810 5447 993 5518 κύκλῳ
1020 5450 1374 5517 περιστάντες
1400 5449 1492 5504 τὸν
1533 5449 1706 5519 ἆγιον,

130 5539 268 5610 πρὸς
287 5538 386 5591 ἕνα
413 5537 612 5592 σκοπὸν
638 5540 686 5592 οἱ
714 5539 910 5604 πάντες
938 5538 1178 5605 ἔϐλεπον,
1209 5541 1314 5594 πᾶν
1343 5540 1402 5593 τὸ
1425 5540 1529 5594 ὑπὸ
1551 5543 1707 5613 χεῖρα

203 5726 247 5759 ι’
308 5724 505 5783 Matth.
550 5744 601 5795 ι’,
666 5730 753 5784 l7.

1820 4532 2061 4586 tristium
2093 4531 2310 4585 illarum
2342 4546 2525 4585 rerum
2555 4529 2795 4595 eveniat,
2828 4529 3397 4601 ostendantquaecun-

1816 4638 1923 4693 que
1962 4638 2058 4693 per
2088 4621 2294 4676 caedem
2335 4622 2481 4675 illam
2526 4620 2797 4675 nefariam
2836 4621 2940 4675 sibi
2986 4623 3391 4677 conservarint.

1816 4714 1976 4781 Quod
2013 4715 2058 4770 si
2091 4714 2229 4769 nihil
2255 4716 2449 4768 horum
2483 4713 2756 4783 reliquum
2788 4723 2891 4780 est,
2917 4728 3151 4783 quorum
3174 4716 3394 4770 nomine

1818 4809 2149 4865 sententiam
2181 4808 2329 4861 illam
2369 4808 2610 4860 tulerunt
2641 4846 2656 4868 ,
2690 4806 2877 4860 dicant
2915 4807 3074 4877 cujus
3108 4806 3188 4862 rei
3216 4809 3391 4877 gratia

1817 4900 1996 4954 caedes
2037 4900 2106 4953 ab
2137 4898 2281 4967 ipsis,
2303 4905 2611 4968 perpetrata
2649 4898 2757 4951 sit?
2791 4896 2990 4952 Verum
3022 4898 3308 4954 videamus
3334 4900 3391 4953 in

1816 4992 2030 5063 reliquo
2070 4992 2406 5055 certamine,
2444 5006 2550 5060 qua
2582 4992 2794 5044 ratione
2844 4992 3224 5061 sanguinarios
3255 4992 3392 5046 ulci-

1817 5093 2006 5138 scatur
2038 5083 2107 5146 is,
2153 5082 2245 5151 qui
2280 5082 2443 5136 veluti
2494 5081 2768 5135 nivalibus
2800 5082 2987 5135 ﬁoccis
3020 5082 3230 5136 crebris
3260 5082 3392 5137 inci-

1816 5173 2099 5236 dentibus,
2137 5174 2211 5226 ita
2238 5171 2479 5243 lapidum
2508 5175 2667 5243 quasi
2687 5172 2969 5245 grandinis
3000 5173 3172 5227 imbre
3201 5173 3393 5229 obrue-

1815 5267 1998 5328 batur,
2028 5264 2230 5335 quibus
2253 5274 2444 5319 contra
2466 5265 2669 5335 jaculis
2693 5272 2840 5336 petat
2873 5279 2988 5326 eos,
3019 5264 3113 5333 qui
3146 5265 3387 5336 lapidum

1816 5358 1871 5411 in
1918 5372 2041 5412 eum
2093 5356 2195 5411 tela
2240 5356 2587 5419 emittebant.
2648 5357 2991 5429 Cognoscant
3027 5355 3199 5412 Judaei
3236 5373 3387 5412 arma

1815 5449 2271 5512 Christianorum,
2296 5448 2495 5519 quibus
2530 5450 2784 5519 injuriam
2820 5448 3131 5504 ulciscendo
3161 5465 3389 5523 magnus

1818 5539 2129 5611 Stephanus
2172 5557 2341 5609 usus,
2394 5542 2479 5597 sui
2539 5541 2665 5596 facti
2728 5540 2977 5611 exemplo
3035 5541 3205 5615 legem
3265 5543 3389 5598 vita:
