3842 6390
470 273 570 331 711

1762 269 1821 325 8.
1863 267 2186 324 GREGOBII
2217 265 2511 321 NYSSENI

3612 245 3722 316 7ιὶ

471 395 676 452 sanxit.
715 393 850 450 Nam
882 392 961 448 illi
983 389 1207 463 quidem
1244 392 1421 447 ferina
1455 391 1694 462 quadam
1729 405 1896 462 atque
1936 395 2041 446 im-

2150 390 2454 461 γενόμενον,
2487 392 2650 446 ὅπλον
2679 393 2820 446 κατά
2865 393 2959 447 τοῦ
3001 392 3272 460 Στεφάνου
3297 389 3606 458 ποιούμενοι
3634 406 3649 420 ο
3691 391 3725 443 δ

471 488 622 542 mani
677 487 831 542 rabie
878 485 1122 553 undique
1173 493 1426 540 sanctum
1485 484 1929 548 circumstantes,
1983 484 2040 538 in

472 595 643 634 unum
675 577 828 631 illum
854 587 1113 647 tanquam
1142 590 1370 645 scopum
1400 590 1594 630 omnes
1625 575 1819 631 intenti
1845 582 2004 630 erant
2023 614 2039 640 ,

469 669 739 739 quidquid
785 669 851 723 ad
900 682 1123 722 manum
1161 677 1344 733 esset,
1385 682 1452 723 eo
1492 668 1613 723 vice
1641 667 1734 722 teli
1776 667 2042 722 adversus

474 758 810 829 Stephanum
854 767 1074 814 utentes
1120 775 1134 812 :
1186 757 1277 812 hic
1326 772 1460 813 vero
1494 765 1753 827 tanquam
1783 755 2041 811 sacerdos

471 852 692 922 quidem
716 890 732 916 ,
761 851 919 921 juxta
967 851 1138 921 legem
1173 849 1512 922 spiritttalem
1538 887 1554 911 ,
1586 861 1778 918 puram
1807 847 2041 902 hostiam

440 935 447 994 ἱ
473 943 782 1008 itnmolans,
814 957 922 998 non
950 942 1210 1005 alienum,
1242 942 1335 996 sed
1367 954 1526 995 suum
1559 939 1825 994 altaribus
1852 939 2043 993 admo-

472 1052 608 1092 vens
633 1051 858 1106 corpus,
883 1042 939 1091 et
969 1035 1089 1090 loco
1111 1033 1391 1090 libaminis
1413 1032 1734 1102 sanguinem
1755 1045 2041 1102 spargens,

476 1144 573 1198 per
610 1143 733 1185 sese
770 1127 972 1193 Deum,
1001 1141 1162 1198 quem
1199 1126 1253 1180 in
1299 1123 1619 1180 caelestibus
1645 1121 1824 1190 adytis
1853 1135 2044 1177 cerne-

475 1221 590 1285 bat,
624 1218 1072 1290 delinquentibus
1116 1217 1409 1287 placabat,
1458 1214 1729 1272 beneﬁcio
1773 1213 2044 1270 nefariam

473 1311 676 1368 caedem
717 1327 907 1368 eorum
943 1323 1347 1380 compensans,
1396 1308 1643 1364 clamans
1691 1307 2045 1362 audientibus

477 1405 786 1469 homicidis,
801 1419 864 1459 ac
883 1404 1105 1459 dicens:
1130 1401 1376 1468 Domine,
1399 1417 1460 1456 ne
1482 1402 1704 1468 imputes
1730 1401 1806 1454 eis
1823 1399 1919 1454 hoc
1935 1416 2050 1469 pec-

476 1507 654 1550 catum
679 1496 741 1550 ¹³.
770 1497 948 1565 Atque
971 1494 1062 1550 hic
1091 1493 1316 1564 quidem
1356 1491 1610 1547 oratione
1636 1498 1921 1562 peccatum
1951 1505 2046 1546 eo-

478 1605 621 1652 rum,
648 1587 793 1658 quod
810 1585 1092 1642 sceleratis
1121 1585 1373 1640 manibus
1389 1587 1508 1641 suis
1531 1584 1871 1657 sanguinarli
1888 1584 2046 1655 quasi

474 1679 799 1748 exarabant,
813 1679 1050 1742 delebat;
1075 1677 1151 1732 illi
1177 1691 1307 1732 vero
1321 1676 1484 1732 etiam
1510 1677 1575 1731 ad
1602 1677 1900 1731 orationem
1917 1691 2044 1731 exa-

2139 483 2220 550 δὲ,
2256 486 2506 558 καθάπερ
2536 505 2620 550 τις
2651 488 2850 558 ἱερεὺς,
2876 486 3018 540 κατά
3047 485 3140 541 τὸν
3167 483 3534 557 πνευματικὸν
3555 482 3724 553 νόμον

2141 577 2312 649 εὐαγῆ
2356 576 2548 630 θυσίαν
2598 577 2928 649 ίερουργῶν,
2978 576 3082 630 οὐκ
3125 574 3424 644 ἀλλότριον,
3472 571 3614 626 ἀλλά
3661 570 3724 626 τὸ

2142 669 2272 722 ἴδιον
2302 670 2593 740 προσάγων
2640 668 2832 740 σῶμα,
2860 668 2956 722 καὶ
2984 667 3105 722 ἀντὶ
3135 666 3235 736 τῆς
3266 665 3496 734 σπονδῆς
3538 664 3722 735 ἀπορο

2146 761 2342 832 ῥαίνων
2368 760 2463 814 τοῦ
2496 761 2748 831 αἵματος,
2783 760 2852 814 δι’
2887 759 3080 813 ἑαυτοῦ
3106 758 3198 812 τὸν
3243 757 3396 821 Θεὸν,
3426 757 3485 809 δν
3518 757 3581 809 ὲν
3608 757 3725 817 τοῖς

2141 852 2412 924 οὐρανίοις
2443 851 2654 917 ἀδύτοις
2683 852 2931 916 ἔϐλεπεν,
2957 851 3096 922 ὑπὲρ
3124 849 3236 904 τῶν
3259 847 3725 920 πλημμελούντων

2143 943 2427 1011 ἐξιλεοῦτο.
2474 945 2774 1016 Εὐεργεσίᾳ
2804 943 2904 1016 τὴν
2943 943 3254 1015 μιαιφονίαν
3285 940 3463 996 αὐτῶν
3494 938 3723 1012 ἀμεισό-

2147 1054 2326 1106 μενος,
2354 1036 2491 1108 βοῶν
2511 1038 2569 1091 ὲν
2592 1039 2713 1101 ταῖς
2735 1036 2844 1090 τῶν
2865 1035 3136 1108 φονευτῶν
3161 1038 3373 1099 ἀκοαῖς.
3397 1034 3492 1090 καὶ
3513 1033 3689 1102 λέγων
3705 1051 3720 1064 ο

2144 1130 2338 1197 Κύριε,
2371 1129 2458 1198 μὴ
2499 1128 2738 1197 στήσῃς
2763 1128 2968 1194 αὐτοῖς
2993 1127 3108 1196 τὴν
3139 1127 3431 1197 ἁμαρτίαν
3472 1126 3718 1190 ταύτην.

2148 1221 2303 1274 Καὶὸ
2336 1222 2456 1292 μὲν,
2488 1221 2768 1292 ἐξήλειφεν
2793 1221 2980 1274 αὐτῶν
3009 1221 3077 1275 δι’
3105 1221 3269 1292 εὐχῆς
3297 1221 3396 1292 τὴν
3425 1218 3720 1289 ἁμαρτίαν,

2144 1315 2212 1384 ἢν
2243 1315 2363 1376 ταῖς
2402 1313 2734 1386 παρανόμοις
2766 1313 2946 1367 αὐτῶν
2977 1313 3166 1384 χερσὶν
3192 1314 3240 1364 at
3272 1312 3545 1382 μιαιφόνοι
3584 1311 3724 1380 ἐχει-

2148 1405 2453 1474 ρογράφουν
2476 1421 2490 1435 ⁶
2526 1407 2573 1459 οί
2603 1404 2659 1460 δὲ
2689 1407 2781 1458 καὶ
2807 1406 2943 1477 πρὸς
2985 1407 3085 1476 τὴν
3130 1403 3292 1474 εὐχὴν
3320 1402 3719 1475 παρωξύνοντο,

2146 1497 2241 1549 καὶ
2267 1497 2330 1549 οὐ
2353 1497 2614 1568 πρότερον
2647 1497 2867 1551 ἀνίεσαν
2901 1497 3202 1568 βάλλοντες,
3233 1496 3338 1559 ἕως
3374 1489 3435 1549 οὗ
3475 1497 3504 1548 ό
3547 1494 3724 1565 μέγας

2146 1586 2416 1656 Στέφανος
2465 1587 2715 1658 καθάπερ
2763 1587 2978 1641 ἄνθεσιν
3029 1585 3283 1652 ἁπαλοῖς,
3321 1587 3356 1658 ἢ
3396 1585 3576 1657 δρόσῳ
3618 1586 3726 1638 τινὶ

2147 1681 2325 1755 κούφῃ
2372 1681 2794 1752 περιῤῥεόμενος
2838 1683 2919 1743 είς
2960 1679 3050 1734 τὸν
3079 1679 3283 1750 γλυκὺν
3324 1680 3419 1733 καὶ
3451 1677 3726 1750 μακάριον

477 1771 843 1842 sperabantur
862 1788 876 1824 :
897 1784 960 1824 ac
977 1784 1086 1824 non
1105 1769 1257 1841 prius
1273 1784 1398 1825 eum
1416 1770 1678 1839 impetere
1695 1769 2041 1832 remiserunt,

2150 1751 2323 1826 ὕπνον
2343 1751 2552 1844 ἐκλίθη.
2591 1772 2727 1826 ’Δλλ’
2761 1771 2993 1842 ἔφθασεν
3020 1773 3054 1843 ἡ
3084 1771 3208 1844 νίκη
3236 1771 3362 1834 τοὺς
3390 1770 3608 1834 ἄθλους,
3632 1768 3725 1822 καὶ

476 1878 640 1934 quam
677 1875 910 1934 magnus
937 1861 1250 1932 Stephanus
1277 1861 1446 1916 veluti
1483 1860 1686 1916 teneris
1712 1858 1938 1915 lloribus
1961 1861 2046 1914 vel

477 1971 602 2010 rore
635 1953 872 2025 quodam
911 1953 1015 2009 levi
1049 1951 1423 2009 circumfusus
1458 1952 1512 2007 in
1546 1952 1763 2008 dulcem
1791 1953 1956 2008 simul
1982 1967 2047 2008 ac

477 2047 696 2101 beatum
738 2059 990 2102 somnum
1031 2044 1253 2101 delatus
1280 2055 1382 2101 est.
1431 2043 1632 2100 Verum
1671 2045 1905 2101 victoria
1928 2061 2048 2101 cer-

477 2146 656 2192 tamen
685 2137 968 2208 przevenit,
993 2143 1045 2192 et
1068 2146 1198 2192 ante
1220 2145 1501 2192 certamen
1553 2137 1816 2192 athletam
1842 2151 2048 2192 corona

473 2229 720 2284 victoria:
747 2229 1063 2284 decoratum
1097 2229 1368 2286 videmus.
1404 2233 1719 2300 Antequam
1751 2231 1899 2285 enim
1927 2244 2048 2284 cer-

476 2329 659 2376 tamen
688 2321 1138 2390 spectaverimus,
1163 2321 1230 2376 ad
1251 2321 1417 2378 tinem
1446 2323 1768 2378 certaminis
1799 2323 2050 2380 oratione

477 2413 722 2484 provecti
748 2429 960 2469 sumus.
996 2412 1297 2485 Oportebat
1331 2415 1502 2480 enim,
1538 2416 1759 2487 opinor,
1795 2417 2048 2472 oratione

477 2521 586 2562 non
616 2508 895 2582 praeterire
925 2521 1010 2566 ea,
1047 2522 1143 2576 per
1164 2521 1288 2578 quae
1313 2508 1552 2563 maxime
1587 2510 1847 2580 martyris
1873 2510 2050 2566 virtus

475 2599 889 2662 ostendebatur,
930 2599 1113 2668 qualis
1141 2597 1212 2653 ad
1243 2598 1448 2654 caedem
1483 2615 1880 2671 propensorum
1912 2617 2048 2656 con-

477 2705 688 2752 sessus.
720 2698 775 2746 et
805 2691 1084 2762 quomodo
1116 2689 1378 2747 omnibus
1411 2705 1481 2747 ex
1513 2705 1673 2762 aequo
1715 2693 1933 2747 animus
1979 2692 2050 2747 ad

475 2783 677 2838 caedem
712 2781 1022 2838 concitatus
1046 2821 1062 2847 ,
1094 2790 1303 2854 quanta
1349 2783 1700 2856 congregatis
1729 2783 1798 2838 ad
1847 2785 2048 2839 malmn

475 2873 850 2946 conspiratio,
880 2874 1063 2944 qualis
1095 2875 1367 2946 cujusque
1395 2875 1646 2939 obtutus,
1680 2876 1860 2947 qualis
1893 2877 2049 2930 habi-

477 2975 566 3022 tus
590 3009 606 3033 ,
641 2967 822 3037 qualis
850 2966 1098 3022 dentium
1129 2977 1312 3024 motus
1343 2977 1396 3024 et
1430 2968 1658 3024 allectus
1685 2979 1868 3032 esset,
1905 2971 2050 3025 sicut

475 3058 661 3113 divina
724 3056 1009 3128 Scriptura
1065 3057 1366 3127 signiﬁcat,
1428 3058 1576 3128 quod
1632 3058 2049 3115 dissecarentur

477 3149 736 3206 cordibus
752 3150 889 3212 suis,
912 3157 966 3204 et
991 3149 1304 3204 frenderent
1319 3149 1578 3206 dentibus
1597 3150 1715 3206 suis
1736 3149 1792 3205 in
1815 3165 1940 3206 eum
1960 3150 2002 3181 “
2028 3167 2042 3204 :

477 3243 573 3311 qui
603 3243 656 3296 iu
679 3241 859 3296 medio
875 3249 955 3295 tot
979 3255 1045 3296 ac
1072 3242 1264 3295 talium
1289 3250 1465 3306 stans,
1496 3247 1799 3310 contraque
1827 3255 2047 3296 omnem

479 3337 588 3388 vim
615 3333 984 3388 adversariam
1009 3375 1023 3398 ,
1059 3347 1183 3404 quae
1212 3348 1241 3386 a
1271 3331 1640 3403 sanguinariis
1692 3332 1803 3386 illis
1855 3330 2048 3403 reprac-

479 3425 818 3486 sentabatur,
868 3436 992 3478 sese
1042 3433 1237 3476 contra
1275 3422 1665 3483 exsuscitans,
1720 3435 1818 3490 per
1860 3422 2046 3475 omnia

481 3514 858 3585 magnitudine
898 3514 1069 3569 animi
1122 3525 1284 3584 atque
1325 3513 1526 3570 indolis
1566 3513 1884 3578 excellebat,
1947 3514 2047 3568 ira:

481 3607 702 3677 quidem
732 3607 1008 3660 lenitatem
1031 3622 1045 3658 :
1067 3605 1232 3660 minis
1255 3620 1405 3671 vero,
1425 3605 1869 3678 dcspicicntiam;
1899 3621 2048 3661 mor-

482 3697 556 3752 tis
606 3697 825 3759 terrori,
859 3699 982 3752 vita:
1019 3705 1428 3767 contemptum;
1469 3699 1615 3764 odio,
1651 3697 2046 3767 dilectionem;

479 3788 878 3844 malevolentiae
896 3831 913 3853 ,
948 3789 1419 3856 benevolentiam;
1447 3791 1768 3858 calumniae,
1804 3793 2051 3850 veritatis

481 3880 922 3949 praedicationem
982 3894 1286 3950 opponens.
1339 3878 1457 3935 Non
1506 3881 1653 3937 enim
1709 3897 1822 3938 uno
1888 3884 2050 3939 modo

482 3973 662 4028 victor
689 3972 1107 4042 declarabatur,
1143 3971 1240 4027 sed
1274 3971 1542 4028 adversus
1571 3988 1790 4029 omnem
1830 3976 2050 4031 malitiae

477 4062 720 4134 speciem
747 4101 762 4126 ,
798 4077 923 4132 quae
971 4072 1103 4117 tunc
1151 4062 1222 4116 ab
1261 4059 1468 4118 Iudaeis
1525 4067 2049 4134 repraesentabatur,

481 4169 605 4211 sese
638 4170 734 4225 per
767 4157 946 4210 varias
980 4157 1208 4210 virtutes
1251 4154 1593 4210 distribuens
1636 4171 1763 4212 cum
1792 4159 2052 4215 omnibus

480 4260 534 4300 et
568 4247 814 4301 conﬂixit
855 4256 910 4303 et
951 4263 1142 4302 omnes
1176 4250 1471 4317 superavit.
1501 4247 1574 4304 lta
1609 4251 1774 4306 audio
1814 4252 1867 4306 in
1895 4268 2051 4322 gym-

483 4339 624 4394 nicis
654 4355 875 4409 quoque
893 4339 1291 4396 certaminibus
1307 4356 1424 4406 eos,
1447 4343 1541 4412 qui
1580 4343 1790 4400 viribus
1823 4353 2052 4401 caeteros

2145 1866 2253 1937 πρὸ
2281 1865 2388 1918 τῶν
2417 1863 2642 1933 ἀγώνων
2680 1863 2896 1936 ὁρῶμεν
2922 1864 3013 1917 τὸν
3052 1861 3396 1933 στεφανίτην.
3447 1863 3588 1932 Πρὶν
3615 1861 3726 1931 γὰρ

2146 1956 2420 2029 θεωρῆσαι
2452 1955 2552 2026 τὴν
2598 1956 2857 2023 ἀγωνίαν,
2909 1956 3045 2027 πρὸς
3085 1955 3146 2007 τὸ
3191 1953 3364 2028 πέρας
3409 1952 3519 2006 τῶν
3545 1951 3726 2006 ἄθλων

2147 2047 2253 2102 ὐπὸ
2293 2046 2386 2101 τοῦ
2428 2047 2586 2114 λόγου
2637 2045 3018 2118 παρήχθημεν.
3054 2047 3200 2100 Ἔδει
3259 2047 3391 2116 γὰρ,
3435 2037 3616 2116 οἴμαι,
3651 2041 3728 2113 μὴ

2147 2139 2529 2211 παραδραμεῖν
2578 2139 2759 2192 ὲκείνα
2789 2138 2866 2210 τῷ
2889 2139 3054 2208 λόγῳ,
3087 2139 3155 2191 δι’
3178 2131 3253 2194 ὧν
3286 2137 3519 2209 μάλιστα
3550 2139 3585 2206 ἡ
3629 2135 3727 2189 τοῦ

2150 2234 2422 2305 μάρτυρος
2465 2231 2633 2304 ἀρετὴ
2667 2231 2991 2285 διεδείκνυτο
3017 2248 3031 2261 ⁸
3072 2227 3182 2284 οἷον
3208 2227 3277 2302 ἦν
3304 2232 3362 2284 τὸ
3385 2230 3493 2283 τῶν
3517 2229 3728 2300 φονῶν-

2147 2344 2254 2379 των
2311 2326 2622 2398 συνέδριον,
2671 2326 2765 2378 καὶ
2806 2324 2922 2388 πῶς
2970 2325 3111 2379 κατὰ
3153 2325 3214 2378 τὸ
3245 2321 3360 2378 ἴσον
3397 2328 3548 2389 πᾶσι,
3589 2326 3730 2396 πρὸς

2147 2419 2239 2472 τὸν
2269 2421 2426 2488 φόνον
2453 2420 2482 2472 ό
2515 2417 2682 2489 θυμὸς
2708 2418 3028 2488 διεγήγερτο
3059 2433 3074 2448 ·
3121 2417 3219 2489 δτη
3268 2418 3403 2490 πρὸς
3443 2418 3506 2470 τὸ
3556 2418 3732 2471 κακὸν

2147 2504 2216 2580 ἦν
2252 2511 2365 2572 τοῖς
2394 2506 2828 2577 συνειλεγμένοις
2857 2509 2891 2578 ἡ
2926 2505 3197 2577 σύμπνοια
3218 2523 3232 2538 ·
3253 2501 3366 2560 οἷον
3401 2507 3635 2560 ἑκάστου
3670 2507 3733 2561 τὸ

2151 2597 2390 2670 βλέμμα,
2424 2590 2536 2650 οἷον
2580 2597 2642 2650 τὸ
2689 2595 2897 2668 σχῆμα,
2945 2589 3056 2650 οἷον
3085 2595 3147 2650 τὸ
3186 2597 3315 2668 περὶ
3353 2599 3481 2661 τοὺς
3509 2597 3733 2662 ὀδόντας

2149 2690 2348 2753 πάθος,
2402 2687 2580 2752 καθὼς
2628 2687 3107 2758 παρασημαίνεται
3143 2689 3176 2758 ὴ
3219 2687 3339 2741 θεία
3382 2687 3609 2758 Γραφῇ,
3647 2689 3733 2740 ὅτι

2148 2779 2452 2850 διεπρίοντο
2480 2781 2600 2841 ταῖς
2644 2776 2894 2848 καρδίαις
2941 2777 3140 2841 αὐτῶν,
3183 2779 3276 2831 καὶ
3326 2777 3554 2850 ἔϐρυχον
3602 2780 3733 2843 τούς

2149 2869 2364 2933 ὀδόντας
2391 2869 2479 2922 ἐπ’
2511 2869 2691 2924 αὐτόν.
2731 2868 2839 2922 Καὶ
2867 2870 2925 2922 ὲν
2959 2868 3106 2939 μέσῳ
3133 2868 3387 2923 τοιούτων
3416 2870 3510 2925 καὶ
3536 2870 3732 2923 τοσού-

2149 2981 2256 3018 των
2283 2963 2477 3027 ἑστὼς,
2524 2966 2616 3016 καὶ
2646 2962 2796 3036 πάσῃ
2833 2965 2898 3034 τῇ
2929 2962 3278 3034 ἀντικειμένῃ
3305 2961 3530 3032 δυνάμει
3579 2965 3649 3034 τῇ
3676 2965 3734 3016 ἐν

2150 3060 2262 3118 τοῖς
2293 3055 2594 3126 μιαιφόνοις
2630 3055 2994 3126 ἐνεργουμένη
3038 3054 3232 3109 ἑαυτὸν
3264 3053 3616 3126 ἀντεγείρων,
3647 3055 3736 3109 διὰ

2153 3149 2371 3202 πάντων
2416 3149 2684 3219 ὑπερέσχε
2733 3147 2811 3219 τῷ
2857 3149 3190 3219 μεγαλοφυεῖ
3219 3147 3310 3202 τοῦ
3356 3149 3731 3219 φρονήματος·

2153 3241 2440 3304 ἀντιτιθεὶς
2467 3240 2545 3312 τῷ
2587 3241 2685 3311 μὲν
2712 3239 2869 3311 θυμῷ
2911 3240 3008 3312 τὴν
3065 3240 3472 3311 μακροθυμίαν,
3519 3243 3649 3304 ταῖς
3679 3239 3736 3294 δὲ

2153 3332 2401 3396 ἀπειλαῖς
2428 3332 2526 3405 τὴν
2567 3332 2885 3403 ὑπεροψίαν,
2930 3332 3008 3402 τῷ
3045 3333 3102 3386 δὲ
3149 3332 3240 3386 τοῦ
3293 3332 3520 3387 θανάτου
3581 3334 3736 3402 φόδῳ

2152 3424 2252 3495 τὴν
2277 3424 2378 3494 τῆς
2406 3423 2550 3494 ζωῆς
2576 3425 2980 3496 καταφρόνησιν
3003 3464 3017 3489 ,
3065 3422 3142 3494 τῷ
3177 3423 3233 3476 δὲ
3293 3423 3436 3494 μίσει
3465 3423 3566 3495 τὴν
3595 3424 3737 3492 ἀγά-

2156 3534 2262 3587 πην
2286 3533 2300 3547 ·
2347 3519 2414 3588 τῇ
2445 3517 2756 3587 δυσμενείᾳ,
2785 3517 2885 3586 τὴν
2911 3516 3216 3586 εὐμένειανο
3257 3519 3324 3588 τῇ
3369 3517 3734 3587 συκοφαντίᾳ,

2154 3610 2251 3679 τὴν
2281 3609 2380 3679 τῆς
2405 3609 2661 3680 ἀληθείας
2689 3609 3012 3680 φανέρωσιν.
3048 3611 3120 3662 Οὐ
3160 3609 3268 3680 γὰρ
3287 3609 3351 3663 δι’
3380 3609 3499 3670 ἐνὸς
3520 3609 3734 3680 τρόπου

2155 3700 2378 3771 νικητὴς
2435 3701 2464 3752 ὁ
2508 3699 2608 3770 τῆς
2659 3699 2916 3773 ἀληθείας
2969 3700 3273 3770 ἀγωνιστὴς
3330 3699 3734 3753 ἀπεδείκνυτω

2154 3792 2289 3845 ἀλλά
2321 3791 2458 3863 πρὸς
2486 3795 2594 3848 πᾶν
2627 3791 2762 3854 εἶδος
2787 3792 2985 3856 κακίας
3020 3791 3121 3861 τῆς
3146 3791 3265 3844 τότε
3298 3791 3413 3852 τοῖς
3455 3789 3737 3855 Ἰουδαίοις

2155 3885 2550 3958 ἐνεργουμένης
2578 3885 2768 3939 ἑαυτὸν
2799 3883 2886 3939 διὰ
2921 3886 3019 3956 τῆς
3048 3883 3297 3953 ποικίλης
3324 3882 3523 3953 ἀρετῆς
3559 3901 3736 3937 καταο

2159 3983 2409 4052 μερίσας,
2449 3979 2542 4031 καὶ
2569 3980 2701 4032 πᾶσι
2719 3975 3070 4046 ξυνεπλάκη,
3097 3976 3190 4029 κού⁵
3215 3973 3592 4044 καθυπερέσχε
3625 3974 3736 4027 τῶν

2157 4069 2393 4128 πάντων.
2443 4071 2629 4135 Οὐτως
2657 4068 2839 4123 ἀκούω
2867 4070 2961 4122 καὶ
3002 4070 3060 4121 ὲν
3101 4068 3215 4130 τοῖς
3239 4069 3520 4138 γυμνικοῖς
3549 4066 3734 4130 ἀγῶσι

2156 4167 2279 4228 τοὺς
2322 4151 2773 4225 πλεονεκτοῦντας
2821 4160 2960 4214 κατά
3003 4161 3102 4231 τὴν
3151 4158 3396 4229 δύναμιν,
3443 4157 3582 4227 πρὸς
3611 4159 3734 4213 ὅλον

2158 4257 2414 4319 πολλάκις
2446 4254 2842 4325 ἀποδυομένους
2885 4252 2947 4307 τὸ
2983 4251 3245 4323 γυμνικὸν
3290 4251 3535 4314 στάδιον,
3589 4253 3736 4307 κατά

2159 4351 2376 4404 πάντων
2431 4346 2691 4420 φέρεσθαι
2751 4345 2860 4398 τῶν
2923 4343 3230 4398 ἀντιπάλων
3290 4344 3358 4396 τά
3415 4347 3732 4416 νικητήρια.

484 4428 836 4493 antecedunt,
875 4431 1138 4486 adversus
1167 4440 1342 4486 totum
1385 4449 1529 4504 sarpe
1561 4435 1802 4490 stadium
1833 4441 2047 4508 gymni-

2152 4439 2401 4503 Τοιοῦτος
2439 4441 2468 4492 ὁ
2513 4438 2608 4492 τοῦ
2659 4438 2871 4491 σταδίου
2913 4436 3022 4490 τῶν
3065 4435 3358 4508 μαρτύρων
3410 4435 3736 4508 καθηγησά-

485 4535 612 4575 cum
660 4535 781 4576 sese
819 4522 1104 4577 certamini
1136 4521 1429 4580 otl‘erentes
1471 4533 1526 4580 et
1557 4527 1908 4598 accingentes
1934 4571 1949 4596 ,
1983 4529 2051 4586 de

483 4613 743 4669 omnibus
772 4615 1015 4669 victoriae
1048 4616 1267 4685 praemia
1305 4625 1610 4688 reportare.
1646 4617 1796 4674 Talis
1847 4629 2053 4692 marty-

483 4717 606 4758 rum
658 4704 822 4758 stadii
875 4705 1130 4776 princeps
1178 4715 1300 4761 erat
1345 4724 1360 4760 :
1413 4708 1506 4774 qui
1556 4707 1820 4764 adversus
1861 4726 2053 4766 omnes

483 4796 784 4851 adversarii
826 4797 1014 4866 copias
1061 4813 1188 4851 cum
1247 4813 1308 4853 se
1355 4801 1728 4870 apposuisset,
1779 4801 2052 4858 adversus

451 4903 677 4959 omnes
724 4889 953 4943 victoria
1005 4889 1191 4944 clarus
1243 4889 1588 4962 designatur.
1664 4891 1798 4948 Nam
1856 4895 2049 4950 falsam

483 4979 805 5048 sapientiam
840 4994 935 5049 per
965 4979 1297 5045 Libertinos.
1335 4981 1700 5054 Cyrenenses,
1724 4992 1778 5040 et
1813 4987 2054 5042 Alexan-

483 5069 672 5124 drinos
710 5071 986 5142 sapientes
1017 5072 1280 5128 adversus
1303 5089 1362 5128 se
1389 5075 1706 5140 luctantem,
1734 5092 1829 5146 per
1864 5093 2049 5133 veram

485 5160 806 5228 sapientiam
853 5160 1085 5228 devicit;
1133 5171 1398 5218 terrorem
1427 5204 1442 5227 ,
1477 5180 1570 5234 per
1607 5165 1917 5224 libertatem
1967 5168 2051 5221 lo-

483 5248 684 5313 qucndi
707 5289 720 5312 ,
751 5257 805 5303 et
835 5251 1124 5321 ingenuam
1169 5253 1491 5325 increpandi
1520 5255 1772 5325 ﬁduciam
1797 5273 1811 5321 ;
1840 5257 2051 5323 minas,

484 5354 583 5408 per
619 5341 1069 5412 dcspicicntiam;
1109 5324 1373 5400 smvitiam
1399 5386 1415 5409 ,
1459 5324 2051 5418 per'beneﬁcentiam;

485 5432 865 5496 mendacium,
907 5450 1002 5505 per
1030 5439 1333 5492 veritatem.
1366 5438 1446 5493 Illi
1483 5439 1704 5507 quidem
1739 5440 1806 5494 ad
1851 5440 2054 5496 caulem

484 5525 846 5592 spectabant,
894 5539 948 5583 et
996 5531 1108 5598 jam
1153 5544 1350 5584 manus
1398 5531 1676 5600 lapidibus
1726 5535 2052 5602 armabant,

569 5734 611 5764 “
637 5735 757 5789 Αςι.
801 5752 896 5802 γιι,
934 5736 1021 5790 Ζ9.
1102 5737 1141 5768 ¹⁶
1186 5735 1319 5792 Ibid.
1366 5736 1452 5791 54.

2152 4549 2328 4604 μενος·
2367 4531 2425 4594 ὃς
2455 4533 2588 4601 πρὸς
2613 4529 2794 4582 πᾶσαν
2818 4526 2911 4580 τοῦ
2953 4526 3329 4597 ἀντικειμένου
3371 4527 3470 4596 τὴν
3498 4524 3735 4597 δύναμιν

2149 4622 2338 4678 ἑαυτὸν
2366 4621 2673 4686 ἀντιτάξας,
2701 4618 2949 4690 λαμπρὸς
2980 4620 3045 4688 τῇ
3087 4617 3226 4670 κατὰ
3260 4617 3477 4670 πάντων
3516 4617 3737 4670 ἀναδείο

2151 4731 2341 4768 κνυται
2390 4713 2534 4784 νίκη.
2579 4711 2692 4780 Τὴν
2728 4712 2835 4782 γὰρ
2867 4709 3216 4780 ψευδώνυμον
3266 4708 3479 4775 σοφίαν,
3510 4706 3614 4777 τὴν
3648 4708 3736 4760 διὰ

2154 4802 2485 4874 Λιϐερτίνων
2508 4802 2600 4855 καὶ
2624 4799 2946 4872 Κυρηναίων
2971 4799 3063 4852 καὶ
3087 4799 3195 4850 τῶν
3219 4797 3324 4850 ἀπὸ
3349 4797 3448 4866 τῆς
3487 4796 3736 4863 Ἀλεξάν-

2156 4893 2281 4966 δρου
2331 4893 2535 4956 πόλεως
2582 4892 2758 4960 σοφῶν
2797 4889 2944 4961 αὐτῷ
2975 4888 3467 4962 προσπαλαίουσαν,
3500 4888 3591 4942 διὰ
3635 4891 3735 4959 τῆς

2157 4983 2385 5054 ἀληθοῦς
2449 4982 2638 5052 σοφίας
2708 4980 3154 5051 κατηγωνίσατοο
3221 4980 3312 5033 τὸν
3376 4979 3578 5048 φόϐον.
3649 4981 3735 5032 διὰ

2158 5077 2257 5146 τῆς
2323 5076 2631 5148 παρρησίας
2664 5091 2677 5105 ·
2748 5074 2842 5144 τὴν
2904 5071 3168 5143 ἀπειλὴν,
3230 5071 3320 5124 διὰ
3378 5071 3475 5142 τῆς
3529 5073 3734 5142 ὑπερο-

2159 5167 2324 5235 ψίας·
2393 5171 2489 5240 τὴν
2551 5168 2810 5238 πικρίαν.
2873 5165 2960 5218 διά
3020 5165 3118 5234 τῆς
3165 5165 3440 5228 εὐποιίας·

2151 5260 2274 5323 δος,
2323 5260 2410 5312 διὰ
2455 5260 2552 5330 τῆς
2611 5258 2885 5328 ἀληθείας.
2955 5259 3018 5308 Oi
3083 5257 3178 5326 μὲν
3235 5256 3370 5327 πρὸς
3436 5256 3525 5308 τὸν
3573 5257 3734 5324 φόνον

2153 5352 2406 5415 ἔϐλεπον,
2464 5354 2557 5405 καὶ
2624 5351 2724 5422 ἤδη
2770 5350 2864 5414 τάς
2920 5351 3106 5421 χεῖρας
3145 5353 3258 5412 τοῖς
3295 5349 3458 5411 λίθοις
3503 5347 3732 5412 ἐξώπλι-

2157 5444 2289 5508 ζον,
2349 5445 2440 5498 καὶ
2494 5442 2571 5514 τῷ
2637 5442 2906 5514 βλέμματι
2953 5441 3047 5495 καὶ
3092 5441 3172 5512 τῷ
3228 5441 3462 5512 ἄσθματι
3513 5440 3608 5494 καὶ
3664 5444 3729 5510 τῇ

2155 5536 2263 5590 τῶν
2325 5536 2550 5590 ὀδόντων
2621 5533 2937 5605 συμπτώσει
2990 5535 3090 5605 τὴν
3144 5533 3367 5605 πικρίαν
3431 5533 3732 5602 ἐπισημαί-

3489 5165 3548 5217 τὸ
3597 5165 3732 5234 ψεῦ-
