3842 6432
133 337 230 391 715

1398 368 1402 372 -
1428 329 1494 386 IN
1532 331 1592 386 S.
1636 322 2077 386 STEPHANUM.

3273 325 3374 380 ’ΖΗ

132 467 310 514 νοντες
334 467 350 482 ο
405 451 525 505 ὀδὲ
564 449 652 514 ὡς’
687 448 947 516 ἀδελφοὺς
995 447 1163 520 ἑώρα,
1201 449 1298 501 καὶ
1341 448 1433 510 ὡς’
1464 445 1704 520 πατέρας

1822 446 1998 500 )btutu
2021 486 2038 511 ,
2073 439 2462 509 anhelatione,
2495 441 2739 498 dentium
2783 440 3072 496 collisione
3111 441 3374 495 saevitiam

133 543 430 611 ἠσπάζετο.

129 721 455 796 μᾏνδρες
511 718 644 792 γὰρ,
701 734 902 788 φησιν,
958 717 1208 785 ἀδελφοί
1259 717 1358 770 καί
1419 715 1706 783 πατέρες,

129 809 436 865 ἀκούσατέ
473 827 612 879 μου.
662 811 726 863 Oi
769 810 868 880 μὲν
907 809 1006 881 τὴν
1066 806 1427 876 συκοφαντίαν
1466 805 1710 869 πιθανῶς

133 902 491 956 συνέπλεκονο
526 901 606 972 τῷ
643 901 701 956 δὲ
739 902 799 955 τὸ
823 901 929 955 τῶν
965 899 1249 969 φονώντων
1276 898 1574 970 συνέδριον,
1611 897 1712 968 τῆς

133 993 390 1060 ἀληθείας
427 993 842 1064 φροντιστήριον
867 987 954 1062 ἦν.
989 992 1104 1044 Οὐκ
1138 989 1412 1044 ἀπέκοπτε
1441 989 1592 1058 φόὸῳ
1621 989 1711 1042 τὸν

134 1085 310 1154 λόγον,
355 1085 478 1139 οὐδὲ
521 1085 758 1156 πάρετος
802 1083 939 1154 πρὸς
965 1083 1063 1153 τὴν
1087 1083 1276 1137 ἐλπίδα
1307 1081 1415 1136 τῶν
1454 1081 1712 1136 κινδύνων

129 1175 367 1243 ἐγίνετο,
419 1173 540 1228 οὐδὲ
571 1173 707 1244 πρὸς
729 1173 820 1226 τὸν
849 1172 1074 1225 θάνατον
1102 1169 1357 1222 ἔϐλεπεν⁸
1389 1168 1503 1222 ἀλλ’
1537 1168 1629 1221 ἐπὶ
1653 1167 1714 1220 τὸ

135 1267 264 1335 ὕψος
301 1267 402 1337 τὴν
434 1266 614 1336 ψυχὴν
645 1264 806 1336 ἔχων,
839 1263 934 1317 καὶ
973 1263 1040 1316 τὰ
1069 1263 1126 1314 ὲν
1165 1263 1293 1315 ποσὶ
1347 1259 1523 1313 πάντα
1551 1276 1708 1329 περι-

133 1359 302 1429 ορῶν,
331 1358 411 1421 ὡς
439 1358 628 1412 παιδία
655 1358 833 1427 μάτην
852 1354 1208 1427 ἀφραίνοντα,
1242 1350 1610 1421 ἐπαιδαγώγει
1633 1349 1713 1421 τῷ

128 1449 300 1520 λόγῳ,
347 1451 459 1512 τοῖς
512 1449 643 1520 παρ’
691 1447 868 1502 αὐτῶν
914 1446 1139 1499 ἐκείνων
1177 1441 1582 1514 πιστευομένοις
1633 1445 1714 1506 είς

133 1542 411 1607 ἀπόδειξιν
449 1539 556 1594 τοῦ·
588 1537 962 1607 πεπλανῆσθαι
990 1537 1186 1598 αὐτοὺς
1214 1534 1342 1606 περὶ
1369 1535 1476 1587 τῶν
1510 1532 1713 1605 δογμά·

130 1643 241 1686 των
275 1628 684 1702 συγχρώμενος.
726 1627 977 1698 Ἀϐραὰμ
1009 1627 1087 1697 τῷ
1121 1627 1262 1696 λόγῳ
1289 1625 1594 1696 παράγεται
1618 1625 1715 1691 ,καὶ

133 1726 166 1794 ὴ
201 1724 326 1777 κατ’
366 1721 528 1777 αὐτὸν
572 1721 782 1791 ἱστορία
809 1721 957 1774 πᾶσα
985 1719 1050 1772 δι’
1077 1719 1272 1787 ὀλίγων
1298 1718 1389 1772 ὑπ’
1423 1717 1545 1787 ὄψιν
1584 1717 1714 1784 ἄγε-

134 1787 258 1868 ταιο
295 1809 414 1867 εἶτα
447 1813 613 1884 ἡτῶν
655 1787 849 1882 έξρεξῆς
880 1811 1052 1880 ἁγίων
1077 1811 1316 1882 διαδοχή.
1343 1811 1582 1879 Μωῦσῆς
1623 1810 1716 1862 ἐπὶ
1748 1787 1788 1842 Β

131 1906 348 1968 τούτοις
390 1904 737 1974 τικτόμενος,
777 1903 1247 1974 ἀνατρεφόμενος,
1309 1901 1714 1972 παιδευόμενος,

133 1997 231 2048 ἐπὶ
257 1994 354 2048 τοῦ
419 1994 580 2065 ὅρους
641 1993 1205 2065 μυσταγωγούμενος·
1280 1992 1554 2064 μαστίζων
1619 1991 1716 2060 τήν

133 2087 446 2154 Αἴγυπτον,
479 2085 566 2138 τὸν
605 2083 822 2156 Ἰσραὴλ
859 2084 1174 2150 διασώζων,
1210 2085 1273 2138 τὸ
1304 2084 1445 2138 κατά
1489 2083 1577 2136 τὸν
1611 2082 1716 2136 Κύ-

128 2193 250 2245 ριον
274 2174 606 2246 προμηνύων
637 2176 952 2246 μυστήριον.
987 2177 1052 2228 Ὃ
1085 2174 1179 2228 καὶ
1213 2174 1445 2246 μάλιστα
1475 2174 1718 2240 συγκινεῖ

124 2269 192 2340 ,τὸ
233 2266 534 2336 συνέδριον,
587 2266 682 2320 καὶ
719 2266 1105 2342 ἀναθερμαίνει
1138 2266 1236 2337 τὴν
1285 2266 1460 2327 νόσον,
1509 2266 1590 2318 ὅτι
1623 2264 1717 2318 καὶ

133 2360 399 2428 Μωῦσῆς,
427 2350 487 2411 οὗ
511 2357 577 2429 δὴ
600 2357 1017 2428 προσεποιοῦντο
1046 2357 1530 2426 ὑπερσπουδάςειν,
1590 2374 1717 2409 συν-

133 2450 342 2520 ήγορος
371 2447 463 2501 τοῦ
491 2447 760 2518 δόγματος
787 2447 1161 2501 ἀπεδείκνυτο.
1197 2446 1312 2516 Ἐφ’
1335 2439 1385 2514 ᾧ
1412 2447 1506 2502 καὶ
1534 2447 1717 2502 διανα-

136 2540 391 2604 στάντες,
418 2539 478 2592 τὸ
510 2539 685 2610 πέρας
723 2539 1017 2607 ἐπάγουσιν
1041 2538 1190 2605 ἄξιον
1215 2539 1309 2592 καὶ
1335 2539 1435 2609 τῆς
1463 2539 1597 2603 ίδίας
1626 2557 1718 2592 πι-

136 2635 322 2703 κρίας,
358 2633 457 2707 ,καὶ
489 2632 588 2703 τῆς
611 2630 703 2686 τοῦ
738 2631 1010 2701 Στεφάνου
1038 2630 1352 2701 ἐπιθυμίας.
1402 2631 1459 2683 '0
1485 2631 1585 2701 μὲν
1608 2631 1716 2702 γὰρ

134 2725 310 2788 ἐκϐὰς
353 2724 450 2796 τὴν
507 2723 690 2793 φύσιν,
745 2721 841 2775 καὶ
888 2721 1015 2794 πρὶν
1059 2721 1282 2792 ἐκϐῆναι
1324 2721 1420 2775 τοῦ
1467 2721 1716 2792 σώματος

135 2816 330 2886 βλέπει
373 2816 486 2878 τοῖς
523 2813 784 2884 καθαροῖς
821 2812 1117 2882 ὀφθαλμοῖς
1155 2811 1253 2875 τὰς
1281 2811 1537 2882 οὐρανίας
1569 2811 1715 2883 αὐτῷ

136 2908 316 2971 πύλας
340 2889 711 2975 διισταμένας,
753 2905 847 2957 καὶ
871 2903 931 2957 τὸ
957 2903 1105 2966 ἐντὸς
1129 2903 1236 2956 τῶν
1267 2902 1476 2956 ἀδύτων
1504 2902 1717 2972 διαφαι-

133 3001 398 3070 νόμενον,
445 2998 616 3068 αύτήν
652 3014 712 3049 τε
761 2985 922 3048 θείαν
949 2994 1127 3061 δόξαν,
1161 2996 1255 3047 καὶ
1299 2993 1361 3046 τὸ
1406 2994 1505 3063 τῆς
1557 2993 1718 3065 δόξης

134 3089 502 3158 ἐπαύγασμα·
532 3087 742 3156 καὶτῆς
765 3084 866 3156 μὲν
886 3084 1164 3157 [ἰατρικῆς
1186 3084 1364 3154 δόξης,
1390 3085 1562 3148 οὐδεὶς
1585 3086 1716 3147 ύπο-

134 3181 414 3252 γράφεται
448 3177 734 3250 χαρακτὴρ
755 3176 844 3232 διὰ
866 3175 960 3251 τοῦ
982 3174 1141 3245 λόγου
1158 3193 1172 3207 ο
1200 3175 1261 3228 τὸ
1283 3176 1338 3230 δὲ
1355 3176 1714 3248 ἀπαύγασμα,

134 3275 194 3326 ἐν
225 3271 305 3341 τῷ
331 3269 548 3341 ὀφθέντι
575 3273 685 3334 τοῖς
712 3267 1016 3340 ἀνθρώποις
1043 3267 1191 3334 εῖδει,
1221 3267 1298 3339 τῷ
1344 3269 1550 3340 ἀθλητῇ
1585 3269 1720 3322 καθ-

133 3365 360 3434 ορᾶται,
399 3361 476 3424 ὡς
517 3356 584 3432 ἦν
623 3360 870 3432 χωρητὺν
918 3362 984 3431 τῇ
1010 3358 1328 3431 ἀνθρωπίνῃ
1369 3359 1548 3428 φύσει,
1579 3358 1720 3413 οὕτω

137 3436 491 3526 φαινόμενόν.
534 3455 594 3507 Ὀ
620 3455 719 3524 μὲν
744 3449 836 3506 οὖν
859 3452 964 3520 ἔξω
993 3453 1231 3521 γεγονὼς
1251 3453 1349 3522 τῆς
1374 3451 1720 3524 ἀνθρωπίνης

137 3548 381 3617 φύσεως,
409 3547 502 3600 καὶ
527 3544 661 3616 πρὸς
689 3545 788 3614 τὴν
808 3543 1104 3615 ἀγγελικὴν
1132 3543 1515 3615 μεταποιηθεὶς
1538 3544 1717 3615 χάριν,

137 3641 216 3703 ὡς
276 3639 375 3692 καὶ
422 3637 605 3699 αὐτοῖς
651 3631 790 3688 εἶναι
831 3637 941 3698 τοῖς
990 3634 1294 3705 μιαιφόνοις
1352 3636 1410 3687 ὲν
1449 3634 1716 3706 θαύματι,

137 3731 284 3802 πρὸς
315 3729 416 3799 τὴν
445 3728 551 3782 τῶν
580 3726 826 3796 ἀγγέλων
864 3726 1020 3791 ἀξίαν
1051 3725 1145 3782 τοῦ
1183 3727 1310 3797 περὶ
1346 3726 1407 3780 τὸ
1434 3726 1721 3797 πρόσωπον

137 3824 321 3885 εἴδους
354 3818 770 3883 ἀλλοιωθέντος,
820 3818 914 3871 καὶ
958 3813 1064 3870 εἶδε
1112 3817 1182 3870 τὰ
1210 3817 1444 3878 ἀθέατα,
1485 3819 1578 3871 καὶ
1625 3817 1721 3888 τὴν

137 3913 408 3981 ὀξθεῖσαν
439 3909 589 3980 αὐτῷ
634 3908 794 3980 χάριν
838 3907 1146 3978 ἐξεϐόησεν.
1189 3910 1250 3961 Οί
1283 3907 1339 3961 δὲ
1369 3907 1624 3978 συνέσχον
1654 3907 1722 3960 τά

137 4001 280 4064 ὦτα,
313 4001 410 4057 καὶ
451 4000 513 4054 τὺ
550 4000 795 4072 διήγημα
821 4000 921 4068 τῆς
946 3997 1210 4062 ὀπτασίας
1238 3999 1300 4052 οὐ
1329 3997 1719 4068 παρεδέχοντο,

141 4097 331 4159 καλῶς
368 4093 528 4147 τοῦτο
554 4091 685 4160 γοῦν
717 4092 775 4144 έν
801 4092 935 4144 πᾶσι
977 4090 1338 4166 ποιήσαντες·
1373 4088 1492 4140 οὐδὲ
1520 4088 1628 4159 γὰρ
1655 4083 1723 4159 ἦν

138 4191 275 4257 ἀξία
335 4186 576 4258 βεϐήλων
633 4183 789 4255 ἀκοή,
846 4181 994 4245 θείας
1049 4179 1346 4250 ἐμφανείας
1408 4168 1724 4249 διηγήματα

139 4281 428 4350 δέξασθαι.
482 4279 719 4340 Ἐκεῖνος
749 4275 848 4346 μὲν
874 4269 966 4328 οὖν
993 4271 1317 4340 ἐκοινώνησε
1347 4272 1458 4333 τοῖς
1491 4267 1726 4340 παροῦσι

139 4377 244 4446 τῆς
277 4371 536 4444 χάριτος,
567 4370 646 4432 είς
673 4366 734 4420 τὸ
774 4364 951 4421 κοινὸν
980 4365 1164 4417 ἐκεῖνα
1207 4360 1484 4434 προτιθεὶς
1512 4359 1590 4429 τῷ
1649 4359 1725 4412 δι-

1810 553 1919 608 prae
1949 553 2008 594 se
2036 538 2275 592 ferentes
2309 554 2323 591 :
2357 535 2446 590 hic
2472 545 2604 589 vero
2643 543 2900 602 tanquam
2925 530 3126 588 fratres
3151 532 3379 602 aspicie-

1794 631 1927 700 .bat.
1957 637 2015 684 et
2051 638 2312 700 tanquam
2352 635 2535 697 patres
2562 624 2855 680 salutabat.

1892 717 2008 772 Viri
2031 719 2177 772 enim
2212 719 2433 786 fratres,
2468 715 2669 784 inquit,
2699 723 2750 768 et
2775 725 2975 782 patres,
2998 715 3180 770 audite
3203 716 3267 769 ⁸⁵.
3296 714 3376 770 Illi

1809 809 2391 881 quidem'calumniam
2420 806 2770 877 probabiliter
2793 807 3180 877 contingebant
3205 825 3219 861 :
3250 806 3380 860 huic

1809 916 1940 956 vero
1969 899 2262 955 consilium
2293 897 2361 952 ad
2393 897 2594 952 caedem
2639 897 3058 965 propensiorum
3096 911 3194 966 pro
3221 895 3380 962 curia

1811 993 2056 1048 veritatis
2084 1001 2225 1047 erat.
2249 990 2369 1046 Non
2394 1000 2538 1044 metu
2561 988 2890 1058 praacidebat
2915 989 3239 1052 orationem,
3269 1003 3378 1042 non

1812 1085 2106 1157 languidus
2145 1083 2468 1153 fractusque
2505 1096 2570 1137 ac
2613 1082 2885 1136 remissus
2927 1089 3074 1136 metu
3111 1081 3382 1150 periculo-

1813 1191 1933 1231 rum
1956 1186 2095 1240 erat,
2126 1192 2237 1234 non
2269 1191 2419 1232 mors
2445 1175 2639 1230 ei‘ante
2666 1175 2860 1229 oculos
2893 1175 3216 1230 versabatur
3242 1189 3256 1237 ;
3282 1172 3379 1229 sed

1811 1275 1995 1325 erecto
2022 1269 2206 1322 animo
2238 1267 2421 1322 omnia
2449 1282 2573 1337 quae
2591 1273 2718 1320 ante
2749 1264 2916 1336 pedes
2945 1274 3102 1321 erant
3131 1273 3380 1321 contem-

1814 1377 1972 1421 nens,
2003 1370 2263 1429 tanquam
2294 1360 2554 1430 puerulos
2578 1359 2778 1413 misere
2812 1357 3134 1427 insipientes
3165 1356 3385 1428 regebat

1812 1467 1878 1506 ac
1913 1451 2301 1506 moderabatur
2327 1450 2580 1504 oratione
2605 1489 2622 1514 ,
2653 1447 2723 1502 ad
2752 1447 3246 1504 demonstrandum
3283 1462 3383 1503 eos

1816 1545 1869 1598 in
1899 1557 2086 1597 errore
2114 1542 2488 1597 doctrinarum
2524 1542 2729 1596 versari
2751 1582 2765 1604 ,
2806 1541 2968 1596 simul
2996 1541 3158 1594 etiam
3188 1541 3256 1596 iis
3284 1541 3384 1594 do-

1813 1637 2120 1700 cumentis,
2151 1635 2356 1706 quibus
2389 1635 2460 1689 ab
2496 1635 2606 1690 illis
2654 1635 2789 1704 ipsis
2820 1634 2953 1690 fides
2982 1635 3231 1705 derogari
3271 1649 3382 1690 non

1819 1733 2068 1796 poterat,
2100 1735 2283 1781 utens.
2321 1725 2596 1780 Abraham
2636 1726 2870 1781 orationi
2903 1725 3213 1789 adhibetur,
3243 1733 3385 1779 tota-

1817 1832 1924 1885 que
1967 1817 2115 1871 illius
2166 1815 2400 1871 historia
2453 1818 2646 1886 paucis
2691 1815 3058 1870 ante'oculos
3100 1815 3325 1885 ponitur
3364 1827 3380 1870 ι

1817 1906 2013 1960 deinde
2052 1907 2235 1960 ca.-teri
2271 1907 2476 1969 sancti.
2527 1907 2621 1976 qui
2675 1913 3083 1962 successerunt.
3135 1905 3215 1960 Ad
3267 1905 3384 1960 ha-c

1819 1994 2030 2068 Moyses
2063 2007 2120 2049 ut
2151 2005 2337 2060 natus,
2372 2004 2433 2050 ut
2452 1997 2742 2063 educatus,
2773 2004 2834 2049 ut
2860 1991 3114 2050 eruditus
3135 2004 3189 2050 et
3222 1994 3385 2050 iusti-o

1817 2095 1992 2148 tutus,
2019 2094 2077 2140 ut
2105 2088 2160 2142 in
2185 2097 2370 2142 monte
2395 2088 2834 2143 sacrisinitiatus
2867 2095 2922 2143 et
2952 2088 3260 2142 instructus
3287 2086 3380 2147 εἰς.

1819 2189 1878 2231 ιιι
1910 2176 2210 2248 Egyptum
2243 2177 2568 2249 llagellaret,
2609 2178 2866 2233 lsraelem
2897 2185 3160 2242 servaret,
3185 2183 3390 2248 myste-

1802 2271 1958 2323 .t'iutn
1987 2269 2202 2324 Domini
2230 2270 2571 2337 praediceret.
2602 2269 2758 2336 Quod
2791 2271 2955 2326 etiarn
2985 2269 3219 2324 maxime
3250 2283 3388 2324 con-

1815 2362 1951 2416 citat
1978 2361 2274 2422 conéilium
2299 2403 2314 2427 ,
2345 2370 2400 2418 et
2439 2363 2688 2417 morbum
2739 2363 3015 2429 incendit,
3045 2363 3192 2432 quod
3220 2361 3387 2418 etiam

1817 2453 2068 2525 Moyses,
2105 2443 2268 2522 cujus
2313 2469 2374 2510 se
2418 2454 2677 2508 nimirum
2712 2454 3060 2510 vehementer
3104 2454 3389 2509 studiosos

1815 2563 1937 2611 esse
1965 2546 2133 2601 videri
2165 2547 2438 2611 volebant,
2470 2555 2735 2617 patronus
2777 2547 3038 2602 doctrinae
3089 2546 3252 2623 hujus
3289 2546 3390 2602 de-

1817 2642 2158 2695 monstratur
2213 2653 2226 2688 :
2284 2636 2641 2703 quamobrem
2683 2636 2846 2690 etiam
2890 2644 3177 2706 surgentes
3228 2636 3403 2702 linem,

1817 2723 2128 2796 imponunt.
2155 2725 2372 2794 qualem
2408 2733 2465 2779 et
2496 2723 2809 2796 Stephanus
2833 2725 3203 2792 desiderabat,
3240 2734 3296 2781 et
3323 2725 3390 2780 il-

1818 2815 1993 2867 lorum
2028 2815 2408 2870 crudelitatem
2455 2814 2702 2870 decebat.
2743 2814 2878 2870 Nam
2915 2815 3007 2870 ille
3035 2816 3256 2885 quidem
3288 2830 3390 2869 na-

1817 2913 1994 2958 turam
2013 2903 2458 2975 egressus,etiam
2479 2911 2772 2974 antequam
2793 2919 3022 2974 corpore
3037 2905 3393 2970 excessisset,

1817 2996 1970 3068 puris
1997 2991 2174 3051 oculis
2208 2997 2462 3061 cmlestes
2490 2995 2594 3050 sibi
2625 3005 2813 3066 portas
2835 3005 3050 3064 apertas
3077 2997 3222 3074 videt
3247 3004 3302 3052 et
3339 2995 3396 3052 id

1817 3090 1960 3157 quod
1987 3087 2124 3141 intra
2147 3086 2306 3158 adyta
2322 3087 2636 3156 apparebat.
2671 3103 2794 3141 cum
2824 3088 2996 3157 ipsam
3016 3087 3251 3142 divinam
3278 3090 3398 3159 glo-

1769 3178 1784 3203 '
1820 3181 1980 3242 riam,
1997 3187 2109 3232 tum
2125 3181 2313 3249 gloriae
2329 3178 2671 3248 splendorem
2692 3181 3061 3248 conspicatur,
3076 3193 3140 3233 ac
3159 3188 3398 3250 paternae

1819 3269 2038 3342 quidem
2089 3271 2278 3341 gloria:
2318 3272 2469 3325 nulla
2501 3270 2837 3326 describitur
2868 3272 3117 3327 oratione
3171 3271 3341 3342 ﬁgura
3378 3290 3396 3328 :
3479 3270 3490 3279 ’

1822 3363 2080 3433 splendor
2109 3353 2239 3418 vero
2271 3365 2325 3418 in
2359 3380 2443 3426 ea,
2475 3379 2582 3433 qua
2615 3367 2685 3416 ab
2718 3363 3032 3418 hominibus
3059 3365 3208 3418 visus
3239 3373 3358 3419 erat
3380 3405 3397 3432 ,

1823 3454 1999 3508 forma
2032 3455 2102 3512 ab
2126 3456 2324 3522 athleta
2353 3456 2716 3525 conspicitur,
2759 3457 2840 3511 sic
2879 3471 3171 3526 apparens,
3201 3467 3260 3511 ut
3289 3457 3396 3512 hu-

1823 3559 1983 3596 mana
2035 3559 2230 3613 capere
2277 3553 2489 3614 poterat
2545 3553 2774 3598 natura.
2819 3547 3000 3615 Atque
3043 3544 3131 3603 hic
3176 3548 3397 3618 quidem

1821 3646 1970 3710 extra
1989 3643 2114 3689 natu
2125 3651 2236 3690 ram
2262 3635 2552 3690 humanam
2573 3637 2926 3699 constitutus,
2946 3645 3001 3693 et
3018 3638 3071 3692 in
3095 3640 3401 3710 angelicum

1822 3728 2072 3791 decorem
2105 3728 2551 3792 trausformatus,
2587 3738 2646 3784 ut
2677 3731 2833 3800 ipsis,
2862 3733 3026 3785 etiam
3045 3730 3273 3787 nefariis
3297 3733 3398 3788 ho-
3433 3734 3441 3740 ’

1821 3819 2040 3895 niicidis
2073 3821 2338 3875 miraculo
2378 3833 2566 3884 esset,
2615 3822 2672 3876 in
2708 3822 3014 3892 angelicam
3073 3821 3396 3894 dignitatem

1826 3910 2000 3965 forma
2022 3908 2178 3969 faciei
2199 3919 2429 3974 mutata,
2449 3927 2574 3966 cum
2603 3912 2739 3968 vidit
2761 3912 3072 3983 effugientia
3085 3922 3396 3982 aspectum,

1825 4012 2113 4063 tunicam,
2143 4017 2266 4070 qua:
2291 4002 2398 4056 sibi
2433 4003 2750 4072 apparebat,
2776 4004 3004 4072 gratiam
3033 4004 3258 4059 sublato.
3281 4006 3396 4058 cla-

1826 4108 1978 4148 more
2014 4086 2365 4162 signiﬁcavit.
2407 4091 2487 4147 Illi
2526 4109 2657 4149 vero
2690 4095 3084 4151 continuerunt
3121 4111 3312 4160 aures,
3342 4105 3398 4151 et

1828 4182 2199 4237 narrationem
2237 4183 2464 4237 visionis
2511 4198 2620 4238 non
2659 4183 3018 4247 admiserunt,
3056 4185 3160 4240 hoc
3201 4187 3396 4242 saltem

1825 4289 1893 4328 ex
1908 4262 2166 4328 Omnibus
2183 4282 2332 4329 recte
2351 4273 2649 4342 facientes;
2672 4289 2850 4345 neque
2869 4276 3014 4331 enim
3038 4276 3215 4347 digna:
3238 4286 3400 4333 erant

1828 4365 2180 4436 profanorum
2209 4374 2266 4422 et
2295 4367 2636 4448 impurorum
2666 4382 2849 4434 aures,
2890 4383 3013 4438 quae
3065 4369 3266 4425 divinae
3306 4385 3402 4441 ap-

139 4467 424 4539 ηγήματι,
480 4454 556 4516 ὧν
608 4459 749 4514 κατὰ
804 4457 970 4529 μόνας
998 4455 1230 4524 ἠξίωτο,
1264 4452 1488 4521 Θεωρὼ,
1529 4452 1721 4520 λέγων,

1829 4457 2116 4527 paritionis
2138 4458 2449 4529 acciperent
2477 4459 2841 4523 narrationes,
2867 4469 3033 4530 atque
3065 4461 3157 4516 ille
3178 4461 3402 4532 quidem

142 4560 293 4625 τοὺς
314 4555 607 4626 οὐρανοὺς
639 4552 1072 4624 ἀνεῳγμένους,
1090 4549 1189 4604 καί
1206 4549 1314 4602 τὸν
1335 4550 1475 4602 Υίὸν
1495 4549 1601 4602 τοῦ
1621 4553 1725 4602 ἀν-

130 4633 390 4720 ’θρώπου
412 4649 483 4701 ἐκ
511 4643 726 4712 δεξιῶν
745 4643 977 4699 ἑστῶτα
993 4643 1100 4696 τοῦ
1123 4641 1289 4695 Θεοῦ.
1311 4641 1375 4693 οι
1394 4641 1472 4704 δὲ,
1496 4640 1730 4712 κράξαν-

141 4761 237 4808 τες
285 4743 440 4811 φωνῇ
475 4738 708 4812 μεγάλῃ,
748 4737 843 4792 καὶ
869 4735 1157 4806 συσχόντες
1184 4733 1252 4787 τὰ
1285 4727 1423 4798 ὦτα,
1465 4732 1731 4806 ὥρμησαν

141 4815 498 4905 ὁμοθυμαδὸν
539 4832 626 4885 ἐπ’
660 4828 842 4884 αὐτόν.
893 4826 1090 4890 Καλῶς
1140 4825 1482 4897 προσέθηκεν
1524 4825 1557 4894 ἡ
1603 4825 1732 4893 περὶ

141 4925 336 4980 αὐτῶν
381 4922 593 4993 ἱστορία
637 4920 735 4992 τὴν
782 4917 1024 4991 κραυγὴν
1057 4921 1166 4982 τοῖς
1201 4919 1414 4990 ἔργοις,
1462 4918 1548 4971 ἵνα
1584 4914 1732 4988 δείξῃ

139 5021 248 5086 τῆς
298 5014 672 5089 προαιρέσεως
728 5010 907 5065 αὐτῶν
962 5011 1061 5081 τὴν
1091 5011 1225 5082 πρὸς
1261 5011 1386 5075 τοὺς
1442 5007 1730 5079 Σοδομίτας

145 5108 498 5178 συγγένειαν.
541 5104 650 5160 Καὶ
694 5103 802 5174 γὰρ
851 5103 912 5157 τὸ
952 5101 1173 5156 ἐκείνων
1208 5101 1466 5171 ἀνόμημα
1519 5099 1732 5170 κραυγὴ

145 5199 311 5270 πᾶ.ρά
341 5197 436 5250 τοῦ
481 5199 755 5267 κρίνοντος
788 5192 1098 5263 ὠνομάσθη.
1129 5191 1371 5261 Κραυγὴ
1402 5189 1534 5260 γὰρ,
1576 5189 1731 5259 φησὶ,

143 5290 438 5358 Σοδόμων
459 5287 555 5342 καί
580 5287 886 5357 Γομόῤῥας
909 5280 1135 5351 ἀνῆλθε
1159 5285 1309 5350 πρός
1330 5299 1427 5351 με.
1461 5277 1734 5352 Ἔκραξαν

141 5383 335 5438 τοίνυν
364 5380 459 5434 καὶ
485 5375 652 5443 οὗτοι,
691 5380 777 5432 ἵνα
817 5363 1056 5446 ἀκουσθῇ
1088 5377 1180 5428 καὶ
1212 5365 1392 5428 αύτῶν
1422 5375 1457 5446 ή
1487 5374 1580 5426 ἐπὶ
1605 5374 1732 5426 Στε-

144 5475 330 5544 φάνου
376 5471 615 5541 κραυγή.
662 5469 737 5521 υύ
788 5468 892 5538 μὴν
926 5466 1108 5536 ἠγνόει
1141 5468 1169 5518 ὁ
1215 5464 1452 5535 ἀθλητὴς
1499 5463 1587 5516 διὰ
1633 5464 1731 5534 τῆς

129 5545 387 5638 ,πικρίας
411 5561 519 5616 τῶν
555 5560 977 5631 μιαιφονούντων
1004 5557 1476 5628 εὐεργετούμενος.
1507 5555 1598 5609 Τῶ
1623 5557 1732 5627 γὰρ

227 5739 276 5774 ¹³
317 5744 438 5794 Act.
483 5755 577 5795 vn.
607 5740 644 5792 2:
672 5753 790 5807 sqq.
871 5737 913 5766 ‘9
952 5733 1082 5789 ibid.
1127 5733 1215 5790 555.
1278 5735 1319 5765 ’τ
1358 5732 1494 5790 Gen.
1533 5748 1687 5796 xvm,
1716 5697 1808 5789 ‘20.

437 5837 711 5896 Parnoc.
757 5834 873 5894 (in.
902 5831 1117 5892 XLVI.

1839 4548 2071 4618 gratiam
2107 4547 2472 4618 prmseutibus
2517 4548 2964 4604 communicabat
3011 4551 3312 4625 narrando,
3346 4550 3402 4605 in

1829 4655 2124 4696 commune
2171 4654 2482 4710 proponens
2519 4655 2583 4695 ea
2635 4655 2871 4711 quorum
2939 4641 3405 4711 contemplatione

1829 4735 1983 4790 solus
2010 4733 2209 4804 dignus
2230 4733 2510 4803 judicatus
2536 4742 2652 4787 erat
2677 4772 2691 4795 ,
2729 4730 2917 4794 Video,
2943 4732 3224 4802 inquiens,
3248 4733 3404 4790 caelos

1829 4834 2059 4894 apertas,
2091 4835 2142 4880 et
2173 4823 2377 4879 Filium
2407 4823 2887 4886 Itoministstantem
2911 4841 2945 4878 α
2969 4824 3168 4878 dextris
3211 4823 3309 4878 Dei
3335 4825 3402 4879 ¹⁶.

1823 4902 1894 4970 lii
1927 4933 2058 4971 vero
2103 4918 2477 4972 exclamantes
2511 4931 2645 4970 voce
2699 4931 2890 4986 magna
2912 4955 2928 4980 ,
2970 4926 3025 4970 et
3058 4915 3406 4972 continentes

1831 5023 1994 5062 aures
2025 5023 2174 5067 suas.
2209 5009 2470 5077 impetmn
2505 5006 2837 5061 unanimiter
2881 5006 2936 5060 in
2971 5021 3096 5061 eum
3134 5005 3403 5060 fecerunt.

1832 5096 2000 5154 Recte
2052 5097 2253 5167 adjecit
2282 5113 2474 5172 eorum
2518 5096 2678 5151 factis
2715 5096 2941 5150 historia
2981 5096 3312 5159 clamomn,
3346 5103 3409 5148 ut

1832 5187 2148 5244 ostenderet
2183 5187 2468 5244 destinata:
2518 5188 2818 5244 voluntatis
2851 5203 3039 5241 eorum
3080 5201 3206 5240 cum
3238 5184 3410 5240 Sodo-

1823 5281 1986 5350 mitis
2019 5282 2424 5350 cognationem.
2461 5280 2675 5334 Etenim
2728 5278 2944 5349 illorum
2978 5277 3161 5337 scelus
3199 5277 3409 5331 clamor

1838 5391 1866 5426 a
1915 5373 2562 5438 judicante'nominatus
2609 5380 2714 5428 est.
2757 5371 2976 5425 Clamor
3003 5371 3164 5435 enim,
3196 5371 3406 5440 inquit,

1841 5463 2194 5522 Sodomorum
2219 5475 2268 5520 et
2291 5463 2602 5519 Gomorrha:
2625 5462 2696 5517 ad
2723 5479 2800 5516 me
2823 5463 3064 5518 ascendit
3082 5464 3160 5518 .".
3193 5462 3410 5518 Clama-

1839 5565 2040 5630 verunt
2064 5556 2241 5625 igitur
2275 5559 2328 5612 hi
2358 5573 2601 5628 quoque,
2635 5563 2691 5608 ut
2719 5554 2885 5610 ctiam
2921 5569 3111 5611 eorum
3147 5556 3412 5630 adversus

2983 5818 3060 5878 23
