3842 6386
466 277 569 335 715

1695 270 1754 325 S.
1791 265 2120 325 GREGORII
2158 265 2455 327 NYSSENI

3616 273 3722 330 7l6

465 392 802 464 Stephanum
830 387 1039 445 clamor
1059 386 1359 443 audiretur.
1395 384 1512 442 Non
1541 387 1826 458 ignorabat
1856 395 2039 441 autem

2149 389 2268 460 περὶ
2298 391 2463 445 αὐτὸν
2489 388 2598 445 τῶν
2636 388 3043 446 καταλευὸντων
3084 388 3270 461 κύκλῳ
3311 390 3685 462 στεφανωθεὶς
3701 428 3722 458 .

464 484 674 540 athleta
700 496 873 552 seper
895 478 1278 535 crudelitatem
1307 478 1513 535 caedem
1541 478 1811 534 nefariam
1839 491 2034 548 perpe-

462 573 728 629 trantium
774 568 1102 626 beneficium
1152 568 1425 639 accipere.
1476 565 1614 622 Nam
1647 567 1779 623 orbe
1830 566 2041 637 lapides

465 665 707 734 undique
747 660 1160 732 conjicientium
1203 660 1360 729 quasi
1412 674 1616 714 corona
1668 658 1924 723 cinctus,
1960 657 2038 712 ita

462 756 673 827 accepit
712 755 768 811 id
814 751 961 825 quod
1008 749 1304 823 agebatur,
1347 753 1503 822 quasi
1552 765 1762 807 corona
1791 750 2040 807 victoriaa

462 846 747 918 praemium
797 845 854 900 in
902 844 1159 901 manibus
1203 842 1647 897 adversariorum
1698 850 2036 898 necteretur.

462 936 645 1003 Quare
674 936 841 993 etiam
870 934 1109 1007 benigna
1142 933 1455 1006 precatione
1478 934 1863 1004 sanguinarios
1889 948 2039 989 com-

463 1035 696 1101 pensat,
733 1043 935 1099 rogans
965 1043 1035 1084 ne
1072 1028 1129 1083 in
1171 1024 1489 1095 contrarios
1531 1034 1761 1083 eventus
1795 1024 2039 1090 facinus,

463 1121 609 1191 quod
651 1121 708 1175 in
757 1120 881 1192 ipso
928 1119 1374 1190 perpetrabatur,
1415 1117 1774 1182 divideretur,
1824 1126 1884 1171 ut
1935 1116 2040 1173 sibi

465 1210 684 1281 quidem
711 1212 902 1276 vitam,
939 1209 1278 1266 adversariis
1311 1218 1494 1265 autem
1523 1210 1750 1265 exitium
1781 1208 2036 1265 afferret:

464 1301 561 1357 sed
596 1303 797 1373 quibus
824 1304 943 1372 ipse
973 1302 1176 1372 dignus
1205 1300 1484 1371 judicatus
1516 1308 1665 1358 esset
1688 1340 1704 1365 ,
1749 1300 1821 1357 ab
1868 1301 1936 1359 iis
1967 1317 2039 1358 ne

467 1396 652 1451 hostes
672 1396 913 1466 quidem,
944 1394 1102 1465 quasi
1137 1394 1403 1449 bonorum
1432 1394 1535 1449 sibi
1570 1394 1752 1464 aliqua
1786 1408 1853 1450 ex
1884 1402 2041 1465 parte

466 1496 739 1551 auctores,
771 1485 1217 1541 excluderentur.
1257 1485 1349 1540 Sic
1378 1486 1445 1547 is,
1478 1485 1570 1555 qui
1608 1485 1890 1542 Christum
1917 1501 2039 1542 cer-

467 1579 583 1643 nit,
615 1578 879 1633 adversus
926 1577 1115 1631 hostes
1151 1591 1277 1632 sese
1309 1593 1499 1646 gerere
1536 1577 1711 1634 novit.
1764 1579 2037 1645 Quoniam

463 1670 609 1723 enim
661 1669 936 1739 patientiae
985 1668 1354 1738 legislatorem
1402 1670 1653 1735 videbat,
1718 1671 2041 1727 recordatus

463 1770 547 1816 est
576 1762 753 1831 legum
793 1762 863 1814 ab
893 1776 960 1815 eo
1007 1761 1243 1815 latarum
1276 1762 1532 1818 inimicos
1570 1764 1801 1833 diligere
1838 1764 2037 1835 juben-

465 1855 626 1917 tium,
659 1862 715 1909 et
764 1852 1086 1909 benefacere
1107 1854 1236 1907 odio
1274 1856 1739 1924 prosequentibus
1765 1896 1781 1919 ,
1816 1867 1873 1912 et
1925 1874 2027 1929 pro

463 1945 681 2001 hostilia
724 1944 1055 2001 facientibus
1109 1958 1271 2000 orare
1307 1947 1372 2001 ³⁸.
1411 1944 1615 2002 Verum
1647 1950 1852 2005 athleta
1911 1953 2035 2021 qui-

463 2036 586 2093 dem
624 2052 734 2091 non
771 2035 1026 2091 humanis
1074 2034 1328 2092 laudibus
1365 2036 1697 2105 celebratur,
1740 2054 1920 2110 neque
1976 2040 2034 2094 in

2137 482 2309 548 οὕτως
2340 484 2558 552 ἐδέξατο
2580 482 2642 537 τὸ
2670 481 2976 554 γινόμενον,
3004 483 3083 547 ὡς
3113 480 3376 553 στέφανον
3402 485 3723 557 νικητήριον

2138 578 2198 632 έν
2222 578 2344 642 ταῖς
2375 576 2532 649 χερσὶ
2560 575 2670 630 τῶν
2702 575 2960 631 ἐναντίων
2992 574 3346 646 πλεκόμενον.
3376 576 3470 631 Διὸ
3501 577 3600 632 καὶ
3625 578 3722 631 εὐ-

2138 668 2295 740 λογίᾳ
2319 670 2445 733 τοὺς
2473 669 2788 739 μιαιφόνους
2807 667 3095 739 ἀμύνεται,
3117 666 3218 721 οὐκ
3248 667 3417 735 ἀξιῶν
3445 668 3587 741 πρὸς
3621 668 3728 733 τὰς

2138 761 2388 823 ἐναντίας
2427 761 2679 825 ἐκϐάσεις
2705 761 2806 831 τὴν
2843 760 2930 813 ἐπ’
2956 757 3105 830 αὐτῷ
3130 758 3328 831 πρᾶξιν
3358 758 3727 831 καταμερίζε-

2140 852 2286 918 σθαι,
2313 851 2390 916 ὡς
2408 852 2601 923 ἐκείνῳ
2639 853 2739 924 μὲν
2770 852 2871 923 τὴν
2896 852 3065 923 ζωὴν,
3092 854 3207 915 τοῖς
3240 851 3298 904 δὲ
3324 851 3727 923 ἀντικειμένοις

2140 945 2325 1017 φέρειν
2345 944 2437 999 τὸν
2454 945 2673 1015 δλεθρον
2689 960 2703 974 °
2730 944 2846 999 ἀλλ’
2866 940 2941 999 ὧν
2966 944 3127 1007 αὐτὸς
3150 943 3349 1013 ἠξίωτο
3365 943 3607 1007 καὶτοὺς
3628 960 3729 997 πο-

2139 1032 2359 1107 λεμίους
2379 1035 2455 1099 ὼς
2476 1034 2697 1103 ἀγαθῶν
2718 1033 2869 1104 αὐτῷ
2896 1032 3294 1105 συναιτίουςὶμὴ
3318 1034 3593 1086 ἐκπεσεῖν.
3613 1031 3727 1086 06-

2139 1144 2246 1190 τως
2270 1126 2410 1180 οἶδεν
2437 1129 2465 1180 6
2492 1125 2726 1197 Χριστὸν
2770 1124 2982 1195 βλέπων
3006 1125 3118 1188 τοῖς
3145 1122 3442 1193 πολεμοῦσι
3477 1122 3728 1194 προσφέ-

2144 1216 2352 1289 ρεσθαι.
2396 1218 2613 1289 Ἐπειδὴ
2638 1216 2748 1289 γὰρ
2769 1210 2877 1270 εἶδε
2903 1219 3004 1287 τῆς
3030 1215 3411 1287 μακροθυμίας
3432 1214 3525 1268 τὸν
3557 1231 3728 1283 νομο-

2140 1312 2322 1382 θέτην,
2340 1312 2556 1383 ὐπεμνή
2564 1310 2663 1382 σθη
2678 1310 2786 1364 τῶν
2801 1309 2985 1380 νόμων
2997 1308 3106 1362 τῶν
3121 1307 3340 1377 ἀγαπᾷν
3354 1306 3482 1370 τοὺς
3495 1305 3726 1377 ἐχθροὺς

2140 1405 2468 1460 κελευόντων
2483 1445 2498 1470 ,
2528 1404 2623 1459 καὶ
2645 1401 2826 1466 καλῶς
2854 1402 3029 1455 ποιεῖν
3048 1401 3161 1464 τοῖς
3181 1398 3431 1469 μισοῦσι,
3456 1398 3555 1451 καὶ
3577 1396 3729 1468 ὑπὲρ

2139 1496 2250 1552 τῶν
2273 1495 2654 1568 πολεμούντων
2678 1491 3094 1567 προσεύχεσθαι.
3112 1491 3253 1545 Ἀλλ’
3281 1491 3311 1543 6
3331 1489 3431 1561 μὲν
3460 1488 3729 1559 ἀθλητὴς,

2140 1591 2242 1643 οὐκ
2288 1588 2349 1654 ἐξ
2385 1588 2742 1660 ἀνθρωπίνων
2790 1584 3031 1639 ἐπαίνων
3059 1580 3360 1647 δοξάζεται.
3394 1579 3530 1635 Οὐδὲ
3557 1578 3671 1650 γὰρ
3698 1578 3732 1630 6

2145 1682 2347 1746 σκοπὸς
2373 1680 2523 1752 αὐτῷ
2563 1680 2661 1752 τῆς
2708 1676 2990 1751 ἀθλήσεως
3017 1676 3155 1747 πρὸς
3194 1675 3295 1746 τὴν
3334 1674 3393 1741 ἑξ
3420 1671 3732 1744 ἀνθρώπων

2144 1774 2337 1829 ἔϐλεπε
2373 1773 2530 1838 δόξαν
2551 1786 2568 1803 ⁸
2612 1771 2726 1827 ἀλλ’
2772 1768 3017 1841 ὑπερϐὰς
3061 1768 3243 1822 πάντα
3277 1767 3368 1820 τὸν
3403 1766 3611 1836 κόσμον
3658 1766 3731 1835 τῇ

2147 1866 2485 1939 μεγαλοφυῖςι⁵
2520 1863 2617 1919 τοῦ
2663 1862 3105 1936 κατορθώματος,
3161 1859 3256 1913 καὶ
3290 1859 3357 1912 τὰ
3404 1858 3582 1929 μέτρα
3625 1855 3732 1926 τῆς

2142 1955 2491 2028 ἀνθρωπίνης
2515 1954 2795 2026 δυνάμεως
2831 1951 3260 2024 συμπαρέδραμε
3278 1991 3296 2018 ,
3336 1952 3520 2003 πᾶσαν
3546 1951 3731 2016 ἐγκω-

2145 2049 2441 2119 μιαστικὴν
2469 2046 2701 2119 δύναμιν
2732 2046 2964 2100 κατόπιν
2993 2041 3187 2097 ἑαυτοῦ
3220 2042 3405 2111 ῥίψας.

464 2134 726 2188 ceraando
756 2133 983 2203 gloriam
1020 2146 1086 2186 ex
1122 2131 1440 2187 hominibus
1465 2131 1757 2188 conflatam
1794 2136 1901 2193 sibi
1936 2146 2272 2212 propositam
2310 2144 2547 2200 habebat
2578 2164 2592 2199 ;
2634 2140 2732 2198 sed
2791 2155 2919 2194 cum
2991 2136 3393 2208 magniﬁcentia
3461 2130 3734 2188 facinoris

463 2227 663 2297 egregii
726 2235 900 2280 totum
953 2225 1220 2282 mundum
1284 2229 1676 2297 superaverit,
1712 2229 2076 2293 humanarum
2154 2256 2372 2312 quoque
2427 2241 2625 2296 virium
2675 2237 2872 2295 modos
2933 2234 3097 2291 simul
3139 2240 3564 2304 praetergressus
3610 2237 3735 2293 est,

465 2325 615 2378 omni
644 2324 917 2378 laudativa
944 2322 1209 2381 facultate
1239 2334 1363 2395 post
1395 2340 1454 2380 se
1483 2324 1720 2393 abiecta.

534 2422 702 2494 Igitur
727 2421 816 2476 ille
835 2422 1057 2492 quidem
1082 2421 1136 2477 in
1159 2423 1308 2477 omni
1334 2424 1574 2478 humano
1596 2440 1849 2482 sermone
1870 2427 2043 2484 victo-

466 2514 559 2569 riae
586 2514 807 2585 praemia
846 2515 1135 2581 obtineat;
1165 2530 1267 2571 nos
1289 2523 1470 2571 autem
1495 2516 1725 2572 historia
1757 2535 1857 2575 sua
1883 2521 2045 2592 adju-

466 2614 554 2662 vet
602 2606 667 2661 ad
720 2606 1031 2661 animarum
1071 2608 1327 2663 salutem.
1376 2608 1853 2674 Quemadmodum
1895 2614 2042 2669 enim

466 2699 610 2753 inter
634 2713 932 2768 corporeos
962 2699 1197 2755 athletas
1230 2698 1304 2764 ii,
1350 2701 1444 2771 qui
1489 2701 1545 2756 in
1592 2703 1827 2773 publicis
1863 2717 2045 2761 certa-

466 2790 707 2846 minibus
745 2790 1079 2847 contendere
1123 2792 1436 2857 desierunt,
1489 2792 1718 2863 juvenes
1766 2797 2045 2853 athleticis

465 2884 949 2939 exercitationibus
967 2898 1062 2955 per
1078 2883 1432 2939 artificiosam
1446 2885 1737 2954 quamdam
1752 2887 2045 2959 agilitatem

465 2986 520 3031 et
562 2976 899 3031 habilitatem
943 2977 1365 3043 assuefaciunt,
1417 2979 1810 3048 prehensiones
1853 2980 2047 3036 adver-

465 3070 735 3123 sariorum
768 3066 1023 3123 frustrari
1054 3075 1219 3137 atque
1249 3067 1470 3125 eludere
1498 3070 1759 3126 docentes
1785 3089 1799 3126 :
1833 3073 1907 3127 ita
1943 3087 2047 3128 nos

374 3228 385 3237 ν
463 3174 684 3231 quoque
734 3160 935 3230 opinor
969 3170 1226 3229 oportere
1262 3175 1359 3229 per
1393 3175 1650 3232 magnum
1706 3160 2043 3233 Stephanum
2072 3145 2115 3203 ο

465 3252 709 3307 exerceri
739 3260 795 3306 et
820 3249 1107 3306 assuelieri
1141 3250 1209 3305 ad
1244 3250 1503 3320 pietatem
1527 3291 1544 3316 ,
1575 3263 1634 3307 ut
1669 3269 1765 3324 per
1806 3271 1929 3310 eum
1961 3255 2047 3310 fu-

465 3348 679 3415 giamus
702 3353 869 3413 atque
890 3345 1161 3399 evitemus
1184 3342 1839 3414 Pneumatomachorum,
1863 3346 1917 3402 id
1939 3356 2044 3413 est,

467 3436 699 3505 Spiritus
721 3434 894 3489 sancti
919 3434 1150 3490 hostium
1171 3476 1187 3502 ,
1216 3437 1592 3507 correptiones
1619 3445 1786 3509 atque
1802 3438 2048 3495 vexatio-

468 3543 585 3584 nes.
628 3526 797 3581 Aiunt
826 3526 977 3582 enim
1024 3526 1105 3581 illi
1154 3526 1250 3597 qui
1295 3526 1560 3583 adversus
1595 3529 1827 3600 gloriam
1868 3531 2046 3587 sancti

468 3622 708 3693 Spiritus
747 3620 1069 3685 insaniunt,
1100 3635 1215 3677 sua:
1253 3620 1585 3677 absurditati
1621 3630 1677 3679 et
1716 3624 2047 3696 importuni-

468 3710 564 3765 tati
618 3709 959 3780 Stephanum
1008 3709 1383 3781 patrocinari,
1420 3710 1517 3782 qui
1570 3710 1769 3767 caelum
1821 3713 2049 3770 intentis

468 3801 647 3859 oculis
675 3801 991 3869 contuitus,
1031 3800 1167 3857 vidit
1205 3801 1437 3874 gloriam
1472 3801 1566 3858 Dei
1596 3811 1651 3859 et
1680 3802 1867 3861 Jesum
1897 3814 2051 3861 stan-

469 3902 577 3948 tem
609 3906 640 3947 a
670 3891 881 3948 dextris
910 3890 1005 3948 Dei
1038 3892 1104 3948 ¹⁹.
1130 3892 1215 3947 Ad
1249 3892 1593 3949 eversionem
1629 3894 1797 3967 igitur
1828 3896 2049 3965 pietatis

467 3984 733 4041 doctrina:
761 3985 816 4041 in
849 3985 996 4041 hunc
1026 3985 1247 4041 modum
1279 3985 1472 4042 dicunt
1503 4005 1518 4042 :
1555 3985 1612 4042 Si
1644 4002 1769 4045 cum
1803 3985 1969 4044 Patre
1996 3996 2050 4044 et

468 4075 608 4145 Filio
660 4076 927 4146 Spiritum
962 4077 1186 4132 omnino
1242 4080 1517 4134 numerari
1565 4087 1804 4151 oportet,
1856 4080 1950 4152 qui
1990 4080 2050 4133 fit

470 4176 531 4223 ut
566 4168 880 4239 Stephanus
914 4168 969 4224 in
1009 4168 1355 4239 apparitione
1386 4184 1494 4224 una
1528 4184 1655 4225 cum
1689 4169 1831 4227 Filio
1866 4169 2045 4242 Spiri-

469 4265 584 4313 tum
618 4272 839 4328 quoque
870 4272 981 4312 non
1015 4256 1259 4313 viderit?
1290 4256 1579 4324 Quomodo
1612 4260 1783 4332 igitur
1815 4261 1917 4326 iis,
1953 4260 2047 4331 qui

472 4364 567 4421 per
593 4350 709 4404 huic
739 4350 857 4420 ipsa
886 4348 1051 4405 verba
1078 4349 1787 4421 supplantanturﬁmanum
1817 4352 2051 4422 Stepha-

471 4453 579 4496 nus
610 4438 897 4511 porriget?
922 4437 1046 4506 Quo
1076 4447 1238 4509 pacto
1265 4440 1513 4496 certandi
1548 4450 1667 4497 arte
1701 4442 2047 4498 labascentes

471 4531 688 4605 eriget?
726 4530 870 4587 Sane
894 4545 960 4587 ex
988 4530 1179 4586 eodem
1213 4529 1336 4586 loco
1360 4532 1584 4589 exsistit
1606 4532 1870 4587 auxilium
1904 4532 2051 4602 quod

470 4635 684 4685 evertat
711 4624 1011 4682 adversarii
1041 4623 1508 4681 incredulitatem.
1534 4623 1747 4691 Quaeris
1767 4663 1785 4691 ,
1812 4638 1847 4677 ο
1875 4639 2053 4694 pneu-

472 4718 854 4784 matomache,
889 4718 937 4773 si
969 4715 1146 4784 gloria
1176 4714 1357 4770 Patris
1389 4715 1681 4786 apparuit,
1712 4722 1768 4771 et
1813 4713 1988 4769 Filius
2020 4728 2051 4769 a

472 4808 685 4866 dextris
716 4807 1012 4863 stationem
1044 4806 1300 4864 obtinens
1320 4844 1337 4870 ,
1370 4804 1464 4861 ubi
1492 4802 1778 4875 Spiritus?
1818 4802 1977 4870 Quod
2006 4805 2051 4859 si

472 4902 527 4959 iu
558 4909 611 4956 te
640 4900 880 4971 Spiritus
909 4906 1090 4962 esset,
1124 4913 1233 4953 non
1265 4897 1608 4968 propositum
1637 4898 1705 4952 de
1728 4912 1795 4952 eo
1821 4896 2049 4952 verbum

475 5003 529 5051 te
566 4993 957 5066 praeteriisset:
987 4988 1448 5063 quemadmodum
1488 4990 1560 5056 ii,
1601 4992 1696 5060 qui
1732 4990 1880 5060 capti
1919 4996 2051 5043 sunt

474 5085 687 5151 oculis,
749 5098 942 5139 aurum
992 5091 1119 5137 ante
1178 5082 1344 5151 pedes
1395 5080 1673 5151 obiectum
1736 5080 2052 5152 ignorantes

476 5180 826 5247 praetereunt.
857 5174 930 5226 At
957 5185 1107 5227 nunc
1136 5172 1330 5227 saltem
1370 5171 1531 5234 audi,
1568 5169 1675 5226 nisi
1708 5184 1873 5226 aures
1909 5169 2051 5228 forte

476 5266 727 5338 contines
746 5306 761 5329 ,
784 5263 950 5321 sicuti
971 5261 1146 5318 Judaei
1173 5260 1443 5317 faciebant
1468 5279 1480 5315 :
1508 5258 1795 5327 Quomodo
1828 5260 2056 5334 Stepha-

476 5373 584 5414 nus
615 5355 1063 5428 supercoelestem
1104 5352 1336 5426 gloriam
1375 5351 1559 5407 vidit?
1595 5350 1732 5419 Quis
1771 5352 1823 5409 ei
1860 5362 2053 5426 portas

477 5448 743 5507 caelorum
780 5444 1083 5518 patefecit?
1120 5442 1383 5515 Nunquid
1435 5442 1801 5500 humanarum
1852 5446 2053 5501 virium

478 5541 535 5597 id
559 5554 702 5612 opus
730 5538 890 5601 erat?
916 5536 1061 5594 Num
1091 5539 1216 5611 quis
1243 5552 1311 5594 ex
1337 5535 1550 5609 angelis
1580 5536 1651 5593 ad
1685 5537 1835 5597 illam
1875 5538 2053 5596 subii.

551 5726 597 5760 “
630 5724 821 5782 Matth.
852 5741 904 5787 v.
927 5726 1016 5781 Η.
1098 5725 1142 5757 ⁸⁸
1180 5724 1301 5781 Act.
1326 5738 1425 5790 vlt,
1456 5722 1546 5782 55.

2210 2427 2454 2491 Οὐκοῦν,
2502 2427 2532 2480 6
2591 2424 2689 2497 μὲν
2737 2423 2908 2494 ὲχέτω
2952 2421 3095 2475 κατά
3131 2418 3333 2483 παντὸς
3381 2418 3735 2491 ἀνθρωπίνου

2140 2519 2300 2590 λόγου
2328 2519 2395 2573 τὰ
2424 2520 2720 2591 νικητήρια
2739 2534 2752 2548 ·
2781 2518 2912 2587 ἡμῖν
2938 2514 2996 2567 δὲ
3028 2510 3478 2581 συναγωνιςέσθω
3507 2515 3576 2582 τῇ
3609 2514 3737 2566 κατ’

2142 2612 2304 2666 αὐτὸν
2330 2611 2542 2682 ἱστορίᾳ
2566 2610 2702 2681 πρὸς
2730 2607 2827 2678 τὴν
2855 2605 2962 2659 τῶν
2990 2604 3181 2675 ψυχῶν
3215 2603 3507 2672 σωτηρίαν.
3537 2601 3737 2656 Καθά-

2145 2723 2252 2777 περ
2303 2704 2413 2776 γάρ
2476 2705 2533 2757 ὲν
2588 2704 2701 2765 τοῖς
2761 2700 3095 2769 σωματικοῖς
3164 2694 3458 2763 ἀθληταῖς,
3516 2695 3569 2747 οἱ
3623 2693 3738 2746 τῶν

2151 2797 2377 2865 ἀγώνων
2416 2794 2775 2864 παυσάμενοι,
2804 2786 3210 2861 παιδοτριϐοῠσι
3244 2786 3370 2849 τοὺς
3408 2786 3564 2848 νέους
3613 2787 3738 2848 ταῖς

2151 2890 2471 2961 ἀθλητικαῖς
2486 2886 2839 2958 γυμνασίαις,
2859 2882 2947 2937 διά
2966 2899 3109 2946 τινος
3125 2883 3380 2953 τεχνικῆς
3398 2879 3738 2950 εὐστροφίας

2151 2982 2393 3037 ὲκδύνειν
2418 2981 2516 3044 τὰς
2535 2978 2708 3042 λαϐὰς
2732 2977 2838 3032 τῶν
2863 2974 3324 3031 ἀντιπαλαιόντων
3345 2972 3697 3033 διδάσκοντες
3717 2985 3733 3000 ’

2149 3069 2323 3133 οὕτως
2346 3062 2501 3139 οἶμαι
2529 3066 2639 3121 δεῖν
2668 3065 2761 3119 καὶ
2786 3066 2933 3135 ἡμᾶς
2959 3063 3048 3116 διὰ
3071 3061 3165 3115 τοῦ
3190 3060 3428 3131 μεγάλου
3451 3060 3735 3128 Στεφάνου

2148 3158 2629 3232 παιδοτριϐηθῆναι
2680 3156 2780 3225 τὴν
2846 3154 3159 3218 εὐσέϐειαν,
3218 3154 3294 3216 ὡς
3347 3152 3413 3206 ἂν
3447 3150 3514 3206 δι’
3560 3150 3735 3207 αὐτοῦ

2148 3253 2409 3323 φύγωμεν
2449 3250 2549 3314 τάς
2583 3248 2693 3303 τῶν
2718 3246 3199 3317 Πνευματομάχων
3230 3244 3419 3308 λαϐάς.
3454 3243 3600 3297 Φασὶ
3626 3242 3737 3313 γάρ

2146 3346 2195 3398 οἱ
2216 3344 2519 3406 λυσσῶντες
2552 3342 2694 3395 κατά
2719 3338 2820 3408 τῆς
2856 3338 3013 3409 δόξης
3054 3337 3148 3390 τοῦ
3198 3336 3547 3405 Πνεύματος,
3604 3349 3738 3387 συν-

2147 3437 2346 3508 ήγορον
2378 3432 2516 3488 εἶναι
2569 3433 2667 3503 τῆς
2695 3434 2920 3487 ἐκείνων
2946 3429 3175 3494 ἀτοπίας
3202 3428 3295 3481 τὸν
3331 3426 3640 3496 Στέφανον,
3677 3425 3735 3488 ὃς

2147 3523 2458 3587 ὲνατενίσας
2501 3521 2580 3592 τῷ
2618 3520 2833 3594 οὐρανῷ
2863 3515 2973 3573 εἶδε
3014 3518 3172 3584 δόξαν
3202 3514 3338 3571 Θεοῦ
3385 3516 3481 3569 καὶ
3521 3514 3737 3586 Ἰησοῦν

2147 3616 2359 3669 ἑστῶτα
2404 3615 2469 3667 ἐκ
2515 3613 2706 3681 δεξιῶν
2762 3612 2856 3667 τοῦ
2906 3610 3065 3668 Θεοῦ.
3124 3610 3356 3677 Λέγουσι
3407 3608 3592 3661 τοίνυν
3649 3607 3734 3659 ἐπ’

2148 3707 2425 3778 ἀνατροπῇ
2454 3704 2565 3759 τῶν
2592 3706 2691 3776 τῆς
2722 3703 3005 3767 εὐσεϐείας
3029 3701 3333 3772 δογμάτων,
3356 3700 3459 3763 ὅτι,
3491 3699 3557 3751 Ei
3594 3697 3733 3768 μετά

2149 3798 2361 3868 Πατρός
2392 3797 2484 3851 καὶ
2506 3795 2639 3849 Υίοῦ
2671 3795 2752 3848 δεῖ
2776 3795 2993 3858 πάντως
3022 3790 3375 3863 ἀριθμεῖσθαι
3396 3789 3456 3841 τὸ
3479 3787 3730 3859 Πνεῦμα,

2149 3887 2267 3951 πῶς
2304 3887 2403 3940 οὐκ
2446 3880 2585 3939 εἶδεν
2616 3886 2646 3939 6
2688 3883 2959 3952 Στέφανος
3005 3884 3064 3935 ὲν
3105 3883 3173 3951 τῇ
3206 3878 3442 3950 ὀπτασίᾳ
3473 3878 3618 3949 μετά
3641 3878 3734 3930 τοῦ

2150 3977 2279 4031 Υἱοῦ
2304 3978 2398 4031 καὶ
2425 3976 2485 4030 τὸ
2516 3975 2777 4047 Πνεῦμας
2813 3973 2936 4039 Πῶς
2964 3969 3057 4027 οὖν
3093 3972 3271 4043 ὀρέξει
3300 3971 3397 4042 τὴν
3428 3970 3593 4041 χεῖρα
3626 3970 3734 4032 τοῖς

2148 4070 2235 4124 διά
2267 4069 2374 4123 τῶν
2411 4067 2666 4122 τοιούτων
2690 4066 2865 4135 λόγων
2904 4062 3419 4132 ὐποσκελιζομένοις
3443 4063 3473 4115 6
3518 4059 3734 4130 Στέφα-

2151 4178 2275 4227 νος;
2336 4160 2454 4224 πῶς
2503 4157 2804 4232 ἀνορθώσει
2851 4159 2919 4229 τῇ
2986 4156 3323 4226 ἁγωνιστικῇ
3380 4153 3548 4225 τέχνῃ
3607 4152 3734 4215 τούς

2150 4252 2581 4317 ὐποκλάζονταςς
2600 4248 2677 4304 Ἦ
2693 4250 2917 4304 αὐτόθεν
2942 4249 3092 4302 ἐστὶν
3123 4250 3157 4319 ἡ
3190 4245 3411 4319 βοήθεια
3435 4247 3470 4315 ή
3499 4242 3735 4314 ἀνατρέ-

2149 4362 2329 4398 πουσα
2367 4343 2466 4416 τὴν
2499 4342 2757 4398 ἀπιστίαν
2800 4341 2894 4394 τοῦ
2926 4337 3411 4411 προσπαλαίοντος.
3442 4336 3659 4406 Ζητεῖς,
3689 4327 3735 4387 ὧ

2155 4437 2606 4508 Πνευματομάχε,
2632 4436 2711 4490 ὅτι
2729 4475 2745 4500 ,
2773 4435 2836 4489 Εἰ
2858 4436 2892 4505 ἡ
2917 4433 3044 4498 δόξα
3065 4431 3158 4485 τοῦ
3191 4430 3403 4502 Πατρὸς
3427 4427 3613 4499 ῶφθη,
3641 4426 3737 4480 καὶ

2154 4531 2183 4583 6
2218 4529 2343 4591 Υἱὸς
2371 4528 2470 4597 τὴν
2510 4529 2577 4579 ὲκ
2613 4525 2803 4592 δεξιῶν
2832 4525 3021 4578 στάσιν
3054 4521 3215 4592 έχων,
3242 4519 3345 4573 ποῦ
3385 4519 3446 4572 τὸ
3472 4516 3733 4587 Πνεῦμας

2152 4624 2215 4678 Εἰ
2239 4618 2307 4695 ἦν
2330 4625 2387 4675 ὲν
2419 4622 2502 4676 σοὶ
2529 4622 2590 4675 τὸ
2616 4620 2860 4692 Πνεῦμα,
2886 4620 2987 4674 οὐκ
3009 4618 3075 4674 ἂν
3098 4618 3457 4690 προκείμενον
3475 4616 3571 4669 τὸν
3607 4614 3736 4687 περὶ

2148 4714 2313 4769 αὐτοῦ
2335 4715 2491 4784 λόγον
2524 4716 2895 4787 παρέδραμες,
2924 4711 3115 4783 ὥσπερ
3148 4712 3198 4764 oi
3232 4709 3398 4780 πηροὶ
3429 4709 3528 4771 τὰς
3558 4706 3732 4777 ὄψεις,

2148 4805 2210 4859 τὸ
2225 4806 2332 4878 πρὸ
2349 4806 2458 4860 τῶν
2476 4806 2651 4860 ποδῶν
2666 4805 2917 4876 κείμενον
2942 4802 3162 4874 χρυσίον
3182 4800 3501 4870 ἀγνοοῦντες
3524 4798 3736 4869 παρέρ-

2155 4914 2357 4966 χονται.
2403 4896 2562 4950 Ἀλλά
2593 4895 2689 4950 νῦν
2732 4895 2864 4964 γοῦν
2890 4895 3142 4958 ἄκουσον,
3172 4892 3227 4945 ετ
3265 4908 3327 4959 γε
3376 4888 3450 4960 μὴ
3490 4889 3737 4957 συνέχεις

2158 4988 2298 5042 κατὰ
2316 4990 2441 5051 τούς
2469 4987 2756 5051 Ἰουδαίους
2776 4988 2875 5057 τὴν
2893 4986 3080 5056 ἀκοήν.
3104 4984 3229 5047 Πῶς
3249 4978 3355 5035 εῐδε
3382 4983 3481 5052 τὴν
3503 4981 3734 5053 ὑπερου-

2161 5080 2342 5150 ράνιον
2384 5079 2539 5145 δόξαν
2567 5081 2595 5132 6
2648 5078 2952 5147 Στέφανος;
2990 5075 3074 5140 τίς
3111 5074 3262 5145 αὐτῷ
3292 5073 3390 5136 τὰς
3423 5071 3605 5136 πύλας
3630 5069 3737 5124 τῶν

2154 5170 2399 5243 οὐρανῶν
2432 5169 2784 5234 διεπέτασενς
2817 5164 2946 5237 *Δρ*
2980 5166 3327 5239 ἀνθρωπίνης
3356 5164 3643 5234 δυνάμεως
3670 5159 3735 5233 ἧν

2159 5264 2222 5316 τὸ
2265 5262 2629 5335 κατόρθωμας
2681 5258 2793 5333 ἇρά
2836 5277 2981 5325 τινος
3018 5260 3126 5313 τῶν
3190 5258 3439 5327 ἀγγέλων
3492 5257 3634 5327 πρὸς
3676 5256 3737 5307 τὺ

2162 5354 2295 5425 ὕψος
2339 5356 2515 5408 έκεῖνο
2561 5354 2659 5426 τὴν
2687 5354 2837 5407 κάτω
2865 5352 3126 5423 κειμένην
3168 5350 3330 5418 φύσιν
3366 5346 3737 5401 ἀναϐιϐάσανο

2161 5464 2285 5515 τος;
2315 5447 2429 5502 οὐκ
2470 5446 2585 5500 ἐστι
2626 5445 2829 5501 ταῦτα·
2871 5445 2935 5499 οὐ
2973 5443 3083 5515 γὰρ
3131 5441 3304 5505 οὕτως
3331 5442 3365 5512 ὴ
3404 5439 3525 5493 κατ’
3574 5438 3736 5493 αὐτὸν

2163 5537 2373 5611 ἱστορία
2390 5538 2591 5610 φησιν,
2622 5537 2704 5593 ὅτι
2740 5534 3010 5606 Στέφανος
3047 5534 3105 5589 δὲ
3142 5532 3308 5598 πολὺς
3334 5532 3478 5586 κατὰ
3509 5532 3611 5603 τὴν
3652 5529 3733 5585 δύ-

2408 5700 2515 5739 τήν·
