3842 6450
100 356 199 412 717

1405 350 1471 404 ιΝ
1502 350 1559 405 S.
1595 346 2059 405 STEPHANUMa

3252 342 3359 395 7l8

98 486 256 541 ναμιν
288 467 402 532 ῶν,
438 467 471 538 ἢ
518 466 630 538 Τῆς
661 468 958 539 ἁγγελικῆς
998 466 1244 539 βοηθείας
1284 466 1495 536 πλήρης
1528 464 1678 533 γενό-

1784 461 2026 515 mitatem
2086 458 2356 513 infernam
2417 466 2666 511 naturam
2720 455 2943 511 evexit?
2974 454 3093 511 Non
3132 455 3243 511 haec
3287 460 3359 511 ita

98 576 276 630 μενος,
300 554 445 611 εἶδεν
472 557 511 612 ἃ
540 552 727 612 εἷδεν.’
757 558 917 612 Ἀλλά
944 559 996 611 τί
1037 558 1214 625 λέγει;
1247 556 1551 625 Στέφανος
1586 553 1678 624 δὲ,

94 649 335 717 πλήρης
354 648 442 702 ὢν
469 650 814 718 Πνεύματος
846 648 1041 718 ἁγίου,
1061 643 1183 701 εἶδε
1213 645 1328 713 τὴν
1362 645 1550 711 δόξαν
1571 644 1678 699 τοῦ

96 738 241 795 θεοῦ
280 739 385 793 καὶ
416 739 525 791 τόν
543 738 853 808 ,μονογενῆ
897 739 1003 793 τοῦ
1043 738 1191 793 Θεοῦ
1244 739 1398 791 Υἱόν.
1438 737 1514 791 Οὐ
1571 735 1679 808 γὰρ

94 834 225 895 ἐστι,
259 829 469 894 καθώς.
496 847 663 901 φησιν
709 831 739 884 ό
773 833 1065 902 Προφήτης
1086 870 1101 892 ,
1154 828 1216 882 τὸ
1257 829 1373 897 φῶς
1412 826 1676 896 ὀφθῆναι,

97 926 166 995 μὴ
198 927 258 978 ὲν
285 923 365 994 τῷ
388 923 527 992 φωτὶ
557 921 960 994 καθορώμενον.
995 922 1099 977 Ἑν
1118 921 1227 992 γὰρ
1260 920 1339 985 τῷ
1366 919 1515 989 φωτί
1537 933 1677 984 σου,

93 1016 276 1085 φησὶν,
327 1015 595 1083 ὀψόμεθα
630 1012 777 1082 φῶς.
813 1014 876 1067 Εἰ
909 1008 1003 1068 οὖν
1050 1014 1152 1067 ούκ
1201 1011 1475 1082 ἐνδέχεται
1509 1009 1583 1083 μὴ
1621 1010 1681 1063 έν

94 1107 165 1176 τῷ
192 1107 338 1175 φωτὶ
364 1104 619 1174 γενέσθαι
659 1105 759 1176 τὴν
786 1105 881 1159 τοῦ
912 1104 1090 1175 φωτὸς
1118 1103 1352 1174 θεωρίαν
1371 1118 1385 1134 ο
1422 1102 1539 1167 πῶς
1570 1102 1681 1173 γὰρ

94 1196 236 1249 ἐστιν
269 1196 485 1250 ἀπιδεῖν
524 1198 604 1260 είς
645 1195 739 1249 τὸν
784 1196 936 1268 ἥλιον
976 1194 1081 1262 ἔξω
1110 1194 1221 1249 τῶν
1252 1193 1487 1248 ἀκτίνων
1529 1193 1683 1262 γενό-

102 1306 297 1360 μενον;
340 1289 465 1342 ἐπεὶ
488 1287 583 1343 οὖν
609 1290 667 1343 ὲν
702 1288 782 1359 τῷ
815 1289 957 1359 φωτὶ
1008 1287 1105 1341 τοῦ
1138 1287 1373 1359 Πατρὸς,
1404 1286 1681 1340 τουτέστιν

94 1380 148 1431 ἐν
181 1377 264 1449 τῷ
306 1378 585 1449 Πνεύματι
613 1377 691 1448 τῷ
718 1377 859 1448 ἁγίῳ
888 1375 966 1448 τῷ
1000 1375 1211 1431 ἐκεῖθεν
1239 1376 1679 1447 ἐκπορευομένῳ,

92 1469 152 1523 τὸ
190 1468 491 1538 Μονογενὲς
522 1468 823 1541 καθορᾶται
874 1470 1023 1539 φῶςο
1053 1468 1143 1523 διὰ
1170 1467 1329 1521 τοῦτο
1367 1484 1680 1539 προκαταυο

92 1560 316 1627 γασθεὶς
343 1562 410 1631 τῇ
442 1559 569 1631 δόξῃ
593 1558 688 1612 τοῦ
716 1558 1055 1630 Πνεύματος,
1089 1560 1147 1613 ἐν
1181 1558 1433 1631 περινοίᾳ
1457 1558 1559 1628 τῆς
1587 1555 1683 1611 τοῦ

92 1652 306 1723 Πατρὺς
350 1653 445 1706 καὶ
483 1650 578 1704 τοῦ
616 1650 748 1705 Υίοῦ
780 1650 938 1722 δόξης
969 1650 1197 1719 γίνεται.
1240 1649 1412 1713 Ἐπεὶ,
1438 1648 1554 1712 πῶς
1588 1649 1683 1719 τὴν

91 1743 455 1815 εύαγγελικὴν
481 1743 755 1813 ἀπόφασιν
784 1741 1073 1813 ἀληθεύειν
1121 1744 1388 1815 φήσομεν,
1423 1742 1505 1794 ὅτι
1537 1741 1686 1793 Θεὸν

1781 561 1949 615 sunt,
1990 568 2098 607 non
2140 553 2284 606 enim
2326 551 2398 605 ita
2434 551 2503 606 de
2540 565 2605 606 eo
2655 550 2887 605 historia
2917 550 3085 613 dicit,
3133 564 3358 619 nempe:

1782 644 2091 715 Stephanus
2130 652 2311 699 autem
2353 658 2479 697 cum
2517 643 2725 698 viribus
2767 642 3037 712 polleret,
3086 650 3184 695 aut
3233 658 3359 695 cmn

1780 736 1999 792 abunde
2047 736 2097 790 ei
2156 742 2472 805 suppeteret
2524 733 2827 805 angelicum
2877 732 3175 793 auxilium,
3224 732 3362 787 vidit

1778 843 1841 884 ea
1878 843 1999 899 qua:
2027 827 2181 883 vidit.
2207 824 2314 883 Sed
2338 826 2471 897 quid
2504 824 2676 880 dicit?
2719 823 3013 893 Stephanus
3042 833 3214 879 autem
3240 840 3361 877 cum

1778 930 1912 975 esset
1940 920 2123 990 plenus
2145 918 2350 988 Spiritu
2374 927 2579 981 sancto,
2610 916 2738 972 vidit
2772 917 3000 987 gloriam
3022 914 3123 970 Dei
3156 928 3206 971 et
3234 918 3358 971 uni-

1779 1011 2013 1081 genitum
2038 1009 2133 1064 Dei
2153 1008 2202 1063 F
2205 1009 2360 1063 ilium
2385 1009 2453 1063 '°.
2480 1008 2598 1063 Non
2622 1008 2769 1063 enim
2800 1007 2915 1063 ﬁeri
2944 1013 3155 1077 potest,
3189 1017 3248 1062 ut
3276 1008 3361 1062 in—

1780 1101 1899 1172 quit
1930 1100 2236 1171 Propheta,
2279 1109 2337 1156 ttt
2380 1101 2561 1157 lumen
2597 1099 2869 1165 videatur,
2906 1098 3012 1151 nisi
3044 1104 3143 1168 per
3176 1099 3359 1155 lumen

1780 1193 2175 1263 conspiciatur.
2225 1192 2292 1246 In
2340 1192 2536 1246 lumine
2566 1189 2714 1246 enim
2737 1230 2753 1254 ,
2796 1190 3008 1260 inquit,
3041 1200 3127 1242 tuo
3159 1192 3360 1245 videbi-

1781 1302 1898 1339 mus
1937 1286 2112 1339 lumen
2141 1284 2210 1340 ".
2258 1283 2316 1338 Si
2365 1283 2531 1355 igitur
2577 1297 2685 1337 non
2734 1282 2841 1336 nisi
2876 1296 2972 1352 per
3007 1283 3190 1336 lumen
3237 1284 3355 1336 ﬁeri

1782 1376 2007 1433 luminis
2036 1377 2428 1446 contemplatio
2455 1384 2654 1445 potest,
2679 1373 2957 1444 quomodo
2985 1373 3030 1428 si
3055 1375 3180 1445 quis
3203 1384 3359 1429 extra

1783 1469 1968 1524 radios
1997 1477 2269 1529 versetur,
2315 1469 2485 1521 solem
2530 1466 2783 1520 contueri
2834 1466 3057 1535 potest?
3086 1465 3358 1532 Quoniam

1789 1558 1958 1629 igitur
2009 1574 2106 1629 per
2153 1560 2335 1612 lumen
2382 1556 2600 1621 Patris,
2649 1557 2756 1611 hoc
2793 1566 2914 1621 ost,
2964 1572 3061 1627 per
3093 1557 3358 1626 Spiritum

1784 1660 2035 1705 sanctum
2062 1650 2210 1704 illinc
2241 1650 2623 1719 procedentem
2645 1647 2997 1717 Unigenitum
3020 1651 3364 1721 conspicitur

1786 1742 2013 1795 lumen:
2058 1740 2268 1796 idcirco
2308 1741 2483 1809 gloria
2525 1739 2768 1809 Spiritus
2818 1743 2971 1810 prius
3018 1740 3362 1797 illuminatus

90 1836 296 1903 οὐδεὶς
338 1835 561 1905 ἑώρακε
590 1834 827 1889 πώποτε
843 1848 861 1898 ;
888 1833 1011 1899 Πῶς
1040 1835 1098 1889 δὲ
1125 1835 1216 1889 τὸν
1255 1833 1572 1888 Ἀπόστολον
1604 1830 1678 1904 μὴ

1784 1834 1938 1903 plena
1984 1832 2183 1887 mentis
2232 1830 2756 1902 comprehensione,
2805 1840 2861 1888 et
2903 1831 3083 1888 Patris
3135 1843 3191 1888 et
3239 1832 3361 1887 Filii

90 1929 311 1981 ἐναντία
343 1931 457 1992 τοῖς
491 1926 823 1999 ίστορηθεῖσι
859 1926 1009 1998 βοᾷν,
1039 1927 1167 1981 ὅταν
1202 1926 1350 1997 λέγει
1369 1942 1384 1957 ·
1410 1926 1559 1980 οὔτε
1588 1943 1679 1990 τις

88 2017 253 2076 εἶδεν
274 2020 466 2075 αὐτόν
484 2020 830 2089 ἀνθρώπων,
854 2020 994 2075 οὔτε
1020 2018 1169 2074 ἰδεῖν
1187 2017 1435 2073 δύναται
1453 2033 1472 2082 ;
1494 2018 1555 2070 Et
1572 2018 1678 2087 γὰρ

90 2112 416 2185 ἀνθρωπίνῃ
443 2112 602 2182 φύσει
644 2129 706 2166 τε
746 2113 840 2168 καὶ
884 2112 1131 2183 δυνάμει,
1172 2112 1205 2181 ἡ
1237 2109 1332 2163 τοῦ
1364 2108 1576 2181 Πατρός
1618 2125 1678 2160 τε

91 2206 183 2259 καὶ
208 2204 311 2259 τοῦ
342 2203 474 2259 Υἱοῦ
501 2204 629 2271 δόξα
657 2204 878 2275 χωρητὴ
904 2204 1142 2275 κατέστη
1162 2220 1177 2235 ·
1208 2202 1408 2274 ψευδὴς
1436 2201 1676 2266 πάντως,

92 2302 120 2353 6
146 2299 438 2371 ὰχώρητον
466 2297 777 2370 ἀνθρώποις
814 2297 1235 2368 ἀποφηνάμενος
1272 2291 1411 2350 εἶναι
1448 2296 1509 2348 τὸ
1537 2294 1681 2348 θεῖον

91 2392 295 2461 θέαμα.
343 2389 504 2444 Ἀλλὰ
553 2390 660 2461 μὴν
684 2389 809 2443 οὔτε
847 2391 1050 2443 ἐκεῖνον
1086 2387 1407 2459 ψεύδεσθαι,
1444 2388 1535 2442 καὶ
1580 2386 1680 2456 τὴν

92 2480 340 2553 ίστορίαν
364 2479 652 2551 ἀληθεύειν
677 2480 1010 2548 ἐπάναγκες.
1046 2481 1191 2551 Ἀρα
1230 2477 1477 2549 φανερῶς
1510 2479 1543 2548 ὴ
1584 2494 1680 2531 και

92 2574 329 2645 κουργία
374 2573 484 2627 τῶν
530 2572 1007 2643 Πνευματομάχων
1064 2572 1415 2644 πεφώραται,
1467 2572 1547 2625 ὅτι
1599 2571 1680 2641 τῷ

88 2668 266 2738 ὁμοίῳ
300 2664 642 2737 καθορᾶσθαι
678 2664 747 2718 τὰ
797 2666 957 2735 ὃμοια
995 2665 1146 2735 παρὰ
1180 2664 1282 2734 τῆς
1315 2665 1538 2735 Γραφῆς
1581 2680 1677 2734 με·

92 2758 467 2829 μαρτύρηται.
505 2757 566 2809 Ὀ
599 2754 709 2827 γὰρ
746 2754 1014 2824 Στέφανος
1044 2754 1145 2808 οὐκ
1181 2755 1242 2808 ὲν
1274 2756 1338 2825 τῇ
1364 2752 1679 2825 ἀνθρωπίνῃ

90 2850 257 2918 φύσει
297 2866 359 2901 τε
404 2848 498 2902 καὶ
525 2846 751 2918 δυνάμει
788 2847 967 2917 μένων
1008 2847 1069 2901 τὸ
1096 2846 1252 2900 Θεῖον
1283 2845 1502 2917 βλέπει·
1544 2845 1681 2899 ἀλλὰ

92 2942 233 3011 πρὸς
274 2941 377 3012 τὴν
420 2934 516 2994 τού
557 2939 714 3008 ἁγίου
765 2938 1080 3009 Πνεύματος
1115 2938 1277 3010 χάριν
1315 2937 1676 3010 ἀνακραθεὶς,

89 3036 158 3089 δι’
201 3035 419 3089 ἐκείνου
460 3033 647 3105 ὑψώθη
696 3033 832 3105 πρὸς
858 3032 958 3105 τὴν
998 3032 1092 3086 τοῦ
1144 3032 1279 3087 Θεοῦ
1330 3032 1675 3102 κατανόησιν.

1780 1924 2008 1995 gloriam
2061 1923 2293 1995 percipit
2341 1931 2395 1977 et
2448 1922 2853 1979 animadvertit.
2897 1923 3030 1978 Nam
3085 1928 3364 1997 quomodo

1780 2017 1983 2087 alioqui
2016 2017 2221 2073 dictum
2265 2018 2640 2089 evangelicum
2661 2059 2676 2083 ,
2709 2018 2878 2072 Deum
2921 2034 3071 2074 nemo
3102 2021 3231 2074 uidit
3260 2039 3363 2075 uu-

1779 2128 1940 2183 quam
1976 2114 2044 2178 “,
2077 2127 2265 2168 verum
2310 2126 2436 2167 esse
2476 2111 2725 2167 dicemus
2746 2112 2774 2165 ?.
2811 2127 2921 2182 qua
2961 2113 3179 2167 ratione
3230 2114 3358 2169 item

1782 2205 2102 2277 Apostolum
2159 2218 2270 2259 non
2316 2205 2594 2260 contraria
2636 2204 2703 2258 iis
2753 2220 2876 2276 quae
2918 2206 3194 2261 memoria:
3234 2222 3362 2276 pro-

1786 2296 1901 2351 dita
1932 2310 1998 2351 ac
2022 2295 2220 2352 litteris
2252 2295 2508 2351 mandata
2538 2305 2697 2361 sunt,
2726 2297 3013 2352 clamare?
3039 2313 3163 2353 cum
3191 2299 3357 2361 dicit,

1783 2386 1896 2442 Nec
1918 2388 2199 2458 quisquam
2220 2388 2493 2443 hominum
2512 2388 2643 2442 vidit
2662 2429 2676 2451 ,
2702 2404 2865 2459 neque
2890 2389 3061 2443 videre
3085 2400 3253 2458 potest
3268 2392 3323 2429 ³³
3338 2390 3365 2443 ?

1778 2476 1914 2532 Nam
1946 2479 1993 2534 si
2039 2478 2110 2532 ab
2154 2479 2397 2534 humana
2430 2480 2480 2532 vi
2517 2490 2681 2549 atque
2724 2487 2954 2543 natura,
2985 2490 3040 2537 et
3083 2480 3260 2537 Patris
3307 2491 3363 2535 et

1781 2567 1901 2624 Filii
1934 2571 2109 2641 gloria
2137 2571 2343 2642 percipi
2375 2581 2594 2641 posset,
2630 2571 2861 2626 mendax
2907 2581 2963 2629 et
3003 2588 3178 2629 vanus
3211 2588 3361 2643 pror-

1781 2677 1876 2719 sus
1904 2670 2051 2719 esset
2103 2664 2175 2730 is,
2206 2663 2302 2733 qui
2334 2662 2496 2726 dixit,
2547 2664 2799 2720 homines
2844 2666 3015 2719 divini
3060 2667 3363 2733 spectaculi

1780 2768 2013 2826 capaces
2046 2767 2155 2807 non
2205 2764 2349 2809 esse.
2395 2752 2562 2823 Atqui
2606 2769 2787 2824 neque
2856 2755 3007 2809 illum
3056 2756 3277 2811 mentiri
3309 2764 3366 2810 et

1782 2845 2070 2902 historiam
2098 2858 2284 2900 veram
2310 2859 2436 2901 esse
2463 2859 2689 2901 necesse
2716 2853 2821 2901 est.
2848 2844 2991 2916 Ergo
3014 2847 3224 2901 malitia
3248 2845 3365 2917 Spi-

1782 2939 1920 2994 ritus
1954 2937 2131 2993 sancti
2176 2935 2413 2993 hostium
2468 2935 2761 2992 manifesto
2810 2937 3153 3008 deprehensa
3192 2954 3367 3011 appa-

1781 3036 1887 3094 ret,
1931 3028 2059 3099 quia
2095 3028 2414 3085 testimonio
2460 3026 2755 3098 Scriptum:
2794 3028 3081 3099 probatum
3111 3040 3196 3087 est
3228 3048 3258 3085 a
3287 3032 3366 3085 si-

91 3126 311 3181 υύκοῦν
340 3128 390 3180 εἰ
417 3126 586 3198 χωρὶς
608 3123 701 3179 τοῦ
733 3123 1048 3195 Πνεύματος
1080 3123 1200 3177 οὔτε
1235 3123 1433 3197 Κύριον
1473 3123 1678 3195 Ἰησοῦν

1784 3122 1896 3176 mili
1920 3120 2124 3175 similia
2159 3112 2338 3175 cerni.
2360 3119 2496 3175 Nam
2523 3135 2630 3175 non
2658 3122 2713 3175 in
2739 3121 2977 3176 humana
3005 3131 3203 3177 natura
3227 3138 3289 3177 ac
3313 3126 3365 3178 vi

89 3222 245 3273 ἐστιν
292 3221 492 3284 εἰπεῖν,
530 3216 712 3281 καθώς
750 3234 913 3289 φησιν
959 3218 989 3269 ό
1039 3217 1389 3283 Ἀπόστολος,
1424 3216 1548 3272 οὔτε
1583 3217 1682 3289 τὴν

92 3312 387 3382 Πατρικὴν
432 3308 593 3374 δόξαν
632 3307 1005 3379 κατανοῆσαι·
1038 3308 1309 3362 δέδεικται
1352 3309 1558 3379 σαφῶς,
1602 3309 1684 3363 ὅτι

91 3404 234 3458 ὅπου
285 3402 347 3455 τὸ
400 3401 629 3473 Πνεῦμά
677 3403 847 3466 ἐστιν,
890 3401 1008 3454 ἐκεῖ
1029 3401 1123 3454 καὶ
1154 3400 1183 3451 6
1212 3401 1339 3465 Υἱὸς
1360 3401 1683 3473 καθορᾶται,

92 3498 190 3551 καὶ
238 3498 274 3567 ἡ
319 3494 569 3566 [ἰατρικὴ
602 3494 729 3559 δόξα
769 3493 1268 3566 καταλαμϐάνεται.
1328 3494 1467 3549 Ἀλλ’
1500 3496 1686 3566 ἓτερον

91 3592 231 3660 ἡμῖν
261 3590 328 3640 ὲκ
357 3583 468 3640 τῶν
497 3585 890 3658 ἱστορηθέντων
916 3586 1081 3640 ὅπλον
1114 3586 1369 3650 ἀσεϐείας
1400 3587 1550 3660 παρὰ
1575 3587 1687 3641 τῶν

90 3677 503 3749 Χριστομάχων
549 3675 928 3748 προδάλλεται.
980 3676 1122 3729 Φασὶ
1164 3676 1272 3747 γὰρ
1323 3676 1384 3730 τὸ
1426 3676 1686 3740 καταδεὲς

90 3770 188 3823 τοῦ
237 3767 581 3835 Μονογενοῦς
626 3767 716 3821 διὰ
760 3766 952 3821 τούτου
1018 3767 1402 3837 σημαίνεσθαι.
1456 3766 1530 3819 Τὸ
1577 3767 1686 3840 γὰρ

91 3861 447 3933 παρεστᾶναι
500 3860 663 3914 αὑτὸν
703 3863 770 3931 τῇ
808 3858 960 3929 δεξιᾷ
1001 3858 1093 3913 τοῦ
1136 3861 1369 3932 Πατρὸς,
1413 3860 1686 3926 ἀπόδειξιν

26 4018 27 4023 η
93 3953 388 4007 ποιοῦνται
408 3950 503 4006 τοῦ
529 3951 836 4022 ὑποχείριον
854 3946 993 4006 εἶναι
1014 3953 1079 4023 τῇ
1098 3949 1193 4005 τοῦ
1220 3950 1429 4023 Πατρδς
1446 3950 1682 4023 ἐξουσίᾳ.

91 4047 161 4101 τί
194 4034 294 4100 οὖν
315 4045 347 4097 ό
375 4042 613 4108 Παῦλος,
649 4042 785 4115 πρὸς
814 4043 1012 4107 αὐτοὺς
1036 4040 1246 4113 εἴποιμι
1277 4041 1344 4097 ἄν
1366 4059 1381 4108 ;
1407 4041 1542 4095 τίδὲ
1590 4042 1688 4096 καὶ

91 4141 207 4212 πρὸ
270 4137 483 4191 ἐκείνου
517 4136 547 4188 ὁ
580 4135 865 4208 προφήτης
910 4133 1107 4197 Δαῦὶδ,
1153 4134 1453 4205 ἀμφότεροι
1502 4134 1569 4203 τῇ
1610 4132 1688 4185 δι-

92 4227 375 4299 δασκαλίᾳ
414 4224 509 4280 τοῦ
550 4223 867 4294 Πνεύματος
893 4223 993 4296 τὴν
1034 4222 1127 4276 τού
1160 4220 1500 4291 Μονογενοῦς
1528 4221 1686 4288 δόξαν

93 4319 553 4392 ἐκδιηγούμενοις
586 4317 654 4370 Ὅ
681 4332 743 4369 τε
768 4314 877 4387 γὰρ
898 4314 1064 4368 Δαϐίδ
1093 4331 1278 4386 φησιν,
1300 4310 1489 4370 Εἶπεν
1518 4317 1551 4369 ό
1572 4314 1688 4369 Κύ-

82 4433 226 4485 ριος
262 4411 349 4477 τῷ
382 4410 577 4479 Κυρίῳ
606 4425 747 4478 μου·
784 4408 983 4463 Κάθου
1011 4407 1078 4461 ἐκ
1116 4406 1333 4473 δεξιῶν
1354 4425 1495 4478 μου.
1532 4407 1591 4460 '0
1629 4406 1688 4460 δὲ

1786 3229 2015 3269 manens
2041 3214 2358 3284 Stephanus
2385 3228 2586 3269 numen
2611 3214 2856 3268 divinum
2880 3216 3091 3270 cernit:
3116 3217 3212 3272 sed
3237 3231 3365 3271 cum

1784 3307 1957 3376 gratia
1990 3305 2166 3362 sancti
2197 3306 2439 3377 Spiritus
2471 3305 2771 3376 permistus
2799 3313 2854 3361 et
2883 3314 3363 3377 contemperatus,

1786 3410 1882 3465 per
1915 3396 2069 3450 illum
2099 3394 2354 3452 sublatus
2375 3403 2430 3450 et
2450 3402 2675 3450 evectus
2707 3402 2792 3450 est
2821 3394 2888 3449 ad
2913 3395 3004 3450 Dei
3031 3398 3369 3466 contempla-

1785 3493 2011 3547 tionem.
2061 3492 2333 3559 Quocirca
2385 3492 2431 3547 si
2465 3492 2673 3561 absque
2705 3491 2915 3562 Spiritu
2958 3507 3138 3563 neque
3181 3493 3369 3549 Domi-

1787 3602 1917 3641 num
1942 3584 2128 3641 Jesum
2156 3584 2344 3641 dicere
2370 3585 2530 3648 licet,
2564 3592 2624 3638 ut
2652 3584 2830 3656 inquit
2851 3586 3150 3657 Apostolus
3178 3587 3246 3650 “,
3277 3602 3370 3641 ne-

1786 3692 1895 3747 que
1933 3686 2215 3747 paternam
2236 3676 2466 3747 gloriam
2490 3677 2851 3747 contemplari
2886 3696 2898 3731 :
2929 3677 3367 3733 demonstratum

1786 3777 1870 3824 est
1908 3776 2129 3839 aperte,
2175 3766 2325 3839 quod
2357 3768 2448 3822 ubi
2491 3766 2734 3837 Spiritus
2782 3768 2892 3832 sit,
2936 3769 3051 3823 illic
3080 3769 3246 3822 etiam
3278 3766 3369 3821 Fi-

1788 3861 1894 3915 lius
1935 3861 2204 3924 cernitur,
2253 3869 2309 3917 et
2357 3868 2587 3931 paterna
2642 3861 2813 3930 gloria
2862 3859 3362 3931 comprehenditur.

1788 3951 1989 4007 Verum
2020 3953 2167 4009 aliud
2214 3954 2378 4011 nobis
2405 3971 2473 4009 ex
2504 3955 2609 4019 iis,
2646 3969 2767 4025 qua:
2812 3954 2862 4006 in
2912 3952 3144 4007 historia
3186 3954 3368 4006 conti-

1787 4053 2010 4109 nentur,
2067 4044 2370 4115 impietatis
2407 4047 2575 4100 telum
2616 4060 2647 4100 a
2689 4044 3161 4108 Christoutaehis,
3199 4044 3251 4098 id
3283 4053 3369 4098 est

1788 4137 1989 4192 Christi
2033 4136 2311 4203 hostibus,
2347 4136 2633 4207 ohjicitur.
2672 4137 2843 4190 Aiunt
2871 4137 3015 4191 enim
3050 4134 3366 4189 interiorem

1789 4228 2066 4300 Unigeniti
2102 4229 2424 4299 dignitatem
2462 4244 2560 4299 per
2595 4233 2707 4284 haec
2741 4227 3064 4299 signiﬁcari.
3101 4225 3233 4280 Nam
3272 4241 3368 4295 per

1788 4320 1927 4383 hoc,
1977 4318 2123 4390 quod
2171 4319 2397 4374 assistat
2447 4319 2515 4374 ad
2559 4318 2837 4374 dexteram
2888 4318 3091 4382 Patris,
3142 4317 3369 4375 demou-

1788 4420 1967 4468 strare
1990 4419 2288 4477 conantur,
2334 4426 2459 4466 eum
2505 4412 2786 4466 subditum
2829 4426 2952 4467 esse
2988 4408 3170 4467 Patris
3222 4422 3371 4481 pote-

103 4503 439 4567 ’Δπόστολος
460 4505 519 4555 ὲν
544 4502 693 4572 δεξιᾷ
713 4500 808 4554 τοῦ
839 4501 1027 4572 θρόνου
1056 4499 1149 4553 τοῦ
1181 4499 1315 4554 Θεοῦ
1342 4499 1678 4554 κεκαθικέναι

1790 4506 1940 4560 stati.
1997 4506 2141 4573 Quid
2192 4508 2359 4579 igitur
2403 4506 2652 4563 Paulus?
2684 4506 2869 4561 Dicam
2920 4508 2990 4562 ad
3028 4522 3164 4564 eos:
3223 4509 3366 4576 Quid

91 4602 250 4669 λέγει
276 4597 372 4651 τὸν
393 4595 613 4666 Κύριον.
645 4595 708 4648 Εί
744 4589 837 4648 οὖν
869 4595 902 4665 ἡ
945 4592 1134 4655 στάσις
1165 4592 1265 4663 τῆς
1306 4591 1684 4655 ἐλαττώσεως,

89 4695 124 4762 ἡ
169 4688 419 4758 καθέδρα
460 4686 675 4749 πάντως
706 4684 808 4757 τῆς
839 4685 1132 4756 ὁμοτιμίας
1168 4686 1285 4737 ἐστι
1334 4686 1583 4755 σημεῖον,
1645 4683 1680 4753 ἢ

91 4783 281 4835 τοίνυν
306 4776 856 4851 παραγραφέσθωσαν
882 4776 981 4837 τὰς
1005 4776 1329 4848 θεοπρεπεῐς
1358 4775 1683 4847 μαρτυρίας,

91 4876 167 4927 δι’
223 4867 303 4927 ὧν
353 4871 416 4923 τὸ
464 4870 669 4939 ὑψηλὸν
700 4871 798 4939 τῆς
843 4867 1022 4932 δεξιᾶς
1059 4867 1559 4938 διασημαίνεται.ἦ
1593 4869 1689 4921 καὶ

90 4966 314 5034 ταύτην
340 4960 577 5024 εὐσεϐῶς
614 4959 1037 5030 ὲκδεχέσθωσαν.
1074 4953 1169 5023 Εἷς
1202 4961 1312 5031 γὰρ
1344 4959 1430 5029 ἐφ’
1456 4960 1685 5013 ἑκάστου

90 5059 215 5111 τῶν
247 5053 557 5126 εἰρημένων
588 5051 994 5124 διδάσκαλος,’ἡ
1033 5050 1129 5105 τού
1168 5051 1485 5123 Πνεύματος
1507 5052 1685 5124 χάρις.

105 5151 172 5204 Ὀ
201 5148 308 5219 μὲν
335 5146 445 5216 γὰρ
478 5143 773 5215 Στέφανος,
800 5143 1014 5216 πλήρης
1056 5142 1131 5197 ὣν
1160 5142 1476 5215 Πνεύματος
1503 5146 1685 5213 ἁγίου,

26 5226 29 5233 ’
90 5240 212 5296 εἶδέ
241 5257 305 5293 τε
329 5239 367 5294 ἃ
404 5238 510 5291 εἶδε
529 5251 543 5268 ⁵
586 5237 681 5291 καὶ
718 5235 753 5291 ἃ
779 5231 942 5301 εἶδεν,
969 5236 1291 5305 ἐφθέγξατο.
1330 5238 1390 5291 '0
1423 5237 1479 5290 δὲ
1503 5236 1688 5298 Δαϐὶδ,

92 5337 157 5387 ὲν
216 5330 498 5400 Πνεύματι
533 5328 695 5380 αὑτὸν
743 5327 898 5380 καλεί
933 5326 1155 5398 Κύριον,
1204 5326 1387 5390 καθὼς
1434 5326 1580 5396 λέγει
1628 5328 1689 5381 τὸ

91 5422 463 5492 Εὑαγγέλιον.
496 5420 708 5484 Παῦλος
749 5418 827 5483 δὲ,
860 5416 1042 5481 καθὼς
1070 5417 1231 5483 αὐτὸς
1265 5418 1469 5482 ἐκεῖνός
1499 5436 1686 5489 φησιν,

89 5521 155 5572 ὲν
197 5514 482 5585 Πνεύματι
532 5510 684 5565 λαλεῖ
718 5510 786 5565 τὰ
830 5510 1124 5582 μυστήρια.
1171 5510 1234 5563 Ei
1273 5506 1366 5563 οὖν
1412 5503 1495 5573 εἷς
1537 5511 1567 5563 6
1609 5510 1688 5564 6t-

86 5604 396 5669 δάσκαλος,
442 5601 696 5673 οὐδεμίαν
763 5600 900 5671 πρὸς
950 5600 1140 5654 ἑαυτὸν
1199 5598 1492 5667 διαφωνίαν
1543 5599 1685 5671 ἔχων

170 5751 224 5784 ’⁸
248 5750 373 5805 Act.
405 5764 505 5808 ut.
526 5748 615 5804 55.
691 5747 732 5778 "
764 5744 908 5802 Psal.
930 5758 1095 5806 xxxv,
1136 5744 1221 5800 l0.
1303 5746 1348 5775 "
1372 5743 1529 5800 Joan.
1565 5763 1605 5808 ι.
1641 5747 1693 5803 8.

82 5828 145 5859 ’⁸
189 5822 413 5881 Coloss.
455 5836 538 5888 ιιι,
574 5820 633 5886 i;
668 5817 830 5875 Hebr.
862 5834 901 5881 I,
933 5817 985 5871 5.
1050 5817 1106 5849 ’⁸⁷
1134 5817 1259 5872 Act.
1289 5833 1365 5881 vt,
1401 5815 1432 5870 8
1462 5831 1613 5887 seqq.

1787 4601 1915 4655 item
1952 4608 2080 4656 ante
2114 4601 2265 4655 illum
2314 4601 2480 4656 etiam
2521 4601 2783 4671 propheta
2816 4600 3021 4666 David,
3061 4601 3221 4657 ambo
3271 4618 3369 4672 per

1786 4692 2092 4747 doctrinam
2142 4694 2316 4749 sancti
2362 4692 2598 4763 Spiritus
2626 4693 2900 4762 Unigeniti
2932 4693 3160 4764 gloriam
3195 4711 3364 4764 expo-

1792 4787 2030 4837 nentes?
2060 4781 2192 4836 Nam
2225 4792 2279 4837 et
2309 4780 2475 4836 David
2514 4783 2629 4835 ait:
2668 4781 2816 4835 Dixit
2851 4782 3105 4836 Dominus
3139 4784 3367 4838 Domino

1791 4888 1938 4926 meo:
1961 4872 2141 4927 Sedea
2163 4873 2368 4928 dextris
2389 4875 2515 4928 meis
2541 4875 2618 4927 ":
2648 4881 2703 4929 et
2734 4874 3040 4943 Apostolus
3068 4876 3122 4942 in
3142 4876 3367 4930 dextera
3434 4912 3449 4927 .

1788 4963 1911 5018 solii
1944 4961 2037 5017 Dei
2079 4963 2271 5019 sedere
2320 4964 2610 5020 Dominum
2646 4964 2781 5020 dicit
2810 4965 2878 5019 ".
2913 4964 2970 5020 Si
3005 4966 3172 5036 igitur
3201 4968 3370 5021 statio

1785 5055 2187 5120 diminutionis,
2220 5056 2396 5113 sessio
2424 5071 2651 5127 prorsus
2679 5054 2924 5125 ejusdem
2959 5058 3145 5121 sortis,
3177 5057 3369 5111 condi-

1785 5147 1952 5201 tionis
1992 5156 2047 5204 et
2088 5148 2315 5202 honoris
2368 5149 2584 5220 signum
2636 5159 2739 5206 est.
2782 5150 2888 5205 Aut
2935 5149 3102 5221 igitur
3138 5158 3370 5219 augusta

1784 5253 1850 5293 ac
1878 5240 2062 5294 divina
2093 5239 2351 5309 rejiciant
2384 5243 2698 5299 testimonia
2718 5283 2732 5307 ,
2771 5258 2866 5313 per
2908 5257 3028 5313 quae
3058 5243 3369 5298 sublimitas

1792 5330 1998 5385 dextrae
2043 5332 2423 5402 signiﬁcatur:
2458 5340 2553 5388 aut
2593 5335 2756 5389 etiam
2805 5334 2909 5388 hoc
2952 5333 3039 5403 pie
3078 5332 3369 5403 recipiant.
3440 5372 3447 5377 .

1795 5419 1916 5477 Una
1943 5423 2088 5478 enim
2121 5425 2389 5496 cujusque
2408 5425 2538 5480 dicti
2564 5427 2825 5497 magistra
2860 5440 2924 5480 ac
2956 5425 3168 5481 doctrix
3195 5427 3370 5497 gratia

1794 5518 1972 5573 sancti
2011 5516 2252 5588 Spiritus
2278 5527 2384 5574 est.
2418 5516 2553 5572 Nam
2586 5516 2895 5588 Stephanus
2916 5519 2963 5550 "
2996 5518 3216 5589 quidem
3244 5534 3369 5573 cum

1795 5606 1989 5676 plenus
2019 5616 2167 5663 esset
2198 5607 2406 5679 Spiritu
2441 5615 2657 5675 sancto,
2685 5618 2739 5664 et
2766 5608 2903 5663 vidit
2933 5623 3018 5675 ea,
3050 5624 3173 5680 qua:
3201 5609 3332 5665 vidit
3355 5652 3369 5670 ,

1755 5749 1801 5780 ”
1830 5747 1850 5801 ι
1879 5748 2117 5806 Timoth.
2145 5768 2217 5818 vt,
2254 5752 2343 5807 16.
2404 5754 2450 5786 ³⁵
2478 5752 2645 5809 lCor.
2681 5768 2779 5819 tm,
2805 5752 2860 5819 5.
2932 5753 2976 5784 ³⁸
2997 5749 3148 5820 Psal.
3168 5764 3284 5817 cu,
3318 5750 3369 5809 ί.
