3842 6410
495 301 599 359 719

1723 297 1781 351 S.
1857 294 2185 353 GREGORII
2222 295 2267 351 Ν
2275 295 2515 353 YSSENI

3634 298 3739 353 720

490 426 547 475 et
581 432 705 490 qua:
731 415 888 481 vidit,
939 415 1156 469 locutus
1195 421 1316 469 est:
1355 412 1526 468 David
1566 420 1748 469 autem
1773 413 1829 467 in
1869 412 2063 483 spiritu

2167 414 2216 482 (6
2234 411 2343 483 γάρ
2366 410 2680 475 διδάσκαλός
2701 410 2816 464 ἐστι
2845 409 2909 463 τὸ
2939 410 3163 482 Πνεῦμα
3188 408 3566 482 τῆςάληθείας
3593 411 3656 463 τὸ
3678 412 3734 462 ἐν

494 510 781 565 Dominum
806 520 930 563 eum
952 514 1127 572 vocat,
1145 513 1203 560 ut
1224 505 1402 577 inquit
1418 504 1838 574 Evangelium“,
1863 504 2067 561 Paulus

490 617 639 668 vero,
672 603 815 657 sicut
850 601 942 655 ille
986 600 1105 671 ipse
1157 598 1311 666 dicit,
1373 614 1471 670 per
1523 600 1774 670 spiritum
1825 598 2067 669 loquitur

491 694 748 767 mysteria
768 694 836 749 ⁸⁸.
866 690 925 747 Si
953 691 1121 763 igitur
1145 707 1288 748 unus
1317 692 1579 762 magister
1599 699 1703 756 est,
1733 691 1826 762 qui
1860 692 2065 746 nullam

490 802 677 844 secum
708 786 1139 858 discrepantiam
1174 784 1337 840 habet
1379 785 1662 855 trnagister
1702 784 1847 840 enim
1905 784 2067 854 spiri-

491 889 582 934 tus
609 877 861 933 veritatis
891 885 1011 943 est,
1040 876 1133 946 qui
1165 875 1268 929 fuit
1306 875 1361 929 in
1407 874 1477 930 iis
1510 876 1603 945 qui
1638 878 1862 931 numine
1901 874 2066 930 amati

490 978 655 1041 atque
668 968 954 1026 divinitate
970 967 1109 1039 rapti
1132 966 1399 1037 fuerunt),
1412 981 1518 1037 qua
1536 968 1746 1022 ratione
1758 967 1880 1037 quis
1895 967 2068 1023 diver-

492 1059 713 1115 sitatem
732 1067 788 1115 et
804 1058 1225 1130 discrepantiam
1258 1057 1631 1112 doctrinarum
1650 1058 1919 1127 suspicari
1940 1072 2068 1127 pos-

491 1151 596 1206 sit?
616 1152 686 1204 At
703 1151 867 1205 aliam
895 1150 1094 1215 sessio,
1121 1149 1318 1219 inquit,
1350 1155 1407 1202 et
1434 1148 1596 1202 aliam
1614 1148 1803 1210 statio,
1828 1155 1989 1219 prout
2010 1149 2066 1202 in

491 1251 743 1313 promptu
764 1256 829 1298 ac
854 1240 1014 1297 facile
1027 1248 1112 1297 est
1137 1239 1456 1311 intelligere,
1481 1239 1805 1294 sententiam
1840 1240 2064 1295 indicat.

492 1331 605 1388 Nec
622 1347 723 1404 ego
750 1347 912 1403 nego.
931 1330 1127 1387 Verum
1147 1346 1256 1386 non
1279 1330 1335 1385 id
1364 1331 1509 1400 quod
1526 1331 1583 1385 in
1604 1331 1930 1400 corporibus
1943 1345 2066 1387 ver-

495 1424 690 1479 borum
721 1422 1048 1495 signiﬁcatio
1065 1424 1326 1489 ostendit,
1342 1424 1448 1478 hnc
1473 1422 1637 1477 etiam
1654 1422 1709 1476 in
1742 1423 2066 1492 incorporea

490 1523 688 1570 natura
718 1514 802 1570 fas
828 1522 914 1572 est
946 1514 1281 1571 existimare.
1318 1513 1455 1569 Nam
1494 1515 1550 1569 in
1582 1514 1802 1570 homine
1845 1514 2065 1584 quidem

491 1608 689 1675 sessio,
711 1609 768 1663 in
798 1606 1022 1664 natibus
1049 1607 1301 1679 corporis
1326 1608 1657 1679 positionem
1690 1607 1959 1678 designat,
1998 1621 2067 1662 ne

493 1715 711 1770 semper
742 1698 1027 1755 contentio
1055 1714 1290 1768 genuum
1328 1713 1394 1754 ac
1423 1699 1691 1769 poplitum
1720 1698 1775 1752 in
1803 1712 1925 1754 sese
1942 1712 2062 1752 cor-

492 1791 641 1862 poris
680 1791 895 1862 pondus
942 1790 1222 1846 sustinens
1252 1791 1465 1846 laboret
1499 1809 1514 1846 :
1558 1798 1614 1845 et
1644 1798 1839 1846 contra
1871 1791 2056 1854 statio,

492 1882 722 1938 arduum
743 1890 799 1938 et
826 1888 1068 1937 erectum
1122 1896 1287 1952 super
1318 1896 1495 1952 genua
1526 1880 1801 1937 hominem
1853 1878 2062 1951 signiti-

491 1980 599 2038 cat,
639 1988 751 2029 non
793 1972 849 2028 in
895 1972 1388 2029 natibus‘sedendo
1424 1973 1820 2044 quiescentem.
1858 1971 1915 2026 ln
1960 1989 2059 2030 su-

494 2079 661 2135 perna
719 2072 903 2120 autem
950 2072 1006 2121 et
1033 2063 1338 2122 excellente
1371 2072 1569 2120 natura
1620 2065 1690 2120 ab
1744 2065 2061 2137 huiusmodi

495 2155 861 2212 intellectibus
889 2164 944 2211 et
976 2156 1152 2213 sessio
1179 2163 1238 2213 et
1268 2156 1432 2211 statio
1459 2171 1635 2213 vacua
1678 2164 1845 2229 atque
1885 2159 2061 2215 aliena

494 2253 600 2312 est,
626 2253 858 2316 utraque
885 2247 1091 2317 pariter
1118 2247 1187 2303 ab
1209 2261 1294 2313 ea,
1328 2261 1488 2317 quam
1524 2247 1774 2318 expedite
1798 2256 1961 2321 atque
2004 2251 2061 2304 in

494 2345 745 2408 promptu
794 2345 901 2404 est,
960 2338 1290 2409 intelligere,
1347 2338 1753 2410 signiﬁcatione
1785 2350 2058 2412 separata.

494 2428 678 2500 Neque
690 2430 835 2485 enim
851 2430 906 2485 in
922 2431 1223 2502 poplitibus
1239 2433 1531 2490 stationem
1543 2433 1683 2503 ejus,
1712 2435 1856 2505 quod
1879 2436 2034 2491 incor
2046 2465 2063 2478 -

496 2536 717 2591 porcum
734 2529 820 2577 est
836 2536 1013 2592 neque
1025 2524 1080 2579 in
1095 2525 1319 2581 natibus
1330 2527 1631 2582 sessionem
1644 2527 1786 2596 ejus,
1805 2529 1953 2599 quod
1967 2545 2062 2585 ex-

496 2624 619 2681 pers
640 2609 825 2680 ﬁgura:
840 2618 947 2676 est,
965 2611 1296 2683 accipiemus
1315 2636 1325 2669 :
1345 2614 1441 2670 sed
1460 2629 1554 2685 per
1572 2624 1859 2688 utramque
1871 2632 2060 2674 vocem

494 2701 545 2757 id
572 2699 717 2773 quod
750 2701 807 2758 in
839 2704 989 2758 omni
1024 2706 1168 2759 bono
1195 2706 1411 2773 stabile,
1441 2715 1495 2763 et
1525 2706 1579 2761 in
1612 2710 1758 2764 omni
1783 2709 1928 2765 bono
1962 2712 2063 2771 im-

493 2792 753 2849 mutabile
778 2803 882 2857 est,
907 2794 993 2864 pie
1019 2794 1406 2868 intelligemus.
1427 2796 1561 2853 Nam
1574 2808 1683 2854 tam
1707 2799 1757 2855 is
1777 2800 1870 2870 qui
1893 2810 2059 2867 stare,

492 2900 655 2956 quam
683 2886 778 2955 qui
831 2886 1024 2943 sedere
1083 2902 1288 2944 numen
1340 2888 1585 2944 divinum
1638 2892 1850 2957 dicunt,
1903 2895 2058 2959 nihil,

497 2976 643 3047 quod
675 2975 743 3030 ad
774 2977 1102 3032 sententiam
1136 2978 1354 3044 attinet,
1398 2979 1720 3038 diversitate
1770 2984 2061 3040 verborum

2164 506 2276 569 τοῖς
2321 503 2768 576 θεοφορουμένοις
2795 505 3102 575 γενόμενον)
3128 521 3142 535 '
3194 504 3313 567 πῶς
3360 503 3427 558 ἄν
3467 520 3553 566 τις
3614 502 3737 556 δια-

2167 595 2369 664 φωνίαν
2406 594 2527 649 τινά
2556 595 2666 649 τῶν
2708 596 2992 667 δογμάτων
3025 594 3553 659 καθυποπτεύσειεν;
3597 591 3759 651 ’Δὶ-λή

2164 688 2351 761 ἕτερον
2372 690 2407 761 ἡ
2432 689 2689 761 καθέδρα,
2737 690 2893 761 φησί,
2922 689 3018 743 καὶ
3053 689 3238 761 ἕτερον
3271 691 3304 759 ἡ
3346 687 3533 751 στάσις
3570 668 3760 740 ιτένδεί·⁸

2166 796 2357 835 κνυται
2397 779 2541 847 νοῦν,
2589 782 2730 835 κατὰ
2777 781 2838 835 τὸ
2880 781 3189 853 προχείρως
3236 782 3546 851 νοούμενον.
3588 779 3740 849 Φημὶ

2165 870 2340 940 κάγώ’
2372 869 2488 924 ἀλλ’
2527 872 2626 942 οὐχ
2663 874 2799 943 ὅπερ
2837 872 2931 926 ἐπὶ
2984 873 3092 927 τῶν
3142 873 3408 943 σωμάτων
3440 874 3474 944 ή
3505 872 3614 925 τῶν
3641 873 3741 943 ῥη-

2168 965 2351 1033 μάτων
2393 964 2631 1035 έμφασις
2667 965 2942 1031 δείκνυσι,
2994 964 3153 1019 τοῦτο
3194 966 3290 1018 κα)⁵
3324 964 3418 1018 ἐπὶ
3457 963 3559 1033 τῆς
3591 964 3741 1016 ἀσω-

2170 1058 2341 1130 μάτου
2388 1059 2605 1129 φύσεως
2666 1058 2861 1126 εὐαγές
2910 1060 3028 1111 ὲστι
3084 1056 3411 1126 λογίζεσθαι.
3470 1056 3588 1109 Ἐπ’
3642 1056 3739 1109 άν-

2166 1149 2385 1222 θρὼπου
2423 1151 2521 1221 μὲν
2561 1149 2670 1221 γάρ
2701 1151 2735 1220 ἡ
2780 1148 3039 1220 καθέδρα,
3067 1147 3167 1219 τὴν
3190 1148 3281 1200 ἐπὶ
3315 1146 3395 1217 τῷ
3448 1145 3605 1216 ἰσχίῳ
3640 1142 3737 1197 τοῦ

2168 1241 2417 1313 σώματος
2474 1241 2782 1313 ὑπογράφει
2835 1240 3000 1293 θέσιν·
3055 1239 3131 1303 ὡς
3174 1237 3240 1293 ἂν
3288 1238 3363 1309 μὴ
3408 1237 3496 1291 διὰ
3535 1235 3736 1299 παντὸς

2162 1332 2363 1404 κάμνοι
2404 1333 2504 1403 τῆς
2545 1332 2787 1403 ἀγκύλης
2821 1334 2850 1385 6
2893 1332 3084 1395 τόνος,
3129 1330 3215 1399 ἐφ’
3258 1328 3450 1384 ἑαυτοῦ
3478 1328 3538 1381 τὸ
3571 1326 3737 1397 βάρος

2164 1425 2372 1496 ἀνέχων
2400 1424 2494 1477 τοῦ
2532 1424 2803 1495 σώματος.
2844 1423 2955 1477 Καὶ
2986 1422 3048 1475 τὸ
3081 1421 3369 1492 ἔμπαλινή
3399 1419 3610 1482 στάσις,
3636 1418 3735 1489 δρ-

2167 1517 2279 1571 θιον
2307 1519 2399 1571 ἐπὶ
2427 1518 2667 1586 γονάτων
2702 1516 2989 1587 ὲρμηνεύει
3023 1516 3113 1568 τὸν
3158 1513 3462 1585 ἄνθρωπον,
3497 1511 3600 1565 οὑκ
3644 1512 3733 1563 ἐπ’

2169 1608 2325 1679 ἰσχίῳ
2366 1608 2456 1663 διὰ
2510 1607 2780 1679 καθέδρας
2813 1606 3240 1677 ἀναπαυόμενον.
3285 1604 3407 1658 Ἐπὶ
3460 1603 3518 1656 δὲ
3565 1602 3736 1673 ὑπερ-

2166 1702 2395 1774 εχούσης
2428 1701 2661 1770 φύσεως,
2693 1700 2986 1773 καθαρεύει
3009 1699 3116 1753 τῶν
3154 1697 3409 1751 τοιούτων
3445 1694 3737 1766 νοημάτων

2162 1797 2196 1865 ὴ
2220 1793 2455 1864 καθέδρα
2478 1810 2537 1846 τε
2565 1794 2658 1846 καὶ
2686 1794 2719 1855 ἡ
2744 1792 2952 1858 στάσις,
2986 1790 3181 1861 ἐπίσης
3207 1788 3443 1859 ἑκατέρα
3469 1785 3571 1856 τῆς
3596 1782 3737 1838 κατά

2162 1886 2225 1940 τὸ
2289 1886 2580 1956 πρόχειρον
2632 1884 2929 1955 νοουμένης
2989 1881 3280 1954 ἐμφάσεως
3333 1875 3732 1949 κεχωρισμένη.

2165 1976 2301 2031 Οῦτε
2327 1977 2435 2048 γάρ
2462 1977 2560 2048 τὴν
2581 1977 2667 2030 ἐπ’
2692 1976 2899 2048 ἀγκύλῃ
2934 1974 3122 2029 στάσιν
3147 1972 3241 2026 τοῦ
3269 1970 3587 2042 ἀσωμάτου,
3611 1968 3738 2022 οὔτε

2164 2068 2261 2140 τὴν
2289 2070 2382 2123 ἐπὶ
2413 2071 2565 2140 ἰσχίῳ
2598 2069 2914 2142 καθίδρυσιν
2941 2066 3035 2123 τοῦ
3057 2066 3461 2137 ἀσχηματίστου
3488 2062 3739 2134 παραλη-

2163 2162 2395 2232 ψόμεθα.
2468 2160 2629 2216 Ἀλλὰ
2673 2160 2739 2214 δι’
2804 2160 3071 2231 ἑκατέρας
3128 2157 3311 2228 φωνῆς
3355 2155 3415 2209 τὸ
3473 2155 3533 2207 ἐν
3575 2152 3740 2206 παντὶ

2165 2251 2354 2324 άγαθῷ
2385 2253 2666 2323 στάσιμον,
2706 2253 2801 2305 καὶ
2832 2253 2890 2304 έν
2930 2250 3093 2305 παντὶ
3119 2246 3471 2319 ἀμετάθετον,
3498 2242 3739 2304 εὐσεϐῶς

2165 2342 2448 2413 νοήσομεν.
2473 2342 2542 2395 ’Ὀ
2567 2359 2625 2394 τε
2655 2342 2764 2413 γὰρ
2797 2341 3015 2395 ἑστάναι
3045 2342 3138 2393 καὶ
3154 2343 3183 2394 6
3205 2337 3476 2409 καθῆσθαι
3501 2335 3563 2388 τὸ
3582 2333 3739 2387 Θεῖον

2164 2432 2357 2503 λέγων,
2394 2434 2545 2487 οὐδὲν
2574 2433 2711 2504 πρὸς
2736 2433 2999 2504 ἀλλήλους
3019 2435 3076 2487 ἐν
3102 2436 3167 2505 τῇ
3199 2431 3307 2485 τῶν
3331 2430 3592 2503 ῥημάτων
3623 2428 3741 2480 ἑτε-

2167 2526 2354 2597 ρότητι
2376 2525 2508 2596 περὶ
2539 2525 2632 2577 τὸν
2680 2524 2807 2578 νοῦν
2864 2525 3230 2596 διαφέρονται·
3258 2526 3286 2576 6
3314 2524 3410 2594 μὲν
3439 2519 3738 2591 βεϐηκέναι

2167 2616 2413 2685 παγίως,
2452 2618 2481 2669 6
2512 2616 2569 2669 δὲ
2609 2615 2960 2687 καθιδρύσθαι
3001 2614 3348 2686 ἀμεταθέτως
3382 2613 3444 2666 τὸ
3481 2612 3640 2666 Θεῖον
3680 2610 3741 2662 ὲν

2165 2706 2244 2777 τῷ
2300 2707 2489 2777 ἀγαθῷ
2540 2706 2972 2777 δογματίζοντες.
3018 2706 3229 2778 Ὥσπερ
3276 2706 3334 2759 δὲ
3376 2707 3405 2759 6
3451 2705 3741 2775 προφήτης

2166 2798 2349 2861 Δαϐὶδ,
2374 2800 2468 2852 καὶ
2494 2801 2524 2852 6
2545 2799 2840 2863 ἀπόστολος
2868 2797 3100 2863 Παῦλος,
3138 2797 3237 2869 τὴν
3268 2796 3363 2850 τοῦ
3397 2792 3740 2862 Μονογενοῦς

2166 2889 2434 2961 καθέδραν
2469 2891 2528 2943 ὲν
2573 2892 2683 2955 τοῖς
2714 2890 2836 2943 καθ’
2872 2889 3061 2943 ἑαυτὸν
3098 2889 3355 2959 ἑκάτερος
3406 2886 3588 2954 λόγοις
3660 2883 3739 2936 δι-

2165 2979 2459 3051 ηγούμενοι
2483 2981 2582 3034 ούκ
2608 2980 2815 3036 ἔδωκαν
2838 2983 2998 3043 νοεῖν,
3024 2981 3105 3033 δτι
3128 2979 3221 3033 τοῦ
3248 2977 3457 3049 Πατρὸς
3478 2976 3738 3041 ἑστῶτος,

491 3076 639 3143 inter
665 3083 725 3125 se
742 3067 1026 3125 differunt:
1046 3069 1134 3126 ille
1145 3070 1361 3140 quidem
1384 3070 1612 3129 ﬁrmiter
1638 3083 1807 3140 stare,
1825 3076 1912 3131 hic
1934 3093 2064 3133 vero

2171 3068 2199 3121 6
2228 3068 2353 3131 Υἰὸς
2382 3069 2440 3122 ὲν
2469 3069 2704 3141 καθέδρα
2727 3070 2864 3131 ἐστὶ,
2891 3070 3069 3123 καίτοι
3093 3086 3157 3137 γε
3190 3069 3354 3139 μόνης
3409 3065 3740 3137 μνησθέντες

494 3160 908 3216 immutabiliter
929 3162 1289 3217 constitutum
1312 3171 1365 3217 et
1388 3166 1443 3218 in
1467 3164 1610 3220 bono
1627 3166 1912 3222 fundatum
1943 3185 2066 3225 esse

494 3267 696 3308 numen
737 3251 985 3307 divinum
1030 3261 1338 3309 censentes.
1373 3253 1841 3321 Quemadmodum
1881 3268 2063 3316 autem

493 3346 759 3414 propheta
786 3343 957 3400 David
973 3345 1017 3378 ⁸ο
1034 3355 1086 3399 et
1105 3346 1385 3414 apostolus
1401 3344 1604 3402 Paulus
1625 3347 1667 3379 ³¹
1686 3349 1753 3403 in
1784 3351 1900 3407 suis
1916 3358 2062 3407 uter-

493 3450 599 3508 que
614 3434 838 3505 scriptis
854 3433 1132 3505 .Unigeniti
1150 3433 1447 3492 sessionem
1466 3449 1850 3504 memorantes,
1870 3456 1975 3496 non
1990 3444 2067 3497 in-

492 3530 767 3597 dicarunt,
786 3529 930 3601 quod
948 3528 1109 3585 Patre
1135 3536 1313 3585 stante
1329 3527 1500 3584 Filius
1522 3530 1577 3585 in
1589 3531 1715 3587 sede
1732 3532 1822 3596 sit,
1843 3533 1967 3588 licet
1983 3550 2065 3591 so.

496 3622 599 3676 lius
614 3621 879 3677 sessionis
895 3620 1017 3675 Filii
1036 3621 1362 3678 mentionem
1386 3621 1639 3677 fecissent
1661 3642 1674 3677 :
1693 3624 1881 3680 eodem
1904 3626 2064 3681 modo

492 3727 616 3768 cum
645 3712 808 3767 etiam
828 3713 881 3767 in
901 3711 1165 3782 Stephani
1192 3712 1421 3768 historia
1460 3712 1553 3767 lilii
1584 3715 1876 3771 stationem
1912 3718 2064 3773 audi-

496 3803 637 3858 veris
659 3803 725 3868 ",
763 3804 914 3858 nulla
959 3803 1028 3859 de
1076 3818 1242 3859 causa
1281 3819 1382 3859 nec
1413 3812 1561 3859 recte
1608 3805 1678 3859 de
1735 3804 1910 3863 Patris
1949 3823 2064 3863 ses-

494 3894 649 3949 sione
694 3895 1009 3965 suspicatus
1055 3893 1245 3952 fueris.
1298 3894 1768 3960 Quemadmodum
1814 3898 1958 3952 enim
2007 3899 2061 3953 in

492 3986 663 4043 Paulo
691 3998 855 4058 atque
884 3986 1089 4043 Davide
1134 3986 1326 4043 sedere
1356 3987 1573 4043 Patrem
1604 4005 1670 4044 cx
1702 4005 1768 4046 eo
1793 3990 1939 4060 quod
1971 3991 2060 4045 Fi-

494 4081 598 4135 lius
623 4078 811 4136 sedeat
836 4095 866 4132 a
895 4079 1102 4134 dextris
1143 4080 1305 4135 simul
1336 4089 1553 4137 constat
1583 4098 1597 4136 :
1628 4083 1851 4138 tametsi
1883 4100 2062 4139 sermo

494 4171 628 4226 nihil
658 4178 784 4227 ante
813 4171 881 4226 de
908 4170 1071 4226 Patre
1102 4170 1386 4228 docuisset
1415 4190 1427 4226 :
1468 4172 1534 4227 ad
1561 4173 1810 4229 eumdem
1840 4177 2060 4234 modum

493 4264 657 4318 etiam
688 4262 742 4317 in
777 4262 1007 4317 historia
1040 4261 1337 4333 Stephani,
1370 4262 1493 4319 Filii
1527 4264 1691 4320 statio
1722 4265 1861 4321 idem
1896 4270 2059 4325 etiam

494 4352 552 4407 in
582 4351 755 4422 gloria
784 4351 964 4407 Patris
1009 4353 1174 4409 simul
1222 4353 1450 4409 indicat.
1493 4354 1586 4410 Sic
1614 4356 1762 4410 enim
1804 4359 2060 4432 imaginis

2171 3159 2268 3229 τῆς
2304 3159 2397 3213 τοῦ
2431 3160 2559 3214 Υἱοῦ
2589 3162 2954 3235 καθιζήσεως·
2987 3162 3078 3215 τὸν
3114 3162 3274 3216 αὐτὸν
3297 3160 3493 3231 τρόπον
3525 3156 3620 3210 καὶ
3648 3156 3742 3210 ἐπὶ

2170 3250 2265 3303 τοῦ
2308 3252 2599 3321 Στεφάνου,
2631 3253 2726 3307 τοῦ
2754 3254 2885 3308 Υἰοῦ
2922 3254 3021 3325 τὴν
3050 3253 3236 3307 στάσιν
3264 3250 3523 3314 ἀκούσας,
3560 3250 3742 3302 οὐκέτ’

2172 3341 2239 3395 ἂν
2275 3342 2511 3411 εὐλόγως
2551 3347 2681 3417 περὶ
2700 3346 2801 3415 τῆς
2834 3344 2929 3399 τοῦ
2963 3343 3175 3415 Πατρδς
3204 3342 3472 3413 καθέδρας
3510 3341 3742 3409 ὑπονοήο

2172 3450 2339 3499 σειας.
2376 3434 2465 3499 Ὦς
2497 3436 2596 3509 γάρ
2623 3437 2716 3491 ἐπὶ
2742 3437 2836 3491 τοῦ
2860 3437 3075 3491 Παύλου
3104 3438 3195 3490 καὶ
3219 3436 3313 3490 τοῦ
3345 3434 3507 3489 Δαϐὶδ
3526 3434 3590 3487 τὸ
3606 3433 3740 3486 καθ-

2169 3528 2333 3596 ῆσθαι
2374 3528 2466 3583 τὸν
2503 3530 2741 3602 Πατέρα,
2792 3530 2881 3585 διὰ
2929 3530 3024 3585 τοῦ
3073 3529 3292 3585 καθίσαι
3343 3529 3433 3584 τὸν
3486 3528 3622 3581 Υἱὸν
3677 3529 3740 3579 ὲκ

2168 3619 2355 3686 δεξιῶν
2384 3622 2845 3693 συνωμολόγηται,
2876 3623 3053 3676 καίτοι
3082 3622 3177 3676 τοῦ
3228 3621 3384 3689 λόγου
3416 3620 3586 3690 μηδὲν
3615 3620 3739 3689 περί

2168 3711 2264 3765 τοῦ
2312 3713 2523 3783 Πατρὸς
2554 3713 2967 3784 προδιδάξαντος
2986 3731 3000 3746 ⁸
3028 3714 3170 3770 κατὰ
3200 3715 3293 3767 τὸν
3331 3712 3492 3766 αὐτὸν
3536 3714 3740 3783 τρόπον

2169 3803 2262 3857 καὶ
2302 3804 2393 3857 ἐπὶ
2432 3803 2526 3856 τοῦ
2579 3805 2880 3872 Στεφάνου,
2914 3806 2949 3876 η
2974 3804 3067 3858 τοῦ
3116 3803 3245 3858 Υίοῦ
3288 3803 3475 3866 στάσις
3515 3802 3577 3855 τὸ
3627 3800 3766 3879 ἴσον⁸

2168 3895 2263 3951 καὶ
2288 3895 2380 3948 ἐπὶ
2415 3896 2514 3966 τῆς
2540 3896 2695 3967 δόξης
2720 3895 2812 3949 τοῦ
2850 3896 3062 3966 Πατρὸς
3102 3894 3545 3949 συνενδείκνυται.
3584 3893 3741 3946 Οῦτω

2168 3987 2277 4059 γὰρ
2331 3988 2398 4041 ἂν
2434 3988 2464 4039 6
2511 3988 2609 4059 τῆς
2637 3989 2844 4051 εἰκόνος
2870 3987 3159 4057 διασωθείη
3202 3987 3385 4055 λόγος,
3416 3987 3464 4039 εἰ
3497 3987 3609 4039 πᾶν
3636 3985 3667 4039 ὃ
3688 3983 3763 4057 τί,

2168 4080 2272 4152 πέρ
2300 4081 2444 4133 ἐστιν
2482 4082 2541 4133 έν
2574 4080 2748 4151 τούτῳ
2785 4081 3072 4151 νοούμενόν
3110 4097 3170 4134 τε
3198 4081 3292 4133 καί
3332 4077 3765 4149 καθορώμενον(

2167 4173 2228 4226 τὸ
2266 4173 2397 4227 αὐτὸ
2440 4174 2531 4227 καὶ
2564 4173 2622 4226 ὲν
2652 4173 2729 4243 τῷ
2761 4172 3055 4244 ἀρχετύπῳ
3083 4171 3405 4228 πιστεύοιτο.
3436 4172 3549 4225 Καὶ
3577 4171 3656 4235 ὡς
3682 4171 3739 4223 ὲν

2166 4264 2243 4336 τῷ
2283 4264 2472 4334 ἀγαθῷ
2516 4265 2577 4318 τὸ
2602 4264 2824 4333 ἀγαθὸν,
2866 4266 2960 4319 καὶ
2988 4266 3046 4317 ὲν
3080 4264 3157 4335 τῷ
3191 4266 3331 4333 φωτί
3355 4264 3417 4317 τδ
3445 4264 3601 4332 φῶς,
3648 4264 3739 4317 καὶ

2167 4356 2225 4409 ὲν
2254 4347 2387 4409 πᾶσι
2434 4353 2495 4407 τὸ
2531 4356 2887 4427 πρωτότυπον
2934 4354 3129 4417 κάλλος
3173 4354 3261 4407 διὰ
3286 4354 3392 4407 τῶν
3428 4352 3648 4405 οίκείων
3682 4352 3740 4402 ἐν

495 4443 637 4496 ratio
691 4443 1009 4497 conservari
1052 4443 1265 4512 possit,
1304 4453 1365 4499 ut
1408 4444 1672 4518 quidquid
1710 4448 1764 4504 in
1810 4448 1911 4505 hac
1957 4460 2064 4508 tam

2170 4449 2234 4518 τῇ
2276 4447 2444 4499 εἰκόνι
2473 4447 2962 4517 χαρακτηρίζεται·
2998 4445 3138 4499 οὕτω
3166 4446 3259 4498 καὶ
3302 4446 3360 4497 ὲν
3387 4446 3453 4514 τῇ
3496 4443 3739 4514 καθέδρᾳ

497 4532 823 4615 intelligitur
851 4548 1018 4602 quam
1051 4535 1413 4603 conspicitur,
1446 4536 1588 4591 idem
1615 4537 1779 4591 etiam
1818 4538 1875 4593 in
1904 4540 2068 4611 origi-

496 4621 607 4675 nali
633 4635 697 4675 ac
721 4621 1007 4692 principali
1036 4620 1211 4678 forma
1232 4639 1356 4679 esse
1377 4627 1654 4690 credatur,
1679 4635 1733 4681 et
1755 4634 1817 4681 ut
1840 4628 1896 4685 in
1919 4630 2066 4688 bono

495 4712 730 4779 bonum,
760 4720 816 4769 et
843 4713 900 4768 in
936 4713 1142 4769 lumine
1174 4714 1386 4779 lumen,
1418 4722 1472 4769 et
1500 4717 1555 4771 in
1583 4718 1839 4774 omnibus
1882 4721 2069 4790 primi-

497 4802 606 4857 tiva
628 4817 693 4857 ac
717 4802 1035 4875 principalis
1057 4803 1410 4873 pulchritudo
1434 4821 1527 4877 per
1554 4808 1802 4877 proprias
1826 4818 1987 4866 notas
2010 4813 2063 4867 in

495 4894 729 4966 imagine
771 4895 1126 4965 designatur:
1173 4896 1249 4951 ita
1306 4899 1470 4953 etiam
1514 4898 1569 4953 in
1611 4901 1860 4958 sessione
1901 4902 2063 4971 Filii,

493 5002 877 5059 quemcunque
921 4988 1137 5044 tandem
1182 4990 1286 5045 hoc
1324 5006 1523 5045 nomen
1564 4992 1897 5050 intellectum
1935 5013 2073 5066 pra:-

493 5080 617 5144 het,
656 5079 841 5135 Patris
870 5095 1093 5151 quoque
1140 5080 1316 5136 sessio
1366 5082 1873 5151 comprehenditur,
1920 5087 2071 5142 simi-

493 5172 619 5225 liter
661 5179 715 5227 et
761 5171 817 5227 in
860 5173 1101 5229 statione
1149 5174 1348 5237 statio,
1392 5190 1461 5229 ne
1509 5175 1649 5230 ratio
1691 5176 1943 5247 imaginis
1974 5195 2071 5249 per

497 5262 850 5319 abolitionem
880 5265 1275 5335 proprietatum
1307 5266 1375 5320 ab
1401 5265 1655 5336 originali
1685 5282 1751 5323 ac
1792 5269 2071 5337 primitivo

495 5354 730 5409 alienata
765 5356 1059 5413 intercidat
1099 5365 1262 5428 atque
1292 5358 1585 5413 dilabatur.
1628 5357 1753 5414 Haec
1795 5376 1827 5414 a
1870 5363 2064 5428 nobis,

498 5448 733 5513 fratres,
786 5448 853 5503 ad
903 5450 1241 5521 propositam
1296 5451 1693 5522 quaestionem,
1728 5467 1872 5511 .cum
1926 5454 2067 5510 visio

499 5536 763 5610 Stephani
794 5543 957 5598 talem
987 5544 1419 5614 speculationem
1466 5543 1523 5599 in
1568 5545 1870 5610 orationem
1917 5545 2068 5599 intuo

2163 4537 2256 4591 τοῦ
2285 4536 2439 4599 Υίοῦ,
2470 4540 2499 4591 ὅ
2522 4538 2575 4590 τί
2601 4554 2730 4591 ποτε
2755 4541 2891 4589 νοεῖν
2919 4536 3079 4589 τοῦτο
3104 4536 3165 4588 τὸ
3194 4535 3363 4606 ὄνομα
3404 4535 3617 4596 δίδωσι,
3648 4536 3740 4587 καί⁵

2164 4631 2197 4699 ἡ
2240 4628 2334 4682 τοῦ
2366 4628 2578 4699 Πατρός
2609 4627 2847 4699 καθέδρα
2879 4626 3378 4696 καταλαμϐάνεται,
3412 4624 3619 4694 ὁμοίως
3650 4626 3739 4677 καὶ

2165 4722 2224 4772 έν
2248 4722 2314 4790 τῇ
2340 4720 2525 4773 στάσει
2548 4722 2580 4790 ή
2614 4720 2820 4782 στάσιςο
2852 4718 2927 4781 ὡς
2949 4719 3016 4771 ἂν
3042 4717 3115 4789 μὴ
3145 4718 3391 4771 διαπέσοι
3411 4718 3509 4786 τῆς
3528 4717 3740 4779 εἰκόνος

2163 4814 2193 4865 6
2222 4813 2399 4882 λόγος,
2427 4815 2484 4866 ἐν
2514 4815 2578 4881 τῇ
2601 4810 2898 4878 ἀπαλλάξει
2925 4811 3030 4864 τῶν
3060 4810 3361 4880 ἰδιωμάτων
3392 4808 3485 4861 τοῦ
3509 4808 3741 4879 ἀρχετύ-

2166 4919 2270 4955 που
2327 4901 2794 4973 ἀλλοτριούμενος.
2861 4901 3047 4956 Ταῦτα
3096 4904 3250 4974 ἡμῖν,
3292 4900 3542 4970 ἀδελφοὶ,
3599 4901 3741 4954 κατὰ

2169 4992 2402 5064 πάροδον
2448 4993 2584 5064 πρὸς
2610 4993 2670 5046 τὸ
2712 4994 3071 5065 προκείμενον
3103 4992 3321 5064 ζήτημα
3346 4992 3707 5063 τεθεωρήσθω
3725 5030 3739 5053 ,

2167 5085 2264 5154 τῆς
2302 5083 2396 5137 τοῦ
2440 5084 2709 5152 Στεφάνου
2758 5085 3022 5147 ὀπτασίας
3066 5085 3165 5155 τὴν
3202 5084 3454 5156 τοιαύτην
3506 5084 3743 5157 θεωρίαν

2169 5175 2657 5243 ὲπεισενεγκούσης
2707 5175 2785 5246 τῷ
2828 5175 2991 5247 λόγῳ.
3046 5176 3259 5229 Γένοιτο
3309 5176 3365 5229 δὲ
3414 5178 3598 5246 ἡμᾶς,
3669 5175 3744 5245 μὴ

2169 5268 2363 5331 θεατὰς
2394 5269 2555 5337 μόνον
2582 5268 2832 5336 γενέσθαι
2854 5270 2951 5339 τῆς
2986 5268 3079 5322 τοῦ
3117 5268 3388 5336 Στεφάνου
3422 5267 3741 5338 ἀθλήσεως,

2171 5357 2306 5411 ἀλλὰ
2343 5359 2436 5410 καὶ
2480 5358 2738 5428 μετόχους
2785 5358 2882 5427 τῆς
2921 5358 3172 5429 χάριτος,
3215 5358 3604 5429 πληρωθέντας
3650 5357 3743 5410 τοῦ

2172 5451 2325 5518 ἀγίου
2365 5449 2699 5519 Πνεύματος,
2727 5451 2806 5512 εἰς
2833 5449 3148 5520 καθαίρεσιν
3182 5450 3289 5503 τῶν
3321 5449 3637 5514 ἀντιδίκων,
3666 5452 3745 5510 εἰς

2169 5542 2326 5607 δόξαν
2368 5541 2460 5596 τοῦ
2501 5541 2703 5611 Κυρίου
2744 5540 2901 5611 ἡμῶν
2959 5540 3128 5611 Ἰησοῦ
3182 5539 3439 5610 Χριστοῦ,
3474 5532 3519 5606 ᾧ
3552 5541 3589 5611 ή
3620 5539 3747 5603 δόξα

568 5723 615 5756 ⁸³
646 5723 839 5781 Matth.
871 5739 1007 5791 xxu,
1039 5722 1106 5782 46
1136 5735 1296 5798 seqq:
1368 5728 1412 5759 ²⁹
1441 5727 1463 5781 l
1497 5726 1625 5783 Cor.
1654 5741 1767 5793 xiv,
1800 5726 1854 5780 2.
1930 5727 1977 5759 ³ο
2012 5726 2064 5783 P:

2188 5740 2295 5793 cxx,
2332 5725 2384 5781 l.
2460 5723 2504 5757 "
2545 5722 2709 5779 Hebr.
2742 5738 2779 5790 ι,
2816 5720 2902 5776 l3.
2936 5771 2943 5779 .
2977 5721 3022 5754 ³²
3052 5722 3173 5778 Act.
3204 5736 3296 5791 vn,
3330 5721 3417 5777 55.
3588 5777 3593 5781 ,
