3842 6474
122 369 219 434 721

116 494 203 551 καὶ
226 493 291 547 τὸ
317 490 520 565 κράτος
544 491 624 554 είς
645 488 775 555 τοὺς
801 487 1004 553 αἰῶνας
1032 486 1140 544 τῶν
1170 461 1399 544 αἰώνων.
1443 490 1631 562 Ἀμήν.

1145 367 1420 453 ALTEﬁA
1470 366 1825 425 LAUDATIO
1870 368 1927 424 S.
1966 364 2329 425 STEPHANI.

1734 548 1735 551 η
1792 491 1946 545 lisset
1967 529 1983 554 ,
2016 490 2192 545 obiter
2217 488 2601 554 considerata,
2625 486 2876 544 discussa
2911 491 3074 556 atque
3096 481 3365 554 explicata

3258 361 3365 416 722

116 590 200 645 sit.
228 585 528 656 Contingat
576 591 756 638 autem
788 582 981 647 nobis,
1010 590 1073 636 ut
1121 596 1231 638 non
1266 584 1445 638 solum
1484 592 1823 654 spectatores
1875 582 2137 656 Stephani
2199 580 2553 649 certaminis,
2592 579 2951 637 verumetiam
3007 573 3198 647 repleti
3240 571 3366 642 Spi-

118 684 217 737 ritu
246 688 443 734 sancto
471 675 661 747 gratia:
692 674 990 746 participes
1019 674 1213 738 simus,
1244 674 1311 728 ad
1338 675 1679 731 eversionem
1721 674 2186 739 adversariorum,
2218 673 2287 728 ad
2325 671 2557 744 gloriam
2599 668 2810 727 Domini
2833 666 3007 725 nostri
3044 663 3174 720 Jesu
3208 662 3369 719 Cbri'

114 770 175 823 sti
197 809 214 830 .
247 767 343 824 cui
372 767 584 840 gloria,
613 765 862 836 potentia
888 772 1053 837 atque
1081 765 1370 835 imperium
1404 766 1458 820 in
1490 768 1693 821 saecula
1730 767 2082 824 saeculorum.
2109 766 2306 822 Amen.

1306 1110 1607 1227 ΤΟΥ
1695 1112 2184 1228 ΑΥΤΟΥ

1408 1304 1679 1360 ETEPON
1719 1306 2078 1360 ΕΓΚΩΜΙΟΝ

269 1468 447 1555 ΕΙΣ
543 1464 770 1553 TON
853 1455 1189 1549 ΑΓΙΟΝ
1279 1455 1869 1547 ΣΤΕΦΑΝΟΝ

1971 1456 2198 1543 TON
2297 1452 3217 1545 ΠΡΩΤΟΜΑΡΤΥΡΑ.

1468 1764 2014 1857 EJUSDEM

1404 1953 1753 2013 LAUDATIO
1813 1954 2092 2011 ALTERA

536 2133 657 2247 S.
743 2137 1454 2254 STEPHANI
1562 2135 2786 2255 PROTOMARTYBIS
2840 2113 2971 2248 (η.

1078 2336 1362 2402 lnterprete
1386 2344 1441 2390 et
1461 2340 1726 2391 scholiaste
1744 2339 2014 2390 Laurentio
2033 2341 2275 2404 Zacagmo
2292 2339 2355 2390 ν.
2378 2339 2415 2391 C

193 2636 546 2709 Ἑπεδήμησε
570 2638 800 2710 Χριστὸς
830 2638 906 2709 τῷ
943 2638 1131 2711 κόσμῳ
1161 2641 1240 2703 εἰς
1273 2639 1566 2721 σωτηρίαν,
1597 2638 1691 2692 καὶ

1864 2638 2117 2696 Christus
2144 2639 2201 2693 in
2231 2639 2421 2694 mundi
2452 2640 2683 2697 salutem
2723 2639 2960 2705 advenit,
3006 2648 3057 2695 et
3102 2638 3248 2694 illico
3276 2637 3377 2691 Ec.

115 2731 236 2801 μετ’
267 2731 428 2785 αὐτὸν
467 2731 805 2802 ἐϐλάστησαν
850 2732 899 2785 οί
955 2733 1155 2804 καρποὶ
1195 2733 1293 2805 τῆς
1351 2731 1694 2802 Ἐκκλησίας.

116 2824 403 2895 Ἔλαμψεν
436 2827 463 2878 6
492 2816 707 2896 μάρτυς
744 2825 843 2895 τῆς
875 2825 1152 2895 ἀληθείας,
1209 2826 1302 2879 καὶ
1351 2823 1699 2894 συνέλαμψαν

110 2918 159 2970 οἱ
195 2916 478 2987 μάρτυρες
502 2916 600 2986 τῆς
649 2916 889 2987 μεγάλης
924 2916 1252 2987 οἰκονομίας.
1299 2915 1700 2986 Ἦκολούθησαν

110 3009 160 3059 οἱ
218 3006 465 3077 μαθηταὶ
513 3005 589 3077 τῷ
649 3007 981 3077 Διδασκάλῳ,
1013 3009 1123 3068 τοῖς
1164 3007 1457 3076 Κυριακοῖς
1499 3005 1701 3075 ἴχνεσιν

94 3096 432 3159 ὁδεύοντεςο
470 3096 607 3167 μετά
651 3096 881 3168 Χριστὸν
917 3100 964 3150 oi
1008 3098 1408 3167 Χριστοφόροιο
1448 3095 1587 3167 μετὰ
1610 3096 1702 3149 τὸν

112 3189 268 3259 ἣλιον
298 3187 401 3257 τῆς
461 3188 803 3259 δικαιοσύνης
827 3191 877 3242 οί
922 3189 1206 3259 φωστῆρες
1228 3189 1327 3259 τῆς
1352 3188 1698 3259 οἰκουμένης·

112 3279 209 3331 καὶ
268 3277 486 3348 πρῶτος
538 3279 634 3349 μὲν
664 3280 794 3351 ἡμῖν
830 3281 860 3333 6
912 3278 1176 3348 Στέφανος
1218 3279 1471 3349 ἤνθησεν,
1501 3279 1600 3333 οὐκ
1638 3280 1703 3331 ὲκ

28 3442 29 3449 γ
110 3371 225 3424 τῶν
264 3370 571 3425 Ἰουδαῖκῶν
598 3370 848 3425 ἀκανθῶν
870 3371 1114 3435 πλακεὶς,
1139 3370 1251 3424 ἀλλ’
1282 3372 1347 3423 ὲκ
1373 3370 1473 3439 τῆς
1503 3369 1701 3439 ἔκκλη-

114 3460 408 3531 σιαστικῆς
435 3460 686 3530 εὐθηνίας
722 3460 938 3531 πρῶτος
966 3460 1178 3533 καρπὸς
1205 3459 1282 3529 τῷ
1312 3459 1503 3531 Κυρίῳ
1532 3476 1703 3530 προσ-

110 3550 381 3622 ενεχθείς.
423 3550 661 3604 Ἰουδαῖοι
687 3552 785 3621 μὲν
805 3552 913 3623 γὰρ
945 3549 1204 3620 στέφανον
1236 3548 1294 3615 ἐξ
1318 3550 1566 3604 ἀκανθῶν
1586 3547 1708 3601 πλέ-

111 3641 333 3711 ξαντες,
378 3647 445 3717 τῇ
489 3646 696 3716 κεφαλῇ
749 3646 842 3699 τοῦ
901 3646 1149 3717 Σωτῆρος
1187 3645 1481 3715 ἐπέθηκαν,
1522 3644 1707 3710 ἀξίους

109 3736 213 3806 τῆς
245 3737 423 3805 κακῆς
450 3735 724 3807 γεωργίας
773 3734 953 3789 αὐτῶν
985 3736 1109 3799 τοὺς
1150 3736 1395 3807 καρποὺς
1438 3734 1709 3800 ἐπιδειξά-

112 3847 277 3901 μενοι
299 3829 378 3900 τῷ
416 3831 664 3904 Δεσπότῃ
700 3830 796 3885 τοῦ
833 3828 1177 3900 ἀμπελῶνος,
1207 3830 1283 3894 ὡς
1327 3830 1415 3884 διὰ
1452 3831 1552 3901 τῆς
1576 3847 1709 3902 προ-

108 3921 353 3992 φητείας
383 3922 772 3993 προανεφώνει,
796 3922 971 3991 λέγων
991 3936 1004 3951 ο
1041 3922 1342 3991 Ἀμπελὼν
1358 3923 1577 3991 Κυρίου
1605 3925 1706 3975 Σα-

1784 2730 1979 2788 Δ(ῑιυεςίειε
2015 2731 2228 2788 l‘ructus
2272 2731 2611 2802 prodierunt.
2656 2731 2891 2788 Rclulsit
2922 2733 3079 2788 testis
3110 2730 3373 2797 veritatis,

1800 2824 2071 2895 simulque
2101 2839 2307 2893 magna:
2333 2823 2761 2894 dispensationis
2788 2831 2956 2879 testes
2982 2830 3373 2878 coruscarum.

1802 2917 1985 2971 Secuti
2017 2923 2144 2970 sunt
2173 2915 2492 2986 Magistrum
2542 2915 2817 2985 discipuli,
2860 2914 3073 2970 Domini
3127 2914 3372 2984 vestigiis

1801 3009 2118 3065 insistentes
2143 3026 2158 3076 ;
2184 3016 2308 3079 post
2335 3008 2638 3072 Christum,
2669 3007 2979 3064 Cliristil‘eri
3007 3025 3022 3075 ;
3052 3014 3178 3078 post
3204 3007 3374 3064 solem

1798 3102 2045 3173 iustitiae,
2081 3108 2241 3156 terrae
2290 3100 2539 3155 lumina:
2590 3108 2647 3156 et
2682 3100 2894 3171 primus
2945 3098 3164 3170 quidem
3216 3097 3377 3154 nobis

1804 3194 2134 3264 Stephanus,
2175 3210 2370 3247 corona
2402 3193 2630 3256 scilicet,
2652 3191 2857 3259 ﬂoruit,
2884 3206 2993 3250 non
3024 3206 3089 3247 ex
3136 3188 3377 3245 Judaicis

1804 3286 1978 3357 spinis
2019 3293 2293 3349 contexta,
2345 3284 2443 3343 sed
2496 3286 2705 3357 primus
2751 3285 3014 3342 Ecclesiae
3075 3283 3376 3339 fertilitatis

1805 3377 2017 3433 fructus
2048 3375 2159 3433 Deo
2199 3376 2438 3432 oblatus.
2479 3374 2691 3446 Quippe
2726 3372 2899 3430 Judai
2937 3374 3181 3445 spineam
3215 3387 3377 3428 coro-

1805 3485 1931 3524 nam
1969 3468 2267 3524 Salvatoris
2317 3467 2483 3539 capiti
2526 3470 2923 3538 imposuerunt,
2973 3465 3117 3519 mala
3162 3479 3261 3520 sua
3295 3464 3380 3518 di-

1806 3577 1945 3632 gnos
1969 3561 2302 3631 agricultura
2335 3558 2548 3615 fructus
2571 3557 2800 3615 Domino
2819 3559 2991 3614 vinea:
3014 3564 3377 3623 ostentantes,

1806 3651 2261 3722 quemadmodum
2294 3666 2390 3722 per
2420 3648 2713 3720 prophetas
2743 3649 2873 3705 olim
2908 3649 3128 3704 locutus
3155 3656 3260 3715 est,
3292 3646 3379 3701 di-

1807 3757 1978 3799 cens:
2017 3743 2181 3798 Vinea
2208 3742 2423 3797 Domini
2456 3742 2714 3806 Sabaoth,
2759 3740 2947 3796 domus
2979 3739 3153 3795 Israel
3180 3748 3281 3805 est,
3330 3748 3380 3795 et

1808 3834 1961 3888 homo
2004 3832 2174 3897 Juda,
2207 3832 2410 3887 novella
2445 3832 2707 3899 plantatio
2736 3831 2949 3886 dilecta.
2979 3830 3291 3900 Exspectavi
3323 3839 3380 3883 ut

1810 3926 2004 3995 faceret
2025 3942 2178 3991 uvas,
2209 3924 2332 3994 fecit
2372 3934 2547 3979 autem
2576 3926 2754 3993 spinas
2777 3925 2818 3978 ί.
2841 3924 2911 3977 At
2931 3922 3259 3994 evangelica:
3286 3936 3377 3976 ve-

28 4036 33 4049 ι
107 4012 295 4080 Eadm,
314 4008 480 4080 οἶκος
499 4014 604 4068 τοῦ
637 4012 873 4095 ’ζσραήλ
893 4014 1044 4076 ἐστι.
1067 4013 1161 4069 καὶ
1186 4016 1218 4067 d
1238 4014 1548 4083 ἅνθρωπος
1575 4014 1691 4068 Ἰού·

1808 4017 1986 4072 ritatis
2017 4014 2271 4083 cperarii,
2298 4014 2533 4084 primum
2575 4013 2794 4083 pietatis
2824 4011 3108 4069 exordium
3142 4018 3198 4065 et
3235 4010 3383 4082 agri-

104 4102 208 4168 δα,
243 4102 548 4172 νεόφυτον
588 4104 997 4173 ἠγαπημένον.
1036 4106 1275 4174 Ἐμεινα
1306 4105 1413 4160 τοῦ
1461 4104 1711 4175 ποιῆσαι

104 4194 468 4264 σταφυλὴν,
498 4194 750 4263 ἐποίησε
775 4193 842 4247 δὲ
876 4193 1164 4261 ἀκάνθας.
1190 4196 1253 4247 Οἱ
1272 4195 1330 4248 δὲ
1357 4197 1455 4266 τῆς
1481 4195 1710 4263 εὐαγγε-

103 4286 274 4355 λικῆς
307 4285 565 4355 ἀληθείας
593 4285 821 4356 ἐργάται
848 4285 1063 4356 πρῶτον
1090 4284 1370 4357 προοίμιον
1406 4286 1704 4351 εὐσεϐείας,

105 4379 210 4430 καὶ
272 4376 501 4448 πρώτην
555 4378 811 4449 ἀπαρχὴν
858 4378 957 4448 τῆς
998 4376 1290 4449 γεωργίας,
1317 4378 1585 4444 Στέφανον
1615 4377 1705 4431 τὸν

106 4469 275 4536 ἅγιον
341 4468 511 4540 ἄνδρα
548 4469 917 4541 προσφέρουσι
968 4469 1045 4539 τῷ
1083 4470 1348 4543 Δεσπότῃ,
1388 4464 1475 4523 οἷα
1501 4470 1563 4536 δή
1585 4487 1705 4523 τινα

108 4562 389 4628 στέφανον
436 4561 651 4631 ἀληθῶς
699 4562 763 4614 ὲκ
803 4560 1012 4615 πολλῶν
1062 4562 1157 4614 καὶ
1188 4560 1457 4632 διαφόρων
1498 4560 1706 4632 ἀρετῶν

28 4648 33 4653 ’
107 4652 592 4722 συνηρμοσμένον.
648 4652 871 4723 Πρῶτον
901 4653 999 4724 μὲν
1036 4652 1144 4724 γὰρ
1176 4656 1202 4706 6
1229 4652 1530 4723 θαυμάσιος
1555 4647 1707 4717 οὗτος

106 4743 260 4813 ἀνὴρ
288 4742 390 4813 τὴν
423 4742 531 4796 τῶν
559 4743 741 4814 χηρῶν
783 4743 1101 4814 ἐπιμέλειαν
1139 4744 1472 4811 ἐπιστεύετο,
1510 4762 1708 4816 μαρτυ-

187 4921 207 4951 ¹
233 4920 347 4976 Isa.
367 4936 423 4985 v,
460 4920 512 4975 7.

188 5082 270 5151 (1)
303 5077 586 5151 Galland.,
626 5076 741 5151 Vel.
776 5076 1001 5151 Patrum
1048 5076 1323 5151 Biblioth.,
1355 5088 1495 5151 tom.
1523 5077 1613 5144 Vl,
1643 5094 1697 5149 p.

102 5148 259 5206 595.
287 5150 415 5204 Haec
452 5150 629 5202 oratio
667 5149 751 5203 bis
794 5148 985 5201 eadem
1048 5164 1212 5202 manu
1264 5149 1597 5204 describitur
1645 5151 1701 5203 in

28 5248 37 5255 ’
105 5221 398 5275 Vaticano
424 5220 637 5281 codice,
666 5234 817 5272 num.
848 5216 973 5279 M6,
1009 5219 1175 5273 semel
1202 5219 1423 5287 quidem
1469 5219 1527 5274 in
1553 5220 1703 5273 calce

104 5292 374 5359 ejusdem
412 5289 643 5351 codicis.
675 5288 873 5347 iterum
905 5303 1035 5360 vero
1080 5288 1250 5343 inter‘
1274 5289 1411 5343 alias
1454 5288 1705 5360 Gregorii
1760 5294 1763 5295 ⁷

105 5358 362 5428 Nysseni
394 5360 696 5421 orationes,
723 5367 849 5428 post
875 5358 1092 5413 celebre
1119 5360 1364 5425 ejusdem
1396 5358 1705 5414 encouiium

105 5425 305 5489 sa'ncti
354 5429 639 5511 Stephani,
679 5425 962 5511 typisjam
988 5428 1217 5511 editum,
1251 5438 1304 5511 et
1337 5431 1483 5511 quod
1525 5432 1579 5485 in
1628 5431 1708 5510 fe-

80 5514 208 5559 'stn
238 5501 423 5558 sancti
461 5497 981 5569 Stephani'publiCe
1012 5499 1067 5551 in
1097 5499 1341 5553 Ecclesia
1360 5497 1547 5554 Graeca
1575 5500 1709 5555 reci-

104 5572 227 5628 tari
275 5578 519 5625 testatur
570 5569 825 5639 Typicum
883 5571 1186 5622 monasterii
1233 5569 1292 5623 S.
1341 5570 1517 5624 Sabw.
1570 5569 1707 5625 Hinc

104 5648 313 5711 itaque
346 5642 548 5695 factum
579 5649 663 5695 est
695 5652 752 5693 ut
784 5640 1007 5711 Ἕτερον
1028 5639 1301 5710 ἐγκώμιον
1326 5643 1403 5703 είς
1431 5642 1523 5694 τὸν
1550 5640 1704 5711 ἅγιον

108 5710 407 5779 Στέφανον
448 5713 501 5765 in
549 5726 615 5765 eo
651 5710 840 5779 codice
876 5710 1228 5775 inscribatur,
1279 5712 1405 5765 licet
1452 5710 1704 5779 sequenti

28 5846 31 5853 _
105 5786 215 5842 die
244 5778 393 5840 festo
422 5782 666 5837 habitum
689 5797 719 5836 a
746 5778 992 5850 Nysseno
1025 5780 1191 5837 fuisse
1227 5796 1293 5835 ex
1320 5781 1440 5850 ejus
1478 5778 1707 5836 lectione

1807 4109 2036 4163 cultura:
2080 4122 2193 4163 sua:
2220 4105 2509 4175 primitias,
2541 4103 2877 4176 Stephanum
2908 4103 3089 4159 virum
3126 4110 3380 4159 sanctum

1806 4196 2039 4252 Domino
2078 4190 2367 4259 iol'l‘erunt,
2436 4193 2606 4249 veluti
2664 4207 2926 4248 coronam
2969 4191 3263 4264 quamdam
3313 4206 3380 4246 ex

1802 4288 1990 4343 multis
2019 4285 2364 4356 diversisque
2390 4284 2693 4342 virtutibus
2717 4299 2847 4341 vere
2886 4289 3227 4340 contextam.
3263 4281 3383 4336 Pri-

1800 4395 1949 4435 mum
1985 4378 2255 4449 siquidem
2283 4377 2410 4432 huic
2435 4376 2745 4432 admirabili
2765 4377 2886 4431 viro
2910 4374 3206 4431 viduarum
3246 4387 3383 4428 cura

1811 4469 2138 4525 demandata
2181 4474 2285 4532 est,
2337 4454 2462 4523 cum
2497 4466 2615 4537 ipse
2665 4475 2925 4537 tanquam
2968 4462 3145 4520 ﬁdelis
3174 4462 3280 4529 vir,
3317 4476 3383 4518 ac

1812 4560 2012 4631 Spiritu
2041 4567 2233 4616 sancto
2261 4559 2475 4630 plenus,
2506 4566 2561 4614 et
2586 4558 2958 4628 apostolorum
2985 4554 3192 4626 judicio
3218 4560 3384 4625 atque

1811 4653 2048 4716 delectu,
2079 4660 2133 4707 et
2165 4661 2357 4721 postea
2384 4648 2646 4720 spiritalis
2669 4648 2954 4720 sapientia:
2983 4648 3204 4714 virtute,
3233 4661 3385 4703 com-

1814 4743 2073 4815 probatus
2107 4741 2321 4797 l'uisset.
2349 4738 2413 4793 Et
2440 4753 2575 4794 sane
2594 4740 2730 4793 tanti
2761 4737 2932 4794 studii
2968 4746 3131 4808 atque
3155 4744 3385 4792 conatus

1808 5079 2016 5151 liquido
2041 5089 2275 5151 constet,
2307 5081 2458 5151 quia,
2482 5094 2697 5151 nempe,
2727 5095 2757 5134 a
2785 5078 2855 5151 S.
2887 5077 3165 5151 Stephani
3206 5076 3380 5132 laudi-

1810 5148 1915 5220 bus
1947 5150 2256 5220 incipiens,
2288 5148 2412 5205 mox
2453 5150 2522 5206 ad
2568 5148 2958 5205 celebrandum
2992 5148 3090 5220 SS.
3136 5148 3379 5220 Petrum,

1808 5215 2099 5285 Jacobum,
2147 5227 2203 5274 et
2234 5219 2520 5281 Joannem,
2569 5222 2848 5288 apostolos
2889 5219 3179 5273 transitum
3227 5215 3378 5288 facit.

1804 5287 1924 5361 Eos
1945 5296 2127 5344 autem
2152 5298 2444 5361 utramque
2475 5287 2739 5347 orationis
2765 5290 3278 5361 hujuseditionem,
3324 5287 3379 5361 in

1806 5358 2074 5414 Vaticano
2125 5358 2316 5431 codice
2357 5358 2849 5431 repraesentatant,
2895 5358 3293 5431 diliicilioribns
3328 5358 3383 5411 in

1806 5431 1941 5484 locis
1971 5429 2377 5497 consuluimus,
2414 5428 2467 5486 ét
2493 5446 2559 5485 ex
2598 5446 2661 5485 ea
2696 5440 2959 5499 nostram
2988 5428 3380 5499 expressimus,

1804 5500 1944 5554 locis
1976 5509 2179 5561 tamen.
2216 5501 2308 5555 ubi
2356 5495 2587 5570 utraque
2632 5502 2773 5554 inter
2804 5514 2866 5555 se
2909 5495 3204 5570 discrepat,
3241 5495 3384 5570 indi:

1805 5570 1966 5642 catis.
1997 5570 2265 5625 Caeterum
2298 5572 2437 5625 hanc
2465 5565 2768 5642 orationem
2811 5565 3132 5642 εειιιιίιιιιῐῄΔ
3152 5565 3383 5642 Nysseni

1810 5640 1981 5694 fetum
2007 5654 2149 5713 esse,
2181 5648 2296 5695 tum
2328 5642 2504 5713 stylus
2534 5639 2671 5713 ipse.
2703 5636 2839 5713 tum'
2885 5637 3136 5693 nonnulli
3166 5636 3381 5713 antiqui

1811 5724 1993 5764 mores
2052 5710 2108 5765 in
2159 5726 2223 5768 ea
2271 5706 2580 5774 memorati,
2650 5710 2785 5765 satis
2829 5722 3105 5781 superque
3159 5706 3387 5764 demon-

1819 5786 2017 5835 stram.
