3842 6422
503 322 603 383 725

1742 332 1799 390 S.
1829 327 2155 387 GREGORII
2213 327 2507 385 NYSSENI

3655 321 3768 377 79.4

502 446 772 515 singultum
821 446 872 498 in
922 444 1318 517 propugnando
1355 445 1861 518 promulganduque
1896 444 2068 502 Evan-

2186 446 2359 517 aqOe‘tg
2390 446 2569 517 κρίσει
2598 446 2690 501 καὶ
2718 446 2917 517 ἐκλογῇ
2954 443 3063 499 τῶν
3107 440 3423 497 ἀποστόλων
3450 437 3593 509 ἀνὴρ
3622 432 3769 491 εἶναι

504 538 643 608 gelio
669 536 993 605 prmbncrat,
1025 546 1084 592 ut
1104 545 1159 592 et
1188 550 1385 607 magna
1419 537 1617 591 divina
1660 536 1882 591 virtutis
1912 537 2075 590 mira—

503 630 625 685 cula
666 626 786 695 ejus
828 626 1272 696 praedicationem
1321 631 1737 684 comitarentur.
1772 628 2075 699 Stephanus

501 720 661 783 enim,
694 719 889 788 inquit,
914 720 1095 788 plenus
1119 720 1223 787 [ide
1246 730 1296 775 et
1321 720 1634 789 fortitudine
1667 721 1894 790 faciebat
1921 720 2076 791 signa

502 811 754 880 magna'.
806 809 993 881 Neque
1041 812 1189 867 enim
1234 813 1523 867 viduarum
1569 826 1757 867 curam
1815 812 1928 866 ullo
1972 811 2074 868 sibi

504 901 895 971 impedimento
924 903 1041 959 fore
1080 904 1311 973 putavit,
1347 903 1442 960 sed
1475 913 1528 959 et
1566 906 1671 959 hoc
1697 920 1862 960 onere
1890 904 2077 959 alacri-

504 1002 585 1046 ter
615 1001 894 1062 suscepto,
931 1010 962 1049 a
992 996 1142 1050 verbi
1169 996 1474 1051 ministerio
1497 1011 1775 1065 nunquam
1810 997 2074 1059 cessavit;

500 1096 555 1141 et
594 1088 696 1142 hoc
722 1089 902 1157 ipsum
944 1088 999 1142 in
1029 1104 1095 1143 eo
1140 1104 1349 1159 magna:
1373 1088 1726 1143 admirationi
1759 1098 1899 1151 erat,
1931 1085 2077 1157 quod

503 1181 667 1232 annui
699 1180 765 1234 ad
819 1181 1136 1237 subeundos
1172 1182 1389 1237 labores
1441 1180 1700 1252 propensi
1745 1180 2077 1252 singularem

505 1271 666 1339 phne
712 1271 1105 1326 abundantiam
1140 1272 1478 1327 ostenderet.
1522 1270 1825 1326 Viduarum
1889 1284 2077 1324 curam

500 1363 765 1433 gerebat,
816 1374 871 1421 et
918 1365 1224 1421 animarum
1279 1364 1634 1435 negotiationi
1687 1361 2076 1424 incumbebat,

502 1454 628 1511 illas
668 1455 888 1526 quidem
933 1471 1073 1527 pane
1114 1456 1384 1516 nutriens.
1419 1456 1519 1511 has
1568 1469 1701 1511 vero
1736 1452 2080 1509 sermonibus

503 1548 831 1615 instruens;
892 1549 1001 1604 illis
1047 1549 1267 1619 quidem
1314 1547 1654 1618 corporalem
1691 1558 1935 1628 mensam
1985 1556 2081 1612 ap-

504 1656 735 1711 ponens,
782 1641 868 1697 his
897 1656 1027 1696 vero
1082 1639 1368 1711 spirituale
1415 1640 1635 1710 epulum
1676 1652 1898 1708 parans.
1954 1637 2082 1688 Erat

504 1732 647 1786 enim
684 1732 766 1785 vir
803 1732 1043 1802 probus,
1077 1740 1132 1789 et
1165 1733 1360 1803 plenus
1406 1731 1615 1803 Spiritu
1650 1737 1868 1793 sancto,
1909 1725 2081 1781 animi

504 1823 726 1894 quidem
760 1824 1032 1894 probitate
1062 1840 1330 1895 pauperes
1356 1824 1533 1880 alendi
1562 1838 1762 1878 munus
1783 1820 2082 1883 sustinens,

504 1915 762 1986 loquenda
793 1932 923 1971 vero
959 1916 1232 1981 libertate,
1265 1925 1319 1972 et
1360 1916 1603 1988 Spiritus
1651 1915 1825 1970 sancti
1859 1913 2081 1975 virtute,

507 2005 753 2060 veritatis
774 2005 1026 2061 hostibus
1055 2022 1150 2060 ora
1177 2005 1537 2077 praecludens.
1575 2003 1844 2061 Omnibus
1900 2004 2085 2072 itaque

507 2096 822 2162 resistebat,
851 2110 903 2153 et
925 2098 1191 2154 adversus
1212 2113 1405 2156 omnes
1431 2098 1678 2154 veritatis
1702 2095 2085 2166 praedicatione

506 2190 842 2254 decertabat,
899 2190 1337 2246 adversariorum
1388 2191 1619 2247 consilia
1669 2189 1990 2253 destruens,
2030 2196 2086 2241 et

508 2295 722 2336 omnem
749 2281 1092 2336 altitudinem
1122 2282 1472 2338 extollentem
1514 2297 1575 2339 se
1616 2282 1881 2337 adversus
1909 2283 2087 2337 scien-

508 2373 638 2431 tiam
677 2371 774 2427 Dei
793 2372 834 2427 ³.
872 2371 1047 2427 Tanta
1079 2380 1263 2428 autem
1307 2372 1524 2429 dicendi
1554 2373 1606 2427 vi
1656 2380 1822 2445 atque
1850 2370 2085 2428 efficacia

509 2464 770 2533 praeditus
793 2473 931 2527 erat,
975 2472 1035 2519 ut
1083 2478 1243 2519 sacra
1272 2463 1470 2534 pagina
1501 2470 1759 2527 testante,
1798 2479 1960 2527 nemo
1990 2478 2086 2533 po-

508 2555 674 2610 tuerit
702 2553 962 2610 resistere
995 2556 1277 2624 sapientiae
1304 2563 1360 2611 et
1400 2554 1641 2626 spiritui,
1680 2570 1790 2624 quo
1826 2554 2087 2626 loqueba-

507 2655 599 2705 tur
623 2646 665 2703 ⁵.
687 2646 796 2703 Sed
825 2647 890 2702 ad
915 2647 1209 2702 concilium
1236 2647 1531 2717 impietatis
1560 2646 1758 2701 ductus
1781 2644 1881 2701 fuit
1910 2661 2086 2717 praeco

505 2738 805 2805 veritatis;
850 2747 1067 2809 oportet
1111 2740 1256 2794 enim
1311 2755 1411 2793 nos
1479 2739 1553 2793 ita
1605 2738 1662 2793 in
1717 2746 2083 2803 transcursu,

506 2829 718 2886 debitas
753 2829 1143 2902 Protomartyri
1184 2830 1370 2885 laudes
1401 2828 1650 2894 reddere,
1682 2845 1822 2901 quas
1854 2828 1968 2885 heri
2007 2829 2083 2900 (2)

506 2921 805 2990 adimplere
834 2932 1059 2992 propter
1083 2924 1334 2993 corporis
1363 2922 1734 2978 inlirmitatem
1770 2937 1879 2978 non
1908 2922 2083 2989 licuit,

505 3020 559 3066 et
587 3011 748 3066 hodie
782 3011 1019 3066 debitam
1063 3012 1270 3066 sanctis
1306 3013 1573 3082 apostolis
1607 3012 2085 3068 commemoratio.

2181 540 2395 607 πιστὸς,
2421 540 2515 593 καὶ
2538 539 2753 611 πλήρης
2774 537 3090 609 Πνεύματος
3117 535 3297 602 ἁγίου,
3317 531 3510 586 ἔπειτα
3532 528 3769 598 δυνάμει

2180 631 2555 703 πνευματικῆς
2577 630 2788 700 σοφίας.
2814 630 2925 685 Καὶ
2955 628 3063 699 7&9
3078 627 3156 699 τῷ
3168 625 3297 697 θείῳ
3321 623 3467 694 λόγῳ
3491 619 3772 688 τοσαύτην

2179 724 2323 795 ὑπὲρ
2353 722 2447 776 τοῦ
2505 723 2860 794 κηρύγματος
2918 718 3242 791 συνηγορίαν
3286 715 3653 775 ἐπεδείκνυτο,
3687 710 3769 774 ὡς

2181 816 2276 871 καὶ
2331 814 2542 887 μεγάλα
2569 815 2638 869 τά
2668 813 2924 885 θαύματα
2966 813 3067 882 τῆς
3114 810 3263 875 θείας
3314 805 3594 879 ἐνεργείας
3642 820 3769 857 συν-

2181 907 2393 978 τρέχειν
2412 905 2576 961 αύτοῦ
2593 904 3112 970 ταῖςδιδασκαλίαις.
3135 900 3437 970 Στέφανος
3455 899 3585 969 γὰρ,
3607 896 3766 965 φησὶ,

2182 1000 2419 1069 πλήρης
2472 1001 2730 1065 πίστεως
2771 998 2867 1051 καὶ
2925 994 3255 1065 δυνάμεως,
3304 990 3492 1047 ἐποίει
3542 987 3770 1058 σημεῖα

2177 1091 2433 1164 μεγάλα.
2492 1091 2568 1145 υύ
2604 1090 2713 1163 γὰρ
2736 1090 3052 1144 ἐδικαίωσεν
3072 1086 3327 1158 ἐμπόδιον
3350 1083 3500 1154 αύτῷ
3523 1101 3577 1136 τι
3616 1079 3770 1150 γενέ-

2185 1183 2308 1238 σθαι
2340 1184 2406 1254 τῇ
2443 1182 2575 1253 περὶ
2604 1180 2702 1245 τὰς
2741 1180 2916 1251 χήρας
2939 1178 3163 1248 σπουδῇ,
3189 1175 3322 1229 ἀλλά
3345 1175 3438 1229 καὶ
3458 1171 3663 1243 ταύτης
3687 1170 3769 1258 ef-

2183 1294 2308 1347 χετο
2336 1275 2651 1348 προθύμως,
2676 1272 2936 1343 κάκείνης
2962 1271 3062 1324 οὐκ
3090 1268 3500 1339 ἀπελιμπὰνετο
3518 1283 3533 1297 ·
3565 1266 3662 1319 καὶ
3698 1259 3772 1334 ἦν

2183 1369 2270 1422 ἐπ’
2293 1366 2442 1438 αὐτῷ
2460 1365 2602 1437 μέγα
2615 1365 2677 1419 τὸ
2695 1364 2900 1436 θαῦμα,
2914 1364 3008 1418 καὶ
3025 1360 3309 1432 φιλοπόνου
3324 1359 3558 1422 διανοίας
3579 1355 3771 1409 πλεονο

2187 1459 2423 1530 έκτημα.
2474 1458 2667 1530 Χήρας
2696 1455 3030 1515 ἐπιστεύετο,
3063 1453 3155 1507 καὶ
3182 1452 3359 1524 ψυχὰς
3390 1449 3766 1520 ἐνεπορεύετο,

2184 1551 2285 1614 τὰς
2338 1550 2436 1619 μὲν
2477 1549 2629 1621 ἄρτῳ
2664 1546 2902 1617 τρέφων,
2930 1546 3027 1610 τάς
3063 1544 3121 1599 δέ
3156 1544 3300 1614 λόγῳ
3349 1541 3639 1601 παιδεύων,
3668 1541 3767 1593 καὶ

2186 1644 2305 1705 ταῖς
2329 1642 2427 1713 μὲν
2447 1640 2761 1712 σωματικὴν
2778 1638 3056 1712 τράπεζαν
3077 1636 3372 1710 προτιθεὶς,
3393 1639 3513 1699 ταῖς
3526 1635 3584 1688 δέ
3604 1651 3769 1687 πνευ-

2192 1735 2425 1807 ματικὴν
2446 1734 2629 1789 ἑστίαν
2654 1731 3109 1805 προϐαλλόμενος.
3125 1724 3235 1785 Ἦν
3252 1730 3362 1799 γὰρ
3384 1728 3521 1799 ἀνὴρ
3540 1725 3766 1794 ἀγαθὸς,

2186 1829 2280 1881 καὶ
2318 1827 2531 1898 πλήρης
2583 1825 2900 1896 Πνεύματος
2951 1823 3135 1894 ἁγίου·
3184 1821 3481 1892 ἀγαθότητι
3527 1819 3629 1890 μὲν
3670 1817 3771 1887 τῆς

2184 1918 2429 1990 γνώμης,
2458 1917 2563 1969 τῶν
2612 1918 2861 1987 πενήτων
2883 1916 2982 1987 τὴν
3019 1913 3359 1984 λειτουργίαν
3379 1910 3767 1981 ύφιστὰμενικ’

2185 2014 2297 2082 παῤ
2305 2009 2467 2081 ρησίᾳ
2487 2009 2657 2063 δὲκαὶ
2679 2008 2905 2079 δυνάμει
2921 2007 3017 2062 τοῦ
3040 2005 3180 2060 Πνεύ
3189 2022 3376 2077 ματος,
3399 2004 3525 2066 τοὺς
3540 2001 3771 2072 ἐχθροὺς

2184 2103 2284 2173 τῆς
2319 2100 2575 2173 ἀληθείας
2607 2100 2994 2172 ἐπιστομίζων.
3015 2100 3157 2153 [list
3177 2095 3310 2167 γοῦν
3331 2095 3650 2166 ἀντέκρουε,
3677 2093 3771 2146 καὶ

2185 2193 2391 2257 πάντας
2413 2193 2491 2264 τῷ
2515 2192 2657 2263 λόγῳ
2701 2191 2799 2261 τῆς
2838 2190 3097 2261 ἀληθείας
3163 2186 3591 2257 κατηγωνίζετο,
3625 2184 3772 2252 λογι-

2185 2284 2356 2357 σμοὺς
2387 2283 2687 2357 καθαιρῶν.
2735 2282 2831 2337 καὶ
2863 2284 2969 2336 πᾶν
3014 2281 3216 2351 ’ύψωμα
3245 2278 3607 2349 ἐπαιρόμενον
3629 2275 3774 2331 κατὰ

2183 2377 2281 2448 τῆς
2311 2376 2565 2445 γνώσεως
2624 2373 2719 2428 τοῦ
2754 2373 2909 2427 Θεοῦ.
2935 2370 3185 2442 Τοσαύτη
3231 2369 3289 2424 δὲ
3314 2368 3463 2439 αύτῷ
3498 2368 3653 2437 ἰσχὺς
3675 2364 3773 2419 τοῦ

2182 2466 2340 2535 λόγου
2375 2466 2578 2537 παρῆν,
2604 2464 2679 2527 ὡς
2700 2463 2845 2518 κατά
2871 2462 2968 2534 τὴν
2994 2459 3303 2533 μαρτυρίαν
3324 2458 3423 2529 τῆς
3446 2457 3609 2526 ἁγίας
3626 2456 3773 2525 Γρα-

2184 2558 2310 2629 φῆς,
2349 2558 2554 2631 μηδένα
2590 2555 2851 2613 δύνασθαι
2885 2556 3199 2626 ἀντιστῆναι
3252 2555 3320 2624 τῇ
3356 2550 3519 2621 σοφίᾳ
3554 2550 3651 2603 καὶ
3695 2547 3774 2617 τῷ

2185 2649 2478 2718 πνεύματι,
2508 2642 2554 2719 ᾧ
2582 2649 2783 2704 ἐλάλει.
2818 2647 2958 2701 Ἀλλ’
2976 2648 3072 2701 ἐπὶ
3096 2644 3156 2700 τό
3185 2645 3458 2717 συνέδριον
3484 2645 3649 2715 ῆγετο
3665 2640 3769 2713 τῆς

2183 2741 2460 2807 ἀπιστίας,
2496 2742 2524 2793 ὁ
2553 2739 2729 2811 κήρυξ
2755 2741 2855 2810 τῆς
2875 2736 3134 2810 ἀληθείας
3156 2754 3170 2770 ο
3194 2736 3275 2790 δεῖ
3306 2735 3415 2807 γὰρ
3451 2735 3601 2805 ἡμᾶς
3624 2732 3772 2787 οὕτω

2185 2830 2640 2902 παραδραμόντας
2689 2828 2768 2901 τῷ
2806 2828 3240 2901 Πρωτομὰρτυρι
3273 2827 3371 2899 τὴν
3412 2823 3772 2895 ὀφειλομένην

2184 2921 2495 2984 ἀποδοῦναι,
2531 2920 2597 2993 ἥν
2623 2919 2747 2991 χθές
2778 2918 3175 2991 ἀποπληρῶσαι
3199 2917 3259 2971 τὸ
3286 2916 3508 2980 ἀσθενὲς
3533 2915 3629 2969 τοῦ
3666 2916 3771 2968 σώο

2188 3032 2353 3086 ματος
2384 3014 2482 3067 οὐκ
2505 3012 2794 3083 ἐπέτρεψε,
2821 3011 2916 3066 καὶ⁹
2940 3012 3178 3082 σήμερον
3198 3012 3310 3073 τοῖς
3342 3009 3517 3077 ἁγίοις
3538 3007 3772 3062 ἀποστόο

505 3118 635 3157 nem
679 3118 958 3174 peragere.
1015 3100 1263 3157 Primum
1310 3103 1580 3175 siquidem
1622 3118 1800 3174 neque
1845 3102 2082 3166 diebus,

2187 3108 2298 3170 λοις
2324 3107 2423 3177 τὴν
2452 3105 2661 3159 οίκείαν
2698 3105 2922 3176 μνήμην
2962 3100 3379 3173 ἀποπληρῶσαι.
3416 3100 3771 3196 Πρῶτον-μὲν

506 3210 687 3265 neque
732 3194 1081 3264 temporibus
1128 3202 1445 3250 sanctorum
1500 3195 1690 3250 laudes
1732 3194 2084 3250 circumscri-

504 3286 695 3344 benda:
724 3295 851 3341 sunt
878 3304 894 3352 ;
920 3301 1044 3340 nam
1075 3284 1141 3340 In
1176 3287 1452 3351 memoria,
1481 3286 1575 3353 ait,
1624 3295 1824 3341 wteraa
1847 3284 1949 3339 erit
1987 3284 2085 3355 ju-

507 3390 622 3434 stus
643 3378 686 3433 ⁸.
720 3377 924 3433 Deinde
955 3393 1086 3432 vero
1117 3378 1319 3448 quibus
1348 3393 1457 3432 una
1482 3377 1784 3449 eademque
1807 3375 1910 3432 fuit
1933 3392 2086 3434 meus

507 3479 672 3541 atque
724 3470 995 3526 sententia
1029 3469 1128 3539 (5),
1174 3468 1210 3523 ii
1246 3469 1435 3540 utique
1473 3469 1698 3524 laudum
1727 3484 1948 3541 quoque
1990 3469 2088 3525 de~

505 3562 639 3618 bent
667 3576 790 3617 osse
814 3570 1119 3616 consortes.
1149 3558 1268 3615 Non
1296 3561 1480 3631 itaque
1512 3559 1768 3616 laudandi
1800 3569 1929 3617 sunt
1967 3560 2088 3617 sine

507 3652 773 3722 apostolis
794 3660 1085 3723 martyres,
1115 3664 1216 3707 nec
1244 3651 1365 3707 sine
1395 3652 1516 3707 istis
1545 3651 1803 3724 apostoli.
1833 3650 2083 3723 Magistri

506 3744 652 3799 enim
694 3752 991 3814 martyrum
1029 3744 1285 3816 apostoli,
1323 3744 1591 3817 imagines
1632 3761 1767 3801 vero
1804 3746 2083 3816 apostolo-

506 3849 628 3888 rum
653 3844 780 3889 sunt
812 3842 1102 3905 martyres.
1134 3831 1357 3889 Illorum
1381 3835 1568 3906 itaque
1592 3835 1887 3906 imaginem
1922 3844 2086 3905 atque

479 3926 744 4013 .insigne,
800 3941 1018 3981 crucem
1069 3926 1340 3993 videlicet,
1394 3928 1588 3983 beatus
1634 3942 1745 3998 prae
1787 3944 1847 3984 se
1902 3926 2084 3985 ferens

508 4019 841 4088 Stephanus,
897 4018 1107 4088 primus
1155 4031 1377 4088 quoque
1425 4033 1521 4088 per
1562 4027 1793 4075 mortem
1836 4020 2083 4090 martyrii

505 4125 712 4166 corona
733 4109 1027 4166 redimitus
1057 4108 1183 4165 fuit.
1230 4107 1376 4177 Quin
1411 4118 1466 4165 et
1496 4111 1749 4183 martyrii
1798 4111 2084 4179 tolerantia

504 4202 786 4273 magistris
814 4203 1044 4275 gloriam
1084 4201 1452 4272 decoremque
1484 4203 1865 4274 comparavit;
1899 4213 1954 4259 et
2001 4202 2083 4257 fa-

505 4302 629 4350 ctus
669 4304 757 4350 est
801 4311 929 4350 vere
976 4292 1309 4365 Stephanus,
1365 4294 1469 4349 hoc
1512 4305 1617 4361 est,
1665 4311 1907 4358 corona;
1956 4310 2082 4350 nam

504 4384 899 4454 magistrorum
927 4384 1272 4454 egregiorum
1321 4397 1548 4449 corona,
1599 4398 1707 4437 non
1736 4398 1803 4438 ex
1850 4383 2084 4438 celebri-

2186 3198 2294 3271 7&9
2308 3198 2406 3269 οὐχ
2434 3196 2689 3269 ἡμέραις,
2714 3194 2836 3249 ούδέ
2866 3192 3172 3266 χρόνοις,τά
3195 3191 3303 3245 τῶν
3324 3190 3492 3259 ἁγίων
3517 3185 3771 3258 ἐγκώμια

2185 3287 2555 3362 περιορίζεται
2577 3303 2591 3317 °
2613 3289 2721 3354 Εἰς
2738 3286 3138 3355 μνημόσυνον
3152 3282 3281 3354 γὰρ,
3310 3282 3492 3353 φησιν,
3526 3279 3772 3333 αἰώνιον

2184 3380 2357 3436 ἔσται
2398 3380 2628 3446 δίκαιος
2647 3394 2662 3409 ·
2706 3378 2897 3432 ἔπειτα
2940 3375 3018 3439 δὲ,
3048 3368 3130 3439 οἷς
3162 3375 3223 3427 οὐ
3261 3373 3551 3444 διαιρεῖται
3572 3369 3643 3424 τὰ
3673 3370 3773 3440 τῆς

2186 3473 2431 3546 γνώμης.
2459 3471 2598 3526 Οὔτε
2622 3470 2800 3524 τοίνυν
2834 3468 3112 3540 μάρτυρες
3132 3466 3260 3522 ἀνευ
3282 3463 3616 3527 ἀποστόλων,
3646 3460 3772 3516 οὗτε

2185 3565 2347 3620 πάλιν
2376 3564 2665 3618 ἀπόστολοι
2693 3563 2866 3634 χωρὶς
2901 3561 3145 3614 ἐκείνων.
3179 3556 3499 3612 Διδάσκαλοι
3526 3555 3628 3625 μὲν
3661 3555 3772 3623 7&9

2188 3656 2503 3731 μαρτύρων,
2534 3654 2841 3711 ἀπόστολον
2891 3654 3098 3717 εἰκόνες
3130 3652 3191 3706 δὲ.
3222 3649 3332 3703 τῶν
3358 3647 3701 3713 ἀποστόλων,
3725 3648 3772 3699 οί

2187 3751 2483 3830 μάρτυρες.
2502 3747 2700 3802 Είκόνα
2719 3744 2850 3817 γοῦν
2865 3746 2963 3818 τὴν
2980 3745 3198 3800 ἐκείνων
3218 3742 3312 3799 καὶ
3333 3742 3424 3795 τὸν
3443 3738 3775 3830 χαρακτῆρα

2185 3828 2363 3912 φέρων
2388 3842 2415 3894 ό
2438 3839 2704 3912 μακάριος
2736 3836 3024 3909 Στέφανος,
3054 3834 3285 3907 σταυρὸν
3310 3834 3407 3903 (5),
3439 3832 3537 3886 καὶ
3567 3832 3659 3885 διά
3680 3828 3773 3884 τοῦ

2185 3929 2415 3983 θανάτου
2452 3927 2669 4000 πρῶτος
2696 3925 2788 3981 τοῦ
2826 3925 3126 3998 μαρτυρίου
3159 3925 3251 3978 τὸν
3287 3923 3548 3993 στέφανον
3574 3923 3772 3993 ἀνεδή-

2184 4035 2335 4072 σατο.
2375 4017 2515 4071 Ἀλλ’
2559 4018 2709 4088 ὅμως
2750 4016 2841 4071 διὰ
2884 4015 2985 4085 τῆς
3023 4014 3300 4086 ὑπομονῆς
3340 4014 3433 4067 τοῦ
3468 4013 3772 4085 μαρτυρίου

2183 4111 2308 4174 τοὺς
2334 4108 2688 4174 διδασκάλους
2747 4108 3110 4179 ἀπεσέμνυνε,
3156 4106 3250 4159 καὶ
3295 4105 3518 4174 γέγονεν
3556 4105 3776 4176 ἀληθῶς

2185 4198 2477 4267 στέφανος·
2514 4198 2777 4267 στέφανος
2803 4195 2913 4267 7&9
2940 4194 3049 4249 τῶν
3079 4192 3257 4248 καλῶν
3299 4191 3635 4247 διδασκάλων
3674 4192 3775 4245 οὐκ

2180 4286 2251 4363 ἦν
2274 4289 2409 4361 τιμὴ
2435 4288 2531 4359 τῆς
2560 4288 2697 4359 εύφη
2707 4288 2856 4358 μίας,
2887 4286 3001 4341 ἀλλ’
3034 4281 3103 4357 ἧν
3130 4282 3382 4356 προκοπὴ
3407 4283 3505 4353 τῆς
3543 4282 3775 4354 Ἐκκληο

2187 4383 2327 4450 σίας,
2350 4381 2541 4453 ὥσπερ
2555 4381 2686 4451 γοῦν
2708 4378 3013 4452 Κορινθίοις
3031 4378 3261 4449 γράφων
3284 4378 3317 4430 ό
3343 4377 3485 4439 θεῖος
3512 4375 3774 4428 ’Δπόστο-

508 4483 617 4528 tate
654 4474 894 4529 nominis
925 4483 1078 4529 ortus
1126 4473 1325 4540 honor,
1356 4473 1454 4530 sed
1482 4472 1739 4529 Ecclesiae
1774 4473 2081 4529 incremen-

2186 4473 2276 4539 λός
2307 4488 2494 4545 φησιν’
2538 4471 2802 4541 Ἀδελφοί
2824 4489 2946 4542 μου
2965 4468 3260 4540 ἀγαπητοί
3282 4468 3379 4523 καὶ
3398 4467 3769 4534 ἐπιπόθητοι.

508 4574 622 4620 tum
648 4574 791 4627 erat,
827 4565 1293 4636 quemadmodum
1328 4568 1492 4621 etiam
1526 4566 1591 4619 ad
1658 4565 1975 4622 Corinthios
2004 4563 2082 4637 (ιί)

506 4657 757 4713 scribens
808 4655 1029 4713 divinus
1073 4658 1374 4729 Apostolus
1425 4658 1636 4729 inquit:
1709 4655 1934 4713 Fratres
1986 4659 2089 4713 mei

507 4749 847 4815 charissimi,
899 4749 1159 4820 gaudium
1209 4767 1422 4817 meum,
1473 4760 1520 4804 et
1560 4765 1758 4804 corona
1813 4766 1951 4816 mea,
2011 4751 2088 4805 sic

508 4850 647 4896 state
668 4840 709 4895 ⁸.
735 4840 842 4897 Sed
872 4840 940 4895 ad
974 4842 1319 4913 propositum
1342 4842 1653 4897 redeamus.

580 4955 868 5025 Ingressus
915 4965 1002 5014 est
1049 4957 1105 5012 in
1164 4955 1371 5013 Christi
1420 4956 1733 5010 occisorum
1786 4952 2080 5008 concilium

505 5048 594 5102 vir
628 5046 910 5105 Christum
960 5048 1163 5114 ferens,
1207 5048 1327 5104 ovis
1367 5046 1424 5103 i-n
1459 5047 1718 5117 luporum
1755 5053 2086 5116 synago'gam

578 5237 601 5268 ’
624 5238 754 5294 Act.
772 5254 861 5306 v1,
887 5239 922 5294 8
975 5253 1098 5309 sqq.

578 5424 658 5494 (2)
692 5422 887 5479 Habita
915 5431 1000 5480 est
1028 5423 1195 5495 igitur
1236 5426 1352 5485 hac
1410 5428 1589 5483 oratio
1640 5428 1909 5500 postridie
1961 5427 2084 5483 festi

511 5491 571 5548 S.
612 5492 897 5549 Stephani.

558 5495 1088 5634 ’(ἒῖθῐῗίιοὲῒοιιηυηθ
1114 5566 1308 5624 deesse
1330 5565 1582 5622 videntur
1613 5566 1667 5622 in
1694 5575 1845 5623 textu
1870 5566 2084 5633 Grmco,

509 5650 629 5704 quae
671 5637 737 5689 ad
769 5636 1203 5706 antecedentium
1239 5648 1291 5692 et
1320 5639 1767 5706 subsequentium
1794 5638 2083 5693 verborum

512 5718 739 5778 Sensum
770 5705 823 5758 in
856 5706 1109 5778 versione
1145 5716 1329 5778 nostra
1362 5709 1758 5778 supplevimus.

585 5774 660 5843 (4)
697 5774 951 5831 Memoria
986 5778 1185 5831 labitur
1206 5774 1639 5847 Nyssenusutisi
1669 5782 1870 5849 vctais
1915 5775 2083 5833 libra,-

2186 4566 2341 4635 χαρὰ
2368 4563 2466 4619 καὶ
2496 4562 2798 4632 στέφανός
2833 4575 2973 4631 μου,
3000 4560 3155 4615 οὕτω
3177 4557 3452 4628 στήκετε.
3500 4556 3648 4611 Ἀλλ’
3680 4556 3772 4609 ἐπὶ

2185 4656 2248 4710 τὸ
2288 4656 2651 4727 προκείμενον
2679 4652 3083 4725 ἐπανέλθωμεν.

2245 4947 2509 5018 Εἰσῆλθεν
2542 4947 2623 5036 εἰς
2656 4943 2716 4998 τὸ
2737 4942 3013 5016 συνέδριον
3037 4941 3149 4997 τῶν
3165 4938 3553 5013 Χριστοφόνων
3580 4942 3613 4994 ό
3642 4941 3775 5013 Χρι-

2180 5042 2443 5113 στοφόρος
2459 5057 2473 5071 ·
2492 5030 2849 5108 εἰσεπήδησεν
2871 5037 2953 5099 εἰς
2981 5035 3087 5106 τὴν
3105 5030 3432 5104 συναγωγὴν
3456 5031 3573 5087 τῶν
3596 5033 3775 5087 λύκων

1212 5238 1232 5270 ³
1282 5238 1477 5297 llCor.
1510 5256 1564 5304 ι,
1591 5240 1679 5295 ιδ.
1757 5239 1781 5272 δ
1809 5238 1929 5295 Act.
1962 5255 2038 5304 vr,
2068 5240 2082 5294 l

2232 5239 2259 5271 ‘
2283 5238 2427 5297 Psal.
2462 5254 2579 5300 cxi,
2620 5235 2673 5290 7.
2713 5235 2735 5266 ⁸
2760 5232 2997 5305 Philipp.
3028 5246 3107 5298 tv,
3144 5228 3196 5283 Ι.

2194 5426 2263 5480 rii
2285 5437 2441 5479 error
2470 5422 2583 5488 sit;
2622 5435 2749 5477 nam
2794 5419 2915 5476 haec
2943 5420 3111 5475 verba
3143 5417 3352 5488 nonin
3389 5414 3661 5487 Epistolis
3700 5416 3769 5488 ad

2191 5486 2691 5557 Corinthios,vsed
2740 5491 2794 5545 in
2848 5490 3095 5563 Epistola
3144 5489 3220 5545 ad
3267 5486 3654 5560 Philippenses
3698 5486 3766 5541 le-

2186 5574 2511 5706 ευίὲςηλίὶᾶε
2543 5656 2611 5695 an
2647 5635 2872 5692 verbum
2907 5630 3141 5702 σταυρόν
3168 5644 3644 5698 supervacaneum
3666 5627 3773 5693 ﬁt;

2191 5720 2339 5766 certe
2367 5706 2487 5770 sine
2515 5712 2616 5768 illo
2638 5720 2839 5770 sensus
2866 5710 3120 5760 constare
3143 5709 3341 5773 potest.
