3842 6436
120 318 223 372 723

1140 320 1419 381 ALTERA
1464 321 1822 381 LAUDATIO
1864 323 1935 382 8.
1977 324 2344 386 ΒΤΕΡΗΔΝΙ.

3274 329 3381 387 726

117 438 177 491 τὸ
201 434 508 506 πρόϐατον·
556 436 677 494 ἀλλ’
717 435 785 511 ἦν
813 440 917 511 οὐχ
943 440 1018 506 ὡς
1040 441 1229 508 ἁπλῶς
1258 444 1529 517 πρόϐατον
1557 444 1698 517 θηρι-

1816 444 2044 515 insiluit,
2080 464 2189 505 non
2218 457 2481 520 tauquam
2514 449 2744 507 omnino
2790 448 2912 507 ovis
2946 463 2977 505 a
3022 448 3152 521 lupo
3204 459 3383 522 rapta,
3450 516 3455 517 ί

118 530 345 593 dimov,
372 529 510 584 ἀλλὰ
545 531 820 603 πρόϐατον
857 533 961 587 ὐπὸ
994 534 1230 607 Χριστοῦ
1261 536 1704 609 ποιμαινόμενον,

118 620 207 673 καὶ
225 621 371 692 πρὸς
392 622 519 685 τοὺς
546 622 746 688 λύκους
763 626 1184 698 ἀγωνιζόμενον.
1216 629 1281 683 Oi
1303 629 1403 700 μὲν
1419 629 1527 701 γάρ
1555 629 1713 685 ἐλύσο

120 727 225 763 σων
282 711 379 764 καὶ
406 713 733 785 διεπρίοντο,
760 717 881 779 ταῖς
901 718 1258 791 κατηγορίαις
1287 720 1383 773 καὶ
1412 722 1535 785 ταῖς
1554 721 1715 774 ἀπει-

15 851 22 863 ,
117 800 232 865 λαῖς
271 804 337 855 τὸ
367 805 623 875 ποίμνιον
659 806 1086 874 καταδάκνοντες
1108 826 1122 841 ·
1154 812 1185 865 ὁ
1210 809 1267 863 δέ
1296 811 1496 882 μᾶλλον
1515 812 1715 877 αὐτοὺς

117 897 225 957 τοῖς
253 894 500 967 ἐλέγχοις
520 896 938 969 διεσπάραττεν,
971 900 1005 972 ἢ
1032 903 1152 966 ταῖς
1176 902 1427 968 ἀπειλαῖς
1480 905 1574 959 κα)⁸
1591 907 1713 969 ταῖς

117 988 495 1059 κατηγορίαις,
514 989 591 1054 ῶς
613 992 832 1047 ἐκεῖνοι.
866 992 958 1064 Μὴ
986 993 1181 1064 ψιλῶς,
1216 995 1341 1067 μηδ’
1378 996 1715 1061 ἐπιπολαίως

118 1078 570 1151 παραδράμωμεν
594 1080 665 1136 τὰ
699 1082 988 1155 λεγόμενα.
1025 1078 1196 1151 Οὗτος
1222 1086 1332 1158 γάρ
1353 1087 1489 1160 πρὸς
1516 1088 1713 1142 τοσαύ-

116 1187 213 1241 την
257 1172 586 1245 συναγωγὴν
620 1177 1095 1249 πονηρευομένων,
1127 1179 1223 1234 καὶ
1264 1179 1402 1243 πρὸς
1446 1179 1714 1251 τοσαύτην

117 1262 299 1317 λύκων
325 1264 515 1336 ἔφοδον
539 1269 680 1321 κατά
718 1269 821 1340 τῆς
849 1270 1063 1336 ἀδικίας
1103 1271 1374 1343 ἐθάρσησε
1400 1273 1712 1345 παρῤησιά·

118 1355 341 1421 σασθαι,
376 1358 471 1412 καὶ
490 1360 665 1413 εἰπεῖν
695 1362 834 1431 μετά
863 1363 963 1432 τὴν
994 1363 1195 1435 πολλὴν
1216 1364 1433 1437 ἐκείνην
1456 1364 1715 1419 διδασκα-

117 1448 238 1501 λίαν
253 1460 270 1478 ⁹
290 1451 841 1521 Σκληροτράχηλοι,
863 1455 962 1509 καὶ
994 1456 1377 1526 ἀπερίτμητοι
1401 1455 1477 1526 τῇ
1502 1456 1716 1526 καρδίᾳ

116 1539 217 1593 καί
269 1541 398 1607 τοῖς
439 1542 611 1607 ὠσίν,
653 1545 825 1613 ὑμεῖς
885 1547 979 1601 del
1015 1546 1097 1615 τῷ
1120 1549 1428 1619 Πνεύματι
1467 1547 1551 1614 τῷ
1570 1549 1718 1618 ἁγίῳ

113 1630 521 1698 ἀντιπίπτετε,
557 1633 752 1699 καθὼς
777 1638 832 1690 οι
860 1637 1114 1706 πατέρες
1135 1637 1323 1709 ὑμῶν,
1346 1638 1442 1693 καὶ
1467 1637 1537 1693 τά
1564 1637 1712 1708 ἐξῆς.

114 1721 310 1787 Οὕτως
341 1725 371 1778 δ
399 1724 492 1778 ἐπὶ
533 1727 630 1797 μὲν
654 1728 760 1798 γῆς
797 1730 1143 1801 φαινόμενος,
1192 1730 1262 1784 τὰ
1317 1730 1375 1784 δὲ
1408 1732 1468 1785 ἐν
1500 1728 1715 1802 οὐρανῷ

114 1817 638 1889 κατοπτριζόμενοςο
693 1822 789 1874 καὶ
839 1821 1129 1894 ἀνθρώπου
1184 1821 1285 1894 μέν
1310 1822 1474 1892 φύσιν
1506 1825 1714 1880 ἐνδεδυ-

116 1908 300 1979 μένος,
336 1910 570 1978 ἀγγέλου
602 1910 658 1964 δὲ
681 1910 806 1981 ὄψιν
858 1914 955 1966 καὶ
994 1914 1180 1986 σχῆμα
1206 1916 1715 1987 μεταμορφωσάμε-

15 2054 22 2069 ,
112 2016 205 2062 νος
252 2000 371 2071 (καὶ
399 2000 607 2056 τούτων
646 2002 801 2056 οὐδὲν
834 2004 1065 2070 ἀπεικός
1088 2024 1101 2039 ο
1133 2005 1345 2078 ἔπρεπε
1366 2007 1478 2080 γὰρ
1497 2007 1716 2080 ἀληθῶς

112 2092 175 2146 ἐν
224 2090 309 2162 τῷ
359 2093 795 2167 Πρωτομάρτυρι
846 2095 1129 2168 δειχθῆναι
1172 2097 1283 2153 τῶν
1334 2099 1630 2175 μαρτύρων
1653 2101 1717 2155 τὸ

112 2181 361 2255 ἀξίωμα,
396 2184 491 2238 καὶ
518 2184 723 2255 γνῶναι
753 2185 942 2241 λοιπὸν
979 2188 1235 2253 ἅπαντας
1266 2189 1369 2260 τῆς
1398 2189 1591 2261 καινῆς
1616 2191 1715 2261 χά·-

114 2292 269 2346 ριτος
326 2276 397 2331 τά
447 2275 647 2348 ἐργα)’
682 2278 712 2330 ὁ
757 2276 855 2331 τοῦ
909 2279 1213 2351 μαρτυρίου
1257 2279 1421 2345 πόθος
1458 2281 1523 2335 οὐ
1553 2281 1716 2352 μόνον

109 2365 419 2438 ἀγγελικὴν
447 2364 605 2432 ἀξίαν
633 2367 938 2439 χαρίζεται,
966 2367 1213 2424 ἀλλὰκαὶ
1236 2368 1482 2439 οὐρανῶν
1508 2370 1715 2440 ἀνοίγει

112 2459 327 2524 πύλας’
356 2461 540 2515 οὐκέτι
580 2460 797 2531 θανάτῳ
827 2462 928 2527 τὰς
946 2462 1129 2533 ψυχὰς
1160 2462 1566 2535 παραπέμπων,
1597 2466 1713 2520 ἀλλ’

112 2552 194 2614 είς
238 2552 691 2624 χεῖρας¹Χριστοῦ
713 2553 775 2607 τὸ
805 2552 1024 2625 πνεῦμα
1043 2554 1494 2626 παρατιθέμενος.
1536 2555 1595 2611 Ὁ
1614 2557 1715 2629 μὲν

16 2652 21 2662 ’
112 2641 225 2711 γὰρ
260 2642 542 2712 Κυριακύς
568 2642 857 2715 ἄνθρωπος
879 2644 975 2698 τοῦ
993 2646 1248 2717 Σωτῆρος
1279 2645 1358 2718 τῷ
1384 2647 1563 2719 ἐαυτῷ
1599 2650 1715 2703 Πα-

110 2736 205 2806 τρὶ
238 2736 299 2788 ἐν
351 2735 431 2806 τῷ
475 2736 693 2809 σταυρῷ
730 2738 1093 2823 προνσεφώνει,
1135 2739 1345 2809 λέγων·
1373 2739 1586 2811 Πάτερ,
1626 2744 1715 2809 είς

115 2828 321 2898 χεῖράς
355 2846 473 2884 σου
516 2833 873 2902 παρατίθημι
905 2831 973 2885 τὸ
1014 2832 1251 2903 πνεῦμά
1275 2850 1397 2902 μου
1419 2851 1434 2864 ·
1485 2834 1514 2887 ὁ
1541 2833 1599 2887 δὲ
1619 2833 1715 2888 τοῦ

111 2918 359 2988 Χριστοῦ
375 2920 563 2983 δοῦλος
579 2920 872 2991 Στέφανος,
895 2920 1186 2985 ἀνατείνας
1206 2921 1287 2984 είς
1306 2919 1398 2974 τὸν
1413 2918 1712 2989 Δεσπότην,

111 3012 319 3079 Κύριε,
348 3012 533 3082 φησιν,
569 3011 785 3080 Ἰησοῦ,
804 3010 973 3076 δέξαι
1007 3011 1072 3065 τὸ
1098 3010 1336 3080 πνεῦμά
1356 3028 1475 3081 μου
1495 3026 1513 3044 ο
1542 3010 1716 3084 ταύτῃ

108 3104 177 3172 τῇ
205 3104 364 3171 φωνῇ
400 3100 501 3173 τὴν
527 3100 705 3173 ψυχὴν
730 3101 1090 3172 ἀποθέμενος.
1115 3100 1371 3171 ’Δγγελοι
1394 3101 1488 3155 τὸν
1508 3100 1716 3156 ἑαυτῶν

1813 540 1911 597 sed
1949 549 2207 612 tanquam
2237 542 2358 598 ovis
2393 557 2424 598 e
2451 540 2657 599 Christi
2688 557 2851 615 grege
2883 555 3010 597 cum
3048 541 3196 613 lupis
3224 541 3388 596 dimi-

1811 647 1968 691 cans.
2001 632 2135 689 Nam
2160 633 2237 689 illi
2272 632 2524 689 furebant
2584 643 2748 703 atque
2792 632 3238 699 dissecabantur,
3294 646 3385 685 ac-

1810 722 2161 778 cusationum
2194 732 2360 794 atque
2419 724 2693 778 minarum
2731 722 3008 778 morsibus
3038 736 3254 793 gregem
3298 719 3383 774 di-

1811 814 2153 883 lacerantes;
2188 821 2245 869 at
2268 813 2356 869 hic
2387 812 2609 870 diverso
2654 827 2881 884 prorsus
2914 826 3067 868 more
3094 810 3191 868 eos
3220 825 3385 880 argu-

1813 907 2247 966 mentationibus
2299 907 2485 978 potius
2515 907 2651 972 suis,
2680 920 2847 976 quam
2879 905 3043 961 minis
3070 913 3126 961 et
3152 918 3384 959 accusa-

1814 1000 2057 1057 tionibus
2089 1000 2455 1070 discerpebat.
2497 1001 2565 1053 At
2590 1013 2700 1053 non
2732 997 2928 1054 leviter
2950 1006 3113 1067 atque
3143 1010 3387 1052 summa-

1814 1095 1934 1158 tim,
1974 1108 2096 1164 qua‘.
2142 1093 2211 1149 de
2264 1092 2385 1164 ipso
2422 1099 2721 1146 narrantur
2749 1133 2765 1157 ,
2820 1103 3231 1161 percurramus.
3288 1085 3388 1141 Hic

1810 1183 1957 1237 enim
1994 1184 2049 1239 in
2086 1190 2241 1237 tanto
2275 1181 2691 1252 malignantium
2749 1178 2985 1235 concilio
3022 1186 3077 1232 et
3109 1186 3191 1232 tot
3226 1175 3386 1245 lupo-

1814 1289 1936 1329 rum
1968 1275 2196 1330 incursu
2227 1272 2489 1327 audacter
2518 1271 2781 1327 adversus
2827 1269 3163 1340 impietatem
3208 1265 3385 1338 loqui,

1812 1374 1869 1421 et
1894 1375 2018 1436 post
2044 1364 2319 1436 egregiam
2366 1364 2514 1418 illam
2554 1362 2676 1417 ﬁdei
2727 1361 3171 1433 pradicationem
3204 1359 3388 1414 dicere

1816 1474 1924 1515 non
1954 1458 2171 1513 timuit:
2206 1456 2357 1512 Dura
2389 1456 2606 1521 cervice,
2626 1463 2675 1509 et
2707 1453 3092 1508 incircumcisis
3118 1450 3387 1511 cordibus,

1812 1562 1865 1608 et
1910 1551 2153 1614 auribus,
2202 1566 2291 1605 vos
2335 1562 2539 1617 semper
2602 1544 2827 1616 Spiritui
2877 1553 3062 1599 sancto
3117 1542 3387 1603 resistitis,

1814 1648 1950 1701 sicut
1978 1655 2154 1714 patres
2202 1642 2423 1706 uestri",
2458 1648 2515 1695 et
2547 1654 2670 1711 quae
2721 1643 3047 1708 sequuntur.
3099 1632 3227 1689 Haec
3276 1633 3385 1695 ille,

1814 1740 1908 1810 qui
1950 1738 2006 1792 in
2040 1747 2187 1792 terra
2221 1733 2442 1806 quidem
2475 1747 2599 1789 esse
2635 1730 2949 1797 videbatur,
2989 1725 3236 1783 ctelestia
3259 1740 3390 1780 vero

1815 1829 2228 1902 speculabatur,
2257 1842 2369 1882 non
2390 1834 2556 1882 exuta
2580 1822 2823 1878 hominis
2853 1827 3072 1881 natura,
3119 1818 3175 1874 in
3210 1817 3389 1886 angeli

1818 1922 2036 1987 faciem,
2071 1920 2420 1992 speciemque
2446 1916 2916 1979 transformatus;
2951 1912 3115 1983 idque
3141 1925 3251 1966 non
3284 1910 3391 1964 im-

1816 2019 2055 2072 merito:
2089 2012 2319 2069 decebat
2346 2011 2518 2073 enim,
2556 2016 2619 2063 ut
2667 2007 2721 2062 in
2758 2005 3191 2075 Protomartyre.
3242 2014 3391 2055 mar-

1815 2117 1997 2181 tyrum
2024 2107 2263 2177 dignitas
2293 2118 2420 2160 vere
2462 2108 2773 2173 appareret,
2800 2093 3101 2167 omnesque
3132 2093 3392 2163 deinceps

1816 2213 1970 2255 novae
2022 2198 2210 2269 gratia-
2254 2210 2424 2267 opera
2474 2194 2532 2247 in
2575 2206 2643 2248 eo
2690 2189 3096 2261 dignoscereut.
3138 2182 3391 2255 Martyrii

1815 2293 2020 2364 quippe
2048 2289 2382 2346 desiderium
2416 2302 2525 2342 non
2557 2285 2858 2356 angelicam
2887 2280 3051 2336 modo
3073 2278 3391 2350 dignitatem

1822 2384 2086 2456 impertit,
2128 2380 2224 2437 sed
2265 2388 2320 2436 et
2348 2380 2611 2435 ctelornm
2645 2375 2822 2446 aperit
2860 2382 3087 2444 portas;
3121 2387 3231 2426 non
3276 2378 3392 2424 tra-

1817 2477 1955 2531 dens
1984 2477 2195 2530 animas
2234 2473 2417 2536 morti,
2448 2470 2544 2527 sed
2576 2470 2631 2524 in
2661 2467 2869 2524 Christi
2905 2479 3101 2521 manus
3140 2462 3391 2534 spiritum

1816 2566 2232 2623 commendans.
2276 2564 2411 2618 Nam
2458 2561 2776 2617 Dominicus
2808 2559 3028 2629 quidem
3062 2557 3228 2612 homo
3271 2554 3392 2610 Sal-

1818 2665 1975 2713 vator
2006 2664 2197 2715 noster
2229 2655 2298 2711 ad
2329 2654 2547 2710 Patrem
2592 2668 2753 2709 suum
2801 2651 2856 2706 in
2897 2663 3065 2704 cruce
3104 2646 3394 2706 clamabat.

1816 2750 2003 2806 dicens
2032 2767 2046 2803 :
2082 2748 2145 2804 In
2174 2762 2364 2801 manus
2396 2754 2516 2800 tuas
2544 2743 2850 2799 commendo
2879 2742 3128 2812 spiritum
3159 2755 3332 2794 meum
3348 2738 3393 2791 ⁸.

1818 2842 2131 2914 Stephanus
2156 2855 2288 2896 vero
2320 2837 2529 2894 Christi
2586 2851 2781 2892 servus
2810 2835 3057 2891 extensis
3086 2832 3153 2888 ad
3207 2830 3394 2885 Domi-

1816 2950 1945 2989 num
1979 2932 2236 2988 manibus
2270 2931 2366 2995 ait,
2416 2929 2642 2984 Domine
2682 2926 2837 2992 Iesu,
2888 2926 3095 2993 suscipe
3142 2923 3390 2992 spiritum

1817 3042 1990 3080 meum
2008 3028 2050 3079 ν.
2082 3022 2149 3077 Ει
2172 3024 2288 3077 ὴιεο
2307 3021 2472 3077 verba
2496 3019 2805 3092 proferens,
2835 3018 3070 3073 animam
3094 3013 3389 3072 exhalavit.

1818 3118 2008 3187 Angeli
2037 3124 2217 3171 autem
2249 3114 2490 3170 caelestis
2529 3111 2685 3167 chori
2739 3110 2950 3166 socium
2998 3113 3385 3178 susceperunt,

110 3194 387 3265 χορευτὴν
412 3193 820 3264 ἀπελάμϐανον,
848 3193 1050 3264 μᾶλλον
1071 3194 1236 3248 αὐτὸν
1266 3192 1474 3249 ἀνωθεν
1493 3193 1698 3265 βάλλον-

1819 3210 2071 3282 pluribus
2104 3224 2136 3263 e
2169 3207 2309 3263 coelo
2337 3205 2594 3260 laudibus
2624 3203 2807 3274 ipsum
2838 3199 3204 3260 cumulantes,
3228 3210 3393 3268 quam

109 3304 207 3351 τες
257 3287 381 3349 ταῖς
439 3286 819 3357 εὐφημίαις,ἢ
857 3287 915 3340 ἐν
949 3287 1064 3351 τοῖς
1100 3284 1268 3351 λίθοις
1295 3285 1541 3341 κάτωθεν
1584 3288 1714 3341 Ἰου-

16 3408 18 3415 ν
109 3376 275 3429 balet.
319 3375 460 3428 Ἀλλ’
486 3376 516 3427 ὁ
552 3374 654 3445 μὲν
700 3374 970 3444 Στέφανος
1011 3375 1156 3430 οὓτω
1184 3376 1276 3430 τὸν
1313 3378 1480 3434 καλὸν
1511 3380 1713 3449 ἀγωνι-

112 3466 358 3537 σάμενος
382 3464 593 3533 ἀγῶνα,
624 3464 716 3519 τὸν
761 3466 819 3517 ἐν
849 3464 1100 3537 οὐρανοῖς
1134 3466 1335 3539 κλῆρον
1360 3468 1597 3535 ἐδέξατο.
1623 3471 1716 3542 Τῷ

111 3556 382 3627 Στεφάνῳ
430 3554 492 3609 δὲ
526 3554 703 3626 τούτῳ
754 3555 957 3619 πάντες
996 3555 1257 3628 ἐξαίφνης
1284 3559 1336 3611 oi
1378 3559 1549 3631 τίμιοι
1577 3561 1714 3616 λίθοι

112 3647 565 3719 συνεπλάκησαν,
588 3649 639 3701 οἱ
668 3647 937 3702 θειότατοι
950 3648 1059 3703 τῶν
1074 3649 1427 3721 Εὐαγγελίων
1453 3653 1711 3725 κήρυκες,

112 3740 241 3812 μεθ’
271 3739 369 3805 οὓς
395 3740 448 3794 οἱ
475 3740 772 3813 μάρτυρες,
825 3742 922 3795 καὶ
964 3744 1080 3813 μετ’
1110 3743 1307 3808 αὐτοὺς
1336 3744 1502 3800 πάλιν
1536 3747 1586 3800 oi
1610 3764 1717 3801 σω-

109 3835 292 3906 τηρίῳ
354 3835 527 3906 ἀρετῇ
577 3832 983 3905 διαλάμψαντες
1021 3853 1037 3869 ο
1072 3838 1506 3909 προηγουμένως
1551 3839 1609 3893 δὲ
1661 3841 1713 3893 οἱ

16 4001 21 4015 _
108 3930 207 3981 ἐπὶ
234 3925 337 3982 τοῦ
354 3927 622 3999 παρόντος
652 3928 1139 4001 μνημονευόμενοι,
1176 3930 1312 3984 πολύ
1342 3932 1437 3985 καὶ
1461 3931 1735 4009 λαμπρὸν-

108 4021 610 4094 ἀπαστράπτοντες
653 4021 715 4076 τὸ
743 4022 941 4087 κάλλος
989 4022 1089 4093 τῆς
1123 4023 1428 4088 εὐσεϐείας,
1474 4024 1618 4095 λέγω
1647 4026 1713 4098 δὴ

111 4118 348 4190 Πέτρος,
384 4118 478 4172 καὶ
514 4116 792 4183 Ἰάκωϐος,
821 4118 917 4173 καὶ
958 4118 1230 4190 Ἰωάννης,
1254 4120 1305 4173 οἱ
1337 4120 1556 4191 καὶτῆς
1582 4121 1715 4174 ἀπο-

110 4209 375 4282 πολικῆς
414 4208 679 4281 ἁρμονίας
698 4209 938 4282 ἐξαρχοι,
970 4211 1066 4265 καὶ
1104 4211 1204 4283 τῆς
1252 4211 1713 4284 ἐκκλησιαστικῆς

108 4302 364 4368 εὐδοξίας
398 4303 672 4373 στέφανοι.
719 4304 839 4358 υύκ
871 4302 1177 4374 ἀφίσταμαι
1205 4305 1313 4378 γὰρ
1344 4305 1447 4377 τῆς
1466 4304 1562 4359 τοῦ
1584 4306 1714 4359 Στε·

108 4397 289 4467 φάνου
354 4396 762 4467 προσηγορίαςο
818 4394 956 4449 ἀλλά
1013 4396 1276 4461 πολλάκις
1326 4398 1421 4452 καὶ¹
1450 4397 1713 4468 μυριάκις

106 4488 314 4559 λέγων,
338 4489 420 4543 ἔτι
450 4488 620 4558 διψῶν
665 4487 1136 4558 ἐπαναλαμϐάνω·
1171 4488 1448 4559 Στεφάνου
1487 4489 1595 4560 γὰρ
1628 4489 1712 4541 κό-

108 4672 517 4744 ἐκδεχομένοις.
549 4671 782 4735 Οὐκοῦν,
813 4674 864 4726 εί
914 4673 994 4726 δεῖ
1038 4671 1346 4744 φιλαλήθως
1386 4673 1581 4737 εἰπεῖν,
1606 4672 1717 4727 ἀπὸ

108 4764 393 4834 Στεφάνου
429 4764 590 4819 πάλιν
624 4764 906 4833 στεφάνοις
936 4764 1270 4837 εὐωχοῦμεν,
1297 4765 1393 4819 καὶ
1428 4764 1718 4819 κοινωνού-

16 4910 17 4913 η
108 4873 214 4927 μεν
238 4854 424 4909 αὐτῶν
459 4858 581 4919 ταῖς
637 4857 902 4927 μνήμαις,
952 4857 1252 4928 ἐπειδήπερ
1289 4855 1580 4928 ἐλπίζομεν
1603 4875 1717 4912 κοι-

104 4949 325 5011 νωνεῖν,
357 4947 452 5002 καὶ
487 4947 694 5019 μένειν,
718 4949 813 5003 καὶ
846 4948 1239 5021 συνδοξάσομεν
1254 4949 1332 5020 (6)
1351 4967 1367 4982 ·
1390 4949 1717 5023 βεϐαιούσης

182 5153 208 5185 τ
237 5154 365 5206 Act.
401 5150 612 5216 "1,51.
686 5149 709 5184 ⁸
734 5147 869 5205 Luc.
898 5165 1058 5219 mn,
1083 5150 1177 5207 46.
1249 5151 1273 5185 ⁸
1308 5150 1435 5207 Act.
1470 5168 1569 5216 vn,
1605 5152 1695 5207 59.

180 5351 267 5422 (6)
297 5348 353 5403 In
382 5346 761 5422 aliaeditione
803 5346 971 5422 hujus
1015 5347 1283 5422 orationis
1319 5365 1449 5422 qua»
1496 5351 1550 5403 in
1593 5366 1703 5405 uno

118 5414 437 5489 eodemque
466 5414 983 5489 Vaticano‘codice,‘
1002 5433 1153 5473 num.
1182 5418 1289 5474 446
1318 5414 1570 5481 habetur,
1607 5422 1685 5473 le-

108 5496 267 5564 gitur
298 5485 395 5564 κᾲὶ
428 5488 610 5560 μένειν
628 5485 1073 5564 Ξυνδοξάςεσθαι.

184 5564 271 5632 (7)
311 5556 597 5632 Nyssenae
625 5556 886 5632 Ecclesiae
914 5566 967 5612 et
996 5558 1443 5632 totius_fortasse
1464 5630 1471 5632 ξ
1492 5559 1703 5629 Cappa-

100 5629 312 5689 docum
365 5629 546 5700 gentis
586 5629 870 5690 instituto,
930 5644 1036 5682 una
1096 5629 1396 5700 eademque
1442 5630 1529 5684 die
1584 5640 1704 5700 post

105 5710 168 5760 δ.
204 5699 473 5770 Stephani
519 5701 949 5760 solemnitatem,
986 5699 1359 5767 apostolorum
1402 5699 1700 5764 Petri,’.la-

16 5808 19 5815 -
101 5776 260 5843 mhi,
287 5780 345 5829 et
372 5771 602 5827 Joannis
639 5771 835 5827 festum
867 5770 1267 5829 celebrabatur.
1299 5771 1541 5827 Netttinit
1556 5772 1701 5827 enim

1816 3303 2020 3374 quibus
2051 3301 2104 3355 in
2131 3306 2279 3355 terra
2301 3313 2424 3353 eum
2449 3295 2621 3351 Judaei
2650 3292 2926 3365 lapidibus
2954 3290 3259 3347 obruerint.
3284 3288 3393 3344 Sed

1818 3395 2132 3467 Stephanus
2162 3392 2385 3464 quidem
2428 3389 2637 3445 bonum
2670 3388 2776 3442 hoc
2809 3394 2969 3457 pacto
3002 3390 3223 3439 certans
3267 3395 3395 3436 cer-

1816 3492 1998 3538 tamen
2026 3523 2042 3547 ,
2092 3480 2340 3537 ctelestis
2388 3479 2576 3550 gloriae
2620 3490 2852 3533 consors
2906 3479 2992 3529 est
3018 3471 3222 3527 factus.
3257 3469 3394 3524 Huic

1816 3584 1996 3628 autem
2031 3573 2333 3644 Stephano,
2386 3572 2492 3628 hoc
2530 3580 2637 3638 est,
2686 3586 2914 3636 coronw,
2973 3570 3119 3625 illico
3170 3567 3393 3639 pretiosi

1816 3666 2022 3736 lapides
2050 3664 2371 3736 agglutinati
2398 3671 2549 3728 sunt,
2594 3662 2764 3719 divini
2802 3662 3051 3718 videlicet
3075 3659 3393 3730 Evangelia-

1816 3774 1936 3813 rum
1972 3772 2275 3829 praecones.
2318 3772 2460 3827 quos
2500 3756 2783 3814 subsecuti
2830 3762 2963 3811 sunt
3018 3761 3308 3826 martyres,
3340 3761 3396 3810 et

1817 3866 2031 3920 rursus,
2064 3850 2159 3923 qui
2192 3850 2421 3907 salutari
2464 3849 2727 3919 deinceps
2762 3849 2967 3903 virtute
2988 3854 3393 3909 coruscarunt;

1815 3958 1926 4013 pra:
1953 3943 2167 3998 caeteris
2203 3957 2332 3997 vero
2358 3940 2619 3995 omnibus
2648 3940 2718 4004 ii,
2769 3953 3004 4010 quorum
3044 3938 3098 3993 in
3138 3938 3392 4010 praesenti

1816 4032 2133 4088 memoriam
2204 4032 2442 4103 agimus,
2508 4032 2604 4102 qui
2680 4032 2842 4102 longe
2910 4030 3128 4101 lateque
3175 4029 3395 4099 pietatis

1818 4122 2114 4193 splendore
2164 4121 2488 4177 eﬂulscrunt
2518 4160 2533 4187 ,
2582 4119 2807 4175 Petrum
2863 4120 2975 4187 aio,
3009 4118 3298 4181 Iacobum,
3342 4129 3394 4172 et

1811 4210 2079 4267 Joannem
2130 4212 2414 4283 apostolici
2459 4212 2671 4268 ordinis
2712 4211 3010 4283 principes.
3042 4219 3098 4267 et
3134 4211 3393 4267 ecclesia—

1812 4305 1963 4362 sticae
1990 4304 2174 4375 gloria:
2197 4319 2432 4361 coronas
2463 4304 2563 4375 (7).
2593 4305 2812 4376 Nequeo
2843 4304 2989 4359 enim
3023 4305 3154 4362 mihi
3184 4314 3391 4375 tempe-

1813 4411 1957 4458 rare,
1986 4398 2283 4467 quominus
2308 4396 2571 4468 Stephani
2592 4397 2671 4471 (8)
2708 4413 2909 4454 nomen
2958 4412 3219 4469 usurpem
3246 4438 3262 4462 ,
3294 4397 3392 4451 sed

1816 4489 2069 4560 quamvis
2100 4488 2446 4559 frequentius
2474 4505 2539 4547 ac
2559 4490 2761 4546 millies
2775 4489 3039 4560 Stephani
3060 4489 3392 4545 mentionem

16 4612 21 4618 -
111 4600 205 4654 ρος
256 4581 363 4635 οὐκ
404 4579 521 4634 ἐστι
551 4582 665 4644 τοῖς
697 4580 760 4634 τὸ
804 4580 1074 4652 μακάριον
1100 4579 1255 4644 τέλος
1297 4581 1406 4635 τῶν
1437 4578 1698 4648 στεφάνως

1820 4579 2066 4643 fecerim,
2100 4587 2343 4635 attamen
2376 4590 2600 4652 propter
2628 4580 3009 4635 inexhaustam
3041 4578 3208 4649 hujus
3239 4577 3392 4635 vocis

1812 4671 2158 4741 proferenda:
2178 4671 2513 4739 aviditatem,
2539 4671 2808 4743 Stephani
2837 4686 3036 4726 nomen
3063 4686 3259 4727 rursus
3296 4671 3391 4725 ad-

1814 4763 1921 4818 huc
1948 4770 2137 4836 repeto
2168 4782 2183 4831 ;
2211 4764 2492 4835 Stephano
2519 4765 2664 4820 enim
2694 4762 3178 4821 commemorando
3202 4763 3388 4819 satiari

1812 4874 2160 4928 nequaquam
2190 4869 2446 4929 possunt,
2491 4858 2585 4928 qui
2636 4860 2882 4913 virorum
2925 4856 3204 4928 Stephano
3237 4856 3390 4910 simi-

1814 4952 1947 5006 lium
1980 4951 2193 5008 felicem
2226 4951 2433 5008 exitum
2474 4959 2814 5022 exspectaut.
2853 4948 3022 5023 Igitur
3064 4949 3113 5006 si
3148 4962 3277 5003 vera
3311 4948 3388 5001 lo-

1811 5351 1977 5421 hujus
2012 5352 2185 5408 moris
2228 5366 2341 5406 non
2386 5351 2550 5405 modo
2598 5348 2785 5403 hocin
2819 5344 3261 5421 loco_Ny§scn‘us
3286 5358 3388 5421 uo-

1808 5414 1961 5487 ste'r;
2014 5424 2200 5477 sedet
2253 5423 2409 5475 initio
2461 5422 2690 5477 alterius
2737 5414 3295 5473 orationis'funebris
3330 5417 3387 5470 in

1813 5493 1873 5547 υ.
1908 5491 2169 5548 Basilium
2205 5494 2448 5547 fratrem.

1886 5630 1964 5700 (8)
1994 5628 2277 5702 Nyssenus
2306 5631 2511 5702 plurios
2541 5643 2639 5698 per
2659 5629 2803 5702 hanc
2832 5624 3137 5702 or'a‘tionem
3167 5628 3222 5681 in
3252 5641 3386 5681 voce

1810 5696 2021 5764 Graeca,
2044 5696 2324 5771 ’στέφανος
2378 5696 2687 5770 Ιοιίίιζηιιαξ
2718 5696 3051 5771 Stephanum
3082 5711 3357 5771 pretantur

1814 5784 2001 5843 tyrant,
2037 5781 2092 5830 et
2120 5768 2371 5828 coronam
2409 5786 2563 5841 atque
2586 5768 2885 5842 Signiﬁcat,
2912 5787 3014 5827 nos
3045 5777 3226 5825 autem
3268 5770 3386 5825 Stc-
