3850 6406
103 266 205 319 790

1150 262 1433 318 ALTERA
1469 261 1828 336 LAUDATIO
1868 269 1929 326 S.
1968 271 2333 333 STEPHANI.

3264 285 3368 345 730

103 379 257 449 Ἐγώ
278 381 399 448 εἰμι
422 379 489 433 τὸ
504 378 634 448 φῶς
652 379 760 433 τοῦ
779 378 1012 449 κόσμου
1027 376 1243 443 τούτου,
1258 380 1358 433 οὐκ
1379 378 1687 451 ἀπηξίωσεν

1800 382 1977 457 Neque
2002 391 2149 445 enim
2180 392 2329 447 venit
2359 392 2775 466 solvere'legem
2806 404 2901 452 aut
2927 408 3240 469 proprietas,
3271 403 3368 459 sed

89 473 123 538 ή
151 471 310 541 πηγὴ
342 468 441 541 τῆς
462 468 799 543 ἀγαθότητος
822 469 883 536 ἐξ
911 469 1117 538 ἀγαθοῦ
1152 470 1363 539 Πατρὸς
1387 468 1688 542 προελθὼν,

89 565 208 627 τοῖς
260 561 415 633 αὐτῷ
446 562 757 617 δουλεύουσι
793 562 1119 633 μεταδοῦναι
1154 564 1253 634 τῆς
1294 562 1492 617 ἑαυτοῦ
1523 582 1693 636 προσ-

89 654 357 725 ηγορίας
416 653 557 708 ἀλλά
607 673 741 725 φησι
800 657 939 727 πρὸς
990 656 1115 720 τοὺς
1167 654 1365 710 ἑαυτοῦ
1400 657 1687 728 μαθητάςο

102 744 299 812 Ὑμεῖς
330 746 474 804 ἐστε
501 745 567 799 τὸ
609 744 736 815 φῶς
772 746 880 800 τοῦ
925 748 1157 815 κόσμου
1180 763 1193 777 ·
1227 748 1343 812 καὶ,
1391 748 1694 819 Λαμψάτω

90 838 165 890 τὰ
215 838 365 907 ἔργα
404 835 573 908 ὑμῶν
623 838 969 908 ἔμπροσθεν
1006 838 1126 894 τῶν
1158 841 1504 909 ἀνθρώπων.
1542 845 1607 898 Ὃ
1636 844 1693 899 δὲ

98 929 289 998 μεῖζον
322 933 668 1001 παραγαγεῖν
721 931 920 1004 ἔχομεν
957 933 1037 996 είς
1065 932 1372 1004 ὑπόμνησιν
1404 934 1512 989 τῶν
1544 938 1695 1007 είρη-

97 1022 302 1090 μένων,
338 1024 519 1086 τοῦτο,
545 1024 729 1094 χάριτι
755 1024 911 1086 Θεοῦ,
933 1025 1095 1079 πάλιν
1114 1024 1478 1098 ὲκθησόμεθα’
1520 1028 1695 1083 Ἰωάν·

93 1129 196 1181 νης
231 1112 570 1186 Βαπτιστὴς,
596 1116 788 1186 λύχνος
827 1117 1170 1187 ὀνομασθείς,
1202 1120 1296 1172 καὶ
1314 1119 1374 1172 ὲν
1399 1122 1512 1182 τοῖς
1542 1119 1694 1173 Ψαλ-

99 1208 224 1275 μοῖς
245 1210 881 1280 προαναπεφωνημένος,
919 1210 1013 1263 καὶ
1044 1209 1151 1264 ὑπθ
1180 1211 1387 1283 Κυρίου
1413 1228 1694 1283 μεμαρτυ-

99 1296 364 1366 ρημένος.
414 1300 474 1353 '0
526 1300 626 1370 μὲν
652 1300 762 1371 γὰρ
803 1302 1113 1373 Προφήτης,
1154 1304 1220 1356 ὲκ
1273 1302 1565 1375 προσώπου
1598 1304 1693 1358 τοῦ

95 1386 338 1457 Πατρὸς,
369 1388 506 1460 φησὶ
551 1391 679 1459 περὶ
711 1388 875 1443 αὐτοῦ
914 1390 1003 1444 διὰ
1038 1392 1139 1461 τῆς
1183 1392 1478 1465 ὁμνῳδίαςο
1515 1394 1695 1450 Ἠτοί-

90 1492 267 1544 paea
292 1478 529 1545 λύχνον
552 1477 631 1545 τῷ
650 1481 880 1548 Χριστῷ
894 1500 1037 1551 μου,
1067 1484 1367 1550 τουτέστιν,
1382 1486 1524 1558 ’Υπη
1534 1490 1694 1559 ρέτην

94 1570 196 1622 καὶ
248 1570 562 1641 πρόδρομον
611 1574 884 1643 ήτοίμασα
925 1575 1019 1630 τοῦ
1070 1577 1286 1646 φωτός’
1326 1580 1355 1632 6
1390 1578 1448 1632 δὲ
1490 1579 1695 1651 Κύριος

92 1662 199 1733 τὴν
237 1664 518 1735 Πατρικὴν
552 1664 786 1735 βεϐαιῶν
829 1668 1033 1741 φωνὴν,
1074 1670 1333 1738 Ἐκεῖνος
1370 1668 1471 1742 ἦν,
1505 1676 1689 1747 φησὶν,

93 1757 129 1813 ό
184 1756 422 1829 λύχνος
480 1760 514 1811 ό
571 1735 903 1830 καιόμενος.
949 1735 1086 1815 "AUC
1126 1764 1275 1833 ὅμως
1365 1735 1688 1836 λῖύχνόςῶν,
1721 1735 1766 1791 Β

92 1848 357 1902 τοσοῦτον
406 1850 612 1923 ἀπέσχε
671 1851 765 1907 τοῦ
820 1853 1212 1925 ἀμαυρωθῆναι
1242 1859 1308 1927 τῇ
1355 1858 1448 1912 τοῦ
1484 1859 1691 1929 Κυρίου

95 1941 400 2014 παρουσίᾳ,
430 1942 489 2006 ὃς
511 1938 579 2014 ῆν
608 1944 759 2015 ἥλιος
807 1945 1168 2019 δικαιοσύνης,
1198 1947 1339 2002 ὥστε
1374 1952 1466 2004 καὶ
1494 1952 1693 2021 μᾶλλον

92 2033 387 2105 διέλαμψε,
412 2034 588 2107 κήρυξ
630 2037 764 2109 ὁμοῦ
800 2042 892 2092 καὶ
927 2039 1173 2109 θεολόγος
1204 2043 1369 2097 αὐτοῦ
1397 2045 1487 2099 τοῦ
1512 2048 1693 2114 Σωτῆ-

94 2146 194 2199 ρος
215 2129 245 2181 6
286 2129 592 2202 Βαπτιστής
632 2132 941 2200 γενόμενος.
984 2134 1235 2205 Ἰωάννης
1265 2136 1365 2207 μὲν
1395 2122 1488 2192 οὖν
1509 2139 1597 2192 διὰ
1634 2140 1695 2192 τὸ

92 2221 195 2273 ἕνα
225 2222 389 2291 μόνον
416 2224 670 2292 φωτίζειν
696 2219 845 2277 οἶκον
869 2225 965 2277 τὸν
982 2225 1088 2297 τοῦ,
1102 2228 1340 2299 Ἰσραὴλ,
1368 2228 1559 2301 λύχνος
1582 2232 1694 2303 (15)

92 2313 418 2385 ὠνομάσθη.
456 2317 518 2368 Οί
551 2314 605 2367 δὲ
641 2314 734 2368 τοῦ
765 2316 1015 2388 Σωτῆρος
1039 2318 1346 2385 ἀπόστολοι,
1380 2322 1443 2375 ού
1478 2321 1692 2393 λύχνοι,

93 2405 219 2458 οὐδὲ
249 2405 499 2477 ἀστέρες,
525 2406 660 2461 ἀλλὰ
693 2407 981 2479 φωστῆρες
1010 2410 1477 2484 ἀνηγορεύθησαν,
1506 2415 1605 2468 οὐκ
1638 2418 1695 2469 ὲν

93 2498 180 2551 ἐνὶ
216 2496 464 2567 κλίματι,
490 2498 611 2553 οὐδὲ
642 2501 740 2571 μιᾷ
764 2500 936 2572 γωνίᾳ
972 2501 1301 2574 λὰμποντες,
1333 2505 1449 2559 ἀλλ’
1475 2505 1695 2561 ἃπασαν

92 2586 195 2656 τὴν
222 2588 330 2640 ὑπὸ
350 2591 576 2657 οὐρανὸν
616 2591 1074 2667 καταυγάζοντες.
1106 2595 1362 2669 Ἔξαρχοι
1391 2598 1446 2651 δὲ
1488 2601 1694 2655 τούτων

94 2680 193 2732 καὶ
216 2696 507 2750 κορυφιξεα
538 2684 567 2735 6
597 2683 826 2755 Πέτρος,
857 2686 952 2739 καὶ
979 2687 1008 2738 6
1046 2687 1319 2753 Ἰάκωϐος,
1345 2689 1438 2743 καὶ
1465 2693 1493 2745 6
1520 2691 1696 2746 Ἰωάν⁴

93 2790 216 2843 νης,
244 2773 298 2827 οἱ
327 2777 565 2846 σήμερον
590 2779 711 2840 ταῖς
745 2778 887 2849 ὑπὲρ
920 2779 1163 2849 Χριστοῦ
1202 2783 1532 2854 μαρτυρίαις
1602 2802 1694 2839 σε-

100 2868 453 2939 μνυνόμενοι,
496 2867 804 2938 συμφώνως
841 2872 939 2941 μὲν
971 2873 1109 2943 πρὸς
1165 2875 1225 2928 τὸ
1254 2875 1409 2941 τέλος
1435 2877 1530 2930 τοῦ
1575 2878 1692 2949 βίου

93 2961 422 3032 δραμόντες,
446 2960 722 3031 διαφόροις
763 2962 820 3017 δὲ
858 2962 952 3016 τοῦ
983 2966 1286 3037 μαρτυρίου
1344 2968 1570 3039 τρόποις
1604 2973 1692 3025 ἐν·

1791 480 2091 550 adimplere
2123 484 2188 536 “.
2220 484 2293 538 At
2329 500 2462 541 vero
2490 500 2646 541 nova:
2672 488 2809 559 legis
2850 497 3117 562 tempore,
3147 496 3370 549 cuin-de

1792 587 1853 627 se
1883 573 2004 644 ipso
2027 573 2272 632 Salvator
2298 578 2479 633 dicat:
2506 578 2619 651 Ego
2646 596 2763 635 sum
2790 581 2882 635 tua:
2909 584 3097 639 mundi
3118 578 3282 655 huius
3306 588 3373 652 “,

1792 680 1903 721 non
1938 666 2263 740 dedignatus
2286 676 2372 725 est
2400 669 2524 726 fons
2548 671 2638 727 ille
2670 672 2952 741 bonitatis,
2978 691 3009 731 c
3038 676 3182 732 bono
3211 675 3375 735 Patre

1791 771 2080 822 emanans,
2118 774 2308 816 servos
2334 776 2467 818 suos
2500 763 2741 818 nominis
2762 765 2927 834 hujus
2963 767 3049 823 sui
3072 767 3373 839 participes

1722 896 1744 923 α
1794 848 1996 905 facere.
2025 847 2131 907 Sed
2164 849 2231 904 ad
2258 852 2559 924 discipulos
2582 870 2713 912 suos
2740 857 2918 928 inquit
2943 876 2959 913 :
2996 858 3098 913 Vos
3127 860 3256 915 estis
3281 863 3375 913 lux

1792 944 2020 1011 mundi;
2056 954 2143 1011 et,
2194 947 2431 1002 Luceant
2486 964 2646 1018 opera
2704 959 2881 1005 vestra
2918 966 3099 1005 coram
3140 953 3373 1007 homini-

1793 1036 1889 1091 bus
1923 1037 1988 1093 ¹³.
2018 1036 2127 1094 Sed
2176 1039 2325 1110 quod
2351 1040 2419 1095 ad
2447 1056 2510 1097 ea
2530 1057 2655 1113 qua:
2706 1042 2967 1110 diximus,
2999 1045 3374 1102 confirmanda

1792 1126 1989 1182 adduci
2016 1135 2219 1198 potest,
2249 1128 2324 1193 id,
2346 1130 2573 1199 juvante
2600 1129 2730 1197 Deo,
2764 1146 2959 1188 rursus
2988 1131 3372 1203 proferamus:

1791 1218 1989 1275 Joanni
2038 1220 2294 1291 Baptistae
2338 1222 2659 1301 impositum
2711 1223 2815 1278 fuit
2866 1224 3104 1281 lucernae
3149 1241 3372 1293 nomen,

1788 1312 1943 1382 juxta
1972 1313 2024 1368 id
2048 1315 2194 1385 quod
2225 1316 2280 1370 in
2302 1315 2538 1373 Psalmis
2560 1316 2629 1372 de
2648 1331 2717 1373 eo
2737 1324 2898 1373 antea
2923 1318 3374 1389 praenuntiatum,

1791 1415 1846 1460 et
1873 1405 2082 1462 Christi
2109 1407 2367 1478 deinceps
2408 1408 2728 1465 testimonio
2779 1410 3198 1481 comprobatum
3248 1408 3373 1465 fuit.

1792 1498 2062 1571 Propheta
2090 1502 2261 1565 enim,
2285 1500 2467 1557 Patris
2493 1516 2783 1572 personam
2821 1504 3127 1566 sustinens,
3154 1501 3222 1559 de
3254 1502 3377 1575 ipso

1791 1593 1935 1647 inter
1953 1593 2258 1649 canendum
2282 1595 2378 1660 ait,
2408 1592 2606 1649 Paravi
2632 1594 2899 1650 lucernam
2928 1593 3140 1649 Christo
3159 1610 3272 1648 meo
3306 1593 3377 1657 ⁸⁵,

1794 1685 1900 1742 hoc
1926 1693 2034 1753 est,
2060 1687 2200 1743 lucis
2231 1687 2549 1742 ministrum
2581 1696 2636 1743 et
2691 1701 3111 1758 praecursorem.
3151 1685 3222 1740 At
3265 1684 3377 1739 Do-

1794 1778 1977 1834 minus
2006 1790 2246 1847 paterna:
2280 1780 2399 1834 voci
2429 1779 2597 1834 robur
2618 1780 2845 1845 addens,
2906 1777 3031 1841 Ille,
3062 1778 3260 1848 inquit,
3293 1780 3379 1832 lu-

1793 1888 1951 1926 cerna
1969 1881 2084 1926 erat
2114 1872 2306 1925 ardens
2321 1873 2386 1925 ¹⁸.
2407 1870 2512 1927 Sed
2534 1872 2888 1943 quantumvis
2913 1872 3135 1926 lucerna
3169 1871 3377 1925 solum-

1793 1962 1958 2018 modo
1994 1970 2163 2027 esset,
2204 1969 2416 2017 tantum
2456 1961 2657 2029 abfuit,
2689 1969 2750 2016 ut
2778 1962 2835 2017 in
2867 1960 3083 2016 Domini
3113 1962 3374 2024 adventu,

1794 2057 1888 2126 qui
1920 2056 2013 2112 soli
2047 2062 2165 2110 erat
2194 2055 2445 2125 justitire,
2480 2056 2902 2120 obscuraretur,
2945 2063 3007 2108 ut
3026 2053 3243 2109 clariori
3278 2068 3382 2123 pou

1796 2148 1907 2204 tius
1932 2149 2139 2203 lumine
2174 2147 2471 2213 refulserit,
2523 2147 2699 2217 ipsius
2727 2145 3052 2211 Salvatoris,
3103 2144 3379 2215 ejusdem-

1796 2259 1905 2315 que
1960 2242 2268 2298 divinitatis
2323 2256 2503 2312 praeco
2558 2240 2743 2304 simul,
2798 2254 2863 2294 ac
2918 2239 3076 2295 testis
3126 2237 3375 2293 effectus.

1794 2332 2035 2389 Joannes
2064 2334 2234 2404 igitur
2258 2341 2548 2405 propterea
2579 2332 2723 2401 quod
2762 2345 2925 2384 unam
2957 2331 3129 2385 solam
3161 2328 3379 2385 Israelis

1795 2425 2017 2481 domum
2078 2424 2429 2487 illuminavit,
2484 2425 2724 2479 lucerna:
2760 2436 2962 2476 nomen
3033 2422 3267 2491 accepit.
3309 2418 3381 2473 At

1796 2518 1970 2573 nostri
1989 2515 2288 2573 Salvatoris
2300 2516 2551 2586 apostoli,
2568 2530 2675 2569 non
2691 2516 2932 2581 lucerna,
2954 2527 3058 2567 non
3076 2512 3377 2582 lampades,

1796 2627 1898 2667 nec
1929 2610 2134 2673 sidera,
2175 2608 2269 2665 sed
2311 2608 2605 2663 luminaria
2651 2605 2948 2673 nttncupati
2983 2604 3156 2667 fuere,
3193 2612 3385 2673 utpote

1795 2703 1891 2773 qui
1917 2717 2024 2758 non
2050 2701 2104 2756 in
2130 2715 2236 2754 una
2259 2699 2500 2769 regione,
2536 2713 2639 2753 nec
2668 2697 2721 2751 in
2742 2709 2852 2751 uno
2873 2702 3146 2749 terrarum
3181 2689 3385 2760 angulo

1794 2795 2020 2855 fulsere,
2054 2792 2150 2849 sed
2176 2789 2445 2862 quidquid
2500 2787 2608 2845 sub
2633 2787 2776 2843 caelo
2828 2792 2915 2841 est
2966 2782 3377 2839 illuminarunt.

1796 2888 2003 2945 Horum
2030 2902 2159 2943 vero
2194 2884 2366 2941 duces
2387 2898 2453 2937 ac
2483 2881 2764 2953 principes
2804 2885 2936 2935 sunt
2965 2876 3184 2941 Petrus,
3213 2873 3382 2929 Jaco-

1794 2983 1921 3049 bus,
1976 2989 2033 3036 et
2088 2978 2347 3039 Joannes,
2410 2975 2483 3031 ob
2514 2974 2804 3029 toleratutn
2852 2986 2953 3042 pro
3008 2968 3214 3024 Christi
3274 2966 3385 3022 ﬁde

94 3053 457 3120 αθλήσαντες.
496 3053 557 3109 Ὀ
590 3055 688 3125 μὲν
717 3055 825 3127 γὰρ
867 3058 1259 3130 πρωτοστάτης
1287 3061 1378 3115 καὶ
1405 3066 1687 3135 κορυφαῖος

1801 3072 2121 3143 martyrium
2140 3068 2419 3124 hodierna:
2440 3065 2753 3122 festivitatis
2776 3065 3038 3119 honorem
3065 3058 3385 3121 consecuti,

94 3146 196 3214 τῆς
240 3146 605 3216 ἀποστολικῆς
660 3148 880 3219 χορείας
943 3150 1280 3222 ἀναδειχθεὶς
1304 3195 1319 3220 ,
1360 3155 1567 3209 οίκείαν
1614 3156 1693 3227 τῷ

94 3234 376 3307 ἀξιώματι
404 3235 504 3308 τὴν
561 3236 721 3303 δόξαν
774 3238 1143 3311 ἀπηνέγκατο,
1191 3242 1258 3311 τῇ
1306 3240 1402 3295 τοῦ
1441 3242 1693 3313 Σωτῆρος

94 3326 465 3407 ὁμοιοπαθείᾳ
489 3327 853 3399 τετιμημένος
881 3344 894 3359 '
930 3331 959 3383 6
986 3330 1206 3403 σταυρῷ
1233 3332 1346 3402 (14)
1378 3332 1488 3407 γὰρ
1528 3352 1695 3405 προσ-

93 3420 356 3489 ηλωθεὶς,
387 3420 486 3491 τὴν
518 3422 854 3493 Δεσποτικὴν
886 3421 1070 3477 εἰκόνα
1096 3425 1191 3478 τοῦ
1223 3425 1488 3495 βασιλέως
1510 3427 1693 3492 ἐξετύ-

96 3530 288 3565 ςτωσεν
312 3512 521 3582 (εἰκόνα
573 3512 629 3565 δὲ
674 3512 818 3582 λέγω
853 3512 1137 3584 βασιλικὴν
1164 3516 1255 3569 τὸν
1284 3519 1559 3588 σταυρόν)ο
1594 3520 1695 3574 οὐκ

96 3606 495 3676 αίσχυνόμενος
532 3606 625 3659 ἐπὶ
659 3607 738 3678 τῷ
774 3607 958 3673 πάθει,
1006 3609 1143 3662 ἀλλὰ
1176 3611 1573 3681 σεμνυνόμενος
1603 3614 1696 3667 ἐπὶ

95 3699 178 3770 τῷ
237 3698 462 3770 μεγάλῳ
492 3698 755 3770 τροπαίῳ.
788 3701 940 3771 Μήτε
984 3702 1093 3773 γὰρ
1117 3703 1322 3769 αὐτοῖς,
1366 3705 1504 3775 μήτε
1540 3708 1694 3776 ἡμῖν,

102 3794 243 3864 μήτε
300 3795 415 3855 τοῖς
452 3792 570 3862 μεθ’
599 3794 770 3863 ἡμᾶς,
820 3795 960 3864 μήτε
989 3796 1097 3849 τινὶ
1139 3795 1332 3867 ἑτέρῳ,
1367 3795 1461 3850 τοῦ
1486 3799 1693 3869 Κυρίου

97 3891 131 3958 ή
142 3887 263 3957 μῶν
281 3886 458 3954 Ἰησοῦ
472 3885 732 3956 Χριστοῦ,
750 3885 933 3951 καθὼς
951 3888 1046 3941 καὶ
1062 3890 1089 3941 6
1104 3888 1317 3952 Παῦλός
1333 3906 1496 3959 φησιν
1509 3892 1554 3961 (1
1568 3891 1667 3960 5)..
1679 3929 1694 3944 .

99 3982 247 4038 οὕτω
311 3982 422 4053 γὰρ
454 3982 549 4036 καὶ
575 3981 780 4052 Πέτρος
832 3982 1084 4050 φαίνεται
1122 3981 1212 4035 διὰ
1240 3984 1407 4054 τιμῆς
1436 3983 1575 4055 ἔχων
1600 3984 1697 4055 τὴν

111 4075 418 4145 σεϐάσμιον
453 4073 639 4137 (l6)...
685 4072 868 4138 Ἠξίου
902 4072 1013 4145 γὰρ
1045 4074 1186 4128 κατὰ
1215 4074 1458 4145 κεφαλῆς
1494 4093 1703 4147 κρεμα-

104 4167 305 4238 σθῆναι
333 4167 439 4220 ὑπὺ
480 4168 587 4221 τῶν
636 4169 1012 4240 σταυρούντων
1038 4169 1126 4224 διὰ
1158 4171 1358 4240 πολλὴν
1391 4171 1701 4234 εὐλάϐειαν,

104 4263 193 4315 ῖνα
219 4260 311 4331 μὴ’
340 4255 461 4324 ἶσος
516 4257 656 4314 εἶναι
686 4261 763 4332 τῷ
786 4262 1000 4334 Σωτῆρι
1044 4263 1193 4335 δόξῃ,
1225 4262 1303 4334 τῷ
1336 4264 1479 4335 ὑπὲρ
1522 4265 1703 4335 πάσης

102 4353 205 4422 τῆς
222 4351 645 4423 ἁνθρωπότητος
669 4353 1058 4425 σταυρωθέντι,
1077 4354 1171 4408 καὶ
1188 4353 1493 4418 πλατείαις,
1513 4354 1705 4427 ὥσπερ

1799 3167 1892 3234 qui
1923 3176 2033 3219 uno
2072 3159 2289 3231 quidem
2343 3158 2649 3226 eodemque
2696 3152 2983 3225 proposito
3035 3149 3101 3204 ad
3151 3153 3382 3202 mortem

1800 3262 2193 3329 pr0perarunt,
2228 3253 2451 3308 diverso
2482 3255 2664 3304 autem
2695 3245 2941 3317 martyrii
2974 3257 3171 3315 genere
3194 3241 3385 3295 decer-

1799 3359 2010 3406 tarunt.
2038 3346 2174 3403 Nam
2221 3346 2335 3410 ille,
2376 3358 2537 3414 quem
2585 3340 2853 3396 Dominus
2891 3335 3180 3408 apostolici
3228 3332 3385 3387 chori

1803 3443 2104 3514 principem
2129 3447 2185 3493 et
2211 3436 2565 3506 coryphaeum
2612 3430 2947 3500 designavit,
2968 3424 3384 3482 convenientem

1800 3530 2051 3603 dignitati
2102 3543 2218 3584 suae
2272 3524 2502 3596 gloriam
2548 3520 2826 3585 obtinuit,
2875 3515 3127 3588 martyrii
3161 3527 3384 3585 genere,

1802 3623 2102 3680 Dominica:
2124 3618 2379 3692 passioni
2398 3615 2543 3672 haud
2569 3613 2831 3677 absimili,
2849 3611 3166 3672 decoratus,
3185 3608 3389 3678 quippe

1802 3716 1895 3789 qui
1930 3716 2085 3771 cruci
2122 3712 2358 3769 suffixus
2390 3710 2595 3778 regiam
2623 3705 2841 3761 Domini
2874 3702 3052 3759 nostri
3089 3700 3386 3770 imaginem

1802 3807 2096 3880 expressit.
2122 3803 2351 3875 Regiam
2391 3808 2575 3856 autem
2625 3794 2921 3867 imaginem
2972 3806 3193 3848 crucem
3226 3804 3384 3851 voco,

1803 3917 1913 3957 non
1941 3898 2085 3971 quod
2114 3896 2426 3968 passionem
2473 3890 2823 3953 erubescam,
2850 3886 2945 3943 sed
2995 3885 3131 3965 quia
3154 3884 3223 3938 de
3268 3896 3389 3935 ma-

1804 4007 1934 4065 gno,
1961 3990 2107 4061 quod
2139 3988 2210 4044 ab
2259 3988 2380 4057 ipsa
2417 3982 2705 4055 pependit,
2756 3978 3005 4049 trophaeo
3033 3975 3218 4047 potius
3270 3971 3395 4043 glo-

1801 4087 1933 4141 rier.
1952 4082 2086 4137 Nam
2106 4096 2209 4151 nec
2231 4080 2390 4150 ipsis,
2414 4090 2518 4132 nec
2543 4074 2726 4136 nobis,
2749 4086 2852 4127 nec
2880 4070 3121 4141 posteris
3152 4065 3386 4127 nostris,

1801 4192 1905 4232 nec
1934 4175 2028 4229 alii
2059 4172 2300 4243 cuipiam
2329 4165 2549 4225 Domini
2577 4164 2757 4221 nostri
2784 4162 2914 4219 Jesu
2941 4161 3170 4225 Christi,
3204 4172 3395 4228 queme

1803 4268 2098 4324 admodum
2154 4264 2358 4319 Paulus
2410 4261 2589 4315 ait...
2639 4258 2711 4313 ita
2755 4256 2903 4310 enim
2953 4261 3008 4308 et
3058 4250 3286 4307 Petrum
3331 4249 3397 4304 in

1804 4360 2014 4414 honore
2060 4355 2322 4411 habuisse
2353 4356 2580 4423 apparet
2614 4344 3078 4401 venerandam....
3115 4338 3397 4410 siquidem~

103 4448 222 4508 ταῖς
252 4445 345 4499 διὰ
383 4444 477 4498 τοῦ
521 4446 779 4517 σταυροῦ,
800 4446 959 4517 χερσὶ
987 4446 1084 4518 τὴν
1114 4448 1440 4518 οἰκουμένην
1463 4448 1687 4519 περιϐα-

1806 4459 2031 4524 propter
2066 4459 2338 4504 summam
2379 4440 2788 4498 venerationem
2834 4433 3071 4505 rogavit,
3103 4439 3163 4485 ttt
3192 4445 3222 4483 a
3258 4444 3392 4482 cru-

105 4538 253 4592 λόντι
298 4536 557 4603 Ἰάκωϐος
574 4539 632 4592 δὲ
653 4540 749 4609 τὴν
765 4540 1008 4611 κεφαλὴν
1029 4541 1385 4611 ἀπετέμνετο,
1411 4541 1508 4615 τὴν
1532 4542 1699 4607 ὅντως

105 4632 277 4686 αὐτοῦ
302 4632 566 4702 κεφαλὴν,
596 4634 688 4686 τὸν
717 4633 973 4703 Χριστὸν,
1005 4634 1296 4688 ἀπολαϐεῖν
1318 4637 1695 4707 ἐπειγόμενος.

106 4722 339 4793 Κεφαλὴ
370 4722 479 4794 γὰρ
506 4723 699 4795 ἀνδρὸς
726 4723 754 4775 6
786 4725 1040 4796 Χριστὸς,
1060 4725 1202 4779 κατὰ
1224 4726 1314 4780 τὸν
1356 4727 1699 4789 Ἀπόστολον,

103 4818 200 4869 καὶ
232 4816 416 4886 πάσης
452 4814 590 4886 ὁμοῦ
633 4816 841 4888 κεφαλὴ
873 4817 972 4888 τῆς
1016 4817 1363 4889 Ἐκκλησίας.
1416 4820 1473 4873 '0
1510 4819 1567 4873 δὲ
1600 4837 1699 4891 μα·

102 4912 301 4983 κάριος
342 4910 596 4980 Ἰωάννης
639 4912 697 4963 ὲν
726 4910 945 4975 πολλαῖς
992 4909 1089 4966 καὶ
1125 4911 1401 4984 διαφόροις
1433 4908 1590 4966 κατά
1611 4909 1703 4965 τὸν
1736 4926 1737 4929 ‘

105 5004 221 5074 βίον
272 5001 516 5074 ἀθλήσας
561 5002 758 5071 ἀγῶσι,
815 5004 909 5056 καὶ
966 5006 1025 5057 ὲν
1076 5007 1208 5059 πᾶσι
1256 5006 1560 5077 διαπρέψας
1590 5010 1701 5071 τοῖς

103 5092 499 5165 κατορθώμασι
520 5094 623 5165 τῆς
654 5094 955 5159 εὐσεϐείας,
973 5095 1131 5149 κενὸν
1154 5096 1253 5167 μὲν
1276 5099 1356 5161 εἰς
1380 5097 1527 5169 ὕδωρ
1545 5097 1703 5151 τοῦτο

174 5274 218 5305 ³⁸
255 5273 451 5331 Matth.
481 5292 535 5342 ν,
566 5275 651 5331 18.
730 5277 770 5307 ¹¹
803 5274 960 5331 Joan.
989 5294 1109 5339 vm,
1146 5277 1231 5333 12.
1262 5278 1305 5309 ⁸³
1335 5276 1530 5334 Matth.
1558 5295 1611 5343 v,
1640 5278 1731 5335 15.

176 5461 293 5531 (i3)
336 5460 448 5515 Vox
475 5462 671 5533 λύχνος
703 5464 756 5516 in
793 5462 1058 5516 Vaticano
1089 5463 1279 5517 codice
1322 5463 1551 5527 deerat;
1596 5465 1692 5520 sed

108 5548 211 5587 nos
243 5548 387 5596 eam,
419 5548 586 5589 sensu
624 5535 798 5602 palam
832 5542 1112 5602 poscente,
1160 5535 1559 5601 supplevitnns.

152 5605 299 5676 ⁷(μί)
330 5602 590 5676 ίῗρτιυεεθ
625 5604 933 5676 legendum,
968 5604 1044 5676 τῷ
1081 5604 1319 5676 σταυρῷ.

124 5673 300 5744 Δ’(15)
338 5673 438 5744 Hie
479 5673 789 5729 laeuna'est
817 5676 870 5727 in
903 5674 1091 5729 codice
1131 5673 1415 5730 Vaticano.
1447 5674 1705 5734 Fortasse

111 5746 285 5807 deeSI,
313 5743 438 5808 δόξα
462 5747 682 5808 συνέϐη,
706 5744 887 5798 Gloria
908 5747 1147 5812 conligit,
1175 5746 1254 5800 vel
1276 5747 1403 5817 quid
1432 5747 1631 5803 simile.

1808 4523 2155 4616 cingentibus
2190 4540 2413 4595 inverso
2445 4534 2626 4604 capite
2652 4526 3085 4600 suspenderetur
3114 4523 3172 4578 in
3202 4536 3390 4621 cruce,

1806 4654 1876 4694 ne
1910 4632 2184 4691 Salvatori
2221 4646 2322 4702 pro
2360 4629 2617 4685 universo
2652 4621 2934 4678 hominum
2977 4629 3177 4689 genere
3209 4626 3397 4667 eruct-

1809 4728 1938 4792 lixo,
1968 4734 2024 4781 et
2052 4722 2333 4795 expansis,
2370 4729 2431 4775 ut
2457 4725 2576 4775 erat
2611 4718 2667 4771 in
2699 4728 2866 4768 cruce
2899 4709 3179 4773 manibus,
3215 4714 3390 4760 totum

1812 4827 2085 4873 terrarum
2124 4815 2314 4870 orbem
2344 4805 2728 4879 complectenti
2755 4803 2985 4875 aequalis
3011 4816 3134 4856 esse
3180 4797 3394 4851 videre-

1812 4923 1924 4967 tur.
1968 4908 2208 4964 Jacohus
2243 4920 2375 4960 vero
2415 4902 2603 4973 capite
2652 4906 2944 4953 truncatus
2977 4893 3109 4953 fuit,
3144 4888 3389 4949 Christo,

1806 5004 1899 5074 qui
1981 5017 2109 5056 vere
2177 5004 2345 5068 caput
2430 4995 2550 5064 cius
2617 5000 2759 5058 erat,
2815 4986 3058 5069 potiendi
3130 4981 3388 5074 cupidus.

1807 5072 1980 5167 Caput
2012 5092 2163 5150 enim
2197 5089 2307 5145 viri
2335 5087 2594 5143 Christus
2625 5083 2928 5141 secundum
2972 5074 3293 5147 Apostolutn
3318 5072 3388 5133 ιδ,

1814 5278 1858 5311 ’⁸
1886 5276 2033 5333 Psal.
2057 5262 2357 5341 cxxxr,17.
2440 5269 2482 5302 ’³
2508 5266 2667 5325 Joan.
2697 5280 2751 5324 ν.
2785 5261 2874 5318 54.
2952 5258 2996 5290 ’⁸
3027 5255 3197 5313 lCor.
3228 5272 3305 5318 ιι,
3334 5254 3390 5308 5.

1880 5463 1992 5531 (16)
2022 5462 2086 5516 Et
2111 5462 2202 5516 hic
2235 5462 2288 5515 in
2318 5457 2589 5531 Vaticano
2636 5455 2828 5531 codice
2851 5454 3074 5531 ‘lacuna
3123 5460 3230 5531 es},
3271 5464 3393 5519 quae

1807 5521 2045 5590 fortasse
2079 5533 2290 5603 impleri
2343 5538 2529 5603 posset
2574 5529 2660 5583 his
2699 5525 2917 5603 verbis,
2959 5522 3058 5603 τὴν
3098 5521 3394 5603 σεϐάσμιον

1806 5604 2023 5676 ἐκείνην
2050 5592 2383 5675 σταύρωσιν,
2442 5596 2805 5655 Venerundum
2847 5594 2983 5650 illud
3017 5592 3395 5663 'rruciﬁxt'onis

1805 5692 1990 5749 genus.
