  <div class='ocr_page' id='page_1' title='image "/cluster/home/n/w/nwhite01/storage/ocr_20150623/46/hvd.32044014713994/371.png"; bbox 0 0 3850 6420; ppageno 0'>
   <div class='ocr_carea' id='block_1_1' title="bbox 474 240 577 300">
    <p class='ocr_par' dir='ltr' id='par_1_1' title="bbox 474 240 577 300">
     <span class='ocr_line' id='line_1_1' title="bbox 474 240 577 300; baseline 0.058 -6"><span class='ocrx_word' id='word_1_1' title='bbox 474 240 577 300; x_wconf 71' lang='grc'><strong>731</strong></span> 
     </span>
    </p>
   </div>
   <div class='ocr_carea' id='block_1_2' title="bbox 1748 257 2511 320">
    <p class='ocr_par' dir='ltr' id='par_1_2' title="bbox 1748 257 2511 320">
     <span class='ocr_line' id='line_1_2' title="bbox 1748 257 2511 320; baseline 0.005 -6"><span class='ocrx_word' id='word_1_2' title='bbox 1748 257 1811 316; x_wconf 83' lang='lat'><strong>8.</strong></span> <span class='ocrx_word' id='word_1_3' title='bbox 1853 257 2184 318; x_wconf 76' lang='lat' dir='ltr'><strong>GREGORII</strong></span> <span class='ocrx_word' id='word_1_4' title='bbox 2220 261 2511 320; x_wconf 73' lang='lat' dir='ltr'><strong>NYSSENI</strong></span> 
     </span>
    </p>
   </div>
   <div class='ocr_carea' id='block_1_3' title="bbox 3611 267 3729 323">
    <p class='ocr_par' dir='ltr' id='par_1_3' title="bbox 3611 267 3729 323">
     <span class='ocr_line' id='line_1_3' title="bbox 3611 267 3729 323; baseline 0.034 -3"><span class='ocrx_word' id='word_1_5' title='bbox 3611 267 3729 323; x_wconf 67' lang='grc'><strong>732</strong></span> 
     </span>
    </p>
   </div>
   <div class='ocr_carea' id='block_1_4' title="bbox 474 360 2041 457">
    <p class='ocr_par' dir='ltr' id='par_1_4' title="bbox 474 360 2034 457">
     <span class='ocr_line' id='line_1_4' title="bbox 474 360 2034 457; baseline 0.014 -46"><span class='ocrx_word' id='word_1_6' title='bbox 474 369 635 457; x_wconf 58' lang='lat' dir='ltr'><strong>atque</strong></span> <span class='ocrx_word' id='word_1_7' title='bbox 651 360 859 432; x_wconf 88' lang='lat' dir='ltr'><strong>itidem,</strong></span> <span class='ocrx_word' id='word_1_8' title='bbox 872 365 1041 423; x_wconf 85' lang='lat' dir='ltr'><strong>totius</strong></span> <span class='ocrx_word' id='word_1_9' title='bbox 1060 366 1314 426; x_wconf 66' lang='lat' dir='ltr'><strong>Ecclesiae</strong></span> <span class='ocrx_word' id='word_1_10' title='bbox 1327 380 1489 443; x_wconf 91' lang='lat' dir='ltr'><strong>caput</strong></span> <span class='ocrx_word' id='word_1_11' title='bbox 1505 374 1567 428; x_wconf 83' lang='lat'><strong>&quot;.</strong></span> <span class='ocrx_word' id='word_1_12' title='bbox 1584 373 1781 432; x_wconf 85' lang='lat' dir='ltr'><strong>Beatus</strong></span> <span class='ocrx_word' id='word_1_13' title='bbox 1799 375 2034 446; x_wconf 87' lang='lat' dir='ltr'><strong>denique</strong></span> 
     </span>
    </p>
   </div>
   <div class='ocr_carea' id='block_1_5' title="bbox 2150 360 3726 457">
    <p class='ocr_par' dir='ltr' id='par_1_5' title="bbox 2150 375 3726 452">
     <span class='ocr_line' id='line_1_5' title="bbox 2150 375 3726 452; baseline 0 -19"><span class='ocrx_word' id='word_1_14' title='bbox 2150 379 2369 450; x_wconf 76' lang='grc' dir='ltr'>τέρας...</span> <span class='ocrx_word' id='word_1_15' title='bbox 2391 378 2713 452; x_wconf 73' lang='grc' dir='ltr'><strong>κεκριμένος</strong></span> <span class='ocrx_word' id='word_1_16' title='bbox 2728 376 2861 446; x_wconf 77' lang='grc'><strong>(17),</strong></span> <span class='ocrx_word' id='word_1_17' title='bbox 2890 375 2968 448; x_wconf 83' lang='grc' dir='ltr'><strong>τῷ</strong></span> <span class='ocrx_word' id='word_1_18' title='bbox 2983 376 3127 449; x_wconf 81' lang='grc' dir='ltr'>χορῷ</span> <span class='ocrx_word' id='word_1_19' title='bbox 3148 377 3256 431; x_wconf 79' lang='grc' dir='ltr'><strong>τῶν</strong></span> <span class='ocrx_word' id='word_1_20' title='bbox 3278 376 3572 450; x_wconf 86' lang='grc' dir='ltr'>μαρτύρων</span> <span class='ocrx_word' id='word_1_21' title='bbox 3594 396 3726 433; x_wconf 87' lang='grc' dir='ltr'>συν-</span> 
     </span>
    </p>
   </div>
   <div class='ocr_carea' id='block_1_6' title="bbox 473 449 2039 535">
    <p class='ocr_par' dir='ltr' id='par_1_6' title="bbox 473 449 2039 535">
     <span class='ocr_line' id='line_1_6' title="bbox 473 449 2039 535; baseline 0.011 -30"><span class='ocrx_word' id='word_1_22' title='bbox 473 449 711 508; x_wconf 84' lang='lat' dir='ltr'><strong>Joannes</strong></span> <span class='ocrx_word' id='word_1_23' title='bbox 742 456 908 510; x_wconf 86' lang='lat' dir='ltr'><strong>multa</strong></span> <span class='ocrx_word' id='word_1_24' title='bbox 951 467 1114 529; x_wconf 89' lang='lat' dir='ltr'><strong>atque</strong></span> <span class='ocrx_word' id='word_1_25' title='bbox 1145 461 1358 519; x_wconf 89' lang='lat' dir='ltr'><strong>diversa</strong></span> <span class='ocrx_word' id='word_1_26' title='bbox 1400 482 1494 535; x_wconf 89' lang='lat' dir='ltr'><strong>per</strong></span> <span class='ocrx_word' id='word_1_27' title='bbox 1521 474 1691 522; x_wconf 89' lang='lat' dir='ltr'><strong>totam</strong></span> <span class='ocrx_word' id='word_1_28' title='bbox 1724 468 1890 524; x_wconf 82' lang='lat' dir='ltr'><strong>vitam</strong></span> <span class='ocrx_word' id='word_1_29' title='bbox 1920 483 2039 523; x_wconf 84' lang='lat' dir='ltr'><strong>cer-</strong></span> 
     </span>
    </p>
   </div>
   <div class='ocr_carea' id='block_1_7' title="bbox 472 548 2041 629">
    <p class='ocr_par' dir='ltr' id='par_1_7' title="bbox 472 548 2041 629">
     <span class='ocr_line' id='line_1_7' title="bbox 472 548 2041 629; baseline 0.016 -37"><span class='ocrx_word' id='word_1_30' title='bbox 472 548 597 598; x_wconf 82' lang='lat' dir='ltr'><strong>tans</strong></span> <span class='ocrx_word' id='word_1_31' title='bbox 659 548 997 614; x_wconf 86' lang='lat' dir='ltr'><strong>certamina,</strong></span> <span class='ocrx_word' id='word_1_32' title='bbox 1055 560 1107 607; x_wconf 91' lang='lat' dir='ltr'><strong>et</strong></span> <span class='ocrx_word' id='word_1_33' title='bbox 1169 554 1223 608; x_wconf 91' lang='lat' dir='ltr'><strong>in</strong></span> <span class='ocrx_word' id='word_1_34' title='bbox 1272 558 1527 614; x_wconf 89' lang='lat' dir='ltr'><strong>omnibus</strong></span> <span class='ocrx_word' id='word_1_35' title='bbox 1581 560 1795 629; x_wconf 88' lang='lat' dir='ltr'><strong>pietatis</strong></span> <span class='ocrx_word' id='word_1_36' title='bbox 1843 559 2041 617; x_wconf 83' lang='lat' dir='ltr'><strong>officiis</strong></span> 
     </span>
    </p>
   </div>
   <div class='ocr_carea' id='block_1_8' title="bbox 473 635 2029 716">
    <p class='ocr_par' dir='ltr' id='par_1_8' title="bbox 473 635 2029 716">
     <span class='ocr_line' id='line_1_8' title="bbox 473 635 2029 716; baseline 0.012 -29"><span class='ocrx_word' id='word_1_37' title='bbox 473 635 739 701; x_wconf 88' lang='lat' dir='ltr'><strong>emicans,</strong></span> <span class='ocrx_word' id='word_1_38' title='bbox 774 639 1002 697; x_wconf 80' lang='lat' dir='ltr'><strong>ferventi</strong></span> <span class='ocrx_word' id='word_1_39' title='bbox 1064 646 1281 714; x_wconf 86' lang='lat' dir='ltr'><strong>quidem</strong></span> <span class='ocrx_word' id='word_1_40' title='bbox 1332 649 1385 704; x_wconf 92' lang='lat' dir='ltr'><strong>in</strong></span> <span class='ocrx_word' id='word_1_41' title='bbox 1418 665 1557 716; x_wconf 90' lang='lat' dir='ltr'><strong>aqua</strong></span> <span class='ocrx_word' id='word_1_42' title='bbox 1591 651 1738 707; x_wconf 91' lang='lat' dir='ltr'><strong>hunc</strong></span> <span class='ocrx_word' id='word_1_43' title='bbox 1777 651 2029 707; x_wconf 86' lang='lat' dir='ltr'><strong>finem....</strong></span> 
     </span>
    </p>
   </div>
   <div class='ocr_carea' id='block_1_9' title="bbox 471 724 2034 817">
    <p class='ocr_par' dir='ltr' id='par_1_9' title="bbox 471 724 2034 817">
     <span class='ocr_line' id='line_1_9' title="bbox 471 724 2034 817; baseline 0.017 -42"><span class='ocrx_word' id='word_1_44' title='bbox 471 724 767 793; x_wconf 84' lang='lat' dir='ltr'><strong>judicatus,</strong></span> <span class='ocrx_word' id='word_1_45' title='bbox 800 732 857 786; x_wconf 90' lang='lat' dir='ltr'><strong>in</strong></span> <span class='ocrx_word' id='word_1_46' title='bbox 893 744 1190 807; x_wconf 86' lang='lat' dir='ltr'><strong>martyrum</strong></span> <span class='ocrx_word' id='word_1_47' title='bbox 1224 740 1406 797; x_wconf 89' lang='lat' dir='ltr'><strong>choris</strong></span> <span class='ocrx_word' id='word_1_48' title='bbox 1440 752 1830 800; x_wconf 85' lang='lat' dir='ltr'><strong>annumeratur</strong></span> <span class='ocrx_word' id='word_1_49' title='bbox 1857 746 2034 817; x_wconf 89' lang='lat' dir='ltr'><strong>(apud</strong></span> 
     </span>
    </p>
   </div>
   <div class='ocr_carea' id='block_1_10' title="bbox 473 822 2038 905">
    <p class='ocr_par' dir='ltr' id='par_1_10' title="bbox 473 822 2038 905">
     <span class='ocr_line' id='line_1_10' title="bbox 473 822 2038 905; baseline 0.014 -36"><span class='ocrx_word' id='word_1_50' title='bbox 473 830 660 885; x_wconf 51' lang='lat' dir='ltr'><strong>aequos</strong></span> <span class='ocrx_word' id='word_1_51' title='bbox 693 822 836 875; x_wconf 90' lang='lat' dir='ltr'><strong>enim</strong></span> <span class='ocrx_word' id='word_1_52' title='bbox 868 840 1050 880; x_wconf 90' lang='lat' dir='ltr'><strong>rerum</strong></span> <span class='ocrx_word' id='word_1_53' title='bbox 1095 830 1457 888; x_wconf 64' lang='lat' dir='ltr'><strong>aastimatores</strong></span> <span class='ocrx_word' id='word_1_54' title='bbox 1489 849 1598 889; x_wconf 89' lang='lat' dir='ltr'><strong>non</strong></span> <span class='ocrx_word' id='word_1_55' title='bbox 1646 850 1713 890; x_wconf 83' lang='lat' dir='ltr'><strong>ex</strong></span> <span class='ocrx_word' id='word_1_56' title='bbox 1768 837 2038 905; x_wconf 81' lang='lat' dir='ltr'><strong>passionis</strong></span> 
     </span>
    </p>
   </div>
   <div class='ocr_carea' id='block_1_11' title="bbox 472 912 2041 995">
    <p class='ocr_par' dir='ltr' id='par_1_11' title="bbox 472 912 2041 995">
     <span class='ocr_line' id='line_1_11' title="bbox 472 912 2041 995; baseline 0.013 -35"><span class='ocrx_word' id='word_1_57' title='bbox 472 918 689 974; x_wconf 82' lang='lat' dir='ltr'><strong>eventu,</strong></span> <span class='ocrx_word' id='word_1_58' title='bbox 719 912 813 967; x_wconf 88' lang='lat' dir='ltr'><strong>sed</strong></span> <span class='ocrx_word' id='word_1_59' title='bbox 848 929 914 969; x_wconf 86' lang='lat' dir='ltr'><strong>ex</strong></span> <span class='ocrx_word' id='word_1_60' title='bbox 949 917 1218 975; x_wconf 86' lang='lat' dir='ltr'><strong>desiderio</strong></span> <span class='ocrx_word' id='word_1_61' title='bbox 1259 922 1426 979; x_wconf 87' lang='lat' dir='ltr'><strong>libere</strong></span> <span class='ocrx_word' id='word_1_62' title='bbox 1463 925 1716 995; x_wconf 82' lang='lat' dir='ltr'><strong>eligentis</strong></span> <span class='ocrx_word' id='word_1_63' title='bbox 1746 927 2041 981; x_wconf 80' lang='lat' dir='ltr'><strong>voluntatis</strong></span> 
     </span>
    </p>
   </div>
   <div class='ocr_carea' id='block_1_12' title="bbox 473 998 2041 1088">
    <p class='ocr_par' dir='ltr' id='par_1_12' title="bbox 473 998 2041 1088">
     <span class='ocr_line' id='line_1_12' title="bbox 473 998 2041 1088; baseline 0.013 -37"><span class='ocrx_word' id='word_1_64' title='bbox 473 998 540 1053; x_wconf 89' lang='lat' dir='ltr'><strong>de</strong></span> <span class='ocrx_word' id='word_1_65' title='bbox 579 1004 836 1074; x_wconf 82' lang='lat' dir='ltr'><strong>martyrio</strong></span> <span class='ocrx_word' id='word_1_66' title='bbox 891 1009 1323 1085; x_wconf 70' lang='lat' dir='ltr'><strong>existimatur);</strong></span> <span class='ocrx_word' id='word_1_67' title='bbox 1373 1017 1677 1086; x_wconf 89' lang='lat' dir='ltr'><strong>etquidem</strong></span> <span class='ocrx_word' id='word_1_68' title='bbox 1728 1018 2041 1088; x_wconf 70' lang='lat' dir='ltr'><strong>huiusmodi</strong></span> 
     </span>
    </p>
   </div>
   <div class='ocr_carea' id='block_1_13' title="bbox 472 1089 2039 1181">
    <p class='ocr_par' dir='ltr' id='par_1_13' title="bbox 472 1089 2039 1181">
     <span class='ocr_line' id='line_1_13' title="bbox 472 1089 2039 1181; baseline 0.014 -38"><span class='ocrx_word' id='word_1_69' title='bbox 472 1089 576 1145; x_wconf 88' lang='lat' dir='ltr'><strong>fuit</strong></span> <span class='ocrx_word' id='word_1_70' title='bbox 625 1094 841 1151; x_wconf 89' lang='lat' dir='ltr'><strong>illorum</strong></span> <span class='ocrx_word' id='word_1_71' title='bbox 888 1102 1081 1157; x_wconf 88' lang='lat' dir='ltr'><strong>mortis</strong></span> <span class='ocrx_word' id='word_1_72' title='bbox 1114 1120 1305 1175; x_wconf 88' lang='lat' dir='ltr'><strong>genus,</strong></span> <span class='ocrx_word' id='word_1_73' title='bbox 1349 1107 1443 1176; x_wconf 91' lang='lat' dir='ltr'><strong>qui</strong></span> <span class='ocrx_word' id='word_1_74' title='bbox 1479 1123 1574 1178; x_wconf 88' lang='lat' dir='ltr'><strong>per</strong></span> <span class='ocrx_word' id='word_1_75' title='bbox 1620 1116 1847 1164; x_wconf 85' lang='lat' dir='ltr'><strong>mortem</strong></span> <span class='ocrx_word' id='word_1_76' title='bbox 1898 1110 2039 1181; x_wconf 89' lang='lat' dir='ltr'><strong>apud</strong></span> 
     </span>
    </p>
   </div>
   <div class='ocr_carea' id='block_1_14' title="bbox 477 1180 2043 1260">
    <p class='ocr_par' dir='ltr' id='par_1_14' title="bbox 477 1180 2043 1260">
     <span class='ocr_line' id='line_1_14' title="bbox 477 1180 2043 1260; baseline 0.012 -25"><span class='ocrx_word' id='word_1_77' title='bbox 477 1180 747 1240; x_wconf 82' lang='lat' dir='ltr'><strong>Ecclesias</strong></span> <span class='ocrx_word' id='word_1_78' title='bbox 778 1205 991 1260; x_wconf 91' lang='lat' dir='ltr'><strong>quoque</strong></span> <span class='ocrx_word' id='word_1_79' title='bbox 1025 1193 1380 1252; x_wconf 87' lang='lat' dir='ltr'><strong>immortalem</strong></span> <span class='ocrx_word' id='word_1_80' title='bbox 1410 1200 1493 1254; x_wconf 89' lang='lat' dir='ltr'><strong>sui</strong></span> <span class='ocrx_word' id='word_1_81' title='bbox 1550 1200 1866 1254; x_wconf 85' lang='lat' dir='ltr'><strong>memoriam</strong></span> <span class='ocrx_word' id='word_1_82' title='bbox 1921 1200 2043 1254; x_wconf 89' lang='lat' dir='ltr'><strong>reli-</strong></span> 
     </span>
    </p>
   </div>
   <div class='ocr_carea' id='block_1_15' title="bbox 472 1278 2045 1357">
    <p class='ocr_par' dir='ltr' id='par_1_15' title="bbox 472 1278 2045 1357">
     <span class='ocr_line' id='line_1_15' title="bbox 472 1278 2045 1357; baseline 0.012 -31"><span class='ocrx_word' id='word_1_83' title='bbox 472 1286 729 1342; x_wconf 88' lang='lat' dir='ltr'><strong>querunt.</strong></span> <span class='ocrx_word' id='word_1_84' title='bbox 761 1278 1049 1338; x_wconf 78' lang='lat' dir='ltr'><strong>Enimvero</strong></span> <span class='ocrx_word' id='word_1_85' title='bbox 1070 1287 1305 1343; x_wconf 90' lang='lat' dir='ltr'><strong>maxime</strong></span> <span class='ocrx_word' id='word_1_86' title='bbox 1338 1289 1563 1344; x_wconf 88' lang='lat' dir='ltr'><strong>decebat</strong></span> <span class='ocrx_word' id='word_1_87' title='bbox 1605 1303 1713 1344; x_wconf 91' lang='lat' dir='ltr'><strong>uno</strong></span> <span class='ocrx_word' id='word_1_88' title='bbox 1743 1290 2045 1357; x_wconf 88' lang='lat' dir='ltr'><strong>eodemque</strong></span> 
     </span>
    </p>
   </div>
   <div class='ocr_carea' id='block_1_16' title="bbox 474 1373 2041 1445">
    <p class='ocr_par' dir='ltr' id='par_1_16' title="bbox 474 1373 2041 1445">
     <span class='ocr_line' id='line_1_16' title="bbox 474 1373 2041 1445; baseline 0.01 -26"><span class='ocrx_word' id='word_1_89' title='bbox 474 1374 722 1439; x_wconf 74' lang='lat' dir='ltr'><strong>tempore</strong></span> <span class='ocrx_word' id='word_1_90' title='bbox 770 1373 1000 1429; x_wconf 89' lang='lat' dir='ltr'><strong>istorum</strong></span> <span class='ocrx_word' id='word_1_91' title='bbox 1063 1377 1308 1433; x_wconf 90' lang='lat' dir='ltr'><strong>virorum</strong></span> <span class='ocrx_word' id='word_1_92' title='bbox 1372 1380 1690 1436; x_wconf 86' lang='lat' dir='ltr'><strong>memoriam</strong></span> <span class='ocrx_word' id='word_1_93' title='bbox 1742 1381 2041 1445; x_wconf 84' lang='lat' dir='ltr'><strong>celebrari,</strong></span> 
     </span>
    </p>
   </div>
   <div class='ocr_carea' id='block_1_17' title="bbox 474 1464 2047 1544">
    <p class='ocr_par' dir='ltr' id='par_1_17' title="bbox 474 1464 2047 1544">
     <span class='ocr_line' id='line_1_17' title="bbox 474 1464 2047 1544; baseline 0.011 -34"><span class='ocrx_word' id='word_1_94' title='bbox 474 1474 582 1512; x_wconf 83' lang='lat' dir='ltr'><strong>non</strong></span> <span class='ocrx_word' id='word_1_95' title='bbox 614 1475 679 1514; x_wconf 88' lang='lat' dir='ltr'><strong>ea</strong></span> <span class='ocrx_word' id='word_1_96' title='bbox 707 1468 915 1517; x_wconf 90' lang='lat' dir='ltr'><strong>tantum</strong></span> <span class='ocrx_word' id='word_1_97' title='bbox 945 1464 1011 1521; x_wconf 85' lang='lat' dir='ltr'><strong>de</strong></span> <span class='ocrx_word' id='word_1_98' title='bbox 1046 1481 1233 1534; x_wconf 82' lang='lat' dir='ltr'><strong>causa,</strong></span> <span class='ocrx_word' id='word_1_99' title='bbox 1254 1470 1399 1540; x_wconf 89' lang='lat' dir='ltr'><strong>quod</strong></span> <span class='ocrx_word' id='word_1_100' title='bbox 1434 1472 1488 1525; x_wconf 89' lang='lat' dir='ltr'><strong>in</strong></span> <span class='ocrx_word' id='word_1_101' title='bbox 1513 1472 1815 1542; x_wconf 85' lang='lat' dir='ltr'><strong>profitenda</strong></span> <span class='ocrx_word' id='word_1_102' title='bbox 1845 1473 2047 1544; x_wconf 84' lang='lat' dir='ltr'><strong>pietate</strong></span> 
     </span>
    </p>
   </div>
   <div class='ocr_carea' id='block_1_18' title="bbox 473 1563 2043 1628">
    <p class='ocr_par' dir='ltr' id='par_1_18' title="bbox 473 1563 2043 1628">
     <span class='ocr_line' id='line_1_18' title="bbox 473 1563 2043 1628; baseline 0.009 -25"><span class='ocrx_word' id='word_1_103' title='bbox 473 1567 578 1605; x_wconf 83' lang='lat' dir='ltr'><strong>una</strong></span> <span class='ocrx_word' id='word_1_104' title='bbox 613 1563 666 1607; x_wconf 89' lang='lat' dir='ltr'><strong>et</strong></span> <span class='ocrx_word' id='word_1_105' title='bbox 697 1565 898 1620; x_wconf 91' lang='lat' dir='ltr'><strong>mente,</strong></span> <span class='ocrx_word' id='word_1_106' title='bbox 944 1568 999 1613; x_wconf 92' lang='lat' dir='ltr'><strong>et</strong></span> <span class='ocrx_word' id='word_1_107' title='bbox 1036 1575 1171 1616; x_wconf 88' lang='lat' dir='ltr'><strong>voce</strong></span> <span class='ocrx_word' id='word_1_108' title='bbox 1204 1563 1605 1628; x_wconf 87' lang='lat' dir='ltr'><strong>consenserint,</strong></span> <span class='ocrx_word' id='word_1_109' title='bbox 1652 1579 1839 1617; x_wconf 91' lang='lat' dir='ltr'><strong>verum</strong></span> <span class='ocrx_word' id='word_1_110' title='bbox 1879 1564 2043 1620; x_wconf 89' lang='lat' dir='ltr'><strong>etiam</strong></span> 
     </span>
    </p>
   </div>
   <div class='ocr_carea' id='block_1_19' title="bbox 2142 466 3730 542">
    <p class='ocr_par' dir='ltr' id='par_1_19' title="bbox 2142 466 3730 542">
     <span class='ocr_line' id='line_1_19' title="bbox 2142 466 3730 542; baseline 0.001 -20"><span class='ocrx_word' id='word_1_111' title='bbox 2142 470 2442 542; x_wconf 85' lang='grc' dir='ltr'>ηρίθμηται</span> <span class='ocrx_word' id='word_1_112' title='bbox 2459 488 2474 501; x_wconf 88' lang='grc'><strong>·</strong></span> <span class='ocrx_word' id='word_1_113' title='bbox 2510 474 2528 538; x_wconf 95' lang='grc'><strong>(</strong></span> <span class='ocrx_word' id='word_1_114' title='bbox 2552 468 2665 541; x_wconf 77' lang='lat' dir='ltr'><strong>[l8]</strong></span> <span class='ocrx_word' id='word_1_115' title='bbox 2693 468 2844 539; x_wconf 84' lang='grc' dir='ltr'><strong>παρά</strong></span> <span class='ocrx_word' id='word_1_116' title='bbox 2861 467 2968 539; x_wconf 73' lang='grc' dir='ltr'><strong>γὰρ</strong></span> <span class='ocrx_word' id='word_1_117' title='bbox 2993 466 3322 535; x_wconf 78' lang='grc' dir='ltr'><strong>δικάζουσιν,</strong></span> <span class='ocrx_word' id='word_1_118' title='bbox 3357 470 3458 523; x_wconf 78' lang='grc' dir='ltr'>οὐκ</span> <span class='ocrx_word' id='word_1_119' title='bbox 3486 469 3599 523; x_wconf 78' lang='grc' dir='ltr'><strong>ἀπὺ</strong></span> <span class='ocrx_word' id='word_1_120' title='bbox 3621 470 3730 538; x_wconf 80' lang='grc' dir='ltr'>τῆς</span> 
     </span>
    </p>
   </div>
   <div class='ocr_carea' id='block_1_20' title="bbox 2143 556 3728 631">
    <p class='ocr_par' dir='ltr' id='par_1_20' title="bbox 2143 556 3728 631">
     <span class='ocr_line' id='line_1_20' title="bbox 2143 556 3728 631; baseline -0.001 -18"><span class='ocrx_word' id='word_1_121' title='bbox 2143 559 2419 624; x_wconf 86' lang='grc' dir='ltr'>ἐκϐάσεως</span> <span class='ocrx_word' id='word_1_122' title='bbox 2448 559 2559 631; x_wconf 83' lang='grc'><strong>(19)</strong></span> <span class='ocrx_word' id='word_1_123' title='bbox 2590 556 2684 612; x_wconf 81' lang='grc' dir='ltr'>τοῦ</span> <span class='ocrx_word' id='word_1_124' title='bbox 2724 557 2949 622; x_wconf 87' lang='grc' dir='ltr'>πάθους,</span> <span class='ocrx_word' id='word_1_125' title='bbox 2984 557 3120 611; x_wconf 76' lang='grc' dir='ltr'>ἀλλά</span> <span class='ocrx_word' id='word_1_126' title='bbox 3150 558 3280 630; x_wconf 76' lang='grc' dir='ltr'>παρ’</span> <span class='ocrx_word' id='word_1_127' title='bbox 3317 558 3584 629; x_wconf 77' lang='grc' dir='ltr'>αἱρέσεως</span> <span class='ocrx_word' id='word_1_128' title='bbox 3627 558 3728 611; x_wconf 78' lang='grc' dir='ltr'>τοῦ</span> 
     </span>
    </p>
   </div>
   <div class='ocr_carea' id='block_1_21' title="bbox 2142 648 3731 723">
    <p class='ocr_par' dir='ltr' id='par_1_21' title="bbox 2142 648 3731 723">
     <span class='ocr_line' id='line_1_21' title="bbox 2142 648 3731 723; baseline -0.003 -16"><span class='ocrx_word' id='word_1_129' title='bbox 2142 652 2309 708; x_wconf 88' lang='grc' dir='ltr'>πόθου</span> <span class='ocrx_word' id='word_1_130' title='bbox 2346 651 2589 723; x_wconf 78' lang='grc' dir='ltr'><strong>κρίνεται</strong></span> <span class='ocrx_word' id='word_1_131' title='bbox 2620 650 2680 704; x_wconf 81' lang='grc' dir='ltr'><strong>τὸ</strong></span> <span class='ocrx_word' id='word_1_132' title='bbox 2710 649 3048 722; x_wconf 84' lang='grc' dir='ltr'>μαρτύριον)·</span> <span class='ocrx_word' id='word_1_133' title='bbox 3092 650 3232 703; x_wconf 78' lang='grc' dir='ltr'>Ἀλλ’</span> <span class='ocrx_word' id='word_1_134' title='bbox 3262 651 3294 703; x_wconf 84' lang='grc' dir='ltr'><strong>ό</strong></span> <span class='ocrx_word' id='word_1_135' title='bbox 3327 651 3425 721; x_wconf 77' lang='grc' dir='ltr'>μὲν</span> <span class='ocrx_word' id='word_1_136' title='bbox 3445 648 3540 703; x_wconf 78' lang='grc' dir='ltr'><strong>τοῦ</strong></span> <span class='ocrx_word' id='word_1_137' title='bbox 3563 649 3731 702; x_wconf 59' lang='grc' dir='ltr'>θανά..</span> 
     </span>
    </p>
   </div>
   <div class='ocr_carea' id='block_1_22' title="bbox 2141 736 3729 815">
    <p class='ocr_par' dir='ltr' id='par_1_22' title="bbox 2141 736 3729 815">
     <span class='ocr_line' id='line_1_22' title="bbox 2141 736 3729 815; baseline -0.002 -18"><span class='ocrx_word' id='word_1_138' title='bbox 2141 761 2238 799; x_wconf 91' lang='grc' dir='ltr'><strong>του</strong></span> <span class='ocrx_word' id='word_1_139' title='bbox 2264 742 2462 815; x_wconf 77' lang='grc' dir='ltr'>τρόπος</span> <span class='ocrx_word' id='word_1_140' title='bbox 2479 740 2715 803; x_wconf 80' lang='grc' dir='ltr'>τοιοῦτος</span> <span class='ocrx_word' id='word_1_141' title='bbox 2728 736 2818 813; x_wconf 79' lang='grc' dir='ltr'>ἦν,</span> <span class='ocrx_word' id='word_1_142' title='bbox 2833 744 2946 803; x_wconf 85' lang='grc' dir='ltr'>τοῖς</span> <span class='ocrx_word' id='word_1_143' title='bbox 2968 740 3053 793; x_wconf 83' lang='grc' dir='ltr'><strong>διὰ</strong></span> <span class='ocrx_word' id='word_1_144' title='bbox 3076 740 3307 795; x_wconf 88' lang='grc' dir='ltr'>θανάτου</span> <span class='ocrx_word' id='word_1_145' title='bbox 3337 739 3436 811; x_wconf 81' lang='grc' dir='ltr'>τὴν</span> <span class='ocrx_word' id='word_1_146' title='bbox 3451 739 3729 794; x_wconf 74' lang='grc' dir='ltr'>ἀθάνατον</span> 
     </span>
    </p>
   </div>
   <div class='ocr_carea' id='block_1_23' title="bbox 2145 828 3726 903">
    <p class='ocr_par' dir='ltr' id='par_1_23' title="bbox 2145 828 3726 903">
     <span class='ocr_line' id='line_1_23' title="bbox 2145 828 3726 903; baseline -0.003 -16"><span class='ocrx_word' id='word_1_147' title='bbox 2145 833 2365 903; x_wconf 84' lang='grc' dir='ltr'><strong>μνήμην</strong></span> <span class='ocrx_word' id='word_1_148' title='bbox 2392 832 2486 884; x_wconf 80' lang='grc' dir='ltr'>καὶ</span> <span class='ocrx_word' id='word_1_149' title='bbox 2509 833 2628 893; x_wconf 87' lang='grc' dir='ltr'>ταῖς</span> <span class='ocrx_word' id='word_1_150' title='bbox 2659 829 3006 899; x_wconf 87' lang='grc' dir='ltr'>Ἐκκλησίαις</span> <span class='ocrx_word' id='word_1_151' title='bbox 3028 828 3435 901; x_wconf 81' lang='grc' dir='ltr'>χαρισαμένοις.</span> <span class='ocrx_word' id='word_1_152' title='bbox 3468 831 3726 900; x_wconf 83' lang='grc' dir='ltr'>Ἔπρεπε</span> 
     </span>
    </p>
   </div>
   <div class='ocr_carea' id='block_1_24' title="bbox 2143 918 3726 993">
    <p class='ocr_par' dir='ltr' id='par_1_24' title="bbox 2143 918 3726 993">
     <span class='ocr_line' id='line_1_24' title="bbox 2143 918 3726 993; baseline -0.001 -19"><span class='ocrx_word' id='word_1_153' title='bbox 2143 921 2199 974; x_wconf 87' lang='grc' dir='ltr'><strong>δὲ</strong></span> <span class='ocrx_word' id='word_1_154' title='bbox 2224 922 2299 986; x_wconf 88' lang='grc' dir='ltr'>ὼς</span> <span class='ocrx_word' id='word_1_155' title='bbox 2327 919 2540 990; x_wconf 84' lang='grc' dir='ltr'>ἀληθῶς</span> <span class='ocrx_word' id='word_1_156' title='bbox 2570 919 2661 973; x_wconf 77' lang='grc' dir='ltr'>ἐπὶ</span> <span class='ocrx_word' id='word_1_157' title='bbox 2687 918 2748 972; x_wconf 80' lang='grc' dir='ltr'>τὸ</span> <span class='ocrx_word' id='word_1_158' title='bbox 2779 918 2911 973; x_wconf 74' lang='grc' dir='ltr'>αὐτὸ</span> <span class='ocrx_word' id='word_1_159' title='bbox 2936 919 3046 974; x_wconf 86' lang='grc' dir='ltr'>τῶν</span> <span class='ocrx_word' id='word_1_160' title='bbox 3068 919 3478 991; x_wconf 80' lang='grc' dir='ltr'>προειρημένων</span> <span class='ocrx_word' id='word_1_161' title='bbox 3504 921 3726 993; x_wconf 77' lang='grc' dir='ltr'>ἀνδρῶν</span> 
     </span>
    </p>
   </div>
   <div class='ocr_carea' id='block_1_25' title="bbox 2142 1008 3729 1082">
    <p class='ocr_par' dir='ltr' id='par_1_25' title="bbox 2142 1008 3729 1082">
     <span class='ocr_line' id='line_1_25' title="bbox 2142 1008 3729 1082; baseline -0.001 -17"><span class='ocrx_word' id='word_1_162' title='bbox 2142 1010 2241 1074; x_wconf 77' lang='grc' dir='ltr'>τὰς</span> <span class='ocrx_word' id='word_1_163' title='bbox 2271 1012 2490 1082; x_wconf 81' lang='grc' dir='ltr'>μνήμας</span> <span class='ocrx_word' id='word_1_164' title='bbox 2519 1008 2900 1073; x_wconf 88' lang='grc' dir='ltr'>ἐπιτελεῖσθαι,</span> <span class='ocrx_word' id='word_1_165' title='bbox 2922 1009 2983 1063; x_wconf 88' lang='grc' dir='ltr'>οὐ</span> <span class='ocrx_word' id='word_1_166' title='bbox 3014 1010 3171 1081; x_wconf 89' lang='grc' dir='ltr'>μόνον</span> <span class='ocrx_word' id='word_1_167' title='bbox 3200 1009 3292 1064; x_wconf 81' lang='grc' dir='ltr'>διά</span> <span class='ocrx_word' id='word_1_168' title='bbox 3324 1009 3387 1063; x_wconf 83' lang='grc' dir='ltr'>τδ</span> <span class='ocrx_word' id='word_1_169' title='bbox 3427 1010 3729 1082; x_wconf 79' lang='grc' dir='ltr'>σύμφωνον</span> 
     </span>
    </p>
   </div>
   <div class='ocr_carea' id='block_1_26' title="bbox 2142 1097 3724 1171">
    <p class='ocr_par' dir='ltr' id='par_1_26' title="bbox 2142 1097 3724 1171">
     <span class='ocr_line' id='line_1_26' title="bbox 2142 1097 3724 1171; baseline -0.001 -17"><span class='ocrx_word' id='word_1_170' title='bbox 2142 1100 2241 1171; x_wconf 78' lang='grc' dir='ltr'>τῆς</span> <span class='ocrx_word' id='word_1_171' title='bbox 2292 1099 2590 1163; x_wconf 81' lang='grc' dir='ltr'>εὐσεϐείας,</span> <span class='ocrx_word' id='word_1_172' title='bbox 2621 1098 2757 1154; x_wconf 85' lang='grc' dir='ltr'><strong>ἀλλά</strong></span> <span class='ocrx_word' id='word_1_173' title='bbox 2784 1100 2877 1152; x_wconf 79' lang='grc' dir='ltr'>καὶ</span> <span class='ocrx_word' id='word_1_174' title='bbox 2913 1097 3000 1153; x_wconf 85' lang='grc' dir='ltr'>διὰ</span> <span class='ocrx_word' id='word_1_175' title='bbox 3025 1099 3087 1152; x_wconf 83' lang='grc' dir='ltr'><strong>τὺ</strong></span> <span class='ocrx_word' id='word_1_176' title='bbox 3120 1098 3379 1170; x_wconf 81' lang='grc' dir='ltr'>ὁμότιμον</span> <span class='ocrx_word' id='word_1_177' title='bbox 3402 1098 3501 1169; x_wconf 83' lang='grc' dir='ltr'>τῆς</span> <span class='ocrx_word' id='word_1_178' title='bbox 3541 1098 3724 1164; x_wconf 77' lang='grc' dir='ltr'>ἀξίας.</span> 
     </span>
    </p>
   </div>
   <div class='ocr_carea' id='block_1_27' title="bbox 2144 1187 3724 1265">
    <p class='ocr_par' dir='ltr' id='par_1_27' title="bbox 2144 1187 3724 1265">
     <span class='ocr_line' id='line_1_27' title="bbox 2144 1187 3724 1265; baseline -0.003 -17"><span class='ocrx_word' id='word_1_179' title='bbox 2144 1187 2301 1248; x_wconf 77' lang='grc' dir='ltr'>Οὗτοι</span> <span class='ocrx_word' id='word_1_180' title='bbox 2328 1193 2437 1265; x_wconf 88' lang='grc' dir='ltr'><strong>γάρ</strong></span> <span class='ocrx_word' id='word_1_181' title='bbox 2478 1193 2628 1264; x_wconf 84' lang='grc' dir='ltr'>μόνοι</span> <span class='ocrx_word' id='word_1_182' title='bbox 2657 1191 2735 1263; x_wconf 83' lang='grc' dir='ltr'>τῷ</span> <span class='ocrx_word' id='word_1_183' title='bbox 2770 1193 2961 1263; x_wconf 78' lang='grc' dir='ltr'>Κυρίῳ</span> <span class='ocrx_word' id='word_1_184' title='bbox 3008 1192 3239 1246; x_wconf 86' lang='grc' dir='ltr'>πάντοτε</span> <span class='ocrx_word' id='word_1_185' title='bbox 3278 1188 3724 1261; x_wconf 77' lang='grc' dir='ltr'>συσχολάζοντες,</span> 
     </span>
    </p>
   </div>
   <div class='ocr_carea' id='block_1_28' title="bbox 2144 1280 3729 1356">
    <p class='ocr_par' dir='ltr' id='par_1_28' title="bbox 2144 1280 3729 1356">
     <span class='ocr_line' id='line_1_28' title="bbox 2144 1280 3729 1356; baseline -0.002 -18"><span class='ocrx_word' id='word_1_186' title='bbox 2144 1286 2238 1338; x_wconf 77' lang='grc' dir='ltr'>καὶ</span> <span class='ocrx_word' id='word_1_187' title='bbox 2265 1284 2537 1356; x_wconf 78' lang='grc' dir='ltr'>ἐξαίρετον</span> <span class='ocrx_word' id='word_1_188' title='bbox 2561 1282 2749 1355; x_wconf 82' lang='grc' dir='ltr'>ὥσπερ</span> <span class='ocrx_word' id='word_1_189' title='bbox 2773 1282 2925 1355; x_wconf 87' lang='grc' dir='ltr'><strong>παρά</strong></span> <span class='ocrx_word' id='word_1_190' title='bbox 2956 1284 3085 1348; x_wconf 77' lang='grc' dir='ltr'>τοὺς</span> <span class='ocrx_word' id='word_1_191' title='bbox 3110 1283 3330 1348; x_wconf 77' lang='grc' dir='ltr'>λοιποὺς</span> <span class='ocrx_word' id='word_1_192' title='bbox 3352 1281 3460 1336; x_wconf 83' lang='grc' dir='ltr'><strong>τῶν</strong></span> <span class='ocrx_word' id='word_1_193' title='bbox 3489 1280 3729 1336; x_wconf 80' lang='grc' dir='ltr'>ἀποστό-</span> 
     </span>
    </p>
   </div>
   <div class='ocr_carea' id='block_1_29' title="bbox 2145 1373 3725 1449">
    <p class='ocr_par' dir='ltr' id='par_1_29' title="bbox 2145 1373 3725 1449">
     <span class='ocr_line' id='line_1_29' title="bbox 2145 1373 3725 1449; baseline -0.005 -17"><span class='ocrx_word' id='word_1_194' title='bbox 2145 1379 2250 1432; x_wconf 87' lang='grc' dir='ltr'>λων</span> <span class='ocrx_word' id='word_1_195' title='bbox 2277 1376 2460 1449; x_wconf 82' lang='grc' dir='ltr'>χὼραν</span> <span class='ocrx_word' id='word_1_196' title='bbox 2491 1376 2727 1448; x_wconf 77' lang='grc' dir='ltr'>ἔχοντες,</span> <span class='ocrx_word' id='word_1_197' title='bbox 2766 1378 2860 1431; x_wconf 72' lang='grc' dir='ltr'><strong>κα)⁸</strong></span> <span class='ocrx_word' id='word_1_198' title='bbox 2885 1375 3219 1448; x_wconf 76' lang='grc' dir='ltr'>παρρησίαν,</span> <span class='ocrx_word' id='word_1_199' title='bbox 3241 1374 3304 1429; x_wconf 79' lang='grc' dir='ltr'>οὗ</span> <span class='ocrx_word' id='word_1_200' title='bbox 3335 1373 3476 1429; x_wconf 86' lang='grc' dir='ltr'><strong>κατά</strong></span> <span class='ocrx_word' id='word_1_201' title='bbox 3494 1373 3597 1444; x_wconf 81' lang='grc' dir='ltr'>τὴν</span> <span class='ocrx_word' id='word_1_202' title='bbox 3622 1375 3725 1441; x_wconf 79' lang='grc' dir='ltr'>τῆς</span> 
     </span>
    </p>
   </div>
   <div class='ocr_carea' id='block_1_30' title="bbox 2144 1463 3727 1543">
    <p class='ocr_par' dir='ltr' id='par_1_30' title="bbox 2144 1463 3727 1543">
     <span class='ocr_line' id='line_1_30' title="bbox 2144 1463 3727 1543; baseline -0.006 -18"><span class='ocrx_word' id='word_1_203' title='bbox 2144 1470 2492 1543; x_wconf 82' lang='grc' dir='ltr'>ἀνθρωπίνης</span> <span class='ocrx_word' id='word_1_204' title='bbox 2517 1468 2699 1537; x_wconf 83' lang='grc' dir='ltr'>φιλίας</span> <span class='ocrx_word' id='word_1_205' title='bbox 2724 1468 3049 1541; x_wconf 79' lang='grc' dir='ltr'>πρόσληψιν,</span> <span class='ocrx_word' id='word_1_206' title='bbox 3073 1466 3209 1521; x_wconf 83' lang='grc' dir='ltr'>ἀλλὰ</span> <span class='ocrx_word' id='word_1_207' title='bbox 3228 1466 3372 1521; x_wconf 77' lang='grc' dir='ltr'>κατὰ</span> <span class='ocrx_word' id='word_1_208' title='bbox 3387 1465 3575 1535; x_wconf 79' lang='grc' dir='ltr'>θεῖκὴν</span> <span class='ocrx_word' id='word_1_209' title='bbox 3596 1463 3727 1532; x_wconf 84' lang='grc' dir='ltr'>ἀλη-</span> 
     </span>
    </p>
   </div>
   <div class='ocr_carea' id='block_1_31' title="bbox 2146 1561 2625 1634">
    <p class='ocr_par' dir='ltr' id='par_1_31' title="bbox 2146 1561 2625 1634">
     <span class='ocr_line' id='line_1_31' title="bbox 2146 1561 2625 1634; baseline 0.006 -19"><span class='ocrx_word' id='word_1_210' title='bbox 2146 1562 2296 1627; x_wconf 85' lang='grc' dir='ltr'>θείας</span> <span class='ocrx_word' id='word_1_211' title='bbox 2330 1561 2625 1634; x_wconf 90' lang='grc' dir='ltr'>ἐπίκρισιν.</span> 
     </span>
    </p>
   </div>
   <div class='ocr_carea' id='block_1_32' title="bbox 470 1650 3726 1726">
    <p class='ocr_par' dir='ltr' id='par_1_32' title="bbox 470 1650 3726 1726">
     <span class='ocr_line' id='line_1_32' title="bbox 470 1650 3726 1726; baseline 0.001 -26"><span class='ocrx_word' id='word_1_212' title='bbox 470 1650 615 1716; x_wconf 83' lang='lat' dir='ltr'><strong>quod</strong></span> <span class='ocrx_word' id='word_1_213' title='bbox 640 1654 837 1721; x_wconf 67' lang='lat' dir='ltr'><strong>aequali</strong></span> <span class='ocrx_word' id='word_1_214' title='bbox 864 1654 915 1709; x_wconf 89' lang='lat' dir='ltr'><strong>in</strong></span> <span class='ocrx_word' id='word_1_215' title='bbox 953 1655 1157 1712; x_wconf 88' lang='lat' dir='ltr'><strong>honore</strong></span> <span class='ocrx_word' id='word_1_216' title='bbox 1189 1671 1219 1710; x_wconf 87' lang='lat' dir='ltr'><strong>a</strong></span> <span class='ocrx_word' id='word_1_217' title='bbox 1248 1658 1473 1713; x_wconf 85' lang='lat' dir='ltr'><strong>Christo</strong></span> <span class='ocrx_word' id='word_1_218' title='bbox 1504 1658 1674 1714; x_wconf 86' lang='lat' dir='ltr'><strong>habiti</strong></span> <span class='ocrx_word' id='word_1_219' title='bbox 1714 1659 1935 1715; x_wconf 82' lang='lat' dir='ltr'><strong>fuerint.</strong></span> <span class='ocrx_word' id='word_1_220' title='bbox 2019 1659 2079 1715; x_wconf 86' lang='lat' dir='ltr'><strong>ili</strong></span> <span class='ocrx_word' id='word_1_221' title='bbox 2120 1659 2321 1714; x_wconf 88' lang='lat' dir='ltr'><strong>etenim</strong></span> <span class='ocrx_word' id='word_1_222' title='bbox 2354 1659 2455 1715; x_wconf 89' lang='lat' dir='ltr'><strong>soli</strong></span> <span class='ocrx_word' id='word_1_223' title='bbox 2490 1673 2615 1713; x_wconf 92' lang='lat' dir='ltr'><strong>cum</strong></span> <span class='ocrx_word' id='word_1_224' title='bbox 2667 1657 2886 1714; x_wconf 86' lang='lat' dir='ltr'><strong>Christo</strong></span> <span class='ocrx_word' id='word_1_225' title='bbox 2949 1655 3152 1726; x_wconf 88' lang='lat' dir='ltr'><strong>ubique</strong></span> <span class='ocrx_word' id='word_1_226' title='bbox 3188 1654 3391 1710; x_wconf 80' lang='lat' dir='ltr'><strong>versati</strong></span> <span class='ocrx_word' id='word_1_227' title='bbox 3439 1660 3590 1717; x_wconf 88' lang='lat' dir='ltr'><strong>sunt,</strong></span> <span class='ocrx_word' id='word_1_228' title='bbox 3657 1664 3726 1702; x_wconf 80' lang='lat' dir='ltr'><strong>ac</strong></span> 
     </span>
    </p>
   </div>
   <div class='ocr_carea' id='block_1_33' title="bbox 471 1744 3724 1822">
    <p class='ocr_par' dir='ltr' id='par_1_33' title="bbox 471 1744 3724 1822">
     <span class='ocr_line' id='line_1_33' title="bbox 471 1744 3724 1822; baseline 0.002 -26"><span class='ocrx_word' id='word_1_229' title='bbox 471 1751 730 1812; x_wconf 69' lang='lat' dir='ltr'><strong>praeterea</strong></span> <span class='ocrx_word' id='word_1_230' title='bbox 764 1755 876 1800; x_wconf 93' lang='lat' dir='ltr'><strong>tum</strong></span> <span class='ocrx_word' id='word_1_231' title='bbox 932 1749 1127 1819; x_wconf 88' lang='lat' dir='ltr'><strong>agendi</strong></span> <span class='ocrx_word' id='word_1_232' title='bbox 1173 1750 1539 1822; x_wconf 88' lang='lat' dir='ltr'><strong>loquendique</strong></span> <span class='ocrx_word' id='word_1_233' title='bbox 1573 1752 1899 1817; x_wconf 89' lang='lat' dir='ltr'><strong>libertatem,</strong></span> <span class='ocrx_word' id='word_1_234' title='bbox 1930 1762 2043 1807; x_wconf 90' lang='lat' dir='ltr'><strong>tum</strong></span> <span class='ocrx_word' id='word_1_235' title='bbox 2082 1751 2493 1808; x_wconf 87' lang='lat' dir='ltr'><strong>eminentiorem</strong></span> <span class='ocrx_word' id='word_1_236' title='bbox 2537 1748 2942 1821; x_wconf 88' lang='lat' dir='ltr'><strong>quodammodo</strong></span> <span class='ocrx_word' id='word_1_237' title='bbox 2985 1762 3098 1818; x_wconf 65' lang='lat' dir='ltr'><strong>pra:</strong></span> <span class='ocrx_word' id='word_1_238' title='bbox 3173 1746 3388 1802; x_wconf 66' lang='lat' dir='ltr'><strong>ceteris</strong></span> <span class='ocrx_word' id='word_1_239' title='bbox 3452 1744 3724 1817; x_wconf 76' lang='lat' dir='ltr'><strong>apostolis</strong></span> 
     </span>
    </p>
   </div>
   <div class='ocr_carea' id='block_1_34' title="bbox 471 1839 3338 1916">
    <p class='ocr_par' dir='ltr' id='par_1_34' title="bbox 471 1839 3338 1916">
     <span class='ocr_line' id='line_1_34' title="bbox 471 1839 3338 1916; baseline 0.001 -25"><span class='ocrx_word' id='word_1_240' title='bbox 471 1839 651 1893; x_wconf 89' lang='lat' dir='ltr'><strong>locum</strong></span> <span class='ocrx_word' id='word_1_241' title='bbox 697 1840 1004 1906; x_wconf 83' lang='lat' dir='ltr'><strong>obtinuere,</strong></span> <span class='ocrx_word' id='word_1_242' title='bbox 1049 1860 1159 1900; x_wconf 89' lang='lat' dir='ltr'><strong>non</strong></span> <span class='ocrx_word' id='word_1_243' title='bbox 1194 1846 1444 1902; x_wconf 65' lang='lat' dir='ltr'><strong>humana:</strong></span> <span class='ocrx_word' id='word_1_244' title='bbox 1486 1847 1738 1902; x_wconf 66' lang='lat' dir='ltr'><strong>amicitiae</strong></span> <span class='ocrx_word' id='word_1_245' title='bbox 1785 1848 2019 1914; x_wconf 88' lang='lat' dir='ltr'><strong>ratione,</strong></span> <span class='ocrx_word' id='word_1_246' title='bbox 2059 1848 2154 1903; x_wconf 91' lang='lat' dir='ltr'><strong>sed</strong></span> <span class='ocrx_word' id='word_1_247' title='bbox 2198 1845 2385 1903; x_wconf 89' lang='lat' dir='ltr'><strong>divino</strong></span> <span class='ocrx_word' id='word_1_248' title='bbox 2411 1844 2620 1916; x_wconf 84' lang='lat' dir='ltr'><strong>judicio</strong></span> <span class='ocrx_word' id='word_1_249' title='bbox 2647 1845 2713 1900; x_wconf 89' lang='lat' dir='ltr'><strong>ad</strong></span> <span class='ocrx_word' id='word_1_250' title='bbox 2738 1844 2792 1899; x_wconf 89' lang='lat' dir='ltr'><strong>id</strong></span> <span class='ocrx_word' id='word_1_251' title='bbox 2827 1842 3110 1914; x_wconf 74' lang='lat' dir='ltr'><strong>dignitatis</strong></span> <span class='ocrx_word' id='word_1_252' title='bbox 3145 1843 3338 1898; x_wconf 81' lang='lat' dir='ltr'><strong>evecti.</strong></span> 
     </span>
    </p>
   </div>
   <div class='ocr_carea' id='block_1_35' title="bbox 538 1955 2111 2035">
    <p class='ocr_par' dir='ltr' id='par_1_35' title="bbox 538 1955 2111 2035">
     <span class='ocr_line' id='line_1_35' title="bbox 538 1955 2111 2035; baseline 0.008 -27"><span class='ocrx_word' id='word_1_253' title='bbox 538 1955 693 2026; x_wconf 89' lang='lat' dir='ltr'><strong>Ipsos</strong></span> <span class='ocrx_word' id='word_1_254' title='bbox 726 1956 910 2027; x_wconf 87' lang='lat' dir='ltr'><strong>itaque</strong></span> <span class='ocrx_word' id='word_1_255' title='bbox 941 1958 1091 2015; x_wconf 87' lang='lat' dir='ltr'><strong>solos</strong></span> <span class='ocrx_word' id='word_1_256' title='bbox 1121 1974 1151 2013; x_wconf 91' lang='lat' dir='ltr'><strong>a</strong></span> <span class='ocrx_word' id='word_1_257' title='bbox 1192 1959 1444 2025; x_wconf 89' lang='lat' dir='ltr'><strong>Domino,</strong></span> <span class='ocrx_word' id='word_1_258' title='bbox 1474 1962 1604 2017; x_wconf 90' lang='lat' dir='ltr'><strong>dum</strong></span> <span class='ocrx_word' id='word_1_259' title='bbox 1640 1965 1912 2035; x_wconf 60' lang='lat' dir='ltr'><strong>praecipua</strong></span> <span class='ocrx_word' id='word_1_260' title='bbox 1945 1966 2040 2019; x_wconf 85' lang='lat' dir='ltr'><strong>mi-</strong></span> <span class='ocrx_word' id='word_1_261' title='bbox 2070 1958 2111 2011; x_wconf 84' lang='grc' dir='ltr'>Β</span> 
     </span>
    </p>
   </div>
   <div class='ocr_carea' id='block_1_36' title="bbox 470 2051 2042 2123">
    <p class='ocr_par' dir='ltr' id='par_1_36' title="bbox 470 2051 2042 2123">
     <span class='ocr_line' id='line_1_36' title="bbox 470 2051 2042 2123; baseline 0.006 -19"><span class='ocrx_word' id='word_1_262' title='bbox 470 2051 653 2105; x_wconf 89' lang='lat' dir='ltr'><strong>racula</strong></span> <span class='ocrx_word' id='word_1_263' title='bbox 709 2051 975 2121; x_wconf 78' lang='lat' dir='ltr'><strong>patravit,</strong></span> <span class='ocrx_word' id='word_1_264' title='bbox 1023 2060 1283 2123; x_wconf 87' lang='lat' dir='ltr'><strong>tanquam</strong></span> <span class='ocrx_word' id='word_1_265' title='bbox 1327 2053 1676 2112; x_wconf 83' lang='lat' dir='ltr'><strong>fidelissimos</strong></span> <span class='ocrx_word' id='word_1_266' title='bbox 1714 2065 1768 2112; x_wconf 90' lang='lat' dir='ltr'><strong>et</strong></span> <span class='ocrx_word' id='word_1_267' title='bbox 1800 2057 2042 2113; x_wconf 89' lang='lat' dir='ltr'><strong>veracis-</strong></span> 
     </span>
    </p>
   </div>
   <div class='ocr_carea' id='block_1_37' title="bbox 469 2143 2043 2217">
    <p class='ocr_par' dir='ltr' id='par_1_37' title="bbox 469 2143 2043 2217">
     <span class='ocr_line' id='line_1_37' title="bbox 469 2143 2043 2217; baseline 0.004 -20"><span class='ocrx_word' id='word_1_268' title='bbox 469 2143 641 2197; x_wconf 89' lang='lat' dir='ltr'><strong>simos</strong></span> <span class='ocrx_word' id='word_1_269' title='bbox 695 2151 976 2213; x_wconf 76' lang='lat' dir='ltr'><strong>gestorum</strong></span> <span class='ocrx_word' id='word_1_270' title='bbox 1030 2150 1199 2199; x_wconf 88' lang='lat' dir='ltr'><strong>testes</strong></span> <span class='ocrx_word' id='word_1_271' title='bbox 1260 2160 1449 2200; x_wconf 89' lang='lat' dir='ltr'><strong>secum</strong></span> <span class='ocrx_word' id='word_1_272' title='bbox 1514 2156 1829 2217; x_wconf 88' lang='lat' dir='ltr'><strong>assumptos</strong></span> <span class='ocrx_word' id='word_1_273' title='bbox 1870 2146 2043 2203; x_wconf 71' lang='lat' dir='ltr'><strong>fuisse</strong></span> 
     </span>
    </p>
   </div>
   <div class='ocr_carea' id='block_1_38' title="bbox 469 2228 2044 2297">
    <p class='ocr_par' dir='ltr' id='par_1_38' title="bbox 469 2228 2044 2297">
     <span class='ocr_line' id='line_1_38' title="bbox 469 2228 2044 2297; baseline 0.006 -15"><span class='ocrx_word' id='word_1_274' title='bbox 469 2229 856 2297; x_wconf 87' lang='lat' dir='ltr'><strong>comperimus.</strong></span> <span class='ocrx_word' id='word_1_275' title='bbox 891 2228 1003 2285; x_wconf 85' lang='lat' dir='ltr'><strong>Hoc</strong></span> <span class='ocrx_word' id='word_1_276' title='bbox 1032 2246 1164 2286; x_wconf 88' lang='lat' dir='ltr'><strong>sane</strong></span> <span class='ocrx_word' id='word_1_277' title='bbox 1186 2230 1387 2287; x_wconf 88' lang='lat' dir='ltr'><strong>factum</strong></span> <span class='ocrx_word' id='word_1_278' title='bbox 1423 2232 1525 2287; x_wconf 88' lang='lat' dir='ltr'><strong>fuit</strong></span> <span class='ocrx_word' id='word_1_279' title='bbox 1556 2235 1611 2289; x_wconf 92' lang='lat' dir='ltr'><strong>in</strong></span> <span class='ocrx_word' id='word_1_280' title='bbox 1648 2235 1859 2291; x_wconf 85' lang='lat' dir='ltr'><strong>visione</strong></span> <span class='ocrx_word' id='word_1_281' title='bbox 1890 2252 2044 2290; x_wconf 86' lang='lat' dir='ltr'><strong>mou-</strong></span> 
     </span>
    </p>
   </div>
   <div class='ocr_carea' id='block_1_39' title="bbox 469 2312 2043 2384">
    <p class='ocr_par' dir='ltr' id='par_1_39' title="bbox 469 2312 2043 2384">
     <span class='ocr_line' id='line_1_39' title="bbox 469 2312 2043 2384; baseline 0.007 -18"><span class='ocrx_word' id='word_1_282' title='bbox 469 2314 541 2368; x_wconf 92' lang='lat' dir='ltr'><strong>tis</strong></span> <span class='ocrx_word' id='word_1_283' title='bbox 561 2313 624 2366; x_wconf 69' lang='grc' dir='ltr'><strong>η.</strong></span> <span class='ocrx_word' id='word_1_284' title='bbox 668 2312 782 2368; x_wconf 93' lang='lat' dir='ltr'><strong>Soli</strong></span> <span class='ocrx_word' id='word_1_285' title='bbox 827 2315 973 2369; x_wconf 88' lang='lat' dir='ltr'><strong>enim</strong></span> <span class='ocrx_word' id='word_1_286' title='bbox 1020 2315 1096 2370; x_wconf 86' lang='lat' dir='ltr'><strong>ibi</strong></span> <span class='ocrx_word' id='word_1_287' title='bbox 1147 2314 1364 2383; x_wconf 84' lang='lat' dir='ltr'><strong>Petrus,</strong></span> <span class='ocrx_word' id='word_1_288' title='bbox 1406 2316 1670 2384; x_wconf 71' lang='lat' dir='ltr'><strong>Iacobus,</strong></span> <span class='ocrx_word' id='word_1_289' title='bbox 1712 2330 1767 2376; x_wconf 89' lang='lat' dir='ltr'><strong>et</strong></span> <span class='ocrx_word' id='word_1_290' title='bbox 1801 2320 2043 2378; x_wconf 81' lang='lat' dir='ltr'><strong>Joannes</strong></span> 
     </span>
    </p>
   </div>
   <div class='ocr_carea' id='block_1_40' title="bbox 469 2402 2043 2476">
    <p class='ocr_par' dir='ltr' id='par_1_40' title="bbox 469 2402 2043 2476">
     <span class='ocr_line' id='line_1_40' title="bbox 469 2402 2043 2476; baseline 0.007 -21"><span class='ocrx_word' id='word_1_291' title='bbox 469 2402 720 2468; x_wconf 85' lang='lat' dir='ltr'><strong>aderant,</strong></span> <span class='ocrx_word' id='word_1_292' title='bbox 768 2418 893 2458; x_wconf 91' lang='lat' dir='ltr'><strong>cum</strong></span> <span class='ocrx_word' id='word_1_293' title='bbox 946 2418 1148 2476; x_wconf 78' lang='lat' dir='ltr'><strong>corpus</strong></span> <span class='ocrx_word' id='word_1_294' title='bbox 1196 2422 1355 2461; x_wconf 88' lang='lat' dir='ltr'><strong>suum</strong></span> <span class='ocrx_word' id='word_1_295' title='bbox 1416 2409 1823 2467; x_wconf 87' lang='lat' dir='ltr'><strong>transformans</strong></span> <span class='ocrx_word' id='word_1_296' title='bbox 1867 2410 2043 2467; x_wconf 86' lang='lat' dir='ltr'><strong>Domi-</strong></span> 
     </span>
    </p>
   </div>
   <div class='ocr_carea' id='block_1_41' title="bbox 470 2494 2040 2567">
    <p class='ocr_par' dir='ltr' id='par_1_41' title="bbox 470 2494 2040 2567">
     <span class='ocr_line' id='line_1_41' title="bbox 470 2494 2040 2567; baseline 0.008 -21"><span class='ocrx_word' id='word_1_297' title='bbox 470 2509 594 2559; x_wconf 91' lang='lat' dir='ltr'><strong>nus,</strong></span> <span class='ocrx_word' id='word_1_298' title='bbox 640 2494 695 2548; x_wconf 92' lang='lat' dir='ltr'><strong>in</strong></span> <span class='ocrx_word' id='word_1_299' title='bbox 744 2494 1037 2565; x_wconf 73' lang='lat' dir='ltr'><strong>gloriosam</strong></span> <span class='ocrx_word' id='word_1_300' title='bbox 1089 2511 1154 2551; x_wconf 90' lang='lat' dir='ltr'><strong>ac</strong></span> <span class='ocrx_word' id='word_1_301' title='bbox 1203 2497 1625 2567; x_wconf 88' lang='lat' dir='ltr'><strong>splendidiorem</strong></span> <span class='ocrx_word' id='word_1_302' title='bbox 1698 2501 2040 2559; x_wconf 87' lang='lat' dir='ltr'><strong>divinitatem</strong></span> 
     </span>
    </p>
   </div>
   <div class='ocr_carea' id='block_1_42' title="bbox 468 2587 2038 2661">
    <p class='ocr_par' dir='ltr' id='par_1_42' title="bbox 468 2587 2038 2661">
     <span class='ocr_line' id='line_1_42' title="bbox 468 2587 2038 2661; baseline 0.008 -22"><span class='ocrx_word' id='word_1_303' title='bbox 468 2588 877 2653; x_wconf 80' lang='lat' dir='ltr'><strong>transmutavit,</strong></span> <span class='ocrx_word' id='word_1_304' title='bbox 907 2596 961 2643; x_wconf 89' lang='lat' dir='ltr'><strong>et</strong></span> <span class='ocrx_word' id='word_1_305' title='bbox 991 2587 1194 2659; x_wconf 84' lang='lat' dir='ltr'><strong>Moyse,</strong></span> <span class='ocrx_word' id='word_1_306' title='bbox 1215 2597 1377 2661; x_wconf 90' lang='lat' dir='ltr'><strong>atque</strong></span> <span class='ocrx_word' id='word_1_307' title='bbox 1402 2590 1519 2646; x_wconf 89' lang='lat' dir='ltr'><strong>Elia</strong></span> <span class='ocrx_word' id='word_1_308' title='bbox 1540 2592 1645 2647; x_wconf 89' lang='lat' dir='ltr'><strong>sibi</strong></span> <span class='ocrx_word' id='word_1_309' title='bbox 1671 2594 2038 2659; x_wconf 85' lang='lat' dir='ltr'><strong>adstantibus,</strong></span> 
     </span>
    </p>
   </div>
   <div class='ocr_carea' id='block_1_43' title="bbox 469 2678 2040 2747">
    <p class='ocr_par' dir='ltr' id='par_1_43' title="bbox 469 2678 2040 2747">
     <span class='ocr_line' id='line_1_43' title="bbox 469 2678 2040 2747; baseline 0.007 -16"><span class='ocrx_word' id='word_1_310' title='bbox 469 2678 718 2747; x_wconf 90' lang='lat' dir='ltr'><strong>lucisque</strong></span> <span class='ocrx_word' id='word_1_311' title='bbox 749 2680 945 2734; x_wconf 86' lang='lat' dir='ltr'><strong>nebula</strong></span> <span class='ocrx_word' id='word_1_312' title='bbox 973 2680 1358 2745; x_wconf 89' lang='lat' dir='ltr'><strong>obumbrante,</strong></span> <span class='ocrx_word' id='word_1_313' title='bbox 1387 2682 1644 2738; x_wconf 79' lang='lat' dir='ltr'><strong>eximiam</strong></span> <span class='ocrx_word' id='word_1_314' title='bbox 1677 2685 1821 2739; x_wconf 88' lang='lat' dir='ltr'><strong>illam</strong></span> <span class='ocrx_word' id='word_1_315' title='bbox 1852 2690 2040 2742; x_wconf 64' lang='lat' dir='ltr'><strong>aeterni</strong></span> 
     </span>
    </p>
   </div>
   <div class='ocr_carea' id='block_1_44' title="bbox 468 2771 2039 2844">
    <p class='ocr_par' dir='ltr' id='par_1_44' title="bbox 468 2771 2039 2844">
     <span class='ocr_line' id='line_1_44' title="bbox 468 2771 2039 2844; baseline 0.006 -20"><span class='ocrx_word' id='word_1_316' title='bbox 468 2771 619 2840; x_wconf 80' lang='lat' dir='ltr'><strong>regni</strong></span> <span class='ocrx_word' id='word_1_317' title='bbox 676 2772 967 2838; x_wconf 80' lang='lat' dir='ltr'><strong>imaginem</strong></span> <span class='ocrx_word' id='word_1_318' title='bbox 1013 2773 1275 2827; x_wconf 85' lang='lat' dir='ltr'><strong>ostendit.</strong></span> <span class='ocrx_word' id='word_1_319' title='bbox 1317 2771 1432 2827; x_wconf 83' lang='lat' dir='ltr'><strong>Hoc</strong></span> <span class='ocrx_word' id='word_1_320' title='bbox 1475 2775 1639 2829; x_wconf 88' lang='lat' dir='ltr'><strong>etiam</strong></span> <span class='ocrx_word' id='word_1_321' title='bbox 1687 2775 1889 2832; x_wconf 89' lang='lat' dir='ltr'><strong>factum</strong></span> <span class='ocrx_word' id='word_1_322' title='bbox 1935 2787 2039 2844; x_wconf 88' lang='lat' dir='ltr'><strong>est,</strong></span> 
     </span>
    </p>
   </div>
   <div class='ocr_carea' id='block_1_45' title="bbox 467 2867 2043 2941">
    <p class='ocr_par' dir='ltr' id='par_1_45' title="bbox 467 2867 2043 2941">
     <span class='ocr_line' id='line_1_45' title="bbox 467 2867 2043 2941; baseline 0.005 -18"><span class='ocrx_word' id='word_1_323' title='bbox 467 2868 597 2923; x_wconf 89' lang='lat' dir='ltr'><strong>dum</strong></span> <span class='ocrx_word' id='word_1_324' title='bbox 657 2867 807 2923; x_wconf 80' lang='lat' dir='ltr'><strong>Jairi‘</strong></span> <span class='ocrx_word' id='word_1_325' title='bbox 851 2869 1027 2924; x_wconf 61' lang='lat' dir='ltr'><strong>nﬁliam</strong></span> <span class='ocrx_word' id='word_1_326' title='bbox 1090 2888 1120 2924; x_wconf 85' lang='lat' dir='ltr'><strong>a</strong></span> <span class='ocrx_word' id='word_1_327' title='bbox 1179 2873 1412 2927; x_wconf 88' lang='lat' dir='ltr'><strong>mortuis</strong></span> <span class='ocrx_word' id='word_1_328' title='bbox 1469 2872 1757 2928; x_wconf 89' lang='lat' dir='ltr'><strong>suscitavit</strong></span> <span class='ocrx_word' id='word_1_329' title='bbox 1782 2874 1858 2941; x_wconf 80' lang='lat'><strong>“;</strong></span> <span class='ocrx_word' id='word_1_330' title='bbox 1911 2884 2043 2931; x_wconf 90' lang='lat' dir='ltr'><strong>tunc</strong></span> 
     </span>
    </p>
   </div>
   <div class='ocr_carea' id='block_1_46' title="bbox 466 2960 2045 3033">
    <p class='ocr_par' dir='ltr' id='par_1_46' title="bbox 466 2960 2045 3033">
     <span class='ocr_line' id='line_1_46' title="bbox 466 2960 2045 3033; baseline 0.001 -17"><span class='ocrx_word' id='word_1_331' title='bbox 466 2962 613 3016; x_wconf 85' lang='lat' dir='ltr'><strong>enim</strong></span> <span class='ocrx_word' id='word_1_332' title='bbox 655 2960 757 3017; x_wconf 91' lang='lat' dir='ltr'><strong>hos</strong></span> <span class='ocrx_word' id='word_1_333' title='bbox 808 2968 1022 3015; x_wconf 89' lang='lat' dir='ltr'><strong>tantum</strong></span> <span class='ocrx_word' id='word_1_334' title='bbox 1068 2962 1321 3017; x_wconf 89' lang='lat' dir='ltr'><strong>miraculi</strong></span> <span class='ocrx_word' id='word_1_335' title='bbox 1372 2963 1521 3018; x_wconf 87' lang='lat' dir='ltr'><strong>illius</strong></span> <span class='ocrx_word' id='word_1_336' title='bbox 1566 2971 1904 3033; x_wconf 85' lang='lat' dir='ltr'><strong>spectatores</strong></span> <span class='ocrx_word' id='word_1_337' title='bbox 1948 2966 2045 3019; x_wconf 92' lang='lat' dir='ltr'><strong>ha-</strong></span> 
     </span>
    </p>
   </div>
   <div class='ocr_carea' id='block_1_47' title="bbox 469 3052 2040 3126">
    <p class='ocr_par' dir='ltr' id='par_1_47' title="bbox 469 3052 2040 3126">
     <span class='ocr_line' id='line_1_47' title="bbox 469 3052 2040 3126; baseline 0.002 -18"><span class='ocrx_word' id='word_1_338' title='bbox 469 3053 608 3108; x_wconf 87' lang='lat' dir='ltr'><strong>buit.</strong></span> <span class='ocrx_word' id='word_1_339' title='bbox 644 3052 788 3119; x_wconf 87' lang='lat' dir='ltr'><strong>Quin</strong></span> <span class='ocrx_word' id='word_1_340' title='bbox 838 3061 895 3108; x_wconf 88' lang='lat' dir='ltr'><strong>et</strong></span> <span class='ocrx_word' id='word_1_341' title='bbox 936 3052 1042 3108; x_wconf 90' lang='lat' dir='ltr'><strong>sub</strong></span> <span class='ocrx_word' id='word_1_342' title='bbox 1082 3054 1261 3123; x_wconf 89' lang='lat' dir='ltr'><strong>ipsum</strong></span> <span class='ocrx_word' id='word_1_343' title='bbox 1296 3054 1571 3124; x_wconf 84' lang='lat' dir='ltr'><strong>passionis</strong></span> <span class='ocrx_word' id='word_1_344' title='bbox 1602 3064 1840 3126; x_wconf 88' lang='lat' dir='ltr'><strong>tempus,</strong></span> <span class='ocrx_word' id='word_1_345' title='bbox 1884 3072 1954 3112; x_wconf 89' lang='lat' dir='ltr'><strong>ne</strong></span> <span class='ocrx_word' id='word_1_346' title='bbox 1987 3059 2040 3111; x_wconf 92' lang='lat' dir='ltr'><strong>in</strong></span> 
     </span>
    </p>
   </div>
   <div class='ocr_carea' id='block_1_48' title="bbox 468 3144 2042 3216">
    <p class='ocr_par' dir='ltr' id='par_1_48' title="bbox 468 3144 2042 3216">
     <span class='ocr_line' id='line_1_48' title="bbox 468 3144 2042 3216; baseline 0.002 -15"><span class='ocrx_word' id='word_1_347' title='bbox 468 3144 704 3216; x_wconf 82' lang='lat' dir='ltr'><strong>singulis</strong></span> <span class='ocrx_word' id='word_1_348' title='bbox 752 3144 1060 3216; x_wconf 89' lang='lat' dir='ltr'><strong>quibusque</strong></span> <span class='ocrx_word' id='word_1_349' title='bbox 1095 3148 1388 3204; x_wconf 87' lang='lat' dir='ltr'><strong>narrandis</strong></span> <span class='ocrx_word' id='word_1_350' title='bbox 1426 3147 1635 3203; x_wconf 91' lang='lat' dir='ltr'><strong>diutius</strong></span> <span class='ocrx_word' id='word_1_351' title='bbox 1680 3161 1884 3214; x_wconf 87' lang='lat' dir='ltr'><strong>morer,</strong></span> <span class='ocrx_word' id='word_1_352' title='bbox 1918 3164 2042 3204; x_wconf 87' lang='lat' dir='ltr'><strong>eos-</strong></span> 
     </span>
    </p>
   </div>
   <div class='ocr_carea' id='block_1_49' title="bbox 468 3236 2044 3309">
    <p class='ocr_par' dir='ltr' id='par_1_49' title="bbox 468 3236 2044 3309">
     <span class='ocr_line' id='line_1_49' title="bbox 468 3236 2044 3309; baseline 0.002 -18"><span class='ocrx_word' id='word_1_353' title='bbox 468 3238 592 3293; x_wconf 87' lang='lat' dir='ltr'><strong>dem</strong></span> <span class='ocrx_word' id='word_1_354' title='bbox 627 3236 779 3293; x_wconf 86' lang='lat' dir='ltr'><strong>viros</strong></span> <span class='ocrx_word' id='word_1_355' title='bbox 807 3252 995 3292; x_wconf 89' lang='lat' dir='ltr'><strong>secum</strong></span> <span class='ocrx_word' id='word_1_356' title='bbox 1036 3240 1358 3309; x_wconf 87' lang='lat' dir='ltr'><strong>assumpsit,</strong></span> <span class='ocrx_word' id='word_1_357' title='bbox 1405 3238 1597 3309; x_wconf 86' lang='lat' dir='ltr'><strong>eisque</strong></span> <span class='ocrx_word' id='word_1_358' title='bbox 1620 3246 1880 3309; x_wconf 87' lang='lat' dir='ltr'><strong>tanquam</strong></span> <span class='ocrx_word' id='word_1_359' title='bbox 1916 3239 2044 3295; x_wconf 54' lang='lat' dir='ltr'><strong>fide.</strong></span> 
     </span>
    </p>
   </div>
   <div class='ocr_carea' id='block_1_50' title="bbox 468 3329 2043 3402">
    <p class='ocr_par' dir='ltr' id='par_1_50' title="bbox 468 3329 2043 3402">
     <span class='ocr_line' id='line_1_50' title="bbox 468 3329 2043 3402; baseline 0.001 -19"><span class='ocrx_word' id='word_1_360' title='bbox 468 3330 611 3385; x_wconf 90' lang='lat' dir='ltr'><strong>libus</strong></span> <span class='ocrx_word' id='word_1_361' title='bbox 639 3329 1212 3401; x_wconf 87' lang='lat' dir='ltr'><strong>constantissimisque</strong></span> <span class='ocrx_word' id='word_1_362' title='bbox 1240 3331 1525 3402; x_wconf 85' lang='lat' dir='ltr'><strong>discipulis</strong></span> <span class='ocrx_word' id='word_1_363' title='bbox 1554 3346 1664 3387; x_wconf 92' lang='lat' dir='ltr'><strong>nou</strong></span> <span class='ocrx_word' id='word_1_364' title='bbox 1693 3338 1782 3387; x_wconf 91' lang='lat' dir='ltr'><strong>est</strong></span> <span class='ocrx_word' id='word_1_365' title='bbox 1833 3333 2043 3387; x_wconf 85' lang='lat' dir='ltr'><strong>veritus</strong></span> 
     </span>
    </p>
   </div>
   <div class='ocr_carea' id='block_1_51' title="bbox 469 3421 2042 3483">
    <p class='ocr_par' dir='ltr' id='par_1_51' title="bbox 469 3421 2042 3483">
     <span class='ocr_line' id='line_1_51' title="bbox 469 3421 2042 3483; baseline 0.002 -8"><span class='ocrx_word' id='word_1_366' title='bbox 469 3421 671 3483; x_wconf 88' lang='lat' dir='ltr'><strong>dicere,</strong></span> <span class='ocrx_word' id='word_1_367' title='bbox 713 3421 870 3474; x_wconf 83' lang='lat' dir='ltr'><strong>Nunc</strong></span> <span class='ocrx_word' id='word_1_368' title='bbox 903 3423 1085 3476; x_wconf 82' lang='lat' dir='ltr'><strong>anima</strong></span> <span class='ocrx_word' id='word_1_369' title='bbox 1109 3439 1224 3477; x_wconf 81' lang='lat' dir='ltr'><strong>mea</strong></span> <span class='ocrx_word' id='word_1_370' title='bbox 1253 3426 1465 3477; x_wconf 85' lang='lat' dir='ltr'><strong>turbata</strong></span> <span class='ocrx_word' id='word_1_371' title='bbox 1499 3425 1660 3480; x_wconf 75' lang='lat' dir='ltr'><strong>est&quot;.</strong></span> <span class='ocrx_word' id='word_1_372' title='bbox 1699 3422 1827 3483; x_wconf 66' lang='lat' dir='ltr'><strong>Haec</strong></span> <span class='ocrx_word' id='word_1_373' title='bbox 1860 3431 2042 3479; x_wconf 89' lang='lat' dir='ltr'><strong>autem</strong></span> 
     </span>
    </p>
   </div>
   <div class='ocr_carea' id='block_1_52' title="bbox 469 3513 2045 3587">
    <p class='ocr_par' dir='ltr' id='par_1_52' title="bbox 469 3513 2045 3587">
     <span class='ocr_line' id='line_1_52' title="bbox 469 3513 2045 3587; baseline 0.003 -21"><span class='ocrx_word' id='word_1_374' title='bbox 469 3528 499 3567; x_wconf 89' lang='lat' dir='ltr'><strong>a</strong></span> <span class='ocrx_word' id='word_1_375' title='bbox 529 3513 689 3569; x_wconf 85' lang='lat' dir='ltr'><strong>nobis</strong></span> <span class='ocrx_word' id='word_1_376' title='bbox 712 3514 860 3567; x_wconf 87' lang='lat' dir='ltr'><strong>dicta</strong></span> <span class='ocrx_word' id='word_1_377' title='bbox 889 3523 1040 3578; x_wconf 89' lang='lat' dir='ltr'><strong>sunt,</strong></span> <span class='ocrx_word' id='word_1_378' title='bbox 1073 3531 1182 3571; x_wconf 91' lang='lat' dir='ltr'><strong>non</strong></span> <span class='ocrx_word' id='word_1_379' title='bbox 1217 3524 1278 3570; x_wconf 91' lang='lat' dir='ltr'><strong>ut</strong></span> <span class='ocrx_word' id='word_1_380' title='bbox 1318 3517 1536 3572; x_wconf 64' lang='lat' dir='ltr'><strong>caeteris</strong></span> <span class='ocrx_word' id='word_1_381' title='bbox 1567 3518 1836 3587; x_wconf 90' lang='lat' dir='ltr'><strong>apostolis</strong></span> <span class='ocrx_word' id='word_1_382' title='bbox 1863 3517 2045 3571; x_wconf 88' lang='lat' dir='ltr'><strong>detra-</strong></span> 
     </span>
    </p>
   </div>
   <div class='ocr_carea' id='block_1_53' title="bbox 468 3603 2045 3678">
    <p class='ocr_par' dir='ltr' id='par_1_53' title="bbox 468 3603 2045 3678">
     <span class='ocr_line' id='line_1_53' title="bbox 468 3603 2045 3678; baseline 0.003 -22"><span class='ocrx_word' id='word_1_383' title='bbox 468 3611 684 3666; x_wconf 85' lang='lat' dir='ltr'><strong>hamus,</strong></span> <span class='ocrx_word' id='word_1_384' title='bbox 738 3603 835 3658; x_wconf 89' lang='lat' dir='ltr'><strong>sed</strong></span> <span class='ocrx_word' id='word_1_385' title='bbox 880 3604 935 3659; x_wconf 90' lang='lat' dir='ltr'><strong>in</strong></span> <span class='ocrx_word' id='word_1_386' title='bbox 977 3621 1167 3660; x_wconf 91' lang='lat' dir='ltr'><strong>eorum</strong></span> <span class='ocrx_word' id='word_1_387' title='bbox 1208 3606 1427 3662; x_wconf 90' lang='lat' dir='ltr'><strong>virtutis</strong></span> <span class='ocrx_word' id='word_1_388' title='bbox 1467 3608 1863 3671; x_wconf 85' lang='lat' dir='ltr'><strong>testimonium,</strong></span> <span class='ocrx_word' id='word_1_389' title='bbox 1905 3622 2045 3678; x_wconf 92' lang='lat' dir='ltr'><strong>quo-</strong></span> 
     </span>
    </p>
   </div>
   <div class='ocr_carea' id='block_1_54' title="bbox 469 3696 2042 3767">
    <p class='ocr_par' dir='ltr' id='par_1_54' title="bbox 469 3696 2042 3767">
     <span class='ocr_line' id='line_1_54' title="bbox 469 3696 2042 3767; baseline 0.004 -18"><span class='ocrx_word' id='word_1_390' title='bbox 469 3712 588 3750; x_wconf 86' lang='lat' dir='ltr'><strong>rum</strong></span> <span class='ocrx_word' id='word_1_391' title='bbox 632 3696 794 3752; x_wconf 89' lang='lat' dir='ltr'><strong>hodie</strong></span> <span class='ocrx_word' id='word_1_392' title='bbox 846 3699 1167 3754; x_wconf 87' lang='lat' dir='ltr'><strong>memoriam</strong></span> <span class='ocrx_word' id='word_1_393' title='bbox 1211 3700 1600 3767; x_wconf 89' lang='lat' dir='ltr'><strong>celebramus;</strong></span> <span class='ocrx_word' id='word_1_394' title='bbox 1647 3707 1702 3756; x_wconf 86' lang='lat' dir='ltr'><strong>et</strong></span> <span class='ocrx_word' id='word_1_395' title='bbox 1758 3707 1818 3755; x_wconf 91' lang='lat' dir='ltr'><strong>ut</strong></span> <span class='ocrx_word' id='word_1_396' title='bbox 1859 3700 2042 3756; x_wconf 84' lang='lat' dir='ltr'><strong>verius</strong></span> 
     </span>
    </p>
   </div>
   <div class='ocr_carea' id='block_1_55' title="bbox 468 3788 2041 3862">
    <p class='ocr_par' dir='ltr' id='par_1_55' title="bbox 468 3788 2041 3862">
     <span class='ocr_line' id='line_1_55' title="bbox 468 3788 2041 3862; baseline 0.003 -20"><span class='ocrx_word' id='word_1_397' title='bbox 468 3788 648 3842; x_wconf 85' lang='lat' dir='ltr'><strong>dicam</strong></span> <span class='ocrx_word' id='word_1_398' title='bbox 679 3789 733 3842; x_wconf 92' lang='lat' dir='ltr'><strong>in</strong></span> <span class='ocrx_word' id='word_1_399' title='bbox 764 3804 1107 3846; x_wconf 90' lang='lat' dir='ltr'><strong>communem</strong></span> <span class='ocrx_word' id='word_1_400' title='bbox 1138 3807 1360 3862; x_wconf 87' lang='lat' dir='ltr'><strong>quoque</strong></span> <span class='ocrx_word' id='word_1_401' title='bbox 1394 3793 1769 3862; x_wconf 88' lang='lat' dir='ltr'><strong>apostolorum</strong></span> <span class='ocrx_word' id='word_1_402' title='bbox 1795 3792 2041 3847; x_wconf 90' lang='lat' dir='ltr'><strong>omnium</strong></span> 
     </span>
    </p>
   </div>
   <div class='ocr_carea' id='block_1_56' title="bbox 444 3880 2046 3955">
    <p class='ocr_par' dir='ltr' id='par_1_56' title="bbox 444 3880 2046 3955">
     <span class='ocr_line' id='line_1_56' title="bbox 444 3880 2046 3955; baseline 0.003 -19"><span class='ocrx_word' id='word_1_403' title='bbox 444 3880 681 3936; x_wconf 82' lang='lat' dir='ltr'><strong>laudem</strong></span> <span class='ocrx_word' id='word_1_404' title='bbox 726 3895 898 3935; x_wconf 88' lang='lat' dir='ltr'><strong>:nam</strong></span> <span class='ocrx_word' id='word_1_405' title='bbox 957 3881 1027 3937; x_wconf 90' lang='lat' dir='ltr'><strong>de</strong></span> <span class='ocrx_word' id='word_1_406' title='bbox 1080 3892 1397 3938; x_wconf 85' lang='lat' dir='ltr'><strong>sanctorum</strong></span> <span class='ocrx_word' id='word_1_407' title='bbox 1457 3884 1817 3948; x_wconf 86' lang='lat' dir='ltr'><strong>excellentia,</strong></span> <span class='ocrx_word' id='word_1_408' title='bbox 1866 3882 2046 3955; x_wconf 85' lang='lat' dir='ltr'><strong>deque</strong></span> 
     </span>
    </p>
   </div>
   <div class='ocr_carea' id='block_1_57' title="bbox 467 3973 2042 4047">
    <p class='ocr_par' dir='ltr' id='par_1_57' title="bbox 467 3973 2042 4047">
     <span class='ocr_line' id='line_1_57' title="bbox 467 3973 2042 4047; baseline 0.003 -18"><span class='ocrx_word' id='word_1_409' title='bbox 467 3988 658 4029; x_wconf 89' lang='lat' dir='ltr'><strong>eorum</strong></span> <span class='ocrx_word' id='word_1_410' title='bbox 706 3973 1085 4030; x_wconf 66' lang='lat' dir='ltr'><strong>sanctimoniae</strong></span> <span class='ocrx_word' id='word_1_411' title='bbox 1127 3975 1390 4047; x_wconf 88' lang='lat' dir='ltr'><strong>gradibus</strong></span> <span class='ocrx_word' id='word_1_412' title='bbox 1438 3977 1721 4047; x_wconf 90' lang='lat' dir='ltr'><strong>quidpiam</strong></span> <span class='ocrx_word' id='word_1_413' title='bbox 1774 3984 2042 4045; x_wconf 85' lang='lat' dir='ltr'><strong>statuere,</strong></span> 
     </span>
    </p>
   </div>
   <div class='ocr_carea' id='block_1_58' title="bbox 2213 1960 3719 2033">
    <p class='ocr_par' dir='ltr' id='par_1_58' title="bbox 2213 1960 3719 2033">
     <span class='ocr_line' id='line_1_58' title="bbox 2213 1960 3719 2033; baseline -0.001 -15"><span class='ocrx_word' id='word_1_414' title='bbox 2213 1966 2367 2018; x_wconf 85' lang='grc' dir='ltr'>Ἔστι</span> <span class='ocrx_word' id='word_1_415' title='bbox 2392 1962 2525 2033; x_wconf 76' lang='grc' dir='ltr'>γοῦν</span> <span class='ocrx_word' id='word_1_416' title='bbox 2557 1963 2735 2033; x_wconf 80' lang='grc' dir='ltr'>εὑρεῖν</span> <span class='ocrx_word' id='word_1_417' title='bbox 2759 1963 2817 2015; x_wconf 89' lang='grc' dir='ltr'><strong>ἐν</strong></span> <span class='ocrx_word' id='word_1_418' title='bbox 2841 1963 2956 2026; x_wconf 92' lang='grc' dir='ltr'>τοῖς</span> <span class='ocrx_word' id='word_1_419' title='bbox 2978 1960 3253 2032; x_wconf 78' lang='grc' dir='ltr'>μεγίστοις</span> <span class='ocrx_word' id='word_1_420' title='bbox 3278 1960 3388 2016; x_wconf 81' lang='grc' dir='ltr'>τῶν</span> <span class='ocrx_word' id='word_1_421' title='bbox 3417 1961 3719 2033; x_wconf 79' lang='grc' dir='ltr'>θαυμάτων</span> 
     </span>
    </p>
   </div>
   <div class='ocr_carea' id='block_1_59' title="bbox 2146 2052 3723 2127">
    <p class='ocr_par' dir='ltr' id='par_1_59' title="bbox 2146 2052 3723 2127">
     <span class='ocr_line' id='line_1_59' title="bbox 2146 2052 3723 2127; baseline -0.002 -17"><span class='ocrx_word' id='word_1_422' title='bbox 2146 2056 2341 2127; x_wconf 85' lang='grc' dir='ltr'>μόνους</span> <span class='ocrx_word' id='word_1_423' title='bbox 2366 2056 2562 2119; x_wconf 76' lang='grc' dir='ltr'>αὐτοὺς</span> <span class='ocrx_word' id='word_1_424' title='bbox 2590 2052 2738 2127; x_wconf 89' lang='grc' dir='ltr'><strong>παρά</strong></span> <span class='ocrx_word' id='word_1_425' title='bbox 2767 2052 2853 2106; x_wconf 75' lang='grc' dir='ltr'><strong>τοῦ</strong></span> <span class='ocrx_word' id='word_1_426' title='bbox 2882 2054 3090 2125; x_wconf 81' lang='grc' dir='ltr'>Κυρίυυ</span> <span class='ocrx_word' id='word_1_427' title='bbox 3123 2053 3577 2126; x_wconf 78' lang='grc' dir='ltr'>παραληφθέντας</span> <span class='ocrx_word' id='word_1_428' title='bbox 3599 2095 3616 2118; x_wconf 96' lang='grc'><strong>,</strong></span> <span class='ocrx_word' id='word_1_429' title='bbox 3642 2054 3723 2119; x_wconf 83' lang='grc' dir='ltr'><strong>ὡς</strong></span> 
     </span>
    </p>
   </div>
   <div class='ocr_carea' id='block_1_60' title="bbox 2142 2143 3729 2217">
    <p class='ocr_par' dir='ltr' id='par_1_60' title="bbox 2142 2143 3729 2217">
     <span class='ocr_line' id='line_1_60' title="bbox 2142 2143 3729 2217; baseline -0.002 -18"><span class='ocrx_word' id='word_1_430' title='bbox 2142 2146 2495 2209; x_wconf 82' lang='grc' dir='ltr'>πιστοτάτους</span> <span class='ocrx_word' id='word_1_431' title='bbox 2531 2144 2626 2199; x_wconf 79' lang='grc' dir='ltr'>καὶ</span> <span class='ocrx_word' id='word_1_432' title='bbox 2668 2143 3065 2214; x_wconf 82' lang='grc' dir='ltr'>ἀληθεστάτους</span> <span class='ocrx_word' id='word_1_433' title='bbox 3087 2143 3195 2199; x_wconf 84' lang='grc' dir='ltr'><strong>τῶν</strong></span> <span class='ocrx_word' id='word_1_434' title='bbox 3221 2145 3559 2215; x_wconf 84' lang='grc' dir='ltr'>γιγνομένων</span> <span class='ocrx_word' id='word_1_435' title='bbox 3588 2146 3729 2217; x_wconf 76' lang='grc' dir='ltr'>μάρ-</span> 
     </span>
    </p>
   </div>
   <div class='ocr_carea' id='block_1_61' title="bbox 2140 2231 3727 2308">
    <p class='ocr_par' dir='ltr' id='par_1_61' title="bbox 2140 2231 3727 2308">
     <span class='ocr_line' id='line_1_61' title="bbox 2140 2231 3727 2308; baseline -0.001 -18"><span class='ocrx_word' id='word_1_436' title='bbox 2140 2252 2330 2308; x_wconf 84' lang='grc' dir='ltr'>τυρας·</span> <span class='ocrx_word' id='word_1_437' title='bbox 2363 2236 2520 2289; x_wconf 79' lang='grc' dir='ltr'>τοῦτο</span> <span class='ocrx_word' id='word_1_438' title='bbox 2588 2232 2687 2305; x_wconf 84' lang='grc' dir='ltr'>μὲν</span> <span class='ocrx_word' id='word_1_439' title='bbox 2722 2234 2813 2287; x_wconf 76' lang='grc' dir='ltr'>ἐπὶ</span> <span class='ocrx_word' id='word_1_440' title='bbox 2842 2234 2940 2304; x_wconf 81' lang='grc' dir='ltr'>τῆς</span> <span class='ocrx_word' id='word_1_441' title='bbox 2971 2234 3029 2286; x_wconf 90' lang='grc' dir='ltr'><strong>ἐν</strong></span> <span class='ocrx_word' id='word_1_442' title='bbox 3056 2231 3133 2305; x_wconf 84' lang='grc' dir='ltr'>τῷ</span> <span class='ocrx_word' id='word_1_443' title='bbox 3179 2233 3292 2306; x_wconf 78' lang='grc' dir='ltr'>ὕρει</span> <span class='ocrx_word' id='word_1_444' title='bbox 3326 2234 3559 2308; x_wconf 79' lang='grc' dir='ltr'>θεωρίας</span> <span class='ocrx_word' id='word_1_445' title='bbox 3597 2236 3727 2306; x_wconf 81' lang='grc' dir='ltr'>(μό-</span> 
     </span>
    </p>
   </div>
   <div class='ocr_carea' id='block_1_62' title="bbox 2141 2322 3727 2398">
    <p class='ocr_par' dir='ltr' id='par_1_62' title="bbox 2141 2322 3727 2398">
     <span class='ocr_line' id='line_1_62' title="bbox 2141 2322 3727 2398; baseline -0.001 -19"><span class='ocrx_word' id='word_1_446' title='bbox 2141 2342 2233 2389; x_wconf 88' lang='grc' dir='ltr'><strong>νος</strong></span> <span class='ocrx_word' id='word_1_447' title='bbox 2270 2326 2378 2398; x_wconf 81' lang='grc' dir='ltr'>γὰρ</span> <span class='ocrx_word' id='word_1_448' title='bbox 2403 2322 2471 2397; x_wconf 76' lang='grc' dir='ltr'>ἦν</span> <span class='ocrx_word' id='word_1_449' title='bbox 2516 2325 2633 2378; x_wconf 88' lang='grc' dir='ltr'>ἐκεῖ</span> <span class='ocrx_word' id='word_1_450' title='bbox 2674 2323 2909 2393; x_wconf 81' lang='grc' dir='ltr'>Πέτρος,</span> <span class='ocrx_word' id='word_1_451' title='bbox 2944 2322 3038 2377; x_wconf 76' lang='grc' dir='ltr'><strong>καὶ</strong></span> <span class='ocrx_word' id='word_1_452' title='bbox 3084 2322 3339 2388; x_wconf 78' lang='grc' dir='ltr'>Ἰάκωϐος</span> <span class='ocrx_word' id='word_1_453' title='bbox 3359 2364 3376 2389; x_wconf 94' lang='grc'><strong>,</strong></span> <span class='ocrx_word' id='word_1_454' title='bbox 3405 2324 3501 2378; x_wconf 78' lang='grc' dir='ltr'>καὶ</span> <span class='ocrx_word' id='word_1_455' title='bbox 3541 2322 3727 2379; x_wconf 74' lang='grc' dir='ltr'>Ἰωάν-</span> 
     </span>
    </p>
   </div>
   <div class='ocr_carea' id='block_1_63' title="bbox 2142 2412 3721 2489">
    <p class='ocr_par' dir='ltr' id='par_1_63' title="bbox 2142 2412 3721 2489">
     <span class='ocr_line' id='line_1_63' title="bbox 2142 2412 3721 2489; baseline -0.004 -16"><span class='ocrx_word' id='word_1_456' title='bbox 2142 2435 2241 2489; x_wconf 88' lang='grc' dir='ltr'><strong>νης</strong></span> <span class='ocrx_word' id='word_1_457' title='bbox 2257 2457 2273 2483; x_wconf 90' lang='grc'><strong>,</strong></span> <span class='ocrx_word' id='word_1_458' title='bbox 2296 2418 2385 2471; x_wconf 84' lang='grc' dir='ltr'>ὅτε</span> <span class='ocrx_word' id='word_1_459' title='bbox 2405 2416 2467 2470; x_wconf 83' lang='grc' dir='ltr'>τὸ</span> <span class='ocrx_word' id='word_1_460' title='bbox 2488 2414 2647 2487; x_wconf 82' lang='grc' dir='ltr'>σῶμα</span> <span class='ocrx_word' id='word_1_461' title='bbox 2676 2414 2737 2468; x_wconf 84' lang='grc' dir='ltr'>τὸ</span> <span class='ocrx_word' id='word_1_462' title='bbox 2769 2412 2961 2467; x_wconf 71' lang='grc' dir='ltr'>ἑαυτοῦ</span> <span class='ocrx_word' id='word_1_463' title='bbox 2988 2412 3424 2486; x_wconf 87' lang='grc' dir='ltr'>μεταμορφὼσας</span> <span class='ocrx_word' id='word_1_464' title='bbox 3444 2416 3474 2469; x_wconf 80' lang='grc' dir='ltr'><strong>ὁ</strong></span> <span class='ocrx_word' id='word_1_465' title='bbox 3491 2414 3721 2486; x_wconf 79' lang='grc' dir='ltr'>Κύριος,</span> 
     </span>
    </p>
   </div>
   <div class='ocr_carea' id='block_1_64' title="bbox 2142 2503 3726 2577">
    <p class='ocr_par' dir='ltr' id='par_1_64' title="bbox 2142 2503 3726 2577">
     <span class='ocr_line' id='line_1_64' title="bbox 2142 2503 3726 2577; baseline -0.004 -14"><span class='ocrx_word' id='word_1_466' title='bbox 2142 2511 2223 2573; x_wconf 77' lang='grc' dir='ltr'>εἰς</span> <span class='ocrx_word' id='word_1_467' title='bbox 2273 2507 2479 2573; x_wconf 73' lang='grc' dir='ltr'>ἔνδοξον</span> <span class='ocrx_word' id='word_1_468' title='bbox 2534 2507 2629 2561; x_wconf 76' lang='grc' dir='ltr'>καὶ</span> <span class='ocrx_word' id='word_1_469' title='bbox 2677 2504 3059 2577; x_wconf 81' lang='grc' dir='ltr'>λαμπροτέραν</span> <span class='ocrx_word' id='word_1_470' title='bbox 3132 2503 3361 2576; x_wconf 89' lang='grc' dir='ltr'>θεότητα</span> <span class='ocrx_word' id='word_1_471' title='bbox 3431 2504 3726 2576; x_wconf 80' lang='grc' dir='ltr'>μετέϐαλε,</span> 
     </span>
    </p>
   </div>
   <div class='ocr_carea' id='block_1_65' title="bbox 2142 2594 3723 2668">
    <p class='ocr_par' dir='ltr' id='par_1_65' title="bbox 2142 2594 3723 2668">
     <span class='ocr_line' id='line_1_65' title="bbox 2142 2594 3723 2668; baseline -0.004 -13"><span class='ocrx_word' id='word_1_472' title='bbox 2142 2600 2380 2656; x_wconf 82' lang='grc' dir='ltr'>Μωῦσέα</span> <span class='ocrx_word' id='word_1_473' title='bbox 2430 2598 2528 2653; x_wconf 75' lang='grc' dir='ltr'>καὶ</span> <span class='ocrx_word' id='word_1_474' title='bbox 2557 2597 2743 2652; x_wconf 85' lang='grc' dir='ltr'>Ἠλίαν</span> <span class='ocrx_word' id='word_1_475' title='bbox 2768 2599 2825 2651; x_wconf 80' lang='grc' dir='ltr'><strong>ἐν</strong></span> <span class='ocrx_word' id='word_1_476' title='bbox 2856 2594 3032 2667; x_wconf 88' lang='grc' dir='ltr'>ἐαυτῷ</span> <span class='ocrx_word' id='word_1_477' title='bbox 3059 2594 3173 2666; x_wconf 77' lang='lat'><strong>(20)</strong></span> <span class='ocrx_word' id='word_1_478' title='bbox 3206 2597 3723 2668; x_wconf 83' lang='grc' dir='ltr'>παραστησάμενος,</span> 
     </span>
    </p>
   </div>
   <div class='ocr_carea' id='block_1_66' title="bbox 2143 2686 3727 2762">
    <p class='ocr_par' dir='ltr' id='par_1_66' title="bbox 2143 2686 3727 2762">
     <span class='ocr_line' id='line_1_66' title="bbox 2143 2686 3727 2762; baseline -0.004 -15"><span class='ocrx_word' id='word_1_479' title='bbox 2143 2691 2238 2747; x_wconf 69' lang='grc' dir='ltr'>καὶ</span> <span class='ocrx_word' id='word_1_480' title='bbox 2263 2693 2328 2762; x_wconf 82' lang='grc' dir='ltr'>τῇ</span> <span class='ocrx_word' id='word_1_481' title='bbox 2366 2689 2561 2761; x_wconf 80' lang='grc' dir='ltr'>νεφέλῃ</span> <span class='ocrx_word' id='word_1_482' title='bbox 2594 2688 2690 2744; x_wconf 85' lang='grc' dir='ltr'>τοῦ</span> <span class='ocrx_word' id='word_1_483' title='bbox 2729 2688 2905 2758; x_wconf 78' lang='grc' dir='ltr'>φωτὸς</span> <span class='ocrx_word' id='word_1_484' title='bbox 2952 2687 3308 2751; x_wconf 85' lang='grc' dir='ltr'>ὲπισκιάσας,</span> <span class='ocrx_word' id='word_1_485' title='bbox 3342 2686 3443 2758; x_wconf 81' lang='grc' dir='ltr'>τὴν</span> <span class='ocrx_word' id='word_1_486' title='bbox 3478 2687 3727 2758; x_wconf 81' lang='grc' dir='ltr'>μεγάλην</span> 
     </span>
    </p>
   </div>
   <div class='ocr_carea' id='block_1_67' title="bbox 2142 2778 3725 2853">
    <p class='ocr_par' dir='ltr' id='par_1_67' title="bbox 2142 2778 3725 2853">
     <span class='ocr_line' id='line_1_67' title="bbox 2142 2778 3725 2853; baseline -0.003 -18"><span class='ocrx_word' id='word_1_487' title='bbox 2142 2782 2356 2853; x_wconf 88' lang='grc' dir='ltr'>ἐκείνην</span> <span class='ocrx_word' id='word_1_488' title='bbox 2384 2781 2568 2836; x_wconf 80' lang='grc' dir='ltr'>εἰκόνα</span> <span class='ocrx_word' id='word_1_489' title='bbox 2610 2782 2707 2852; x_wconf 82' lang='grc' dir='ltr'>τῆς</span> <span class='ocrx_word' id='word_1_490' title='bbox 2738 2780 3012 2850; x_wconf 85' lang='grc' dir='ltr'>βασιλείας</span> <span class='ocrx_word' id='word_1_491' title='bbox 3043 2779 3332 2851; x_wconf 59' lang='grc' dir='ltr'>ὑπέδειξεν</span> <span class='ocrx_word' id='word_1_492' title='bbox 3355 2779 3514 2835; x_wconf 81' lang='grc' dir='ltr'>τοῦτο</span> <span class='ocrx_word' id='word_1_493' title='bbox 3540 2780 3600 2833; x_wconf 72' lang='grc' dir='ltr'><strong>δὲ</strong></span> <span class='ocrx_word' id='word_1_494' title='bbox 3629 2778 3725 2833; x_wconf 78' lang='grc' dir='ltr'>ἐπὶ</span> 
     </span>
    </p>
   </div>
   <div class='ocr_carea' id='block_1_68' title="bbox 2142 2870 3723 2947">
    <p class='ocr_par' dir='ltr' id='par_1_68' title="bbox 2142 2870 3723 2947">
     <span class='ocr_line' id='line_1_68' title="bbox 2142 2870 3723 2947; baseline -0.004 -18"><span class='ocrx_word' id='word_1_495' title='bbox 2142 2876 2241 2946; x_wconf 79' lang='grc' dir='ltr'>τῆς</span> <span class='ocrx_word' id='word_1_496' title='bbox 2285 2874 2512 2947; x_wconf 87' lang='grc' dir='ltr'>Ἰαείρου</span> <span class='ocrx_word' id='word_1_497' title='bbox 2557 2872 2825 2945; x_wconf 81' lang='grc' dir='ltr'>θυγατρὸς</span> <span class='ocrx_word' id='word_1_498' title='bbox 2852 2912 2867 2935; x_wconf 92' lang='grc'><strong>,</strong></span> <span class='ocrx_word' id='word_1_499' title='bbox 2902 2872 2969 2942; x_wconf 75' lang='grc' dir='ltr'>ἥν</span> <span class='ocrx_word' id='word_1_500' title='bbox 3012 2870 3279 2925; x_wconf 78' lang='grc' dir='ltr'>θανοῦσαν</span> <span class='ocrx_word' id='word_1_501' title='bbox 3309 2870 3550 2942; x_wconf 84' lang='grc' dir='ltr'>διήγειρε</span> <span class='ocrx_word' id='word_1_502' title='bbox 3577 2887 3593 2903; x_wconf 92' lang='grc'><strong>·</strong></span> <span class='ocrx_word' id='word_1_503' title='bbox 3626 2873 3723 2923; x_wconf 74' lang='grc' dir='ltr'>καὶ</span> 
     </span>
    </p>
   </div>
   <div class='ocr_carea' id='block_1_69' title="bbox 2143 2959 3726 3039">
    <p class='ocr_par' dir='ltr' id='par_1_69' title="bbox 2143 2959 3726 3039">
     <span class='ocr_line' id='line_1_69' title="bbox 2143 2959 3726 3039; baseline -0.006 -17"><span class='ocrx_word' id='word_1_504' title='bbox 2143 2968 2251 3039; x_wconf 83' lang='grc' dir='ltr'>γὰρ</span> <span class='ocrx_word' id='word_1_505' title='bbox 2280 2968 2396 3021; x_wconf 71' lang='grc' dir='ltr'>ἐκεῖ</span> <span class='ocrx_word' id='word_1_506' title='bbox 2440 2964 2662 3028; x_wconf 79' lang='grc' dir='ltr'>τούτους</span> <span class='ocrx_word' id='word_1_507' title='bbox 2691 2959 2837 3034; x_wconf 78' lang='grc' dir='ltr'>εἶχεν</span> <span class='ocrx_word' id='word_1_508' title='bbox 2868 2963 3109 3026; x_wconf 78' lang='grc' dir='ltr'>ἐπόπτας</span> <span class='ocrx_word' id='word_1_509' title='bbox 3136 2962 3234 3034; x_wconf 86' lang='grc' dir='ltr'>τῆς</span> <span class='ocrx_word' id='word_1_510' title='bbox 3264 2961 3563 3033; x_wconf 73' lang='grc' dir='ltr'>γενομένης</span> <span class='ocrx_word' id='word_1_511' title='bbox 3599 2961 3726 3013; x_wconf 78' lang='grc' dir='ltr'>θαυο</span> 
     </span>
    </p>
   </div>
   <div class='ocr_carea' id='block_1_70' title="bbox 2148 3052 3724 3130">
    <p class='ocr_par' dir='ltr' id='par_1_70' title="bbox 2148 3052 3724 3130">
     <span class='ocr_line' id='line_1_70' title="bbox 2148 3052 3724 3130; baseline -0.004 -17"><span class='ocrx_word' id='word_1_512' title='bbox 2148 3058 2501 3130; x_wconf 81' lang='grc' dir='ltr'>ματουργίας.</span> <span class='ocrx_word' id='word_1_513' title='bbox 2540 3057 2663 3110; x_wconf 85' lang='grc' dir='ltr'>Ἔτι</span> <span class='ocrx_word' id='word_1_514' title='bbox 2704 3072 2770 3124; x_wconf 91' lang='grc' dir='ltr'><strong>γε</strong></span> <span class='ocrx_word' id='word_1_515' title='bbox 2812 3055 2949 3127; x_wconf 80' lang='grc' dir='ltr'>μὴν,</span> <span class='ocrx_word' id='word_1_516' title='bbox 2984 3054 3072 3109; x_wconf 84' lang='grc' dir='ltr'><strong>ῖνα</strong></span> <span class='ocrx_word' id='word_1_517' title='bbox 3118 3055 3193 3126; x_wconf 80' lang='grc' dir='ltr'>μὴ</span> <span class='ocrx_word' id='word_1_518' title='bbox 3225 3054 3294 3109; x_wconf 77' lang='grc' dir='ltr'>τὰ</span> <span class='ocrx_word' id='word_1_519' title='bbox 3339 3052 3460 3108; x_wconf 88' lang='grc' dir='ltr'>καθ’</span> <span class='ocrx_word' id='word_1_520' title='bbox 3489 3052 3724 3107; x_wconf 68' lang='grc' dir='ltr'>ἕκαστον</span> 
     </span>
    </p>
   </div>
   <div class='ocr_carea' id='block_1_71' title="bbox 2143 3143 3725 3218">
    <p class='ocr_par' dir='ltr' id='par_1_71' title="bbox 2143 3143 3725 3218">
     <span class='ocr_line' id='line_1_71' title="bbox 2143 3143 3725 3218; baseline -0.003 -16"><span class='ocrx_word' id='word_1_521' title='bbox 2143 3148 2317 3217; x_wconf 87' lang='grc' dir='ltr'>λέγων</span> <span class='ocrx_word' id='word_1_522' title='bbox 2345 3146 2603 3218; x_wconf 85' lang='grc' dir='ltr'>διατρίϐω</span> <span class='ocrx_word' id='word_1_523' title='bbox 2626 3185 2642 3208; x_wconf 96' lang='grc'><strong>,</strong></span> <span class='ocrx_word' id='word_1_524' title='bbox 2673 3146 2769 3199; x_wconf 72' lang='grc' dir='ltr'>καὶ</span> <span class='ocrx_word' id='word_1_525' title='bbox 2808 3147 2930 3200; x_wconf 88' lang='grc' dir='ltr'>κατ’</span> <span class='ocrx_word' id='word_1_526' title='bbox 2960 3146 3124 3200; x_wconf 68' lang='grc' dir='ltr'>αὐτὸν</span> <span class='ocrx_word' id='word_1_527' title='bbox 3154 3145 3245 3199; x_wconf 78' lang='grc' dir='ltr'>τὸν</span> <span class='ocrx_word' id='word_1_528' title='bbox 3272 3144 3461 3217; x_wconf 80' lang='grc' dir='ltr'>καιρὸν</span> <span class='ocrx_word' id='word_1_529' title='bbox 3487 3143 3585 3199; x_wconf 81' lang='grc' dir='ltr'><strong>τοῦ</strong></span> <span class='ocrx_word' id='word_1_530' title='bbox 3616 3161 3725 3197; x_wconf 85' lang='grc' dir='ltr'>σω-</span> 
     </span>
    </p>
   </div>
   <div class='ocr_carea' id='block_1_72' title="bbox 2143 3233 3725 3309">
    <p class='ocr_par' dir='ltr' id='par_1_72' title="bbox 2143 3233 3725 3309">
     <span class='ocr_line' id='line_1_72' title="bbox 2143 3233 3725 3309; baseline -0.001 -20"><span class='ocrx_word' id='word_1_531' title='bbox 2143 3236 2335 3309; x_wconf 87' lang='grc' dir='ltr'>τηρίου</span> <span class='ocrx_word' id='word_1_532' title='bbox 2364 3235 2567 3300; x_wconf 86' lang='grc' dir='ltr'>πάθους</span> <span class='ocrx_word' id='word_1_533' title='bbox 2589 3236 2714 3299; x_wconf 79' lang='grc' dir='ltr'>τοὺς</span> <span class='ocrx_word' id='word_1_534' title='bbox 2737 3234 2934 3299; x_wconf 81' lang='grc' dir='ltr'>αὐτοὺς</span> <span class='ocrx_word' id='word_1_535' title='bbox 2965 3235 3162 3307; x_wconf 78' lang='grc' dir='ltr'>ἄνδρας</span> <span class='ocrx_word' id='word_1_536' title='bbox 3183 3233 3534 3307; x_wconf 84' lang='grc' dir='ltr'>παραλαϐὼν,</span> <span class='ocrx_word' id='word_1_537' title='bbox 3566 3234 3725 3308; x_wconf 70' lang='grc' dir='ltr'>ἐθάρ-</span> 
     </span>
    </p>
   </div>
   <div class='ocr_carea' id='block_1_73' title="bbox 2149 3326 3720 3403">
    <p class='ocr_par' dir='ltr' id='par_1_73' title="bbox 2149 3326 3720 3403">
     <span class='ocr_line' id='line_1_73' title="bbox 2149 3326 3720 3403; baseline -0.002 -21"><span class='ocrx_word' id='word_1_538' title='bbox 2149 3332 2313 3403; x_wconf 76' lang='grc' dir='ltr'>ρησεν</span> <span class='ocrx_word' id='word_1_539' title='bbox 2346 3329 2521 3382; x_wconf 74' lang='grc' dir='ltr'>εἰπεῖν</span> <span class='ocrx_word' id='word_1_540' title='bbox 2541 3367 2557 3393; x_wconf 90' lang='grc'><strong>,</strong></span> <span class='ocrx_word' id='word_1_541' title='bbox 2599 3326 2676 3390; x_wconf 84' lang='grc' dir='ltr'><strong>ὡς</strong></span> <span class='ocrx_word' id='word_1_542' title='bbox 2706 3329 2916 3391; x_wconf 83' lang='grc' dir='ltr'>πιστοῖς</span> <span class='ocrx_word' id='word_1_543' title='bbox 2945 3326 3175 3398; x_wconf 84' lang='grc' dir='ltr'>ἀνδράσι</span> <span class='ocrx_word' id='word_1_544' title='bbox 3206 3327 3299 3380; x_wconf 78' lang='grc' dir='ltr'><strong>καὶ</strong></span> <span class='ocrx_word' id='word_1_545' title='bbox 3330 3326 3720 3397; x_wconf 76' lang='grc' dir='ltr'>βεϐαιοτάτοιςο</span> 
     </span>
    </p>
   </div>
   <div class='ocr_carea' id='block_1_74' title="bbox 2145 3418 3723 3491">
    <p class='ocr_par' dir='ltr' id='par_1_74' title="bbox 2145 3418 3723 3491">
     <span class='ocr_line' id='line_1_74' title="bbox 2145 3418 3723 3491; baseline -0.002 -14"><span class='ocrx_word' id='word_1_546' title='bbox 2145 3422 2277 3477; x_wconf 82' lang='grc' dir='ltr'><strong>Νῦν</strong></span> <span class='ocrx_word' id='word_1_547' title='bbox 2303 3422 2344 3491; x_wconf 73' lang='grc' dir='ltr'>ἡ</span> <span class='ocrx_word' id='word_1_548' title='bbox 2382 3419 2552 3491; x_wconf 69' lang='grc' dir='ltr'><strong>ψυχή</strong></span> <span class='ocrx_word' id='word_1_549' title='bbox 2592 3437 2714 3490; x_wconf 85' lang='grc' dir='ltr'><strong>μου</strong></span> <span class='ocrx_word' id='word_1_550' title='bbox 2758 3418 3124 3488; x_wconf 77' lang='grc' dir='ltr'>τετάρακται.</span> <span class='ocrx_word' id='word_1_551' title='bbox 3162 3418 3346 3472; x_wconf 80' lang='grc' dir='ltr'>Ταῦτα</span> <span class='ocrx_word' id='word_1_552' title='bbox 3380 3418 3439 3472; x_wconf 84' lang='grc' dir='ltr'><strong>δὲ</strong></span> <span class='ocrx_word' id='word_1_553' title='bbox 3477 3420 3615 3489; x_wconf 80' lang='grc' dir='ltr'>ἡμῖν</span> <span class='ocrx_word' id='word_1_554' title='bbox 3646 3420 3723 3474; x_wconf 79' lang='grc' dir='ltr'>εῖ-</span> 
     </span>
    </p>
   </div>
   <div class='ocr_carea' id='block_1_75' title="bbox 2150 3508 3721 3585">
    <p class='ocr_par' dir='ltr' id='par_1_75' title="bbox 2150 3508 3721 3585">
     <span class='ocr_line' id='line_1_75' title="bbox 2150 3508 3721 3585; baseline -0.004 -18"><span class='ocrx_word' id='word_1_555' title='bbox 2150 3530 2333 3585; x_wconf 90' lang='grc' dir='ltr'>ρηται,</span> <span class='ocrx_word' id='word_1_556' title='bbox 2366 3511 2467 3565; x_wconf 82' lang='grc' dir='ltr'>οὑκ</span> <span class='ocrx_word' id='word_1_557' title='bbox 2509 3512 2590 3575; x_wconf 91' lang='grc' dir='ltr'><strong>εἰς</strong></span> <span class='ocrx_word' id='word_1_558' title='bbox 2640 3509 2961 3580; x_wconf 87' lang='grc' dir='ltr'>καθαίρεσιν</span> <span class='ocrx_word' id='word_1_559' title='bbox 3006 3509 3115 3563; x_wconf 85' lang='grc' dir='ltr'><strong>τῶν</strong></span> <span class='ocrx_word' id='word_1_560' title='bbox 3155 3508 3357 3562; x_wconf 83' lang='grc' dir='ltr'>λοιπῶν</span> <span class='ocrx_word' id='word_1_561' title='bbox 3386 3508 3721 3578; x_wconf 74' lang='grc' dir='ltr'>ἀποστόλων,</span> 
     </span>
    </p>
   </div>
   <div class='ocr_carea' id='block_1_76' title="bbox 2147 3599 3716 3675">
    <p class='ocr_par' dir='ltr' id='par_1_76' title="bbox 2147 3599 3716 3675">
     <span class='ocr_line' id='line_1_76' title="bbox 2147 3599 3716 3675; baseline -0.005 -17"><span class='ocrx_word' id='word_1_562' title='bbox 2147 3603 2261 3658; x_wconf 86' lang='grc' dir='ltr'>ἀλλ’</span> <span class='ocrx_word' id='word_1_563' title='bbox 2287 3604 2367 3667; x_wconf 82' lang='grc' dir='ltr'><strong>είς</strong></span> <span class='ocrx_word' id='word_1_564' title='bbox 2395 3601 2691 3675; x_wconf 85' lang='grc' dir='ltr'>μαρτύριον</span> <span class='ocrx_word' id='word_1_565' title='bbox 2717 3602 2816 3672; x_wconf 83' lang='grc' dir='ltr'>τῆς</span> <span class='ocrx_word' id='word_1_566' title='bbox 2839 3600 2949 3654; x_wconf 85' lang='grc' dir='ltr'><strong>τῶν</strong></span> <span class='ocrx_word' id='word_1_567' title='bbox 2981 3599 3462 3671; x_wconf 84' lang='grc' dir='ltr'>μνημονευομένων</span> <span class='ocrx_word' id='word_1_568' title='bbox 3496 3599 3716 3669; x_wconf 58' lang='grc' dir='ltr'>ἀρετῆς</span> 
     </span>
    </p>
   </div>
   <div class='ocr_carea' id='block_1_77' title="bbox 2146 3691 3724 3766">
    <p class='ocr_par' dir='ltr' id='par_1_77' title="bbox 2146 3691 3724 3766">
     <span class='ocr_line' id='line_1_77' title="bbox 2146 3691 3724 3766; baseline -0.003 -17"><span class='ocrx_word' id='word_1_569' title='bbox 2146 3695 2195 3748; x_wconf 84' lang='grc' dir='ltr'><strong>εί</strong></span> <span class='ocrx_word' id='word_1_570' title='bbox 2228 3695 2287 3749; x_wconf 85' lang='grc' dir='ltr'><strong>δὲ</strong></span> <span class='ocrx_word' id='word_1_571' title='bbox 2319 3695 2400 3749; x_wconf 85' lang='grc' dir='ltr'>δεῖ</span> <span class='ocrx_word' id='word_1_572' title='bbox 2425 3694 2733 3766; x_wconf 80' lang='grc' dir='ltr'>φιλαλήθως</span> <span class='ocrx_word' id='word_1_573' title='bbox 2762 3695 2956 3757; x_wconf 80' lang='grc' dir='ltr'>εἰπεῖν,</span> <span class='ocrx_word' id='word_1_574' title='bbox 2990 3693 3086 3747; x_wconf 73' lang='grc' dir='ltr'>καὶ</span> <span class='ocrx_word' id='word_1_575' title='bbox 3118 3692 3199 3756; x_wconf 88' lang='grc' dir='ltr'><strong>είς</strong></span> <span class='ocrx_word' id='word_1_576' title='bbox 3246 3691 3424 3746; x_wconf 80' lang='grc' dir='ltr'>κοινὸν</span> <span class='ocrx_word' id='word_1_577' title='bbox 3448 3691 3557 3746; x_wconf 81' lang='grc' dir='ltr'>τῶν</span> <span class='ocrx_word' id='word_1_578' title='bbox 3588 3694 3724 3747; x_wconf 61' lang='lat' dir='ltr'><strong>suo.</strong></span> 
     </span>
    </p>
   </div>
   <div class='ocr_carea' id='block_1_78' title="bbox 2147 3784 3723 3857">
    <p class='ocr_par' dir='ltr' id='par_1_78' title="bbox 2147 3784 3723 3857">
     <span class='ocr_line' id='line_1_78' title="bbox 2147 3784 3723 3857; baseline -0.001 -16"><span class='ocrx_word' id='word_1_579' title='bbox 2147 3788 2350 3843; x_wconf 90' lang='grc' dir='ltr'>στόλων</span> <span class='ocrx_word' id='word_1_580' title='bbox 2381 3788 2654 3857; x_wconf 83' lang='grc' dir='ltr'>ἐγκώμιον</span> <span class='ocrx_word' id='word_1_581' title='bbox 2675 3804 2690 3818; x_wconf 90' lang='grc'><strong>·</strong></span> <span class='ocrx_word' id='word_1_582' title='bbox 2720 3788 2782 3840; x_wconf 82' lang='grc' dir='ltr'>τὸ</span> <span class='ocrx_word' id='word_1_583' title='bbox 2805 3786 2914 3857; x_wconf 77' lang='grc' dir='ltr'><strong>γάρ</strong></span> <span class='ocrx_word' id='word_1_584' title='bbox 2940 3787 3041 3841; x_wconf 81' lang='grc' dir='ltr'>ὐπε</span> <span class='ocrx_word' id='word_1_585' title='bbox 3052 3786 3214 3857; x_wconf 84' lang='grc' dir='ltr'>ροχάς</span> <span class='ocrx_word' id='word_1_586' title='bbox 3240 3785 3336 3839; x_wconf 74' lang='grc' dir='ltr'>καὶ</span> <span class='ocrx_word' id='word_1_587' title='bbox 3354 3784 3636 3849; x_wconf 87' lang='grc' dir='ltr'>ἐπιϐάσεις</span> <span class='ocrx_word' id='word_1_588' title='bbox 3664 3788 3723 3839; x_wconf 72' lang='grc' dir='ltr'><strong>ἐν</strong></span> 
     </span>
    </p>
   </div>
   <div class='ocr_carea' id='block_1_79' title="bbox 2144 3872 3724 3951">
    <p class='ocr_par' dir='ltr' id='par_1_79' title="bbox 2144 3872 3724 3951">
     <span class='ocr_line' id='line_1_79' title="bbox 2144 3872 3724 3951; baseline -0.004 -14"><span class='ocrx_word' id='word_1_589' title='bbox 2144 3884 2257 3946; x_wconf 88' lang='grc' dir='ltr'>τοῖς</span> <span class='ocrx_word' id='word_1_590' title='bbox 2283 3882 2461 3950; x_wconf 83' lang='grc' dir='ltr'>ἁγίοις</span> <span class='ocrx_word' id='word_1_591' title='bbox 2488 3878 2763 3951; x_wconf 76' lang='grc' dir='ltr'>ὁρίζεσθαι</span> <span class='ocrx_word' id='word_1_592' title='bbox 2787 3919 2802 3943; x_wconf 94' lang='grc'><strong>,</strong></span> <span class='ocrx_word' id='word_1_593' title='bbox 2830 3879 2930 3933; x_wconf 76' lang='grc' dir='ltr'>οὐκ</span> <span class='ocrx_word' id='word_1_594' title='bbox 2961 3879 3308 3949; x_wconf 87' lang='grc' dir='ltr'>ἀνθρωπίνης</span> <span class='ocrx_word' id='word_1_595' title='bbox 3346 3875 3413 3931; x_wconf 80' lang='grc' dir='ltr'><strong>ἃν</strong></span> <span class='ocrx_word' id='word_1_596' title='bbox 3499 3875 3724 3948; x_wconf 83' lang='grc' dir='ltr'>δοκιμα-</span> 
     </span>
    </p>
   </div>
   <div class='ocr_carea' id='block_1_80' title="bbox 2146 3968 3723 4043">
    <p class='ocr_par' dir='ltr' id='par_1_80' title="bbox 2146 3968 3723 4043">
     <span class='ocr_line' id='line_1_80' title="bbox 2146 3968 3723 4043; baseline -0.004 -15"><span class='ocrx_word' id='word_1_597' title='bbox 2146 3974 2270 4039; x_wconf 89' lang='grc' dir='ltr'>σίας</span> <span class='ocrx_word' id='word_1_598' title='bbox 2288 4013 2304 4036; x_wconf 93' lang='grc'><strong>,</strong></span> <span class='ocrx_word' id='word_1_599' title='bbox 2333 3973 2449 4027; x_wconf 80' lang='grc' dir='ltr'>ἀλλ’</span> <span class='ocrx_word' id='word_1_600' title='bbox 2473 3970 2803 4043; x_wconf 72' lang='grc' dir='ltr'>ἐπικρίσεως</span> <span class='ocrx_word' id='word_1_601' title='bbox 2830 3971 2925 4024; x_wconf 72' lang='grc' dir='ltr'>καὶ</span> <span class='ocrx_word' id='word_1_602' title='bbox 2975 3969 3236 4040; x_wconf 89' lang='grc' dir='ltr'>ἀληθείας</span> <span class='ocrx_word' id='word_1_603' title='bbox 3265 3968 3418 4024; x_wconf 78' lang='grc' dir='ltr'>Θεοῦ.</span> <span class='ocrx_word' id='word_1_604' title='bbox 3465 3969 3643 4040; x_wconf 75' lang='grc' dir='ltr'>Ἥμᾶς</span> <span class='ocrx_word' id='word_1_605' title='bbox 3667 3969 3723 4022; x_wconf 72' lang='grc' dir='ltr'><strong>δὲ</strong></span> 
     </span>
    </p>
   </div>
   <div class='ocr_carea' id='block_1_81' title="bbox 467 4060 2041 4138">
    <p class='ocr_par' dir='ltr' id='par_1_81' title="bbox 467 4065 2041 4138">
     <span class='ocr_line' id='line_1_81' title="bbox 467 4065 2041 4138; baseline 0.004 -19"><span class='ocrx_word' id='word_1_606' title='bbox 467 4066 720 4119; x_wconf 83' lang='lat' dir='ltr'><strong>humanae</strong></span> <span class='ocrx_word' id='word_1_607' title='bbox 744 4065 1077 4134; x_wconf 86' lang='lat' dir='ltr'><strong>cognitionis</strong></span> <span class='ocrx_word' id='word_1_608' title='bbox 1106 4081 1214 4121; x_wconf 92' lang='lat' dir='ltr'><strong>non</strong></span> <span class='ocrx_word' id='word_1_609' title='bbox 1238 4076 1342 4131; x_wconf 86' lang='lat' dir='ltr'><strong>est,</strong></span> <span class='ocrx_word' id='word_1_610' title='bbox 1370 4067 1464 4124; x_wconf 90' lang='lat' dir='ltr'><strong>sed</strong></span> <span class='ocrx_word' id='word_1_611' title='bbox 1488 4068 1683 4138; x_wconf 85' lang='lat' dir='ltr'><strong>judicii</strong></span> <span class='ocrx_word' id='word_1_612' title='bbox 1711 4068 2041 4125; x_wconf 56' lang='lat' dir='ltr'><strong>divininNos</strong></span> 
     </span>
    </p>
   </div>
   <div class='ocr_carea' id='block_1_82' title="bbox 2150 4060 3723 4138">
    <p class='ocr_par' dir='ltr' id='par_1_82' title="bbox 2150 4060 3723 4138">
     <span class='ocr_line' id='line_1_82' title="bbox 2150 4060 3723 4138; baseline -0.005 -18"><span class='ocrx_word' id='word_1_613' title='bbox 2150 4066 2391 4138; x_wconf 87' lang='grc' dir='ltr'>μνήμαις</span> <span class='ocrx_word' id='word_1_614' title='bbox 2420 4063 2680 4118; x_wconf 85' lang='grc' dir='ltr'>τοιούτων</span> <span class='ocrx_word' id='word_1_615' title='bbox 2716 4063 2813 4116; x_wconf 72' lang='grc' dir='ltr'>καὶ</span> <span class='ocrx_word' id='word_1_616' title='bbox 2842 4060 3176 4132; x_wconf 79' lang='grc' dir='ltr'>τηλικούτων</span> <span class='ocrx_word' id='word_1_617' title='bbox 3209 4060 3419 4131; x_wconf 84' lang='grc' dir='ltr'>ἀνδρῶν</span> <span class='ocrx_word' id='word_1_618' title='bbox 3444 4062 3723 4113; x_wconf 84' lang='grc' dir='ltr'>κοινωνεῖν</span> 
     </span>
    </p>
   </div>
   <div class='ocr_carea' id='block_1_83' title="bbox 466 4153 2041 4230">
    <p class='ocr_par' dir='ltr' id='par_1_83' title="bbox 466 4156 2041 4230">
     <span class='ocr_line' id='line_1_83' title="bbox 466 4156 2041 4230; baseline 0.004 -21"><span class='ocrx_word' id='word_1_619' title='bbox 466 4167 647 4212; x_wconf 80' lang='lat' dir='ltr'><strong>autem</strong></span> <span class='ocrx_word' id='word_1_620' title='bbox 681 4156 773 4226; x_wconf 93' lang='lat' dir='ltr'><strong>qui</strong></span> <span class='ocrx_word' id='word_1_621' title='bbox 813 4156 963 4226; x_wconf 92' lang='lat' dir='ltr'><strong>digni</strong></span> <span class='ocrx_word' id='word_1_622' title='bbox 1000 4156 1129 4213; x_wconf 86' lang='lat' dir='ltr'><strong>facti</strong></span> <span class='ocrx_word' id='word_1_623' title='bbox 1178 4174 1393 4222; x_wconf 90' lang='lat' dir='ltr'><strong>sumus.</strong></span> <span class='ocrx_word' id='word_1_624' title='bbox 1424 4168 1487 4215; x_wconf 90' lang='lat' dir='ltr'><strong>ut</strong></span> <span class='ocrx_word' id='word_1_625' title='bbox 1530 4167 1612 4215; x_wconf 85' lang='lat' dir='ltr'><strong>tot</strong></span> <span class='ocrx_word' id='word_1_626' title='bbox 1650 4167 2041 4230; x_wconf 86' lang='lat' dir='ltr'><strong>tantorumque</strong></span> 
     </span>
    </p>
   </div>
   <div class='ocr_carea' id='block_1_84' title="bbox 2150 4153 3726 4230">
    <p class='ocr_par' dir='ltr' id='par_1_84' title="bbox 2152 4153 3726 4228">
     <span class='ocr_line' id='line_1_84' title="bbox 2152 4153 3726 4228; baseline -0.006 -13"><span class='ocrx_word' id='word_1_627' title='bbox 2152 4159 2484 4226; x_wconf 79' lang='grc' dir='ltr'>ἀξιωθέντας</span> <span class='ocrx_word' id='word_1_628' title='bbox 2503 4200 2519 4226; x_wconf 93' lang='grc'><strong>,</strong></span> <span class='ocrx_word' id='word_1_629' title='bbox 2560 4158 2899 4228; x_wconf 83' lang='grc' dir='ltr'>εὐχαριστεῖν</span> <span class='ocrx_word' id='word_1_630' title='bbox 2931 4156 3226 4224; x_wconf 84' lang='grc' dir='ltr'>ἀναγκαῖον</span> <span class='ocrx_word' id='word_1_631' title='bbox 3250 4194 3266 4219; x_wconf 93' lang='grc'><strong>,</strong></span> <span class='ocrx_word' id='word_1_632' title='bbox 3292 4153 3391 4224; x_wconf 82' lang='grc' dir='ltr'><strong>οὐχ</strong></span> <span class='ocrx_word' id='word_1_633' title='bbox 3426 4153 3552 4207; x_wconf 78' lang='grc' dir='ltr'>ὅσον</span> <span class='ocrx_word' id='word_1_634' title='bbox 3578 4154 3726 4221; x_wconf 72' lang='grc' dir='ltr'>ὀφεί-</span> 
     </span>
    </p>
   </div>
   <div class='ocr_carea' id='block_1_85' title="bbox 467 4243 2041 4323">
    <p class='ocr_par' dir='ltr' id='par_1_85' title="bbox 467 4248 2041 4323">
     <span class='ocr_line' id='line_1_85' title="bbox 467 4248 2041 4323; baseline 0.003 -20"><span class='ocrx_word' id='word_1_635' title='bbox 467 4248 708 4303; x_wconf 85' lang='lat' dir='ltr'><strong>virorum</strong></span> <span class='ocrx_word' id='word_1_636' title='bbox 761 4250 1037 4304; x_wconf 74' lang='lat' dir='ltr'><strong>memoria:</strong></span> <span class='ocrx_word' id='word_1_637' title='bbox 1089 4252 1593 4316; x_wconf 86' lang='lat' dir='ltr'><strong>communicemus,</strong></span> <span class='ocrx_word' id='word_1_638' title='bbox 1653 4252 1863 4323; x_wconf 90' lang='lat' dir='ltr'><strong>gratias</strong></span> <span class='ocrx_word' id='word_1_639' title='bbox 1910 4250 2041 4322; x_wconf 83' lang='lat' dir='ltr'><strong>ipsis</strong></span> 
     </span>
    </p>
   </div>
   <div class='ocr_carea' id='block_1_86' title="bbox 2150 4243 3724 4323">
    <p class='ocr_par' dir='ltr' id='par_1_86' title="bbox 2151 4243 3724 4322">
     <span class='ocr_line' id='line_1_86' title="bbox 2151 4243 3724 4322; baseline -0.006 -17"><span class='ocrx_word' id='word_1_640' title='bbox 2151 4250 2349 4322; x_wconf 90' lang='grc' dir='ltr'>λομεν,</span> <span class='ocrx_word' id='word_1_641' title='bbox 2397 4249 2555 4303; x_wconf 85' lang='grc' dir='ltr'>τοῦτο</span> <span class='ocrx_word' id='word_1_642' title='bbox 2604 4247 2712 4319; x_wconf 85' lang='grc' dir='ltr'><strong>γὰρ</strong></span> <span class='ocrx_word' id='word_1_643' title='bbox 2761 4246 3054 4309; x_wconf 81' lang='grc' dir='ltr'>ἀδύνατον,</span> <span class='ocrx_word' id='word_1_644' title='bbox 3105 4244 3222 4299; x_wconf 80' lang='grc' dir='ltr'>ἀλλ’</span> <span class='ocrx_word' id='word_1_645' title='bbox 3269 4246 3392 4298; x_wconf 83' lang='grc' dir='ltr'>ὅσον</span> <span class='ocrx_word' id='word_1_646' title='bbox 3446 4243 3724 4314; x_wconf 75' lang='grc' dir='ltr'>ίοχύομεν,</span> 
     </span>
    </p>
   </div>
   <div class='ocr_carea' id='block_1_87' title="bbox 467 4334 2041 4413">
    <p class='ocr_par' dir='ltr' id='par_1_87' title="bbox 467 4342 2041 4412">
     <span class='ocr_line' id='line_1_87' title="bbox 467 4342 2041 4412; baseline 0.004 -19"><span class='ocrx_word' id='word_1_647' title='bbox 467 4354 628 4409; x_wconf 77' lang='lat' dir='ltr'><strong>agere</strong></span> <span class='ocrx_word' id='word_1_648' title='bbox 663 4355 890 4396; x_wconf 90' lang='lat' dir='ltr'><strong>necesse</strong></span> <span class='ocrx_word' id='word_1_649' title='bbox 918 4350 1025 4405; x_wconf 89' lang='lat' dir='ltr'><strong>est,</strong></span> <span class='ocrx_word' id='word_1_650' title='bbox 1057 4357 1166 4397; x_wconf 85' lang='lat' dir='ltr'><strong>non</strong></span> <span class='ocrx_word' id='word_1_651' title='bbox 1192 4350 1428 4412; x_wconf 83' lang='lat' dir='ltr'><strong>quantas</strong></span> <span class='ocrx_word' id='word_1_652' title='bbox 1455 4342 1741 4407; x_wconf 88' lang='lat' dir='ltr'><strong>debemus,</strong></span> <span class='ocrx_word' id='word_1_653' title='bbox 1769 4343 1874 4399; x_wconf 90' lang='lat' dir='ltr'><strong>hoc</strong></span> <span class='ocrx_word' id='word_1_654' title='bbox 1900 4343 2041 4399; x_wconf 89' lang='lat' dir='ltr'><strong>enim</strong></span> 
     </span>
    </p>
   </div>
   <div class='ocr_carea' id='block_1_88' title="bbox 2150 4334 3724 4413">
    <p class='ocr_par' dir='ltr' id='par_1_88' title="bbox 2150 4334 3724 4413">
     <span class='ocr_line' id='line_1_88' title="bbox 2150 4334 3724 4413; baseline -0.005 -17"><span class='ocrx_word' id='word_1_655' title='bbox 2150 4341 2309 4396; x_wconf 78' lang='grc' dir='ltr'>τοῦτο</span> <span class='ocrx_word' id='word_1_656' title='bbox 2354 4341 2465 4413; x_wconf 82' lang='grc' dir='ltr'>γὰρ</span> <span class='ocrx_word' id='word_1_657' title='bbox 2511 4339 2891 4395; x_wconf 81' lang='grc' dir='ltr'>εὐαπόδεκτον.</span> <span class='ocrx_word' id='word_1_658' title='bbox 2940 4336 3256 4393; x_wconf 79' lang='grc' dir='ltr'>Ἀπαιτοῦσι</span> <span class='ocrx_word' id='word_1_659' title='bbox 3308 4336 3367 4391; x_wconf 84' lang='grc' dir='ltr'><strong>δέ</strong></span> <span class='ocrx_word' id='word_1_660' title='bbox 3418 4334 3625 4400; x_wconf 89' lang='grc' dir='ltr'>ταύτας</span> <span class='ocrx_word' id='word_1_661' title='bbox 3675 4338 3724 4388; x_wconf 85' lang='lat' dir='ltr'><strong>oi</strong></span> 
     </span>
    </p>
   </div>
   <div class='ocr_carea' id='block_1_89' title="bbox 467 4426 2041 4506">
    <p class='ocr_par' dir='ltr' id='par_1_89' title="bbox 467 4432 2041 4506">
     <span class='ocr_line' id='line_1_89' title="bbox 467 4432 2041 4506; baseline 0.003 -19"><span class='ocrx_word' id='word_1_662' title='bbox 467 4434 581 4488; x_wconf 84' lang='lat' dir='ltr'><strong>fieri</strong></span> <span class='ocrx_word' id='word_1_663' title='bbox 628 4432 839 4502; x_wconf 89' lang='lat' dir='ltr'><strong>nequit,</strong></span> <span class='ocrx_word' id='word_1_664' title='bbox 876 4434 969 4489; x_wconf 86' lang='lat' dir='ltr'><strong>sed</strong></span> <span class='ocrx_word' id='word_1_665' title='bbox 1013 4442 1250 4505; x_wconf 88' lang='lat' dir='ltr'><strong>quantas</strong></span> <span class='ocrx_word' id='word_1_666' title='bbox 1295 4450 1625 4506; x_wconf 89' lang='lat' dir='ltr'><strong>possumus;</strong></span> <span class='ocrx_word' id='word_1_667' title='bbox 1672 4450 1801 4490; x_wconf 90' lang='lat' dir='ltr'><strong>nam</strong></span> <span class='ocrx_word' id='word_1_668' title='bbox 1847 4445 1901 4492; x_wconf 85' lang='lat' dir='ltr'><strong>et</strong></span> <span class='ocrx_word' id='word_1_669' title='bbox 1940 4435 2041 4493; x_wconf 88' lang='lat' dir='ltr'><strong>hoc</strong></span> 
     </span>
    </p>
   </div>
   <div class='ocr_carea' id='block_1_90' title="bbox 2150 4426 3724 4506">
    <p class='ocr_par' dir='ltr' id='par_1_90' title="bbox 2152 4426 3724 4504">
     <span class='ocr_line' id='line_1_90' title="bbox 2152 4426 3724 4504; baseline -0.005 -17"><span class='ocrx_word' id='word_1_670' title='bbox 2152 4434 2296 4503; x_wconf 78' lang='grc' dir='ltr'>ἅγιοι</span> <span class='ocrx_word' id='word_1_671' title='bbox 2326 4432 2458 4504; x_wconf 83' lang='grc' dir='ltr'>παρ’</span> <span class='ocrx_word' id='word_1_672' title='bbox 2495 4430 2652 4502; x_wconf 77' lang='grc' dir='ltr'>ἡμῶν</span> <span class='ocrx_word' id='word_1_673' title='bbox 2678 4430 2780 4493; x_wconf 83' lang='grc' dir='ltr'>τὰς</span> <span class='ocrx_word' id='word_1_674' title='bbox 2812 4428 2981 4499; x_wconf 79' lang='grc' dir='ltr'>τιμάς</span> <span class='ocrx_word' id='word_1_675' title='bbox 3003 4470 3019 4494; x_wconf 87' lang='grc'><strong>,</strong></span> <span class='ocrx_word' id='word_1_676' title='bbox 3051 4429 3150 4498; x_wconf 74' lang='grc' dir='ltr'><strong>οὐχ</strong></span> <span class='ocrx_word' id='word_1_677' title='bbox 3180 4428 3267 4481; x_wconf 78' lang='grc' dir='ltr'>ἵνα</span> <span class='ocrx_word' id='word_1_678' title='bbox 3296 4444 3350 4480; x_wconf 91' lang='grc' dir='ltr'><strong>τι</strong></span> <span class='ocrx_word' id='word_1_679' title='bbox 3394 4426 3724 4497; x_wconf 84' lang='grc' dir='ltr'>κερδάνωσιν</span> 
     </span>
    </p>
   </div>
   <div class='ocr_carea' id='block_1_91' title="bbox 467 4517 2041 4597">
    <p class='ocr_par' dir='ltr' id='par_1_91' title="bbox 467 4524 2041 4596">
     <span class='ocr_line' id='line_1_91' title="bbox 467 4524 2041 4596; baseline 0.004 -19"><span class='ocrx_word' id='word_1_680' title='bbox 467 4534 753 4595; x_wconf 84' lang='lat' dir='ltr'><strong>acceptum</strong></span> <span class='ocrx_word' id='word_1_681' title='bbox 794 4535 898 4580; x_wconf 90' lang='lat' dir='ltr'><strong>est.</strong></span> <span class='ocrx_word' id='word_1_682' title='bbox 935 4524 1217 4596; x_wconf 89' lang='lat' dir='ltr'><strong>Siquidem</strong></span> <span class='ocrx_word' id='word_1_683' title='bbox 1252 4529 1429 4583; x_wconf 88' lang='lat' dir='ltr'><strong>sancti</strong></span> <span class='ocrx_word' id='word_1_684' title='bbox 1480 4528 1582 4584; x_wconf 89' lang='lat' dir='ltr'><strong>hos</strong></span> <span class='ocrx_word' id='word_1_685' title='bbox 1612 4543 1643 4582; x_wconf 90' lang='lat' dir='ltr'><strong>a</strong></span> <span class='ocrx_word' id='word_1_686' title='bbox 1678 4528 1837 4585; x_wconf 92' lang='lat' dir='ltr'><strong>nobis</strong></span> <span class='ocrx_word' id='word_1_687' title='bbox 1872 4528 2041 4584; x_wconf 86' lang='lat' dir='ltr'><strong>hono-</strong></span> 
     </span>
    </p>
   </div>
   <div class='ocr_carea' id='block_1_92' title="bbox 2150 4517 3727 4597">
    <p class='ocr_par' dir='ltr' id='par_1_92' title="bbox 2150 4517 3727 4597">
     <span class='ocr_line' id='line_1_92' title="bbox 2150 4517 3727 4597; baseline -0.008 -17"><span class='ocrx_word' id='word_1_688' title='bbox 2150 4526 2582 4597; x_wconf 85' lang='grc' dir='ltr'>εύφημούμενοι,</span> <span class='ocrx_word' id='word_1_689' title='bbox 2620 4520 2733 4575; x_wconf 81' lang='grc' dir='ltr'>ἀλλ’</span> <span class='ocrx_word' id='word_1_690' title='bbox 2781 4521 2868 4573; x_wconf 88' lang='grc' dir='ltr'><strong>ἴνα</strong></span> <span class='ocrx_word' id='word_1_691' title='bbox 2916 4520 3075 4590; x_wconf 75' lang='grc' dir='ltr'>ἡμεῖς</span> <span class='ocrx_word' id='word_1_692' title='bbox 3119 4517 3534 4589; x_wconf 83' lang='grc' dir='ltr'>κοινωνήσωμεν</span> <span class='ocrx_word' id='word_1_693' title='bbox 3582 4517 3727 4587; x_wconf 81' lang='grc' dir='ltr'>εὐερ-</span> 
     </span>
    </p>
   </div>
   <div class='ocr_carea' id='block_1_93' title="bbox 467 4601 2041 4690">
    <p class='ocr_par' dir='ltr' id='par_1_93' title="bbox 467 4619 2041 4690">
     <span class='ocr_line' id='line_1_93' title="bbox 467 4619 2041 4690; baseline 0.004 -19"><span class='ocrx_word' id='word_1_694' title='bbox 467 4632 554 4671; x_wconf 89' lang='lat' dir='ltr'><strong>res</strong></span> <span class='ocrx_word' id='word_1_695' title='bbox 602 4627 934 4685; x_wconf 86' lang='lat' dir='ltr'><strong>exposcunt,</strong></span> <span class='ocrx_word' id='word_1_696' title='bbox 985 4632 1094 4673; x_wconf 91' lang='lat' dir='ltr'><strong>non</strong></span> <span class='ocrx_word' id='word_1_697' title='bbox 1146 4627 1205 4673; x_wconf 86' lang='lat' dir='ltr'><strong>ut</strong></span> <span class='ocrx_word' id='word_1_698' title='bbox 1254 4619 1387 4690; x_wconf 92' lang='lat' dir='ltr'><strong>quid</strong></span> <span class='ocrx_word' id='word_1_699' title='bbox 1441 4620 1717 4676; x_wconf 87' lang='lat' dir='ltr'><strong>commodi</strong></span> <span class='ocrx_word' id='word_1_700' title='bbox 1766 4621 1973 4678; x_wconf 87' lang='lat' dir='ltr'><strong>nostris</strong></span> <span class='ocrx_word' id='word_1_701' title='bbox 2010 4637 2041 4677; x_wconf 86' lang='lat' dir='ltr'><strong>e</strong></span> 
     </span>
    </p>
   </div>
   <div class='ocr_carea' id='block_1_94' title="bbox 2150 4601 3726 4690">
    <p class='ocr_par' dir='ltr' id='par_1_94' title="bbox 2150 4606 3726 4688">
     <span class='ocr_line' id='line_1_94' title="bbox 2150 4606 3726 4688; baseline -0.008 -17"><span class='ocrx_word' id='word_1_702' title='bbox 2150 4616 2480 4688; x_wconf 84' lang='grc' dir='ltr'>γετούμενοι.</span> <span class='ocrx_word' id='word_1_703' title='bbox 2526 4615 2733 4668; x_wconf 86' lang='grc' dir='ltr'>Ἐκεῖνο</span> <span class='ocrx_word' id='word_1_704' title='bbox 2784 4613 2843 4665; x_wconf 85' lang='grc' dir='ltr'><strong>δὲ</strong></span> <span class='ocrx_word' id='word_1_705' title='bbox 2884 4611 3046 4665; x_wconf 83' lang='grc' dir='ltr'>πάλιν</span> <span class='ocrx_word' id='word_1_706' title='bbox 3097 4610 3288 4663; x_wconf 78' lang='grc' dir='ltr'>οὐδένα</span> <span class='ocrx_word' id='word_1_707' title='bbox 3335 4606 3445 4661; x_wconf 85' lang='grc' dir='ltr'><strong>τῶν</strong></span> <span class='ocrx_word' id='word_1_708' title='bbox 3485 4607 3726 4660; x_wconf 81' lang='grc' dir='ltr'>εὐσεϐῶν</span> 
     </span>
    </p>
   </div>
   <div class='ocr_carea' id='block_1_95' title="bbox 468 4698 2041 4779">
    <p class='ocr_par' dir='ltr' id='par_1_95' title="bbox 468 4706 2041 4772">
     <span class='ocr_line' id='line_1_95' title="bbox 468 4706 2041 4772; baseline 0.005 -13"><span class='ocrx_word' id='word_1_709' title='bbox 468 4706 722 4762; x_wconf 86' lang='lat' dir='ltr'><strong>laudibus</strong></span> <span class='ocrx_word' id='word_1_710' title='bbox 760 4707 864 4762; x_wconf 91' lang='lat' dir='ltr'><strong>sibi</strong></span> <span class='ocrx_word' id='word_1_711' title='bbox 905 4707 1154 4772; x_wconf 89' lang='lat' dir='ltr'><strong>accedat,</strong></span> <span class='ocrx_word' id='word_1_712' title='bbox 1188 4708 1281 4764; x_wconf 89' lang='lat' dir='ltr'><strong>sed</strong></span> <span class='ocrx_word' id='word_1_713' title='bbox 1318 4718 1379 4763; x_wconf 87' lang='lat' dir='ltr'><strong>ut</strong></span> <span class='ocrx_word' id='word_1_714' title='bbox 1420 4724 1520 4767; x_wconf 88' lang='lat' dir='ltr'><strong>nos</strong></span> <span class='ocrx_word' id='word_1_715' title='bbox 1557 4724 1623 4765; x_wconf 88' lang='lat' dir='ltr'><strong>ex</strong></span> <span class='ocrx_word' id='word_1_716' title='bbox 1656 4709 1762 4766; x_wconf 89' lang='lat' dir='ltr'><strong>hac</strong></span> <span class='ocrx_word' id='word_1_717' title='bbox 1793 4725 2041 4767; x_wconf 76' lang='lat' dir='ltr'><strong>commu-</strong></span> 
     </span>
    </p>
   </div>
   <div class='ocr_carea' id='block_1_96' title="bbox 2150 4698 3727 4779">
    <p class='ocr_par' dir='ltr' id='par_1_96' title="bbox 2150 4698 3727 4779">
     <span class='ocr_line' id='line_1_96' title="bbox 2150 4698 3727 4779; baseline -0.008 -15"><span class='ocrx_word' id='word_1_718' title='bbox 2150 4710 2360 4779; x_wconf 83' lang='grc' dir='ltr'>ἀγνοεῖν</span> <span class='ocrx_word' id='word_1_719' title='bbox 2401 4708 2603 4777; x_wconf 89' lang='grc' dir='ltr'>οίομαι,</span> <span class='ocrx_word' id='word_1_720' title='bbox 2634 4706 2711 4770; x_wconf 86' lang='grc' dir='ltr'>ῶς</span> <span class='ocrx_word' id='word_1_721' title='bbox 2737 4704 2798 4759; x_wconf 82' lang='grc' dir='ltr'>οὐ</span> <span class='ocrx_word' id='word_1_722' title='bbox 2834 4703 2995 4776; x_wconf 84' lang='grc' dir='ltr'>μόνον</span> <span class='ocrx_word' id='word_1_723' title='bbox 3027 4702 3235 4774; x_wconf 85' lang='grc' dir='ltr'>Πέτρου</span> <span class='ocrx_word' id='word_1_724' title='bbox 3257 4740 3274 4767; x_wconf 95' lang='grc'><strong>,</strong></span> <span class='ocrx_word' id='word_1_725' title='bbox 3306 4700 3401 4754; x_wconf 79' lang='grc' dir='ltr'>καὶ</span> <span class='ocrx_word' id='word_1_726' title='bbox 3442 4698 3727 4762; x_wconf 79' lang='grc' dir='ltr'>Ἰακώϐου,</span> 
     </span>
    </p>
   </div>
   <div class='ocr_carea' id='block_1_97' title="bbox 537 4882 2865 4959">
    <p class='ocr_par' dir='ltr' id='par_1_97' title="bbox 537 4882 2865 4959">
     <span class='ocr_line' id='line_1_97' title="bbox 537 4882 2865 4959; baseline 0.001 -24"><span class='ocrx_word' id='word_1_727' title='bbox 537 4884 579 4915; x_wconf 77' lang='grc'>³⁷</span> <span class='ocrx_word' id='word_1_728' title='bbox 610 4882 811 4953; x_wconf 86' lang='lat' dir='ltr'><strong>Ephes.</strong></span> <span class='ocrx_word' id='word_1_729' title='bbox 844 4899 899 4951; x_wconf 79' lang='grc' dir='ltr'><strong>ν,</strong></span> <span class='ocrx_word' id='word_1_730' title='bbox 922 4882 1014 4939; x_wconf 75' lang='lat'><strong>25.</strong></span> <span class='ocrx_word' id='word_1_731' title='bbox 1089 4884 1134 4918; x_wconf 78' lang='lat'><strong>“</strong></span> <span class='ocrx_word' id='word_1_732' title='bbox 1171 4884 1362 4941; x_wconf 80' lang='lat' dir='ltr'><strong>Matth.</strong></span> <span class='ocrx_word' id='word_1_733' title='bbox 1405 4902 1539 4952; x_wconf 87' lang='lat' dir='ltr'><strong>xvu,</strong></span> <span class='ocrx_word' id='word_1_734' title='bbox 1580 4887 1603 4940; x_wconf 84' lang='lat' dir='ltr'><strong>l</strong></span> <span class='ocrx_word' id='word_1_735' title='bbox 1648 4903 1768 4959; x_wconf 87' lang='lat' dir='ltr'><strong>sqq.</strong></span> <span class='ocrx_word' id='word_1_736' title='bbox 1850 4888 1892 4921; x_wconf 85' lang='lat'>&quot;</span> <span class='ocrx_word' id='word_1_737' title='bbox 1928 4886 2096 4942; x_wconf 85' lang='lat' dir='ltr'><strong>Marc.</strong></span> <span class='ocrx_word' id='word_1_738' title='bbox 2130 4901 2182 4951; x_wconf 88' lang='lat' dir='ltr'><strong>v,</strong></span> <span class='ocrx_word' id='word_1_739' title='bbox 2216 4885 2307 4941; x_wconf 77' lang='lat'><strong>37.</strong></span> <span class='ocrx_word' id='word_1_740' title='bbox 2382 4886 2428 4918; x_wconf 80' lang='lat'><strong>&#39;°</strong></span> <span class='ocrx_word' id='word_1_741' title='bbox 2455 4883 2615 4941; x_wconf 75' lang='lat' dir='ltr'><strong>Joan.</strong></span> <span class='ocrx_word' id='word_1_742' title='bbox 2651 4898 2749 4949; x_wconf 85' lang='lat' dir='ltr'><strong>xu,</strong></span> <span class='ocrx_word' id='word_1_743' title='bbox 2772 4882 2865 4938; x_wconf 71' lang='grc'><strong>27.</strong></span> 
     </span>
    </p>
   </div>
   <div class='ocr_carea' id='block_1_98' title="bbox 2144 5062 3722 5134">
    <p class='ocr_par' dir='ltr' id='par_1_98' title="bbox 2144 5062 3722 5134">
     <span class='ocr_line' id='line_1_98' title="bbox 2144 5062 3722 5134; baseline -0.002 -14"><span class='ocrx_word' id='word_1_744' title='bbox 2144 5075 2553 5120; x_wconf 77' lang='lat' dir='ltr'><strong>annumeratur.</strong></span> <span class='ocrx_word' id='word_1_745' title='bbox 2585 5062 2691 5120; x_wconf 90' lang='lat' dir='ltr'><strong>Sed</strong></span> <span class='ocrx_word' id='word_1_746' title='bbox 2718 5062 2789 5119; x_wconf 91' lang='lat' dir='ltr'><strong>de</strong></span> <span class='ocrx_word' id='word_1_747' title='bbox 2829 5064 2933 5122; x_wconf 84' lang='lat' dir='ltr'><strong>hac</strong></span> <span class='ocrx_word' id='word_1_748' title='bbox 2964 5062 3283 5134; x_wconf 84' lang='lat' dir='ltr'><strong>conjectura</strong></span> <span class='ocrx_word' id='word_1_749' title='bbox 3315 5068 3506 5119; x_wconf 81' lang='lat' dir='ltr'><strong>nostra</strong></span> <span class='ocrx_word' id='word_1_750' title='bbox 3542 5062 3722 5120; x_wconf 73' lang='lat' dir='ltr'><strong>erudi-</strong></span> 
     </span>
    </p>
   </div>
   <div class='ocr_carea' id='block_1_99' title="bbox 2143 5135 2807 5204">
    <p class='ocr_par' dir='ltr' id='par_1_99' title="bbox 2143 5135 2807 5204">
     <span class='ocr_line' id='line_1_99' title="bbox 2143 5135 2807 5204; baseline -0.003 -14"><span class='ocrx_word' id='word_1_751' title='bbox 2143 5148 2320 5197; x_wconf 87' lang='lat' dir='ltr'><strong>torum</strong></span> <span class='ocrx_word' id='word_1_752' title='bbox 2364 5135 2633 5204; x_wconf 91' lang='lat' dir='ltr'><strong>judicium</strong></span> <span class='ocrx_word' id='word_1_753' title='bbox 2668 5142 2807 5189; x_wconf 89' lang='lat' dir='ltr'><strong>esto.</strong></span> 
     </span>
    </p>
   </div>
   <div class='ocr_carea' id='block_1_100' title="bbox 2213 5201 3721 5277">
    <p class='ocr_par' dir='ltr' id='par_1_100' title="bbox 2213 5201 3721 5277">
     <span class='ocr_line' id='line_1_100' title="bbox 2213 5201 3721 5277; baseline -0.004 -17"><span class='ocrx_word' id='word_1_754' title='bbox 2213 5206 2326 5277; x_wconf 81' lang='lat' dir='ltr'><strong>(l8)</strong></span> <span class='ocrx_word' id='word_1_755' title='bbox 2366 5201 2498 5277; x_wconf 65' lang='lat' dir='ltr'><strong>Qum</strong></span> <span class='ocrx_word' id='word_1_756' title='bbox 2515 5203 2905 5277; x_wconf 78' lang='lat' dir='ltr'><strong>semicirculis</strong></span> <span class='ocrx_word' id='word_1_757' title='bbox 2924 5202 3487 5277; x_wconf 74' lang='lat' dir='ltr'><strong>comprehenduntur,</strong></span> <span class='ocrx_word' id='word_1_758' title='bbox 3523 5201 3721 5259; x_wconf 80' lang='lat' dir='ltr'><strong>desunt</strong></span> 
     </span>
    </p>
   </div>
   <div class='ocr_carea' id='block_1_101' title="bbox 2141 5273 3722 5347">
    <p class='ocr_par' dir='ltr' id='par_1_101' title="bbox 2141 5273 3722 5347">
     <span class='ocr_line' id='line_1_101' title="bbox 2141 5273 3722 5347; baseline -0.002 -17"><span class='ocrx_word' id='word_1_759' title='bbox 2141 5276 2196 5331; x_wconf 91' lang='lat' dir='ltr'><strong>iu</strong></span> <span class='ocrx_word' id='word_1_760' title='bbox 2222 5273 2734 5347; x_wconf 10' lang='lat' dir='ltr'><strong>‘posteriqrighujus</strong></span> <span class='ocrx_word' id='word_1_761' title='bbox 2768 5273 3338 5347; x_wconf 50' lang='lat' dir='ltr'><strong>orationis&#39;editione,</strong></span> <span class='ocrx_word' id='word_1_762' title='bbox 3377 5287 3541 5343; x_wconf 86' lang='lat' dir='ltr'><strong>quam</strong></span> <span class='ocrx_word' id='word_1_763' title='bbox 3584 5289 3722 5327; x_wconf 88' lang='lat' dir='ltr'><strong>unus</strong></span> 
     </span>
    </p>
   </div>
   <div class='ocr_carea' id='block_1_102' title="bbox 2141 5343 3202 5402">
    <p class='ocr_par' dir='ltr' id='par_1_102' title="bbox 2141 5343 3202 5402">
     <span class='ocr_line' id='line_1_102' title="bbox 2141 5343 3202 5402; baseline -0.005 0"><span class='ocrx_word' id='word_1_764' title='bbox 2141 5343 2397 5402; x_wconf 79' lang='lat' dir='ltr'><strong>idemque</strong></span> <span class='ocrx_word' id='word_1_765' title='bbox 2427 5344 2729 5399; x_wconf 74' lang='lat' dir='ltr'><strong>Vaticanus</strong></span> <span class='ocrx_word' id='word_1_766' title='bbox 2756 5343 2931 5399; x_wconf 76' lang='lat' dir='ltr'><strong>codex</strong></span> <span class='ocrx_word' id='word_1_767' title='bbox 2960 5344 3202 5399; x_wconf 88' lang='lat' dir='ltr'><strong>exhibet.</strong></span> 
     </span>
    </p>
   </div>
   <div class='ocr_carea' id='block_1_103' title="bbox 2215 5410 3719 5486">
    <p class='ocr_par' dir='ltr' id='par_1_103' title="bbox 2215 5410 3719 5486">
     <span class='ocr_line' id='line_1_103' title="bbox 2215 5410 3719 5486; baseline -0.005 -15"><span class='ocrx_word' id='word_1_768' title='bbox 2215 5410 2325 5486; x_wconf 77' lang='grc'><strong>(19)</strong></span> <span class='ocrx_word' id='word_1_769' title='bbox 2367 5416 2446 5470; x_wconf 87' lang='lat' dir='ltr'><strong>lta</strong></span> <span class='ocrx_word' id='word_1_770' title='bbox 2493 5413 2878 5486; x_wconf 82' lang='lat' dir='ltr'><strong>corrigendum</strong></span> <span class='ocrx_word' id='word_1_771' title='bbox 2931 5428 3159 5486; x_wconf 29' lang='lat' dir='ltr'><strong>censeod</strong></span> <span class='ocrx_word' id='word_1_772' title='bbox 3191 5410 3519 5467; x_wconf 83' lang='lat' dir='ltr'><strong>Vaticanum</strong></span> <span class='ocrx_word' id='word_1_773' title='bbox 3568 5412 3719 5466; x_wconf 85' lang='lat' dir='ltr'><strong>codi-</strong></span> 
     </span>
    </p>
   </div>
   <div class='ocr_carea' id='block_1_104' title="bbox 2142 5482 3718 5557">
    <p class='ocr_par' dir='ltr' id='par_1_104' title="bbox 2142 5482 3718 5557">
     <span class='ocr_line' id='line_1_104' title="bbox 2142 5482 3718 5557; baseline -0.004 -18"><span class='ocrx_word' id='word_1_774' title='bbox 2142 5482 2285 5548; x_wconf 82' lang='lat' dir='ltr'><strong>cem,</strong></span> <span class='ocrx_word' id='word_1_775' title='bbox 2308 5482 2317 5487; x_wconf 82' lang='grc'><em>’</em></span> <span class='ocrx_word' id='word_1_776' title='bbox 2338 5486 2395 5540; x_wconf 90' lang='lat' dir='ltr'><strong>in</strong></span> <span class='ocrx_word' id='word_1_777' title='bbox 2429 5500 2565 5557; x_wconf 84' lang='lat' dir='ltr'><strong>quo,</strong></span> <span class='ocrx_word' id='word_1_778' title='bbox 2604 5482 2910 5557; x_wconf 77' lang='lat' dir='ltr'><strong>manifesto</strong></span> <span class='ocrx_word' id='word_1_779' title='bbox 2950 5482 3162 5557; x_wconf 73' lang='lat' dir='ltr'><strong>librarii</strong></span> <span class='ocrx_word' id='word_1_780' title='bbox 3194 5498 3403 5547; x_wconf 86' lang='lat' dir='ltr'><strong>errore,</strong></span> <span class='ocrx_word' id='word_1_781' title='bbox 3435 5497 3718 5554; x_wconf 85' lang='lat' dir='ltr'><strong>perperam</strong></span> 
     </span>
    </p>
   </div>
   <div class='ocr_carea' id='block_1_105' title="bbox 2144 5553 3186 5623">
    <p class='ocr_par' dir='ltr' id='par_1_105' title="bbox 2144 5553 3186 5623">
     <span class='ocr_line' id='line_1_105' title="bbox 2144 5553 3186 5623; baseline -0.009 -10"><span class='ocrx_word' id='word_1_782' title='bbox 2144 5558 2426 5619; x_wconf 87' lang='lat' dir='ltr'><strong>scribitur,</strong></span> <span class='ocrx_word' id='word_1_783' title='bbox 2448 5553 2557 5609; x_wconf 75' lang='grc' dir='ltr'><strong>ὀὐκ</strong></span> <span class='ocrx_word' id='word_1_784' title='bbox 2592 5555 2838 5609; x_wconf 84' lang='grc' dir='ltr'>ἀποτίσει</span> <span class='ocrx_word' id='word_1_785' title='bbox 2864 5555 2928 5607; x_wconf 81' lang='grc' dir='ltr'><strong>ἐκ</strong></span> <span class='ocrx_word' id='word_1_786' title='bbox 2957 5553 3186 5623; x_wconf 84' lang='grc' dir='ltr'>βάσεως.</span> 
     </span>
    </p>
   </div>
   <div class='ocr_carea' id='block_1_106' title="bbox 2216 5619 3716 5696">
    <p class='ocr_par' dir='ltr' id='par_1_106' title="bbox 2216 5619 3716 5696">
     <span class='ocr_line' id='line_1_106' title="bbox 2216 5619 3716 5696; baseline -0.003 -16"><span class='ocrx_word' id='word_1_787' title='bbox 2216 5629 2330 5696; x_wconf 72' lang='lat'><strong>(20)</strong></span> <span class='ocrx_word' id='word_1_788' title='bbox 2369 5628 2483 5680; x_wconf 82' lang='lat' dir='ltr'><strong>Alia</strong></span> <span class='ocrx_word' id='word_1_789' title='bbox 2524 5626 2691 5694; x_wconf 85' lang='lat' dir='ltr'><strong>hujus</strong></span> <span class='ocrx_word' id='word_1_790' title='bbox 2726 5619 2996 5696; x_wconf 81' lang='lat' dir='ltr'><strong>orationis</strong></span> <span class='ocrx_word' id='word_1_791' title='bbox 3020 5623 3369 5696; x_wconf 72' lang='lat' dir='ltr'><strong>editin,_qua</strong></span> <span class='ocrx_word' id='word_1_792' title='bbox 3398 5623 3455 5679; x_wconf 76' lang='lat' dir='ltr'><strong>lu</strong></span> <span class='ocrx_word' id='word_1_793' title='bbox 3484 5623 3592 5679; x_wconf 78' lang='lat' dir='ltr'><strong>line</strong></span> <span class='ocrx_word' id='word_1_794' title='bbox 3615 5619 3716 5676; x_wconf 74' lang='lat' dir='ltr'><strong>Va-</strong></span> 
     </span>
    </p>
   </div>
   <div class='ocr_carea' id='block_1_107' title="bbox 2141 5691 3279 5763">
    <p class='ocr_par' dir='ltr' id='par_1_107' title="bbox 2141 5691 3279 5763">
     <span class='ocr_line' id='line_1_107' title="bbox 2141 5691 3279 5763; baseline -0.006 -10"><span class='ocrx_word' id='word_1_795' title='bbox 2141 5691 2307 5755; x_wconf 80' lang='lat' dir='ltr'><strong>ticani</strong></span> <span class='ocrx_word' id='word_1_796' title='bbox 2345 5696 2553 5755; x_wconf 84' lang='lat' dir='ltr'><strong>codicis</strong></span> <span class='ocrx_word' id='word_1_797' title='bbox 2587 5691 2787 5763; x_wconf 74' lang='lat' dir='ltr'><strong>exstat,</strong></span> <span class='ocrx_word' id='word_1_798' title='bbox 2828 5694 2993 5750; x_wconf 84' lang='lat' dir='ltr'><strong>habet</strong></span> <span class='ocrx_word' id='word_1_799' title='bbox 3026 5695 3083 5748; x_wconf 80' lang='lat' dir='ltr'><strong>tv</strong></span> <span class='ocrx_word' id='word_1_800' title='bbox 3110 5691 3279 5759; x_wconf 77' lang='grc' dir='ltr'>αὐτῷ.</span> 
     </span>
    </p>
   </div>
   <div class='ocr_carea' id='block_1_108' title="bbox 539 5058 2034 5137">
    <p class='ocr_par' dir='ltr' id='par_1_108' title="bbox 539 5058 2034 5137">
     <span class='ocr_line' id='line_1_108' title="bbox 539 5058 2034 5137; baseline 0.004 -24"><span class='ocrx_word' id='word_1_801' title='bbox 539 5058 652 5131; x_wconf 91' lang='lat' dir='ltr'><strong>(l7)</strong></span> <span class='ocrx_word' id='word_1_802' title='bbox 684 5058 749 5115; x_wconf 86' lang='lat' dir='ltr'><strong>Et</strong></span> <span class='ocrx_word' id='word_1_803' title='bbox 772 5060 827 5137; x_wconf 78' lang='lat' dir='ltr'><strong>si</strong></span> <span class='ocrx_word' id='word_1_804' title='bbox 850 5062 1057 5137; x_wconf 82' lang='lat' dir='ltr'><strong>nullum</strong></span> <span class='ocrx_word' id='word_1_805' title='bbox 1080 5064 1412 5137; x_wconf 75' lang='lat' dir='ltr'><strong>scriptorem</strong></span> <span class='ocrx_word' id='word_1_806' title='bbox 1445 5066 1689 5137; x_wconf 82' lang='lat' dir='ltr'><strong>legerim,</strong></span> <span class='ocrx_word' id='word_1_807' title='bbox 1723 5067 1818 5137; x_wconf 92' lang='lat' dir='ltr'><strong>qui</strong></span> <span class='ocrx_word' id='word_1_808' title='bbox 1864 5065 2034 5137; x_wconf 86' lang='lat' dir='ltr'><strong>Joan-</strong></span> 
     </span>
    </p>
   </div>
   <div class='ocr_carea' id='block_1_109' title="bbox 468 5132 2033 5204">
    <p class='ocr_par' dir='ltr' id='par_1_109' title="bbox 468 5132 2033 5204">
     <span class='ocr_line' id='line_1_109' title="bbox 468 5132 2033 5204; baseline 0.003 -20"><span class='ocrx_word' id='word_1_809' title='bbox 468 5145 589 5184; x_wconf 82' lang='lat' dir='ltr'><strong>nem</strong></span> <span class='ocrx_word' id='word_1_810' title='bbox 621 5132 926 5204; x_wconf 76' lang='lat' dir='ltr'><strong>apostolum</strong></span> <span class='ocrx_word' id='word_1_811' title='bbox 985 5133 1041 5187; x_wconf 89' lang='lat' dir='ltr'><strong>in</strong></span> <span class='ocrx_word' id='word_1_812' title='bbox 1073 5132 1334 5190; x_wconf 85' lang='lat' dir='ltr'><strong>ferventis</strong></span> <span class='ocrx_word' id='word_1_813' title='bbox 1368 5132 1523 5204; x_wconf 56' lang='lat' dir='ltr'><strong>aqua?</strong></span> <span class='ocrx_word' id='word_1_814' title='bbox 1556 5132 1761 5190; x_wconf 83' lang='lat' dir='ltr'><strong>dolium</strong></span> <span class='ocrx_word' id='word_1_815' title='bbox 1820 5136 2033 5189; x_wconf 84' lang='lat' dir='ltr'><strong>immis-</strong></span> 
     </span>
    </p>
   </div>
   <div class='ocr_carea' id='block_1_110' title="bbox 466 5200 2032 5275">
    <p class='ocr_par' dir='ltr' id='par_1_110' title="bbox 466 5200 2032 5275">
     <span class='ocr_line' id='line_1_110' title="bbox 466 5200 2032 5275; baseline 0.004 -23"><span class='ocrx_word' id='word_1_816' title='bbox 466 5215 585 5275; x_wconf 78' lang='lat' dir='ltr'><strong>sum</strong></span> <span class='ocrx_word' id='word_1_817' title='bbox 627 5200 804 5275; x_wconf 79' lang='lat' dir='ltr'><strong>fuisse</strong></span> <span class='ocrx_word' id='word_1_818' title='bbox 837 5205 1168 5275; x_wconf 78' lang='lat' dir='ltr'><strong>narraverit;</strong></span> <span class='ocrx_word' id='word_1_819' title='bbox 1216 5200 1577 5260; x_wconf 74' lang='lat' dir='ltr'><strong>nihilominus</strong></span> <span class='ocrx_word' id='word_1_820' title='bbox 1632 5207 1685 5261; x_wconf 91' lang='lat' dir='ltr'><strong>id</strong></span> <span class='ocrx_word' id='word_1_821' title='bbox 1736 5215 1945 5275; x_wconf 78' lang='lat' dir='ltr'><strong>aperte.</strong></span> <span class='ocrx_word' id='word_1_822' title='bbox 1980 5208 2032 5259; x_wconf 89' lang='lat' dir='ltr'><strong>ui</strong></span> 
     </span>
    </p>
   </div>
   <div class='ocr_carea' id='block_1_111' title="bbox 470 5270 2034 5345">
    <p class='ocr_par' dir='ltr' id='par_1_111' title="bbox 470 5270 2034 5345">
     <span class='ocr_line' id='line_1_111' title="bbox 470 5270 2034 5345; baseline 0.006 -23"><span class='ocrx_word' id='word_1_823' title='bbox 470 5270 650 5345; x_wconf 77' lang='lat' dir='ltr'><strong>fallor,</strong></span> <span class='ocrx_word' id='word_1_824' title='bbox 684 5273 957 5345; x_wconf 86' lang='lat' dir='ltr'><strong>colligitur</strong></span> <span class='ocrx_word' id='word_1_825' title='bbox 990 5290 1053 5345; x_wconf 82' lang='lat' dir='ltr'><strong>ex</strong></span> <span class='ocrx_word' id='word_1_826' title='bbox 1089 5283 1361 5345; x_wconf 10' lang='lat' dir='ltr'><strong>corruptor</strong></span> <span class='ocrx_word' id='word_1_827' title='bbox 1381 5276 1486 5329; x_wconf 86' lang='lat' dir='ltr'><strong>isto</strong></span> <span class='ocrx_word' id='word_1_828' title='bbox 1524 5270 1787 5330; x_wconf 74' lang='lat' dir='ltr'><strong>Vaticani</strong></span> <span class='ocrx_word' id='word_1_829' title='bbox 1825 5276 2034 5331; x_wconf 86' lang='lat' dir='ltr'><strong>codicis</strong></span> 
     </span>
    </p>
   </div>
   <div class='ocr_carea' id='block_1_112' title="bbox 468 5341 2033 5415">
    <p class='ocr_par' dir='ltr' id='par_1_112' title="bbox 468 5341 2033 5415">
     <span class='ocr_line' id='line_1_112' title="bbox 468 5341 2033 5415; baseline 0.006 -24"><span class='ocrx_word' id='word_1_830' title='bbox 468 5341 612 5403; x_wconf 74' lang='lat' dir='ltr'><strong>loco,</strong></span> <span class='ocrx_word' id='word_1_831' title='bbox 649 5342 755 5415; x_wconf 77' lang='lat' dir='ltr'><strong>qui</strong></span> <span class='ocrx_word' id='word_1_832' title='bbox 797 5341 1223 5415; x_wconf 74' lang='lat' dir='ltr'><strong>commodiorem</strong></span> <span class='ocrx_word' id='word_1_833' title='bbox 1261 5341 1484 5399; x_wconf 45' lang='lat' dir='ltr'><strong>’nullum</strong></span> <span class='ocrx_word' id='word_1_834' title='bbox 1517 5362 1740 5401; x_wconf 89' lang='lat' dir='ltr'><strong>sensum</strong></span> <span class='ocrx_word' id='word_1_835' title='bbox 1788 5347 2033 5415; x_wconf 86' lang='lat' dir='ltr'><strong>recipere</strong></span> 
     </span>
    </p>
   </div>
   <div class='ocr_carea' id='block_1_113' title="bbox 469 5411 2033 5478">
    <p class='ocr_par' dir='ltr' id='par_1_113' title="bbox 469 5411 2033 5478">
     <span class='ocr_line' id='line_1_113' title="bbox 469 5411 2033 5478; baseline 0.002 -13"><span class='ocrx_word' id='word_1_836' title='bbox 469 5425 632 5478; x_wconf 81' lang='lat' dir='ltr'><strong>posse</strong></span> <span class='ocrx_word' id='word_1_837' title='bbox 671 5411 903 5474; x_wconf 86' lang='lat' dir='ltr'><strong>videtur,</strong></span> <span class='ocrx_word' id='word_1_838' title='bbox 938 5422 993 5467; x_wconf 93' lang='lat' dir='ltr'><strong>et</strong></span> <span class='ocrx_word' id='word_1_839' title='bbox 1028 5413 1264 5470; x_wconf 88' lang='lat' dir='ltr'><strong>fortasse</strong></span> <span class='ocrx_word' id='word_1_840' title='bbox 1302 5415 1377 5468; x_wconf 88' lang='lat' dir='ltr'><strong>ita</strong></span> <span class='ocrx_word' id='word_1_841' title='bbox 1426 5415 1798 5471; x_wconf 88' lang='lat' dir='ltr'><strong>restituendus</strong></span> <span class='ocrx_word' id='word_1_842' title='bbox 1831 5411 1939 5478; x_wconf 75' lang='lat' dir='ltr'><strong>est,</strong></span> <span class='ocrx_word' id='word_1_843' title='bbox 1974 5424 2033 5471; x_wconf 94' lang='lat' dir='ltr'><strong>ut</strong></span> 
     </span>
    </p>
   </div>
   <div class='ocr_carea' id='block_1_114' title="bbox 470 5479 2034 5559">
    <p class='ocr_par' dir='ltr' id='par_1_114' title="bbox 470 5479 2034 5559">
     <span class='ocr_line' id='line_1_114' title="bbox 470 5479 2034 5559; baseline 0.004 -26"><span class='ocrx_word' id='word_1_844' title='bbox 470 5481 733 5559; x_wconf 63' lang='lat' dir='ltr'><strong>legamus,</strong></span> <span class='ocrx_word' id='word_1_845' title='bbox 780 5479 1055 5559; x_wconf 66' lang='grc' dir='ltr'>ζερμενον,</span> <span class='ocrx_word' id='word_1_846' title='bbox 1100 5486 1187 5559; x_wconf 58' lang='lat' dir='ltr'><strong>vel</strong></span> <span class='ocrx_word' id='word_1_847' title='bbox 1222 5485 1509 5559; x_wconf 73' lang='grc' dir='ltr'>καιόμενον</span> <span class='ocrx_word' id='word_1_848' title='bbox 1556 5487 1636 5559; x_wconf 79' lang='grc' dir='ltr'><strong>είς</strong></span> <span class='ocrx_word' id='word_1_849' title='bbox 1665 5486 1810 5559; x_wconf 65' lang='grc' dir='ltr'>ὕδωρ</span> <span class='ocrx_word' id='word_1_850' title='bbox 1843 5484 2034 5540; x_wconf 86' lang='grc' dir='ltr'>τούτου</span> 
     </span>
    </p>
   </div>
   <div class='ocr_carea' id='block_1_115' title="bbox 468 5550 2034 5627">
    <p class='ocr_par' dir='ltr' id='par_1_115' title="bbox 468 5550 2034 5627">
     <span class='ocr_line' id='line_1_115' title="bbox 468 5550 2034 5627; baseline 0.004 -24"><span class='ocrx_word' id='word_1_851' title='bbox 468 5550 644 5627; x_wconf 54' lang='grc' dir='ltr'><strong>⁸ξίέρας</strong></span> <span class='ocrx_word' id='word_1_852' title='bbox 678 5550 793 5627; x_wconf 79' lang='grc' dir='ltr'>βίου</span> <span class='ocrx_word' id='word_1_853' title='bbox 828 5550 999 5627; x_wconf 31' lang='grc' dir='ltr'><strong>’ἔχειψ</strong></span> <span class='ocrx_word' id='word_1_854' title='bbox 1038 5556 1115 5609; x_wconf 75' lang='lat' dir='ltr'><strong>vel</strong></span> <span class='ocrx_word' id='word_1_855' title='bbox 1151 5550 1367 5627; x_wconf 61' lang='grc' dir='ltr'>λαϐεῖν,</span> <span class='ocrx_word' id='word_1_856' title='bbox 1403 5555 1747 5627; x_wconf 84' lang='grc' dir='ltr'>κεκριμένος,</span> <span class='ocrx_word' id='word_1_857' title='bbox 1778 5550 1889 5611; x_wconf 80' lang='grc' dir='ltr'>Ἰιυο</span> <span class='ocrx_word' id='word_1_858' title='bbox 1929 5565 2034 5619; x_wconf 90' lang='lat' dir='ltr'><strong>est,</strong></span> 
     </span>
    </p>
   </div>
   <div class='ocr_carea' id='block_1_116' title="bbox 472 5617 2032 5690">
    <p class='ocr_par' dir='ltr' id='par_1_116' title="bbox 472 5617 2032 5690">
     <span class='ocr_line' id='line_1_116' title="bbox 472 5617 2032 5690; baseline 0.005 -18"><span class='ocrx_word' id='word_1_859' title='bbox 472 5617 783 5686; x_wconf 21' lang='lat' dir='ltr'><strong>Et‘fervcntt&#39;</strong></span> <span class='ocrx_word' id='word_1_860' title='bbox 822 5617 1056 5690; x_wconf 32' lang='lat' dir='ltr'><strong>iri—aqua,</strong></span> <span class='ocrx_word' id='word_1_861' title='bbox 1086 5636 1141 5677; x_wconf 84' lang='lat' dir='ltr'><strong>ut</strong></span> <span class='ocrx_word' id='word_1_862' title='bbox 1175 5626 1449 5679; x_wconf 77' lang='lat' dir='ltr'><strong>mortalem</strong></span> <span class='ocrx_word' id='word_1_863' title='bbox 1484 5617 1618 5680; x_wconf 76' lang='grc' dir='ltr'><strong>Ιίηήε</strong></span> <span class='ocrx_word' id='word_1_864' title='bbox 1654 5617 1815 5681; x_wconf 74' lang='lat' dir='ltr'><strong>vitam</strong></span> <span class='ocrx_word' id='word_1_865' title='bbox 1849 5617 2032 5681; x_wconf 38' lang='lat' dir='ltr'><strong>terrui;-</strong></span> 
     </span>
    </p>
   </div>
   <div class='ocr_carea' id='block_1_117' title="bbox 468 5693 2033 5767">
    <p class='ocr_par' dir='ltr' id='par_1_117' title="bbox 468 5693 2033 5767">
     <span class='ocr_line' id='line_1_117' title="bbox 468 5693 2033 5767; baseline 0.004 -22"><span class='ocrx_word' id='word_1_866' title='bbox 468 5699 618 5745; x_wconf 76' lang='lat' dir='ltr'><strong>ttaret</strong></span> <span class='ocrx_word' id='word_1_867' title='bbox 643 5728 659 5755; x_wconf 90' lang='lat'><strong>,</strong></span> <span class='ocrx_word' id='word_1_868' title='bbox 703 5693 916 5758; x_wconf 78' lang='lat' dir='ltr'><strong>tyranni</strong></span> <span class='ocrx_word' id='word_1_869' title='bbox 953 5695 1158 5749; x_wconf 73' lang='lat' dir='ltr'><strong>decreto</strong></span> <span class='ocrx_word' id='word_1_870' title='bbox 1202 5695 1409 5761; x_wconf 70' lang='lat' dir='ltr'><strong>jussus,</strong></span> <span class='ocrx_word' id='word_1_871' title='bbox 1440 5696 1494 5751; x_wconf 79' lang='lat' dir='ltr'><strong>in</strong></span> <span class='ocrx_word' id='word_1_872' title='bbox 1536 5708 1827 5767; x_wconf 79' lang='lat' dir='ltr'><strong>martyrum</strong></span> <span class='ocrx_word' id='word_1_873' title='bbox 1859 5698 2033 5753; x_wconf 74' lang='lat' dir='ltr'><strong>choris</strong></span> 
     </span>
    </p>
   </div>
  </div>
