3850 6404
105 266 223 322 ’133

1150 276 1427 335 ALTERA
1485 281 1838 343 LAUDATIO
1890 288 1951 346 8.
1991 288 2357 352 STEPHANI.

3267 297 3376 356 756

98 379 197 431 καὶ
238 378 516 443 Ἰωάννου,
545 381 681 436 ἀλλὰ
715 384 811 437 καὶ
831 385 1013 459 πάσης
1041 390 1176 461 όμοῦ
1208 394 1308 464 τῆς
1326 397 1696 470 ἀποπολικῆς

1804 405 1959 461 nione
1970 405 2254 467 beneﬁciis
2270 422 2695 484 prosequantur.
2726 414 2903 473 Porro
2927 415 3204 472 neminem
3220 416 3373 488 plum

98 470 383 574 ἁρμονίας
414 473 513 536 τὰς
547 475 738 545 μνείας
776 479 1148 552 ἐπιτελοῦμεν.
1183 486 1246 539 Ei
1284 486 1394 560 γὰρ
1425 490 1569 544 κατά
1594 491 1694 562 τὴν

1804 498 2045 567 ignorare
2094 470 2351 569 arbitror,
2394 470 2499 561 nus
2544 505 2649 563 hac
2691 506 2781 563 die
2817 522 2928 563 non
2980 508 3159 562 solum
3201 470 3374 576 δαιτί,

101 561 213 615 τῶν
230 562 526 633 δογμάτων
549 565 831 638 ἀλήθειαν,
848 571 1024 641 μελῶν
1046 574 1197 641 τάξιν
1224 578 1515 649 ἐπέχοντες
1529 621 1545 647 ,
1576 561 1694 646 svo;

102 651 368 723 σώματος
399 655 775 728 ἀποπληροῦσι
808 662 991 733 σχῆμα
1014 704 1030 727 ,
1065 665 1308 737 δηλονότι
1341 670 1695 744 δοξαζομένου

106 760 213 811 μου
240 745 363 814 (21)
391 746 590 818 μέρους
619 751 737 815 ἑνὸς
755 791 770 815 ,
805 752 882 817 ῶς
902 772 1065 826 φησιν
1094 760 1121 811 ὀ
1158 761 1475 827 Ἀπόστολος
1495 806 1510 827 ,
1542 769 1697 820 Συν-

104 834 419 898 ὄοξὰζεται
455 839 653 894 πάντα
681 843 754 897 τὰ
780 843 938 913 μέλη
960 885 975 910 ,
1023 850 1117 901 καὶ
1164 851 1395 919 μάλιστα
1429 857 1517 907 ἐπ’
1550 856 1696 909 ὲκεί-

105 945 214 980 νων
276 930 389 982 τῶν
442 934 729 1005 μακαρίων
782 938 878 991 καὶ
930 940 1279 996 τελειοτάτων
1319 945 1563 1016 ἀνδρῶν,
1614 943 1697 1012 οἷς

106 1019 291 1073 πάντα
328 1028 610 1093 συμφωνεῖ
636 1027 774 1097 πρὸς
805 1030 1061 1101 ἀλήθειαν
1080 1071 1095 1097 ,
1125 1035 1221 1087 καὶ
1252 1036 1282 1089 ό
1322 1038 1522 1108 τρόπος
1566 1041 1697 1110 ὁμό-

108 1128 367 1183 γνωμος,
404 1118 497 1170 καὶ
550 1119 583 1187 ἡ
629 1120 812 1185 πίστις
856 1124 1143 1193 ὁμόδοξος,
1181 1129 1273 1181 καὶ
1310 1129 1386 1193 ὠς
1438 1132 1596 1186 κοινά
1624 1134 1694 1188 τὰ

107 1207 211 1276 τῆς
239 1208 523 1274 εὐσεϐείας
556 1210 1003 1285 πλεονεκτήματα
1036 1220 1238 1273 τούτων
1262 1261 1277 1283 ,
1306 1222 1462 1276 κοινά
1487 1226 1583 1278 καὶ
1627 1227 1697 1280 τά

109 1300 266 1368 παρὰ
297 1300 399 1371 τῆς
435 1302 689 1371 ἀληθείας
741 1308 1209 1382 σεμνολογήματα.
1243 1314 1338 1378 Τίς
1382 1315 1439 1369 δὲ
1483 1318 1582 1371 οὐκ
1629 1319 1697 1373 ἂν

110 1392 352 1458 εὐλόγως
412 1395 636 1466 ἡσθείη,
669 1399 765 1451 καὶ
816 1401 981 1456 αὐτοῦ
1034 1403 1130 1457 τοῦ
1174 1406 1328 1475 ἁγίου
1380 1409 1695 1479 Πνεύματος

113 1484 432 1556 πληρωθείη
459 1526 475 1552 ,
510 1488 849 1563 ἀποστολικῷ
876 1493 1023 1566 χορῷ
1066 1501 1342 1552 κοινωνεῖν
1372 1500 1694 1573 ἠξιωμένος,

112 1574 193 1643 τῷ
218 1577 402 1630 πᾶσαν
448 1580 548 1650 τὴν
575 1581 898 1653 οἰκουμένην
948 1586 1086 1657 πρὸς
1134 1588 1232 1660 τὴν
1260 1590 1555 1660 ἐπίγνωσιν
1598 1594 1696 1663 τῆς

112 1666 378 1737 ἀληθείας
413 1670 762 1741 όδηγήσαντι,
806 1676 884 1747 τῷ
922 1678 1065 1732 κατά
1107 1680 1287 1751 πάσης
1314 1685 1415 1754 τῆς
1445 1685 1694 1755 οἰκουμέ-

1791 587 1978 645 Jacobi
2022 599 2075 647 et
2103 589 2355 663 Joannis,
2388 596 2486 652 sed
2517 605 2573 652 et
2619 597 2871 655 omnium
2903 599 3066 656 simul
3098 600 3377 670 apostolo-

1794 696 1917 736 rum
1965 685 2284 740 memoriam
2326 687 2630 746 celebrare.
2665 687 2724 745 Si
2774 690 2921 747 enim
2955 690 3103 761 quod
3157 692 3225 746 ad
3271 690 3375 746 do-

1794 783 2036 844 gmatum
2078 776 2364 833 veritatem
2395 780 2611 846 attinet,
2656 782 3026 836 membrorum
3059 782 3235 838 instar
3263 782 3378 838 dis-

1795 863 1982 932 positi,
2026 865 2193 922 unius
2238 868 2489 937 corporis
2531 868 2763 924 formam
2811 871 3149 942 exprimunt,
3208 880 3284 938 et,
3327 874 3377 927 si

1793 969 1957 1007 unum
1975 958 2265 1011 membrum
2302 959 2585 1029 gloriatur,
2616 969 2672 1014 ut
2697 962 2773 1017 ait
2793 962 3171 1032 Apostolus“,
3196 965 3376 1017 omnia

1792 1044 1957 1099 simul
1984 1049 2216 1102 membra
2252 1051 2576 1120 gloriantur,
2612 1051 2667 1107 id
2701 1053 2889 1124 utique
2924 1053 2981 1108 in
3025 1054 3204 1111 beatis
3237 1070 3378 1126 quo-

1794 1152 1903 1207 que
1944 1137 2053 1194 illis
2096 1147 2263 1209 atque
2311 1142 2680 1198 sanctissimis
2717 1142 2854 1198 viris
2886 1144 3162 1214 praecipue
3191 1144 3378 1200 locum

1797 1229 1979 1295 liabet,
2010 1230 2065 1284 in
2109 1231 2308 1300 quibus
2336 1240 2536 1287 cuncta
2585 1247 2713 1288 cum
2750 1234 2983 1290 veritate
3014 1235 3375 1300 concordant,

1797 1336 2013 1375 morum
2053 1336 2247 1392 nempe
2274 1323 2602 1389 similitudo,
2633 1331 2689 1380 et
2715 1324 2773 1379 in
2797 1340 2911 1380 una
2940 1326 3243 1396 eademque
3271 1326 3379 1383 ﬁde

1799 1409 1937 1463 mira
1970 1411 2301 1479 consensio;
2331 1422 2386 1467 et
2414 1412 2877 1482 quemadmodum
2904 1416 3219 1470 communia
3247 1422 3379 1470 sunt

1795 1515 1987 1555 eorum
2017 1503 2236 1573 egregia
2273 1518 2371 1571 pro
2398 1505 2598 1573 pietate
2636 1512 2810 1575 gesta,
2848 1506 2921 1559 ita
2955 1514 3010 1560 et
3056 1520 3379 1563 communes

1797 1598 1946 1652 sunt,
1973 1591 2065 1660 qui
2108 1590 2243 1662 ipsis
2272 1593 2344 1646 ob
2370 1607 2514 1647 verm
2542 1593 2664 1649 ﬁdei
2691 1595 3133 1665 praedicationem
3173 1596 3380 1667 imper-

1799 1683 2012 1737 tiuntur
2051 1683 2310 1738 honores.
2361 1683 2562 1756 Ecquis
2614 1686 2799 1741 laetitia
2849 1703 2959 1742 non
3006 1688 3203 1744 merito
3247 1705 3375 1760 per-

113 1773 217 1827 νης
243 1760 557 1815 ἀπλώσαντι
588 1763 657 1817 τά
691 1763 792 1834 τῆς
821 1766 1100 1833 εὐσεϐείας
1132 1769 1346 1834 δίκτυα,
1370 1751 1468 1825 καὶ
1496 1751 1698 1827 παντα-

1805 1772 2065 1829 iundetur
2119 1782 2173 1830 et
2227 1751 2472 1845 Spiritus
2526 1779 2704 1832 sancti
2753 1777 2954 1850 gaudio
3010 1779 3208 1849 plenus
3247 1751 3378 1836 -non

116 1848 216 1919 χοῦ
244 1849 474 1919 πήξαντι
504 1854 573 1907 τὰ
610 1854 713 1925 τῆς
737 1856 995 1929 ἀληθείας
1016 1859 1281 1933 θήρατρα,
1315 1864 1400 1916 ἵνα
1437 1864 1697 1919 συλλαϐό-

120 1959 275 2012 μενοι
322 1945 505 1997 πᾶσαν
545 1945 681 2015 ὁμοῦ
713 1947 810 2018 τὴν
855 1949 1284 2024 ἀνθρωπότητα,
1328 1953 1429 2025 τὴν
1469 1955 1573 2009 ὐπὸ
1600 1956 1701 2020 τῆς

120 2034 320 2099 κακίας
383 2037 731 2110 ἡγριωμένην
788 2043 1175 2111 προσαγάγωσι
1225 2045 1305 2115 τῷ
1352 2046 1704 2119 ὲξημεροῦντι

119 2127 217 2178 καὶ
244 2125 504 2193 utillima;
536 2132 641 2205 Elc
673 2129 882 2186 πᾶσαν
914 2133 1065 2202 γοῦν
1100 2135 1215 2203 τὴν
1247 2137 1363 2206 γῆν
1390 2137 1650 2206 ἐξῆλθεν
1672 2142 1706 2193 ὁ

118 2220 383 2290 φθόγγος
437 2223 654 2276 αὐτῶν.
698 2222 763 2280 Ol
815 2224 1056 2297 θεμέλιοι
1105 2229 1205 2299 τῆς
1246 2229 1609 2301 Ἑκκλησίας,
1655 2232 1705 2284 οἱ

121 2310 304 2364 στύλοι
336 2313 430 2365 καὶ
450 2314 517 2367 τά
547 2314 893 2387 ὲδραιὼματα
909 2318 1005 2388 τῆς
1022 2320 1296 2390 ἀληθείας,
1322 2313 1469 2374 οὗτοι
1485 2324 1622 2375 εἰσιν
1649 2324 1703 2376 αἱ

122 2402 334 2458 ἀένναοι
366 2407 538 2478 πηγαὶ
559 2408 651 2462 τοῦ
683 2412 950 2481 σωτηρίου
970 2454 985 2478 ,
1019 2412 1075 2466 αἳ
1107 2413 1240 2466 πολὺ
1261 2454 1275 2478 ,
1308 2416 1403 2468 καὶ
1430 2412 1702 2479 πλούσιον,

122 2495 217 2548 καὶ
252 2496 484 2562 θεοειδὲς
532 2502 678 2571 νᾶμα
714 2503 775 2555 τὸ
822 2504 920 2574 τῆς
973 2504 1316 2569 διδασκαλίας
1358 2506 1695 2577 προχέουσιν.

135 2587 261 2641 Ἐπὶ
306 2590 527 2656 τούτους
579 2594 725 2664 ἡμᾶς
763 2596 855 2648 καὶ
891 2598 923 2667 ἡ
980 2598 1290 2669 προφητικὴ
1340 2599 1702 2671 παραπέμπει

122 2680 276 2752 φωνὴ
302 2722 318 2745 ,
348 2680 579 2750 λέγουσα
602 2701 616 2714 ⁸
672 2685 1027 2752 Ἀντλήσατε
1058 2688 1213 2759 ὕδωρ
1245 2690 1372 2759 μετ’
1406 2691 1699 2759 εὐφροσὺ-

121 2788 235 2838 νης
272 2772 341 2825 ἐκ
369 2772 488 2826 τῶν
514 2775 722 2845 πηγῶν
748 2777 855 2830 τοῦ
884 2780 1204 2846 Σωτηρίου.

1804 1865 2122 1928 exsultabit,
2166 1865 2295 1919 dum
2339 1881 2398 1922 se
2435 1867 2717 1939 dignatum
2758 1869 2962 1939 cogitat
3003 1870 3378 1939 apostolorum

1805 1956 1976 2011 choro
2004 1958 2435 2023 communicare,
2477 1960 2570 2030 qui
2603 1960 2791 2016 orbem
2818 1968 2991 2015 totum
3033 1961 3100 2015 ad
3132 1961 3379 2017 veritatis

1807 2049 2176 2117 cognitionem
2228 2049 2549 2118 perduxere,
2596 2052 2689 2122 qui
2738 2066 2836 2122 per
2882 2059 3057 2107 totum
3107 2063 3381 2108 terrarum

1802 2142 1989 2194 orbem
2020 2140 2239 2209 pietatis
2284 2143 2420 2196 retia
2458 2143 2823 2213 esplicarunt,
2858 2151 2913 2199 et
2942 2144 3258 2215 ubicunque
3292 2147 3380 2200 lo-

1802 2244 1991 2283 corum
2040 2232 2292 2285 veritatis
2343 2232 2510 2287 ﬁxere
2558 2234 2851 2303 venabula,
2898 2243 2956 2289 ut
3007 2251 3168 2292 omne
3217 2237 3383 2292 simul

1803 2319 2102 2375 humanum
2169 2337 2341 2393 genus
2396 2324 2608 2377 malitia
2653 2324 2963 2391 etl’eratum,
3002 2326 3069 2380 ad
3123 2341 3249 2381 eum
3288 2326 3383 2395 qui

1803 2414 2175 2469 mansuefacit
2234 2416 2371 2470 illud
2420 2424 2585 2482 atque
2640 2418 2836 2482 salvat,
2893 2418 3279 2474 adducerent:
3316 2416 3384 2472 In

1806 2520 2011 2559 omnem
2041 2507 2224 2576 itaque
2256 2516 2450 2561 terram
2478 2509 2637 2563 exivit
2667 2526 2826 2563 sonus
2850 2526 3033 2564 eorum
3056 2511 3124 2563 ¹².
3164 2508 3227 2563 Hi
3253 2517 3385 2564 sunt

1807 2592 2068 2650 Ecclesiae
2110 2593 2500 2664 fundamenta,
2544 2606 2600 2654 et
2631 2598 2877 2653 veritatis
2910 2598 3180 2653 columna:
3217 2607 3384 2669 atque

1808 2686 2147 2743 fulcimenta.
2211 2686 2277 2741 lli
2323 2698 2455 2744 sunt
2496 2705 2768 2761 perennes
2822 2690 3019 2746 salutis
3085 2689 3288 2753 fontes,
3351 2704 3386 2744 e

1804 2778 2008 2848 quibus
2038 2777 2499 2835 abundantissimi
2525 2779 2726 2835 divinae
2752 2780 3019 2836 doctrinae
3048 2781 3237 2836 latices
3258 2794 3386 2851 pro-

123 2865 322 2919 ﬂuunt.
379 2866 460 2920 Ad
520 2868 687 2923 hosce
736 2885 835 2925 nos
886 2870 964 2925 ire
1022 2871 1179 2941 jubet
1236 2871 1498 2943 pr0phela
1565 2888 1694 2927 cum
1768 2872 1977 2941 inquit,
2029 2870 2306 2926 Haurietis
2358 2887 2552 2940 aquam
2636 2888 2756 2925 cum
2799 2872 2995 2942 gaudio
3041 2877 3107 2925 de
3150 2870 3389 2941 fontibus

123 2957 422 3015 Saluatoris
445 2962 515 3015 ⁸³.

193 3052 610 3124 Μνημονεύεται
647 3056 847 3127 Πέτρος
877 3060 911 3127 ἡ
965 3060 1171 3130 κεφαλὴ
1208 3060 1317 3113 τῶν
1363 3062 1693 3123 ἀποστόλων,

1873 3059 2197 3115 Celebratur
2230 3056 2378 3112 Petri
2422 3057 2709 3121 memoria,
2745 3056 2838 3130 qui
2886 3056 3264 3127 apostolorum
3299 3063 3387 3111 est

122 3147 219 3201 καὶ
247 3146 624 3211 συνδοξάζεται
660 3148 759 3219 μὲν
800 3150 948 3219 αὐτῷ
979 3152 1046 3205 τὰ
1076 3151 1238 3205 λοιπά
1271 3151 1405 3224 μέλη
1438 3154 1539 3225 τῆς
1579 3153 1701 3205 Ἐκ-

124 3238 353 3309 κλησίας
380 3255 398 3271 ο
445 3240 855 3311 ἐπιστηρίζεται
901 3242 958 3295 δὲ
1001 3245 1033 3312 ἡ
1075 3243 1370 3314 Ἐκκλησία
1418 3244 1508 3298 τοῦ
1540 3244 1698 3299 Θεοῦ.

126 3325 292 3396 Οὗτος
339 3332 448 3404 γάρ
490 3334 605 3387 ἐστι
637 3333 779 3387 κατὰ
805 3334 902 3406 τὴν
931 3334 1177 3389 δοθεῖσαν
1214 3337 1364 3409 αὐτῷ
1409 3336 1563 3409 παρὰ
1607 3336 1701 3392 τοῦ

127 3421 331 3493 Κυρίου
364 3422 636 3493 δωρεάνή
688 3425 939 3496 ἀρραγὴς
993 3426 1088 3479 καὶ
1134 3426 1456 3498 ὀχυρωτάτη
1505 3427 1701 3499 πέτρα,

125 3515 211 3582 ἐφ’
243 3514 313 3587 ἠν
351 3514 450 3587 τὴν
485 3515 809 3587 Ἐκκλησίαν
845 3520 873 3572 ό
902 3518 1093 3590 Σωτὴρ
1116 3519 1455 3591 ᾠκοδόμησε.
1479 3521 1706 3592 Μνημο-

125 3605 341 3660 νεύεται
393 3608 552 3662 πάλιν
607 3610 861 3675 Ἰάκωϐος
906 3612 999 3665 καὶ
1036 3613 1321 3682 Ἰωάννης,
1349 3612 1445 3667 καὶ
1490 3613 1567 3676 ὡς
1600 3613 1708 3666 υίοί

128 3698 357 3771 βροντῆς
387 3699 491 3754 ὑπὸ
523 3700 615 3754 τοῦ
647 3702 899 3774 Σωτῆρος
938 3704 1484 3776 προσαγορευόμενοι,
1528 3705 1708 3768 πάσας

126 3787 340 3850 ἑαυτοῖς
386 3790 487 3853 τὰς
533 3791 899 3864 όμϐροτόκους
950 3794 1182 3863 νεφέλας
1221 3780 1704 3868 συνέπιφέρονταιο

130 3882 478 3953 ῥηγνυμένης
514 3883 621 3956 γὰρ
672 3885 771 3956 τῆς
810 3885 1068 3956 βροντῆς,
1099 3886 1311 3959 ἀνάγκη
1347 3889 1443 3942 καὶ
1473 3888 1573 3953 τὰς
1620 3905 1709 3943 νε·-

128 3974 302 4042 φέλας
350 3974 815 4048 συναθροίζεσθαι.
846 3978 1091 4046 Νεφέλας
1126 3979 1223 4050 μὲν
1272 3976 1366 4034 οὖν
1415 3981 1539 4044 τοὺς
1573 3982 1708 4035 ἀπο-

130 4067 411 4131 πολικούς
456 4069 550 4121 καὶ
606 4070 977 4140 προφητικοὺς
1016 4069 1207 4138 λόγους
1241 4070 1601 4142 ὑποληπτέον,
1634 4065 1710 4125 ὧν

129 4162 180 4216 εί
213 4160 310 4215 καὶ
336 4160 583 4231 διάφοροι
610 4160 704 4214 τοῦ
732 4161 1087 4233 κηρύγματος
1108 4164 1158 4213 οἱ
1187 4162 1390 4233 χρόνοι,
1422 4162 1557 4217 ἀλλὰ
1584 4164 1713 4234 σύμ,

131 4272 299 4325 φωνοι
353 4252 457 4323 τῆς
493 4254 769 4318 εὐσεϐείας
802 4254 852 4308 οἱ
882 4254 1068 4324 νόμοι·
1100 4254 1157 4321 ἐξ
1191 4256 1309 4319 ἑνὸς
1363 4256 1472 4325 γάρ
1528 4256 1712 4318 αὐτοῖς

132 4346 228 4400 καὶ
258 4343 352 4398 τοῦ
393 4344 557 4399 αὐτοῦ
606 4345 916 4416 πνεύματος
959 4345 1214 4417 ὥρμηται
1256 4346 1325 4398 τὰ
1377 4343 1708 4415 χαρίσματα.

1801 3160 1988 3223 caput,
2031 3159 2086 3206 et
2135 3166 2244 3205 una
2286 3151 2510 3221 quidem
2553 3165 2677 3204 cum
2714 3150 2835 3221 ipso
2874 3156 3075 3204 caetera
3127 3148 3388 3204 Ecclesia:

1802 3245 2045 3300 membra
2098 3244 2509 3315 gloriﬁcantur;
2547 3240 2644 3298 Dei
2695 3256 2827 3297 vero
2856 3240 3103 3303 Ecclesia
3154 3241 3211 3296 in
3265 3241 3390 3311 ipso

1803 3338 2098 3394 solidatur.
2154 3336 2254 3392 Hic
2309 3337 2478 3402 enim,
2530 3335 2687 3406 juxta
2736 3334 3161 3417 praerogativam.
3203 3333 3307 3389 sibi
3355 3349 3387 3387 a

1809 3430 2043 3485 Domino
2067 3444 2413 3497 concessam,
2452 3429 2606 3484 ﬁrma
2635 3436 2689 3483 et
2721 3426 3057 3483 solidissima
3086 3434 3243 3497 petra
3277 3435 3387 3489 est,

1806 3536 1979 3589 super
2008 3536 2172 3591 quam
2212 3520 2466 3575 Salvator
2495 3517 2799 3572 Ecclesiam
2828 3513 3139 3570 aediﬁcavit.
3180 3511 3387 3566 Memo-

1805 3612 1892 3666 ria
1926 3610 2167 3680 denique
2212 3609 2529 3664 celebratur
2569 3605 2783 3667 Jacobi,
2833 3613 2888 3660 et
2931 3603 3181 3667 Joannis,
3230 3610 3285 3657 et
3331 3610 3391 3656 ut

1808 3704 1905 3759 lilii
1950 3702 2204 3765 tonitrui,
2251 3698 2711 3771 quemadmodum
2757 3712 2852 3753 eos
2896 3695 3161 3751 Dominus
3203 3694 3392 3765 appel-

1808 3795 1963 3859 lavit,
2021 3807 2215 3847 omnes
2278 3805 2465 3846 secum
2523 3788 2835 3843 imbriferas
2893 3786 3071 3843 nubes
3125 3786 3387 3851 trahunt;

1807 3889 2018 3943 tonitru
2060 3885 2204 3940 enim
2241 3898 2423 3938 aerem
2474 3889 2788 3951 rumpente,
2822 3895 3047 3936 necesse
3087 3886 3173 3935 est
3215 3880 3391 3936 nubes

1809 3975 2155 4047 congregari.
2210 3972 2393 4029 Nubes
2422 3973 2609 4043 itaque
2657 3972 3014 4042 apostolicos,
3065 3978 3122 4027 et
3157 3971 3392 4041 prophe-

1810 4072 1951 4126 ticos
1988 4082 2270 4125 sermones
2303 4065 2617 4135 signiﬁcare
2656 4063 2991 4119 censendum
3021 4071 3124 4129 est,
3158 4079 3390 4133 quorum

1810 4162 1913 4218 etsi
1952 4159 2210 4232 praeconii
2236 4159 2457 4213 diversa
2506 4163 2635 4213 sunt
2665 4165 2936 4227 tempora,
2969 4155 3282 4211 concordes
3310 4162 3393 4208 ta-

1814 4270 1961 4315 men.
1995 4267 2061 4307 ac
2090 4252 2253 4321 plane
2285 4250 2497 4306 similes
2529 4248 2748 4320 pietatis
2778 4253 2908 4303 sunt
2939 4247 3106 4318 leges,
3157 4262 3285 4302 cum
3322 4260 3391 4300 ex

1812 4359 1927 4399 uno
1949 4342 2256 4413 eodemque
2300 4342 2501 4413 Spiritu
2546 4341 2684 4412 ipsis
2725 4338 3059 4397 charismata
3100 4354 3393 4411 promana-

145 4436 309 4491 Ἀλλὰ
348 4436 403 4490 τί
435 4440 547 4500 τοῖς
583 4437 864 4500 ἀδυνάτοις
907 4436 1176 4503 ἐπεξιέναι
1213 4436 1451 4508 τολμᾷν,
1487 4436 1582 4490 καὶ¹
1612 4435 1705 4506 τῆς

1818 4437 1948 4491 rint.
2006 4434 2112 4491 Sed
2144 4433 2279 4505 quid
2307 4449 2446 4504 opus
2498 4433 2660 4489 nobis
2692 4440 2778 4489 est
2825 4446 2913 4499 ea,
2960 4446 3085 4502 qua
3130 4431 3391 4502 explicari

132 4527 496 4598 ἀποστολικῆς
526 4529 723 4600 ἀρετῆς
751 4528 986 4595 ἐπαξίως
1012 4528 1299 4599 πειρᾶσθαι
1336 4545 1439 4599 μνη
1449 4526 1713 4597 μονεύειν;

1770 4534 2125 4599 'nequeunt,
2172 4526 2438 4581 audacter
2482 4523 2778 4595 prosequi,
2831 4529 2997 4593 atque
3032 4522 3164 4576 eniti
3206 4529 3266 4576 ut
3303 4520 3395 4575 di-

133 4621 212 4673 υύ
240 4620 377 4691 πρὸς
405 4620 623 4689 Σίμωνα
664 4622 794 4691 ἡμῖν
814 4658 830 4683 ,
859 4620 949 4673 τὸν
973 4619 1084 4673 ἀπὸ
1107 4621 1206 4688 τῆς
1244 4619 1428 4682 ἀλείας
1456 4617 1705 4689 γνωριζόε

1808 4632 1971 4689 gnam
2019 4617 2324 4688 apostolica
2351 4616 2555 4671 virtute
2596 4612 3179 4669 commemorationem
3225 4611 3395 4666 lacin-

138 4726 321 4780 μενον,
348 4711 383 4780 ἡ
408 4709 517 4762 τῶν
544 4709 780 4764 ἐπαίνων
806 4708 1101 4780 φιλοτιμία,
1123 4707 1260 4762 ἀλλά
1286 4708 1423 4781 πρὸς
1442 4709 1539 4779 τὴν
1570 4708 1715 4761 ὲκεί-

135 4818 229 4854 νου
265 4800 447 4854 πίστιν
471 4799 569 4871 τὴν
599 4799 847 4870 στερεὰν,
876 4799 971 4854 καὶ
999 4800 1179 4869 πάσης
1205 4798 1342 4869 ὁμοῦ
1368 4799 1466 4869 τῆς
1498 4798 1718 4870 Ἐκκλη-

92 4936 95 4940 ι
137 4892 262 4955 σίας
310 4891 372 4945 τὸ
406 4893 704 4963 στήριγμα.
732 4891 868 4945 Οὐδὲ
898 4890 1060 4945 πάλιν
1092 4891 1229 4962 πρὸς
1276 4890 1401 4953 τοὺς
1439 4889 1589 4952 υἱοὺς
1625 4891 1720 4943 Ζε-

136 4984 357 5038 ϐεδαίου
406 4984 497 5037 τὸν
533 4984 690 5051 λόγον
734 4983 932 5055 ἔχομεν
954 5024 970 5050 ,
999 4983 1137 5037 ἀλλὰ
1173 4982 1310 5054 πρὸς
1336 4983 1461 5046 τοὺς
1487 4983 1717 5052 Βοανερ-

135 5080 279 5146 γεῖς,
309 5077 436 5140 τοὺς
468 5076 955 5148 ἐρμηνευομὲνους,
990 5074 1159 5143 υἱοὺς
1174 5074 1460 5145 βροντῆς.
1497 5076 1606 5128 Ποῦ
1623 5074 1718 5128 νῦν

137 5168 441 5239 φανήσεται
472 5168 506 5236 ἡ
553 5166 862 5237 βραχυτάτη
897 5166 989 5221 τοῦ
1031 5166 1191 5235 λόγου
1220 5167 1371 5239 φωνὴ
1400 5206 1416 5230 ,
1450 5167 1719 5236 τοσαύτης

138 5259 237 5313 καὶ
269 5258 600 5329 τηλικαύτης
650 5259 880 5330 βροντῆς
931 5258 1031 5323 τὰς
1095 5259 1313 5313 πάντων
1346 5258 1514 5322 ἀκοὰς
1558 5276 1717 5325 περι»

138 5351 430 5423 ηχούσηςς
460 5350 673 5404 Οὐκοῦν
725 5350 859 5404 αὐτὸ
903 5350 1062 5403 τοῦτο
1098 5349 1255 5420 μόνον
1283 5349 1380 5420 τὴν
1412 5350 1548 5421 πρὸς
1598 5352 1723 5415 τοὺς

1809 4710 1971 4767 mus?
2015 4707 2136 4764 Non
2173 4708 2241 4764 ad
2277 4707 2558 4763 Simonem
2596 4705 2905 4776 piscatione
2949 4712 3140 4759 notum
3178 4709 3396 4759 nostra-

1811 4816 1934 4856 rum
1999 4800 2224 4855 laudum
2295 4799 2478 4856 studia
2527 4797 2840 4868 pertinent;
2891 4794 2988 4852 sed
3051 4794 3117 4849 ad
3184 4793 3392 4849 ﬁrmam

1816 4892 2071 4962 ejusdem
2105 4891 2290 4957 ﬁdem,
2320 4898 2377 4946 et
2400 4890 2573 4945 totius
2602 4889 2768 4945 simul
2798 4886 3060 4944 Ecclesiae
3087 4886 3394 4940 ﬁrmamen-

1817 4992 1957 5039 tum.
1989 4981 2102 5040 Nec
2144 4998 2343 5037 rursus
2390 4981 2640 5037 Zebedaai
2682 4980 2829 5037 ﬁlios
2876 4978 3242 5050 alloquimur;
3297 4977 3393 5031 sed

1817 5073 2151 5145 Boanerges,
2185 5072 2331 5143 quod
2364 5071 2783 5143 interpretatum
2833 5076 3024 5136 sonat,
3060 5066 3280 5123 touitrui
3327 5067 3394 5135 ῤ-

1816 5166 1942 5221 lios.
1963 5165 2191 5233 Qualem
2232 5182 2358 5221 nam
2393 5166 2553 5222 exilis
2586 5175 2773 5222 noster
2800 5176 2981 5220 sermo
3018 5173 3217 5216 sonum
3248 5156 3391 5221 edet,

1818 5256 1948 5310 dum
1998 5258 2105 5313 tale
2154 5266 2480 5329 tantumque
2525 5259 2736 5314 tonitru
2786 5254 3033 5312 omnium
3073 5266 3236 5307 aures
3279 5250 3391 5305 cit»

1816 5350 2144 5404 cumsonat?
2181 5350 2525 5423 Quapropter
2565 5346 2920 5421 quantumvis
2969 5353 3220 5401 nostrum
3260 5356 3394 5412 erga

141 5444 336 5511 ἁγίους
369 5441 788 5514 εὐγνωμοσύνην
808 5440 1204 5511 ἀποπληρῶσαι
1236 5442 1603 5508 σπεύσαντες,
1629 5443 1705 5495 sui

1814 5452 2037 5501 sanctos
2064 5444 2309 5501 studium
2341 5458 2407 5499 ac
2439 5445 2641 5501 bonam
2674 5448 2917 5499 nostram
2962 5452 3094 5510 erga
3134 5437 3261 5493 illos
3291 5447 3394 5490 vo-

214 5589 261 5620 "
294 5584 316 5640 l
346 5587 474 5642 Cor.
503 5602 599 5652 xu,
627 5586 716 5641 26.
826 5585 870 5616 "
901 5582 1044 5639 Psal.
1071 5599 1220 5648 xvm,
1248 5583 1301 5638 5.
1378 5583 1422 5615 ”
1451 5582 1555 5638 lsa.
1587 5599 1684 5653 xu,
1713 5585 1767 5640 ὅ.

223 5719 340 5787 (τι)
381 5719 681 5777 Delendum
707 5720 799 5775 hic
826 5718 1042 5774 videtur
1071 5731 1371 5788 pronomen
1399 5731 1519 5785 μου.
