3850 6416
461 269 567 336 735
1500 280 1513 291 ν
1692 266 1753 325 s.
1788 264 2118 323 cnscotm
2150 264 2443 322 NYSSENI
3614 250 3725 321 πε

460 377 720 432 lantatem
764 374 1016 449 explere,
1069 377 1379 455 eapsaltem
1431 377 1642 435 ratione
1690 393 2028 451 magnopere

2149 378 2238 449 ςὴνο
2254 377 2530 433 ἀκίνδυνον
2558 375 2770 448 σιωπὴν
2803 371 3222 445 καταφεύγομεν
3244 410 3264 439 ,
3312 374 3495 429 ἐκεῖνο
3539 374 3725 439 καλῶς

455 482 803 535 euperemus,
832 469 895 521 ad
922 468 1200 525 silentium
1225 480 1406 526 tamen
1428 471 1657 542 periculi
1682 487 1879 542 expers
1903 487 2033 528 con-

2149 470 2336 533 εἰδότες
2357 509 2373 533 ,
2399 470 2496 543 die
2518 468 2601 522 ἐνὶ
2644 466 2821 536 τούτῳ
2852 465 2967 537 (22)
3000 468 3121 530 ταῖς
3172 464 3383 537 μνείαις
3408 464 3519 519 τῶν
3548 467 3726 534 ἁγίων

458 550 720 627 fugimus,
752 559 953 627 quippe
982 560 1076 629 qui
1109 562 1315 631 optime
1350 564 1626 628 novimus,
1667 577 1771 619 nos
1800 570 1914 617 tum
1939 563 2034 619 de-

2149 556 2410 609 ιοινωνεῖν
2442 553 2759 624 ἀξιούμεθα,
2788 555 2848 607 ὲν
2879 552 2958 624 τῷ
2989 552 3087 616 τὰς
3123 552 3350 607 ἐκείνων
3375 553 3579 625 ἀρετὰς
3633 571 3724 624 μι-

459 664 608 701 mum
649 648 845 718 dignos
876 649 1016 713 fore,
1067 653 1161 721 qui
1201 661 1516 709 sanctorum
1564 655 1840 710 memoriae
1883 670 2036 710 com-

2149 645 2355 715 μεῖσθαι
2386 646 2479 699 καὶ⁹
2507 643 2725 717 ζηλοῦν·
2781 645 2881 698 οὐκ
2934 646 2992 697 ὲν
3021 642 3103 715 τῷ
3139 642 3286 715 λόγῳ
3331 644 3725 715 περιφέροντες

461 740 839 805 municemus,
898 744 945 797 si
995 758 1185 798 eorum
1242 746 1476 802 virtutes
1534 745 1815 802 imitemur
1870 754 2036 817 atque

2149 738 2312 792 ιύτῶν
2335 738 2424 791 τὸν
2454 737 2586 808 βίον,
2613 736 2727 791 ἀλλ’
2755 737 2813 790 ἐν
2843 739 2911 808 τῇ
2940 735 3133 808 γνώμη
3160 734 3516 800 διασώζοντες
3542 737 3726 789 αὐτῶν

459 831 822 903 aemulemur;
866 849 974 888 non
1012 818 1255 904 ipsorum
1288 847 1439 907 gesta
1492 839 1843 894 sermonibus
1886 838 2035 894 cele-

2149 830 2225 884 ιὸν
2254 830 2472 901 τρόπον.
2518 828 2812 895 Ἀποδείξει
2862 826 2975 899 γὰρ
3002 829 3151 899 ἡμᾶς
3196 826 3421 881 ἐκείνων
3464 829 3725 896 γνησίους

460 921 712 986 brantes,
752 924 846 978 sed
881 941 1070 980 eorum
1106 942 1287 983 mores
1318 928 1392 982 ita
1444 929 1630 985 animo
1659 931 2033 1000 complecten-

2149 922 2384 993 μαθητὰς
2405 960 2419 985 ,
2455 921 2515 974 οὐ
2558 920 2813 991 συνήθεια
2859 919 2997 989 μετὰ
3028 918 3282 987 ἀλογίας,
3319 916 3434 971 ἀλλ’
3468 916 3725 970 εὐσέϐεια

461 1022 565 1079 tes,
597 1022 655 1069 ut
698 1031 794 1071 eos
835 1018 975 1072 elabi
1017 1035 1323 1090 nunquam,
1355 1037 1419 1077 ac
1454 1023 1708 1079 excidere
1740 1023 2033 1094 patiamur.

2149 1013 2276 1084 μετὰ
2312 1013 2625 1077 εὐλαϐείας,
2661 1014 2755 1066 xa‘t
2799 1015 2828 1066 6
2871 1012 2984 1082 βίος
3023 1009 3306 1082 ὁμόδοξος,
3341 1011 3434 1064 καὶ
3463 1011 3493 1062 6
3518 1009 3725 1078 τρόπος

459 1106 571 1169 Nos
605 1108 754 1163 enim
796 1124 961 1165 veros
1001 1125 1192 1166 eorum
1234 1112 1542 1184 discipulos
1587 1130 1710 1171 esse
1752 1130 1862 1169 non
1894 1114 2033 1169 festa

2149 1104 2413 1176 ὓμόζηλος.
2454 1106 2632 1175 Τιμᾷς
2681 1103 2974 1175 μαρτύρων
3022 1102 3122 1171 τὴν
3182 1102 3442 1172 μνήμην;
3487 1102 3722 1172 τίμησαι

462 1197 865 1279 inconsiderate
910 1209 966 1255 et
1015 1218 1114 1272 pro
1148 1205 1546 1260 consuetudine
1583 1205 1889 1271 celebrata;
1930 1206 2033 1295 sed

2149 1196 2230 1250 ιαὶ
2270 1195 2367 1266 τὴν
2393 1194 2619 1265 γνώμην
2639 1210 2653 1225 ’
2682 1193 2935 1247 κοινωνία
2984 1191 3091 1264 γὰρ
3131 1193 3230 1263 τῆς
3258 1192 3485 1262 μνήμης
3515 1192 3550 1261 ἡ
3582 1207 3722 1260 συμδ

461 1289 714 1359 religiosa
743 1291 940 1361 pietas,
974 1295 1272 1365 eademque
1298 1295 1513 1352 vivendi
1547 1298 1708 1363 ratio,
1741 1304 1795 1353 et
1818 1282 2032 1352 mortfm

2149 1289 2310 1359 ρωνία
2340 1288 2440 1360 τῆς
2470 1288 2713 1359 γνώμης.
2747 1286 2840 1356 Μὴ
2868 1284 2977 1357 γὰρ
3012 1285 3241 1348 ἐκείνοις
3269 1284 3450 1355 μόνοις
3477 1282 3721 1352 ἐπέλαμο

465 1381 769 1436 similitudo
803 1382 1222 1441 demonstrabit.
1258 1386 1546 1443 Veneraris
1585 1395 1886 1459 martyrum
1919 1402 2034 1442 mev

2149 1382 2232 1452 μεν
2253 1383 2283 1435 6
2304 1380 2582 1452 φωτισμδς
2611 1382 2712 1451 τῆς
2740 1378 2993 1448 γνώσεως
3018 1378 3116 1447 τῆς
3147 1376 3305 1447 δόξης
3341 1375 3437 1430 τοῦ
3472 1376 3721 1444 E6171:-

462 1472 684 1539 morias,
717 1488 850 1529 eoru
878 1474 1034 1530 z-dem
1077 1492 1297 1547 quoque
1342 1479 1682 1549 propositum
1720 1493 1982 1534 venerare
2016 1495 2031 1532 :

2149 1474 2248 1527 lico
2273 1471 2367 1526 τοῦ
2396 1470 2670 1542 Χριστοῦ;
2708 1470 2783 1540 μὴ
2825 1468 2934 1541 γὰρ
2982 1467 3209 1531 ἐκείνοις
3261 1466 3441 1536 μόνοις
3486 1467 3519 1536 ἡ
3560 1466 3720 1536 χάρις

462 1569 593 1616 tunc
645 1578 882 1635 namque
919 1574 1239 1622 sanctorum
1292 1569 1571 1624 memoriis
1614 1583 1744 1624 vere
1782 1583 2034 1624 commu-

2149 1567 2509 1637 iEa/rrsc'rﬂn;
2538 1567 2604 1620 Ai
2629 1564 2837 1620 ἐντολαὶ
2868 1563 3046 1619 κοιναὶ
3064 1605 3079 1626 ,
3109 1563 3139 1615 6
3162 1560 3359 1631 τρόπος
3392 1558 3570 1621 κοινὸς
3594 1597 3609 1622 ,
3636 1553 3717 1621 εἷς

462 1654 731 1718 nicamus,
761 1670 885 1709 cum
929 1670 1120 1711 eorum
1156 1658 1284 1713 vitae
1312 1657 1560 1715 instituta
1586 1667 1882 1715 sectamur.
1915 1657 2033 1713 Non

2149 1659 2295 1715 5τῶν
2342 1658 2519 1713 πόνων
2548 1655 2892 1726 ἀγωνοθέτης
2911 1694 2928 1718 ,
2979 1654 3037 1709 ἓν
3064 1654 3125 1708 τὸ
3153 1651 3403 1724 βραϐεῖον
3438 1650 3539 1723 τῆς
3583 1649 3720 1719 ἀληο

460 1744 604 1798 enim
630 1746 741 1800 illis
770 1747 904 1804 solis
935 1748 1262 1805 illnminatio
1294 1751 1536 1807 scientiae
1557 1751 1831 1808 claritatis
1856 1751 2033 1807 Evan-

2149 1750 2285 1814 isiac
2304 1790 2320 1816 ,
2359 1743 2422 1805 οῦ
2446 1721 2653 1819 γένοιίιο
2685 1721 2894 1812 πάντας
2935 1747 3086 1819 ἡμᾶς
3131 1721 3423 1815 ἀξιωθῆναι
3451 1785 3468 1807 .
3496 1721 3503 1723 ἡ
3528 1742 3719 1812 εὐχαῖς

461 1835 583 1903 gelii
611 1833 741 1891 Jesu
774 1836 984 1893 Christi
1017 1839 1321 1895 refulsit“.
1359 1840 1479 1896 Non
1513 1842 1621 1898 illis
1650 1842 2033 1898 tantummodo

2149 1842 2233 1896 icui.
2262 1840 2579 1913 πρεσϐείαις
2626 1840 2737 1894 τῶν
2777 1836 3252 1911 μνημονευθὼτων
3279 1835 3450 1906 ἁγίων
3474 1874 3491 1902 ,
3528 1835 3717 1907 χάριτι

461 1927 689 1994 gratiam
752 1929 979 1999 largitus
1031 1940 1117 1986 est
1163 1930 1305 1989 Deus
1346 1952 1359 1988 :
1400 1942 1670 2005 praecepta
1717 1933 2032 1989 communia

2149 1935 2230 1989 τοῦ
2260 1934 2465 2006 Κυρίου
2496 1933 2653 2004 ἡμῶν
2692 1930 2867 2003 Ἰησοῦ
2899 1927 3135 2002 Χριστοῦ
3158 1968 3173 1993 ,
3198 1921 3243 1997 ᾧ
3270 1930 3304 1999 ἡ
3331 1926 3461 1994 δόξα
3507 1925 3606 1980 καὶ
3656 1925 3718 1979 τὸ

462 2026 611 2081 sunt,
666 2022 979 2076 communis
1027 2038 1247 2093 quoque
1288 2024 1374 2080 lex
1419 2041 1669 2091 morum;
1730 2042 1873 2081 unus
1925 2033 2028 2091 est,

2149 2026 2337 2097 κράτος
2368 2026 2448 2089 είς
2473 2026 2598 2087 τοὺς
2622 2024 2825 2085 αἰῶνας
2848 2021 2957 2076 τῶν
2989 2021 3222 2075 αἰώνων.
3268 2020 3462 2103 Ἀμήν.

462 2107 556 2176 qui
622 2110 959 2165 certantibus
1023 2112 1271 2167 laborum
1320 2117 1539 2186 praemia
1583 2116 1887 2182 distribuit,
1928 2132 2095 2171 unum
2135 2116 2382 2171 veritatis
2424 2115 2733 2184 praemium,
2776 2112 2937 2182 cujus
2972 2112 3107 2167 faxit
3146 2111 3311 2175 Deus,
3354 2120 3415 2166 ut
3454 2126 3558 2166 nos
3594 2124 3719 2164 om-

461 2212 562 2252 nes
601 2198 749 2266 digni
798 2200 1117 2268 elliciamur,
1153 2205 1410 2273 precibus
1472 2219 1525 2262 et
1572 2208 2067 2263 intercessionibus
2143 2215 2485 2270 sanctorum,
2553 2220 2791 2275 quorum
2850 2204 3170 2259 memoriam
3228 2202 3605 2267 celebramus,
3662 2211 3720 2259 et

462 2292 635 2361 gratia
683 2292 898 2347 Domini
948 2298 1125 2350 nostri
1159 2295 1289 2354 Jesu
1341 2296 1571 2365 Christi,
1622 2300 1712 2355 cui
1758 2301 1930 2371 gloria
1977 2307 2030 2354 et
2067 2299 2310 2370 potentia
2348 2298 2405 2353 in
2445 2297 2648 2353 szecula
2680 2296 3029 2352 saeculorum.
3072 2296 3268 2350 Amen.

467 2443 473 2455 ’
532 2468 579 2500 ³⁸
607 2468 649 2522 ll
678 2469 805 2526 Cor.
833 2486 905 2536 tv,
930 2471 986 2536 4,
1018 2470 1073 2528 6.

536 2624 647 2697 (22)
685 2623 742 2680 In
790 2626 896 2681 alia
937 2626 1098 2698 hujus
1146 2628 1411 2682 orationis
1443 2628 1698 2689 editione,
1731 2643 1853 2697 quae
1907 2628 2136 2681 habetur
2168 2627 2221 2679 in
2262 2643 2368 2682 ..ηε
2399 2625 2649 2682 Vaticani
2697 2626 2907 2683 codicis
2940 2624 3160 2697 legitur,
3221 2624 3298 2692 ὡς
3340 2624 3421 2677 ἑνὶ
3482 2622 3712 2676 τούτων.

479 2815 3694 2852 W

1737 2978 1965 3064 ΤΟΥ
2062 2978 2437 3066 ΑΥΤΟΥ

1900 3157 2264 3213 ΕΓΚΩΜΙΟΝ

642 3327 882 3441 ΕΙΣ
947 3324 1246 3442 ΤΟΝ
1322 3328 1850 3444 ΜΕΓΑΝ
1905 3330 2041 3447 Μ.

2149 3329 2603 3444 ΡΤΥΡΑ
2678 3328 3539 3448 ΘΕΟΔΩΡΟΝ.

1790 3716 2421 3811 EJUSDEM

1714 3905 1973 3965 ORATIO
2022 3908 2457 3967 LAUDATORIA

550 4089 1077 4207 SANCTI
1151 4089 1324 4205 AC
1427 4088 1883 4206 MAGNI
1991 4090 2749 4206 MARTYRIS
2848 4092 3614 4210 THEODOBI-

1748 4312 1936 4363 Eodem
1960 4314 2124 4366 Sil‘ano
2144 4317 2449 4379 interprete.

541 4603 672 4667 Vos,
734 4604 828 4675 qui
857 4603 1094 4674 populus
1124 4602 1356 4670 Christi,
1407 4606 1501 4676 qui
1542 4621 1671 4677 grex
1707 4617 1932 4664 sanctus
1982 4624 2041 4664 ac

2228 4612 2416 4682 Ὑμεῖς
2460 4614 2489 4665 6
2524 4610 2617 4665 τοῦ
2662 4611 2899 4684 Χριστοῦ
2938 4611 3084 4676 λαὸς,
3134 4613 3168 4684 ἡ
3219 4614 3349 4682 ἁγία
3389 4614 3631 4684 ποίμνη,
3661 4612 3719 4665 τὸ

469 4705 650 4768 regale
677 4697 812 4751 estis
833 4696 1222 4760 sacerdotium,
1253 4697 1345 4766 qui
1378 4699 1616 4767 undique
1639 4709 1694 4754 et
1723 4715 1792 4755 ex
1815 4700 2041 4756 urbibus

2151 4702 2417 4773 βασίλειον
2452 4703 2749 4773 ίεράτευμα
2770 4741 2786 4766 ,
2812 4704 2863 4755 oi
2894 4700 3226 4772 πανταχόθεν
3266 4700 3477 4754 ἀστικοί
3524 4718 3584 4754 τε
3629 4701 3718 4754 καὶ

468 4798 525 4844 et
552 4804 618 4842 ex
649 4788 797 4856 agris
820 4788 1138 4843 catervatim
1173 4786 1537 4852 conﬂuxistis,
1576 4790 1721 4845 unde
1756 4791 1914 4860 signo
1951 4791 2041 4845 iti-

2149 4794 2427 4863 χωριτικοὶ
2478 4794 2872 4864 συρρεύσαντες
2928 4792 3122 4863 δῆμοι,
3159 4790 3321 4845 πόθεν
3364 4790 3621 4853 λαϐόντες
3661 4790 3718 4843 τὸ

470 4880 621 4935 neris
650 4885 873 4949 accepto
900 4879 967 4933 ad
1001 4878 1146 4933 hunc
1180 4892 1397 4933 sacrum
1417 4880 1594 4935 locum
1625 4881 1890 4937 venistis?
1910 4880 2044 4948 Quis

470 4973 626 5028 vobis
650 4973 757 5027 huc
784 4971 1037 5028 veniendi
1070 4971 1206 5028 adeo
1231 4973 1431 5030 seriam
1466 4988 1533 5029 ac
1559 4976 1717 5045 quasi
1772 4978 2044 5046 praestitu-

472 5073 583 5118 tam
619 5065 1000 5119 necessitatem
1033 5063 1333 5133 imposuit?
1383 5065 1604 5136 Hocque
1631 5074 1873 5136 tempore
1927 5067 2043 5123 hie-

456 5155 602 5217 .mis,
635 5170 745 5224 quo
777 5162 831 5209 et
858 5169 889 5208 a
920 5154 1060 5210 bello
1092 5156 1250 5225 quies
1275 5163 1380 5220 est,
1411 5165 1465 5211 et
1520 5157 1676 5212 miles
1706 5168 2040 5212 armaturam

474 5252 710 5310 amovet,
737 5253 794 5300 et
808 5253 971 5300 nauta
997 5246 1428 5317 gubernaculum
1449 5264 1611 5318 supra
1636 5249 1844 5304 fumum
1871 5250 2040 5319 ponit,

473 5345 529 5393 et
556 5338 791 5408 agricola
821 5347 1063 5396 aratores
1090 5340 1256 5396 boves
1278 5341 1333 5394 in
1360 5343 1630 5411 praesepio
1654 5357 1860 5398 curans
1888 5344 2041 5413 quie-

456 5429 620 5484 scit?
649 5431 731 5484 An
766 5430 946 5500 palam
969 5438 1073 5494 est,
1101 5430 1248 5501 quod
1280 5439 1505 5488 sanctus
1534 5439 1740 5501 martyr
1782 5449 1849 5487 ex
1899 5435 2039 5486 mili-

478 5521 996 5577 taribusordinibus
1019 5522 1146 5576 tuba
1171 5521 1388 5584 cecinit,
1410 5531 1465 5577 et
1501 5524 1700 5577 multos
1723 5538 1788 5577 ex
1815 5524 2043 5579 diversis

475 5614 790 5683 regionibus
812 5616 1076 5671 excitatos
1098 5616 1165 5669 ad
1191 5630 1302 5671 sua:
1341 5616 1596 5685 requietis
1643 5616 1821 5670 locum
1852 5631 1914 5669 ac
1953 5631 2042 5671 se-

481 5705 604 5762 dem
635 5706 867 5775 vocavit,
889 5723 997 5764 non
1020 5709 1084 5763 ad
1115 5708 1365 5764 bellicum
1400 5709 1676 5767 instruens
1697 5715 2039 5780 apparatum,

2151 4884 2398 4955 σύνθημα
2424 4886 2522 4957 τῆς
2545 4885 2686 4949 ὁδοῦ,
2701 4886 2834 4955 πρὸς
2859 4884 2950 4937 τὸν
2981 4885 3124 4954 ίερδν
3146 4883 3330 4937 τοῦτον
3358 4883 3718 4953 ὲδημαγωγή-

2147 4975 2276 5046 θητε
2302 4976 2496 5044 τόπονς
2523 4977 2619 5041 Τίς
2650 4978 2777 5046 ὑμῖν
2805 4976 2902 5045 τῆς
2930 4975 3117 5030 ἐνθάδε
3148 4974 3435 5028 σπουδαίαν
3462 4972 3609 5026 οὕτω
3631 4975 3718 5027 καὶ

2148 5067 2528 5139 ὲμπρόθεσμον
2553 5075 2561 5133 ε
2589 5068 2831 5136 ἀνάγκην
2887 5065 3190 5136 ὲπέθηκενς
3234 5067 3328 5120 καὶ
3376 5064 3549 5119 ταῦτα
3602 5064 3717 5135 ὥρα

2148 5160 2441 5231 χειμῶνος,
2473 5160 2634 5230 ἡνίκα
2662 5158 2755 5212 καὶ
2787 5158 3019 5228 πόλεμος
3066 5159 3262 5229 ἠρεμεῖ
3284 5199 3298 5224 ,
3328 5158 3424 5211 καὶ
3456 5143 3716 5226 στραλτιώ-

2148 5268 2245 5322 της
2278 5253 2378 5323 τὴν
2406 5251 2701 5306 πανοπλίαν
2727 5248 3179 5313 ὰποσκευάζεται,
3212 5249 3304 5301 κα)⁸
3332 5247 3555 5318 πλωτὴρ
3580 5247 3717 5317 ὑπὲρ

2148 5342 2354 5397 καπνοῦ
2398 5342 2575 5412 τίθησι
2606 5343 2667 5394 τὸ
2702 5341 2957 5410 πηδάλιον
2980 5382 2994 5406 ,
3040 5340 3135 5393 καὶ
3185 5337 3429 5408 γεωγρδς
3456 5337 3715 5408 ἡσυχάζει

2148 5435 2271 5495 τοὺς
2296 5431 2570 5503 ἀροτῆρας
2604 5430 2729 5501 βοῦς
2754 5428 3070 5500 Θεραπεύων
3110 5427 3202 5480 ἐπὶ
3231 5429 3327 5497 τῆς
3364 5425 3612 5496 φάτνηςς
3652 5424 3715 5476 Ἦ

2157 5524 2448 5595 πρόδηλον,
2485 5523 2559 5585 ὡς
2592 5521 2848 5575 ἐσάλπισε
2896 5520 2992 5590 μὲν
3042 5522 3105 5572 ἐκ
3148 5519 3256 5572 τῶν
3313 5515 3714 5589 στρατιωτικῶν

2152 5613 2461 5681 καταλόγων
2504 5615 2534 5666 6
2573 5612 2725 5681 ἅγιος
2759 5612 3000 5682 μάρτυςο
3037 5612 3261 5681 κινήσας
3288 5609 3345 5662 δὲ
3394 5607 3621 5668 πολλοὺς
3655 5607 3711 5657 ὲκ

2150 5704 2714 5778 διαφόρωνπατρίδων
2750 5702 2886 5774 πρὸς
2910 5702 3008 5774 τὴν
3038 5702 3241 5755 οἰκείαν
3268 5701 3575 5755 ἀνάπαυσιν
3626 5692 3707 5751 καὶ
