3850 6438
119 323 217 378 737

1241 316 1330 371 ne
1357 315 1417 371 s.
1446 312 1823 395 ruuooono
1857 312 2219 370 manus.

3265 310 3374 369 738

116 441 301 495 ἑστίαν
332 437 587 494 ἐκάλεσεν
604 478 619 504 ,
648 436 749 491 οὐκ
777 416 875 501 ἐ.ς
909 436 1207 508 πολεμικὴν
1228 433 1561 505 εύτρεπίζων
1589 449 1692 487 πα-

1803 431 2218 488 sed'ad’dulcem
2264 444 2328 485 ac
2362 431 2597 487 maxime
2650 432 2992 489 Christianos
3041 431 3231 503 utique
3278 432 3378 487 dei

118 529 411 601 ρασκευὴν,
455 526 590 583 ἀλλά
638 528 775 599 πρὸς
806 528 904 599 τὴν
947 527 1203 596 γλυκεῖαν
1234 526 1330 580 καὶ
1370 525 1603 595 μάλιστα
1631 522 1696 595 δὴ

114 621 455 691 Χριστιανοῖς
482 619 796 691 πρέπουσαν
823 618 1069 688 συνάγων
1100 618 1322 689 εἰρήνην
1339 632 1355 684 ;
1374 608 1543 679 Οὗτος
1563 612 1694 684 γὰρ,

112 710 185 773 ὡς
209 708 545 780 πιστεύομεν
567 747 583 772 ,
617 709 712 762 καὶ
761 706 857 761 τοῦ
913 706 1271 778 παρελθόντος
1312 704 1559 760 ἐνιαυτοῦ
1597 702 1698 775 τὴν

114 800 460 872 βαρϐαρικὴν
493 800 661 872 ζάλην
690 800 937 871 ἐκοίμισε
961 839 977 865 ,
1021 800 1117 854 καὶ
1155 800 1245 853 τὸν
1295 798 1542 871 φρικώδη
1586 797 1697 852 τῶν

112 894 323 965 ἀγρίων
352 891 577 946 Σκυθῶν
600 891 794 961 ἐστησε
821 890 1259 958 πόλεμον,δεινδν
1285 891 1467 953 αὐτοῖς
1494 890 1699 944 ἐπισεί-

114 1003 213 1050 σας
250 986 347 1039 καὶ
392 983 620 1055 φοϐερὸν
666 984 770 1054 ἤδη
805 982 1156 1054 βλεπομένοις
1184 982 1279 1037 καὶ
1311 982 1695 1052 πλησιάσασιν,

110 1078 172 1132 ού
201 1077 406 1148 κράνος
426 1074 706 1149 τρίλοφον,
739 1073 860 1128 οὐδὲ
903 1072 1056 1143 ξίφος
1101 1066 1160 1125 εὗ
1196 1071 1555 1143 τεθηγμένον,
1604 1071 1697 1124 καὶ

112 1168 251 1240 πρὸς
276 1167 368 1220 τὸν
401 1165 550 1237 ἥλιον
580 1163 902 1219 ἀποστίλϐον
922 1202 938 1228 ,
968 1162 1105 1217 ἀλλά
1138 1163 1229 1217 τὸν
1253 1163 1576 1229 ἀλεξίκακον
1604 1162 1698 1216 καὶ

111 1257 525 1327 παντοδύναμον
559 1254 791 1326 σταυρὸν
820 1252 913 1307 τοῦ
942 1252 1201 1325 Χριστοῦ.
1226 1253 1370 1324 ὑπὲρ
1395 1247 1454 1308 οῦ
1484 1253 1578 1307 καὶ
1607 1253 1698 1305 αύ-

108 1350 203 1413 τὸς
225 1348 437 1414 παθὼν,
467 1346 566 1419 τὴν
594 1346 753 1411 δόξαν
780 1344 984 1417 ταύτην
1011 1347 1298 1416 ἐκτήσατο.
1340 1344 1449 1399 Καί
1483 1362 1572 1417 μοι
1594 1346 1698 1399 λοι⁹

110 1441 215 1494 πδν
247 1440 341 1493 τὸν
370 1438 495 1493 νοῦν
534 1439 926 1509 ἐπιστήσαντες
949 1437 1310 1508 διασκέψασθε
1336 1478 1351 1503 ,
1382 1441 1431 1492 οἱ
1468 1439 1568 1509 τῆς
1595 1458 1697 1495 κα-

108 1531 289 1601 θαρᾶς
306 1529 509 1598 ταύτης
538 1527 833 1601 θρησκείας
860 1528 1129 1599 ὑπηρέται
1155 1530 1247 1582 καὶ
1274 1528 1693 1602 φιλομάρτυρές,

106 1621 301 1693 ἡλίκον
327 1623 518 1693 χρῆμα
544 1621 782 1685 δίκαιος,
816 1621 911 1674 καὶ
948 1622 1088 1675 ὅσων
1120 1621 1365 1689 ἀξιοῦται
1398 1622 1505 1677 τῶν
1539 1624 1693 1694 ἀμοιο

113 1712 234 1765 ϐῶν
263 1711 412 1781 (τῶν
450 1711 759 1782 ἐγκοσμίων
794 1726 875 1775 τε,
903 1709 1066 1780 λέγω,
1096 1712 1189 1766 καὶ
1216 1712 1324 1765 τῶν
1355 1714 1485 1784 παρ’
1524 1715 1657 1785 ἡμῖν
1680 1730 1693 1744 ·

1804 533 2016 580 centeni
2059 536 2247 594 pacem
2290 523 2535 594 cogens?
2564 523 2671 580 llic
2726 527 2893 588 enim,
2948 532 3010 579 ut
3071 524 3373 589 credimus,

1803 615 1967 672 etiam
1998 629 2144 669 anno
2185 616 2460 684 praeterito
2484 616 2825 671 barbaricam
2865 626 3239 687 tempestatem
3288 632 3377 673 see

1803 706 2044 771 davit,et
2067 706 2398 762 horrendum
2415 706 2656 763 ferorum
2684 717 2739 762 et
2776 709 3091 763 immanium
3140 707 3375 781 Scytha-

1804 815 1925 855 rum
1981 799 2183 854 bellum
2245 798 2480 853 inhibuit
2519 808 2684 869 atque
2732 801 3017 869 repressit,
3074 801 3376 857 terribilem

1804 901 1969 963 atque
2004 890 2401 946 formidabilem
2467 890 2576 946 illis
2631 891 2743 960 jam
2780 892 2915 947 visis
2969 900 3023 947 et
3079 894 3377 963 appmpino

1804 981 2100 1053 quantibus
2130 979 2427 1034 obvibrans
2461 995 2571 1034 non
2618 981 2826 1051 galeam
2867 981 3032 1035 trinis
3069 982 3257 1037 cristis
3323 989 3378 1036 et

1804 1075 1959 1130 conis
1988 1072 2279 1138 insignem,
2317 1086 2494 1141 neque
2524 1070 2765 1141 gladium
2792 1071 2930 1125 bene
2956 1078 3175 1125 acutum
3207 1079 3263 1127 et
3309 1072 3378 1125 ad

1803 1166 1973 1220 solem
2004 1162 2466 1233 resplendentem,
2498 1162 2591 1218 sed
2628 1161 2897 1216 malorum
2922 1163 3378 1233 propulsatricem

1803 1264 1856 1312 et
1884 1257 2314 1325 omnipotentem
2345 1268 2565 1308 crucem
2595 1253 2821 1317 Christi,
2852 1268 2951 1324 pro
2996 1250 3105 1323 qua
3150 1264 3204 1309 et
3263 1258 3380 1323 ipse

1805 1356 2033 1401 mortem
2099 1360 2397 1415 perpessus
2450 1346 2592 1398 hanc
2643 1344 2874 1415 gloriam
2924 1343 3234 1414 acquisivit.
3301 1346 3380 1398 Ac

1804 1437 1937 1492 mihi
1957 1438 2218 1508 deinceps
2249 1437 2495 1490 animum
2526 1436 2870 1491 attendentes
2899 1436 3265 1500 considerate,
3280 1435 3381 1506 qui

1806 1528 1969 1597 hujus
2000 1528 2125 1598 puri
2186 1526 2369 1583 cultus
2399 1528 2634 1581 ministri
2670 1541 2735 1582 ac
2778 1534 3088 1598 martyrum
3147 1527 3380 1581 studiosi

1805 1620 1961 1684 estis,
1992 1628 2196 1690 quanta
2232 1635 2321 1674 res
2349 1619 2422 1673 sit
2444 1619 2647 1687 justus.
2680 1631 2957 1689 quamque
3006 1619 3208 1673 multas
3246 1633 3379 1674 con-

1806 1718 2065 1782 sequatur
2099 1710 2568 1766 remunerationes
2614 1709 2814 1780 (de,iis
2844 1711 3038 1780 loquor
3060 1724 3382 1766 remunera-

106 1802 223 1856 τῶν
252 1801 364 1873 γάρ
396 1802 643 1871 ἀοράτων
680 1803 855 1866 οὐδεὶς
912 1803 1094 1867 ἱκανὸς
1128 1803 1442 1873 λογίσασθαι
1479 1805 1579 1875 τὴν
1610 1824 1699 1877 με·

1806 1804 2068 1866 tiouibus,
2097 1816 2220 1872 qua:
2250 1802 2308 1856 in
2333 1801 2559 1865 mundo,
2588 1807 2642 1856 et
2670 1801 2812 1870 apud
2862 1815 2965 1856 nos
3008 1810 3377 1871 praestantur:

107 1892 557 1964 γαλοπρέπειαν)
584 1906 599 1921 ο
635 1893 729 1946 καὶ
772 1891 1102 1963 διορίσαντες
1141 1893 1232 1946 τὸν
1272 1894 1374 1964 τῆς
1420 1894 1700 1960 εὐσεϐείας

109 1984 351 2058 καρπὸν,
379 1983 654 2055 ζηλώσατε
680 1983 787 2036 τῶν
818 1982 962 2037 οὕτω
990 1983 1418 2055 προτιμωμένων
1441 1985 1539 2056 τὴν
1563 1986 1704 2054 γνώ-

114 2094 249 2148 μην.
293 2058 700 2147 Ἐπιθυμήσατε
747 2074 803 2128 δὲ
840 2074 949 2128 τῶν
993 2075 1170 2144 γερῶν
1204 2074 1241 2129 ἀ
1284 2076 1516 2147 Χριστὸς
1565 2076 1702 2148 πρὸς

110 2168 275 2234 ἀξίαν
294 2166 537 2237 διανέμει
556 2169 670 2229 τοῖς
697 2166 977 2236 ἀθληταῖς.
1013 2167 1121 2220 Καὶ
1139 2166 1299 2233 τέως,
1332 2168 1380 2219 εί
1403 2167 1569 2234 δοκεῖ,
1601 2168 1702 2238 τῆς

110 2259 472 2321 ἀπολαύσεως
493 2257 602 2310 τῶν
624 2256 924 2328 μελλόντων
951 2256 1170 2325 ἀγαθῶν
1206 2257 1604 2329 σχολαζούσης,
1636 2259 1702 2330 ἢν

112 2353 277 2415 ἐλπὶς
314 2350 493 2422 ἀγαθὴ
542 2349 864 2420 ταμιεύεται
912 2352 1025 2413 τοῖς
1075 2350 1342 2419 δικαίοις,
1383 2351 1542 2422 ἡνίκα
1573 2352 1641 2405 ἂν
1675 2352 1704 2404 ὁ

111 2441 226 2495 τῶν
265 2439 552 2512 ἡμετέρων
595 2438 723 2510 βίων
750 2438 1009 2510 δικαστὴς
1038 2440 1363 2512 ἐπιφοιτήσῃ
1390 2480 1405 2505 ,
1435 2442 1533 2512 τὴν
1562 2457 1704 2505 παρ-

112 2528 286 2586 οῦσαν
325 2532 521 2603 ἴδωμεν
546 2531 655 2585 τῶν
683 2530 853 2600 ἁγίων
878 2531 1230 2596 κατάστασιν,
1264 2532 1412 2596 ὅπως
1444 2532 1703 2603 καλλίστη

115 2622 236 2675 ἐστὶ
271 2621 368 2674 καὶ
424 2619 866 2690 μεγαλοπρεπής.
891 2618 1055 2689 Ψυχὴ
1108 2619 1206 2689 μὲν
1261 2620 1366 2690 γὰρ
1409 2619 1704 2673 ἀνελθοῦσα

116 2712 253 2784 περὶ
288 2712 383 2764 τὸν
437 2710 566 2764 ῐδιον
607 2708 807 2783 κλῆρον
840 2710 1206 2783 ἐμφιλοχωρεῖ
1229 2753 1245 2777 ,
1281 2712 1376 2765 καὶ
1399 2712 1704 2781 ἀσωμάτως

115 2807 231 2868 τοῖς
260 2804 470 2875 ὁμοίοις
528 2802 926 2857 ωνδιαιτᾶταιο
959 2803 1119 2874 σῶμα
1152 2802 1208 2857 δέ
1261 2802 1323 2856 τὸ
1366 2804 1561 2874 σεμνὸν
1610 2804 1704 2857 καὶ

115 2895 454 2967 ἀκηλίδωτον
478 2894 691 2966 ἐκείνης
717 2894 948 2967 ὄργανον
966 2935 981 2958 ,
1014 2893 1249 2966 οὐδαμοῦ
1274 2898 1383 2958 τοῖς
1418 2895 1568 2958 ίδίοις
1600 2894 1704 2948 πά-

117 2986 241 3038 θεσι
285 2984 495 3055 βλάψαν
525 2983 626 3055 τῆς
660 2984 1019 3056 ἐνοικησάσης
1051 2984 1149 3055 τὴν
1186 2984 1523 3058 ἀφθαρσίαν,
1563 2986 1703 3057 μετά

1802 1909 1927 1949 nam
1962 1908 2175 1959 earum,
2216 1907 2339 1963 quae
2388 1894 2568 1947 visum
2619 1891 2909 1962 eﬂ'ugiunt,
2962 1892 3381 1963 magniﬁcentiae

1802 2000 1962 2042 nemo
1992 1986 2129 2042 satis
2159 1985 2390 2040 idoneus
2423 1983 2727 2038 restimator
2747 1992 2875 2054 est),
2912 1992 2969 2038 et
2987 1984 3209 2054 cognito
3261 1985 3382 2054 pie-

1802 2082 1933 2136 tatis
1966 2079 2170 2142 fructu,
2202 2077 2496 2133 imitamini
2545 2076 2864 2139 consilium,
2922 2085 2977 2130 et
3021 2077 3256 2147 aspirate
3309 2076 3383 2131 ad

1803 2174 2047 2226 animum
2080 2179 2137 2226 et
2166 2170 2505 2225 voluntatem
2542 2182 2757 2231 eorum,
2793 2168 2887 2239 qui
2913 2169 2988 2222 ita
3017 2184 3125 2239 pne
3168 2170 3383 2226 caneris

1804 2264 2170 2324 honorantur,
2202 2269 2367 2331 atque
2392 2259 2771 2328 concupiscite
2799 2267 2854 2314 et
2879 2258 3131 2316 affectate
3163 2276 3226 2317 ea
3245 2277 3384 2332 prae-

1803 2359 1933 2422 mia,
1967 2374 2090 2427 quae
2129 2356 2386 2411 Christus
2448 2354 2671 2409 athletis
2702 2368 2804 2423 pro
2857 2354 3057 2409 merito
3114 2356 3384 2425 cujusque

1802 2449 2108 2507 distribuit.
2139 2450 2315 2518 Atque
2348 2449 2404 2501 in
2436 2446 2726 2516 praesentia
2776 2446 2823 2501 si
2872 2446 3070 2516 placet,
3133 2456 3387 2502 cessante

1806 2539 2122 2595 futurorum
2148 2539 2419 2594 bonorum
2451 2536 2654 2603 fructu,
2689 2550 2850 2607 quem
2886 2537 3029 2591 bona
3061 2553 3188 2608 spes
3217 2537 3386 2607 justis

1802 2631 1859 2685 in
1888 2630 2025 2685 illud
2056 2630 2235 2700 reiicit
2266 2637 2511 2699 tempus,
2540 2643 2651 2699 quo
2704 2643 2888 2683 rerum
2925 2629 2982 2683 in
3017 2631 3128 2684 vita
3191 2638 3382 2684 nostra

1803 2730 2048 2777 actarum
2086 2721 2255 2789 judex
2315 2719 2630 2775 advenerit:
2694 2728 3015 2789 praesentem
3066 2728 3381 2776 sanctorum

1803 2817 2005 2866 statum
2062 2809 2442 2879 inspiciamus,
2492 2821 2656 2877 quam
2698 2808 2995 2877 praeclarus
3033 2808 3385 2879 magniﬁcus-

1801 2916 1910 2972 que
1943 2901 2035 2957 sit.
2066 2898 2200 2953 Nam
2232 2898 2413 2953 anima
2441 2897 2662 2968 quidem
2700 2912 2766 2951 ex
2794 2911 2905 2967 quo
2930 2898 3186 2954 sublimis
3224 2900 3383 2965 abiit,

1802 2994 1857 3046 in
1897 3006 1999 3047 suo
2023 2991 2146 3046 loco
2173 2989 2501 3061 acquiescit,
2533 2997 2590 3044 et
2616 3003 2849 3059 corpore
2904 2992 3083 3045 soluta
3138 3005 3263 3045 cum
3297 2993 3383 3046 sui

116 3076 327 3147 πολλῆς
366 3076 535 3146 τιμῆς
579 3076 676 3132 καὶ
715 3076 1009 3149 θεραπείας
1035 3078 1376 3148 περισταλέν,
1404 3079 1615 3149 σεμνῶς
1643 3080 1699 3133 ἐν

1803 3081 2075 3136 similibus
2120 3096 2225 3134 una
2255 3079 2421 3146 vivit;
2481 3093 2685 3149 corpus
2728 3094 2863 3133 vero
2907 3080 3276 3134 venerandum
3328 3089 3387 3136 et

119 3172 257 3244 ἱερῷ
301 3172 454 3243 τόπῳ
484 3171 825 3238 κατάκειται,
857 3170 1047 3242 ῶσπερ
1086 3188 1139 3224 τι
1171 3171 1450 3242 κειμήλιον
1483 3172 1699 3226 πολυτί-

1806 3173 2214 3227 immaculatum
2246 3172 2395 3227 illius
2421 3170 2873 3234 instrumentum,
2906 3172 3050 3241 quod
3087 3172 3204 3227 suis
3236 3174 3389 3230 vitiis

119 3280 298 3339 μητον
328 3263 408 3334 τῷ
434 3262 611 3336 καιρῷ
632 3264 730 3336 τῆς
750 3262 1168 3337 παλιγγενεσίας
1190 3263 1545 3335 τηρούμενον,
1570 3264 1699 3319 πολὺ

1806 3273 1860 3319 et
1887 3263 2353 3319 affectibus-illius
2396 3263 2758 3318 inhabitantis
2812 3263 3385 3333 incorruptibilitatem

118 3359 181 3410 τὸ
224 3356 559 3429 ἀσύγκριτον
587 3356 708 3427 ἐχον
740 3354 876 3427 πρὸς
914 3355 983 3409 τά
1016 3356 1154 3410 ἄλλα
1189 3355 1298 3410 τῶν
1329 3356 1597 3427 σωμάτων
1626 3394 1643 3421 ,
1670 3357 1699 3412 ἃ

1807 3371 1916 3411 non
1946 3356 2107 3419 laesit,
2146 3370 2273 3410 cum
2305 3355 2483 3410 multo
2508 3356 2718 3411 honore
2745 3362 2809 3409 et.
2836 3355 2989 3409 cultu
3022 3358 3385 3426 compositum

119 3447 292 3520 κοινῷ
336 3450 431 3503 καὶ
459 3446 537 3518 τῷ
568 3448 783 3519 τυχόντι
807 3447 1022 3519 διελύθη
1061 3447 1305 3518 θανάτῳ,
1336 3447 1627 3502 καὶταῦτα
1650 3450 1699 3502 ἐν

1809 3457 1973 3517 atque
2006 3454 2260 3501 ornatum
2291 3447 2346 3501 in
2379 3454 2614 3518 augusto
2642 3462 2911 3516 sacroque
2938 3448 3058 3503 loco
3085 3450 3247 3505 situm
3268 3461 3347 3504 est
3368 3468 3387 3505 :
3450 3520 3453 3525 γ

120 3541 290 3611 ὁμοίᾳ
327 3538 430 3611 ὕλῃ
460 3539 562 3609 τῆς
595 3538 828 3609 φύσεως.
858 3538 941 3593 Τὰ
972 3539 1069 3610 μὲν
1097 3537 1207 3611 γὰρ
1232 3538 1366 3593 ἀλλα
1391 3538 1500 3594 τῶν
1524 3539 1699 3610 λειψά-

1808 3538 1955 3608 quod
1992 3538 2158 3592 veluti
2210 3553 2302 3592 res
2351 3538 2518 3592 chara
2565 3538 2859 3608 magnique
2896 3538 3163 3593 aestimata
3224 3547 3390 3609 atque

122 3649 257 3695 νων,
280 3630 377 3684 καὶ
399 3629 661 3702 βδελυκτά
679 3632 792 3693 τοῖς
823 3628 1037 3693 πολλοῖς
1061 3630 1197 3694 ἐστι,
1220 3630 1312 3684 καὶ
1341 3630 1516 3694 οὐδεὶς
1539 3630 1699 3703 ηδέως

1809 3630 2093 3686 recondita
2119 3632 2171 3685 in
2192 3638 2410 3702 tempus
2438 3632 2871 3702 regenerationis
2886 3638 3222 3697 reservatur,
3245 3633 3390 3687 mul-

123 3722 467 3795 παρέρχεται
498 3720 687 3789 τάφον.
720 3721 756 3791 ἢ
780 3720 876 3776 καὶ
905 3720 1168 3792 ἀνεῳγότι
1195 3720 1374 3791 τυχὼν
1399 3721 1462 3774 ἐκ
1481 3720 1576 3775 τοῦ
1601 3738 1699 3777 παι

1810 3723 1884 3779 tis
1915 3722 2290 3793 singularibus
2320 3730 2375 3777 et
2408 3722 2628 3777 eximiis
2653 3724 2818 3779 rebus
2841 3724 3144 3794 praeditum,
3167 3733 3392 3795 propter

127 3815 358 3887 ραδόξου
383 3852 398 3878 ,
428 3812 701 3866 ἐπιϐαλὼν
730 3812 789 3865 δὲ
821 3812 920 3885 τὴν
942 3810 1066 3882 ὄψιν
1093 3814 1161 3883 τῇ
1196 3811 1444 3883 ἀμορφία
1485 3811 1593 3865 τῶν
1614 3813 1699 3885 ,ἐγι

1810 3829 1952 3884 quas
1982 3814 2049 3867 ad
2092 3813 2201 3867 alia
2249 3828 2504 3883 corpora,
2548 3828 2671 3884 qua:
2725 3815 3003 3869 communi
3058 3830 3121 3869 ac
3178 3816 3391 3887 vulgari

123 3909 426 3979 κειμένων,
450 3892 632 3978 πάσης
658 3905 848 3977 ἀηδίας
876 3904 1205 3977 πληρωθεὶς,
1232 3906 1327 3959 καὶ
1354 3904 1525 3978 βαρέα
1540 3922 1699 3959 κατα-

1812 3912 1990 3960 morte
2025 3904 2299 3961 dissoluta
2325 3914 2475 3968 sunt,
2503 3920 2573 3960 ne
2596 3904 3025 3975 comparandum
3048 3904 3266 3974 quidem
3283 3915 3389 3970 est,

127 3997 394 4061 στενάξας
422 3999 521 4068 τῆς
568 3996 984 4067 άνθρωπότητος
1035 3996 1389 4068 παρατρέχει.
1433 3995 1632 4050 Ἐλθὼν
1654 3996 1699 4049 δὲ

1813 3996 1978 4067 idque
1997 3996 2054 4051 in
2089 3995 2257 4052 simili
2276 3995 2505 4050 materia
2531 4003 2765 4052 naturai.
2789 3994 2924 4050 Nam
2942 4003 3153 4050 caetera;
3169 3996 3391 4065 quidem

124 4090 208 4152 εἰς
238 4105 293 4143 τι
324 4088 521 4159 χωρίον
549 4088 733 4159 ὅμοιον
762 4086 958 4158 τούτῳ,
985 4084 1112 4140 ἔνθα
1140 4086 1378 4158 σήμερον
1398 4086 1427 4139 ό
1450 4086 1699 4157 ἡμέτερος

1814 4087 2062 4158 reliquiae
2119 4087 2285 4143 etiam
2339 4086 2745 4143 abominabiles
2774 4088 3051 4159 plerisque
3097 4098 3261 4154 sunt;
3326 4102 3394 4143 ac

126 4176 421 4244 σύλλογος,
455 4176 589 4229 ὅπου
644 4174 832 4246 μνήμη
877 4172 1087 4227 δικαίου
1122 4173 1217 4227 καὶ¹
1249 4171 1403 4241 ἅγιον
1444 4170 1699 4241 λείψανον

1814 4193 1975 4235 nemo
2007 4178 2261 4233 lubenter
2305 4178 2619 4246 sepulcrum
2669 4179 2937 4249 praeterit,
2970 4188 3066 4233 aut
3115 4180 3160 4234 si
3200 4195 3265 4235 ex
3309 4180 3394 4233 in-

127 4266 353 4340 πρῶτον
377 4266 479 4337 μὲν
516 4268 583 4337 τῇ
616 4262 1061 4336 μεγαλοπρεπείᾳ
1099 4262 1208 4316 τῶν
1257 4261 1549 4333 ὁρωμένων
1578 4259 1699 4332 ψυχ-

1815 4270 2039 4341 opinato
2098 4277 2347 4339 apertum
2406 4269 2668 4335 ostendit,
2731 4270 3079 4326 deformitate
3130 4272 3391 4326 nimirum

126 4360 432 4428 αγωγεῖται
450 4396 467 4425 ,
491 4352 637 4411 οἱκον
671 4356 883 4428 βλέπων
906 4354 981 4419 ὡς
1008 4354 1143 4408 Θεοῦ
1170 4353 1316 4419 ναὸν,
1350 4353 1699 4426 ἐξησκημένοι

1816 4375 2003 4416 earum
2037 4373 2223 4414 rerum
2281 4374 2405 4430 quae
2452 4359 2590 4415 inibi
2641 4360 2849 4432 jacent,
2903 4361 3094 4417 faciem
3139 4363 3396 4431 operiens

126 4451 405 4524 λαμπρῶς
450 4450 529 4521 τῷ
577 4450 796 4521 μεγέθει
838 4452 936 4522 τῆς
983 4449 1307 4519 οἰκοδομῆς,
1347 4448 1443 4502 καὶ
1493 4448 1580 4519 τῷ.
1618 4449 1699 4521 τῆς

1816 4438 1990 4505 οωιιί⁶
2024 4448 2427 4519 injucunditate
2462 4450 2730 4521 repletus,
2774 4458 2833 4506 et
2876 4450 3133 4506 humana:
3184 4459 3395 4506 natura:

129 4513 831 4614 {nixospﬁosmc-xdtnst,
885 4513 1013 4594 ἐνθα
1066 4513 1178 4594 καὶ.⁷
1196 4513 1404 4594 τέκτων
1450 4513 1699 4605 sig-Clima

1816 4541 2117 4599 conditioni
2145 4542 2385 4613 graviter
2417 4541 2784 4612 ingemiscens
2816 4544 3211 4613 praetercurrit.
3237 4542 3395 4610 Quod

130 4634 437 4705 φαντασίαν
482 4633 543 4687 τὸ
573 4633 727 4698 ξύλον
767 4632 1076 4705 ἐμόρφωσε,
1116 4632 1211 4685 καὶ
1248 4631 1481 4697 λιθοξόος
1510 4633 1590 4696 εὶς
1617 4632 1699 4701 ἀρ-

1818 4637 1866 4693 si
1903 4635 2109 4691 venerit
2134 4634 2201 4689 ad
2230 4634 2469 4705 aliquem
2504 4635 2683 4688 locum
2714 4634 2945 4689 similem
2974 4634 3123 4701 huic,
3151 4635 3244 4691 ubi
3296 4636 3395 4691 ho-

130 4728 305 4800 γύρου
328 4724 579 4797 λειότητα
612 4723 712 4788 τάς
741 4724 956 4786 πλάκας
1002 4722 1282 4789 ἀπέξεσεν.
1316 4721 1625 4793 Ἐπέχρωσε
1662 4720 1699 4772 δί

1818 4727 1906 4782 die
1939 4732 2126 4782 noster
2153 4734 2455 4781 conventus
2491 4724 2744 4779 habetur.
2774 4724 2864 4778 ubi
2914 4724 3180 4779 memoria
3229 4725 3394 4793 justi,

129 4822 225 4875 καὶ
253 4817 545 4889 ζωγράφος
573 4817 643 4871 τά
670 4816 805 4888 ἀνθη
838 4816 939 4887 τῆς
972 4815 1168 4887 τέχνης
1199 4816 1259 4868 ἐν
1292 4815 1461 4868 εἰκόνι
1494 4814 1690 4885 διαγρα

1816 4831 2130 4889 sanctaque
2158 4819 2403 4889 reliquize
2431 4826 2561 4874 sunt
2605 4836 2619 4872 :
2658 4817 2897 4887 primum
2935 4817 3157 4886 quidem
3203 4831 3393 4871 earum

128 4913 379 4982 ψάμενος
401 4949 417 4973 ,
442 4908 540 4971 τὰς
576 4905 856 4979 ἀριστείας
899 4906 993 4960 τοῦ
1029 4906 1335 4977 μάρτυρος,
1380 4903 1477 4967 τὰς
1526 4903 1699 4958 ἐνστά-

1818 4927 2000 4967 rerum
2034 4910 2458 4982 magnificentia,
2506 4925 2647 4979 quas
2676 4908 2846 4974 videt,
2881 4910 3210 4973 oblectatur,
3264 4910 3395 4963 dum

131 5022 280 5069 σεις,
336 5000 436 5066 τὰς
470 5000 769 5071 ἀλγηδόνας
791 5037 808 5065 ,
840 4998 940 5062 τάς
971 4997 1254 5070 θηριώδεις
1293 4996 1401 5051 τῶν
1445 4996 1699 5068 τυράννωε

1815 5000 1985 5056 aedem
2026 5007 2083 5055 ut
2126 5000 2388 5070 templum
2426 4999 2521 5055 Dei
2563 5009 2618 5055 et
2649 5001 3029 5070 magnitudine
3080 5008 3394 5061 structura,

134 5094 355 5167 μορφάς
380 5132 396 5156 ,
423 5091 522 5156 τάς
548 5090 811 5163 ἐπηρείας
830 5129 846 5156 ,
881 5090 981 5162 τὴν
1003 5087 1366 5161 φλογοτρόφον
1390 5089 1603 5159 ἐκείνην
1628 5089 1697 5143 κά

1816 5101 1871 5147 et
1922 5091 2121 5162 adjecti
2182 5102 2409 5146 ornatus
2459 5092 2657 5146 decore
2716 5091 3000 5161 splendide
3055 5092 3395 5145 elaboratum

136 5205 292 5259 μινον
320 5226 335 5250 ,
390 5185 490 5256 τὴν
545 5182 970 5255 μακαριωτάτην
1019 5179 1295 5235 τελείωσιν
1332 5179 1424 5233 τοῦ
1460 5180 1692 5252 ἀθλητοῦ

1818 5182 2080 5247 intuetur,
2113 5181 2205 5236 ubi
2240 5190 2296 5235 et
2327 5179 2481 5235 faber
2507 5181 2563 5235 in
2590 5182 2909 5236 animalium
2936 5182 3163 5252 figuram
3189 5180 3394 5250 lignum

132 5278 226 5333 τοῦ
254 5275 596 5346 ἀγωνοθέτου
618 5274 853 5347 Χριστοῦ
880 5274 983 5345 τῆς
1014 5272 1359 5344 ἀνθρωπίνης
1402 5272 1618 5345 μορφῆς
1654 5272 1699 5327 τί

1825 5274 2098 5347 formavit,
2121 5281 2176 5327 et
2204 5273 2441 5327 latomus
2473 5272 2541 5327 ad
2583 5274 2793 5345 argenti
2844 5272 3122 5328 levitatem
3178 5278 3394 5326 crustas

135 5370 443 5440 ἐκτύπωμα
466 5407 482 5433 ,
518 5367 695 5421 πάντα
724 5365 883 5438 ἡμῶν
912 5365 988 5430 ὡς
1019 5364 1077 5417 ἐν
1123 5362 1312 5434 βιϐλίῳ
1349 5366 1455 5417 τινὶ
1478 5364 1699 5433 γλωττο-

1820 5362 2060 5441 lapideas
2116 5360 2401 5432 expolivit.
2454 5362 2673 5418 lnduxit
2745 5369 2925 5417 autem
2981 5362 3147 5416 etiam
3222 5360 3393 5430 pictor

137 5463 289 5535 φόρῳ
318 5460 409 5515 διὰ
436 5460 741 5532 χρωμάτων
773 5456 1316 5529 τεχνουργησάμενος
1342 5492 1357 5519 ,
1392 5455 1578 5523 σαφῶς
1629 5456 1699 5509 δι,⁴

1818 5456 1984 5508 tlores
2015 5452 2155 5509 artis
2198 5455 2253 5509 in
2302 5455 2537 5527 imagine
2565 5456 2833 5527 depictos,
2868 5454 3030 5509 fortia
3078 5453 3221 5510 facta
3254 5469 3393 5507 mar-

134 5555 408 5626 ηγόρευσε
428 5550 555 5615 τοὺς
580 5550 793 5620 ἀγῶνας
812 5547 906 5601 τοῦ
936 5548 1229 5618 μάρτυρος,
1253 5546 1347 5599 καὶ
1374 5546 1450 5610 ὡς
1471 5546 1699 5618 λειμῶνα

1821 5548 1980 5619 tyris.
2016 5548 2433 5618 repugnantias,
2485 5550 2785 5608 cruciatus,
2820 5546 3075 5601 efferatas
3098 5554 3154 5601 et
3201 5546 3395 5599 imma-

135 5643 392 5717 λαμπρὸν
413 5639 505 5696 τὸν
533 5640 668 5696 νεὼν
700 5638 1062 5711 κατηγλάῖσεν
1082 5653 1099 5668 ο
1139 5633 1245 5691 οῐδε
1272 5638 1382 5707 γάρ
1416 5638 1509 5693 καὶ
1529 5640 1699 5711 γραφί

1821 5656 1921 5695 nes
1964 5647 2324 5710 tyrannorum
2361 5639 2589 5706 formas,
2629 5641 2863 5709 impetus
2914 5639 3206 5706 violentos,
3242 5636 3389 5691 flam-

138 5736 403 5791 σιωπῶσα
432 5734 494 5792 ἐν
519 5733 684 5807 τοίχῳ
708 5731 887 5787 λαλεῖν
910 5772 928 5802 ,
962 5730 1055 5787 καὶ
1090 5731 1159 5786 τά
1188 5729 1423 5802 μέγιστα
1451 5729 1699 5801 ὠφελεῖν

1821 5740 2005 5805 meum
2034 5726 2202 5807 illum
2256 5726 2561 5799 fornacem,
2616 5727 2991 5784 beatissimam
3048 5741 3403 5787 consumma;
