3850 6388
465 252 571 309 739

1729 249 1785 304 S.
1823 247 2148 305 GREGORII
2192 247 2483 306 NYSSENI

3634 255 3742 309 740

467 374 674 429 tionem
697 370 933 436 athletae,
965 370 1327 429 certaminum
1376 370 1629 442 pmsidis
1670 370 1876 429 Christi
1937 373 2044 427 bu-

2171 375 2243 427 ιαὶ
2263 375 2290 426 6
2327 373 2436 428 τῶν
2459 374 2709 445 ψηφίδων
2744 373 3007 446 συνθέτης
3030 419 3045 443 ,
3073 378 3314 449 ἱστορίας
3337 377 3485 443 ἀξιον
3506 377 3743 447 ἐποίησε

467 479 646 520 mana:
676 464 867 521 forma:
891 462 1148 536 elligiem,
1177 464 1365 520 omnia
1391 464 1555 521 nobis
1582 474 1844 535 tanquam
1868 464 1924 520 in
1981 465 2046 519 li-

2149 464 2212 518 τδ
2244 465 2585 536 πατούμενον
2617 468 2830 538 ἔδαφος.

467 559 571 616 bro
591 558 850 630 quodam,
906 558 1000 629 qui
1060 558 1369 631 linguarum
1434 559 1917 630 interpretationes
1966 555 2270 621 contineat,
2350 559 2631 617 coloribus
2680 560 2981 617 artificiose
3030 561 3353 632 depingens,
3425 561 3746 615 certamina

467 658 631 719 atque
681 648 897 704 labores
920 650 1183 721 martyris
1227 649 1389 706 nobis
1412 650 1708 721 expressit,
1737 639 1813 705 π’
1828 657 2087 719 tanquam
2128 660 2344 717 pratum
2380 639 2673 705 amomum
2727 660 2783 707 et
2813 652 3068 709 ﬂoridum
3110 654 3370 723 templum
3408 651 3744 715 exornavit;

469 745 609 800 solet
629 743 777 798 enim
814 743 978 799 etiam
1019 744 1231 813 pictura
1263 752 1450 800 tacens
1498 745 1553 800 in
1599 744 1810 815 pariete
1861 744 2036 813 loqui,
2076 742 2424 814 maximeque
2442 744 2744 815 prodesse;
2805 747 3122 819 lapillorum
3168 748 3299 803 item
3366 748 3749 803 concinnator-

468 835 715 891 historia:
742 850 841 906 par
868 850 1006 905 opus
1033 836 1089 890 in
1118 835 1448 906 pavimento,
1481 836 1628 906 quod
1655 835 1883 906 pedibus
1923 834 2189 897 calcatur,
2217 833 2415 889 ell‘ecit.

543 926 638 982 llis
672 928 836 997 igitur
876 936 994 983 arte
1025 927 1320 984 elaboratis
1377 928 1635 997 operibus
1690 942 1813 997 qua:
1861 924 2049 981 sensui

469 1019 716 1089 exposita
747 1025 896 1081 sunt,
928 1016 1022 1071 ubi
1049 1016 1239 1071 oculos
1267 1016 1582 1079 oblectavit,
1611 1016 1764 1086 cupit
1791 1014 2051 1083 deinceps

468 1111 637 1169 etiam
666 1108 771 1179 ipsi
805 1107 1115 1164 conditorio
1147 1106 1603 1176 appropinquare,
1655 1103 2050 1159 sanctiﬁcatio-

471 1220 597 1261 nem
678 1217 745 1258 ac
830 1200 1298 1262 benedictionem,
1376 1197 1864 1253 contrectationem
1928 1194 2051 1264 ejus

471 1310 597 1352 esse
666 1291 917 1349 credens.
979 1289 1137 1357 Quod
1197 1289 1244 1345 si
1306 1289 1432 1359 quis
1506 1287 1667 1342 etiam
1746 1287 2050 1358 pulverem,

472 1403 584 1459 quo
658 1384 1052 1448 conditorium,
1124 1382 1217 1436 ubi
1294 1380 1554 1451 martyris
1620 1392 1821 1450 corpus
1888 1376 2047 1448 quie-

473 1481 601 1543 scit,
635 1479 874 1535 obsitum
906 1481 1012 1543 est,
1053 1472 1272 1530 auferre
1324 1472 1621 1542 permittat,
1667 1484 1768 1541 pro
1824 1482 2052 1525 munere

473 1571 654 1644 pulvis
683 1569 973 1640 accipitur,
997 1581 1063 1621 ac
1095 1575 1352 1635 tanquam
1384 1578 1471 1618 res
1500 1563 1684 1635 magni
1710 1561 1873 1634 pretii
1918 1576 2053 1617 con-

473 1662 653 1718 denda
681 1669 829 1717 terra
872 1656 1167 1728 colligitur.
1222 1652 1359 1707 Nam
1420 1652 1569 1723 ipsas
1607 1652 1875 1723 attingere
1924 1650 2053 1706 reli-

2227 927 2338 980 Καὶ
2366 930 2482 992 τοῖς
2518 929 2795 1000 αἰσθητοῖς
2824 929 2967 985 οὕτω
3010 931 3466 1003 φιλοτεχνήμασιν
3503 931 3751 985 ὲνευπα-

2156 1018 2326 1091 θήσας
2355 1021 2453 1092 τὴν
2479 1020 2622 1091 δψιν,
2654 1022 2910 1094 ἐπιθυμεῖ
2934 1022 3118 1077 λοιπὸν
3144 1024 3238 1076 καὶ
3269 1025 3406 1095 αὐτῇ
3436 1023 3757 1095 πλησιάσαι

2153 1114 2219 1183 τῇ
2270 1111 2446 1185 θήκῃ’
2486 1112 2755 1182 ἀγιασμὸν
2786 1114 2881 1167 καὶ
2924 1114 3173 1183 εὐλογίαν
3206 1114 3305 1187 τήν
3344 1114 3566 1185 ἐπαφὴν
3601 1109 3754 1167 εἷναι

2155 1202 2448 1258 πιστεύων.
2476 1203 2540 1257 El
2580 1203 2637 1256 δὲ
2670 1205 2765 1257 καὶ
2811 1206 2960 1258 κόνιν
2994 1222 3079 1269 τις
3107 1206 3222 1277 δοίη
3267 1208 3451 1278 φέρειν
3487 1209 3592 1277 τὴν
3620 1207 3750 1258 ἑπι-

2154 1293 2412 1364 κειμένην
2453 1296 2521 1366 τῇ
2571 1295 2861 1367 ἐπιφανείᾳ
2892 1293 2992 1367 τῆς
3042 1297 3435 1363 ἀναπαύσεως,
3486 1297 3669 1369 δῶρον
3718 1298 3751 1349 6

2155 1383 2281 1456 χοῦς
2310 1384 2688 1455 λαμϐάνεται,
2729 1386 2822 1439 καὶ
2864 1387 2939 1451 ὡς
2979 1387 3260 1458 κειμήλιον
3304 1390 3338 1458 ή
3368 1388 3438 1458 γῆ
3472 1386 3748 1458 θησαυρί-

2156 1476 2326 1542 ζεται.
2363 1478 2438 1531 Τὸ
2480 1477 2591 1548 γὰρ
2616 1478 2779 1531 αὑτοῦ
2805 1477 2899 1531 τοῦ
2935 1478 3189 1548 λειψάνου
3235 1479 3624 1551 προσάψασθαι
3650 1517 3665 1541 ,
3695 1476 3753 1531 εἴ

2157 1569 2291 1622 ποτέ
2330 1586 2414 1633 τις
2452 1569 2707 1638 ὲπιτυχία
2744 1569 2970 1640 τοιαύτη
3002 1571 3278 1641 παράσχοι
3321 1569 3418 1639 τὴν
3464 1569 3745 1633 ἐξουσίαν.

2157 1660 2302 1722 ὅπως
2333 1660 2451 1712 ἐστὶ
2481 1658 2883 1729 πολυπόθητον,
2923 1660 3017 1714 καὶ
3057 1659 3221 1731 εὐχῆς
3248 1661 3347 1731 τῆς
3374 1661 3644 1714 ἀνωτάτω
3686 1659 3749 1711 τδ

474 1756 657 1823 quias,
684 1751 730 1807 si
767 1752 989 1820 quando
1010 1726 1197 1815 aliqua
1228 1741 1505 1813 ejusmodi
1540 1755 1803 1813 prospera
1828 1739 2051 1796 fortuna

2171 1750 2323 1819 ἰῶρον
2349 1790 2364 1813 ,
2400 1751 2577 1804 ἴσασιν
2609 1753 2659 1803 οἱ
2706 1750 3143 1821 πεπειραμένοι,
3193 1750 3289 1803 καὶ
3336 1750 3438 1820 τῆς
3480 1749 3748 1820 τοιαύτης

474 1846 778 1915 contingat,
806 1849 867 1896 ut
893 1840 947 1896 id
976 1838 1162 1894 facere
1198 1836 1382 1900 liceat,
1412 1848 1574 1905 quam
1613 1832 1666 1888 id
1703 1832 1776 1889 sit
1821 1831 2054 1886 multum

475 1934 897 1993 desiderandum
928 1938 984 1987 et
1009 1928 1328 2001 optandum,
1360 1940 1425 1981 ac
1464 1939 1796 1981 summarum
1830 1936 2053 1993 precum

475 2030 698 2093 donum,
720 2027 902 2082 sciunt
920 2023 1150 2094 experti,
1177 2028 1232 2076 et
1248 2019 1369 2089 ejus
1385 2016 1643 2073 desiderii
1670 2022 1949 2085 compotes
1975 2011 2056 2068 fa-

476 2125 572 2179 cti.
603 2120 771 2187 Quasi
789 2133 990 2187 corpus
1012 2114 1157 2171 enim
1189 2127 1287 2184 per
1314 2125 1373 2167 se
1404 2110 1591 2164 vivens
1628 2116 1683 2163 et
1723 2104 2054 2176 ﬂorens,qui

479 2217 783 2272 intuentur.
804 2209 1231 2279 amplectuntur,
1251 2202 1455 2265 oculis,
1480 2201 1587 2264 ori,
1607 2200 1855 2262 auribus,
1880 2198 2059 2252 omni-

479 2308 585 2363 bus
600 2317 862 2361 sensuum
884 2300 1264 2355 instrumentis
1301 2294 1646 2353 adhibentes.
1682 2289 1880 2346 deinde
1896 2287 2058 2343 ollicii

478 2409 536 2455 et
569 2394 878 2451 affectionis
903 2392 1173 2461 lacrymas
1199 2386 1445 2457 martyri,
1474 2383 1631 2454 quasi
1670 2382 1878 2450 integer
1913 2386 2062 2435 esset

480 2497 537 2546 et
561 2492 867 2559 appareret,
915 2479 1395 2553 superfundentes,
1453 2485 1514 2531 ut
1551 2489 1650 2545 pro
1702 2472 1835 2543 ipsis
1866 2471 2060 2541 depre-

482 2587 636 2647 cator
664 2574 989 2637 intercedat,
1029 2572 1304 2642 supplices
1331 2582 1523 2639 preces
1545 2564 1779 2620 oll'erunt
1801 2571 2058 2632 tanquam

485 2670 774 2728 satellitem
806 2666 902 2722 Dei
930 2674 1173 2730 orantes,
1204 2662 1366 2732 quasi
1391 2660 1750 2730 accipientem
1778 2656 2061 2710 douaeum

488 2764 638 2827 velit,
692 2762 1040 2817 invocantes.
1103 2755 1185 2811 Ex
1239 2754 1325 2811 his
1351 2753 1631 2813 omnibus,
1658 2764 1695 2804 o
1726 2748 1920 2819 popnle
1955 2747 2060 2817 pie,

487 2856 714 2919 discite,
759 2853 905 2923 quod
942 2851 1178 2921 pretiosa
1219 2861 1286 2902 ac
1317 2846 1580 2901 honorata
1616 2857 1795 2897 coram
1839 2840 2064 2895 Domino

488 2950 563 3001 sit
590 2963 729 3001 non
760 2954 1064 3001 sanctarum
1094 2942 1227 3011 ejus.
1248 2938 1384 2994 Nam
1402 2953 1570 2992 unum
1600 2935 1817 3006 quidem
1843 2941 1897 2989 et
1921 2931 2064 2988 idem

490 3054 693 3109 corpus
722 3037 964 3091 omnium
1012 3033 1294 3089 hominum
1325 3038 1431 3095 est,
1458 3044 1525 3083 ex
1556 3042 1664 3081 una
1707 3041 1888 3080 massa
1927 3039 2064 3078 con-

2154 1842 2449 1914 ὲπιθυμίας
2496 1841 2917 1913 ἑμφορηθέντες.
2962 1842 3052 1906 Ὠς
3094 1841 3253 1912 σῶμα
3288 1841 3399 1913 γάρ
3446 1842 3587 1896 αὐτὸ
3635 1842 3747 1906 ζῶν

2157 1936 2251 1990 καὶ
2281 1936 2477 1991 ἀνθοῦν
2520 1936 2571 1989 οί
2619 1918 2905 2005 βλέπονῆς
2955 1930 3393 1997 κατασπάζονται
3415 1971 3430 1997 ,
3477 1936 3599 1996 τοῖς
3649 1934 3749 2002 όφ-

2159 2028 2411 2098 θαλμοίς,
2450 2027 2529 2098 τῷ
2566 2027 2824 2099 στόματι,
2861 2027 2983 2090 ταῖς
3041 2025 3268 2089 ἀκοαῖς,
3319 2025 3524 2088 πάσαις
3573 2043 3747 2095 προσ-

2157 2121 2381 2187 άγοντες
2408 2122 2527 2183 ταῖς
2558 2119 2901 2191 αίσθήσεσιν,
2936 2114 3057 2170 εἶτα
3084 2116 3145 2171 τὸ
3175 2116 3273 2187 τῆς
3320 2116 3615 2181 εὐλαϐείας
3654 2118 3750 2169 καὶ

2156 2215 2218 2267 τὸ
2244 2213 2339 2267 τοῦ
2369 2214 2576 2278 πάθους
2613 2213 2925 2284 ἐπιχέοντες
2949 2211 3183 2283 δάκρυον
3204 2252 3219 2276 ,
3241 2211 3317 2275 ὡς
3339 2211 3623 2283 ὁλοκλήρῳ
3652 2211 3750 2265 καὶ

2159 2307 2468 2378 φαινομένῳ
2515 2305 2593 2376 τῷ
2623 2306 2860 2377 μάρτυρι
2906 2303 3007 2374 τήν
3048 2303 3142 2357 τοῦ
3170 2303 3494 2375 πρεσϐεύειν
3532 2304 3749 2357 ἱκεσίαν

2160 2399 2545 2471 προσάγουσιν,
2574 2397 2651 2461 ὡς
2675 2397 2973 2468 δορυφόρον
2998 2395 3093 2449 τοῦ
3116 2395 3251 2449 Θεοῦ
3274 2393 3749 2467 παρακαλοῦντες,

2160 2491 2233 2553 ὡς
2272 2488 2617 2559 λαμϐάνοντα
2644 2486 2741 2551 τάς
2789 2486 2994 2557 δωρεὰς
3026 2486 3154 2540 ὅταν
3186 2486 3344 2559 ἐθέλῃ
3377 2486 3749 2557 ἐπικαλούμε-

2160 2599 2260 2635 νοι.
2301 2581 2396 2633 Ἐκ
2422 2578 2624 2632 τούτων
2648 2578 2880 2644 πάντων,
2904 2579 2932 2630 6
2957 2577 3187 2647 εὐσεϐὴς
3215 2576 3747 2647 λαὸς,κατσμάθετε,

2160 2674 2243 2726 ὅτι
2270 2673 2465 2741 Τίμιος
2501 2671 2782 2724 ἐναντίον
2812 2670 3033 2736 Κυρίου
3062 2671 3097 2722 ὁ
3131 2668 3389 2734 θάνατος
3418 2666 3537 2721 τῶν
3562 2668 3750 2721 ὁσίων

2161 2764 2365 2819 αὐτοῦ.
2401 2763 2497 2815 Ἕν
2525 2762 2621 2833 μὲν
2638 2761 2746 2832 γάρ
2769 2762 2863 2814 κα)⁸
2877 2761 2938 2814 τὸ
2958 2760 3088 2814 αὐτὸ
3113 2759 3269 2829 σῶμα
3297 2759 3513 2814 πάντων
3537 2758 3751 2830 ἀνθρὼ-

2166 2874 2282 2911 πων
2306 2897 2323 2921 ,
2357 2856 2416 2920 ἐξ
2446 2853 2562 2916 ἑνὸς
2592 2853 2912 2924 φυράματος
2948 2850 3071 2921 ἔχον
3105 2851 3208 2922 τὴν
3258 2850 3520 2905 σύστασιν
3549 2869 3562 2884 ο
3615 2850 3753 2904 ἀλλά

2162 2952 2222 3004 τὸ
2257 2950 2356 3021 μὲν
2389 2945 2573 3010 ἁπλῶς
2622 2944 2894 2999 ἀποθανὺν
2918 2984 2933 3007 ,
2963 2945 3216 3015 ρίπτεται
3252 2943 3329 3007 ὡς
3367 2944 3429 2997 τὸ
3457 2943 3627 3014 τυχόν
3647 2959 3661 2972 ⁸
3695 2944 3753 2997 τὸ

2163 3044 2221 3097 δὲ
2244 3042 2323 3113 τῷ
2369 3039 2530 3094 πάθει
2558 3036 2652 3092 τοῦ
2701 3036 3002 3109 μαρτυρίου
3032 3036 3332 3107 χαριτωθὲν
3356 3075 3375 3104 ,
3402 3035 3578 3098 οῦτως
3609 3036 3753 3088 ἐστὶν

492 3131 680 3185 ﬂatum
718 3148 732 3183 :
762 3143 949 3183 verum
986 3124 1063 3190 id,
1094 3123 1243 3195 quod
1270 3120 1507 3191 simplici
1538 3128 1714 3173 morte
1736 3116 2062 3172 dissolutum

2171 3136 2427 3207 ἐράσμιον
2448 3132 2542 3185 καλ⁵
2573 3129 3088 3201 ἀμφισϐητήσιμον,
3115 3127 3191 3191 ὡς
3217 3128 3246 3180 6
3270 3125 3557 3198 προλαϐὼν
3597 3126 3753 3195 λόγος

493 3229 600 3281 est.
631 3227 691 3273 ut
721 3234 809 3274 res
838 3216 1092 3287 qurelibet
1116 3213 1244 3269 vilis
1276 3209 1589 3283 projicitur.
1629 3208 1699 3262 At
1725 3207 1871 3277 quod
1919 3220 2067 3259 mar-

496 3312 624 3383 tyrii
656 3308 943 3367 all'ectione
965 3306 1267 3377 gratiosum
1295 3301 1549 3358 ellectum
1582 3306 1689 3360 est,
1722 3299 1795 3354 ita
1820 3306 1906 3357 est
1926 3313 2071 3353 ama-

496 3404 626 3467 bile,
655 3399 983 3471 jucundum,
1030 3404 1087 3451 et
1125 3411 1157 3450 a
1202 3393 1389 3449 multis
1418 3391 1784 3447 desideratum
1812 3398 1868 3446 et
1907 3405 2071 3460 expe-

498 3496 680 3554 titum.
715 3501 776 3547 ut
828 3490 1082 3562 superior
1137 3486 1316 3543 oratio
1343 3484 1762 3541 demonstravit.
1803 3483 2070 3549 Quocirca

498 3593 721 3658 propter
744 3599 830 3647 ea,
853 3596 979 3651 quae
1004 3586 1291 3649 apparent,
1326 3577 1415 3638 iis.
1447 3592 1568 3647 quae
1585 3576 1761 3631 visum
1787 3574 2071 3645 en‘ugiunt,

501 3683 720 3747 propter
745 3670 1181 3744 experimentum
1197 3682 1389 3723 earum
1420 3681 1627 3730 rerum,
1650 3680 1772 3736 quae
1791 3663 1847 3720 in
1868 3662 2074 3719 mundo

497 3772 775 3831 visuntur,
811 3765 1122 3820 futurarum
1155 3775 1336 3817 rerum
1366 3757 1718 3831 promissioni
1761 3757 2069 3813 credamus.

497 3862 631 3916 Nam
665 3859 821 3915 multi
852 3857 945 3928 qui
974 3864 1218 3910 ventrem
1247 3861 1302 3908 et
1335 3864 1532 3905 vanam
1564 3850 1821 3921 gloriam,
1862 3856 1919 3905 et
1975 3849 2075 3903 has

507 3952 817 4009 mundanas
858 3950 1045 4020 paleas
1073 3944 1332 4002 omnibus
1359 3941 1525 3999 rebus
1552 3940 1889 4007 antelerunt,
1936 3939 2074 3994 nihil

498 4050 691 4115 putant
717 4056 839 4097 esse
870 4038 1116 4093 futurum
1143 4054 1158 4090 :
1189 4032 1287 4091 sed
1333 4046 1460 4087 cum
1499 4032 1625 4087 vitae
1657 4032 1764 4086 line
1792 4029 2075 4085 terminari

496 4137 683 4190 omnia
713 4132 1071 4187 arbitrantur.
1098 4124 1301 4182 Verum
1334 4125 1431 4196 qui
1477 4124 1557 4178 ita
1595 4122 1790 4189 sentis,
1822 4137 1891 4177 ex
1948 4136 2077 4192 par-

499 4230 583 4284 vis
627 4240 822 4297 magna
854 4223 1008 4279 disce
1040 4239 1055 4276 :
1086 4236 1155 4277 ex
1188 4218 1401 4275 umbris
1451 4216 1781 4288 principales
1846 4213 2073 4280 formas,

498 4319 796 4391 qualeseze
829 4316 943 4370 sint
1001 4312 1265 4383 intellige.
1317 4310 1420 4366 Cui
1471 4324 1659 4381 regum
1716 4307 1844 4364 talis
1899 4307 2077 4362 honor

2170 3224 2427 3289 ἐδίδαξεν.
2456 3220 2555 3273 Διά
2578 3218 2737 3272 τοῦτο
2766 3220 3145 3289 πιστεύσωμεν
3173 3218 3238 3271 ὲκ
3265 3216 3374 3270 τῶν
3407 3216 3753 3288 φαινομένων

2169 3319 2281 3381 τοῖς
2310 3315 2560 3386 ἀοράτοις
2582 3354 2597 3376 ,
2625 3312 2732 3366 ἀπὸ
2774 3312 2872 3383 τῆς
2905 3313 2962 3364 ὲν
3003 3309 3080 3381 τῷ
3105 3309 3294 3380 κόσμῳ
3320 3308 3517 3381 πείρας
3543 3312 3615 3380 τῇ
3648 3310 3754 3361 τῶν

2174 3408 2471 3479 μελλόντων
2523 3402 2847 3473 ἐπαγγελίᾳ.
2879 3400 3070 3455 Πολλοὶ
3115 3402 3227 3471 γάρ
3279 3402 3329 3454 οί
3360 3401 3458 3470 τὴν
3480 3402 3752 3470 γαστέρα,

2173 3499 2267 3553 καὶ
2286 3499 2385 3570 τὴν
2418 3493 2721 3559 κενοδοξίαν
2744 3534 2759 3558 ,
2790 3493 2881 3547 καὶ
2911 3494 3000 3547 τὸν
3025 3492 3211 3547 ἐνθάδε
3240 3494 3503 3562 συρφετὸν
3538 3494 3754 3548 πάντων

2172 3589 2500 3661 ἐπίπροσθεν
2531 3588 2754 3655 ἄγοντες
2775 3624 2791 3649 ,
2829 3585 2981 3639 οὐδὲν
3036 3585 3295 3656 ήγοῦνται
3327 3584 3388 3638 τὸ
3421 3584 3617 3654 μέλλον
3640 3600 3655 3613 ·
3682 3584 3754 3655 τῷ

2171 3683 2312 3737 τέλει
2339 3681 2396 3734 δὲ
2420 3679 2511 3735 τοῦ
2540 3680 2655 3751 βίου
2696 3675 3164 3750 συμπεραιοῦσθαι
3194 3676 3263 3730 τὰ
3300 3677 3475 3731 πάντα
3514 3674 3755 3746 νομίζου-

2174 3792 2278 3828 σιν.
2325 3772 2464 3825 Ἀλλ’
2503 3772 2532 3825 6
2566 3769 2779 3842 φρονῶν
2806 3768 3011 3833 οὕτως,
3042 3770 3107 3822 ὲκ
3153 3768 3260 3821 τῶν
3313 3768 3525 3840 μικρῶν
3563 3768 3637 3821 τά
3665 3784 3756 3839 με-

2174 3865 2317 3935 γάλα
2343 3863 2630 3934 κατάμαθε
2648 3902 2665 3928 ,
2694 3863 2759 3916 ὲκ
2793 3860 2900 3915 τῶν
2927 3859 3094 3914 σκιῶν
3126 3858 3196 3912 τά
3222 3860 3508 3930 ἀρχέτυπα
3541 3860 3751 3933 νόησον.

2172 3956 2271 4020 Τίς
2298 3954 2408 4009 τῶν
2439 3954 2702 4026 βασιλέων
2743 3952 3000 4023 τοιαύτην
3024 3952 3252 4021 τιμᾶται
3283 3958 3487 4022 τιμήν;
3526 3950 3615 4013 τίς
3650 3952 3755 4006 τῶν

2176 4047 2296 4102 καθ’
2370 4044 2677 4119 ὑπερϐολὴν
2728 4046 2785 4097 ὲν
2833 4040 3141 4113 ἀνθρώποις
3196 4041 3465 4111 φανέντων
3529 4040 3756 4114 τοιαύτη

2177 4139 2366 4211 μνήμῃ
2398 4136 2709 4204 δοξάζεταις
2758 4136 2842 4199 τίς
2886 4134 2995 4188 τῶν
3044 4134 3363 4205 στρατηγῶν
3412 4132 3522 4186 τῶν
3570 4134 3754 4197 πόλεις

2173 4231 2445 4301 τειχήρεις
2474 4228 2702 4282 ἑλόντων
2725 4267 2739 4291 ,
2773 4226 2868 4280 καὶ
2912 4226 3040 4296 ἔθνη
3086 4225 3512 4295 δουλωσαμένων
3563 4227 3752 4296 μυρία,

2176 4321 2349 4386 οῦτως
2374 4320 2523 4374 ἐστὶν
2556 4319 2830 4389 ἀοίδιμος,
2871 4317 2945 4381 ὼς
2973 4317 3003 4369 6
3026 4314 3361 4387 στρατιώτης
3399 4308 3582 4383 οὗτος,
3611 4319 3642 4369 6
3672 4318 3756 4369 πέ-

502 4408 771 4464 liabetur?
799 4405 936 4471 Quis
961 4420 1029 4459 ex
1056 4403 1145 4467 iis,
1174 4403 1267 4474 qui
1297 4417 1462 4472 supra
1511 4401 1733 4456 modum
1786 4400 1933 4455 inter
1977 4400 2065 4454 ho-

2177 4429 2310 4482 νης,
2349 4414 2379 4466 6
2421 4412 2717 4474 νεόλεκτος,
2757 4408 2817 4462 ὃν
2853 4407 3065 4470 Παῦλος
3121 4406 3358 4459 ὥπλισεν
3380 4447 3396 4473 ,
3435 4406 3497 4459 δν
3536 4406 3753 4475 ἄγγελοι

500 4501 677 4554 mines
698 4496 969 4553 excellere
1002 4494 1106 4550 visi
1140 4504 1289 4559 sunt,
1317 4494 1413 4548 tali
1435 4494 1695 4548 memoria
1722 4492 2065 4548 celebraturi

2178 4506 2315 4576 πρὸς
2350 4505 2443 4557 τὸν
2493 4501 2678 4571 ἀγῶνα
2724 4499 2952 4570 ήλειψαν
2976 4538 2993 4565 ,
3044 4498 3139 4551 καὶ
3184 4501 3479 4569 νικήσαντα
3522 4499 3754 4566 Χριστὸς

501 4588 641 4656 Quis
690 4586 1085 4657 imperatorum
1138 4583 1231 4653 qui
1267 4582 1431 4637 urbes
1497 4580 1735 4636 munitas
1786 4591 2076 4650 ceperunt,

501 4681 756 4737 nationes
782 4682 1103 4733 innumeras
1129 4674 1484 4745 subegerunt,
1511 4674 1647 4729 adeo
1664 4672 1989 4730 decantatus
2021 4682 2079 4729 et

501 4775 651 4829 fama
682 4772 995 4828 celebratus
1026 4777 1134 4834 est,
1174 4774 1236 4821 ut
1265 4766 1357 4821 hic
1408 4765 1567 4821 miles
1623 4780 1855 4836 pauper,
1916 4766 2081 4822 modo

503 4868 850 4938 conscriptus
876 4872 932 4920 et
961 4874 1110 4935 tyro:
1142 4876 1304 4933 quem
1355 4858 1559 4914 Paulus
1608 4859 1862 4925 armavit,
1916 4876 2078 4930 quem

2181 4596 2554 4665 ἐστεφάνωσεν
2578 4612 2592 4657 ς
2618 4592 2828 4646 Μᾶλλον
2870 4591 2927 4643 δὲ
2960 4589 3147 4661 ἐπειδὴ
3196 4588 3362 4657 ἐγγὺς
3386 4588 3656 4659 ἐγενόμην
3683 4590 3755 4657 τῷ

2178 4688 2323 4758 λόγῳ
2346 4686 2453 4739 τῶν
2482 4685 2707 4754 ἀγώνων
2740 4682 2835 4736 τοῦ
2868 4682 3143 4753 μάρτυρος
3166 4721 3183 4745 ,
3216 4681 3371 4753 φέρε,
3401 4682 3467 4734 τὰ
3493 4682 3653 4734 κοινά
3674 4700 3757 4734 κα-

2184 4774 2614 4840 ταλιπόντες,τὺν
2636 4773 2911 4843 ἐξαίρετον
2938 4771 3032 4823 τοῦ
3063 4770 3219 4839 ἁγίου
3244 4770 3399 4838 λόγον
3421 4771 3754 4841 ποιήσωμεν·

2187 4867 2338 4937 φίλον
2367 4866 2476 4938 γάρ
2506 4866 2720 4937 ἑκάστῳ
2747 4864 2809 4917 τὸ
2855 4862 3004 4916 ἴδιον.

506 4964 682 5035 angeli
754 4962 823 5017 ad
898 4968 1180 5018 certamen
1245 4966 1542 5022 unxerunt,
1611 4973 1775 5029 quem
1848 4958 2116 5015 victorem
2153 4962 2408 5019 Christus
2462 4962 2785 5017 coronavit?
2841 4960 3131 5014 Enimvero
3203 4958 3461 5030 quoniam
3509 4960 3759 5016 oratione

505 5076 674 5129 prope
703 5058 770 5113 ad
797 5058 1099 5114 certamina
1114 5063 1278 5128 atque
1318 5056 1532 5111 labores
1559 5055 1817 5125 martyris
1839 5055 2069 5122 accessi,
2112 5072 2211 5128 age
2239 5060 2627 5115 communibus
2656 5056 2862 5112 relictis
2904 5055 3233 5125 peculiarem
3303 5053 3480 5109 sancti
3548 5070 3758 5110 sermo-

510 5169 631 5209 nem
663 5154 1051 5219 instituamus;
1081 5160 1169 5208 est
1216 5153 1361 5208 enim
1412 5166 1572 5205 suum
1624 5150 1820 5221 cuique
1874 5159 2089 5222 gratum
2128 5162 2183 5209 et
2216 5166 2523 5226 acceptum.

577 5244 761 5299 Patria
791 5245 957 5315 igitur
999 5244 1262 5315 praeclaro
1306 5258 1371 5297 ac
1405 5251 1634 5298 strenuo
1676 5243 1803 5296 huic
1836 5244 1957 5297 viro
1994 5252 2080 5299 est

507 5351 573 5393 ea
604 5338 788 5408 regio,
838 5352 960 5406 qua:
1010 5336 1077 5391 ad
1115 5336 1284 5390 solem
1321 5341 1535 5404 spectat
1578 5335 1846 5388 orientem
1894 5351 1909 5390 :
1949 5349 2076 5389 nam

508 5426 674 5480 etiam
706 5425 814 5492 hic,
847 5425 1013 5480 sicuti
1044 5422 1177 5491 Job,
1207 5439 1275 5479 ex
1306 5424 1556 5496 partibus
1590 5423 1954 5480 orientalibus
1976 5440 2080 5478 no-

512 5516 639 5571 bilis
668 5524 772 5583 est,
802 5530 1041 5587 cumque
1068 5518 1298 5588 patriam
1330 5530 1456 5570 cum
1489 5515 1585 5569 illo
1615 5516 2083 5572 communem-ba-

512 5608 667 5663 heret
688 5646 707 5671 .
737 5607 988 5677 ejusdem
1022 5607 1258 5663 imitatio
1307 5620 1519 5661 morum
1551 5605 1863 5676 ingeniique
1890 5606 1942 5663 ei
1966 5622 2078 5663 non

510 5698 705 5757 defuit.
740 5696 899 5757 Nunc
931 5713 1064 5757 vero
1100 5698 1335 5772 quilibet
1369 5706 1581 5771 martyr
1606 5696 1776 5755 totius
1808 5698 1913 5758 soli
1943 5699 2080 5757 sub-

2258 5249 2461 5319 Πατρὶς
2480 5248 2657 5299 τοίνυν
2682 5244 2761 5315 τῷ
2785 5245 3042 5314 γενναίῳ,
3072 5245 3105 5313 ή
3142 5241 3277 5311 πρὸς
3297 5241 3445 5312 ἥλιον
3469 5242 3759 5312 ἀνίσχουσα

2186 5339 2369 5409 χώρα·
2402 5338 2624 5407 εὐγενὴς
2648 5337 2756 5406 γάρ
2789 5336 2883 5390 καὶ
2913 5329 3066 5397 οὗτος
3099 5334 3237 5387 κατὰ
3253 5332 3342 5384 τὸν
3370 5331 3493 5384 Ἰὼϐ
3523 5332 3633 5385 τῶν
3667 5334 3754 5402 ἀφ’

2186 5428 2341 5499 ήλίου
2377 5428 2665 5491 ἀνατολῶν,
2701 5428 2796 5480 καὶ
2832 5425 2931 5494 τῆς
2960 5423 3214 5493 πατρίδος
3241 5421 3432 5493 ἐκείνῳ
3466 5427 3751 5486 κοινωνῶν,

2188 5520 2290 5572 ούκ
2331 5518 2630 5589 ἀπελείφθη
2684 5518 2781 5588 τῆς
2833 5514 2926 5568 τοῦ
2961 5512 3123 5585 ήθους
3177 5514 3477 5584 μιμήσεως.
3540 5514 3653 5567 Νῦν
3702 5517 3753 5569 δὲ

2188 5610 2337 5680 πάσῃ
2362 5612 2431 5680 τῇ
2471 5607 2759 5679 οἰκουμένῃ
2792 5605 2909 5660 ἐστὶ
2934 5606 3143 5675 μάρτυς
3168 5603 3347 5667 κοινὸς
3374 5604 3472 5673 τῆς
3501 5604 3594 5673 ὑφ’
3626 5607 3751 5676 ἡλίῳ

2188 5699 2409 5772 πολίτης
2433 5717 2447 5731 ·
2498 5698 2723 5771 ληφθεὶς
2751 5698 2804 5753 δὲ
2834 5696 3042 5752 ἐκεῖθεν
3077 5694 3212 5765 πρὸς
3250 5694 3557 5761 όπλιτικοὺς
3580 5711 3745 5751 κατα-
