  <div class='ocr_page' id='page_1' title='image "/cluster/home/n/w/nwhite01/storage/ocr_20150623/46/hvd.32044014713994/376.png"; bbox 0 0 3850 6474; ppageno 0'>
   <div class='ocr_carea' id='block_1_1' title="bbox 119 332 209 388">
    <p class='ocr_par' dir='ltr' id='par_1_1' title="bbox 119 332 209 388">
     <span class='ocr_line' id='line_1_1' title="bbox 119 332 209 388; baseline -0.022 0"><span class='ocrx_word' id='word_1_1' title='bbox 119 332 209 388; x_wconf 74' lang='lat' dir='ltr'><strong>7H</strong></span> 
     </span>
    </p>
   </div>
   <div class='ocr_carea' id='block_1_2' title="bbox 1250 320 2259 381">
    <p class='ocr_par' dir='ltr' id='par_1_2' title="bbox 1250 320 2259 381">
     <span class='ocr_line' id='line_1_2' title="bbox 1250 320 2259 381; baseline 0.002 -2"><span class='ocrx_word' id='word_1_2' title='bbox 1250 324 1336 379; x_wconf 83' lang='lat' dir='ltr'><strong>DE</strong></span> <span class='ocrx_word' id='word_1_3' title='bbox 1377 324 1433 379; x_wconf 88' lang='lat' dir='ltr'><strong>S.</strong></span> <span class='ocrx_word' id='word_1_4' title='bbox 1473 320 1848 378; x_wconf 73' lang='lat' dir='ltr'><strong>THEODORO</strong></span> <span class='ocrx_word' id='word_1_5' title='bbox 1900 320 2259 381; x_wconf 76' lang='lat' dir='ltr'><strong>MARTYBE.</strong></span> 
     </span>
    </p>
   </div>
   <div class='ocr_carea' id='block_1_3' title="bbox 3270 318 3371 387">
    <p class='ocr_par' dir='ltr' id='par_1_3' title="bbox 3270 318 3371 387">
     <span class='ocr_line' id='line_1_3' title="bbox 3270 318 3371 387; baseline 0.04 -4"><span class='ocrx_word' id='word_1_6' title='bbox 3270 318 3371 387; x_wconf 5' lang='lat'><strong>676‘!</strong></span> 
     </span>
    </p>
   </div>
   <div class='ocr_carea' id='block_1_4' title="bbox 118 434 1698 512">
    <p class='ocr_par' dir='ltr' id='par_1_4' title="bbox 118 436 1698 512">
     <span class='ocr_line' id='line_1_4' title="bbox 118 436 1698 512; baseline -0.004 -15"><span class='ocrx_word' id='word_1_7' title='bbox 118 445 325 512; x_wconf 80' lang='grc' dir='ltr'>λόγους,</span> <span class='ocrx_word' id='word_1_8' title='bbox 381 440 526 496; x_wconf 72' lang='grc' dir='ltr'>οὕτω</span> <span class='ocrx_word' id='word_1_9' title='bbox 585 438 725 511; x_wconf 79' lang='grc' dir='ltr'>μετὰ</span> <span class='ocrx_word' id='word_1_10' title='bbox 762 436 860 494; x_wconf 90' lang='grc' dir='ltr'><strong>τοῦ</strong></span> <span class='ocrx_word' id='word_1_11' title='bbox 909 437 1041 493; x_wconf 73' lang='grc' dir='ltr'>ἰδίου</span> <span class='ocrx_word' id='word_1_12' title='bbox 1092 438 1371 511; x_wconf 78' lang='grc' dir='ltr'><strong>τάγματος</strong></span> <span class='ocrx_word' id='word_1_13' title='bbox 1418 439 1556 511; x_wconf 81' lang='grc' dir='ltr'>πρὸς</span> <span class='ocrx_word' id='word_1_14' title='bbox 1602 437 1698 509; x_wconf 80' lang='grc' dir='ltr'>τὴν</span> 
     </span>
    </p>
   </div>
   <div class='ocr_carea' id='block_1_5' title="bbox 1801 434 3371 512">
    <p class='ocr_par' dir='ltr' id='par_1_5' title="bbox 1801 434 3371 509">
     <span class='ocr_line' id='line_1_5' title="bbox 1801 434 3371 509; baseline 0.003 -18"><span class='ocrx_word' id='word_1_15' title='bbox 1801 434 1960 505; x_wconf 73' lang='lat' dir='ltr'><strong>jectte</strong></span> <span class='ocrx_word' id='word_1_16' title='bbox 1993 438 2235 509; x_wconf 73' lang='lat' dir='ltr'><strong>regionis</strong></span> <span class='ocrx_word' id='word_1_17' title='bbox 2264 436 2405 494; x_wconf 73' lang='lat' dir='ltr'><strong>civis</strong></span> <span class='ocrx_word' id='word_1_18' title='bbox 2436 438 2697 497; x_wconf 88' lang='lat' dir='ltr'><strong>universo</strong></span> <span class='ocrx_word' id='word_1_19' title='bbox 2742 447 3022 497; x_wconf 86' lang='lat' dir='ltr'><strong>terrarum</strong></span> <span class='ocrx_word' id='word_1_20' title='bbox 3053 439 3173 496; x_wconf 83' lang='lat' dir='ltr'><strong>orbi</strong></span> <span class='ocrx_word' id='word_1_21' title='bbox 3219 456 3371 496; x_wconf 83' lang='lat' dir='ltr'><strong>com-</strong></span> 
     </span>
    </p>
   </div>
   <div class='ocr_carea' id='block_1_6' title="bbox 116 529 1694 606">
    <p class='ocr_par' dir='ltr' id='par_1_6' title="bbox 116 529 1694 606">
     <span class='ocr_line' id='line_1_6' title="bbox 116 529 1694 606; baseline -0.004 -18"><span class='ocrx_word' id='word_1_22' title='bbox 116 534 389 606; x_wconf 77' lang='grc' dir='ltr'>ἡμετέραν</span> <span class='ocrx_word' id='word_1_23' title='bbox 417 531 571 602; x_wconf 92' lang='grc' dir='ltr'>διέϐη</span> <span class='ocrx_word' id='word_1_24' title='bbox 611 529 818 603; x_wconf 89' lang='grc' dir='ltr'>χώραν,</span> <span class='ocrx_word' id='word_1_25' title='bbox 860 530 960 603; x_wconf 83' lang='grc' dir='ltr'>τῆς</span> <span class='ocrx_word' id='word_1_26' title='bbox 991 531 1308 605; x_wconf 76' lang='grc' dir='ltr'><strong>χειμερινῆς</strong></span> <span class='ocrx_word' id='word_1_27' title='bbox 1335 530 1694 593; x_wconf 86' lang='grc' dir='ltr'>ἀναπαύσεως</span> 
     </span>
    </p>
   </div>
   <div class='ocr_carea' id='block_1_7' title="bbox 115 619 1694 697">
    <p class='ocr_par' dir='ltr' id='par_1_7' title="bbox 115 619 1694 697">
     <span class='ocr_line' id='line_1_7' title="bbox 115 619 1694 697; baseline -0.003 -18"><span class='ocrx_word' id='word_1_28' title='bbox 115 628 224 689; x_wconf 81' lang='grc' dir='ltr'>τοῖς</span> <span class='ocrx_word' id='word_1_29' title='bbox 249 623 610 697; x_wconf 81' lang='grc' dir='ltr'><strong>στρατιώταις</strong></span> <span class='ocrx_word' id='word_1_30' title='bbox 649 621 842 678; x_wconf 64' lang='grc' dir='ltr'>ἐνθάδε</span> <span class='ocrx_word' id='word_1_31' title='bbox 886 621 1038 694; x_wconf 87' lang='grc' dir='ltr'><strong>παρά</strong></span> <span class='ocrx_word' id='word_1_32' title='bbox 1064 620 1172 676; x_wconf 91' lang='grc' dir='ltr'><strong>τῶν</strong></span> <span class='ocrx_word' id='word_1_33' title='bbox 1210 622 1551 693; x_wconf 80' lang='grc' dir='ltr'><strong>κρατούντων</strong></span> <span class='ocrx_word' id='word_1_34' title='bbox 1576 619 1694 675; x_wconf 85' lang='grc' dir='ltr'>δια-</span> 
     </span>
    </p>
   </div>
   <div class='ocr_carea' id='block_1_8' title="bbox 114 711 1694 788">
    <p class='ocr_par' dir='ltr' id='par_1_8' title="bbox 114 711 1694 788">
     <span class='ocr_line' id='line_1_8' title="bbox 114 711 1694 788; baseline -0.003 -19"><span class='ocrx_word' id='word_1_35' title='bbox 114 716 422 788; x_wconf 79' lang='grc' dir='ltr'>ταχθείσης.</span> <span class='ocrx_word' id='word_1_36' title='bbox 482 713 726 783; x_wconf 83' lang='grc' dir='ltr'><strong>Πολέμου</strong></span> <span class='ocrx_word' id='word_1_37' title='bbox 780 712 840 766; x_wconf 78' lang='grc' dir='ltr'>δὲ</span> <span class='ocrx_word' id='word_1_38' title='bbox 883 712 1198 784; x_wconf 81' lang='grc' dir='ltr'><strong>κινηθέντος</strong></span> <span class='ocrx_word' id='word_1_39' title='bbox 1248 711 1467 783; x_wconf 88' lang='grc' dir='ltr'>ἀθρόον,</span> <span class='ocrx_word' id='word_1_40' title='bbox 1497 711 1599 765; x_wconf 84' lang='grc' dir='ltr'>οὐκ</span> <span class='ocrx_word' id='word_1_41' title='bbox 1635 711 1694 778; x_wconf 74' lang='grc' dir='ltr'><strong>ἐξ</strong></span> 
     </span>
    </p>
   </div>
   <div class='ocr_carea' id='block_1_9' title="bbox 113 801 1696 878">
    <p class='ocr_par' dir='ltr' id='par_1_9' title="bbox 113 801 1696 878">
     <span class='ocr_line' id='line_1_9' title="bbox 113 801 1696 878; baseline -0.004 -17"><span class='ocrx_word' id='word_1_42' title='bbox 113 808 303 876; x_wconf 70' lang='grc' dir='ltr'>ἐφόδου</span> <span class='ocrx_word' id='word_1_43' title='bbox 337 805 711 878; x_wconf 81' lang='grc' dir='ltr'>βαρϐαρικῆς,</span> <span class='ocrx_word' id='word_1_44' title='bbox 750 804 864 858; x_wconf 88' lang='grc' dir='ltr'>ἀλλ’</span> <span class='ocrx_word' id='word_1_45' title='bbox 902 805 968 858; x_wconf 78' lang='grc' dir='ltr'>ὲκ</span> <span class='ocrx_word' id='word_1_46' title='bbox 1018 804 1185 874; x_wconf 89' lang='grc' dir='ltr'>νόμου</span> <span class='ocrx_word' id='word_1_47' title='bbox 1213 801 1541 865; x_wconf 83' lang='grc' dir='ltr'>Σατανικοῦ,</span> <span class='ocrx_word' id='word_1_48' title='bbox 1598 802 1696 857; x_wconf 73' lang='grc' dir='ltr'>καὶ</span> 
     </span>
    </p>
   </div>
   <div class='ocr_carea' id='block_1_10' title="bbox 112 891 1696 970">
    <p class='ocr_par' dir='ltr' id='par_1_10' title="bbox 112 891 1696 970">
     <span class='ocr_line' id='line_1_10' title="bbox 112 891 1696 970; baseline -0.006 -17"><span class='ocrx_word' id='word_1_49' title='bbox 112 899 385 970; x_wconf 81' lang='grc' dir='ltr'>δόγματος</span> <span class='ocrx_word' id='word_1_50' title='bbox 433 896 707 967; x_wconf 88' lang='grc' dir='ltr'>θεομάχου</span> <span class='ocrx_word' id='word_1_51' title='bbox 750 896 882 963; x_wconf 82' lang='grc' dir='ltr'>(πᾶς</span> <span class='ocrx_word' id='word_1_52' title='bbox 918 893 1027 966; x_wconf 84' lang='grc' dir='ltr'><strong>γὰρ</strong></span> <span class='ocrx_word' id='word_1_53' title='bbox 1070 891 1397 965; x_wconf 79' lang='grc' dir='ltr'>Χριστιανὸς</span> <span class='ocrx_word' id='word_1_54' title='bbox 1435 891 1696 962; x_wconf 73' lang='grc' dir='ltr'>ἠλαύνετο</span> 
     </span>
    </p>
   </div>
   <div class='ocr_carea' id='block_1_11' title="bbox 113 983 1695 1061">
    <p class='ocr_par' dir='ltr' id='par_1_11' title="bbox 113 983 1695 1061">
     <span class='ocr_line' id='line_1_11' title="bbox 113 983 1695 1061; baseline -0.004 -18"><span class='ocrx_word' id='word_1_55' title='bbox 113 990 191 1061; x_wconf 80' lang='grc' dir='ltr'>τῷ</span> <span class='ocrx_word' id='word_1_56' title='bbox 212 989 467 1045; x_wconf 89' lang='grc' dir='ltr'>δυσσεϐεῖ</span> <span class='ocrx_word' id='word_1_57' title='bbox 490 988 804 1061; x_wconf 81' lang='grc' dir='ltr'>γράμματι,</span> <span class='ocrx_word' id='word_1_58' title='bbox 823 987 919 1041; x_wconf 81' lang='grc' dir='ltr'>καὶ</span> <span class='ocrx_word' id='word_1_59' title='bbox 943 986 1081 1059; x_wconf 82' lang='grc' dir='ltr'>πρὸς</span> <span class='ocrx_word' id='word_1_60' title='bbox 1100 986 1329 1041; x_wconf 85' lang='grc' dir='ltr'>θάνατον</span> <span class='ocrx_word' id='word_1_61' title='bbox 1349 984 1557 1054; x_wconf 73' lang='grc' dir='ltr'>ἧγετο)’</span> <span class='ocrx_word' id='word_1_62' title='bbox 1573 983 1695 1037; x_wconf 78' lang='grc' dir='ltr'>τότε</span> 
     </span>
    </p>
   </div>
   <div class='ocr_carea' id='block_1_12' title="bbox 110 1068 1697 1150">
    <p class='ocr_par' dir='ltr' id='par_1_12' title="bbox 110 1068 1697 1150">
     <span class='ocr_line' id='line_1_12' title="bbox 110 1068 1697 1150; baseline -0.003 -18"><span class='ocrx_word' id='word_1_63' title='bbox 110 1080 198 1150; x_wconf 75' lang='grc' dir='ltr'>δὴ,</span> <span class='ocrx_word' id='word_1_64' title='bbox 234 1078 361 1133; x_wconf 81' lang='grc' dir='ltr'>τότε</span> <span class='ocrx_word' id='word_1_65' title='bbox 387 1080 415 1133; x_wconf 91' lang='lat'><strong>6</strong></span> <span class='ocrx_word' id='word_1_66' title='bbox 436 1076 838 1150; x_wconf 81' lang='grc' dir='ltr'>τρισμακάριος</span> <span class='ocrx_word' id='word_1_67' title='bbox 867 1068 1043 1142; x_wconf 76' lang='grc' dir='ltr'>οὗτος,</span> <span class='ocrx_word' id='word_1_68' title='bbox 1087 1075 1363 1148; x_wconf 89' lang='grc' dir='ltr'>γνώριμος</span> <span class='ocrx_word' id='word_1_69' title='bbox 1393 1073 1469 1129; x_wconf 83' lang='grc' dir='ltr'>ὢν</span> <span class='ocrx_word' id='word_1_70' title='bbox 1495 1074 1583 1127; x_wconf 79' lang='grc' dir='ltr'><strong>ἐπ’</strong></span> <span class='ocrx_word' id='word_1_71' title='bbox 1607 1074 1697 1127; x_wconf 82' lang='grc' dir='ltr'>εύ-</span> 
     </span>
    </p>
   </div>
   <div class='ocr_carea' id='block_1_13' title="bbox 114 1165 1694 1243">
    <p class='ocr_par' dir='ltr' id='par_1_13' title="bbox 114 1165 1694 1243">
     <span class='ocr_line' id='line_1_13' title="bbox 114 1165 1694 1243; baseline -0.003 -18"><span class='ocrx_word' id='word_1_72' title='bbox 114 1172 321 1243; x_wconf 80' lang='grc' dir='ltr'>σεϐείᾳ,</span> <span class='ocrx_word' id='word_1_73' title='bbox 373 1171 470 1225; x_wconf 78' lang='grc' dir='ltr'>καὶ</span> <span class='ocrx_word' id='word_1_74' title='bbox 504 1170 604 1240; x_wconf 80' lang='grc' dir='ltr'>τὴν</span> <span class='ocrx_word' id='word_1_75' title='bbox 648 1168 832 1223; x_wconf 87' lang='grc' dir='ltr'>πίστιν</span> <span class='ocrx_word' id='word_1_76' title='bbox 880 1170 979 1241; x_wconf 82' lang='grc' dir='ltr'><strong>τὴν</strong></span> <span class='ocrx_word' id='word_1_77' title='bbox 1026 1171 1106 1234; x_wconf 88' lang='grc' dir='ltr'><strong>είς</strong></span> <span class='ocrx_word' id='word_1_78' title='bbox 1138 1168 1375 1241; x_wconf 82' lang='grc' dir='ltr'>Χριστὸν</span> <span class='ocrx_word' id='word_1_79' title='bbox 1419 1165 1694 1238; x_wconf 80' lang='grc' dir='ltr'>πανταχοῦ</span> 
     </span>
    </p>
   </div>
   <div class='ocr_carea' id='block_1_14' title="bbox 111 1259 1695 1336">
    <p class='ocr_par' dir='ltr' id='par_1_14' title="bbox 111 1259 1695 1336">
     <span class='ocr_line' id='line_1_14' title="bbox 111 1259 1695 1336; baseline -0.003 -19"><span class='ocrx_word' id='word_1_80' title='bbox 111 1264 448 1336; x_wconf 78' lang='grc' dir='ltr'>περιφέρων,</span> <span class='ocrx_word' id='word_1_81' title='bbox 490 1262 648 1334; x_wconf 88' lang='grc' dir='ltr'>μόνον</span> <span class='ocrx_word' id='word_1_82' title='bbox 688 1262 791 1316; x_wconf 79' lang='grc' dir='ltr'>οὐκ</span> <span class='ocrx_word' id='word_1_83' title='bbox 820 1262 915 1316; x_wconf 73' lang='grc' dir='ltr'><strong>ἐπὶ</strong></span> <span class='ocrx_word' id='word_1_84' title='bbox 950 1261 1045 1315; x_wconf 92' lang='grc' dir='ltr'><strong>τοῦ</strong></span> <span class='ocrx_word' id='word_1_85' title='bbox 1091 1260 1345 1333; x_wconf 85' lang='grc' dir='ltr'>μετώπου</span> <span class='ocrx_word' id='word_1_86' title='bbox 1386 1259 1483 1331; x_wconf 79' lang='grc' dir='ltr'>τὴν</span> <span class='ocrx_word' id='word_1_87' title='bbox 1506 1260 1695 1331; x_wconf 87' lang='grc' dir='ltr'>ὁμολο-</span> 
     </span>
    </p>
   </div>
   <div class='ocr_carea' id='block_1_15' title="bbox 111 1345 1693 1427">
    <p class='ocr_par' dir='ltr' id='par_1_15' title="bbox 111 1345 1693 1427">
     <span class='ocr_line' id='line_1_15' title="bbox 111 1345 1693 1427; baseline -0.003 -20"><span class='ocrx_word' id='word_1_88' title='bbox 111 1356 236 1423; x_wconf 83' lang='grc' dir='ltr'>γίαν</span> <span class='ocrx_word' id='word_1_89' title='bbox 274 1352 647 1427; x_wconf 77' lang='grc' dir='ltr'>γραψάμενος,</span> <span class='ocrx_word' id='word_1_90' title='bbox 680 1351 865 1406; x_wconf 81' lang='grc' dir='ltr'>οὐκέτι</span> <span class='ocrx_word' id='word_1_91' title='bbox 897 1350 1178 1415; x_wconf 91' lang='grc' dir='ltr'>νεόλεκτος</span> <span class='ocrx_word' id='word_1_92' title='bbox 1202 1345 1273 1421; x_wconf 77' lang='grc' dir='ltr'>ἦν</span> <span class='ocrx_word' id='word_1_93' title='bbox 1298 1348 1395 1422; x_wconf 73' lang='grc' dir='ltr'>τὴν</span> <span class='ocrx_word' id='word_1_94' title='bbox 1423 1347 1693 1421; x_wconf 89' lang='grc' dir='ltr'>ἀνδρείαν,</span> 
     </span>
    </p>
   </div>
   <div class='ocr_carea' id='block_1_16' title="bbox 111 1441 1695 1518">
    <p class='ocr_par' dir='ltr' id='par_1_16' title="bbox 111 1441 1695 1518">
     <span class='ocr_line' id='line_1_16' title="bbox 111 1441 1695 1518; baseline -0.004 -17"><span class='ocrx_word' id='word_1_95' title='bbox 111 1447 233 1501; x_wconf 76' lang='grc' dir='ltr'>οὐδὲ</span> <span class='ocrx_word' id='word_1_96' title='bbox 262 1446 490 1518; x_wconf 76' lang='grc' dir='ltr'>ἄπειρος</span> <span class='ocrx_word' id='word_1_97' title='bbox 513 1444 751 1515; x_wconf 86' lang='grc' dir='ltr'>πολέμου</span> <span class='ocrx_word' id='word_1_98' title='bbox 780 1442 874 1497; x_wconf 75' lang='grc' dir='ltr'><strong>καὶ</strong></span> <span class='ocrx_word' id='word_1_99' title='bbox 908 1442 1088 1514; x_wconf 83' lang='grc' dir='ltr'>μάχης</span> <span class='ocrx_word' id='word_1_100' title='bbox 1110 1457 1126 1473; x_wconf 75' lang='grc' dir='ltr'><strong>ο</strong></span> <span class='ocrx_word' id='word_1_101' title='bbox 1171 1441 1309 1495; x_wconf 83' lang='grc' dir='ltr'><strong>ἀλλά</strong></span> <span class='ocrx_word' id='word_1_102' title='bbox 1331 1442 1574 1511; x_wconf 87' lang='grc' dir='ltr'>γενναῖος</span> <span class='ocrx_word' id='word_1_103' title='bbox 1595 1441 1695 1512; x_wconf 80' lang='grc' dir='ltr'><strong>τὴν</strong></span> 
     </span>
    </p>
   </div>
   <div class='ocr_carea' id='block_1_17' title="bbox 108 1529 1695 1607">
    <p class='ocr_par' dir='ltr' id='par_1_17' title="bbox 108 1529 1695 1607">
     <span class='ocr_line' id='line_1_17' title="bbox 108 1529 1695 1607; baseline -0.004 -18"><span class='ocrx_word' id='word_1_104' title='bbox 108 1535 312 1607; x_wconf 70' lang='grc' dir='ltr'>ψυχὴν,</span> <span class='ocrx_word' id='word_1_105' title='bbox 362 1533 591 1605; x_wconf 80' lang='grc' dir='ltr'>ἰσχυρὰν</span> <span class='ocrx_word' id='word_1_106' title='bbox 644 1532 1014 1603; x_wconf 83' lang='grc' dir='ltr'>ποιησάμενος</span> <span class='ocrx_word' id='word_1_107' title='bbox 1064 1530 1201 1603; x_wconf 85' lang='grc' dir='ltr'>πρὸς</span> <span class='ocrx_word' id='word_1_108' title='bbox 1241 1531 1371 1594; x_wconf 80' lang='grc' dir='ltr'>τοὺς</span> <span class='ocrx_word' id='word_1_109' title='bbox 1418 1529 1695 1594; x_wconf 85' lang='grc' dir='ltr'>κινδύνους</span> 
     </span>
    </p>
   </div>
   <div class='ocr_carea' id='block_1_18' title="bbox 109 1621 1695 1699">
    <p class='ocr_par' dir='ltr' id='par_1_18' title="bbox 109 1621 1695 1699">
     <span class='ocr_line' id='line_1_18' title="bbox 109 1621 1695 1699; baseline -0.003 -19"><span class='ocrx_word' id='word_1_110' title='bbox 109 1628 210 1699; x_wconf 82' lang='grc' dir='ltr'>τὴν</span> <span class='ocrx_word' id='word_1_111' title='bbox 240 1628 513 1690; x_wconf 82' lang='grc' dir='ltr'>ἔνστασιν,</span> <span class='ocrx_word' id='word_1_112' title='bbox 566 1626 665 1695; x_wconf 86' lang='grc' dir='ltr'><strong>οὐχ</strong></span> <span class='ocrx_word' id='word_1_113' title='bbox 714 1623 1027 1695; x_wconf 82' lang='grc' dir='ltr'>ὑφειμένος,</span> <span class='ocrx_word' id='word_1_114' title='bbox 1081 1623 1142 1677; x_wconf 86' lang='grc' dir='ltr'>οὑ</span> <span class='ocrx_word' id='word_1_115' title='bbox 1181 1622 1409 1688; x_wconf 86' lang='grc' dir='ltr'>δειλιῶν,</span> <span class='ocrx_word' id='word_1_116' title='bbox 1443 1623 1504 1676; x_wconf 80' lang='grc' dir='ltr'>οὐ</span> <span class='ocrx_word' id='word_1_117' title='bbox 1537 1621 1695 1691; x_wconf 85' lang='grc' dir='ltr'>λόγον</span> 
     </span>
    </p>
   </div>
   <div class='ocr_carea' id='block_1_19' title="bbox 111 1713 1696 1789">
    <p class='ocr_par' dir='ltr' id='par_1_19' title="bbox 111 1713 1696 1789">
     <span class='ocr_line' id='line_1_19' title="bbox 111 1713 1696 1789; baseline -0.003 -18"><span class='ocrx_word' id='word_1_118' title='bbox 111 1717 565 1789; x_wconf 79' lang='grc' dir='ltr'>ἀπαρρησίαστον</span> <span class='ocrx_word' id='word_1_119' title='bbox 607 1715 1062 1788; x_wconf 86' lang='grc' dir='ltr'>προϐαλλόμενος.</span> <span class='ocrx_word' id='word_1_120' title='bbox 1139 1714 1227 1779; x_wconf 83' lang='grc' dir='ltr'>Ὠς</span> <span class='ocrx_word' id='word_1_121' title='bbox 1254 1715 1363 1787; x_wconf 89' lang='grc' dir='ltr'><strong>γάρ</strong></span> <span class='ocrx_word' id='word_1_122' title='bbox 1390 1714 1611 1770; x_wconf 75' lang='grc' dir='ltr'>ἐκάθισε</span> <span class='ocrx_word' id='word_1_123' title='bbox 1633 1713 1696 1768; x_wconf 78' lang='grc' dir='ltr'>τὸ</span> 
     </span>
    </p>
   </div>
   <div class='ocr_carea' id='block_1_20' title="bbox 1802 531 3374 601">
    <p class='ocr_par' dir='ltr' id='par_1_20' title="bbox 1802 531 3374 601">
     <span class='ocr_line' id='line_1_20' title="bbox 1802 531 3374 601; baseline 0.003 -18"><span class='ocrx_word' id='word_1_124' title='bbox 1802 531 1985 584; x_wconf 92' lang='lat' dir='ltr'><strong>munis</strong></span> <span class='ocrx_word' id='word_1_125' title='bbox 2014 537 2134 597; x_wconf 90' lang='lat' dir='ltr'><strong>est;</strong></span> <span class='ocrx_word' id='word_1_126' title='bbox 2166 538 2422 601; x_wconf 86' lang='lat' dir='ltr'><strong>sumptus</strong></span> <span class='ocrx_word' id='word_1_127' title='bbox 2448 539 2631 588; x_wconf 90' lang='lat' dir='ltr'><strong>autem</strong></span> <span class='ocrx_word' id='word_1_128' title='bbox 2661 532 2813 588; x_wconf 89' lang='lat' dir='ltr'><strong>illinc</strong></span> <span class='ocrx_word' id='word_1_129' title='bbox 2841 532 2911 588; x_wconf 89' lang='lat' dir='ltr'><strong>ad</strong></span> <span class='ocrx_word' id='word_1_130' title='bbox 2943 543 3186 589; x_wconf 87' lang='lat' dir='ltr'><strong>armatos</strong></span> <span class='ocrx_word' id='word_1_131' title='bbox 3218 533 3374 588; x_wconf 85' lang='lat' dir='ltr'><strong>ordi-</strong></span> 
     </span>
    </p>
   </div>
   <div class='ocr_carea' id='block_1_21' title="bbox 1801 620 3372 688">
    <p class='ocr_par' dir='ltr' id='par_1_21' title="bbox 1801 620 3372 688">
     <span class='ocr_line' id='line_1_21' title="bbox 1801 620 3372 688; baseline 0.002 -13"><span class='ocrx_word' id='word_1_132' title='bbox 1801 634 1901 675; x_wconf 90' lang='lat' dir='ltr'><strong>nes</strong></span> <span class='ocrx_word' id='word_1_133' title='bbox 1929 620 2214 688; x_wconf 78' lang='lat' dir='ltr'><strong>militares,</strong></span> <span class='ocrx_word' id='word_1_134' title='bbox 2243 636 2367 677; x_wconf 91' lang='lat' dir='ltr'><strong>cum</strong></span> <span class='ocrx_word' id='word_1_135' title='bbox 2398 621 2568 678; x_wconf 91' lang='lat' dir='ltr'><strong>duces</strong></span> <span class='ocrx_word' id='word_1_136' title='bbox 2596 624 2829 679; x_wconf 78' lang='lat' dir='ltr'><strong>militum</strong></span> <span class='ocrx_word' id='word_1_137' title='bbox 2854 639 2952 680; x_wconf 90' lang='lat' dir='ltr'><strong>eos</strong></span> <span class='ocrx_word' id='word_1_138' title='bbox 2986 625 3075 679; x_wconf 84' lang='lat' dir='ltr'><strong>hic</strong></span> <span class='ocrx_word' id='word_1_139' title='bbox 3108 626 3165 679; x_wconf 90' lang='lat' dir='ltr'><strong>in</strong></span> <span class='ocrx_word' id='word_1_140' title='bbox 3191 625 3372 680; x_wconf 79' lang='lat' dir='ltr'><strong>biber-</strong></span> 
     </span>
    </p>
   </div>
   <div class='ocr_carea' id='block_1_22' title="bbox 1802 707 3370 788">
    <p class='ocr_par' dir='ltr' id='par_1_22' title="bbox 1802 707 3370 788">
     <span class='ocr_line' id='line_1_22' title="bbox 1802 707 3370 788; baseline 0.003 -22"><span class='ocrx_word' id='word_1_141' title='bbox 1802 711 1889 767; x_wconf 88' lang='lat' dir='ltr'><strong>nis</strong></span> <span class='ocrx_word' id='word_1_142' title='bbox 1916 714 2301 778; x_wconf 83' lang='lat' dir='ltr'><strong>collocassent,</strong></span> <span class='ocrx_word' id='word_1_143' title='bbox 2330 714 2405 768; x_wconf 90' lang='lat' dir='ltr'><strong>ita</strong></span> <span class='ocrx_word' id='word_1_144' title='bbox 2430 729 2555 769; x_wconf 92' lang='lat' dir='ltr'><strong>cum</strong></span> <span class='ocrx_word' id='word_1_145' title='bbox 2585 730 2649 770; x_wconf 89' lang='lat' dir='ltr'><strong>ea</strong></span> <span class='ocrx_word' id='word_1_146' title='bbox 2677 716 2907 786; x_wconf 87' lang='lat' dir='ltr'><strong>legione.</strong></span> <span class='ocrx_word' id='word_1_147' title='bbox 2941 717 2995 771; x_wconf 92' lang='lat' dir='ltr'><strong>in</strong></span> <span class='ocrx_word' id='word_1_148' title='bbox 3020 732 3183 788; x_wconf 87' lang='lat' dir='ltr'><strong>quam</strong></span> <span class='ocrx_word' id='word_1_149' title='bbox 3229 707 3370 771; x_wconf 80' lang='lat' dir='ltr'><strong>con-</strong></span> 
     </span>
    </p>
   </div>
   <div class='ocr_carea' id='block_1_23' title="bbox 1803 803 3374 877">
    <p class='ocr_par' dir='ltr' id='par_1_23' title="bbox 1803 803 3374 877">
     <span class='ocr_line' id='line_1_23' title="bbox 1803 803 3374 877; baseline 0.003 -18"><span class='ocrx_word' id='word_1_150' title='bbox 1803 803 2047 875; x_wconf 90' lang='lat' dir='ltr'><strong>scriptus</strong></span> <span class='ocrx_word' id='word_1_151' title='bbox 2075 812 2216 872; x_wconf 89' lang='lat' dir='ltr'><strong>erat,</strong></span> <span class='ocrx_word' id='word_1_152' title='bbox 2244 806 2314 861; x_wconf 91' lang='lat' dir='ltr'><strong>ad</strong></span> <span class='ocrx_word' id='word_1_153' title='bbox 2335 815 2581 861; x_wconf 87' lang='lat' dir='ltr'><strong>nostram</strong></span> <span class='ocrx_word' id='word_1_154' title='bbox 2615 809 2890 877; x_wconf 80' lang='lat' dir='ltr'><strong>regionem</strong></span> <span class='ocrx_word' id='word_1_155' title='bbox 2919 809 3191 866; x_wconf 81' lang='lat' dir='ltr'><strong>transivit.</strong></span> <span class='ocrx_word' id='word_1_156' title='bbox 3222 807 3374 863; x_wconf 91' lang='lat' dir='ltr'><strong>Bello</strong></span> 
     </span>
    </p>
   </div>
   <div class='ocr_carea' id='block_1_24' title="bbox 1801 898 3373 966">
    <p class='ocr_par' dir='ltr' id='par_1_24' title="bbox 1801 898 3373 966">
     <span class='ocr_line' id='line_1_24' title="bbox 1801 898 3373 966; baseline 0.001 -15"><span class='ocrx_word' id='word_1_157' title='bbox 1801 906 1983 953; x_wconf 88' lang='lat' dir='ltr'><strong>autem</strong></span> <span class='ocrx_word' id='word_1_158' title='bbox 2004 906 2227 966; x_wconf 87' lang='lat' dir='ltr'><strong>repente</strong></span> <span class='ocrx_word' id='word_1_159' title='bbox 2248 906 2400 954; x_wconf 89' lang='lat' dir='ltr'><strong>moto</strong></span> <span class='ocrx_word' id='word_1_160' title='bbox 2416 912 2527 953; x_wconf 92' lang='lat' dir='ltr'><strong>non</strong></span> <span class='ocrx_word' id='word_1_161' title='bbox 2552 912 2617 952; x_wconf 83' lang='lat' dir='ltr'><strong>ex</strong></span> <span class='ocrx_word' id='word_1_162' title='bbox 2644 898 2960 956; x_wconf 87' lang='lat' dir='ltr'><strong>incursione</strong></span> <span class='ocrx_word' id='word_1_163' title='bbox 2987 899 3373 962; x_wconf 87' lang='lat' dir='ltr'><strong>barbarorum,</strong></span> 
     </span>
    </p>
   </div>
   <div class='ocr_carea' id='block_1_25' title="bbox 1802 985 3375 1059">
    <p class='ocr_par' dir='ltr' id='par_1_25' title="bbox 1802 985 3375 1059">
     <span class='ocr_line' id='line_1_25' title="bbox 1802 985 3375 1059; baseline 0 -17"><span class='ocrx_word' id='word_1_164' title='bbox 1802 985 1901 1042; x_wconf 89' lang='lat' dir='ltr'><strong>sed</strong></span> <span class='ocrx_word' id='word_1_165' title='bbox 1929 1001 1997 1042; x_wconf 81' lang='lat' dir='ltr'><strong>ex</strong></span> <span class='ocrx_word' id='word_1_166' title='bbox 2028 987 2145 1056; x_wconf 83' lang='lat' dir='ltr'><strong>lege</strong></span> <span class='ocrx_word' id='word_1_167' title='bbox 2180 986 2443 1043; x_wconf 89' lang='lat' dir='ltr'><strong>Satanlca</strong></span> <span class='ocrx_word' id='word_1_168' title='bbox 2493 987 2859 1058; x_wconf 77' lang='lat' dir='ltr'><strong>decretoque,</strong></span> <span class='ocrx_word' id='word_1_169' title='bbox 2883 1002 2994 1058; x_wconf 93' lang='lat' dir='ltr'><strong>quo</strong></span> <span class='ocrx_word' id='word_1_170' title='bbox 3023 989 3167 1043; x_wconf 88' lang='lat' dir='ltr'><strong>Deus</strong></span> <span class='ocrx_word' id='word_1_171' title='bbox 3198 1004 3375 1059; x_wconf 80' lang='lat' dir='ltr'><strong>oppu-</strong></span> 
     </span>
    </p>
   </div>
   <div class='ocr_carea' id='block_1_26' title="bbox 1800 1078 3376 1151">
    <p class='ocr_par' dir='ltr' id='par_1_26' title="bbox 1800 1078 3376 1151">
     <span class='ocr_line' id='line_1_26' title="bbox 1800 1078 3376 1151; baseline 0.001 -19"><span class='ocrx_word' id='word_1_172' title='bbox 1800 1086 2063 1149; x_wconf 88' lang='lat' dir='ltr'><strong>gnaretur</strong></span> <span class='ocrx_word' id='word_1_173' title='bbox 2096 1078 2437 1151; x_wconf 76' lang='lat' dir='ltr'><strong>(quicunque</strong></span> <span class='ocrx_word' id='word_1_174' title='bbox 2468 1078 2613 1134; x_wconf 91' lang='lat' dir='ltr'><strong>enim</strong></span> <span class='ocrx_word' id='word_1_175' title='bbox 2633 1078 2980 1135; x_wconf 90' lang='lat' dir='ltr'><strong>Christianus</strong></span> <span class='ocrx_word' id='word_1_176' title='bbox 3010 1088 3176 1143; x_wconf 88' lang='lat' dir='ltr'><strong>esset,</strong></span> <span class='ocrx_word' id='word_1_177' title='bbox 3206 1081 3376 1150; x_wconf 90' lang='lat' dir='ltr'><strong>impio</strong></span> 
     </span>
    </p>
   </div>
   <div class='ocr_carea' id='block_1_27' title="bbox 1801 1170 3373 1243">
    <p class='ocr_par' dir='ltr' id='par_1_27' title="bbox 1801 1170 3373 1243">
     <span class='ocr_line' id='line_1_27' title="bbox 1801 1170 3373 1243; baseline 0.001 -19"><span class='ocrx_word' id='word_1_178' title='bbox 1801 1170 2007 1240; x_wconf 90' lang='lat' dir='ltr'><strong>scripto</strong></span> <span class='ocrx_word' id='word_1_179' title='bbox 2053 1170 2454 1241; x_wconf 81' lang='lat' dir='ltr'><strong>exagitabatur,</strong></span> <span class='ocrx_word' id='word_1_180' title='bbox 2501 1177 2557 1226; x_wconf 91' lang='lat' dir='ltr'><strong>et</strong></span> <span class='ocrx_word' id='word_1_181' title='bbox 2609 1170 2674 1225; x_wconf 88' lang='lat' dir='ltr'><strong>ad</strong></span> <span class='ocrx_word' id='word_1_182' title='bbox 2735 1178 2963 1226; x_wconf 91' lang='lat' dir='ltr'><strong>mortem</strong></span> <span class='ocrx_word' id='word_1_183' title='bbox 3010 1170 3373 1243; x_wconf 89' lang='lat' dir='ltr'><strong>ducebatur),</strong></span> 
     </span>
    </p>
   </div>
   <div class='ocr_carea' id='block_1_28' title="bbox 1802 1261 3377 1333">
    <p class='ocr_par' dir='ltr' id='par_1_28' title="bbox 1802 1261 3377 1333">
     <span class='ocr_line' id='line_1_28' title="bbox 1802 1261 3377 1333; baseline 0.001 -17"><span class='ocrx_word' id='word_1_184' title='bbox 1802 1270 1936 1317; x_wconf 91' lang='lat' dir='ltr'><strong>tunc</strong></span> <span class='ocrx_word' id='word_1_185' title='bbox 1964 1261 2246 1327; x_wconf 87' lang='lat' dir='ltr'><strong>nimirum,</strong></span> <span class='ocrx_word' id='word_1_186' title='bbox 2272 1269 2403 1319; x_wconf 87' lang='lat' dir='ltr'><strong>tunc</strong></span> <span class='ocrx_word' id='word_1_187' title='bbox 2423 1262 2512 1318; x_wconf 91' lang='lat' dir='ltr'><strong>hic</strong></span> <span class='ocrx_word' id='word_1_188' title='bbox 2539 1271 2623 1318; x_wconf 90' lang='lat' dir='ltr'><strong>ter</strong></span> <span class='ocrx_word' id='word_1_189' title='bbox 2647 1271 2952 1333; x_wconf 85' lang='lat' dir='ltr'><strong>quaterque</strong></span> <span class='ocrx_word' id='word_1_190' title='bbox 2972 1264 3167 1318; x_wconf 91' lang='lat' dir='ltr'><strong>beatus</strong></span> <span class='ocrx_word' id='word_1_191' title='bbox 3195 1262 3377 1319; x_wconf 84' lang='lat' dir='ltr'><strong>Theo-</strong></span> 
     </span>
    </p>
   </div>
   <div class='ocr_carea' id='block_1_29' title="bbox 1801 1352 3378 1424">
    <p class='ocr_par' dir='ltr' id='par_1_29' title="bbox 1801 1352 3378 1424">
     <span class='ocr_line' id='line_1_29' title="bbox 1801 1352 3378 1424; baseline 0.001 -17"><span class='ocrx_word' id='word_1_192' title='bbox 1801 1352 1996 1420; x_wconf 89' lang='lat' dir='ltr'><strong>dorus,</strong></span> <span class='ocrx_word' id='word_1_193' title='bbox 2030 1353 2178 1423; x_wconf 88' lang='lat' dir='ltr'><strong>quod</strong></span> <span class='ocrx_word' id='word_1_194' title='bbox 2214 1354 2417 1423; x_wconf 82' lang='lat' dir='ltr'><strong>insigni</strong></span> <span class='ocrx_word' id='word_1_195' title='bbox 2452 1354 2654 1424; x_wconf 86' lang='lat' dir='ltr'><strong>pietate</strong></span> <span class='ocrx_word' id='word_1_196' title='bbox 2687 1356 2952 1424; x_wconf 69' lang='lat' dir='ltr'><strong>praeditus</strong></span> <span class='ocrx_word' id='word_1_197' title='bbox 2983 1361 3154 1420; x_wconf 88' lang='lat' dir='ltr'><strong>esset,</strong></span> <span class='ocrx_word' id='word_1_198' title='bbox 3188 1354 3378 1409; x_wconf 88' lang='lat' dir='ltr'><strong>fidem-</strong></span> 
     </span>
    </p>
   </div>
   <div class='ocr_carea' id='block_1_30' title="bbox 1800 1440 3373 1512">
    <p class='ocr_par' dir='ltr' id='par_1_30' title="bbox 1800 1440 3373 1512">
     <span class='ocr_line' id='line_1_30' title="bbox 1800 1440 3373 1512; baseline 0.001 -18"><span class='ocrx_word' id='word_1_199' title='bbox 1800 1457 1908 1512; x_wconf 91' lang='lat' dir='ltr'><strong>que</strong></span> <span class='ocrx_word' id='word_1_200' title='bbox 1933 1440 1989 1495; x_wconf 92' lang='lat' dir='ltr'><strong>in</strong></span> <span class='ocrx_word' id='word_1_201' title='bbox 2010 1441 2291 1497; x_wconf 88' lang='lat' dir='ltr'><strong>Christum</strong></span> <span class='ocrx_word' id='word_1_202' title='bbox 2322 1441 2526 1512; x_wconf 89' lang='lat' dir='ltr'><strong>ubique</strong></span> <span class='ocrx_word' id='word_1_203' title='bbox 2553 1440 2958 1507; x_wconf 79' lang='lat' dir='ltr'><strong>circumferret,</strong></span> <span class='ocrx_word' id='word_1_204' title='bbox 2978 1442 3373 1512; x_wconf 86' lang='lat' dir='ltr'><strong>propemodum</strong></span> 
     </span>
    </p>
   </div>
   <div class='ocr_carea' id='block_1_31' title="bbox 1800 1534 3375 1607">
    <p class='ocr_par' dir='ltr' id='par_1_31' title="bbox 1800 1534 3375 1607">
     <span class='ocr_line' id='line_1_31' title="bbox 1800 1534 3375 1607; baseline 0 -17"><span class='ocrx_word' id='word_1_205' title='bbox 1800 1536 1855 1590; x_wconf 90' lang='lat' dir='ltr'><strong>in</strong></span> <span class='ocrx_word' id='word_1_206' title='bbox 1883 1534 2062 1591; x_wconf 90' lang='lat' dir='ltr'><strong>fronte</strong></span> <span class='ocrx_word' id='word_1_207' title='bbox 2095 1536 2500 1591; x_wconf 79' lang='lat' dir='ltr'><strong>confessionem</strong></span> <span class='ocrx_word' id='word_1_208' title='bbox 2531 1536 2845 1605; x_wconf 79' lang='lat' dir='ltr'><strong>inscriptam</strong></span> <span class='ocrx_word' id='word_1_209' title='bbox 2878 1551 3098 1607; x_wconf 83' lang='lat' dir='ltr'><strong>gerens,</strong></span> <span class='ocrx_word' id='word_1_210' title='bbox 3128 1550 3236 1590; x_wconf 91' lang='lat' dir='ltr'><strong>non</strong></span> <span class='ocrx_word' id='word_1_211' title='bbox 3261 1536 3375 1606; x_wconf 87' lang='lat' dir='ltr'><strong>jam</strong></span> 
     </span>
    </p>
   </div>
   <div class='ocr_carea' id='block_1_32' title="bbox 1800 1625 3377 1698">
    <p class='ocr_par' dir='ltr' id='par_1_32' title="bbox 1800 1625 3377 1698">
     <span class='ocr_line' id='line_1_32' title="bbox 1800 1625 3377 1698; baseline 0 -17"><span class='ocrx_word' id='word_1_212' title='bbox 1800 1626 2040 1697; x_wconf 86' lang='lat' dir='ltr'><strong>amplius</strong></span> <span class='ocrx_word' id='word_1_213' title='bbox 2072 1625 2274 1682; x_wconf 89' lang='lat' dir='ltr'><strong>virtute</strong></span> <span class='ocrx_word' id='word_1_214' title='bbox 2306 1637 2427 1698; x_wconf 83' lang='lat' dir='ltr'><strong>tyro</strong></span> <span class='ocrx_word' id='word_1_215' title='bbox 2455 1626 2616 1680; x_wconf 91' lang='lat' dir='ltr'><strong>modo</strong></span> <span class='ocrx_word' id='word_1_216' title='bbox 2642 1625 2991 1695; x_wconf 83' lang='lat' dir='ltr'><strong>conscriptus</strong></span> <span class='ocrx_word' id='word_1_217' title='bbox 3028 1632 3169 1689; x_wconf 90' lang='lat' dir='ltr'><strong>erat,</strong></span> <span class='ocrx_word' id='word_1_218' title='bbox 3198 1640 3377 1696; x_wconf 84' lang='lat' dir='ltr'><strong>neque</strong></span> 
     </span>
    </p>
   </div>
   <div class='ocr_carea' id='block_1_33' title="bbox 1801 1718 3374 1791">
    <p class='ocr_par' dir='ltr' id='par_1_33' title="bbox 1801 1718 3374 1791">
     <span class='ocr_line' id='line_1_33' title="bbox 1801 1718 3374 1791; baseline 0 -18"><span class='ocrx_word' id='word_1_219' title='bbox 1801 1721 1879 1775; x_wconf 92' lang='lat' dir='ltr'><strong>rei</strong></span> <span class='ocrx_word' id='word_1_220' title='bbox 1935 1720 2145 1776; x_wconf 72' lang='lat' dir='ltr'><strong>bellica:</strong></span> <span class='ocrx_word' id='word_1_221' title='bbox 2184 1726 2241 1776; x_wconf 91' lang='lat' dir='ltr'><strong>et</strong></span> <span class='ocrx_word' id='word_1_222' title='bbox 2268 1734 2464 1791; x_wconf 66' lang='lat' dir='ltr'><strong>pugna:</strong></span> <span class='ocrx_word' id='word_1_223' title='bbox 2506 1719 2699 1785; x_wconf 87' lang='lat' dir='ltr'><strong>rudis,</strong></span> <span class='ocrx_word' id='word_1_224' title='bbox 2733 1718 2828 1774; x_wconf 89' lang='lat' dir='ltr'><strong>sed</strong></span> <span class='ocrx_word' id='word_1_225' title='bbox 2878 1718 3063 1773; x_wconf 92' lang='lat' dir='ltr'><strong>animo</strong></span> <span class='ocrx_word' id='word_1_226' title='bbox 3091 1724 3374 1789; x_wconf 64' lang='lat' dir='ltr'><strong>strenuus,</strong></span> 
     </span>
    </p>
   </div>
   <div class='ocr_carea' id='block_1_34' title="bbox 111 1800 1698 1882">
    <p class='ocr_par' dir='ltr' id='par_1_34' title="bbox 111 1808 1695 1882">
     <span class='ocr_line' id='line_1_34' title="bbox 111 1808 1695 1882; baseline -0.001 -18"><span class='ocrx_word' id='word_1_227' title='bbox 111 1811 351 1882; x_wconf 83' lang='grc' dir='ltr'>πονηρὸν</span> <span class='ocrx_word' id='word_1_228' title='bbox 387 1812 564 1864; x_wconf 78' lang='grc' dir='ltr'>έκεῖνο</span> <span class='ocrx_word' id='word_1_229' title='bbox 611 1810 979 1881; x_wconf 86' lang='grc' dir='ltr'>δικαστήριον,</span> <span class='ocrx_word' id='word_1_230' title='bbox 1022 1810 1052 1863; x_wconf 85' lang='lat'><strong>6</strong></span> <span class='ocrx_word' id='word_1_231' title='bbox 1078 1825 1138 1862; x_wconf 86' lang='grc' dir='ltr'><strong>τε</strong></span> <span class='ocrx_word' id='word_1_232' title='bbox 1168 1808 1391 1880; x_wconf 78' lang='grc' dir='ltr'>ἡγεμὼν</span> <span class='ocrx_word' id='word_1_233' title='bbox 1416 1809 1513 1862; x_wconf 69' lang='grc' dir='ltr'>καὶ</span> <span class='ocrx_word' id='word_1_234' title='bbox 1543 1810 1572 1863; x_wconf 91' lang='lat'><strong>6</strong></span> <span class='ocrx_word' id='word_1_235' title='bbox 1596 1825 1695 1863; x_wconf 91' lang='grc' dir='ltr'>τα-</span> 
     </span>
    </p>
   </div>
   <div class='ocr_carea' id='block_1_35' title="bbox 1801 1800 3379 1882">
    <p class='ocr_par' dir='ltr' id='par_1_35' title="bbox 1801 1806 3379 1879">
     <span class='ocr_line' id='line_1_35' title="bbox 1801 1806 3379 1879; baseline -0.002 -16"><span class='ocrx_word' id='word_1_236' title='bbox 1801 1808 2015 1865; x_wconf 89' lang='lat' dir='ltr'><strong>fortiter</strong></span> <span class='ocrx_word' id='word_1_237' title='bbox 2052 1824 2173 1866; x_wconf 88' lang='lat' dir='ltr'><strong>sese</strong></span> <span class='ocrx_word' id='word_1_238' title='bbox 2213 1808 2478 1879; x_wconf 85' lang='lat' dir='ltr'><strong>periculis</strong></span> <span class='ocrx_word' id='word_1_239' title='bbox 2514 1807 2783 1877; x_wconf 83' lang='lat' dir='ltr'><strong>objiciens</strong></span> <span class='ocrx_word' id='word_1_240' title='bbox 2806 1846 2822 1870; x_wconf 90' lang='lat'><strong>,</strong></span> <span class='ocrx_word' id='word_1_241' title='bbox 2873 1820 2984 1861; x_wconf 92' lang='lat' dir='ltr'><strong>non</strong></span> <span class='ocrx_word' id='word_1_242' title='bbox 3006 1806 3287 1861; x_wconf 85' lang='lat' dir='ltr'><strong>remissus</strong></span> <span class='ocrx_word' id='word_1_243' title='bbox 3317 1812 3379 1860; x_wconf 89' lang='lat' dir='ltr'><strong>et</strong></span> 
     </span>
    </p>
   </div>
   <div class='ocr_carea' id='block_1_36' title="bbox 110 1899 1698 1977">
    <p class='ocr_par' dir='ltr' id='par_1_36' title="bbox 110 1899 1698 1977">
     <span class='ocr_line' id='line_1_36' title="bbox 110 1899 1698 1977; baseline -0.003 -19"><span class='ocrx_word' id='word_1_244' title='bbox 110 1905 335 1977; x_wconf 80' lang='grc' dir='ltr'>ξίαρχος</span> <span class='ocrx_word' id='word_1_245' title='bbox 384 1903 463 1968; x_wconf 86' lang='grc' dir='ltr'><strong>είς</strong></span> <span class='ocrx_word' id='word_1_246' title='bbox 496 1901 660 1956; x_wconf 79' lang='grc' dir='ltr'><strong>ταὺτὸ</strong></span> <span class='ocrx_word' id='word_1_247' title='bbox 709 1901 1082 1967; x_wconf 81' lang='grc' dir='ltr'>συνελθόντες,</span> <span class='ocrx_word' id='word_1_248' title='bbox 1132 1900 1208 1966; x_wconf 83' lang='grc' dir='ltr'>ὡς</span> <span class='ocrx_word' id='word_1_249' title='bbox 1248 1899 1498 1974; x_wconf 81' lang='grc' dir='ltr'><strong>Ἡρώδης</strong></span> <span class='ocrx_word' id='word_1_250' title='bbox 1562 1900 1698 1954; x_wconf 83' lang='grc' dir='ltr'>ποτὲ</span> 
     </span>
    </p>
   </div>
   <div class='ocr_carea' id='block_1_37' title="bbox 110 1992 1695 2065">
    <p class='ocr_par' dir='ltr' id='par_1_37' title="bbox 110 1992 1695 2065">
     <span class='ocr_line' id='line_1_37' title="bbox 110 1992 1695 2065; baseline -0.001 -17"><span class='ocrx_word' id='word_1_251' title='bbox 110 1997 209 2049; x_wconf 69' lang='grc' dir='ltr'>καὶ</span> <span class='ocrx_word' id='word_1_252' title='bbox 235 1994 486 2061; x_wconf 85' lang='grc' dir='ltr'>Πιλάτος,</span> <span class='ocrx_word' id='word_1_253' title='bbox 507 1993 596 2047; x_wconf 81' lang='grc' dir='ltr'>τὸν</span> <span class='ocrx_word' id='word_1_254' title='bbox 617 1992 801 2047; x_wconf 90' lang='grc' dir='ltr'>δοῦλον</span> <span class='ocrx_word' id='word_1_255' title='bbox 829 1992 924 2046; x_wconf 90' lang='grc' dir='ltr'><strong>τοῦ</strong></span> <span class='ocrx_word' id='word_1_256' title='bbox 951 1992 1377 2064; x_wconf 90' lang='grc' dir='ltr'>σταυρωθέντος,</span> <span class='ocrx_word' id='word_1_257' title='bbox 1405 1993 1486 2059; x_wconf 85' lang='grc' dir='ltr'><strong>είς</strong></span> <span class='ocrx_word' id='word_1_258' title='bbox 1506 1993 1695 2065; x_wconf 82' lang='grc' dir='ltr'>κρίσιν</span> 
     </span>
    </p>
   </div>
   <div class='ocr_carea' id='block_1_38' title="bbox 109 2080 1695 2154">
    <p class='ocr_par' dir='ltr' id='par_1_38' title="bbox 109 2080 1695 2154">
     <span class='ocr_line' id='line_1_38' title="bbox 109 2080 1695 2154; baseline 0.001 -19"><span class='ocrx_word' id='word_1_259' title='bbox 109 2084 305 2154; x_wconf 79' lang='grc' dir='ltr'>ὁμοίαν</span> <span class='ocrx_word' id='word_1_260' title='bbox 325 2081 418 2136; x_wconf 86' lang='grc' dir='ltr'><strong>τοῦ</strong></span> <span class='ocrx_word' id='word_1_261' title='bbox 445 2081 717 2135; x_wconf 88' lang='grc' dir='ltr'>Δεσπότου</span> <span class='ocrx_word' id='word_1_262' title='bbox 748 2080 1114 2154; x_wconf 84' lang='grc' dir='ltr'>κατέστησαν.</span> <span class='ocrx_word' id='word_1_263' title='bbox 1142 2099 1161 2133; x_wconf 87' lang='grc' dir='ltr'><strong>ι</strong></span> <span class='ocrx_word' id='word_1_264' title='bbox 1187 2084 1300 2137; x_wconf 67' lang='grc' dir='ltr'><strong>Καὶ</strong></span> <span class='ocrx_word' id='word_1_265' title='bbox 1320 2081 1468 2151; x_wconf 87' lang='grc' dir='ltr'>λέγε,</span> <span class='ocrx_word' id='word_1_266' title='bbox 1496 2100 1517 2135; x_wconf 73' lang='grc' dir='ltr'><strong>ι</strong></span> <span class='ocrx_word' id='word_1_267' title='bbox 1541 2082 1695 2153; x_wconf 79' lang='grc' dir='ltr'>φησὶ,</span> 
     </span>
    </p>
   </div>
   <div class='ocr_carea' id='block_1_39' title="bbox 116 2170 1698 2245">
    <p class='ocr_par' dir='ltr' id='par_1_39' title="bbox 116 2170 1698 2245">
     <span class='ocr_line' id='line_1_39' title="bbox 116 2170 1698 2245; baseline 0.001 -20"><span class='ocrx_word' id='word_1_268' title='bbox 116 2192 136 2224; x_wconf 79' lang='grc' dir='ltr'><strong>ι</strong></span> <span class='ocrx_word' id='word_1_269' title='bbox 164 2173 335 2226; x_wconf 82' lang='grc' dir='ltr'>πόθεν</span> <span class='ocrx_word' id='word_1_270' title='bbox 363 2189 445 2225; x_wconf 86' lang='grc' dir='ltr'><strong>σοι</strong></span> <span class='ocrx_word' id='word_1_271' title='bbox 474 2170 813 2243; x_wconf 79' lang='grc' dir='ltr'>θρασύτητος</span> <span class='ocrx_word' id='word_1_272' title='bbox 840 2172 938 2226; x_wconf 75' lang='grc' dir='ltr'>καὶ</span> <span class='ocrx_word' id='word_1_273' title='bbox 965 2173 1173 2244; x_wconf 86' lang='grc' dir='ltr'>τόλμης</span> <span class='ocrx_word' id='word_1_274' title='bbox 1205 2172 1581 2245; x_wconf 78' lang='grc' dir='ltr'>ἐγγινομένης,</span> <span class='ocrx_word' id='word_1_275' title='bbox 1618 2174 1698 2236; x_wconf 82' lang='grc' dir='ltr'><strong>είς</strong></span> 
     </span>
    </p>
   </div>
   <div class='ocr_carea' id='block_1_40' title="bbox 109 2262 1700 2337">
    <p class='ocr_par' dir='ltr' id='par_1_40' title="bbox 109 2262 1700 2337">
     <span class='ocr_line' id='line_1_40' title="bbox 109 2262 1700 2337; baseline 0 -19"><span class='ocrx_word' id='word_1_276' title='bbox 109 2264 204 2318; x_wconf 70' lang='grc' dir='ltr'><strong>τὸν</strong></span> <span class='ocrx_word' id='word_1_277' title='bbox 255 2263 532 2335; x_wconf 78' lang='grc' dir='ltr'>βασιλικὸν</span> <span class='ocrx_word' id='word_1_278' title='bbox 579 2262 883 2336; x_wconf 79' lang='grc' dir='ltr'>ὲξυϐρίζεις</span> <span class='ocrx_word' id='word_1_279' title='bbox 912 2263 1095 2334; x_wconf 89' lang='grc' dir='ltr'>νόμον,</span> <span class='ocrx_word' id='word_1_280' title='bbox 1141 2264 1241 2337; x_wconf 85' lang='grc' dir='ltr'><strong>οὐχ</strong></span> <span class='ocrx_word' id='word_1_281' title='bbox 1284 2264 1619 2328; x_wconf 84' lang='grc' dir='ltr'>ὑποκύπτεις</span> <span class='ocrx_word' id='word_1_282' title='bbox 1642 2264 1700 2318; x_wconf 82' lang='grc' dir='ltr'>δὲ</span> 
     </span>
    </p>
   </div>
   <div class='ocr_carea' id='block_1_41' title="bbox 110 2351 1699 2429">
    <p class='ocr_par' dir='ltr' id='par_1_41' title="bbox 110 2351 1699 2429">
     <span class='ocr_line' id='line_1_41' title="bbox 110 2351 1699 2429; baseline -0.001 -19"><span class='ocrx_word' id='word_1_283' title='bbox 110 2354 336 2427; x_wconf 81' lang='grc' dir='ltr'>τρέμων</span> <span class='ocrx_word' id='word_1_284' title='bbox 363 2356 477 2414; x_wconf 87' lang='grc' dir='ltr'>τοῖς</span> <span class='ocrx_word' id='word_1_285' title='bbox 496 2351 591 2407; x_wconf 92' lang='grc' dir='ltr'><strong>τοῦ</strong></span> <span class='ocrx_word' id='word_1_286' title='bbox 615 2354 889 2409; x_wconf 87' lang='grc' dir='ltr'>Δεσπότου</span> <span class='ocrx_word' id='word_1_287' title='bbox 913 2356 1351 2428; x_wconf 77' lang='grc' dir='ltr'>προστάγμασιν,</span> <span class='ocrx_word' id='word_1_288' title='bbox 1381 2356 1503 2410; x_wconf 81' lang='grc' dir='ltr'>οὐδὲ</span> <span class='ocrx_word' id='word_1_289' title='bbox 1534 2372 1699 2429; x_wconf 90' lang='grc' dir='ltr'>προσ-</span> 
     </span>
    </p>
   </div>
   <div class='ocr_carea' id='block_1_42' title="bbox 110 2446 1699 2520">
    <p class='ocr_par' dir='ltr' id='par_1_42' title="bbox 110 2446 1699 2520">
     <span class='ocr_line' id='line_1_42' title="bbox 110 2446 1699 2520; baseline 0.001 -19"><span class='ocrx_word' id='word_1_290' title='bbox 110 2449 301 2510; x_wconf 80' lang='grc' dir='ltr'>κυνεῖς</span> <span class='ocrx_word' id='word_1_291' title='bbox 346 2446 489 2501; x_wconf 83' lang='grc' dir='ltr'>κατὰ</span> <span class='ocrx_word' id='word_1_292' title='bbox 532 2446 594 2500; x_wconf 84' lang='grc' dir='ltr'>τὸ</span> <span class='ocrx_word' id='word_1_293' title='bbox 641 2446 834 2501; x_wconf 82' lang='grc' dir='ltr'>δοκοῦν</span> <span class='ocrx_word' id='word_1_294' title='bbox 876 2448 990 2511; x_wconf 92' lang='grc' dir='ltr'>τοῖς</span> <span class='ocrx_word' id='word_1_295' title='bbox 1036 2446 1330 2520; x_wconf 81' lang='grc' dir='ltr'>κρατοῦσιν</span> <span class='ocrx_word' id='word_1_296' title='bbox 1357 2465 1373 2515; x_wconf 91' lang='lat'><strong>;</strong></span> <span class='ocrx_word' id='word_1_297' title='bbox 1405 2467 1425 2501; x_wconf 72' lang='grc' dir='ltr'><strong>ι</strong></span> <span class='ocrx_word' id='word_1_298' title='bbox 1488 2449 1554 2502; x_wconf 77' lang='grc' dir='ltr'><strong>Οἱ</strong></span> <span class='ocrx_word' id='word_1_299' title='bbox 1590 2449 1699 2519; x_wconf 80' lang='grc' dir='ltr'>γὰρ</span> 
     </span>
    </p>
   </div>
   <div class='ocr_carea' id='block_1_43' title="bbox 110 2537 1708 2613">
    <p class='ocr_par' dir='ltr' id='par_1_43' title="bbox 110 2537 1708 2613">
     <span class='ocr_line' id='line_1_43' title="bbox 110 2537 1708 2613; baseline 0.001 -20"><span class='ocrx_word' id='word_1_300' title='bbox 110 2540 266 2610; x_wconf 77' lang='grc' dir='ltr'>ἀμφὶ</span> <span class='ocrx_word' id='word_1_301' title='bbox 292 2537 639 2613; x_wconf 62' lang='grc' dir='ltr'>Μαξιωανὸν</span> <span class='ocrx_word' id='word_1_302' title='bbox 667 2539 788 2593; x_wconf 87' lang='grc' dir='ltr'>τότε</span> <span class='ocrx_word' id='word_1_303' title='bbox 828 2540 928 2610; x_wconf 85' lang='grc' dir='ltr'>τῆς</span> <span class='ocrx_word' id='word_1_304' title='bbox 970 2538 1247 2611; x_wconf 77' lang='grc' dir='ltr'>βασιλείας</span> <span class='ocrx_word' id='word_1_305' title='bbox 1288 2539 1539 2613; x_wconf 79' lang='grc' dir='ltr'>ἡγοῦντο.</span> <span class='ocrx_word' id='word_1_306' title='bbox 1604 2541 1708 2603; x_wconf 89' lang='grc' dir='ltr'>Ὃς</span> 
     </span>
    </p>
   </div>
   <div class='ocr_carea' id='block_1_44' title="bbox 113 2629 1697 2705">
    <p class='ocr_par' dir='ltr' id='par_1_44' title="bbox 113 2629 1697 2705">
     <span class='ocr_line' id='line_1_44' title="bbox 113 2629 1697 2705; baseline 0.001 -20"><span class='ocrx_word' id='word_1_307' title='bbox 113 2630 331 2705; x_wconf 76' lang='grc' dir='ltr'>στερρῷ</span> <span class='ocrx_word' id='word_1_308' title='bbox 362 2630 444 2703; x_wconf 82' lang='grc' dir='ltr'>τῷ</span> <span class='ocrx_word' id='word_1_309' title='bbox 478 2629 755 2703; x_wconf 83' lang='grc' dir='ltr'>προσώπῳ</span> <span class='ocrx_word' id='word_1_310' title='bbox 793 2631 889 2687; x_wconf 79' lang='grc' dir='ltr'>καὶ</span> <span class='ocrx_word' id='word_1_311' title='bbox 914 2631 1370 2705; x_wconf 82' lang='grc' dir='ltr'>ἀκατα[π]λήκτῳ</span> <span class='ocrx_word' id='word_1_312' title='bbox 1391 2634 1457 2705; x_wconf 75' lang='grc' dir='ltr'>τῇ</span> <span class='ocrx_word' id='word_1_313' title='bbox 1480 2630 1697 2704; x_wconf 87' lang='grc' dir='ltr'>γνώμῃ,</span> 
     </span>
    </p>
   </div>
   <div class='ocr_carea' id='block_1_45' title="bbox 110 2723 1697 2797">
    <p class='ocr_par' dir='ltr' id='par_1_45' title="bbox 110 2723 1697 2797">
     <span class='ocr_line' id='line_1_45' title="bbox 110 2723 1697 2797; baseline 0 -19"><span class='ocrx_word' id='word_1_314' title='bbox 110 2725 371 2796; x_wconf 64' lang='grc' dir='ltr'>εὕστοχον</span> <span class='ocrx_word' id='word_1_315' title='bbox 416 2723 515 2795; x_wconf 79' lang='grc' dir='ltr'>τὴν</span> <span class='ocrx_word' id='word_1_316' title='bbox 567 2723 859 2797; x_wconf 89' lang='grc' dir='ltr'>ἀπόκρισιν</span> <span class='ocrx_word' id='word_1_317' title='bbox 909 2728 1024 2790; x_wconf 87' lang='grc' dir='ltr'>τοῖς</span> <span class='ocrx_word' id='word_1_318' title='bbox 1075 2725 1344 2797; x_wconf 85' lang='grc' dir='ltr'>λεχθεῖσιν</span> <span class='ocrx_word' id='word_1_319' title='bbox 1388 2724 1660 2796; x_wconf 77' lang='grc' dir='ltr'>ἐπέθηκεν</span> <span class='ocrx_word' id='word_1_320' title='bbox 1680 2740 1697 2756; x_wconf 65' lang='grc'>⁸</span> 
     </span>
    </p>
   </div>
   <div class='ocr_carea' id='block_1_46' title="bbox 117 2811 1699 2890">
    <p class='ocr_par' dir='ltr' id='par_1_46' title="bbox 117 2811 1699 2890">
     <span class='ocr_line' id='line_1_46' title="bbox 117 2811 1699 2890; baseline 0.003 -22"><span class='ocrx_word' id='word_1_321' title='bbox 117 2835 141 2867; x_wconf 71' lang='grc' dir='ltr'><strong><em>ι</em></strong></span> <span class='ocrx_word' id='word_1_322' title='bbox 164 2815 340 2880; x_wconf 76' lang='grc' dir='ltr'>Θεους</span> <span class='ocrx_word' id='word_1_323' title='bbox 377 2816 476 2887; x_wconf 79' lang='grc' dir='ltr'>μὲν</span> <span class='ocrx_word' id='word_1_324' title='bbox 514 2816 617 2871; x_wconf 83' lang='grc' dir='ltr'>οὐκ</span> <span class='ocrx_word' id='word_1_325' title='bbox 644 2811 761 2870; x_wconf 79' lang='grc' dir='ltr'>οῖδα</span> <span class='ocrx_word' id='word_1_326' title='bbox 808 2816 962 2889; x_wconf 82' lang='grc' dir='ltr'>(οὐδὲ</span> <span class='ocrx_word' id='word_1_327' title='bbox 991 2817 1099 2890; x_wconf 76' lang='grc' dir='ltr'><strong>γὰρ</strong></span> <span class='ocrx_word' id='word_1_328' title='bbox 1126 2818 1235 2872; x_wconf 81' lang='grc' dir='ltr'>είσὶ</span> <span class='ocrx_word' id='word_1_329' title='bbox 1267 2818 1410 2873; x_wconf 87' lang='grc' dir='ltr'><strong>κατά</strong></span> <span class='ocrx_word' id='word_1_330' title='bbox 1435 2816 1533 2889; x_wconf 84' lang='grc' dir='ltr'>τὴν</span> <span class='ocrx_word' id='word_1_331' title='bbox 1562 2816 1699 2888; x_wconf 83' lang='grc' dir='ltr'>ἀλή-</span> 
     </span>
    </p>
   </div>
   <div class='ocr_carea' id='block_1_47' title="bbox 112 2906 1699 2981">
    <p class='ocr_par' dir='ltr' id='par_1_47' title="bbox 112 2906 1699 2981">
     <span class='ocr_line' id='line_1_47' title="bbox 112 2906 1699 2981; baseline 0.002 -21"><span class='ocrx_word' id='word_1_332' title='bbox 112 2906 337 2978; x_wconf 85' lang='grc' dir='ltr'>θειαν)·</span> <span class='ocrx_word' id='word_1_333' title='bbox 382 2906 642 2978; x_wconf 88' lang='grc' dir='ltr'>δαίμονας</span> <span class='ocrx_word' id='word_1_334' title='bbox 687 2907 744 2961; x_wconf 83' lang='grc' dir='ltr'>δὲ</span> <span class='ocrx_word' id='word_1_335' title='bbox 779 2908 939 2980; x_wconf 84' lang='grc' dir='ltr'>ὑμεῖς</span> <span class='ocrx_word' id='word_1_336' title='bbox 973 2908 1295 2974; x_wconf 86' lang='grc' dir='ltr'>ἀπατεῶνας</span> <span class='ocrx_word' id='word_1_337' title='bbox 1328 2908 1600 2965; x_wconf 83' lang='grc' dir='ltr'>πλανᾶσθε</span> <span class='ocrx_word' id='word_1_338' title='bbox 1631 2911 1699 2981; x_wconf 78' lang='grc' dir='ltr'><strong>τῇ</strong></span> 
     </span>
    </p>
   </div>
   <div class='ocr_carea' id='block_1_48' title="bbox 108 2994 1702 3071">
    <p class='ocr_par' dir='ltr' id='par_1_48' title="bbox 108 2994 1702 3071">
     <span class='ocr_line' id='line_1_48' title="bbox 108 2994 1702 3071; baseline 0.001 -20"><span class='ocrx_word' id='word_1_339' title='bbox 108 2994 207 3051; x_wconf 84' lang='grc' dir='ltr'><strong>τοῦ</strong></span> <span class='ocrx_word' id='word_1_340' title='bbox 227 2996 367 3050; x_wconf 86' lang='grc' dir='ltr'>Θεοῦ</span> <span class='ocrx_word' id='word_1_341' title='bbox 392 2995 661 3068; x_wconf 84' lang='grc' dir='ltr'>τιμῶντες</span> <span class='ocrx_word' id='word_1_342' title='bbox 681 2998 1040 3071; x_wconf 75' lang='grc' dir='ltr'>προσηγορίᾳ·</span> <span class='ocrx_word' id='word_1_343' title='bbox 1089 2997 1213 3070; x_wconf 53' lang='grc' dir='ltr'><strong>ἐμοὶ⁸</strong></span> <span class='ocrx_word' id='word_1_344' title='bbox 1257 2999 1314 3052; x_wconf 84' lang='grc' dir='ltr'>δὲ</span> <span class='ocrx_word' id='word_1_345' title='bbox 1351 3000 1483 3064; x_wconf 80' lang='grc' dir='ltr'>Θεὸς</span> <span class='ocrx_word' id='word_1_346' title='bbox 1512 3000 1540 3052; x_wconf 92' lang='grc' dir='ltr'><strong>ὁ</strong></span> <span class='ocrx_word' id='word_1_347' title='bbox 1566 2999 1702 3070; x_wconf 85' lang='grc' dir='ltr'>Χρι-</span> 
     </span>
    </p>
   </div>
   <div class='ocr_carea' id='block_1_49' title="bbox 109 3084 1702 3160">
    <p class='ocr_par' dir='ltr' id='par_1_49' title="bbox 109 3084 1702 3160">
     <span class='ocr_line' id='line_1_49' title="bbox 109 3084 1702 3160; baseline 0.001 -20"><span class='ocrx_word' id='word_1_348' title='bbox 109 3086 265 3153; x_wconf 79' lang='grc' dir='ltr'>στὸς,</span> <span class='ocrx_word' id='word_1_349' title='bbox 305 3087 338 3140; x_wconf 91' lang='grc' dir='ltr'><strong>ὁ</strong></span> <span class='ocrx_word' id='word_1_350' title='bbox 363 3084 457 3140; x_wconf 94' lang='grc' dir='ltr'><strong>τοῦ</strong></span> <span class='ocrx_word' id='word_1_351' title='bbox 488 3086 623 3140; x_wconf 87' lang='grc' dir='ltr'>Θεοῦ</span> <span class='ocrx_word' id='word_1_352' title='bbox 674 3088 967 3159; x_wconf 79' lang='grc' dir='ltr'>μονογενὴς</span> <span class='ocrx_word' id='word_1_353' title='bbox 995 3088 1149 3152; x_wconf 80' lang='grc' dir='ltr'>Υἱός.</span> <span class='ocrx_word' id='word_1_354' title='bbox 1185 3088 1355 3160; x_wconf 84' lang='grc' dir='ltr'>’Υπὲρ</span> <span class='ocrx_word' id='word_1_355' title='bbox 1396 3087 1499 3158; x_wconf 78' lang='grc' dir='ltr'>τῆς</span> <span class='ocrx_word' id='word_1_356' title='bbox 1543 3087 1702 3141; x_wconf 87' lang='grc' dir='ltr'>εύσε-</span> 
     </span>
    </p>
   </div>
   <div class='ocr_carea' id='block_1_50' title="bbox 108 3178 1698 3251">
    <p class='ocr_par' dir='ltr' id='par_1_50' title="bbox 108 3178 1698 3251">
     <span class='ocr_line' id='line_1_50' title="bbox 108 3178 1698 3251; baseline 0.001 -21"><span class='ocrx_word' id='word_1_357' title='bbox 108 3179 271 3243; x_wconf 82' lang='grc' dir='ltr'>ϐείας</span> <span class='ocrx_word' id='word_1_358' title='bbox 296 3178 480 3233; x_wconf 90' lang='grc' dir='ltr'>τοίνυν</span> <span class='ocrx_word' id='word_1_359' title='bbox 511 3179 606 3232; x_wconf 74' lang='grc' dir='ltr'>καὶ</span> <span class='ocrx_word' id='word_1_360' title='bbox 636 3178 737 3248; x_wconf 83' lang='grc' dir='ltr'>τῆς</span> <span class='ocrx_word' id='word_1_361' title='bbox 773 3179 1061 3251; x_wconf 82' lang='grc' dir='ltr'>ὁμολογίας</span> <span class='ocrx_word' id='word_1_362' title='bbox 1095 3179 1197 3251; x_wconf 80' lang='grc' dir='ltr'>τῆς</span> <span class='ocrx_word' id='word_1_363' title='bbox 1240 3181 1320 3245; x_wconf 77' lang='grc' dir='ltr'>εἰς</span> <span class='ocrx_word' id='word_1_364' title='bbox 1353 3182 1576 3242; x_wconf 75' lang='grc' dir='ltr'>ἐκεῖνον,</span> <span class='ocrx_word' id='word_1_365' title='bbox 1604 3178 1698 3233; x_wconf 81' lang='grc' dir='ltr'>καὶ</span> 
     </span>
    </p>
   </div>
   <div class='ocr_carea' id='block_1_51' title="bbox 108 3270 1733 3347">
    <p class='ocr_par' dir='ltr' id='par_1_51' title="bbox 108 3270 1733 3347">
     <span class='ocr_line' id='line_1_51' title="bbox 108 3270 1733 3347; baseline -0.001 -20"><span class='ocrx_word' id='word_1_366' title='bbox 108 3276 140 3327; x_wconf 90' lang='lat'><strong>6</strong></span> <span class='ocrx_word' id='word_1_367' title='bbox 172 3270 501 3347; x_wconf 82' lang='grc' dir='ltr'>τιτρώσκων</span> <span class='ocrx_word' id='word_1_368' title='bbox 539 3270 819 3343; x_wconf 81' lang='grc' dir='ltr'>τεμνέτω,</span> <span class='ocrx_word' id='word_1_369' title='bbox 882 3272 979 3326; x_wconf 77' lang='grc' dir='ltr'>καὶ</span> <span class='ocrx_word' id='word_1_370' title='bbox 1029 3274 1059 3326; x_wconf 91' lang='lat'><strong>6</strong></span> <span class='ocrx_word' id='word_1_371' title='bbox 1101 3271 1382 3345; x_wconf 77' lang='grc' dir='ltr'>μαστίζων</span> <span class='ocrx_word' id='word_1_372' title='bbox 1428 3272 1654 3336; x_wconf 82' lang='grc' dir='ltr'>ξαινέτω</span> <span class='ocrx_word' id='word_1_373' title='bbox 1680 3311 1696 3335; x_wconf 93' lang='grc'><strong>,</strong></span> <span class='ocrx_word' id='word_1_374' title='bbox 1730 3304 1733 3305; x_wconf 53' lang='grc' dir='ltr'><strong>ν</strong></span> 
     </span>
    </p>
   </div>
   <div class='ocr_carea' id='block_1_52' title="bbox 110 3363 1701 3437">
    <p class='ocr_par' dir='ltr' id='par_1_52' title="bbox 110 3363 1701 3437">
     <span class='ocr_line' id='line_1_52' title="bbox 110 3363 1701 3437; baseline -0.001 -19"><span class='ocrx_word' id='word_1_375' title='bbox 110 3365 211 3419; x_wconf 77' lang='grc' dir='ltr'>καὶ</span> <span class='ocrx_word' id='word_1_376' title='bbox 242 3366 274 3418; x_wconf 89' lang='lat'><strong>6</strong></span> <span class='ocrx_word' id='word_1_377' title='bbox 301 3363 473 3417; x_wconf 83' lang='grc' dir='ltr'>καίων</span> <span class='ocrx_word' id='word_1_378' title='bbox 495 3363 817 3437; x_wconf 84' lang='grc' dir='ltr'>προσαγέτω</span> <span class='ocrx_word' id='word_1_379' title='bbox 836 3363 933 3436; x_wconf 76' lang='grc' dir='ltr'>τὴν</span> <span class='ocrx_word' id='word_1_380' title='bbox 959 3363 1133 3434; x_wconf 83' lang='grc' dir='ltr'>φλόγα</span> <span class='ocrx_word' id='word_1_381' title='bbox 1153 3407 1168 3430; x_wconf 90' lang='grc'><strong>,</strong></span> <span class='ocrx_word' id='word_1_382' title='bbox 1190 3364 1284 3419; x_wconf 82' lang='grc' dir='ltr'>καὶ</span> <span class='ocrx_word' id='word_1_383' title='bbox 1307 3366 1337 3418; x_wconf 90' lang='lat'><strong>6</strong></span> <span class='ocrx_word' id='word_1_384' title='bbox 1356 3367 1471 3428; x_wconf 81' lang='grc' dir='ltr'>ταῖς</span> <span class='ocrx_word' id='word_1_385' title='bbox 1496 3366 1701 3434; x_wconf 82' lang='grc' dir='ltr'>φωναῖς</span> 
     </span>
    </p>
   </div>
   <div class='ocr_carea' id='block_1_53' title="bbox 114 3453 1700 3527">
    <p class='ocr_par' dir='ltr' id='par_1_53' title="bbox 114 3453 1700 3527">
     <span class='ocr_line' id='line_1_53' title="bbox 114 3453 1700 3527; baseline 0.001 -20"><span class='ocrx_word' id='word_1_386' title='bbox 114 3473 222 3527; x_wconf 72' lang='grc' dir='ltr'><strong>μου</strong></span> <span class='ocrx_word' id='word_1_387' title='bbox 255 3454 485 3518; x_wconf 88' lang='grc' dir='ltr'>ταύταις</span> <span class='ocrx_word' id='word_1_388' title='bbox 512 3453 811 3526; x_wconf 85' lang='grc' dir='ltr'>ἀχθόμενος</span> <span class='ocrx_word' id='word_1_389' title='bbox 859 3454 1120 3526; x_wconf 82' lang='grc' dir='ltr'>ὲξαιρέτω</span> <span class='ocrx_word' id='word_1_390' title='bbox 1140 3455 1238 3526; x_wconf 81' lang='grc' dir='ltr'>τὴν</span> <span class='ocrx_word' id='word_1_391' title='bbox 1260 3454 1511 3524; x_wconf 91' lang='grc' dir='ltr'>γλῶσσαν</span> <span class='ocrx_word' id='word_1_392' title='bbox 1531 3472 1545 3486; x_wconf 89' lang='grc'><strong>·</strong></span> <span class='ocrx_word' id='word_1_393' title='bbox 1579 3454 1700 3509; x_wconf 88' lang='grc' dir='ltr'>καθ’</span> 
     </span>
    </p>
   </div>
   <div class='ocr_carea' id='block_1_54' title="bbox 109 3544 1704 3618">
    <p class='ocr_par' dir='ltr' id='par_1_54' title="bbox 109 3544 1704 3618">
     <span class='ocr_line' id='line_1_54' title="bbox 109 3544 1704 3618; baseline -0.001 -18"><span class='ocrx_word' id='word_1_394' title='bbox 109 3548 354 3600; x_wconf 70' lang='grc' dir='ltr'>ἕκαστον</span> <span class='ocrx_word' id='word_1_395' title='bbox 383 3544 492 3617; x_wconf 85' lang='grc' dir='ltr'><strong>γὰρ</strong></span> <span class='ocrx_word' id='word_1_396' title='bbox 531 3545 795 3617; x_wconf 85' lang='grc' dir='ltr'>μέλος,τὸ</span> <span class='ocrx_word' id='word_1_397' title='bbox 830 3546 989 3617; x_wconf 89' lang='grc' dir='ltr'>σῶμα</span> <span class='ocrx_word' id='word_1_398' title='bbox 1030 3546 1109 3618; x_wconf 83' lang='grc' dir='ltr'>τῷ</span> <span class='ocrx_word' id='word_1_399' title='bbox 1153 3545 1400 3601; x_wconf 88' lang='grc' dir='ltr'>κτίσαντι</span> <span class='ocrx_word' id='word_1_400' title='bbox 1438 3549 1704 3617; x_wconf 83' lang='grc' dir='ltr'>χρεωστεῖ</span> 
     </span>
    </p>
   </div>
   <div class='ocr_carea' id='block_1_55' title="bbox 108 3638 1700 3713">
    <p class='ocr_par' dir='ltr' id='par_1_55' title="bbox 108 3638 1700 3713">
     <span class='ocr_line' id='line_1_55' title="bbox 108 3638 1700 3713; baseline 0 -20"><span class='ocrx_word' id='word_1_401' title='bbox 108 3641 215 3711; x_wconf 82' lang='grc' dir='ltr'>τὴν</span> <span class='ocrx_word' id='word_1_402' title='bbox 241 3639 543 3710; x_wconf 81' lang='grc' dir='ltr'>ὑπομονήν.</span> <span class='ocrx_word' id='word_1_403' title='bbox 570 3657 589 3690; x_wconf 71' lang='grc' dir='ltr'><strong>ι</strong></span> <span class='ocrx_word' id='word_1_404' title='bbox 640 3638 982 3711; x_wconf 84' lang='grc' dir='ltr'>Ἥττήθησαν</span> <span class='ocrx_word' id='word_1_405' title='bbox 1021 3641 1128 3695; x_wconf 90' lang='grc' dir='ltr'><strong>τῶν</strong></span> <span class='ocrx_word' id='word_1_406' title='bbox 1143 3640 1317 3710; x_wconf 88' lang='grc' dir='ltr'>λόγων</span> <span class='ocrx_word' id='word_1_407' title='bbox 1344 3640 1395 3694; x_wconf 84' lang='grc' dir='ltr'>οἱ</span> <span class='ocrx_word' id='word_1_408' title='bbox 1420 3640 1700 3713; x_wconf 75' lang='grc' dir='ltr'>τύραννοιο</span> 
     </span>
    </p>
   </div>
   <div class='ocr_carea' id='block_1_56' title="bbox 111 3727 1704 3802">
    <p class='ocr_par' dir='ltr' id='par_1_56' title="bbox 111 3727 1704 3802">
     <span class='ocr_line' id='line_1_56' title="bbox 111 3727 1704 3802; baseline -0.001 -18"><span class='ocrx_word' id='word_1_409' title='bbox 111 3731 213 3784; x_wconf 75' lang='grc' dir='ltr'>καὶ</span> <span class='ocrx_word' id='word_1_410' title='bbox 254 3730 359 3800; x_wconf 83' lang='grc' dir='ltr'>τὴν</span> <span class='ocrx_word' id='word_1_411' title='bbox 387 3727 611 3802; x_wconf 86' lang='grc' dir='ltr'>πρώτην</span> <span class='ocrx_word' id='word_1_412' title='bbox 635 3728 938 3801; x_wconf 83' lang='grc' dir='ltr'>προσϐολὴν</span> <span class='ocrx_word' id='word_1_413' title='bbox 973 3728 1067 3784; x_wconf 91' lang='grc' dir='ltr'><strong>τοῦ</strong></span> <span class='ocrx_word' id='word_1_414' title='bbox 1110 3730 1377 3802; x_wconf 80' lang='grc' dir='ltr'>ἀριστέως</span> <span class='ocrx_word' id='word_1_415' title='bbox 1408 3731 1509 3786; x_wconf 82' lang='grc' dir='ltr'>οὐκ</span> <span class='ocrx_word' id='word_1_416' title='bbox 1540 3730 1704 3802; x_wconf 73' lang='grc' dir='ltr'>ἤνεγ-</span> 
     </span>
    </p>
   </div>
   <div class='ocr_carea' id='block_1_57' title="bbox 111 3819 1701 3894">
    <p class='ocr_par' dir='ltr' id='par_1_57' title="bbox 111 3819 1701 3894">
     <span class='ocr_line' id='line_1_57' title="bbox 111 3819 1701 3894; baseline 0 -19"><span class='ocrx_word' id='word_1_417' title='bbox 111 3840 245 3885; x_wconf 77' lang='grc' dir='ltr'>καν,</span> <span class='ocrx_word' id='word_1_418' title='bbox 265 3821 550 3876; x_wconf 87' lang='grc' dir='ltr'>νεανίσκον</span> <span class='ocrx_word' id='word_1_419' title='bbox 599 3819 887 3891; x_wconf 78' lang='grc' dir='ltr'>βλέποντες</span> <span class='ocrx_word' id='word_1_420' title='bbox 931 3822 1068 3894; x_wconf 81' lang='grc' dir='ltr'>πρὸς</span> <span class='ocrx_word' id='word_1_421' title='bbox 1090 3821 1152 3875; x_wconf 78' lang='grc' dir='ltr'>τὸ</span> <span class='ocrx_word' id='word_1_422' title='bbox 1180 3822 1352 3886; x_wconf 81' lang='grc' dir='ltr'>πάθος</span> <span class='ocrx_word' id='word_1_423' title='bbox 1368 3821 1701 3893; x_wconf 84' lang='grc' dir='ltr'>σφριγῶντα,</span> 
     </span>
    </p>
   </div>
   <div class='ocr_carea' id='block_1_58' title="bbox 111 3911 1704 3986">
    <p class='ocr_par' dir='ltr' id='par_1_58' title="bbox 111 3911 1704 3986">
     <span class='ocr_line' id='line_1_58' title="bbox 111 3911 1704 3986; baseline 0.001 -19"><span class='ocrx_word' id='word_1_424' title='bbox 111 3914 213 3967; x_wconf 69' lang='grc' dir='ltr'>καὶ</span> <span class='ocrx_word' id='word_1_425' title='bbox 245 3914 325 3977; x_wconf 87' lang='grc' dir='ltr'><strong>ώς</strong></span> <span class='ocrx_word' id='word_1_426' title='bbox 355 3911 451 3985; x_wconf 76' lang='grc' dir='ltr'>ἡδύ</span> <span class='ocrx_word' id='word_1_427' title='bbox 481 3930 534 3967; x_wconf 91' lang='grc' dir='ltr'><strong>τι</strong></span> <span class='ocrx_word' id='word_1_428' title='bbox 581 3913 735 3985; x_wconf 87' lang='grc' dir='ltr'>πόμα</span> <span class='ocrx_word' id='word_1_429' title='bbox 758 3912 857 3985; x_wconf 78' lang='grc' dir='ltr'>τὴν</span> <span class='ocrx_word' id='word_1_430' title='bbox 894 3913 1153 3986; x_wconf 78' lang='grc' dir='ltr'>τελευτὴν</span> <span class='ocrx_word' id='word_1_431' title='bbox 1182 3915 1564 3985; x_wconf 75' lang='grc' dir='ltr'>ἐφελκόμενον.</span> <span class='ocrx_word' id='word_1_432' title='bbox 1614 3915 1704 3980; x_wconf 85' lang='grc' dir='ltr'>Ὦς</span> 
     </span>
    </p>
   </div>
   <div class='ocr_carea' id='block_1_59' title="bbox 110 4000 1700 4076">
    <p class='ocr_par' dir='ltr' id='par_1_59' title="bbox 110 4000 1700 4076">
     <span class='ocr_line' id='line_1_59' title="bbox 110 4000 1700 4076; baseline 0.002 -20"><span class='ocrx_word' id='word_1_433' title='bbox 110 4003 171 4056; x_wconf 80' lang='grc' dir='ltr'>δὲ</span> <span class='ocrx_word' id='word_1_434' title='bbox 214 4004 420 4056; x_wconf 81' lang='grc' dir='ltr'>ἐκεῖνοι</span> <span class='ocrx_word' id='word_1_435' title='bbox 456 4000 650 4073; x_wconf 79' lang='grc' dir='ltr'>μικρὸν</span> <span class='ocrx_word' id='word_1_436' title='bbox 688 4003 906 4074; x_wconf 79' lang='grc' dir='ltr'>ἐπεῖχον</span> <span class='ocrx_word' id='word_1_437' title='bbox 934 4001 1293 4076; x_wconf 81' lang='grc' dir='ltr'>ὴπορημένοι,</span> <span class='ocrx_word' id='word_1_438' title='bbox 1334 4004 1427 4057; x_wconf 79' lang='grc' dir='ltr'>καὶ</span> <span class='ocrx_word' id='word_1_439' title='bbox 1454 4002 1700 4074; x_wconf 80' lang='grc' dir='ltr'>βουλευόο</span> 
     </span>
    </p>
   </div>
   <div class='ocr_carea' id='block_1_60' title="bbox 114 4091 1708 4168">
    <p class='ocr_par' dir='ltr' id='par_1_60' title="bbox 114 4091 1708 4168">
     <span class='ocr_line' id='line_1_60' title="bbox 114 4091 1708 4168; baseline 0.004 -23"><span class='ocrx_word' id='word_1_440' title='bbox 114 4109 277 4164; x_wconf 82' lang='grc' dir='ltr'>μενοι</span> <span class='ocrx_word' id='word_1_441' title='bbox 302 4093 366 4145; x_wconf 87' lang='grc' dir='ltr'>τὸ</span> <span class='ocrx_word' id='word_1_442' title='bbox 399 4091 671 4164; x_wconf 86' lang='grc' dir='ltr'>πρακτέον</span> <span class='ocrx_word' id='word_1_443' title='bbox 694 4110 709 4125; x_wconf 73' lang='grc' dir='ltr'><strong><em>ο</em></strong></span> <span class='ocrx_word' id='word_1_444' title='bbox 754 4091 838 4158; x_wconf 78' lang='grc' dir='ltr'>εἷς</span> <span class='ocrx_word' id='word_1_445' title='bbox 861 4110 946 4157; x_wconf 93' lang='grc' dir='ltr'><strong>τις</strong></span> <span class='ocrx_word' id='word_1_446' title='bbox 974 4093 1084 4146; x_wconf 92' lang='grc' dir='ltr'><strong>τῶν</strong></span> <span class='ocrx_word' id='word_1_447' title='bbox 1107 4096 1167 4147; x_wconf 85' lang='grc' dir='ltr'>ὲν</span> <span class='ocrx_word' id='word_1_448' title='bbox 1198 4093 1340 4148; x_wconf 90' lang='grc' dir='ltr'>τέλει</span> <span class='ocrx_word' id='word_1_449' title='bbox 1368 4094 1708 4168; x_wconf 85' lang='grc' dir='ltr'>στρατιώτης</span> 
     </span>
    </p>
   </div>
   <div class='ocr_carea' id='block_1_61' title="bbox 112 4178 1705 4257">
    <p class='ocr_par' dir='ltr' id='par_1_61' title="bbox 112 4178 1705 4257">
     <span class='ocr_line' id='line_1_61' title="bbox 112 4178 1705 4257; baseline 0.003 -20"><span class='ocrx_word' id='word_1_450' title='bbox 112 4182 335 4253; x_wconf 67' lang='grc' dir='ltr'>κομψὸς</span> <span class='ocrx_word' id='word_1_451' title='bbox 371 4178 511 4237; x_wconf 79' lang='grc' dir='ltr'>εἶναι</span> <span class='ocrx_word' id='word_1_452' title='bbox 558 4183 827 4254; x_wconf 87' lang='grc' dir='ltr'>οἰόμενος,</span> <span class='ocrx_word' id='word_1_453' title='bbox 866 4183 1237 4255; x_wconf 67' lang='grc' dir='ltr'>ἐπιχλευάζων</span> <span class='ocrx_word' id='word_1_454' title='bbox 1268 4184 1405 4257; x_wconf 88' lang='grc' dir='ltr'>ὁμοῦ</span> <span class='ocrx_word' id='word_1_455' title='bbox 1437 4186 1536 4257; x_wconf 83' lang='grc' dir='ltr'>τὴν</span> <span class='ocrx_word' id='word_1_456' title='bbox 1564 4187 1705 4242; x_wconf 87' lang='grc' dir='ltr'>ἀπό-</span> 
     </span>
    </p>
   </div>
   <div class='ocr_carea' id='block_1_62' title="bbox 114 4271 1705 4347">
    <p class='ocr_par' dir='ltr' id='par_1_62' title="bbox 114 4271 1705 4347">
     <span class='ocr_line' id='line_1_62' title="bbox 114 4271 1705 4347; baseline 0.003 -21"><span class='ocrx_word' id='word_1_457' title='bbox 114 4287 309 4343; x_wconf 89' lang='grc' dir='ltr'>κρισιν</span> <span class='ocrx_word' id='word_1_458' title='bbox 342 4272 442 4343; x_wconf 74' lang='grc' dir='ltr'>τὴν</span> <span class='ocrx_word' id='word_1_459' title='bbox 464 4271 555 4325; x_wconf 90' lang='grc' dir='ltr'><strong>τοῦ</strong></span> <span class='ocrx_word' id='word_1_460' title='bbox 584 4271 891 4345; x_wconf 88' lang='grc' dir='ltr'>μάρτυρος,</span> <span class='ocrx_word' id='word_1_461' title='bbox 924 4292 943 4326; x_wconf 81' lang='grc' dir='ltr'><strong>ι</strong></span> <span class='ocrx_word' id='word_1_462' title='bbox 975 4272 1131 4327; x_wconf 83' lang='grc' dir='ltr'>Ἐστι</span> <span class='ocrx_word' id='word_1_463' title='bbox 1156 4274 1285 4346; x_wconf 84' lang='grc' dir='ltr'>γὰρ,</span> <span class='ocrx_word' id='word_1_464' title='bbox 1310 4294 1330 4327; x_wconf 77' lang='grc' dir='ltr'><strong>ι</strong></span> <span class='ocrx_word' id='word_1_465' title='bbox 1357 4274 1484 4347; x_wconf 76' lang='grc' dir='ltr'>ἔφη,</span> <span class='ocrx_word' id='word_1_466' title='bbox 1519 4295 1538 4331; x_wconf 82' lang='grc' dir='ltr'><strong>ι</strong></span> <span class='ocrx_word' id='word_1_467' title='bbox 1558 4277 1705 4341; x_wconf 82' lang='grc' dir='ltr'>Υίὸς,</span> 
     </span>
    </p>
   </div>
   <div class='ocr_carea' id='block_1_63' title="bbox 111 4358 1707 4438">
    <p class='ocr_par' dir='ltr' id='par_1_63' title="bbox 111 4358 1707 4438">
     <span class='ocr_line' id='line_1_63' title="bbox 111 4358 1707 4438; baseline 0.004 -21"><span class='ocrx_word' id='word_1_468' title='bbox 111 4358 162 4418; x_wconf 80' lang='grc' dir='ltr'><strong>ῶ</strong></span> <span class='ocrx_word' id='word_1_469' title='bbox 196 4363 473 4436; x_wconf 86' lang='grc' dir='ltr'>Θεόδωρε,</span> <span class='ocrx_word' id='word_1_470' title='bbox 500 4364 580 4435; x_wconf 86' lang='grc' dir='ltr'>τῷ</span> <span class='ocrx_word' id='word_1_471' title='bbox 616 4364 693 4437; x_wconf 83' lang='grc' dir='ltr'>σῷ</span> <span class='ocrx_word' id='word_1_472' title='bbox 731 4364 889 4436; x_wconf 84' lang='grc' dir='ltr'><strong>Θεῷ;</strong></span> <span class='ocrx_word' id='word_1_473' title='bbox 926 4366 1019 4420; x_wconf 73' lang='grc' dir='ltr'>καὶ</span> <span class='ocrx_word' id='word_1_474' title='bbox 1051 4368 1215 4438; x_wconf 84' lang='grc' dir='ltr'>γεννᾷ</span> <span class='ocrx_word' id='word_1_475' title='bbox 1238 4368 1476 4434; x_wconf 71' lang='grc' dir='ltr'>ἐκεῖνος,</span> <span class='ocrx_word' id='word_1_476' title='bbox 1509 4366 1586 4433; x_wconf 80' lang='grc' dir='ltr'>ὡς</span> <span class='ocrx_word' id='word_1_477' title='bbox 1614 4369 1707 4424; x_wconf 81' lang='grc' dir='ltr'><strong>ἄν·</strong></span> 
     </span>
    </p>
   </div>
   <div class='ocr_carea' id='block_1_64' title="bbox 1799 1893 3375 1969">
    <p class='ocr_par' dir='ltr' id='par_1_64' title="bbox 1799 1893 3375 1969">
     <span class='ocr_line' id='line_1_64' title="bbox 1799 1893 3375 1969; baseline -0.001 -18"><span class='ocrx_word' id='word_1_478' title='bbox 1799 1897 2125 1969; x_wconf 89' lang='lat' dir='ltr'><strong>languidus,</strong></span> <span class='ocrx_word' id='word_1_479' title='bbox 2159 1911 2271 1952; x_wconf 88' lang='lat' dir='ltr'><strong>non</strong></span> <span class='ocrx_word' id='word_1_480' title='bbox 2298 1896 2583 1966; x_wconf 81' lang='lat' dir='ltr'><strong>trepidans</strong></span> <span class='ocrx_word' id='word_1_481' title='bbox 2604 1934 2622 1961; x_wconf 91' lang='lat'><strong>,</strong></span> <span class='ocrx_word' id='word_1_482' title='bbox 2656 1909 2767 1949; x_wconf 79' lang='lat' dir='ltr'><strong>non</strong></span> <span class='ocrx_word' id='word_1_483' title='bbox 2808 1893 3112 1950; x_wconf 87' lang='lat' dir='ltr'><strong>formidans</strong></span> <span class='ocrx_word' id='word_1_484' title='bbox 3138 1902 3194 1950; x_wconf 91' lang='lat' dir='ltr'><strong>et</strong></span> <span class='ocrx_word' id='word_1_485' title='bbox 3223 1903 3375 1950; x_wconf 89' lang='lat' dir='ltr'><strong>metu</strong></span> 
     </span>
    </p>
   </div>
   <div class='ocr_carea' id='block_1_65' title="bbox 1800 1985 3377 2057">
    <p class='ocr_par' dir='ltr' id='par_1_65' title="bbox 1800 1985 3377 2057">
     <span class='ocr_line' id='line_1_65' title="bbox 1800 1985 3377 2057; baseline -0.002 -13"><span class='ocrx_word' id='word_1_486' title='bbox 1800 1989 2033 2056; x_wconf 89' lang='lat' dir='ltr'><strong>fractus,</strong></span> <span class='ocrx_word' id='word_1_487' title='bbox 2075 2004 2188 2044; x_wconf 89' lang='lat' dir='ltr'><strong>non</strong></span> <span class='ocrx_word' id='word_1_488' title='bbox 2214 1988 2443 2044; x_wconf 82' lang='lat' dir='ltr'><strong>verbum</strong></span> <span class='ocrx_word' id='word_1_489' title='bbox 2476 1988 2662 2042; x_wconf 89' lang='lat' dir='ltr'><strong>minus</strong></span> <span class='ocrx_word' id='word_1_490' title='bbox 2688 1985 2924 2041; x_wconf 90' lang='lat' dir='ltr'><strong>liberum</strong></span> <span class='ocrx_word' id='word_1_491' title='bbox 2962 1985 3267 2057; x_wconf 75' lang='lat' dir='ltr'><strong>proferens.</strong></span> <span class='ocrx_word' id='word_1_492' title='bbox 3306 1985 3377 2041; x_wconf 82' lang='lat' dir='ltr'><strong>Ut</strong></span> 
     </span>
    </p>
   </div>
   <div class='ocr_carea' id='block_1_66' title="bbox 1796 2076 3378 2152">
    <p class='ocr_par' dir='ltr' id='par_1_66' title="bbox 1796 2076 3378 2152">
     <span class='ocr_line' id='line_1_66' title="bbox 1796 2076 3378 2152; baseline -0.004 -13"><span class='ocrx_word' id='word_1_493' title='bbox 1796 2083 1942 2139; x_wconf 85' lang='lat' dir='ltr'><strong>enim</strong></span> <span class='ocrx_word' id='word_1_494' title='bbox 1965 2096 2169 2152; x_wconf 71' lang='lat' dir='ltr'><strong>praeses</strong></span> <span class='ocrx_word' id='word_1_495' title='bbox 2195 2089 2249 2137; x_wconf 89' lang='lat' dir='ltr'><strong>et</strong></span> <span class='ocrx_word' id='word_1_496' title='bbox 2278 2079 2535 2136; x_wconf 90' lang='lat' dir='ltr'><strong>tribunus</strong></span> <span class='ocrx_word' id='word_1_497' title='bbox 2556 2080 2611 2134; x_wconf 93' lang='lat' dir='ltr'><strong>in</strong></span> <span class='ocrx_word' id='word_1_498' title='bbox 2638 2093 2809 2134; x_wconf 90' lang='lat' dir='ltr'><strong>unum</strong></span> <span class='ocrx_word' id='word_1_499' title='bbox 2836 2084 3235 2141; x_wconf 68' lang='lat' dir='ltr'><strong>convenerunt,</strong></span> <span class='ocrx_word' id='word_1_500' title='bbox 3266 2076 3378 2133; x_wconf 89' lang='lat' dir='ltr'><strong>sic-</strong></span> 
     </span>
    </p>
   </div>
   <div class='ocr_carea' id='block_1_67' title="bbox 1798 2171 3374 2243">
    <p class='ocr_par' dir='ltr' id='par_1_67' title="bbox 1798 2171 3374 2243">
     <span class='ocr_line' id='line_1_67' title="bbox 1798 2171 3374 2243; baseline -0.003 -12"><span class='ocrx_word' id='word_1_501' title='bbox 1798 2183 1860 2231; x_wconf 93' lang='lat' dir='ltr'><strong>ut</strong></span> <span class='ocrx_word' id='word_1_502' title='bbox 1901 2175 2032 2231; x_wconf 90' lang='lat' dir='ltr'><strong>olim</strong></span> <span class='ocrx_word' id='word_1_503' title='bbox 2066 2173 2311 2229; x_wconf 83' lang='lat' dir='ltr'><strong>Herodes</strong></span> <span class='ocrx_word' id='word_1_504' title='bbox 2350 2182 2407 2230; x_wconf 92' lang='lat' dir='ltr'><strong>et</strong></span> <span class='ocrx_word' id='word_1_505' title='bbox 2437 2172 2671 2239; x_wconf 87' lang='lat' dir='ltr'><strong>Pilatus,</strong></span> <span class='ocrx_word' id='word_1_506' title='bbox 2718 2181 2881 2243; x_wconf 87' lang='lat' dir='ltr'><strong>atque</strong></span> <span class='ocrx_word' id='word_1_507' title='bbox 2919 2171 3169 2228; x_wconf 89' lang='lat' dir='ltr'><strong>consedit</strong></span> <span class='ocrx_word' id='word_1_508' title='bbox 3201 2172 3374 2227; x_wconf 90' lang='lat' dir='ltr'><strong>scele-</strong></span> 
     </span>
    </p>
   </div>
   <div class='ocr_carea' id='block_1_68' title="bbox 1800 2264 3375 2338">
    <p class='ocr_par' dir='ltr' id='par_1_68' title="bbox 1800 2264 3375 2338">
     <span class='ocr_line' id='line_1_68' title="bbox 1800 2264 3375 2338; baseline -0.002 -14"><span class='ocrx_word' id='word_1_509' title='bbox 1800 2277 1944 2324; x_wconf 88' lang='lat' dir='ltr'><strong>stum</strong></span> <span class='ocrx_word' id='word_1_510' title='bbox 1978 2275 2033 2323; x_wconf 91' lang='lat' dir='ltr'><strong>et</strong></span> <span class='ocrx_word' id='word_1_511' title='bbox 2062 2265 2371 2338; x_wconf 90' lang='lat' dir='ltr'><strong>improbum</strong></span> <span class='ocrx_word' id='word_1_512' title='bbox 2398 2264 2529 2321; x_wconf 90' lang='lat' dir='ltr'><strong>illud</strong></span> <span class='ocrx_word' id='word_1_513' title='bbox 2546 2265 2840 2321; x_wconf 89' lang='lat' dir='ltr'><strong>concilium</strong></span> <span class='ocrx_word' id='word_1_514' title='bbox 2884 2279 3102 2321; x_wconf 89' lang='lat' dir='ltr'><strong>servum</strong></span> <span class='ocrx_word' id='word_1_515' title='bbox 3126 2264 3375 2321; x_wconf 75' lang='lat' dir='ltr'><strong>crucifixi</strong></span> 
     </span>
    </p>
   </div>
   <div class='ocr_carea' id='block_1_69' title="bbox 1799 2355 3375 2429">
    <p class='ocr_par' dir='ltr' id='par_1_69' title="bbox 1799 2355 3375 2429">
     <span class='ocr_line' id='line_1_69' title="bbox 1799 2355 3375 2429; baseline -0.004 -12"><span class='ocrx_word' id='word_1_516' title='bbox 1799 2361 1963 2417; x_wconf 88' lang='lat' dir='ltr'><strong>simili</strong></span> <span class='ocrx_word' id='word_1_517' title='bbox 2024 2360 2238 2414; x_wconf 81' lang='lat' dir='ltr'><strong>ratione</strong></span> <span class='ocrx_word' id='word_1_518' title='bbox 2262 2398 2278 2423; x_wconf 87' lang='lat'><strong>,</strong></span> <span class='ocrx_word' id='word_1_519' title='bbox 2313 2368 2480 2429; x_wconf 86' lang='lat' dir='ltr'><strong>atque</strong></span> <span class='ocrx_word' id='word_1_520' title='bbox 2523 2356 2758 2413; x_wconf 88' lang='lat' dir='ltr'><strong>Domino</strong></span> <span class='ocrx_word' id='word_1_521' title='bbox 2796 2356 2920 2427; x_wconf 88' lang='lat' dir='ltr'><strong>ejus</strong></span> <span class='ocrx_word' id='word_1_522' title='bbox 2964 2355 3269 2421; x_wconf 91' lang='lat' dir='ltr'><strong>acciderat,</strong></span> <span class='ocrx_word' id='word_1_523' title='bbox 3306 2356 3375 2411; x_wconf 82' lang='lat' dir='ltr'><strong>ad</strong></span> 
     </span>
    </p>
   </div>
   <div class='ocr_carea' id='block_1_70' title="bbox 1794 2445 3374 2523">
    <p class='ocr_par' dir='ltr' id='par_1_70' title="bbox 1794 2445 3374 2523">
     <span class='ocr_line' id='line_1_70' title="bbox 1794 2445 3374 2523; baseline -0.004 -16"><span class='ocrx_word' id='word_1_524' title='bbox 1794 2451 2064 2523; x_wconf 81' lang='lat' dir='ltr'><strong>judicium</strong></span> <span class='ocrx_word' id='word_1_525' title='bbox 2105 2450 2342 2517; x_wconf 84' lang='lat' dir='ltr'><strong>sist‘unt,</strong></span> <span class='ocrx_word' id='word_1_526' title='bbox 2377 2468 2397 2501; x_wconf 80' lang='grc' dir='ltr'><strong>ι</strong></span> <span class='ocrx_word' id='word_1_527' title='bbox 2436 2450 2516 2503; x_wconf 88' lang='lat' dir='ltr'><strong>Ac</strong></span> <span class='ocrx_word' id='word_1_528' title='bbox 2539 2448 2650 2516; x_wconf 91' lang='lat' dir='ltr'><strong>dic,</strong></span> <span class='ocrx_word' id='word_1_529' title='bbox 2690 2466 2711 2501; x_wconf 72' lang='grc' dir='ltr'><strong>ι</strong></span> <span class='ocrx_word' id='word_1_530' title='bbox 2746 2448 3023 2519; x_wconf 84' lang='lat' dir='ltr'><strong>inquiunt,</strong></span> <span class='ocrx_word' id='word_1_531' title='bbox 3054 2466 3073 2499; x_wconf 82' lang='grc' dir='ltr'><strong>ι</strong></span> <span class='ocrx_word' id='word_1_532' title='bbox 3105 2445 3249 2502; x_wconf 91' lang='lat' dir='ltr'><strong>unde</strong></span> <span class='ocrx_word' id='word_1_533' title='bbox 3277 2446 3374 2501; x_wconf 71' lang='lat' dir='ltr'><strong>tibi.</strong></span> 
     </span>
    </p>
   </div>
   <div class='ocr_carea' id='block_1_71' title="bbox 1801 2536 3374 2611">
    <p class='ocr_par' dir='ltr' id='par_1_71' title="bbox 1801 2536 3374 2611">
     <span class='ocr_line' id='line_1_71' title="bbox 1801 2536 3374 2611; baseline -0.005 -12"><span class='ocrx_word' id='word_1_534' title='bbox 1801 2545 1991 2599; x_wconf 89' lang='lat' dir='ltr'><strong>innata</strong></span> <span class='ocrx_word' id='word_1_535' title='bbox 2030 2541 2261 2597; x_wconf 88' lang='lat' dir='ltr'><strong>audacia</strong></span> <span class='ocrx_word' id='word_1_536' title='bbox 2292 2547 2461 2611; x_wconf 90' lang='lat' dir='ltr'><strong>atque</strong></span> <span class='ocrx_word' id='word_1_537' title='bbox 2492 2539 2821 2605; x_wconf 84' lang='lat' dir='ltr'><strong>temeritate,</strong></span> <span class='ocrx_word' id='word_1_538' title='bbox 2876 2536 3145 2596; x_wconf 87' lang='lat' dir='ltr'><strong>adversus</strong></span> <span class='ocrx_word' id='word_1_539' title='bbox 3201 2539 3374 2609; x_wconf 89' lang='lat' dir='ltr'><strong>legem</strong></span> 
     </span>
    </p>
   </div>
   <div class='ocr_carea' id='block_1_72' title="bbox 1800 2628 3369 2704">
    <p class='ocr_par' dir='ltr' id='par_1_72' title="bbox 1800 2628 3369 2704">
     <span class='ocr_line' id='line_1_72' title="bbox 1800 2628 3369 2704; baseline -0.003 -16"><span class='ocrx_word' id='word_1_540' title='bbox 1800 2632 2147 2704; x_wconf 89' lang='lat' dir='ltr'><strong>imperatoris</strong></span> <span class='ocrx_word' id='word_1_541' title='bbox 2185 2641 2477 2686; x_wconf 80' lang='lat' dir='ltr'><strong>contumax</strong></span> <span class='ocrx_word' id='word_1_542' title='bbox 2506 2632 2610 2687; x_wconf 85' lang='lat' dir='ltr'><strong>es?</strong></span> <span class='ocrx_word' id='word_1_543' title='bbox 2649 2628 2760 2687; x_wconf 84' lang='lat' dir='ltr'><strong>Nec</strong></span> <span class='ocrx_word' id='word_1_544' title='bbox 2795 2640 2851 2686; x_wconf 90' lang='lat' dir='ltr'><strong>te</strong></span> <span class='ocrx_word' id='word_1_545' title='bbox 2889 2638 3134 2686; x_wconf 89' lang='lat' dir='ltr'><strong>tremens</strong></span> <span class='ocrx_word' id='word_1_546' title='bbox 3156 2630 3369 2684; x_wconf 84' lang='lat' dir='ltr'><strong>domini</strong></span> 
     </span>
    </p>
   </div>
   <div class='ocr_carea' id='block_1_73' title="bbox 1795 2720 3375 2798">
    <p class='ocr_par' dir='ltr' id='par_1_73' title="bbox 1795 2720 3375 2798">
     <span class='ocr_line' id='line_1_73' title="bbox 1795 2720 3375 2798; baseline -0.006 -16"><span class='ocrx_word' id='word_1_547' title='bbox 1795 2726 1968 2798; x_wconf 84' lang='lat' dir='ltr'><strong>jussis</strong></span> <span class='ocrx_word' id='word_1_548' title='bbox 1999 2722 2312 2779; x_wconf 81' lang='lat' dir='ltr'><strong>submittis?</strong></span> <span class='ocrx_word' id='word_1_549' title='bbox 2338 2721 2448 2778; x_wconf 87' lang='lat' dir='ltr'><strong>Nec</strong></span> <span class='ocrx_word' id='word_1_550' title='bbox 2477 2722 2932 2793; x_wconf 87' lang='lat' dir='ltr'><strong>quemadmodum</strong></span> <span class='ocrx_word' id='word_1_551' title='bbox 2958 2722 3136 2792; x_wconf 85' lang='lat' dir='ltr'><strong>placet</strong></span> <span class='ocrx_word' id='word_1_552' title='bbox 3161 2721 3251 2785; x_wconf 83' lang='lat' dir='ltr'><strong>iis,</strong></span> <span class='ocrx_word' id='word_1_553' title='bbox 3279 2720 3375 2791; x_wconf 90' lang='lat' dir='ltr'><strong>qui</strong></span> 
     </span>
    </p>
   </div>
   <div class='ocr_carea' id='block_1_74' title="bbox 1799 2811 3374 2887">
    <p class='ocr_par' dir='ltr' id='par_1_74' title="bbox 1799 2811 3374 2887">
     <span class='ocr_line' id='line_1_74' title="bbox 1799 2811 3374 2887; baseline -0.004 -13"><span class='ocrx_word' id='word_1_554' title='bbox 1799 2831 1983 2874; x_wconf 90' lang='lat' dir='ltr'><strong>rerum</strong></span> <span class='ocrx_word' id='word_1_555' title='bbox 2013 2815 2321 2887; x_wconf 88' lang='lat' dir='ltr'><strong>potiuntur,</strong></span> <span class='ocrx_word' id='word_1_556' title='bbox 2354 2813 2594 2870; x_wconf 74' lang='lat' dir='ltr'><strong>adoras?</strong></span> <span class='ocrx_word' id='word_1_557' title='bbox 2624 2831 2646 2867; x_wconf 76' lang='grc' dir='ltr'><strong>ι</strong></span> <span class='ocrx_word' id='word_1_558' title='bbox 2680 2811 3046 2869; x_wconf 75' lang='lat' dir='ltr'><strong>Maximianus</strong></span> <span class='ocrx_word' id='word_1_559' title='bbox 3074 2814 3220 2868; x_wconf 91' lang='lat' dir='ltr'><strong>enim</strong></span> <span class='ocrx_word' id='word_1_560' title='bbox 3247 2828 3374 2868; x_wconf 89' lang='lat' dir='ltr'><strong>cum</strong></span> 
     </span>
    </p>
   </div>
   <div class='ocr_carea' id='block_1_75' title="bbox 1800 2904 3380 2975">
    <p class='ocr_par' dir='ltr' id='par_1_75' title="bbox 1800 2904 3380 2975">
     <span class='ocr_line' id='line_1_75' title="bbox 1800 2904 3380 2975; baseline -0.004 -9"><span class='ocrx_word' id='word_1_561' title='bbox 1800 2916 2058 2966; x_wconf 91' lang='lat' dir='ltr'><strong>consorte</strong></span> <span class='ocrx_word' id='word_1_562' title='bbox 2100 2915 2233 2961; x_wconf 93' lang='lat' dir='ltr'><strong>tunc</strong></span> <span class='ocrx_word' id='word_1_563' title='bbox 2281 2906 2569 2975; x_wconf 90' lang='lat' dir='ltr'><strong>imperium</strong></span> <span class='ocrx_word' id='word_1_564' title='bbox 2603 2905 2843 2961; x_wconf 90' lang='lat' dir='ltr'><strong>tenebat.</strong></span> <span class='ocrx_word' id='word_1_565' title='bbox 2876 2904 2971 2960; x_wconf 93' lang='lat' dir='ltr'><strong>llle</strong></span> <span class='ocrx_word' id='word_1_566' title='bbox 2996 2905 3147 2959; x_wconf 90' lang='lat' dir='ltr'><strong>vultu</strong></span> <span class='ocrx_word' id='word_1_567' title='bbox 3172 2904 3380 2960; x_wconf 85' lang='lat' dir='ltr'><strong>confir-</strong></span> 
     </span>
    </p>
   </div>
   <div class='ocr_carea' id='block_1_76' title="bbox 1800 2997 3369 3070">
    <p class='ocr_par' dir='ltr' id='par_1_76' title="bbox 1800 2997 3369 3070">
     <span class='ocr_line' id='line_1_76' title="bbox 1800 2997 3369 3070; baseline -0.006 -11"><span class='ocrx_word' id='word_1_568' title='bbox 1800 3010 1949 3059; x_wconf 91' lang='lat' dir='ltr'><strong>mato</strong></span> <span class='ocrx_word' id='word_1_569' title='bbox 1975 3011 2141 3070; x_wconf 91' lang='lat' dir='ltr'><strong>atque</strong></span> <span class='ocrx_word' id='word_1_570' title='bbox 2168 2998 2538 3069; x_wconf 86' lang='lat' dir='ltr'><strong>imperterrito</strong></span> <span class='ocrx_word' id='word_1_571' title='bbox 2556 2997 2782 3063; x_wconf 76' lang='lat' dir='ltr'><strong>.animo,</strong></span> <span class='ocrx_word' id='word_1_572' title='bbox 2827 2998 3028 3053; x_wconf 90' lang='lat' dir='ltr'><strong>scitum</strong></span> <span class='ocrx_word' id='word_1_573' title='bbox 3059 3003 3115 3052; x_wconf 88' lang='lat' dir='ltr'><strong>et</strong></span> <span class='ocrx_word' id='word_1_574' title='bbox 3143 3006 3369 3050; x_wconf 90' lang='lat' dir='ltr'><strong>acutum</strong></span> 
     </span>
    </p>
   </div>
   <div class='ocr_carea' id='block_1_77' title="bbox 1804 3083 3376 3157">
    <p class='ocr_par' dir='ltr' id='par_1_77' title="bbox 1804 3083 3376 3157">
     <span class='ocr_line' id='line_1_77' title="bbox 1804 3083 3376 3157; baseline -0.004 -12"><span class='ocrx_word' id='word_1_575' title='bbox 1804 3088 1970 3145; x_wconf 88' lang='lat' dir='ltr'><strong>dictis</strong></span> <span class='ocrx_word' id='word_1_576' title='bbox 2009 3085 2213 3157; x_wconf 85' lang='lat' dir='ltr'><strong>adjecit</strong></span> <span class='ocrx_word' id='word_1_577' title='bbox 2262 3096 2593 3156; x_wconf 87' lang='lat' dir='ltr'><strong>responsum</strong></span> <span class='ocrx_word' id='word_1_578' title='bbox 2640 3102 2655 3141; x_wconf 90' lang='lat'><strong>:</strong></span> <span class='ocrx_word' id='word_1_579' title='bbox 2712 3083 2855 3141; x_wconf 85' lang='lat' dir='ltr'><strong>Deos</strong></span> <span class='ocrx_word' id='word_1_580' title='bbox 2898 3085 3120 3157; x_wconf 88' lang='lat' dir='ltr'><strong>quidem</strong></span> <span class='ocrx_word' id='word_1_581' title='bbox 3184 3085 3376 3141; x_wconf 87' lang='lat' dir='ltr'><strong>nescio</strong></span> 
     </span>
    </p>
   </div>
   <div class='ocr_carea' id='block_1_78' title="bbox 1806 3174 3376 3253">
    <p class='ocr_par' dir='ltr' id='par_1_78' title="bbox 1806 3174 3376 3253">
     <span class='ocr_line' id='line_1_78' title="bbox 1806 3174 3376 3253; baseline -0.004 -16"><span class='ocrx_word' id='word_1_582' title='bbox 1806 3182 2024 3253; x_wconf 87' lang='lat' dir='ltr'><strong>(neque</strong></span> <span class='ocrx_word' id='word_1_583' title='bbox 2049 3179 2200 3236; x_wconf 91' lang='lat' dir='ltr'><strong>enim</strong></span> <span class='ocrx_word' id='word_1_584' title='bbox 2228 3192 2422 3234; x_wconf 87' lang='lat' dir='ltr'><strong>revera</strong></span> <span class='ocrx_word' id='word_1_585' title='bbox 2447 3177 2642 3247; x_wconf 91' lang='lat' dir='ltr'><strong>sunt).</strong></span> <span class='ocrx_word' id='word_1_586' title='bbox 2665 3174 2779 3234; x_wconf 74' lang='lat' dir='ltr'><strong>Vos</strong></span> <span class='ocrx_word' id='word_1_587' title='bbox 2808 3184 2986 3233; x_wconf 89' lang='lat' dir='ltr'><strong>autem</strong></span> <span class='ocrx_word' id='word_1_588' title='bbox 3019 3176 3244 3241; x_wconf 81' lang='lat' dir='ltr'><strong>erratis,</strong></span> <span class='ocrx_word' id='word_1_589' title='bbox 3278 3176 3376 3246; x_wconf 86' lang='lat' dir='ltr'><strong>qui</strong></span> 
     </span>
    </p>
   </div>
   <div class='ocr_carea' id='block_1_79' title="bbox 1800 3267 3379 3340">
    <p class='ocr_par' dir='ltr' id='par_1_79' title="bbox 1800 3267 3379 3340">
     <span class='ocr_line' id='line_1_79' title="bbox 1800 3267 3379 3340; baseline -0.004 -11"><span class='ocrx_word' id='word_1_590' title='bbox 1800 3274 2078 3329; x_wconf 64' lang='lat' dir='ltr'><strong>daemonas</strong></span> <span class='ocrx_word' id='word_1_591' title='bbox 2121 3268 2343 3325; x_wconf 83' lang='lat' dir='ltr'><strong>fallaces</strong></span> <span class='ocrx_word' id='word_1_592' title='bbox 2385 3278 2441 3324; x_wconf 88' lang='lat' dir='ltr'><strong>et</strong></span> <span class='ocrx_word' id='word_1_593' title='bbox 2483 3269 2814 3340; x_wconf 88' lang='lat' dir='ltr'><strong>impostores</strong></span> <span class='ocrx_word' id='word_1_594' title='bbox 2875 3268 2971 3323; x_wconf 89' lang='lat' dir='ltr'><strong>Dei</strong></span> <span class='ocrx_word' id='word_1_595' title='bbox 3012 3267 3379 3339; x_wconf 88' lang='lat' dir='ltr'><strong>appellatione</strong></span> 
     </span>
    </p>
   </div>
   <div class='ocr_carea' id='block_1_80' title="bbox 1802 3359 3380 3430">
    <p class='ocr_par' dir='ltr' id='par_1_80' title="bbox 1802 3359 3380 3430">
     <span class='ocr_line' id='line_1_80' title="bbox 1802 3359 3380 3430; baseline -0.004 -9"><span class='ocrx_word' id='word_1_596' title='bbox 1802 3364 2105 3427; x_wconf 87' lang='lat' dir='ltr'><strong>honoratis,</strong></span> <span class='ocrx_word' id='word_1_597' title='bbox 2119 3361 2252 3416; x_wconf 90' lang='lat' dir='ltr'><strong>mibi</strong></span> <span class='ocrx_word' id='word_1_598' title='bbox 2275 3376 2405 3416; x_wconf 90' lang='lat' dir='ltr'><strong>vero</strong></span> <span class='ocrx_word' id='word_1_599' title='bbox 2414 3359 2559 3416; x_wconf 87' lang='lat' dir='ltr'><strong>Deus</strong></span> <span class='ocrx_word' id='word_1_600' title='bbox 2570 3371 2654 3415; x_wconf 88' lang='lat' dir='ltr'><strong>est</strong></span> <span class='ocrx_word' id='word_1_601' title='bbox 2668 3360 3045 3428; x_wconf 88' lang='lat' dir='ltr'><strong>Christus,Dei</strong></span> <span class='ocrx_word' id='word_1_602' title='bbox 3064 3359 3380 3430; x_wconf 88' lang='lat' dir='ltr'><strong>unigenitus</strong></span> 
     </span>
    </p>
   </div>
   <div class='ocr_carea' id='block_1_81' title="bbox 1805 3450 3383 3524">
    <p class='ocr_par' dir='ltr' id='par_1_81' title="bbox 1805 3450 3383 3524">
     <span class='ocr_line' id='line_1_81' title="bbox 1805 3450 3383 3524; baseline -0.003 -14"><span class='ocrx_word' id='word_1_603' title='bbox 1805 3456 1998 3521; x_wconf 81' lang='lat' dir='ltr'><strong>Filius,</strong></span> <span class='ocrx_word' id='word_1_604' title='bbox 2024 3468 2123 3524; x_wconf 91' lang='lat' dir='ltr'><strong>pro</strong></span> <span class='ocrx_word' id='word_1_605' title='bbox 2143 3453 2341 3524; x_wconf 89' lang='lat' dir='ltr'><strong>pietate</strong></span> <span class='ocrx_word' id='word_1_606' title='bbox 2362 3451 2528 3522; x_wconf 79' lang='lat' dir='ltr'><strong>igitur</strong></span> <span class='ocrx_word' id='word_1_607' title='bbox 2556 3457 2721 3521; x_wconf 91' lang='lat' dir='ltr'><strong>atque</strong></span> <span class='ocrx_word' id='word_1_608' title='bbox 2745 3450 3094 3507; x_wconf 85' lang='lat' dir='ltr'><strong>confessione</strong></span> <span class='ocrx_word' id='word_1_609' title='bbox 3117 3450 3300 3516; x_wconf 87' lang='lat' dir='ltr'><strong>istius,</strong></span> <span class='ocrx_word' id='word_1_610' title='bbox 3321 3457 3383 3505; x_wconf 89' lang='lat' dir='ltr'><strong>et</strong></span> 
     </span>
    </p>
   </div>
   <div class='ocr_carea' id='block_1_82' title="bbox 1804 3541 3376 3619">
    <p class='ocr_par' dir='ltr' id='par_1_82' title="bbox 1804 3541 3376 3619">
     <span class='ocr_line' id='line_1_82' title="bbox 1804 3541 3376 3619; baseline -0.002 -18"><span class='ocrx_word' id='word_1_611' title='bbox 1804 3547 1897 3619; x_wconf 94' lang='lat' dir='ltr'><strong>qui</strong></span> <span class='ocrx_word' id='word_1_612' title='bbox 1946 3546 2232 3609; x_wconf 85' lang='lat' dir='ltr'><strong>vulnerat,</strong></span> <span class='ocrx_word' id='word_1_613' title='bbox 2272 3542 2479 3598; x_wconf 86' lang='lat' dir='ltr'><strong>incidat</strong></span> <span class='ocrx_word' id='word_1_614' title='bbox 2515 3560 2530 3597; x_wconf 89' lang='lat'><strong>:</strong></span> <span class='ocrx_word' id='word_1_615' title='bbox 2570 3548 2626 3597; x_wconf 92' lang='lat' dir='ltr'><strong>et</strong></span> <span class='ocrx_word' id='word_1_616' title='bbox 2652 3542 3069 3613; x_wconf 89' lang='lat' dir='ltr'><strong>quiverberat,</strong></span> <span class='ocrx_word' id='word_1_617' title='bbox 3120 3541 3321 3598; x_wconf 89' lang='lat' dir='ltr'><strong>laceret</strong></span> <span class='ocrx_word' id='word_1_618' title='bbox 3355 3558 3376 3598; x_wconf 87' lang='lat'><strong>:</strong></span> 
     </span>
    </p>
   </div>
   <div class='ocr_carea' id='block_1_83' title="bbox 1802 3633 3379 3709">
    <p class='ocr_par' dir='ltr' id='par_1_83' title="bbox 1802 3633 3379 3709">
     <span class='ocr_line' id='line_1_83' title="bbox 1802 3633 3379 3709; baseline -0.003 -15"><span class='ocrx_word' id='word_1_619' title='bbox 1802 3646 1859 3695; x_wconf 89' lang='lat' dir='ltr'><strong>et</strong></span> <span class='ocrx_word' id='word_1_620' title='bbox 1909 3638 2002 3709; x_wconf 90' lang='lat' dir='ltr'><strong>qui</strong></span> <span class='ocrx_word' id='word_1_621' title='bbox 2053 3646 2281 3699; x_wconf 84' lang='lat' dir='ltr'><strong>cremat,</strong></span> <span class='ocrx_word' id='word_1_622' title='bbox 2331 3633 2604 3689; x_wconf 82' lang='lat' dir='ltr'><strong>ﬂammam</strong></span> <span class='ocrx_word' id='word_1_623' title='bbox 2636 3634 2987 3709; x_wconf 87' lang='lat' dir='ltr'><strong>_admoveat;</strong></span> <span class='ocrx_word' id='word_1_624' title='bbox 3033 3642 3089 3689; x_wconf 86' lang='lat' dir='ltr'><strong>et</strong></span> <span class='ocrx_word' id='word_1_625' title='bbox 3138 3634 3232 3705; x_wconf 88' lang='lat' dir='ltr'><strong>qui</strong></span> <span class='ocrx_word' id='word_1_626' title='bbox 3288 3634 3379 3691; x_wconf 90' lang='lat' dir='ltr'><strong>his</strong></span> 
     </span>
    </p>
   </div>
   <div class='ocr_carea' id='block_1_84' title="bbox 1803 3702 3380 3796">
    <p class='ocr_par' dir='ltr' id='par_1_84' title="bbox 1803 3702 3380 3796">
     <span class='ocr_line' id='line_1_84' title="bbox 1803 3702 3380 3796; baseline -0.005 -11"><span class='ocrx_word' id='word_1_627' title='bbox 1803 3702 2035 3788; x_wconf 79' lang='lat' dir='ltr'><strong>vocibus</strong></span> <span class='ocrx_word' id='word_1_628' title='bbox 2070 3730 2207 3786; x_wconf 88' lang='lat' dir='ltr'><strong>meis</strong></span> <span class='ocrx_word' id='word_1_629' title='bbox 2233 3726 2545 3792; x_wconf 78' lang='lat' dir='ltr'><strong>offenditur,</strong></span> <span class='ocrx_word' id='word_1_630' title='bbox 2580 3702 2821 3796; x_wconf 58' lang='lat' dir='ltr'><strong>liriguam</strong></span> <span class='ocrx_word' id='word_1_631' title='bbox 2841 3726 3046 3780; x_wconf 77' lang='lat' dir='ltr'><strong>eximat</strong></span> <span class='ocrx_word' id='word_1_632' title='bbox 3084 3743 3098 3780; x_wconf 92' lang='lat'><strong>:</strong></span> <span class='ocrx_word' id='word_1_633' title='bbox 3129 3702 3226 3795; x_wconf 78' lang='lat' dir='ltr'><strong>per</strong></span> <span class='ocrx_word' id='word_1_634' title='bbox 3262 3725 3380 3778; x_wconf 85' lang='lat' dir='ltr'><strong>sin-</strong></span> 
     </span>
    </p>
   </div>
   <div class='ocr_carea' id='block_1_85' title="bbox 1806 3814 3381 3892">
    <p class='ocr_par' dir='ltr' id='par_1_85' title="bbox 1806 3814 3381 3892">
     <span class='ocr_line' id='line_1_85' title="bbox 1806 3814 3381 3892; baseline -0.004 -16"><span class='ocrx_word' id='word_1_635' title='bbox 1806 3822 1931 3892; x_wconf 87' lang='lat' dir='ltr'><strong>gula</strong></span> <span class='ocrx_word' id='word_1_636' title='bbox 1958 3821 2102 3876; x_wconf 91' lang='lat' dir='ltr'><strong>enim</strong></span> <span class='ocrx_word' id='word_1_637' title='bbox 2136 3820 2381 3875; x_wconf 89' lang='lat' dir='ltr'><strong>membra</strong></span> <span class='ocrx_word' id='word_1_638' title='bbox 2416 3833 2621 3888; x_wconf 90' lang='lat' dir='ltr'><strong>corpus</strong></span> <span class='ocrx_word' id='word_1_639' title='bbox 2648 3816 2896 3872; x_wconf 83' lang='lat' dir='ltr'><strong>Creatori</strong></span> <span class='ocrx_word' id='word_1_640' title='bbox 2937 3816 3254 3886; x_wconf 82' lang='lat' dir='ltr'><strong>patientiam</strong></span> <span class='ocrx_word' id='word_1_641' title='bbox 3289 3814 3381 3869; x_wconf 81' lang='lat' dir='ltr'><strong>de-</strong></span> 
     </span>
    </p>
   </div>
   <div class='ocr_carea' id='block_1_86' title="bbox 1803 3903 3378 3979">
    <p class='ocr_par' dir='ltr' id='par_1_86' title="bbox 1803 3903 3378 3979">
     <span class='ocr_line' id='line_1_86' title="bbox 1803 3903 3378 3979; baseline -0.007 -12"><span class='ocrx_word' id='word_1_642' title='bbox 1803 3912 1915 3968; x_wconf 89' lang='lat' dir='ltr'><strong>bet.</strong></span> <span class='ocrx_word' id='word_1_643' title='bbox 1950 3909 2133 3966; x_wconf 88' lang='lat' dir='ltr'><strong>Fracti</strong></span> <span class='ocrx_word' id='word_1_644' title='bbox 2182 3918 2313 3966; x_wconf 88' lang='lat' dir='ltr'><strong>sunt</strong></span> <span class='ocrx_word' id='word_1_645' title='bbox 2361 3910 2448 3966; x_wconf 87' lang='lat' dir='ltr'><strong>bis</strong></span> <span class='ocrx_word' id='word_1_646' title='bbox 2499 3907 2687 3965; x_wconf 83' lang='lat' dir='ltr'><strong>verbis</strong></span> <span class='ocrx_word' id='word_1_647' title='bbox 2741 3906 2961 3979; x_wconf 80' lang='lat' dir='ltr'><strong>tyranni</strong></span> <span class='ocrx_word' id='word_1_648' title='bbox 2997 3921 3012 3957; x_wconf 91' lang='lat'><strong>:</strong></span> <span class='ocrx_word' id='word_1_649' title='bbox 3044 3919 3108 3959; x_wconf 90' lang='lat' dir='ltr'><strong>ac</strong></span> <span class='ocrx_word' id='word_1_650' title='bbox 3140 3903 3378 3975; x_wconf 89' lang='lat' dir='ltr'><strong>primum</strong></span> 
     </span>
    </p>
   </div>
   <div class='ocr_carea' id='block_1_87' title="bbox 1807 3997 3378 4073">
    <p class='ocr_par' dir='ltr' id='par_1_87' title="bbox 1807 3997 3378 4073">
     <span class='ocr_line' id='line_1_87' title="bbox 1807 3997 3378 4073; baseline -0.004 -15"><span class='ocrx_word' id='word_1_651' title='bbox 1807 4004 2067 4073; x_wconf 89' lang='lat' dir='ltr'><strong>impetum</strong></span> <span class='ocrx_word' id='word_1_652' title='bbox 2084 4002 2188 4057; x_wconf 89' lang='lat' dir='ltr'><strong>viri</strong></span> <span class='ocrx_word' id='word_1_653' title='bbox 2215 4001 2374 4057; x_wconf 91' lang='lat' dir='ltr'><strong>fortis</strong></span> <span class='ocrx_word' id='word_1_654' title='bbox 2402 4017 2512 4057; x_wconf 93' lang='lat' dir='ltr'><strong>non</strong></span> <span class='ocrx_word' id='word_1_655' title='bbox 2539 3999 2946 4065; x_wconf 78' lang='lat' dir='ltr'><strong>sustinuerunt,</strong></span> <span class='ocrx_word' id='word_1_656' title='bbox 2971 3997 3378 4053; x_wconf 85' lang='lat' dir='ltr'><strong>adolescentem</strong></span> 
     </span>
    </p>
   </div>
   <div class='ocr_carea' id='block_1_88' title="bbox 1806 4089 3383 4162">
    <p class='ocr_par' dir='ltr' id='par_1_88' title="bbox 1806 4089 3383 4162">
     <span class='ocr_line' id='line_1_88' title="bbox 1806 4089 3383 4162; baseline -0.001 -18"><span class='ocrx_word' id='word_1_657' title='bbox 1806 4091 2056 4147; x_wconf 88' lang='lat' dir='ltr'><strong>videntes</strong></span> <span class='ocrx_word' id='word_1_658' title='bbox 2086 4092 2156 4146; x_wconf 90' lang='lat' dir='ltr'><strong>ad</strong></span> <span class='ocrx_word' id='word_1_659' title='bbox 2182 4092 2493 4162; x_wconf 84' lang='lat' dir='ltr'><strong>passionem</strong></span> <span class='ocrx_word' id='word_1_660' title='bbox 2531 4090 2898 4145; x_wconf 79' lang='lat' dir='ltr'><strong>exsultantem</strong></span> <span class='ocrx_word' id='word_1_661' title='bbox 2916 4127 2933 4152; x_wconf 92' lang='lat'><strong>,</strong></span> <span class='ocrx_word' id='word_1_662' title='bbox 2958 4104 3035 4157; x_wconf 78' lang='lat' dir='ltr'><strong>ac</strong></span> <span class='ocrx_word' id='word_1_663' title='bbox 3062 4089 3228 4145; x_wconf 87' lang='lat' dir='ltr'><strong>veluti</strong></span> <span class='ocrx_word' id='word_1_664' title='bbox 3253 4105 3383 4144; x_wconf 90' lang='lat' dir='ltr'><strong>sua-</strong></span> 
     </span>
    </p>
   </div>
   <div class='ocr_carea' id='block_1_89' title="bbox 1806 4180 3383 4254">
    <p class='ocr_par' dir='ltr' id='par_1_89' title="bbox 1806 4180 3383 4254">
     <span class='ocr_line' id='line_1_89' title="bbox 1806 4180 3383 4254; baseline -0.002 -16"><span class='ocrx_word' id='word_1_665' title='bbox 1806 4198 1928 4241; x_wconf 88' lang='lat' dir='ltr'><strong>vem</strong></span> <span class='ocrx_word' id='word_1_666' title='bbox 1960 4191 2146 4254; x_wconf 91' lang='lat' dir='ltr'><strong>potum</strong></span> <span class='ocrx_word' id='word_1_667' title='bbox 2169 4192 2403 4238; x_wconf 88' lang='lat' dir='ltr'><strong>mortem</strong></span> <span class='ocrx_word' id='word_1_668' title='bbox 2438 4188 2803 4252; x_wconf 91' lang='lat' dir='ltr'><strong>appetentem.</strong></span> <span class='ocrx_word' id='word_1_669' title='bbox 2824 4180 2893 4235; x_wconf 87' lang='lat' dir='ltr'><strong>Ut</strong></span> <span class='ocrx_word' id='word_1_670' title='bbox 2922 4189 3103 4235; x_wconf 85' lang='lat' dir='ltr'><strong>autem</strong></span> <span class='ocrx_word' id='word_1_671' title='bbox 3139 4180 3218 4235; x_wconf 94' lang='lat' dir='ltr'><strong>illi</strong></span> <span class='ocrx_word' id='word_1_672' title='bbox 3245 4196 3383 4251; x_wconf 83' lang='lat' dir='ltr'><strong>pau-</strong></span> 
     </span>
    </p>
   </div>
   <div class='ocr_carea' id='block_1_90' title="bbox 1794 4272 3382 4346">
    <p class='ocr_par' dir='ltr' id='par_1_90' title="bbox 1794 4272 3382 4346">
     <span class='ocr_line' id='line_1_90' title="bbox 1794 4272 3382 4346; baseline 0.001 -21"><span class='ocrx_word' id='word_1_673' title='bbox 1794 4274 1977 4346; x_wconf 17' lang='lat' dir='ltr'><strong>Alisper</strong></span> <span class='ocrx_word' id='word_1_674' title='bbox 1997 4274 2401 4330; x_wconf 87' lang='lat' dir='ltr'><strong>cunctabantur</strong></span> <span class='ocrx_word' id='word_1_675' title='bbox 2424 4272 2744 4328; x_wconf 74' lang='lat' dir='ltr'><strong>haesitantes</strong></span> <span class='ocrx_word' id='word_1_676' title='bbox 2765 4287 2831 4327; x_wconf 92' lang='lat' dir='ltr'><strong>ac</strong></span> <span class='ocrx_word' id='word_1_677' title='bbox 2849 4272 3218 4329; x_wconf 89' lang='lat' dir='ltr'><strong>deliberantes</strong></span> <span class='ocrx_word' id='word_1_678' title='bbox 3248 4273 3382 4344; x_wconf 90' lang='lat' dir='ltr'><strong>quid</strong></span> 
     </span>
    </p>
   </div>
   <div class='ocr_carea' id='block_1_91' title="bbox 1808 4364 3383 4436">
    <p class='ocr_par' dir='ltr' id='par_1_91' title="bbox 1808 4364 3383 4436">
     <span class='ocr_line' id='line_1_91' title="bbox 1808 4364 3383 4436; baseline 0.001 -16"><span class='ocrx_word' id='word_1_679' title='bbox 1808 4364 1956 4422; x_wconf 87' lang='lat' dir='ltr'><strong>facto</strong></span> <span class='ocrx_word' id='word_1_680' title='bbox 1986 4380 2127 4436; x_wconf 91' lang='lat' dir='ltr'><strong>opus</strong></span> <span class='ocrx_word' id='word_1_681' title='bbox 2155 4374 2304 4423; x_wconf 90' lang='lat' dir='ltr'><strong>esset</strong></span> <span class='ocrx_word' id='word_1_682' title='bbox 2335 4382 2351 4419; x_wconf 89' lang='lat'><strong>:</strong></span> <span class='ocrx_word' id='word_1_683' title='bbox 2393 4380 2538 4420; x_wconf 91' lang='lat' dir='ltr'><strong>unus</strong></span> <span class='ocrx_word' id='word_1_684' title='bbox 2569 4364 2794 4435; x_wconf 91' lang='lat' dir='ltr'><strong>quidam</strong></span> <span class='ocrx_word' id='word_1_685' title='bbox 2828 4380 2894 4419; x_wconf 81' lang='lat' dir='ltr'><strong>ex</strong></span> <span class='ocrx_word' id='word_1_686' title='bbox 2935 4364 3006 4420; x_wconf 90' lang='lat' dir='ltr'><strong>iis</strong></span> <span class='ocrx_word' id='word_1_687' title='bbox 3035 4366 3129 4435; x_wconf 91' lang='lat' dir='ltr'><strong>qui</strong></span> <span class='ocrx_word' id='word_1_688' title='bbox 3155 4365 3383 4422; x_wconf 88' lang='lat' dir='ltr'><strong>ordines</strong></span> 
     </span>
    </p>
   </div>
   <div class='ocr_carea' id='block_1_92' title="bbox 114 4455 1698 4535">
    <p class='ocr_par' dir='ltr' id='par_1_92' title="bbox 114 4456 1698 4535">
     <span class='ocr_line' id='line_1_92' title="bbox 114 4456 1698 4535; baseline 0.004 -24"><span class='ocrx_word' id='word_1_689' title='bbox 114 4456 345 4530; x_wconf 85' lang='grc' dir='ltr'>θρωπος</span> <span class='ocrx_word' id='word_1_690' title='bbox 363 4458 625 4529; x_wconf 75' lang='grc' dir='ltr'>ἐμπαθῶς</span> <span class='ocrx_word' id='word_1_691' title='bbox 645 4478 659 4525; x_wconf 90' lang='grc'>;</span> <span class='ocrx_word' id='word_1_692' title='bbox 682 4479 701 4511; x_wconf 73' lang='grc' dir='ltr'><strong>ι</strong></span> <span class='ocrx_word' id='word_1_693' title='bbox 727 4488 801 4499; x_wconf 90' lang='grc'><strong><em>-</em></strong></span> <span class='ocrx_word' id='word_1_694' title='bbox 819 4478 838 4513; x_wconf 78' lang='grc' dir='ltr'><strong>ι</strong></span> <span class='ocrx_word' id='word_1_695' title='bbox 862 4458 1155 4531; x_wconf 86' lang='grc' dir='ltr'>Ἐμπαθῶς</span> <span class='ocrx_word' id='word_1_696' title='bbox 1186 4459 1283 4530; x_wconf 77' lang='grc' dir='ltr'>μὲν</span> <span class='ocrx_word' id='word_1_697' title='bbox 1305 4462 1335 4513; x_wconf 91' lang='lat'><strong>6</strong></span> <span class='ocrx_word' id='word_1_698' title='bbox 1354 4461 1505 4531; x_wconf 81' lang='grc' dir='ltr'>ὲμὸς,</span> <span class='ocrx_word' id='word_1_699' title='bbox 1532 4482 1552 4516; x_wconf 73' lang='grc' dir='ltr'><strong>ι</strong></span> <span class='ocrx_word' id='word_1_700' title='bbox 1574 4462 1698 4535; x_wconf 71' lang='grc' dir='ltr'>ἔφη,</span> 
     </span>
    </p>
   </div>
   <div class='ocr_carea' id='block_1_93' title="bbox 1801 4455 3385 4535">
    <p class='ocr_par' dir='ltr' id='par_1_93' title="bbox 1808 4455 3385 4528">
     <span class='ocr_line' id='line_1_93' title="bbox 1808 4455 3385 4528; baseline 0.001 -16"><span class='ocrx_word' id='word_1_701' title='bbox 1808 4455 2110 4522; x_wconf 87' lang='lat' dir='ltr'><strong>ducebant,</strong></span> <span class='ocrx_word' id='word_1_702' title='bbox 2145 4456 2341 4523; x_wconf 89' lang='lat' dir='ltr'><strong>miles,</strong></span> <span class='ocrx_word' id='word_1_703' title='bbox 2376 4458 2471 4528; x_wconf 91' lang='lat' dir='ltr'><strong>qui</strong></span> <span class='ocrx_word' id='word_1_704' title='bbox 2501 4455 2609 4513; x_wconf 90' lang='lat' dir='ltr'><strong>sibi</strong></span> <span class='ocrx_word' id='word_1_705' title='bbox 2633 4455 2850 4527; x_wconf 76' lang='lat' dir='ltr'><strong>lepidus</strong></span> <span class='ocrx_word' id='word_1_706' title='bbox 2883 4463 2939 4512; x_wconf 89' lang='lat' dir='ltr'><strong>et</strong></span> <span class='ocrx_word' id='word_1_707' title='bbox 2981 4455 3227 4513; x_wconf 90' lang='lat' dir='ltr'><strong>urbanus</strong></span> <span class='ocrx_word' id='word_1_708' title='bbox 3259 4473 3385 4515; x_wconf 90' lang='lat' dir='ltr'><strong>esse</strong></span> 
     </span>
    </p>
   </div>
   <div class='ocr_carea' id='block_1_94' title="bbox 121 4546 1698 4625">
    <p class='ocr_par' dir='ltr' id='par_1_94' title="bbox 121 4549 1698 4625">
     <span class='ocr_line' id='line_1_94' title="bbox 121 4549 1698 4625; baseline 0.003 -23"><span class='ocrx_word' id='word_1_709' title='bbox 121 4568 143 4603; x_wconf 70' lang='grc' dir='ltr'><strong>ι</strong></span> <span class='ocrx_word' id='word_1_710' title='bbox 172 4549 314 4613; x_wconf 80' lang='grc' dir='ltr'>Θεὸς</span> <span class='ocrx_word' id='word_1_711' title='bbox 346 4549 446 4602; x_wconf 79' lang='grc' dir='ltr'>οὐκ</span> <span class='ocrx_word' id='word_1_712' title='bbox 481 4550 800 4622; x_wconf 79' lang='grc' dir='ltr'>ἐγέννησεν·</span> <span class='ocrx_word' id='word_1_713' title='bbox 842 4550 976 4605; x_wconf 86' lang='grc' dir='ltr'><strong>ἀλλά</strong></span> <span class='ocrx_word' id='word_1_714' title='bbox 1013 4551 1108 4605; x_wconf 80' lang='grc' dir='ltr'>καὶ</span> <span class='ocrx_word' id='word_1_715' title='bbox 1139 4550 1269 4605; x_wconf 85' lang='grc' dir='ltr'><strong>Υίὸν</strong></span> <span class='ocrx_word' id='word_1_716' title='bbox 1303 4552 1569 4625; x_wconf 86' lang='grc' dir='ltr'>ὁμολογῶ,</span> <span class='ocrx_word' id='word_1_717' title='bbox 1613 4554 1698 4608; x_wconf 63' lang='grc' dir='ltr'><strong>καλ</strong></span> 
     </span>
    </p>
   </div>
   <div class='ocr_carea' id='block_1_95' title="bbox 1801 4546 3383 4625">
    <p class='ocr_par' dir='ltr' id='par_1_95' title="bbox 1811 4546 3383 4620">
     <span class='ocr_line' id='line_1_95' title="bbox 1811 4546 3383 4620; baseline 0.003 -18"><span class='ocrx_word' id='word_1_718' title='bbox 1811 4546 2122 4613; x_wconf 89' lang='lat' dir='ltr'><strong>videbatur,</strong></span> <span class='ocrx_word' id='word_1_719' title='bbox 2178 4546 2343 4604; x_wconf 89' lang='lat' dir='ltr'><strong>simul</strong></span> <span class='ocrx_word' id='word_1_720' title='bbox 2396 4561 2724 4617; x_wconf 90' lang='lat' dir='ltr'><strong>responsum</strong></span> <span class='ocrx_word' id='word_1_721' title='bbox 2782 4549 3046 4620; x_wconf 88' lang='lat' dir='ltr'><strong>martyris</strong></span> <span class='ocrx_word' id='word_1_722' title='bbox 3108 4549 3383 4606; x_wconf 85' lang='lat' dir='ltr'><strong>irridens:</strong></span> 
     </span>
    </p>
   </div>
   <div class='ocr_carea' id='block_1_96' title="bbox 120 4633 1698 4714">
    <p class='ocr_par' dir='ltr' id='par_1_96' title="bbox 120 4633 1698 4714">
     <span class='ocr_line' id='line_1_96' title="bbox 120 4633 1698 4714; baseline 0.003 -21"><span class='ocrx_word' id='word_1_723' title='bbox 120 4637 409 4711; x_wconf 84' lang='grc' dir='ltr'>θεοπρεπῆ</span> <span class='ocrx_word' id='word_1_724' title='bbox 460 4638 606 4708; x_wconf 78' lang='grc' dir='ltr'>λέγω</span> <span class='ocrx_word' id='word_1_725' title='bbox 634 4640 735 4710; x_wconf 81' lang='grc' dir='ltr'>τὴν</span> <span class='ocrx_word' id='word_1_726' title='bbox 772 4639 1029 4712; x_wconf 83' lang='grc' dir='ltr'>γέννησιν</span> <span class='ocrx_word' id='word_1_727' title='bbox 1052 4654 1067 4669; x_wconf 86' lang='grc'>⁶</span> <span class='ocrx_word' id='word_1_728' title='bbox 1116 4642 1204 4706; x_wconf 81' lang='grc' dir='ltr'>σὺ,</span> <span class='ocrx_word' id='word_1_729' title='bbox 1240 4633 1286 4695; x_wconf 80' lang='grc' dir='ltr'><strong>ὦ</strong></span> <span class='ocrx_word' id='word_1_730' title='bbox 1332 4641 1575 4714; x_wconf 86' lang='grc' dir='ltr'>νηπιώδη</span> <span class='ocrx_word' id='word_1_731' title='bbox 1606 4644 1698 4697; x_wconf 67' lang='grc' dir='ltr'>’τὸι</span> 
     </span>
    </p>
   </div>
   <div class='ocr_carea' id='block_1_97' title="bbox 1801 4633 3387 4714">
    <p class='ocr_par' dir='ltr' id='par_1_97' title="bbox 1814 4639 3387 4710">
     <span class='ocr_line' id='line_1_97' title="bbox 1814 4639 3387 4710; baseline 0.004 -18"><span class='ocrx_word' id='word_1_732' title='bbox 1814 4658 1835 4692; x_wconf 79' lang='grc' dir='ltr'><strong>ι</strong></span> <span class='ocrx_word' id='word_1_733' title='bbox 1872 4639 2072 4705; x_wconf 86' lang='lat' dir='ltr'><strong>Estne,</strong></span> <span class='ocrx_word' id='word_1_734' title='bbox 2111 4659 2132 4693; x_wconf 74' lang='grc' dir='ltr'><strong>ι</strong></span> <span class='ocrx_word' id='word_1_735' title='bbox 2176 4639 2376 4710; x_wconf 88' lang='lat' dir='ltr'><strong>inquit,</strong></span> <span class='ocrx_word' id='word_1_736' title='bbox 2415 4656 2436 4692; x_wconf 75' lang='grc' dir='ltr'><strong>ι</strong></span> <span class='ocrx_word' id='word_1_737' title='bbox 2474 4655 2509 4695; x_wconf 94' lang='lat' dir='ltr'><strong>o</strong></span> <span class='ocrx_word' id='word_1_738' title='bbox 2537 4639 2845 4709; x_wconf 84' lang='lat' dir='ltr'><strong>Theodore,</strong></span> <span class='ocrx_word' id='word_1_739' title='bbox 2885 4642 3061 4700; x_wconf 86' lang='lat' dir='ltr'><strong>Filius</strong></span> <span class='ocrx_word' id='word_1_740' title='bbox 3094 4654 3192 4701; x_wconf 91' lang='lat' dir='ltr'><strong>tuo</strong></span> <span class='ocrx_word' id='word_1_741' title='bbox 3235 4644 3387 4702; x_wconf 83' lang='lat' dir='ltr'><strong>Deo?</strong></span> 
     </span>
    </p>
   </div>
   <div class='ocr_carea' id='block_1_98' title="bbox 118 4728 1698 4805">
    <p class='ocr_par' dir='ltr' id='par_1_98' title="bbox 118 4728 1698 4804">
     <span class='ocr_line' id='line_1_98' title="bbox 118 4728 1698 4804; baseline 0.003 -20"><span class='ocrx_word' id='word_1_742' title='bbox 118 4731 389 4802; x_wconf 73' lang='grc' dir='ltr'>λογισμὸν</span> <span class='ocrx_word' id='word_1_743' title='bbox 414 4731 512 4785; x_wconf 75' lang='grc' dir='ltr'>καὶ</span> <span class='ocrx_word' id='word_1_744' title='bbox 541 4730 727 4795; x_wconf 82' lang='grc' dir='ltr'>ἄθλιε,</span> <span class='ocrx_word' id='word_1_745' title='bbox 776 4731 879 4786; x_wconf 82' lang='grc' dir='ltr'>οὐκ</span> <span class='ocrx_word' id='word_1_746' title='bbox 924 4728 1186 4803; x_wconf 75' lang='grc' dir='ltr'>ἐρυθριᾷς</span> <span class='ocrx_word' id='word_1_747' title='bbox 1233 4732 1356 4787; x_wconf 77' lang='grc' dir='ltr'>οὐδὲ</span> <span class='ocrx_word' id='word_1_748' title='bbox 1392 4733 1698 4804; x_wconf 62' lang='grc' dir='ltr'>ὲγκαλύπτῖ</span> 
     </span>
    </p>
   </div>
   <div class='ocr_carea' id='block_1_99' title="bbox 1801 4728 3387 4805">
    <p class='ocr_par' dir='ltr' id='par_1_99' title="bbox 1809 4733 3387 4805">
     <span class='ocr_line' id='line_1_99' title="bbox 1809 4733 3387 4805; baseline 0.002 -14"><span class='ocrx_word' id='word_1_749' title='bbox 1809 4741 1865 4791; x_wconf 89' lang='lat' dir='ltr'><strong>et</strong></span> <span class='ocrx_word' id='word_1_750' title='bbox 1907 4745 2135 4805; x_wconf 78' lang='lat' dir='ltr'><strong>generat</strong></span> <span class='ocrx_word' id='word_1_751' title='bbox 2184 4734 2275 4788; x_wconf 84' lang='lat' dir='ltr'><strong>ille</strong></span> <span class='ocrx_word' id='word_1_752' title='bbox 2331 4733 2518 4791; x_wconf 87' lang='lat' dir='ltr'><strong>carnis</strong></span> <span class='ocrx_word' id='word_1_753' title='bbox 2557 4733 2887 4801; x_wconf 70' lang='lat' dir='ltr'><strong>affectibus,</strong></span> <span class='ocrx_word' id='word_1_754' title='bbox 2948 4744 3008 4791; x_wconf 95' lang='lat' dir='ltr'><strong>ut</strong></span> <span class='ocrx_word' id='word_1_755' title='bbox 3057 4738 3244 4803; x_wconf 92' lang='lat' dir='ltr'><strong>homo,</strong></span> <span class='ocrx_word' id='word_1_756' title='bbox 3281 4739 3387 4794; x_wconf 86' lang='lat' dir='ltr'><strong>ob-</strong></span> 
     </span>
    </p>
   </div>
   <div class='ocr_carea' id='block_1_100' title="bbox 118 4821 1698 4899">
    <p class='ocr_par' dir='ltr' id='par_1_100' title="bbox 118 4821 1698 4899">
     <span class='ocr_line' id='line_1_100' title="bbox 118 4821 1698 4899; baseline 0.003 -22"><span class='ocrx_word' id='word_1_757' title='bbox 118 4823 219 4877; x_wconf 74' lang='grc' dir='ltr'>καὶ</span> <span class='ocrx_word' id='word_1_758' title='bbox 251 4821 479 4894; x_wconf 84' lang='grc' dir='ltr'>θήλειαν</span> <span class='ocrx_word' id='word_1_759' title='bbox 519 4823 799 4894; x_wconf 87' lang='grc' dir='ltr'>ὁμολογῶν</span> <span class='ocrx_word' id='word_1_760' title='bbox 831 4823 981 4890; x_wconf 85' lang='grc' dir='ltr'>θεὰν,</span> <span class='ocrx_word' id='word_1_761' title='bbox 1029 4825 1125 4879; x_wconf 76' lang='grc' dir='ltr'>καὶ</span> <span class='ocrx_word' id='word_1_762' title='bbox 1150 4825 1227 4891; x_wconf 90' lang='grc' dir='ltr'><strong>ώς</strong></span> <span class='ocrx_word' id='word_1_763' title='bbox 1264 4826 1478 4899; x_wconf 85' lang='grc' dir='ltr'>μητέρα</span> <span class='ocrx_word' id='word_1_764' title='bbox 1504 4826 1698 4883; x_wconf 81' lang='grc' dir='ltr'>δώδεκα</span> 
     </span>
    </p>
   </div>
   <div class='ocr_carea' id='block_1_101' title="bbox 1801 4821 3389 4899">
    <p class='ocr_par' dir='ltr' id='par_1_101' title="bbox 1813 4825 3389 4897">
     <span class='ocr_line' id='line_1_101' title="bbox 1813 4825 3389 4897; baseline 0.004 -17"><span class='ocrx_word' id='word_1_765' title='bbox 1813 4827 2052 4883; x_wconf 81' lang='lat' dir='ltr'><strong>noxius?</strong></span> <span class='ocrx_word' id='word_1_766' title='bbox 2077 4845 2201 4880; x_wconf 79' lang='grc' dir='ltr'><strong>›-ι</strong></span> <span class='ocrx_word' id='word_1_767' title='bbox 2235 4825 2488 4882; x_wconf 82' lang='lat' dir='ltr'><strong>Humano</strong></span> <span class='ocrx_word' id='word_1_768' title='bbox 2515 4827 2734 4897; x_wconf 85' lang='lat' dir='ltr'><strong>quidem</strong></span> <span class='ocrx_word' id='word_1_769' title='bbox 2764 4845 2914 4885; x_wconf 90' lang='lat' dir='ltr'><strong>more</strong></span> <span class='ocrx_word' id='word_1_770' title='bbox 2938 4828 3226 4886; x_wconf 71' lang='lat' dir='ltr'><strong>affectibus</strong></span> <span class='ocrx_word' id='word_1_771' title='bbox 3265 4846 3389 4886; x_wconf 92' lang='lat' dir='ltr'><strong>car-</strong></span> 
     </span>
    </p>
   </div>
   <div class='ocr_carea' id='block_1_102' title="bbox 118 4913 1698 4993">
    <p class='ocr_par' dir='ltr' id='par_1_102' title="bbox 118 4913 1698 4988">
     <span class='ocr_line' id='line_1_102' title="bbox 118 4913 1698 4988; baseline 0.004 -22"><span class='ocrx_word' id='word_1_772' title='bbox 118 4914 341 4968; x_wconf 87' lang='grc' dir='ltr'>παίδων</span> <span class='ocrx_word' id='word_1_773' title='bbox 378 4913 479 4985; x_wconf 80' lang='grc' dir='ltr'>τὴν</span> <span class='ocrx_word' id='word_1_774' title='bbox 526 4915 699 4986; x_wconf 79' lang='grc' dir='ltr'>αὐτὴν</span> <span class='ocrx_word' id='word_1_775' title='bbox 731 4915 1076 4988; x_wconf 87' lang='grc' dir='ltr'>προσκυνῶν,</span> <span class='ocrx_word' id='word_1_776' title='bbox 1111 4916 1406 4972; x_wconf 87' lang='grc' dir='ltr'>πολύτοκόν</span> <span class='ocrx_word' id='word_1_777' title='bbox 1437 4936 1561 4974; x_wconf 88' lang='grc' dir='ltr'>τινα</span> <span class='ocrx_word' id='word_1_778' title='bbox 1602 4919 1698 4973; x_wconf 91' lang='grc' dir='ltr'>δαί-</span> 
     </span>
    </p>
   </div>
   <div class='ocr_carea' id='block_1_103' title="bbox 1801 4913 3385 4993">
    <p class='ocr_par' dir='ltr' id='par_1_103' title="bbox 1814 4919 3385 4993">
     <span class='ocr_line' id='line_1_103' title="bbox 1814 4919 3385 4993; baseline 0.002 -19"><span class='ocrx_word' id='word_1_779' title='bbox 1814 4919 1901 4974; x_wconf 91' lang='lat' dir='ltr'><strong>nis</strong></span> <span class='ocrx_word' id='word_1_780' title='bbox 1922 4919 2194 4975; x_wconf 77' lang='lat' dir='ltr'><strong>obnoxius</strong></span> <span class='ocrx_word' id='word_1_781' title='bbox 2219 4934 2395 4983; x_wconf 91' lang='lat' dir='ltr'><strong>meus,</strong></span> <span class='ocrx_word' id='word_1_782' title='bbox 2430 4938 2451 4973; x_wconf 75' lang='grc' dir='ltr'><strong>ι</strong></span> <span class='ocrx_word' id='word_1_783' title='bbox 2476 4920 2675 4990; x_wconf 90' lang='lat' dir='ltr'><strong>inquit,</strong></span> <span class='ocrx_word' id='word_1_784' title='bbox 2703 4939 2724 4973; x_wconf 76' lang='grc' dir='ltr'><strong>ι</strong></span> <span class='ocrx_word' id='word_1_785' title='bbox 2759 4919 2906 4977; x_wconf 89' lang='lat' dir='ltr'><strong>Deus</strong></span> <span class='ocrx_word' id='word_1_786' title='bbox 2934 4937 3042 4977; x_wconf 88' lang='lat' dir='ltr'><strong>non</strong></span> <span class='ocrx_word' id='word_1_787' title='bbox 3062 4922 3343 4993; x_wconf 82' lang='lat' dir='ltr'><strong>generavit</strong></span> <span class='ocrx_word' id='word_1_788' title='bbox 3370 4940 3385 4977; x_wconf 88' lang='lat'><strong>:</strong></span> 
     </span>
    </p>
   </div>
   <div class='ocr_carea' id='block_1_104' title="bbox 124 5001 1698 5079">
    <p class='ocr_par' dir='ltr' id='par_1_104' title="bbox 124 5001 1698 5079">
     <span class='ocr_line' id='line_1_104' title="bbox 124 5001 1698 5079; baseline 0.004 -23"><span class='ocrx_word' id='word_1_789' title='bbox 124 5020 270 5073; x_wconf 89' lang='grc' dir='ltr'>μονα</span> <span class='ocrx_word' id='word_1_790' title='bbox 302 5002 448 5057; x_wconf 82' lang='grc' dir='ltr'>κατὰ</span> <span class='ocrx_word' id='word_1_791' title='bbox 474 5005 601 5067; x_wconf 82' lang='grc' dir='ltr'>τοὺς</span> <span class='ocrx_word' id='word_1_792' title='bbox 639 5003 885 5074; x_wconf 84' lang='grc' dir='ltr'>λαγωοὺς</span> <span class='ocrx_word' id='word_1_793' title='bbox 912 5004 946 5077; x_wconf 74' lang='grc' dir='ltr'><strong><em>ἦ</em></strong></span> <span class='ocrx_word' id='word_1_794' title='bbox 977 5007 1077 5072; x_wconf 82' lang='grc' dir='ltr'>τὰς</span> <span class='ocrx_word' id='word_1_795' title='bbox 1112 5001 1213 5072; x_wconf 79' lang='grc' dir='ltr'><strong>ῦας</strong></span> <span class='ocrx_word' id='word_1_796' title='bbox 1236 5007 1472 5074; x_wconf 86' lang='grc' dir='ltr'>εὐκόλως</span> <span class='ocrx_word' id='word_1_797' title='bbox 1506 5008 1602 5063; x_wconf 73' lang='grc' dir='ltr'>καὶ</span> <span class='ocrx_word' id='word_1_798' title='bbox 1624 5008 1698 5079; x_wconf 76' lang='grc' dir='ltr'><strong>ἑγ-</strong></span> 
     </span>
    </p>
   </div>
   <div class='ocr_carea' id='block_1_105' title="bbox 1801 5001 3384 5079">
    <p class='ocr_par' dir='ltr' id='par_1_105' title="bbox 1814 5009 3384 5075">
     <span class='ocr_line' id='line_1_105' title="bbox 1814 5009 3384 5075; baseline 0.001 -9"><span class='ocrx_word' id='word_1_799' title='bbox 1814 5026 2005 5067; x_wconf 87' lang='lat' dir='ltr'><strong>verum</strong></span> <span class='ocrx_word' id='word_1_800' title='bbox 2047 5021 2102 5067; x_wconf 89' lang='lat' dir='ltr'><strong>et</strong></span> <span class='ocrx_word' id='word_1_801' title='bbox 2142 5009 2341 5067; x_wconf 85' lang='lat' dir='ltr'><strong>Filium</strong></span> <span class='ocrx_word' id='word_1_802' title='bbox 2389 5013 2677 5075; x_wconf 82' lang='lat' dir='ltr'><strong>conﬁteor,</strong></span> <span class='ocrx_word' id='word_1_803' title='bbox 2717 5021 2773 5069; x_wconf 90' lang='lat' dir='ltr'><strong>et</strong></span> <span class='ocrx_word' id='word_1_804' title='bbox 2816 5014 3157 5069; x_wconf 84' lang='lat' dir='ltr'><strong>nativitatem</strong></span> <span class='ocrx_word' id='word_1_805' title='bbox 3216 5014 3384 5069; x_wconf 82' lang='lat' dir='ltr'><strong>talem</strong></span> 
     </span>
    </p>
   </div>
   <div class='ocr_carea' id='block_1_106' title="bbox 121 5096 1698 5173">
    <p class='ocr_par' dir='ltr' id='par_1_106' title="bbox 121 5096 1150 5166">
     <span class='ocr_line' id='line_1_106' title="bbox 121 5096 1150 5166; baseline 0.005 -19"><span class='ocrx_word' id='word_1_806' title='bbox 121 5096 505 5166; x_wconf 83' lang='grc' dir='ltr'>κυϊσκομένην</span> <span class='ocrx_word' id='word_1_807' title='bbox 536 5096 634 5150; x_wconf 73' lang='grc' dir='ltr'>καὶ</span> <span class='ocrx_word' id='word_1_808' title='bbox 658 5096 1059 5154; x_wconf 84' lang='grc' dir='ltr'>ἀποτίκτουσαν</span> <span class='ocrx_word' id='word_1_809' title='bbox 1083 5115 1099 5165; x_wconf 91' lang='lat'><strong>;</strong></span> <span class='ocrx_word' id='word_1_810' title='bbox 1129 5118 1150 5152; x_wconf 73' lang='grc' dir='ltr'><strong>ι</strong></span> 
     </span>
    </p>
   </div>
   <div class='ocr_carea' id='block_1_107' title="bbox 1801 5096 3389 5173">
    <p class='ocr_par' dir='ltr' id='par_1_107' title="bbox 1816 5101 3389 5173">
     <span class='ocr_line' id='line_1_107' title="bbox 1816 5101 3389 5173; baseline 0.001 -16"><span class='ocrx_word' id='word_1_811' title='bbox 1816 5116 1943 5159; x_wconf 88' lang='lat' dir='ltr'><strong>esse</strong></span> <span class='ocrx_word' id='word_1_812' title='bbox 1974 5101 2119 5168; x_wconf 91' lang='lat' dir='ltr'><strong>dico,</strong></span> <span class='ocrx_word' id='word_1_813' title='bbox 2156 5117 2280 5173; x_wconf 65' lang='lat' dir='ltr'><strong>quae</strong></span> <span class='ocrx_word' id='word_1_814' title='bbox 2320 5101 2491 5159; x_wconf 90' lang='lat' dir='ltr'><strong>Deum</strong></span> <span class='ocrx_word' id='word_1_815' title='bbox 2520 5103 2713 5159; x_wconf 88' lang='lat' dir='ltr'><strong>deceat</strong></span> <span class='ocrx_word' id='word_1_816' title='bbox 2746 5123 2759 5159; x_wconf 93' lang='lat'>:</span> <span class='ocrx_word' id='word_1_817' title='bbox 2807 5111 2865 5158; x_wconf 92' lang='lat' dir='ltr'><strong>tu</strong></span> <span class='ocrx_word' id='word_1_818' title='bbox 2898 5119 3052 5169; x_wconf 88' lang='lat' dir='ltr'><strong>vero,</strong></span> <span class='ocrx_word' id='word_1_819' title='bbox 3077 5120 3112 5159; x_wconf 90' lang='grc' dir='ltr'><strong>ο</strong></span> <span class='ocrx_word' id='word_1_820' title='bbox 3139 5105 3307 5160; x_wconf 87' lang='lat' dir='ltr'><strong>miser</strong></span> <span class='ocrx_word' id='word_1_821' title='bbox 3331 5114 3389 5159; x_wconf 89' lang='lat' dir='ltr'><strong>et</strong></span> 
     </span>
    </p>
   </div>
   <div class='ocr_carea' id='block_1_108' title="bbox 123 5187 3388 5267">
    <p class='ocr_par' dir='ltr' id='par_1_108' title="bbox 123 5187 3388 5267">
     <span class='ocr_line' id='line_1_108' title="bbox 123 5187 3388 5267; baseline 0.003 -24"><span class='ocrx_word' id='word_1_822' title='bbox 123 5189 405 5260; x_wconf 88' lang='lat' dir='ltr'><strong>imperite.</strong></span> <span class='ocrx_word' id='word_1_823' title='bbox 440 5187 589 5258; x_wconf 88' lang='lat' dir='ltr'><strong>quod</strong></span> <span class='ocrx_word' id='word_1_824' title='bbox 626 5187 696 5244; x_wconf 88' lang='lat' dir='ltr'><strong>ad</strong></span> <span class='ocrx_word' id='word_1_825' title='bbox 725 5204 950 5248; x_wconf 90' lang='lat' dir='ltr'><strong>sensum</strong></span> <span class='ocrx_word' id='word_1_826' title='bbox 980 5199 1036 5247; x_wconf 90' lang='lat' dir='ltr'><strong>et</strong></span> <span class='ocrx_word' id='word_1_827' title='bbox 1068 5192 1339 5248; x_wconf 88' lang='lat' dir='ltr'><strong>rationem</strong></span> <span class='ocrx_word' id='word_1_828' title='bbox 1365 5193 1594 5257; x_wconf 91' lang='lat' dir='ltr'><strong>attinet,</strong></span> <span class='ocrx_word' id='word_1_829' title='bbox 1626 5208 1696 5249; x_wconf 88' lang='lat' dir='ltr'><strong>an</strong></span> <span class='ocrx_word' id='word_1_830' title='bbox 1734 5209 1845 5249; x_wconf 92' lang='lat' dir='ltr'><strong>non</strong></span> <span class='ocrx_word' id='word_1_831' title='bbox 1871 5194 2176 5258; x_wconf 80' lang='lat' dir='ltr'><strong>erubescis,</strong></span> <span class='ocrx_word' id='word_1_832' title='bbox 2205 5210 2270 5249; x_wconf 91' lang='lat' dir='ltr'><strong>ac</strong></span> <span class='ocrx_word' id='word_1_833' title='bbox 2296 5194 2504 5265; x_wconf 86' lang='lat' dir='ltr'><strong>pudore</strong></span> <span class='ocrx_word' id='word_1_834' title='bbox 2526 5195 2735 5251; x_wconf 81' lang='lat' dir='ltr'><strong>vultum</strong></span> <span class='ocrx_word' id='word_1_835' title='bbox 2752 5196 3016 5259; x_wconf 82' lang='lat' dir='ltr'><strong>demittis,</strong></span> <span class='ocrx_word' id='word_1_836' title='bbox 3071 5196 3165 5267; x_wconf 91' lang='lat' dir='ltr'><strong>qui</strong></span> <span class='ocrx_word' id='word_1_837' title='bbox 3220 5198 3388 5253; x_wconf 88' lang='lat' dir='ltr'><strong>etiam</strong></span> 
     </span>
    </p>
   </div>
   <div class='ocr_carea' id='block_1_109' title="bbox 126 5283 3387 5363">
    <p class='ocr_par' dir='ltr' id='par_1_109' title="bbox 126 5283 3387 5363">
     <span class='ocr_line' id='line_1_109' title="bbox 126 5283 3387 5363; baseline 0.003 -24"><span class='ocrx_word' id='word_1_838' title='bbox 126 5285 397 5342; x_wconf 84' lang='lat' dir='ltr'><strong>feminam</strong></span> <span class='ocrx_word' id='word_1_839' title='bbox 434 5283 607 5341; x_wconf 91' lang='lat' dir='ltr'><strong>Deum</strong></span> <span class='ocrx_word' id='word_1_840' title='bbox 642 5286 957 5357; x_wconf 84' lang='lat' dir='ltr'><strong>confiteris,</strong></span> <span class='ocrx_word' id='word_1_841' title='bbox 990 5295 1047 5344; x_wconf 90' lang='lat' dir='ltr'><strong>et</strong></span> <span class='ocrx_word' id='word_1_842' title='bbox 1110 5297 1173 5345; x_wconf 91' lang='lat' dir='ltr'><strong>ut</strong></span> <span class='ocrx_word' id='word_1_843' title='bbox 1234 5297 1466 5346; x_wconf 88' lang='lat' dir='ltr'><strong>matrem</strong></span> <span class='ocrx_word' id='word_1_844' title='bbox 1498 5289 1785 5346; x_wconf 84' lang='lat' dir='ltr'><strong>duodecim</strong></span> <span class='ocrx_word' id='word_1_845' title='bbox 1827 5290 2122 5346; x_wconf 89' lang='lat' dir='ltr'><strong>liberorum</strong></span> <span class='ocrx_word' id='word_1_846' title='bbox 2150 5290 2398 5345; x_wconf 87' lang='lat' dir='ltr'><strong>eamdem</strong></span> <span class='ocrx_word' id='word_1_847' title='bbox 2441 5291 2641 5349; x_wconf 89' lang='lat' dir='ltr'><strong>adoras</strong></span> <span class='ocrx_word' id='word_1_848' title='bbox 2667 5290 2958 5347; x_wconf 82' lang='lat' dir='ltr'><strong>fecundam</strong></span> <span class='ocrx_word' id='word_1_849' title='bbox 2991 5291 3283 5363; x_wconf 77' lang='lat' dir='ltr'><strong>quamdam</strong></span> <span class='ocrx_word' id='word_1_850' title='bbox 3314 5293 3387 5350; x_wconf 78' lang='lat' dir='ltr'><strong>la~</strong></span> 
     </span>
    </p>
   </div>
   <div class='ocr_carea' id='block_1_110' title="bbox 122 5379 2357 5453">
    <p class='ocr_par' dir='ltr' id='par_1_110' title="bbox 122 5379 2357 5453">
     <span class='ocr_line' id='line_1_110' title="bbox 122 5379 2357 5453; baseline 0.002 -21"><span class='ocrx_word' id='word_1_851' title='bbox 122 5392 329 5451; x_wconf 85' lang='lat' dir='ltr'><strong>porum</strong></span> <span class='ocrx_word' id='word_1_852' title='bbox 364 5393 599 5435; x_wconf 88' lang='lat' dir='ltr'><strong>suumve</strong></span> <span class='ocrx_word' id='word_1_853' title='bbox 623 5379 791 5434; x_wconf 91' lang='lat' dir='ltr'><strong>modo</strong></span> <span class='ocrx_word' id='word_1_854' title='bbox 816 5380 1088 5445; x_wconf 68' lang='lat' dir='ltr'><strong>daemona,</strong></span> <span class='ocrx_word' id='word_1_855' title='bbox 1118 5396 1242 5453; x_wconf 71' lang='lat' dir='ltr'><strong>qua:</strong></span> <span class='ocrx_word' id='word_1_856' title='bbox 1266 5380 1430 5438; x_wconf 89' lang='lat' dir='ltr'><strong>facile</strong></span> <span class='ocrx_word' id='word_1_857' title='bbox 1454 5389 1511 5437; x_wconf 91' lang='lat' dir='ltr'><strong>et</strong></span> <span class='ocrx_word' id='word_1_858' title='bbox 1545 5382 1825 5453; x_wconf 90' lang='lat' dir='ltr'><strong>concipiat</strong></span> <span class='ocrx_word' id='word_1_859' title='bbox 1852 5388 1909 5438; x_wconf 88' lang='lat' dir='ltr'><strong>et</strong></span> <span class='ocrx_word' id='word_1_860' title='bbox 1947 5389 2163 5449; x_wconf 89' lang='lat' dir='ltr'><strong>partum</strong></span> <span class='ocrx_word' id='word_1_861' title='bbox 2191 5381 2357 5437; x_wconf 74' lang='lat' dir='ltr'><strong>edat?</strong></span> 
     </span>
    </p>
   </div>
   <div class='ocr_carea' id='block_1_111' title="bbox 196 5460 1698 5545">
    <p class='ocr_par' dir='ltr' id='par_1_111' title="bbox 196 5460 1698 5545">
     <span class='ocr_line' id='line_1_111' title="bbox 196 5460 1698 5545; baseline -0.001 -18"><span class='ocrx_word' id='word_1_862' title='bbox 196 5470 393 5535; x_wconf 86' lang='grc' dir='ltr'>Οῦτως</span> <span class='ocrx_word' id='word_1_863' title='bbox 413 5469 470 5525; x_wconf 84' lang='grc' dir='ltr'>δὲ</span> <span class='ocrx_word' id='word_1_864' title='bbox 512 5470 609 5526; x_wconf 90' lang='grc' dir='ltr'><strong>τοῦ</strong></span> <span class='ocrx_word' id='word_1_865' title='bbox 654 5471 809 5541; x_wconf 81' lang='grc' dir='ltr'>ἁγίου</span> <span class='ocrx_word' id='word_1_866' title='bbox 862 5460 1083 5528; x_wconf 78' lang='grc' dir='ltr'>διπλοῦν</span> <span class='ocrx_word' id='word_1_867' title='bbox 1130 5472 1583 5545; x_wconf 78' lang='grc' dir='ltr'>ἀντιστρέψαντος</span> <span class='ocrx_word' id='word_1_868' title='bbox 1635 5471 1698 5544; x_wconf 67' lang='grc' dir='ltr'>τι]</span> 
     </span>
    </p>
   </div>
   <div class='ocr_carea' id='block_1_112' title="bbox 1801 5460 3389 5545">
    <p class='ocr_par' dir='ltr' id='par_1_112' title="bbox 1891 5471 3389 5545">
     <span class='ocr_line' id='line_1_112' title="bbox 1891 5471 3389 5545; baseline 0.004 -17"><span class='ocrx_word' id='word_1_869' title='bbox 1891 5471 2030 5529; x_wconf 88' lang='lat' dir='ltr'><strong>Cum</strong></span> <span class='ocrx_word' id='word_1_870' title='bbox 2060 5481 2241 5528; x_wconf 90' lang='lat' dir='ltr'><strong>autem</strong></span> <span class='ocrx_word' id='word_1_871' title='bbox 2270 5472 2376 5528; x_wconf 89' lang='lat' dir='ltr'><strong>hoc</strong></span> <span class='ocrx_word' id='word_1_872' title='bbox 2408 5474 2572 5529; x_wconf 90' lang='lat' dir='ltr'><strong>modo</strong></span> <span class='ocrx_word' id='word_1_873' title='bbox 2603 5474 2877 5545; x_wconf 88' lang='lat' dir='ltr'><strong>duplicem</strong></span> <span class='ocrx_word' id='word_1_874' title='bbox 2918 5485 3144 5534; x_wconf 88' lang='lat' dir='ltr'><strong>sanctus</strong></span> <span class='ocrx_word' id='word_1_875' title='bbox 3167 5477 3389 5534; x_wconf 84' lang='lat' dir='ltr'><strong>irrisio-</strong></span> 
     </span>
    </p>
   </div>
   <div class='ocr_carea' id='block_1_113' title="bbox 124 5563 1698 5638">
    <p class='ocr_par' dir='ltr' id='par_1_113' title="bbox 124 5563 1698 5638">
     <span class='ocr_line' id='line_1_113' title="bbox 124 5563 1698 5638; baseline 0.002 -20"><span class='ocrx_word' id='word_1_876' title='bbox 124 5563 499 5638; x_wconf 77' lang='grc' dir='ltr'>εἰδωλολάτρῃ</span> <span class='ocrx_word' id='word_1_877' title='bbox 538 5564 632 5620; x_wconf 74' lang='grc' dir='ltr'>τὸν</span> <span class='ocrx_word' id='word_1_878' title='bbox 681 5564 1067 5635; x_wconf 81' lang='grc' dir='ltr'>καταγέλωτα.</span> <span class='ocrx_word' id='word_1_879' title='bbox 1141 5566 1329 5638; x_wconf 87' lang='grc' dir='ltr'>σχῆμα</span> <span class='ocrx_word' id='word_1_880' title='bbox 1378 5566 1698 5638; x_wconf 61' lang='grc' dir='ltr'>πλασάμενοι</span> 
     </span>
    </p>
   </div>
   <div class='ocr_carea' id='block_1_114' title="bbox 1801 5563 3392 5638">
    <p class='ocr_par' dir='ltr' id='par_1_114' title="bbox 1820 5563 3392 5635">
     <span class='ocr_line' id='line_1_114' title="bbox 1820 5563 3392 5635; baseline 0.004 -13"><span class='ocrx_word' id='word_1_881' title='bbox 1820 5580 1946 5622; x_wconf 89' lang='lat' dir='ltr'><strong>nem</strong></span> <span class='ocrx_word' id='word_1_882' title='bbox 1977 5563 2401 5621; x_wconf 88' lang='lat' dir='ltr'><strong>simulacrorum</strong></span> <span class='ocrx_word' id='word_1_883' title='bbox 2426 5564 2626 5619; x_wconf 89' lang='lat' dir='ltr'><strong>cultori</strong></span> <span class='ocrx_word' id='word_1_884' title='bbox 2645 5566 3001 5635; x_wconf 84' lang='lat' dir='ltr'><strong>reposuisset,</strong></span> <span class='ocrx_word' id='word_1_885' title='bbox 3034 5568 3392 5629; x_wconf 85' lang='lat' dir='ltr'><strong>humanitatis</strong></span> 
     </span>
    </p>
   </div>
   <div class='ocr_carea' id='block_1_115' title="bbox 122 5655 1698 5732">
    <p class='ocr_par' dir='ltr' id='par_1_115' title="bbox 122 5655 1698 5730">
     <span class='ocr_line' id='line_1_115' title="bbox 122 5655 1698 5730; baseline 0.003 -21"><span class='ocrx_word' id='word_1_886' title='bbox 122 5655 549 5729; x_wconf 76' lang='grc' dir='ltr'>φιλανθρωπίας</span> <span class='ocrx_word' id='word_1_887' title='bbox 576 5657 626 5711; x_wconf 87' lang='grc' dir='ltr'><strong>οί</strong></span> <span class='ocrx_word' id='word_1_888' title='bbox 662 5655 936 5730; x_wconf 90' lang='grc' dir='ltr'>τύραννοι,</span> <span class='ocrx_word' id='word_1_889' title='bbox 967 5675 988 5711; x_wconf 79' lang='grc' dir='ltr'><strong>ι</strong></span> <span class='ocrx_word' id='word_1_890' title='bbox 1022 5655 1250 5727; x_wconf 89' lang='grc' dir='ltr'>Ὀλίγος,</span> <span class='ocrx_word' id='word_1_891' title='bbox 1276 5674 1298 5711; x_wconf 74' lang='grc' dir='ltr'><strong>ι</strong></span> <span class='ocrx_word' id='word_1_892' title='bbox 1327 5658 1481 5730; x_wconf 76' lang='grc' dir='ltr'>φησὶ,</span> <span class='ocrx_word' id='word_1_893' title='bbox 1513 5676 1535 5713; x_wconf 78' lang='grc' dir='ltr'><strong>ι</strong></span> <span class='ocrx_word' id='word_1_894' title='bbox 1577 5656 1698 5729; x_wconf 58' lang='grc' dir='ltr'>πρὸς</span> 
     </span>
    </p>
   </div>
   <div class='ocr_carea' id='block_1_116' title="bbox 1801 5655 3386 5732">
    <p class='ocr_par' dir='ltr' id='par_1_116' title="bbox 1820 5655 3386 5732">
     <span class='ocr_line' id='line_1_116' title="bbox 1820 5655 3386 5732; baseline 0.001 -18"><span class='ocrx_word' id='word_1_895' title='bbox 1820 5666 1877 5714; x_wconf 78' lang='lat' dir='ltr'><strong>et</strong></span> <span class='ocrx_word' id='word_1_896' title='bbox 1910 5655 2214 5714; x_wconf 73' lang='lat' dir='ltr'><strong>clementia:</strong></span> <span class='ocrx_word' id='word_1_897' title='bbox 2243 5658 2430 5727; x_wconf 85' lang='lat' dir='ltr'><strong>specie</strong></span> <span class='ocrx_word' id='word_1_898' title='bbox 2464 5657 2606 5713; x_wconf 88' lang='lat' dir='ltr'><strong>facta</strong></span> <span class='ocrx_word' id='word_1_899' title='bbox 2654 5660 2914 5729; x_wconf 88' lang='lat' dir='ltr'><strong>tyranni,</strong></span> <span class='ocrx_word' id='word_1_900' title='bbox 2961 5680 2980 5713; x_wconf 78' lang='grc' dir='ltr'><strong>ι</strong></span> <span class='ocrx_word' id='word_1_901' title='bbox 3015 5660 3282 5732; x_wconf 78' lang='lat' dir='ltr'><strong>Exiguum</strong></span> <span class='ocrx_word' id='word_1_902' title='bbox 3305 5702 3322 5727; x_wconf 93' lang='lat'><strong>,</strong></span> <span class='ocrx_word' id='word_1_903' title='bbox 3365 5681 3386 5715; x_wconf 77' lang='grc' dir='ltr'><strong>ι</strong></span> 
     </span>
    </p>
   </div>
   <div class='ocr_carea' id='block_1_117' title="bbox 118 5746 1698 5827">
    <p class='ocr_par' dir='ltr' id='par_1_117' title="bbox 118 5746 1698 5824">
     <span class='ocr_line' id='line_1_117' title="bbox 118 5746 1698 5824; baseline 0.002 -21"><span class='ocrx_word' id='word_1_904' title='bbox 118 5746 420 5819; x_wconf 70' lang='grc' dir='ltr'>διάσκεψιν</span> <span class='ocrx_word' id='word_1_905' title='bbox 445 5746 714 5821; x_wconf 69' lang='grc' dir='ltr'>ένὸοθήτω</span> <span class='ocrx_word' id='word_1_906' title='bbox 732 5747 812 5821; x_wconf 75' lang='grc' dir='ltr'>τῷ</span> <span class='ocrx_word' id='word_1_907' title='bbox 832 5748 1144 5822; x_wconf 80' lang='grc' dir='ltr'>μαινομένῳ</span> <span class='ocrx_word' id='word_1_908' title='bbox 1167 5749 1357 5824; x_wconf 85' lang='grc' dir='ltr'>καιρός</span> <span class='ocrx_word' id='word_1_909' title='bbox 1377 5766 1393 5784; x_wconf 89' lang='grc'><strong>·</strong></span> <span class='ocrx_word' id='word_1_910' title='bbox 1420 5750 1549 5816; x_wconf 82' lang='grc' dir='ltr'>ῐσως</span> <span class='ocrx_word' id='word_1_911' title='bbox 1572 5750 1698 5808; x_wconf 83' lang='grc' dir='ltr'>κατᾶ</span> 
     </span>
    </p>
   </div>
   <div class='ocr_carea' id='block_1_118' title="bbox 1801 5746 3391 5827">
    <p class='ocr_par' dir='ltr' id='par_1_118' title="bbox 1816 5746 3391 5827">
     <span class='ocr_line' id='line_1_118' title="bbox 1816 5746 3391 5827; baseline 0.004 -21"><span class='ocrx_word' id='word_1_912' title='bbox 1816 5750 2114 5823; x_wconf 83' lang='lat' dir='ltr'><strong>inquiunt,</strong></span> <span class='ocrx_word' id='word_1_913' title='bbox 2156 5767 2175 5802; x_wconf 82' lang='grc' dir='ltr'><strong>ι</strong></span> <span class='ocrx_word' id='word_1_914' title='bbox 2226 5746 2297 5804; x_wconf 85' lang='lat' dir='ltr'><strong>ad</strong></span> <span class='ocrx_word' id='word_1_915' title='bbox 2334 5749 2797 5815; x_wconf 81' lang='lat' dir='ltr'><strong>considerandum</strong></span> <span class='ocrx_word' id='word_1_916' title='bbox 2844 5752 3141 5809; x_wconf 81' lang='lat' dir='ltr'><strong>insanienti</strong></span> <span class='ocrx_word' id='word_1_917' title='bbox 3173 5761 3391 5827; x_wconf 84' lang='lat' dir='ltr'><strong>tempus</strong></span> 
     </span>
    </p>
   </div>
  </div>
