3850 6386
532 236 637 297 765

1773 243 1835 299 S.
1872 195 2198 300 CBEGORII
2228 243 2526 301 NYSSEM

3681 248 3789 301 7.11

525 362 886 428 concedatur,
920 361 1157 419 fortasse
1187 377 1286 434 per
1321 362 1496 419 otium
1518 378 1580 420 re
1608 379 1796 420 secum
1828 380 2098 437 perpensa

2213 366 2395 438 σχολὴν
2424 366 2547 432 δοὺς
2569 366 2749 436 ἐαυτῷ
2776 364 3001 438 γνώμην
3019 408 3033 431 ,
3077 368 3376 438 μετάθηται
3406 368 3543 438 πρὸς
3566 369 3635 420 τὺ
3668 368 3783 439 βέλο

527 464 692 523 atque
748 452 1044 509 deliberata
1092 455 1398 510 mutabitur
1442 455 1500 510 in
1541 456 1765 513 melius.
1821 456 2100 513 Insaniam

2213 474 2333 511 τιον.
2363 476 2382 510 ο
2419 458 2635 513 Μανίαν
2656 458 2765 529 γάρ
2786 460 2835 511 οἱ
2859 458 3122 529 ἔκφρονες
3151 459 3251 528 την
3283 458 3646 529 σωφροσύνην
3670 462 3776 513 ἐκά

525 546 672 600 enim
722 544 1004 601 dementes
1049 547 1339 602 sanitatem
1384 547 1588 603 mentis
1622 550 1937 604 vocabant:
1967 549 2103 603 alie-

525 637 804 692 nationem
856 653 989 693 vero
1042 639 1241 694 mentis
1291 645 1347 694 et
1398 639 1740 705 vecordiam,
1785 641 2043 709 pietatem
2085 658 2097 693 :

524 728 988 799 quemadmodum
1036 730 1115 795 tit,
1162 735 1313 785 cum‘
1342 730 1487 787 ebrii
1542 747 1700 787 suam
1760 732 2102 788 aﬂ‘ectiouem

524 820 728 875 sobriis
771 820 1061 890 objiciunt.
1096 822 1165 875 At
1210 822 1374 876 homo
1424 822 1550 893 pius
1590 822 1913 893 Christique
1944 823 2103 877 miles

522 910 653 963 dato
682 911 789 966 sibi
831 911 1012 981 spatio
1043 910 1109 965 ad
1152 909 1295 966 forte
1319 926 1384 967 ac
1408 912 1567 967 virile
1589 911 1807 967 facinus
1830 912 2099 966 abutitur.

523 999 812 1066 Quodnam
849 1013 1033 1058 autem
1080 1005 1132 1057 id
1168 1002 1371 1068 fuerit,
1414 1011 1633 1075 tempus
1667 1013 1753 1061 est
1786 1005 1942 1059 vobis
1979 1019 2103 1059 cunt

526 1093 712 1149 lzetitia
746 1095 1118 1149 narrationem
1148 1095 1455 1165 accipiendi
1484 1113 1497 1149 :
1536 1095 1599 1150 Ei
1636 1111 1759 1166 qua:
1794 1095 1997 1150 fabulis
2016 1110 2108 1149 ce-

526 1186 788 1249 lehratur,
822 1187 983 1241 matri
1014 1187 1241 1242 deorum
1284 1188 1545 1258 templum
1577 1197 1697 1243 erat
1729 1187 1785 1241 in
1816 1187 2107 1256 metropoli

526 1282 776 1343 Amasea,
808 1278 956 1348 quod
982 1279 1100 1344 illi,
1143 1280 1238 1349 qui
1273 1288 1402 1333 tunc
1433 1280 1712 1344 errabant,
1740 1280 1874 1335 inibi
1906 1278 2107 1334 alicubi

525 1369 673 1422 circa
702 1370 855 1439 ripas
886 1368 1066 1423 amnis
1110 1369 1354 1423 vanitate
1399 1368 1624 1423 adducti
1668 1374 2104 1423 exstruxerant:

525 1461 629 1514 hoc
663 1460 767 1515 iste
799 1461 881 1514 vir
909 1470 1167 1514 strenuus
1202 1461 1258 1515 itt
1297 1467 1544 1529 tempore
1575 1459 1716 1513 datas
1759 1460 1865 1515 sibi
1893 1458 2108 1513 securi-

527 1555 654 1609 tatis
695 1562 855 1623 capta
888 1552 1183 1607 occasione
1204 1591 1219 1617 ,
1260 1561 1316 1608 et
1370 1568 1507 1607 aura
1539 1552 1786 1608 secunda
1819 1552 2106 1606 incensum

525 1645 921 1709 concremavit,
977 1646 1158 1713 reipsa
1219 1658 1550 1714 responsum
1585 1681 1602 1707 ,
1637 1642 1782 1713 quod
1838 1650 1961 1711 post
2014 1642 2109 1696 de-

2201 543 2326 598 λουν
2350 560 2365 575 ·
2417 545 2680 599 ίκστασιν
2710 546 2767 598 δέ
2808 548 2903 599 καὶ
2930 546 3272 618 παραφορὰν,
3313 547 3413 617 τήν
3457 547 3790 602 εὐλάϐειαν·

2202 637 2390 710 ῶσπερ
2419 634 2546 693 ὅταν
2568 641 2618 692 οἱ
2654 638 2964 709 μεθύοντες,
3004 638 3065 691 τὸ
3094 638 3223 691 ίδιον
3252 638 3421 702 πάθος
3438 640 3554 701 τοῖς
3579 639 3791 709 νήφουο

2205 747 2289 783 σιν
2323 728 2674 793 ὀνειδίζωσιν.
2724 730 2860 782 Ἀλλ’
2897 730 2927 782 6
2962 728 3191 799 εύσεὸὴς
3235 727 3521 797 ἅνθρωπος
3552 730 3655 781 καὶ
3700 730 3792 782 τοῦ

2203 822 2440 892 Χριστοῦ
2476 822 2923 894 στρατιώτης,είς
2953 821 3211 892 ἀνδρικήν
3239 821 3437 891 πρᾶξιν
3466 823 3533 891 τῇ
3569 820 3794 893 δοθείσῃ

2207 917 2368 987 σχολῇ
2399 916 2799 985 κατεχρήσατο.
2855 915 2992 984 Ποία
3013 912 3214 982 ταύτης
3262 910 3470 982 Καιρὸς
3500 914 3640 983 ὑμῖν
3678 916 3793 982 μετ’

2204 1004 2543 1076 εὐφροσύνης
2575 1003 2934 1067 ὑποδέξασθαι
2957 1003 3016 1056 τὸ
3041 1003 3306 1073 διήγημα·
3337 1003 3415 1073 Τῇ
3441 1004 3795 1076 μυθευομένῃ

2209 1096 2377 1167 μητρὶ
2405 1095 2512 1149 τῶν
2535 1094 2694 1156 θεῶν,
2720 1095 2844 1158 ναὸς
2873 1090 2941 1165 ἦν
2964 1095 3060 1147 ἐπὶ
3086 1097 3186 1165 τῆς
3213 1095 3595 1164 μετροπόλεως
3622 1096 3794 1165 Ἀμαο

2207 1189 2376 1251 σείας,
2407 1187 2465 1241 ὃν
2490 1190 2538 1240 οί
2584 1188 2705 1241 τότε
2743 1187 3101 1257 πλανώμενοι,
3154 1186 3319 1239 αὐτοῦ
3369 1204 3473 1239 που
3508 1186 3646 1258 περὶ
3697 1188 3795 1251 τὰς

2206 1282 2371 1352 ὖχθας
2411 1280 2505 1335 τοῦ
2551 1280 2795 1351 ποταμοῦ
2847 1283 2912 1351 τῇ
2968 1280 3286 1351 ματαιότητι
3346 1279 3792 1333 κατεσκεύασαν.

2208 1375 2408 1428 Τοῦτον
2435 1376 2464 1427 6
2487 1376 2754 1443 γενναῖος,
2786 1374 2845 1425 ἐν
2873 1372 2952 1443 τῷ
2985 1373 3080 1443 τῆς
3106 1371 3353 1441 δοθείσης
3386 1371 3573 1435 ἀδείας
3612 1372 3794 1441 καιρῷ

2208 1469 2545 1541 ἐπιτηρήσας
2608 1465 2864 1537 εὔκαιρον
2914 1465 3096 1536 ὥραν,
3140 1466 3231 1518 καὶ
3278 1461 3450 1534 αῦραν
3503 1464 3794 1533 ἐπίφορον,

2208 1560 2500 1629 ἐμπρήσας
2543 1556 2867 1624 κατέφλεξεν
2883 1594 2897 1619 ,
2926 1556 3073 1627 ἔργῳ
3092 1559 3205 1619 τοῖς
3226 1556 3524 1627 ἀλιτηρίοις
3550 1555 3680 1618 δοὺς
3698 1557 3795 1623 τὴν

2210 1650 2519 1721 ἀπόκρισιν,
2552 1652 2618 1719 ἣν
2648 1649 2867 1713 πάντως
2895 1650 3155 1720 ἀνέμενον
3189 1650 3325 1720 μετά
3360 1648 3457 1720 τήν
3478 1648 3793 1717 διάσκεψιν.

529 1734 906 1788 liberationem
944 1749 1177 1803 prorsus
1231 1733 1664 1804 exspectabant,
1721 1731 1907 1802 impiis
1946 1739 2110 1801 atque

2225 1742 2507 1808 Ἐπιδήλου
2540 1742 2595 1794 δὲ
2623 1740 2718 1795 τοῦ
2758 1741 3085 1813 πράγματος
3109 1741 3316 1810 ταχέως
3349 1740 3523 1793 ἅπασι
3558 1740 3794 1810 γενομέ-

524 1826 776 1880 scelestis
828 1824 987 1880 dans.
1053 1825 1192 1879 Cum
1250 1839 1317 1881 ea
1372 1839 1463 1880 res
1524 1822 1784 1879 celeriter
1848 1824 2106 1877 omnibus

525 1916 811 1987 pateﬁeret
882 1916 1137 1987 (quippe
1196 1916 1253 1970 in
1317 1916 1454 1970 urbe
1524 1914 1707 1970 media
1760 1914 2107 1969 clarissimus

527 2006 666 2075 ignis
699 2018 965 2059 accensus
1013 2004 1186 2069 erat),
1242 2018 1355 2059 non
1410 2003 1727 2058 occultabat
1770 2003 1949 2055 audax
2012 2001 2112 2055 itt—

522 2107 762 2167 coeptum
797 2135 812 2161 ,
868 2111 1044 2166 neque
1095 2096 1418 2158 laborabat,
1465 2104 1526 2149 ut
1562 2095 1665 2150 hoc
1701 2109 1732 2147 a
1781 2110 1841 2151 se
1906 2093 2109 2148 factum

526 2190 736 2253 lateret,
782 2188 876 2243 sed
909 2188 1087 2258 palam
1120 2202 1184 2242 ac
1217 2188 1571 2243 vehementer
1589 2186 1809 2256 quidem
1838 2185 2112 2257 signiﬁca-

527 2283 618 2335 bat
663 2297 785 2336 sese
817 2290 1040 2350 propter
1099 2280 1421 2349 praeclarum
1498 2279 1714 2335 facinus
1743 2287 1799 2334 et
1828 2294 1941 2333 rem
1974 2278 2113 2333 bene

524 2382 732 2442 gestam
783 2373 1063 2433 exsultare
1100 2380 1155 2426 et
1193 2372 1398 2436 ell‘erri,
1429 2382 1593 2441 atque
1621 2371 1857 2426 tumultu
1920 2369 2114 2439 impio-

523 2480 667 2525 rutn,
712 2479 821 2533 quo
858 2462 1044 2531 templi
1096 2469 1261 2531 atque
1319 2470 1515 2518 statua:
1584 2466 1804 2518 nomine
1866 2459 2115 2515 dolentes

524 2557 1010 2627 perturbabantur,
1045 2568 1214 2624 supra
1249 2555 1469 2608 tnodutu
1491 2552 1761 2625 gaudere;
1790 2553 1922 2623 quin
1951 2553 2113 2607 etiam

524 2648 939 2718 magistratibus
961 2647 1001 2701 it
1021 2646 1265 2702 dicatum
1283 2656 1388 2709 est,
1414 2645 1559 2715 quod
1578 2647 1693 2715 ipse
1720 2645 1839 2701 suis
1861 2645 2115 2700 manibus

525 2739 837 2794 incendium
886 2738 1106 2795 fecisset
1140 2758 1153 2794 :
1198 2754 1264 2796 ac
1295 2753 1492 2795 rursus
1522 2737 1792 2808 judicium
1815 2737 1985 2808 priori
2008 2746 2118 2791 ter-

524 2831 759 2898 ribilius,
803 2840 865 2886 ut
915 2832 1174 2887 nftnirum
1244 2832 1405 2887 etiam
1460 2846 1559 2902 par
1613 2839 1752 2897 erat,
1803 2847 1928 2887 cum
1965 2839 2115 2885 tanta

525 2942 638 2987 res,
669 2938 791 2995 qua:
842 2938 933 2979 ex:
952 2924 1199 2979 cerbaret
1250 2931 1305 2979 et
1355 2923 1604 2979 irritaret
1631 2938 1747 2988 eos,
1806 2924 2113 2979 incidisset.

523 3021 703 3085 Atque
757 3014 835 3068 illi
865 3030 919 3084 qt
943 3015 1084 3068 idem
1142 3013 1198 3068 in
1234 3013 1498 3082 judiciale
1555 3014 1798 3068 tribunal
1855 3012 2125 3071 ascendet

526 3116 690 3162 runt:
718 3104 1040 3160 Theodorus
1065 3118 1195 3158 vero
1225 3104 1280 3159 in
1300 3104 1481 3159 medio
1505 3118 1696 3159 eorum
1724 3104 1886 3175 (erat)
1918 3086 2114 3175 magna

527 3197 783 3270 loquendi
828 3196 1080 3251 libertate
1102 3202 1282 3261 utens,
1316 3194 1372 3249 in
1395 3203 1543 3249 statu
1600 3209 1824 3251 causam
1879 3194 2116 3251 dicentis

526 3291 882 3359 magistratus
911 3286 1243 3342 conﬁdentia
1290 3288 1555 3357 praeditus
1577 3302 1703 3341 cum
1749 3288 2115 3358 interrogare-

526 3392 637 3444 tur.
699 3380 981 3435 celeritate
1012 3378 1382 3434 confessionis
1425 3379 1909 3449 interrogationem
1961 3389 2116 3434 ante-

524 3482 763 3535 vertens.
821 3472 1181 3542 Posteaquam
1214 3478 1396 3525 autem
1424 3481 1480 3526 et
1516 3471 1924 3540 imperterritus
1974 3482 2114 3540 erat,

524 3577 579 3622 et
609 3565 676 3619 ad
719 3566 855 3619 nihil
911 3579 1099 3620 eorum
1152 3579 1275 3632 qua:
1327 3564 1514 3633 gravia
1545 3573 1711 3633 atque
1759 3579 1953 3634 aspera
1988 3580 2112 3619 cum

527 3658 694 3712 ntinis
738 3658 787 3712 ei
836 3648 1260 3712 ostentabatttur
1302 3656 1596 3726 supplicia,
1654 3671 1713 3711 se
1745 3657 2112 3721 submitteret,

528 3764 628 3804 nec
679 3749 1048 3805 confidentius
1105 3748 1253 3819 loqui
1303 3747 1605 3810 desineret,
1663 3749 1719 3802 in
1774 3749 2112 3803 contrariam

528 3843 796 3896 rationem
828 3842 1022 3895 mutati
1055 3850 1203 3904 sttnt,
1235 3856 1299 3895 ac
1330 3840 1570 3911 benigne
1602 3856 1728 3894 cum
1783 3856 1850 3896 eo
1904 3857 2115 3897 sermo-

524 3936 773 3989 cinantes
838 3933 1127 4004 promissis
1177 3933 1387 4003 justum
1429 3933 1752 3988 subtrahere
1810 3935 2113 3990 tentabant.

531 4045 551 4077 ι
587 4026 649 4081 Et
679 4028 842 4089 scito,
866 4045 884 4077 ι
922 4020 1196 4097 inquiunt,
1232 4044 1251 4077 ι
1283 4025 1428 4095 quod
1463 4025 1510 4080 si
1539 4025 1831 4079 consilium
1861 4037 2113 4081 nostrum

526 4119 844 4174 obedienter
863 4119 1154 4173 admittere
1177 4117 1438 4180 volueris,
1458 4116 1709 4187 protinus
1726 4124 1781 4171 te
1796 4133 1859 4172 ex
1879 4118 2115 4174 obscuro

528 4212 788 4277 nobilem,
830 4227 895 4267 ex
944 4211 1135 4266 humili
1176 4211 1545 4280 despectoque
1587 4217 1644 4263 et
1674 4209 1907 4281 inglorio
1942 4211 2113 4267 Itono-

528 4312 708 4357 ratum
755 4303 1053 4358 eﬂiciemus
1086 4320 1101 4357 :
1133 4317 1199 4356 ac
1235 4302 1333 4355 tibi
1380 4301 1734 4370 pontiﬁcatus
1784 4302 2105 4373 dignitatem

2210 1852 2302 1887 νου
2330 1835 2442 1903 (καὶ
2470 1834 2579 1904 γὰρ
2623 1835 2682 1886 ὲν
2727 1833 2805 1905 τῷ
2836 1834 2986 1905 μέσῳ
3030 1833 3126 1903 τῆς
3153 1833 3360 1896 πόλεώς
3404 1832 3794 1903 φανερώτατον

2211 1927 2416 1997 ἐξήφθη
2460 1928 2523 1980 τὸ
2559 1926 2725 1998 πῦρ),
2774 1928 2873 1980 οὐκ
2921 1924 3266 1997 ἐπεκρύψατο
3312 1925 3411 1995 τήν
3452 1925 3787 1996 ἐγχείρησιν,

2211 2018 2331 2072 οὐδὲ
2361 2018 2660 2072 ἐσπούδασε
2690 2020 2751 2072 τὸ
2776 2017 2959 2071 λαθεῖν
2980 2034 2993 2047 ·
3034 2016 3149 2070 ἀλλ’
3182 2015 3396 2089 ἔνδηλος
3418 2011 3508 2087 ἦν,
3532 2016 3633 2070 καὶ
3663 2018 3790 2085 σφόο

2211 2109 2313 2180 δρα
2352 2125 2416 2177 γε
2458 2108 2536 2179 τῷ
2593 2108 2977 2181 κατορθώματι
3008 2107 3271 2179 γαυριῶν,
3322 2108 3415 2161 καὶ
3438 2106 3790 2178 ὑπερχαίρων

2212 2203 2277 2271 τῇ
2304 2204 2510 2272 ταραχῇ
2528 2201 2636 2254 τῶν
2657 2201 2922 2271 ἀθέων,ἢν
2947 2200 3319 2271 ἐταράττοντο.
3339 2200 3415 2269 τῷ
3434 2200 3546 2269 ναῷ
3570 2200 3790 2270 περιαλ-

2213 2291 2438 2361 γοῦντες
2513 2292 2607 2346 καὶ
2653 2292 2732 2362 τῷ
2786 2292 2973 2363 ξοάνῳ.
3030 2293 3141 2345 Καὶ
3201 2293 3379 2361 μέντοι
3436 2292 3786 2362 κατεμηνύθη

2213 2386 2325 2447 τοῖς
2355 2385 2644 2453 ἄρχουσιν,
2668 2384 2744 2447 ὡς
2774 2384 3154 2456 αύτουργήσας
3189 2384 3280 2436 τὸν
3310 2380 3673 2454 ἐμπρησμόν·
3704 2385 3787 2435 καὶ

2216 2468 2377 2528 πάλιν
2401 2476 2680 2546 κριτήριον
2728 2474 3103 2549 φοϐερώτερον
3139 2474 3233 2528 τοῦ
3264 2475 3528 2545 προτέρου
3553 2490 3569 2505 ·
3603 2474 3785 2543 ῶσπερ

2216 2565 2309 2623 οὖν
2338 2569 2433 2623 καὶ
2461 2569 2628 2632 είκδς,
2649 2568 3050 2639 ἐπιωμδάντος
3077 2568 3395 2637 τηλικούτου
3423 2568 3519 2620 τοῦ
3552 2567 3786 2638 παροξύν

2216 2680 2425 2725 ναντος.
2458 2660 2563 2715 Καὶ
2589 2663 2637 2715 οἱ
2672 2662 2771 2732 μὲν
2797 2662 2888 2715 ἐπὶ
2907 2660 2998 2715 τὸν
3025 2660 3331 2714 δικαστικὸν
3364 2660 3638 2731 ἀνέϐησαν
3671 2660 3786 2733 696-

2218 2768 2325 2805 vov.
2362 2750 2634 2821 Θεόδωρος
2659 2750 2715 2802 δὲ
2744 2750 3212 2823 εύπαῤῥησίαστος
3244 2752 3299 2802 ὲν
3334 2752 3443 2813 τοῖς
3477 2750 3663 2819 μέσοις
3696 2750 3785 2819 ἀρε

2218 2860 2402 2913 χοντος
2424 2843 2622 2913 θάρσος
2646 2843 2783 2912 ἔχων
2812 2846 2869 2896 ἐν
2894 2846 2959 2913 τῇ
2986 2845 3171 2898 στάσει
3201 2843 3292 2895 τοῦ
3317 2842 3637 2913 κρινομένου
3660 2844 3785 2913 ἐρω-

2218 2935 2480 3005 τώμενος,
2518 2936 2609 2989 καὶ
2642 2934 2719 3004 τῷ
2750 2936 2902 3006 τάχει
2936 2935 3036 3005 τῆς
3066 2934 3353 3005 ὁμολογίας
3395 2933 3495 3003 τὴν
3524 2931 3785 3004 ἐρώτησιν

2220 3028 2550 3081 ἐπικόπτων.
2611 3028 2826 3098 Ἐπειδὴ
2858 3028 2915 3081 δὲ
2952 3027 3370 3097 ἀκατάπληκτος
3401 3022 3489 3097 ἦν,
3522 3028 3620 3079 καὶ
3658 3028 3784 3097 πρὸς

2218 3119 2371 3171 οὐδὲν
2400 3118 2643 3187 ἐφείδετο
2669 3119 2775 3173 τῶν
2795 3120 3200 3190 ἀπειλουμένων
3225 3108 3432 3180 δεινῶν,
3460 3120 3539 3181 εἰς
3570 3120 3783 3170 τούναν-

2218 3211 2331 3262 τίον
2367 3210 2773 3281 μετεϐλήθησαν
2803 3211 3037 3283 τρόπον·
3072 3210 3163 3263 καὶ
3198 3209 3592 3280 φιλανθρώπως
3625 3210 3782 3262 διαλε-

2218 3301 2819 3372 γόμενοι,ὲπαγγελίαις
2840 3300 3011 3354 ὑποσύ
3021 3318 3075 3372 ρε
3085 3318 3130 3353 ιν
3150 3300 3446 3370 ἐπειρῶντο
3461 3298 3551 3351 τὸν
3568 3299 3780 3353 δίκαιον.

2225 3412 2243 3444 ι
2279 3393 2386 3447 Καὶ
2414 3393 2665 3461 γίνωσκε,
2688 3413 2705 3445 ι
2743 3393 2927 3463 φησιν,
2967 3412 2985 3443 ι
3007 3393 3082 3455 ώς
3108 3394 3155 3444 εί
3179 3391 3499 3465 βουληθείης
3528 3392 3783 3453 εὐπειθῶς

2216 3485 2315 3556 τὴν
2356 3484 2662 3556 συμϐουλὴν
2708 3484 2804 3554 τήν
2848 3484 3122 3554 ἡμετέραν
3170 3484 3591 3555 προσδέξασθαι,
3637 3485 3785 3547 εὐθύς

2220 3592 2278 3627 σε
2310 3575 2723 3643 καταστήσομεν
2777 3573 2837 3639 ἐξ
2885 3574 3107 3642 ἀφανῶν
3149 3574 3456 3645 γνώριμον,
3504 3576 3566 3640 ἐξ
3594 3577 3782 3641 ἀδόξων

2218 3668 2470 3737 ἔντιμον·
2512 3666 2605 3720 καί
2634 3666 2850 3735 σοι’τῆς
2895 3667 3305 3740 ἀρχιερωσύνης
3345 3670 3782 3740 ἐπαγγελλόμεθα

2218 3760 2316 3828 τὴν
2355 3757 2532 3823 ἀξίαν.
2564 3776 2581 3808 ι
2622 3758 2709 3820 Ὠς
2731 3756 2785 3810 δὲ
2810 3756 2903 3810 τοῦ
2928 3758 3028 3827 τῆς
3048 3758 3457 3830 ἀρχιερωσύνης
3485 3760 3783 3830 ἀξιώματος

2218 3849 2468 3918 ἤκουσεν,
2519 3846 2819 3914 ἐγγελάσας
2857 3847 3065 3918 μακρὸν
3113 3850 3141 3901 6
3168 3849 3569 3920 τρισμακάριος
3606 3847 3779 3904 εἶπεν·

2225 3957 2242 3988 ι
2268 3938 2407 4005 Ἐγὼ
2438 3939 2532 3991 καὶ
2566 3938 2694 4000 τοὺς
2722 3938 2903 4008 ίερέας
2925 3939 3033 3992 τῶν
3058 3934 3291 3994 εἰδώλων
3320 3940 3535 4005 ἀθλίους
3565 3944 3777 4014 κρίνων,

2219 4031 2313 4083 καὶ
2344 4030 2419 4093 ώς
2462 4029 2699 4099 ματαίας
2748 4029 2997 4100 πράξεως
3026 4030 3325 4101 ὑπηρέτας,
3353 4034 3638 4104 οἰκτείρω·
3666 4036 3777 4096 τοῦς
3826 4064 3827 4067 η

2217 4122 2272 4175 δὲ
2298 4121 2588 4193 ἀρχιερέας
2613 4120 2707 4173 ἐπὶ
2744 4121 2926 4175 πλεῖον
2972 4121 3105 4175 ἐλεῶ
3140 4125 3234 4177 καὶ
3272 4124 3629 4195 βδελύσσομαι
3653 4144 3666 4154 ·
3699 4128 3778 4177 ἐπὶ

2217 4211 2327 4281 γὰρ
2345 4212 2452 4265 τῶν
2474 4212 2799 4283 χειρόνων,ό
2823 4212 3024 4281 μείζων
3043 4214 3137 4266 καὶ
3164 4217 3563 4284 πρωτοτακτῶν
3592 4218 3776 4270 ἀθλιώο

2218 4319 2403 4373 τερος·
2444 4303 2519 4366 ὡς
2549 4304 2606 4355 ὲν
2635 4306 2748 4367 τοῖς
2785 4304 3015 4370 ἀδίκοις,
3035 4306 3064 4357 6
3090 4304 3414 4377 ἀδικώτερος
3439 4324 3453 4337 ο
3496 4308 3572 4372 ὡς
3601 4311 3657 4363 ἐν
3680 4313 3777 4373 τοῖς

530 4395 922 4464 promittimus.
934 4413 953 4447 ι
974 4395 1044 4451 Ut
1061 4403 1241 4449 autem
1260 4394 1595 4465 pontiﬁciam
1608 4394 1932 4467 dignitatem
1946 4397 2110 4451 nomi-

2222 4395 2493 4464 φονεῦσιν,
2524 4398 2552 4449 6
2580 4396 2779 4466 μᾶλλον
2806 4396 2957 4467 ὠμός
2980 4413 2993 4423 ·
3032 4397 3107 4460 ὼς
3140 4399 3199 4451 ἐν
3251 4401 3362 4461 τοῖς
3394 4400 3730 4467 ἀκολάστοις,
3752 4404 3776 4453 ὁ

528 4488 648 4541 nari
667 4486 894 4548 audivit.
913 4497 996 4543 ter
1016 4495 1319 4557 quaterque
1346 4487 1540 4542 beatus
1571 4486 1683 4552 ille,
1700 4502 1826 4541 cum
1843 4487 1937 4541 diu
1972 4489 2111 4542 mul-

526 4589 753 4649 tumque
778 4578 1044 4635 irrisisset
1067 4579 1331 4651 (tandem)
1348 4580 1488 4635 dixit
1511 4599 1524 4634 :
1550 4598 1568 4631 ι
1594 4578 1708 4651 Ego
1730 4580 1895 4636 etiam
1928 4595 2112 4635 sacer-

526 4674 686 4728 dotes
712 4672 1133 4727 simulacrorum
1152 4688 1495 4729 :erumnosos
1506 4688 1629 4728 esse
1645 4672 1856 4741 judico,
1873 4679 1929 4728 et
1950 4681 2009 4727 ut
2027 4687 2115 4727 va-

528 4779 611 4818 nae
627 4764 863 4819 actionis
879 4763 1160 4820 ministros
1176 4765 1409 4820 miseror
1428 4781 1443 4831 ;
1461 4764 1779 4835 pontiﬁcum
1797 4778 1929 4818 vero
1941 4764 2113 4818 multo

528 4857 701 4926 magis
713 4863 863 4910 meet
878 4856 1120 4924 miseret,
1134 4865 1188 4912 et
1205 4857 1491 4913 abominor
1506 4857 1726 4913 eosdem
1745 4876 1759 4911 :
1778 4856 1924 4911 inter
1939 4857 2114 4911 malos

528 4948 675 5003 enim
693 4948 789 5017 qui
810 4948 986 5017 major
1015 4958 1120 5011 est,
1144 4963 1208 5004 ac
1222 4950 1458 5019 primum
1473 4951 1653 5006 locum
1674 4957 1846 5013 tenet,
1862 4949 2114 5004 miserior

527 5048 641 5103 est;
668 5050 731 5095 ut
763 5039 909 5096 inter
936 5039 1498 5110 injustos,injustior;
1532 5048 1591 5096 ut
1613 5042 1757 5096 inter
1785 5040 2109 5103 homicidas,

527 5132 619 5201 qui
660 5130 991 5186 crudelitate
1040 5140 1267 5186 ceteros
1297 5132 1582 5201 praecedit;
1607 5138 1668 5185 ut
1704 5130 1849 5185 inter
1876 5130 2113 5186 lascivos

527 5230 581 5277 et
606 5223 953 5288 libidinosas,
977 5222 1073 5292 qui
1098 5223 1434 5292 petulantior
1458 5233 1621 5292 atque
1651 5223 1958 5293 protervior
1980 5233 2069 5278 est
2095 5237 2109 5273 :

528 5322 819 5385 propterea
876 5314 1187 5385 perniciosa
1226 5314 1581 5383 promittendi
1608 5314 1809 5370 dehinc.
1837 5314 1999 5369 tinem
2033 5313 2114 5368 fac

528 5406 679 5469 cite;
717 5420 826 5461 non
876 5406 1044 5471 enim,
1081 5405 1218 5461 heus
1265 5420 1363 5461 vos
1422 5404 1881 5469 animadvertitis,
1936 5420 2113 5475 neque

508 5498 746 5554 sentitis
775 5508 939 5569 caput
970 5508 1026 5554 et
1076 5513 1348 5555 summum
1388 5498 1654 5552 malorum
1702 5497 1833 5552 mihi
1894 5498 2116 5568 promib

530 5598 745 5647 tentes:
778 5598 827 5643 at
857 5591 930 5654 ei,
951 5590 1046 5661 qui
1069 5592 1155 5661 pie
1188 5607 1251 5645 ac
1280 5598 1432 5646 recte
1449 5590 1629 5645 vivere
1653 5593 1860 5653 statuit,
1890 5596 2116 5659 praestat

529 5680 588 5745 in
614 5682 779 5737 domo
828 5673 1043 5738 Domini
1088 5683 1364 5754 ahjectum
1402 5696 1748 5754 esse,.quam
1781 5682 2028 5739 habitare
2059 5682 2113 5736 in

2217 4489 2629 4561 ἀσελγέστερος·
2683 4490 2778 4543 καὶ
2809 4490 2898 4543 διὰ
2929 4489 3086 4543 τοῦτο
3122 4491 3371 4546 ἐντεῦθεν
3423 4493 3525 4564 ἤδη
3570 4495 3657 4547 διὰ
3683 4497 3777 4547 τῶν

2213 4580 2471 4651 ὀλεθρίων
2489 4581 2830 4650 ἐπαγγελιῶν
2860 4582 3191 4637 καταόἀλετε
3216 4598 3230 4613 ⁸
3256 4584 3514 4655 λελήθατε
3542 4589 3649 4656 γάρ
3680 4606 3775 4657 μοι.

2213 4663 2260 4722 ὦ
2280 4664 2447 4737 οὗτοι,
2478 4672 2576 4742 τὴν
2602 4673 2846 4744 κορυφὴν
2866 4672 2975 4726 τῶν
2998 4673 3184 4727 κακῶν
3205 4675 3563 4745 ὑποσχόμενοι
3590 4693 3605 4707 ·
3631 4678 3704 4748 τῷ
3730 4676 3776 4729 δὲ

2216 4762 2453 4825 εὐσεϐῶς
2506 4764 2601 4817 καὶ
2637 4763 2812 4835 ὀρθῶς
2857 4764 2955 4835 ζῇν
3008 4767 3453 4836 προαιρουμένῳ,
3514 4771 3776 4838 παραρῥι-

2215 4853 2462 4909 πτειίσθαι
2496 4854 2658 4908 καλὸν
2683 4855 2741 4906 ἐν
2760 4855 2838 4925 τῷ
2865 4856 2999 4927 οἴκῳ
3027 4856 3121 4909 τοῦ
3146 4856 3281 4909 Θεοῦ
3313 4858 3535 4926 μᾶλλον,
3561 4859 3594 4928 ἢ
3623 4861 3775 4911 οἰκεῖν

2215 4946 2273 4998 ὲν
2301 4944 2651 5015 σκηνώμασιν
2684 4946 3041 5017 ἁμαρτωλῶν.
3084 4947 3223 5017 Ἐγὼ
3253 4948 3347 5002 καὶ
3376 4950 3505 5012 τοὺς
3538 4950 3775 5019 βασιλέας

2214 5036 2454 5100 τούτους,
2498 5033 2573 5089 ὧν
2628 5036 2719 5090 τὸν
2765 5038 2960 5108 ἄνομον
3012 5040 3250 5109 συνεχῶς
3312 5041 3775 5109 ὑπαναγινώσκετε

2216 5129 2398 5197 νόμον,
2432 5127 2585 5191 ἐλεῶ,
2618 5129 2701 5181 ὅτι
2734 5128 3007 5200 αὔταρκες
3036 5132 3099 5182 ἐν
3136 5131 3443 5202 ἀνθρώποις
3483 5132 3692 5205 ἀξίωμα
3722 5134 3773 5186 τὸ

2214 5222 2413 5290 κράτος
2440 5220 2541 5291 τῆς
2594 5219 2869 5290 βασιλείας
2913 5220 3162 5290 ἔχοντες,
3208 5222 3306 5293 τὴν
3346 5224 3437 5276 τοῦ
3489 5226 3770 5296 ἀρχιερέως

2216 5314 2427 5376 ἐαυτοῖς
2457 5312 2828 5384 προσηγορίαν
2849 5312 3131 5379 ἀνέθεσαν,
3165 5315 3258 5367 καὶ
3287 5316 3386 5382 τὴν
3408 5315 3650 5391 πενθήρη
3688 5317 3771 5369 καὶ

2218 5405 2495 5475 σκοτεινὴν
2510 5405 2795 5477 πορφύραν
2820 5406 3026 5459 ἐκεῖθεν
3052 5405 3436 5477 ἀμπίσχονται,
3457 5409 3595 5462 κατά
3617 5409 3769 5479 μίμηο

2214 5509 2303 5548 ’σιν
2328 5497 2435 5550 τῶν
2460 5497 2865 5568 κακοδαιμόνων
2895 5498 3197 5569 ἀρχιερέων
3215 5541 3228 5564 ,
3270 5488 3536 5571 ἀξιώματι
3579 5499 3765 5572 φαιδρῴ

2218 5586 2540 5658 σκυθρωπὸν
2578 5589 2965 5659 περιφέροντες
3012 5589 3216 5662 ἔνδυμα
3243 5608 3257 5621 ·
3316 5590 3429 5643 ἔστι
3469 5592 3525 5645 δὲ
3562 5594 3643 5645 ὅτε
3685 5593 3765 5645 καὶ

2210 5680 2401 5751 ῖμιαρῷ
2434 5680 2608 5754 βωμῷ
2642 5682 3053 5754 πλησιάζοντες,
3102 5684 3221 5738 ἀντὶ
3240 5683 3510 5755 βασιλέων
3536 5670 3763 5752 γίνονται
