3850 6416
162 265 280 323 ’145
1313 271 1401 325 DE
1440 271 1497 326 S.
1542 270 1709 326 ἸΊΙΕί

1816 270 1918 326 ’ΒΟ
1952 270 2309 326 MARTYRE.
3337 281 3443 335 716

164 384 427 454 μάγειροι
474 380 649 455 ὄρνεις
703 385 949 451 θύοντες,
1010 389 1101 441 καὶ
1143 387 1505 458 βοσκημάτων
1549 386 1709 440 ἀθλία

1816 386 2227 453 Ltabernaculis
2292 394 2657 450 peccatorum.
2707 389 2791 447 Me
2834 390 2995 445 etiam
3052 390 3443 462 imperatorum

156 476 452 546 σπλάγχνα
482 478 918 550 διερευνώμενοι,
942 482 1037 534 καὶ
1063 480 1141 551 τῷ
1166 478 1347 551 λύθρῳ
1374 479 1474 532 τοῦ
1494 478 1709 549 αἵματος

1858 479 2077 541 horum,
2117 494 2352 548 quorum
2392 481 2561 551 legem
2595 483 2835 552 iniquam
2864 485 3213 538 continenter
3242 484 3447 540 recita-

154 566 237 630 ὡς
272 568 605 638 κρεωπῶλαί
641 587 786 635 τινες
812 573 911 642 τὴν
941 572 1143 642 ἐσθῆτα
1178 571 1517 643 μολύνοντες-
1546 589 1567 621 ³

1858 570 1956 633 tis,
2000 571 2241 633 miseret,
2280 571 2427 640 quod
2459 588 2583 626 cum
2635 590 2729 644 per
2792 591 2851 630 se
2886 576 3022 632 satis
3055 592 3247 646 magna
3294 576 3444 629 inter

155 661 417 721 homines
485 666 752 737 dignitate
808 670 880 725 ob
925 671 1133 742 regium
1169 670 1458 741 imperium
1534 666 1747 737 praediti
1786 667 1921 734 sint,
1972 667 2247 738 pontiﬁcis
2301 671 2720 739 appellationem
2763 674 2866 729 sibi
2939 684 3315 745 sumpserunt,
3380 680 3438 727 et

156 756 379 832 lugubri
411 763 753 835 obscuraque
779 781 1018 836 purpura
1049 766 1211 833 hujus
1238 764 1583 836 indignitatis
1638 762 1865 817 nomine
1924 762 2256 826 induuntur,
2311 764 2378 818 ad
2437 764 2800 821 imitationem
2868 767 3165 823 infelicium
3213 769 3432 837 pontill-

152 866 311 917 cum,
337 856 679 926 indignitate
705 859 989 929 splendida
1028 868 1194 929 atque
1264 858 1492 922 illustri,
1528 858 1687 912 triste
1735 864 1791 911 et
1861 857 2197 911 inamoenum
2259 866 2534 927 gestantes
2580 861 2980 924 indumentum,
3043 876 3431 933 nonnunquam

155 956 345 1001 autem
380 948 597 1021 impuro
626 952 785 1006 altari
841 954 1342 1023 appropinquantes
1378 968 1479 1023 pro
1502 949 1930 1021 imperatoribus
1984 953 2148 1020 coqui
2190 950 2348 1015 ﬁunt,
2392 966 2519 1007 aves
2579 955 2913 1019 occidentes,
2982 965 3036 1010 et
3102 958 3430 1011 miserorum

155 1056 421 1111 pecorum
485 1047 699 1101 viscera
773 1047 1037 1102 rimantes
1112 1064 1175 1103 ac
1231 1057 1663 1118 perscrutantes,
1730 1050 1786 1099 et
1859 1045 2119 1114 spurcitie
2178 1046 2463 1116 sanguinis
2516 1054 2777 1118 tanquam
2847 1050 3145 1105 macellarii
3207 1052 3426 1122 quidam

152 1136 289 1191 lanii
324 1138 578 1192 carnium
609 1139 929 1195 venditores
958 1148 1163 1195 vestem
1215 1140 1507 1195 fmdantes.
1542 1158 1564 1189 ›

225 1229 383 1283 Μετά
416 1230 741 1294 ταύταςτὰς
782 1231 965 1301 φωνὰς
1008 1234 1101 1285 τοῦ
1131 1232 1364 1295 δικαίου,
1401 1231 1583 1284 οὐκέτι
1619 1228 1709 1283 ούδ

1908 1218 2042 1276 Post
2067 1220 2168 1277 has
2193 1222 2327 1292 justi
2376 1222 2535 1277 istius
2565 1238 2750 1288 voces,
2780 1237 2847 1276 ne
2892 1223 3076 1278 (ictam
3118 1227 3335 1295 quidem
3375 1237 3426 1283 et

147 1316 255 1389 τὴν
306 1318 550 1390 πλαστὴν
596 1319 1004 1391 φιλανθρωπίαν
1046 1323 1140 1375 καὶ
1176 1322 1654 1392 ἐσχηματισμένην
1691 1340 1709 1375 c

1840 1313 2220 1368 assimulatam
2254 1313 2365 1383 jam
2410 1315 2646 1384 amplius
2686 1315 3079 1385 benignitatem
3134 1321 3425 1389 magistra-

149 1410 417 1480 ἄρχοντες
451 1410 856 1465 ἐπεδείκνυντο·
911 1413 1049 1467 ἀλλά
1091 1416 1185 1468 καὶ
1213 1415 1572 1469 ἀσεϐέστατον
1604 1412 1709 1483 πρὸ

1839 1413 1929 1459 tus
1964 1421 2075 1475 pra?
2112 1420 2172 1460 se
2218 1404 2487 1471 ferebant,
2520 1406 2614 1461 sed
2642 1414 2694 1461 et
2729 1407 3120 1478 impiissimum
3156 1410 3424 1466 adversus

146 1504 282 1565 τοὺς
297 1503 467 1567 Θεοὺς
492 1503 803 1568 καλοῦντες,
830 1507 921 1559 καὶ
942 1506 1022 1560 ἐτι
1050 1506 1161 1560 τῶν
1184 1507 1446 1578 βασιλέων
1477 1506 1705 1577 ύὸριστὴ

1836 1494 1970 1550 deos
2017 1502 2301 1559 vocantes,
2360 1506 2620 1566 praeterea
2675 1500 2730 1552 in
2782 1497 3142 1567 imperatores
3210 1516 3425 1574 quoque

148 1597 247 1647 καὶ
293 1593 637 1666 βλάσφημον,
669 1597 884 1667 πρῶτον
936 1598 1034 1668 μὲν
1064 1600 1156 1652 ἐπὶ
1191 1599 1286 1652 τοῦ
1314 1597 1709 1669 βασανιστηρίοτ

1840 1584 2289 1639 contumeliosum
2320 1596 2374 1640 et
2420 1587 2770 1650 maledicum,
2820 1588 3055 1657 printum
3093 1592 3315 1660 quidem
3365 1596 3422 1648 in

147 1684 311 1748 ξύλου
347 1688 745 1756 κρεμάσαντες,
794 1687 854 1741 τὸ
886 1688 1042 1760 σῶμα
1082 1688 1395 1753 κατέξαινον
1418 1704 1434 1719 ·
1473 1689 1502 1741 ὁ
1526 1688 1605 1753 δὲ,
1632 1688 1738 1739 τῶν

142 1776 361 1846 δημίων
394 1779 637 1849 σφοδρῶς
659 1782 1044 1851 ἐνεργούντων,
1076 1780 1341 1851 καρτερὸς
1364 1775 1431 1851 ἦν
1459 1781 1553 1833 καὶ
1581 1781 1736 1833 ἀνέν-

377 1871 472 1924 καὶ
502 1873 682 1941 στῖχον
722 1874 785 1925 ἐκ
816 1872 916 1942 τῆς
955 1872 1284 1943 Ψαλμωδίας
1332 1876 1452 1936 ταῖς
1486 1871 1737 1942 βασάνοις

142 1868 300 1932 δοτος
321 1911 336 1933 ,

145 1958 379 2027 ἐπῇδεν·
437 1960 770 2028 Εὺλυγυήσω
809 1961 917 2014 τὸν
948 1962 1171 2030 Κύριον
1202 1962 1272 2014 ἐν
1313 1961 1492 2015 παντὶ
1532 1961 1733 2029 καιρῷ,

140 2050 247 2103 διὰ
280 2052 509 2117 παντὸς
538 2052 587 2119 ,ἠ
621 2052 856 2118 αἵνεσις
890 2053 1077 2107 αὐτοῦ
1109 2054 1179 2106 ἐν
1200 2053 1281 2119 τῷ
1304 2054 1557 2123 στόματί
1590 2072 1730 2123 μου.

140 2143 260 2198 Καὶ
304 2147 352 2196 οί
388 2145 487 2215 μὲν
531 2144 639 2198 τῶν
674 2146 891 2217 σαρκῶν
934 2146 1189 2210 ἀπέξεοψ
1239 2148 1268 2198 ὀ
1295 2146 1351 2199 δὲ
1383 2145 1627 2216 ἔψαλλεν,
1657 2147 1733 2211 ὡς

140 2233 308 2287 ἄλλον
362 2234 508 2298 τινὸς
550 2235 914 2305 ὑφισταμένου
960 2236 1059 2308 τὴν
1108 2238 1400 2308 τιμωρίαν.
1448 2239 1731 2305 Διεδέξατο

138 2326 243 2396 τὴν
274 2328 498 2381 κόλασιν
525 2327 729 2398 ταύτην
759 2328 819 2381 τὸ
857 2328 1249 2400 δεσμωτήριον,
1299 2330 1393 2382 καὶ
1424 2330 1587 2384 πάλιν
1616 2333 1732 2384 ἐκεῖ

140 2416 333 2486 θαῦμα
382 2416 616 2469 ἐτελεῖτο
658 2419 788 2488 περὶ
831 2418 923 2470 τὸν
967 2418 1142 2487 ἅγιον,
1196 2420 1289 2471 καὶ
1317 2420 1531 2491 νύκτωρ
1576 2420 1726 2492 φωνὴ

142 2509 385 2580 πλήθους
408 2508 717 2577 ψαλλόντων
756 2508 1003 2578 ἠκούετο,
1052 2511 1145 2562 καὶ
1173 2510 1471 2579 λαμπάδων
1504 2511 1725 2576 ἐπιφαιο

136 2603 371 2665 νουσῶν,
398 2603 474 2666 ὡς
528 2604 586 2655 ἐν
620 2602 903 2672 παννυχίδι
936 2604 1079 2672 αὐγὴ
1112 2604 1320 2674 ἐωρίτο
1358 2606 1469 2665 τοῖς
1504 2603 1720 2667 ἔξωθεν,

134 2693 215 2757 ὼς
256 2693 471 2747 καὶτὸν
514 2692 897 2764 δεσμοφύλακα
930 2694 1065 2766 πρὸς
1111 2694 1209 2762 τὴν
1257 2694 1557 2765 παράδοξον
1599 2694 1720 2763 ὅφιν

137 2785 235 2839 καὶ
261 2784 430 2855 ἀκοὴν
464 2784 825 2855 ταραχθέντα,
867 2784 1193 2855 εἰσπηδῆσαι
1223 2787 1302 2849 εἰς
1332 2786 1421 2838 τὸν
1454 2785 1715 2850 οἰκίσκον,

135 2877 235 2930 καὶ
264 2876 467 2946 μηδένα
508 2877 688 2946 εὑρεῖν
720 2876 858 2947 πλὴν
892 2877 985 2929 τοῦ
1018 2878 1295 2949 μάρτυρος
1330 2878 1713 2947 ἡσυχάζοντος,

1840 1675 1991 1746 ligno
2038 1674 2103 1728 ad
2154 1678 2489 1745 torquendos
2538 1678 2786 1732 homines
2835 1687 3028 1747 parato
3089 1696 3421 1750 suspensum

1839 1784 2042 1838 corpus
2078 1770 2427 1823 lacerabant:
2484 1769 2573 1822 ille
2596 1785 2724 1823 vero
2761 1770 3044 1825 lictoribus
3073 1772 3421 1828 vehementer

1840 1859 1894 1914 in
1945 1874 2109 1929 opere
2132 1861 2435 1931 occupatis,
2467 1869 2726 1916 constans
2755 1870 2896 1927 erat,
2932 1862 3174 1933 nihilque
3203 1865 3269 1917 de
3309 1866 3419 1933 pri-

1837 1954 1980 2006 stina
2012 1955 2177 2007 animi
2213 1953 2591 2023 magnitudine
2623 1954 2953 2018 remittebat,
2990 1969 3054 2009 ac
3101 1971 3317 2011 versum
3349 1973 3415 2011 ex

1837 2046 1975 2099 lmro
2006 2045 2346 2101 Psalmorunt
2389 2047 2675 2100 tormentis
2708 2047 2994 2103 accinebat
3025 2066 3039 2102 :
3097 2047 3414 2103 Benedicam

1833 2136 2117 2192 Dominum
2162 2140 2216 2192 in
2256 2140 2399 2193 οηιηὶ
2434 2148 2681 2204 tempore,
2713 2155 2914 2206 semper
2954 2140 3072 2195 laus
3105 2140 3218 2210 ejus
3242 2143 3296 2195 in
3324 2160 3414 2197 ore

1832 2232 1990 2285 meo‘.
2010 2232 2187 2302 Atque
2204 2233 2510 2300 illiquidem
2530 2246 2724 2287 carnes
2738 2233 2995 2287 caedendo
3009 2234 3409 2298 diminuebant;

1830 2325 1919 2379 hic
1944 2341 2092 2386 vero,
2121 2327 2429 2395 quasialius
2452 2330 2576 2396 quis
2604 2342 2818 2396 poenam
2850 2327 3077 2390 subiret,
3106 2329 3408 2397 psallebat:

1829 2415 1933 2471 hoc
1975 2418 2137 2471 modo
2193 2423 2442 2487 punitum
2475 2433 2666 2473 carcer
2688 2420 2925 2488 excepit,
2972 2434 3036 2473 ac
3066 2435 3257 2475 rmsus
3297 2422 3408 2475 illic

1826 2512 2089 2563 tniracula
2146 2512 2291 2564 circa
2324 2520 2570 2563 sanctum
2630 2512 2952 2575 edebantur,
2994 2525 3057 2565 ac
3106 2523 3268 2566 noctu
3302 2528 3406 2566 vox

1825 2601 2193 2657 multitudinis
2233 2604 2578 2672 psallentium
2613 2602 2937 2657 audiebatur
2963 2614 3013 2658 et
3042 2604 3222 2657 facum
3264 2605 3403 2659 allu-

1822 2697 2082 2757 centinm,
2117 2700 2175 2747 nt
2198 2696 2248 2747 in
2283 2704 2548 2747 nocturna
2585 2693 3018 2763 pervigilatione,
3047 2694 3307 2764 splendor
3337 2696 3407 2749 ab

1837 2787 1905 2842 iis
1959 2788 2050 2855 qui
2090 2787 2221 2841 foris
2269 2795 2425 2841 erant
2479 2786 2938 2854 conspiciebatur,
2976 2786 3112 2840 adeo
3153 2795 3213 2840 ιιι
3234 2787 3402 2842 etiam

1818 2881 2059 2933 carceris
2082 2888 2268 2934 custos
2313 2879 2527 2931 insolita
2571 2887 2732 2947 atque
2759 2879 3065 2933 admirabili
3099 2879 3311 2934 visione
3349 2887 3404 2934 et

132 2967 233 3021 καὶ
259 2968 368 3019 τῶν
404 2967 577 3021 ἄλλων
608 2968 903 3038 δεσμωτῶν
946 2969 1330 3024 καθευδόντων.
1402 2969 1618 3041 Ἐπειδὴ
1663 2970 1709 3022 δὲ

1823 2972 2101 3025 auditione
2149 2971 2401 3023 turbatus
2452 2971 2683 3023 insiliret
2760 2970 2811 3023 in
2872 2970 3285 3033 dotnuneulam,
3347 2978 3403 3025 et

128 3060 350 3113 πολλῶν
380 3061 676 3131 γινομένων
718 3062 932 3131 ἤκμαζε
976 3065 1111 3132 πρὸς
1158 3063 1253 3132 τὴν
1294 3062 1584 3133 ὁμολογίαν
1619 3064 1711 3114 καὶ

125 3151 233 3223 τὴν
267 3152 582 3213 εὐσέϐειαν,
623 3148 786 3222 ἦλθεν
816 3153 902 3205 ἐπ’
933 3153 1094 3205 αὑτὸν
1122 3154 1152 3222 ἠ
1186 3153 1589 3223 κατακρίνουσα

126 3262 266 3314 φος,
317 3245 412 3298 καὶ
458 3244 591 3315 πυρὶ
638 3244 987 3313 τελειωθῆναι
1038 3244 1369 3307 κελευσθεὶς,
1418 3244 1578 3306 αὑτὸς
1613 3245 1712 3315 μὲν

126 3337 343 3406 ἀπῆλθε
371 3337 469 3408 τὴν
498 3336 667 3407 καλὴν
697 3339 791 3390 καὶ
826 3337 1100 3407 μακαρίαν
1127 3338 1263 3407 πρὸς
1286 3337 1416 3390 Θεὸν
1445 3338 1667 3409 πορείαν
1694 3354 1706 3367 ·

126 3432 266 3501 ἡμῖν
299 3429 357 3483 δὲ
388 3428 487 3501 τήν
521 3431 741 3501 μνήμην
766 3429 860 3483 τοῦ
889 3430 1096 3499 ἀγῶνος
1125 3429 1464 3484 διδασκάλιον
1493 3431 1709 3484 κατέλι-

124 3539 230 3587 πε,
260 3522 426 3586 λαοὺς
451 3521 748 3592 ἀθροίζων,
780 3523 1077 3592 ἐκκλησίαν
1110 3522 1410 3586 παιδεύων,
1450 3522 1709 3592 δαίμονας

125 3613 486 3675 ἀπελαύνων,
539 3613 806 3682 ἀγγέλους
853 3613 1161 3683 εἰρηνικοὺς
1202 3614 1478 3681 κατάγων,
1530 3614 1709 3683 ζητῶν

122 3705 270 3777 ὑπὲρ
306 3705 462 3775 ήμῶν
494 3706 647 3777 παρά
674 3705 808 3759 Θεοῦ
839 3705 907 3759 τὰ
949 3705 1317 3777 συμφέροντα,
1360 3706 1592 3776 ἰατρεῖον
1625 3708 1708 3759 νό-

122 3814 238 3850 σων
270 3796 531 3850 ποικίλων
563 3797 654 3850 τὸν
690 3797 855 3851 τόπον
888 3796 1073 3851 τοῦτον
1120 3796 1592 3868 ἀπεργασάμενος,
1628 3797 1707 3849 λι-

123 3885 268 3955 μένα
300 3886 408 3939 τῶν
446 3886 855 3957 χειμαζομένων
900 3890 1018 3950 ταῖς
1059 3887 1291 3956 θλίψεσι.
1336 3890 1582 3958 πενήτων
1615 3889 1707 3941 εὑ-

119 3978 475 4049 θηνουμένων
499 3982 760 4049 ταμιεῖον,
779 3980 1072 4050 ὁδοιπόρων
1094 3980 1317 4033 ἀνεκτὸν
1344 3980 1703 4049 καταγώγιον,

120 4070 435 4140 πανήγυριν
483 4070 591 4122 τῶν
640 4069 1007 4142 ἑορταζόντων
1056 4070 1307 4141 ἄληκτον.
1350 4072 1413 4125 El
1464 4071 1573 4141 γάρ
1611 4073 1705 4125 καὶ

120 4160 483 4224 ἐνιαυσιαίοις
529 4161 745 4231 ἑορταῖς
776 4161 873 4231 τὴν
924 4162 1137 4231 ἡμέραν
1183 4162 1389 4234 ταύτην
1423 4161 1701 4233 τελοῦμεν,

117 4251 238 4305 ἀλλ’
266 4250 521 4305 οὐδέποτε
566 4250 723 4322 λήγει
765 4252 873 4305 τῶν
914 4253 1057 4307 κατὰ
1105 4255 1339 4326 σπουδὴν
1372 4256 1701 4326 ἀφικνουμέ-

1815 3066 2088 3118 nemincm
2148 3064 2419 3116 inveniret
2468 3070 2663 3131 pta-ter
2691 3074 2986 3132 martyrem
3026 3063 3401 3132 quiescentem

1813 3165 1866 3210 et
1897 3167 2125 3209 caeteros
2161 3155 2374 3209 vinctos
2401 3154 2755 3207 dormientes.
2796 3152 3157 3226 Posteaquam
3190 3164 3399 3218 autem,

1812 3262 1937 3301 cum
1968 3249 2133 3299 multa
2175 3247 2363 3299 ﬂerent
2398 3263 2462 3301 ac
2494 3255 2840 3300 tentarentur
2878 3248 2931 3301 in
2967 3262 3054 3311 eo,
3084 3247 3150 3301 ad
3182 3246 3401 3302 confes-

1812 3338 2019 3391 sionem
2049 3344 2104 3389 et
2138 3336 2393 3405 pietatem
2432 3335 2753 3390 obfirtnatus
2786 3344 2925 3398 erat,
2973 3338 3180 3407 prolata
3227 3342 3311 3391 est
3341 3338 3398 3391 in

1810 3444 1934 3483 eum
1975 3432 2241 3484 sententia
2307 3428 2778 3495 condemnatoria,
2833 3439 2887 3483 et
2938 3432 3048 3502 igni
3080 3433 3273 3487 conﬁci
3341 3443 3397 3487 et

1811 3521 2188 3574 consummari
2258 3519 2471 3589 jussus,
2548 3520 2943 3588 ipsequidem
3022 3523 3285 3591 praeclaro
3334 3540 3400 3577 ac

1811 3612 1973 3667 beato
2009 3613 2200 3665 itinere
2251 3612 2385 3664 abiit
2407 3611 2472 3664 ad
2501 3610 2702 3666 Deum:
2734 3613 2893 3666 nobis
2926 3628 3053 3666 vero
3079 3616 3395 3668 memoriam

1810 3702 2129 3756 certaminis
2178 3715 2276 3770 pro
2298 3699 2549 3752 doctrina
2616 3700 2859 3768 reliquit,
2910 3701 3143 3769 populos
3165 3714 3397 3772 congre-

1810 3808 1968 3862 gans,
1988 3790 2286 3843 Ecclesiam
2300 3790 2579 3852 erudiens,
2596 3790 2875 3844 daemonas
2894 3804 3090 3845 arcens
3102 3799 3154 3845 et
3172 3791 3392 3859 fugans,

1809 3887 2031 3953 angelus
2058 3885 2314 3953 p'tt‘ilicns
2341 3882 2631 3948 reducens,
2664 3898 2863 3951 rogans
2890 3898 2920 3936 a
2951 3881 3063 3936 Deo
3110 3898 3210 3953 pro
3237 3885 3395 3938 nobis

1809 3977 1988 4037 utilia,
2058 3976 2332 4026 variorum
2394 3974 2710 4027 morborum
2775 3974 3063 4029 medicinae
3119 3976 3390 4029 oﬂicinam

1809 4068 1953 4122 hunc.
1983 4067 2159 4120 locum
2199 4064 2459 4124 elliciens.
2504 4073 2719 4131 portum
2759 4079 2951 4119 eorum
3004 4066 3095 4135 qui
3140 4066 3391 4120 alllictio-

1807 4175 1937 4213 num
1976 4156 2390 4226 tempestatibus
2431 4158 2733 4225 jactantur.
2772 4171 3071 4226 pauperum
3106 4158 3390 4214 abundans

1807 4260 1862 4307 et
1890 4252 2174 4321 copiosum
2231 4248 2508 4311 aerarium,
2565 4249 2833 4302 viatorum
2868 4250 3113 4319 quietum
3144 4248 3390 4305 diverso-

116 4359 229 4394 νων
249 4340 309 4393 τὸ
328 4340 549 4411 πλῆθος,
696 4342 1001 4411 μυρμήκων
1028 4342 1085 4396 δὲ
1108 4342 1268 4408 σώζει
1292 4316 1391 4413 τὴν
1409 4316 1698 4415 όμοιότήτα

1816 4344 1971 4407 rium,
2040 4342 2219 4394 locum
2272 4339 2540 4394 celebrem
2590 4348 2893 4395 conventus
2946 4355 3013 4396 ac
3075 4340 3194 4398 dies
3220 4341 3389 4399 festos

116 4434 152 4502 ἡ
206 4432 301 4485 ἐπὶ
331 4433 455 4487 τάδε
512 4434 750 4503 φέρουσα
800 4432 1094 4503 λεωφόρος,
1143 4436 1253 4488 τῶν
1292 4436 1391 4507 μὲν
1417 4437 1694 4502 ἀνιόντων,

113 4524 227 4577 τῶν
261 4524 317 4577 δὲ
341 4524 769 4596 ὑποχωρούντων
797 4528 911 4587 τοῖς
937 4525 1270 4597 ἐρχομένοις.

1803 4437 2149 4491 continenter
2194 4435 2489 4503 agentium.
2538 4430 2651 4488 Etsi
2680 4434 2826 4486 enim
2877 4432 3271 4490 anniversariis
3320 4435 3388 4488 fe-

1800 4528 1900 4583 riis
1947 4527 2093 4581 hunc
2148 4524 2294 4580 diem
2352 4524 2728 4589 celebramus;
2767 4534 2820 4577 at
2880 4540 3157 4596 nunquam
3207 4535 3387 4581 cessat

116 4620 367 4675 studiose
418 4619 822 4675 advenientium
869 4622 1181 4685 multitudo,
1240 4636 1304 4676 ac
1353 4620 1704 4677 formicarum
1745 4621 2164 4679 similitudinem
2209 4629 2391 4676 servat
2425 4634 2489 4674 ea
2540 4635 2661 4689 quae
2690 4619 2795 4673 huc
2846 4621 3076 4690 pertinet
3140 4622 3229 4675 via
3288 4638 3375 4691 pu-

114 4708 283 4775 blica,
311 4726 434 4765 cum
472 4712 562 4766 alii
611 4712 829 4780 quidem
879 4714 1197 4778 ascendant,
1230 4714 1322 4768 alii
1374 4729 1502 4769 vero
1529 4714 1873 4771 venientibus
1898 4714 2113 4771 cedant.

196 4805 392 4874 Ἡμεῖς
430 4805 529 4874 μὲν
557 4800 671 4868 οῦν,
697 4798 742 4858 ὧ
771 4807 1029 4878 μακάριε,
1060 4807 1153 4861 τὸν
1194 4806 1287 4861 τοῦ
1317 4808 1561 4864 ἐνιαυτοῦ
1592 4808 1692 4862 κύ-

113 4896 243 4949 κλον
314 4895 711 4959 καταλαϐόντες
768 4895 1149 4970 φιλανθρωπίᾳ
1213 4898 1306 4951 τοῦ
1378 4899 1690 4965 κτίσαντος,

108 4986 449 5056 ⁴ἰγθροίσαμέν
476 5003 556 5039 σοι
606 4987 706 5059 τὴν
735 4990 1071 5059 πανήγυριν,
1112 4988 1202 5042 τὸν
1234 4988 1377 5061 ἱερὸν
1405 4991 1511 5043 τῶν
1541 4993 1689 5058 φιλο-

112 5077 412 5148 μαρτύρων
469 5078 725 5144 σύλλογον
749 5122 764 5144 ,
815 5081 909 5135 τόν
953 5099 1011 5135 τε
1039 5083 1215 5137 κοινὸν
1260 5085 1692 5154 προσκυνοῦντες

108 5167 409 5235 Δεσπότην,
462 5170 561 5221 καὶ⁵
608 5170 707 5239 τήν
742 5170 1005 5225 ἐπινίκιον
1032 5172 1416 5243 πληρώσαντες
1443 5174 1549 5227 τῶν
1581 5174 1691 5227 σῶν

1870 4809 1949 4864 Ac
1966 4822 2065 4863 nos
2089 4804 2336 4878 quidem,
2364 4822 2398 4858 ο
2426 4806 2604 4864 beate,
2636 4805 2968 4875 benignitate
2983 4805 3262 4861 Creatoris
3290 4821 3381 4861 an-

1798 4900 2163 4956 niversariam
2228 4898 2424 4952 circuli
2484 4897 2919 4952 vicissitudinem
2991 4898 3229 4951 assecuti
3288 4913 3381 4951 co-

1797 4998 2009 5067 egimus
2040 4993 2139 5048 tibi
2175 4991 2451 5061 publicum
2488 4996 2841 5048 conventum,
2872 5003 3111 5047 sacrmn,
3137 4987 3379 5055 inquam,

1798 5082 2130 5154 martyribus
2154 5078 2455 5138 addictum,
2479 5086 2533 5129 et
2560 5089 2907 5129 communem
2950 5074 3241 5127 Dominum
3280 5075 3379 5127 atl-

1796 5184 2041 5239 orantes,
2058 5182 2111 5227 et
2143 5180 2363 5225 tuorum
2388 5167 2750 5223 certaminum
2782 5167 3023 5221 victoria:
3049 5180 3378 5220 commemo-

109 5257 340 5325 ἀγώνων
374 5257 711 5327 ὑπόμνησιν·
745 5260 809 5312 σὺ
840 5259 913 5324 δὲ,
942 5260 1100 5331 δεῦρο
1124 5260 1186 5329 δὴ
1217 5262 1352 5331 πρὸς
1368 5264 1533 5333 ἡμᾶς,
1556 5265 1687 5318 ὅπου

1820 5267 2057 5321 ationem
2079 5268 2404 5333 peragentes
2432 5276 2445 5311 :
2476 5267 2533 5312 tu
2565 5273 2716 5322 vero,
2748 5257 2856 5312 huc
2877 5258 2989 5328 jam
3011 5258 3141 5313 ades
3160 5259 3223 5312 ad
3255 5274 3377 5322 nos,

108 5352 229 5419 ποτ’
261 5350 329 5403 ἂν
362 5347 460 5424 ᾖς,
512 5352 612 5421 τῆς
663 5354 856 5423 ἑορτῆς
888 5352 1080 5423 ἔφορος
1126 5354 1451 5423 (καλέσαντα
1490 5358 1598 5427 γάρ
1628 5376 1687 5410 σε

108 5442 553 5513 ἀντικαλοῦμεν)·
604 5445 697 5498 καὶ
726 5446 833 5498 εἴτε
862 5444 940 5513 τῷ
970 5444 1159 5516 ὑψηλῷ
1198 5445 1434 5516 αἰθέριον
1484 5449 1682 5519 διαιτᾷ,

103 5538 212 5591 εἴτε
266 5538 389 5591 τινὰ
431 5537 752 5607 ἐπουράνιον
801 5536 963 5605 ἁψῖδα
1012 5538 1355 5607 περιπολεῖς,
1412 5540 1445 5610 ἦ
1506 5544 1686 5613 χοροῖς

181 5692 197 5722 ⁸
231 5690 379 5747 Psal.
426 5704 621 5753 χχχιιι,
667 5689 718 5742 l.

441 5829 710 5890 Ρλτιιοι.
752 5826 870 5889 Gn.
918 5826 1137 5889 XLVI.

1790 5361 2103 5428 ubicunque
2129 5353 2347 5409 tendent
2391 5350 2581 5412 fueris,
2636 5360 2695 5405 ut
2722 5350 2829 5405 diei
2863 5348 3002 5406 festo
3032 5352 3258 5420 pra'sis;
3288 5366 3377 5405 vo.

1789 5459 2004 5506 cantem
2034 5448 2179 5504 enim
2214 5457 2265 5501 te
2300 5456 2487 5499 contra
2526 5458 2786 5497 vocamus
2828 5460 2841 5495 :
2872 5456 2937 5495 ac
2978 5442 3093 5497 sive
3117 5443 3172 5497 in
3205 5443 3365 5499 subli-

1788 5544 1862 5599 mi
1883 5542 2084 5599 aethere
2120 5538 2361 5602 habitas,
2394 5536 2508 5592 sive
2544 5550 2641 5607 per
2666 5534 2943 5590 cmlestem
2982 5534 3219 5605 aliquem
3267 5535 3376 5591 cir-

3035 5823 3114 5886 2h
