3850 6404
476 220 574 273 747

1688 223 1745 276 S.
1785 221 2115 276 (iREGOllIl
2155 221 2194 272 Ν
2207 221 2242 272 ἵ
2255 219 2448 274 SSENI

3628 226 3733 280 748

470 338 648 388 culum
679 335 937 401 versaris,
972 342 1066 388 aut
1099 336 1152 388 in
1189 335 1388 390 ('lmt‘tls
1415 337 1735 408 angelorum
1764 352 2045 412 cooptatus

2157 341 2402 409 ἀγγέλων
2446 337 2870 406 συντεταγμένος
2899 333 2976 405 τῷ
3004 336 3249 408 Δεσπότῃ
3288 337 3661 408 παρέστηκας,
3696 343 3729 410 ἢ

470 428 700 480 Domino
734 429 972 491 assistis,
1013 438 1106 480 aut
1141 444 1265 481 cum
1291 431 1588 485 virtutibus
1607 445 1662 486 et
1689 436 2053 501 potestatibus

468 529 526 574 ut
601 535 794 574 servus
862 519 1038 574 ﬁdelis
1102 521 1442 576 adorationis
1497 523 1682 577 ofﬁcio
1737 525 1985 595 fungeris
2036 545 2049 581 :

468 627 763 681 parumper
834 613 904 666 ab
975 612 1042 666 iis
1111 614 1313 667 ofﬁciis
1369 615 1709 670 vacationem
1793 616 2052 686 depreca-

467 717 577 768 tus,
633 705 757 758 veni
784 705 850 758 ad
917 705 1018 759 hos
1048 707 1141 773 qui
1175 715 1225 759 te
1255 705 1548 766 honorant.
1600 708 1894 764 invisibilis
1923 714 2054 766 ami-

469 811 565 850 cus
602 815 614 850 :
645 811 915 866 cognosce
941 811 1005 851 ac
1043 798 1159 850 vise
1213 797 1381 852 ferias
1410 814 1532 868 qua:
1569 801 1952 865 celebrantur,
1995 812 2051 856 ut

467 887 762 956 gratiarum
795 887 1064 942 adversus
1119 887 1286 942 Dcunt
1336 890 1692 959 condnplices
1750 894 2046 959 actionem,

468 979 558 1046 qui
583 994 680 1048 pro
707 994 814 1031 una
848 980 1195 1048 passione,et
1221 995 1326 1034 una
1355 982 1442 1051 pia
1475 984 1819 1041 confessione
1845 995 1924 1040 tot
1953 987 2050 1041 tibi

469 1073 937 1125 remunerationes
970 1073 1194 1142 largitus
1226 1081 1310 1128 est
1344 1093 1357 1126 :
1393 1089 1458 1128 ac
1495 1076 1692 1132 lteteris
1723 1078 1793 1132 ob
1825 1080 2050 1149 sangui-

469 1176 590 1213 nem
617 1159 870 1225 eﬂ'usum,
910 1170 966 1216 et
1027 1162 1170 1232 ignis
1222 1163 1503 1220 cruciatus
1565 1167 1845 1222 toleratos.
1902 1169 2049 1234 Quot

471 1254 611 1307 cnim
650 1262 781 1308 tunc
809 1255 1062 1324 supplicii
1113 1264 1452 1324 spectatores
1517 1260 1750 1328 populos
1781 1261 2045 1328 habebas,

469 1355 550 1400 tot
580 1363 726 1400 nunc.
760 1345 927 1400 habes
965 1346 1189 1399 honoris
1222 1347 1527 1403 ministros.
1548 1347 1843 1403 Multorum
1881 1351 2049 1404 bene-

469 1439 716 1492 ﬁciorum
780 1437 1134 1506 indigemus;
1192 1438 1467 1492 intercede
1502 1454 1566 1492 ac
1614 1439 1908 1510 deprecare
1950 1456 2049 1510 pro

470 1527 642 1596 patria
675 1525 816 1596 apud
849 1541 1191 1580 communem
1220 1542 1399 1597 regem
1439 1535 1494 1582 et
1547 1527 1832 1584 Dominum
1869 1550 1882 1584 :
1923 1547 2047 1586 nam

467 1619 642 1687 patria
672 1618 925 1688 martyris
944 1625 1027 1672 est
1053 1616 1220 1671 etiam
1254 1619 1409 1672 locus
1426 1620 1718 1687 passionis,
1743 1621 1892 1676 cives
1917 1624 2046 1678 item

467 1720 519 1764 et
551 1709 750 1765 fratres
783 1718 834 1762 et
859 1710 1094 1780 cognati,
1122 1711 1214 1779 qui
1239 1716 1293 1764 et
1310 1709 1513 1764 habent
1534 1728 1656 1766 eum
1677 1721 1730 1766 et
1757 1722 1979 1768 tuentur
1994 1723 2048 1769 et
2084 1701 2124 1754 Β

467 1810 664 1854 ornant
687 1811 850 1870 atque
879 1801 1174 1866 honorant;
1207 1801 1468 1857 timemus
1487 1803 1830 1869 aﬁlictiones,
1851 1822 2047 1877 exspe-

467 1903 680 1946 ctamus
708 1893 969 1962 pericula;
1001 1907 1108 1947 non
1141 1894 1298 1964 longe
1331 1893 1530 1950 absunt
1564 1896 1782 1951 scelesti
1832 1896 2047 1970 Scytha:

468 1983 666 2039 bellum
699 1984 990 2040 adversum
1033 1999 1133 2041 nos
1174 1986 1575 2054 parturientes;
1627 1995 1685 2040 ut
1735 1989 1892 2044 miles
1926 2007 2046 2060 pro-

469 2092 647 2147 pugna
671 2078 795 2147 (pro
828 2078 1033 2148 nobis),
1054 2087 1112 2132 ut
1133 2087 1340 2150 martyr
1371 2094 1468 2150 pro
1499 2082 1786 2136 conservis
1817 2083 2046 2136 utereli-

469 2168 679 2223 bertate
722 2168 1001 2239 loquendi.
1043 2169 1268 2226 Etiamsi
1325 2173 1600 2241 superasti
1648 2172 1943 2235 saculum,
1989 2181 2046 2228 at

468 2261 611 2314 nosti
637 2259 867 2314 allectus
898 2269 952 2314 et
981 2276 1112 2316 usus
1147 2263 1614 2332 necessitatesque
1641 2264 1891 2318 humana:
1921 2280 2046 2319 con-

469 2351 693 2407 ditionis
727 2361 888 2422 :pete
921 2367 1133 2422 pacem,
1165 2360 1223 2406 ut
1258 2351 1312 2405 hi
1339 2354 1539 2422 publici
1588 2365 1894 2410 conventus
1937 2371 2043 2410 non

469 2441 756 2496 desinant:
801 2457 868 2497 ne
887 2442 1257 2496 debacchetur
1286 2451 1451 2512 atque
1477 2454 1758 2513 grassetur
1782 2445 2045 2502 adversus

469 2532 671 2602 templa
705 2531 967 2586 altariave
1002 2531 1257 2586 rabiosus
1304 2539 1358 2585 et
1409 2533 1707 2587 sceleratus
1730 2532 1994 2587 barbarus
2024 2552 2039 2588 :

469 2638 540 2678 ne
569 2623 858 2678 conculcet
883 2630 1076 2677 sancta
1106 2621 1372 2693 profanus
1402 2631 1456 2676 et
1503 2623 1724 2692 impius.
1754 2622 1866 2680 Nos
1898 2623 2044 2678 enim

470 2716 660 2780 etiatn,
691 2715 836 2784 quod
870 2715 1174 2769 incolumes
1190 2725 1244 2770 et
1275 2714 1473 2784 integri
1497 2715 1802 2769 conservati
1828 2731 2042 2781 sumus,

469 2808 566 2861 tibi
615 2807 937 2862 beneﬁcium
982 2815 1265 2877 acceptum
1315 2807 1624 2862 referimus.
1659 2804 1906 2862 Petimus
1945 2822 2042 2860 au-

470 2911 579 2954 tem
608 2899 771 2954 etiam
810 2898 979 2952 futuri
1004 2900 1265 2968 temporis
1299 2899 1610 2969 praesidium
1643 2907 1807 2968 atque
1833 2899 2043 2954 securi-

467 2997 659 3046 tatem.
696 2990 853 3056 Quod
888 2991 937 3046 si
996 2991 1192 3061 majori
1232 2991 1397 3045 etiam
1435 3005 1575 3059 opus
1618 2990 1779 3044 fuerit
1809 2991 2043 3045 advoca~

468 3086 619 3138 tione
645 3098 708 3138 ac
762 3083 1170 3153 deprecatione,
1208 3081 1443 3136 fratrum
1485 3091 1705 3136 tuorum
1739 3093 2040 3154 martyrum

465 3191 597 3246 coge
623 3176 876 3238 chorum,
903 3184 956 3229 et
986 3190 1108 3228 cum
1136 3175 1398 3228 omnibus
1421 3189 1522 3228 una
1551 3174 1876 3243 deprecare:
1906 3173 2046 3227 ntul-

465 3276 643 3321 torum
673 3266 945 3336 justorum
996 3281 1185 3336 preces
1221 3265 1591 3319 multitudinis
1624 3279 1688 3318 ac
1718 3265 2044 3335 populorum

465 3368 684 3429 peccata
736 3358 916 3424 luant;
977 3357 1210 3411 admone
1265 3357 1508 3420 Petrum,
1555 3356 1734 3410 excita
1793 3353 2042 3418 Paulum,

465 3451 731 3506 Joannem
766 3451 893 3505 item
932 3448 1267 3521 Theologum
1301 3465 1365 3502 ae
1404 3449 1730 3519 discipulum
1760 3447 2042 3511 dilectum,

467 3554 522 3598 ut
565 3559 664 3614 pro
697 3542 958 3597 Ecclesiis
1004 3559 1142 3610 quas
1177 3542 1586 3596 constituerunt
1637 3539 1854 3596 solliciti
1899 3540 2042 3608 sint,

464 3651 566 3708 pro
607 3634 808 3706 quibus
844 3642 1069 3688 catenas
1105 3643 1480 3706 gestaverunt,
1526 3648 1626 3702 pro
1651 3633 1854 3702 quibus
1902 3632 2046 3702 peri.

463 3729 586 3784 cula
641 3743 705 3781 ac
739 3735 942 3783 mortes
992 3726 1253 3792 tulerunt,
1309 3743 1377 3781 ne
1409 3726 1829 3782 simulacrorum
1861 3726 2044 3781 cultus

463 3821 750 3876 adversum
784 3835 884 3874 nos
921 3831 1082 3891 caput
1107 3821 1302 3885 tollat;
1335 3836 1404 3876 ne
1441 3821 1676 3876 hereses
1714 3821 1856 3875 sicut
1873 3821 2045 3890 spinae

462 3915 634 3969 vineae
683 3923 1056 3978 succrescant,
1116 3931 1182 3970 ne
1236 3914 1504 3968 zizanium
1557 3913 1759 3968 editum
1817 3913 2045 3968 suﬁ‘ocet

463 4007 724 4060 triticum.
760 4005 837 4061 Ne
865 4014 1136 4076 quapetra
1167 4009 1280 4062 veri
1313 4006 1455 4062 roris
1482 4004 1808 4076 pinguedine
1848 4019 2043 4059 carens

462 4101 749 4154 adversum
783 4116 883 4155 nos
903 4102 1152 4163 exsistat,
1182 4109 1237 4155 et
1268 4101 1542 4156 sermonis
1573 4115 1636 4154 ac
1669 4099 1825 4155 verbi
1860 4098 2044 4154 fertili-

461 4193 590 4247 tatis
618 4193 724 4246 vitn
777 4193 976 4248 radicis
1014 4201 1286 4263 expertem
1334 4191 1555 4256 efﬁciat,
1576 4191 1672 4247 sed
1701 4191 1901 4246 virtute
1939 4199 2045 4246 tua:

462 4285 847 4355 sociorumque
863 4297 1082 4339 tuorum
1113 4283 1536 4354 deprecationis,
1565 4299 1598 4340 ο
1623 4283 1706 4338 vir
1723 4282 2044 4339 admirande

2159 431 2295 502 μετά
2320 431 2600 500 δυνάμεων
2617 430 2710 482 καὶ
2734 427 3012 493 ἐξουσιῶν,
3040 426 3112 490 ὡς
3141 426 3325 490 δοῦλος
3357 428 3545 490 πιστὸς
3564 446 3732 495 προσ-

2155 522 2372 582 κυνεῖς·
2445 517 2641 589 μικρὸν
2693 515 2762 568 τὰ
2815 515 2999 567 αὐτόθι
3056 517 3569 585 παραιτησάμενος,
3601 513 3730 588 -ἦκε

2155 611 2292 681 πρὸς
2323 611 2446 673 τοὺς
2475 607 2748 679 τιμῶντάς
2770 623 2828 658 σε
2866 606 3096 675 ἀόρατος
3127 606 3277 674 φίλος
3297 624 3309 635 ’
3343 608 3630 679 ίστόρησον
3662 613 3732 664 τά

2151 701 2469 771 τελούμενα,
2489 701 2576 754 ἵνα
2594 701 2692 768 τὴν
2713 699 2791 762 είς
2818 697 2948 750 Θεὸν
2973 699 3322 768 εὐχαριστίαν
3343 699 3728 773 διπλασιάσης,

2153 796 2242 848 τὸν
2269 796 2385 848 ἀντὶ
2421 793 2622 856 πάθους
2652 792 2786 856 ἐνὸς,
2838 791 2930 844 καὶ
2973 793 3101 861 μιᾶς
3136 791 3388 854 εὐσεϐοῦς
3414 793 3729 863 ὁμολογίας,

2151 889 2419 951 τοσαύτας
2473 903 2553 938 σοι
2602 887 2701 948 τὰς
2743 884 2975 954 ἀμοιϐάς
3035 884 3397 955 χαρισάμενον
3425 902 3438 914 ·
3478 887 3732 957 κεύφραν-

2153 980 2300 1046 θείης
2332 980 2386 1032 δὲ
2419 977 2497 1048 τῷ
2519 978 2710 1047 αἵματι
2736 977 2828 1029 καὶ
2852 979 2915 1046 τῇ
2939 977 3030 1028 τού
3050 977 3217 1046 πυρὸς
3237 977 3510 1048 ἀλγηδόνι.
3529 980 3734 1043 Ὄσους

2151 1071 2257 1141 γὰρ
2277 1065 2420 1140 εἶχες
2443 1069 2563 1122 τότε
2593 1068 2753 1131 λαοὺς
2783 1069 2878 1136 τῆς
2899 1068 3169 1138 τιμωρίας
3195 1067 3413 1132 θεατάς,
3440 1071 3732 1134 τοσούτους

2151 1162 2244 1216 νῦν
2269 1161 2366 1230 τῆς
2399 1161 2562 1230 τιμῆς
2589 1159 2730 1230 ἔχεις
2757 1159 3056 1228 ὑπηρέτας.
3084 1159 3375 1229 Χρῄζομεν
3398 1161 3610 1212 πολλῶν
3639 1163 3730 1212 εὐ-

2150 1253 2412 1323 εργεσιῶν
2434 1269 2448 1282 ο
2479 1253 2810 1322 πρέσϐευσον
2845 1251 2983 1321 ὑπὲρ
3034 1249 3134 1318 τῆς
3165 1251 3418 1320 πατρίδος
3463 1253 3600 1322 πρὸς
3634 1253 3730 1304 τὸν

2151 1346 2324 1397 κοινὸν
2351 1343 2569 1414 βασιλέα
2597 1360 2609 1371 ·
2643 1342 2837 1410 πατρὶς
2870 1340 2978 1411 γάρ
3011 1341 3307 1412 μάρτυρος,
3335 1342 3428 1395 τοῦ
3460 1342 3724 1414 πάθουςή

2149 1435 2302 1505 χώρα
2326 1451 2338 1463 ·
2390 1434 2600 1487 πολῖται
2629 1432 2684 1484 δὲ
2719 1433 2811 1485 καὶ
2845 1435 3146 1499 συγγενεῖς.
3199 1434 3246 1484 οἱ
3279 1433 3723 1505 περιστείλαντες

2152 1529 2246 1580 καὶ
2270 1527 2482 1596 ἔχοντες
2506 1526 2597 1578 καὶ
2621 1525 2908 1596 τιμῶντες.
2928 1522 3289 1596 ’Υιρορὼμεθα
3315 1525 3540 1594 θλίψεις,
3565 1544 3728 1596 προσο

2151 1620 2392 1690 δοκῶμεν
2431 1618 2725 1682 κινδύνους,
2759 1617 2819 1669 οὐ
2857 1618 3074 1689 μακρὰν
3122 1619 3171 1669 οί
3210 1617 3474 1688 ἀλιτήριοι
3523 1619 3726 1671 Σκύθαι

2149 1714 2239 1765 τὸν
2283 1711 2401 1765 καθ’
2452 1712 2609 1782 ἡμῶν
2660 1710 2936 1773 ὡδίνοντες
2967 1710 3234 1781 πόλεμονο
3283 1711 3357 1774 ὡς
3388 1711 3726 1783 στρατιώτης

2150 1801 2538 1872 ὐπερμάχησον
2563 1819 2576 1832 ·
2604 1801 2680 1864 ὼς
2719 1802 2930 1872 μάρτυς
2959 1801 3099 1872 ὑπὲρ
3126 1801 3233 1855 τῶν
3257 1803 3559 1872 ὁμοδούλων
3589 1806 3726 1876 χρῆ-

2148 1911 2236 1946 σαι
2281 1897 2344 1964 τῇ
2393 1894 2692 1965 παρρησία.
2751 1893 2812 1946 Et
2843 1894 2937 1947 καὶ⁹
2971 1893 3243 1965 ὑπερέϐης
3285 1895 3375 1946 τὸν
3399 1895 3552 1964 βίον,
3610 1898 3726 1950 ἀλλ’

2146 1982 2291 2049 οἶδας
2333 1987 2402 2040 τὰ
2443 1987 2586 2057 πάθη
2635 1987 2728 2039 καὶ
2766 1986 2864 2050 τὰς
2902 1987 3090 2058 χρείας
3121 1987 3220 2056 τῆς
3261 1987 3680 2060 άνθρωπότητος
3713 2008 3722 2018 ·

2147 2079 2366 2149 αἴτησον
2401 2079 2645 2148 εἰρήνην,
2690 2079 2773 2130 ἵνα
2801 2081 2855 2132 αἱ
2896 2077 3230 2149 πανηγύρεις
3255 2073 3415 2132 αὗται
3448 2080 3522 2150 μὴ
3546 2080 3721 2152 λήξωο

2149 2186 2265 2234 σιν,
2321 2169 2408 2222 ἵνα
2463 2169 2539 2240 μὴ
2587 2169 2818 2239 κωμάσῃ
2867 2169 3003 2222 κατὰ
3049 2169 3190 2222 ναῶν
3241 2169 3273 2240 ἦ
3324 2168 3724 2242 θυσιαστηρίιυν

2146 2259 2354 2313 λυσσῶν
2383 2261 2478 2313 καὶ
2515 2261 2751 2329 ἄθεσμος
2801 2259 3075 2332 βάρϐαρος
3102 2302 3117 2325 ,
3167 2261 3256 2313 ἵνα
3293 2261 3366 2331 μή
3406 2263 3628 2334 πατήσῃ
3656 2265 3723 2316 τά

2146 2353 2276 2423 ἅγια
2323 2354 2563 2424 βέϐηλος.
2622 2354 2814 2425 Ἡμεῖς
2857 2355 2965 2426 γάρ
3025 2356 3117 2408 καὶ
3179 2355 3320 2426 ὑπὲρ
3365 2348 3438 2408 ὧν
3490 2358 3721 2420 ἀπαθεῖς

2146 2447 2544 2518 ἐφυλάχθημεν,
2570 2447 2652 2500 σοὶ
2682 2447 3006 2519 λογιζόμεθα
3035 2449 3134 2518 τὴν
3157 2449 3504 2519 εὐεργεσίανο
3541 2451 3723 2504 αἰτοῦ-

2149 2557 2247 2610 μεν
2271 2539 2326 2593 δὲ
2358 2541 2449 2593 καὶ
2485 2539 2578 2593 τοῦ
2619 2540 2901 2612 μέλλοντος
2950 2541 3046 2612 τὴν
3080 2543 3398 2610 ἀσφάλειαν.
3434 2545 3531 2596 Ἂν
3563 2547 3722 2614 χρεία

2144 2631 2367 2700 γένηται
2400 2633 2492 2686 καὶ
2523 2633 2765 2696 πλείονος
2807 2632 3104 2697 δυσωπίας,
3161 2635 3412 2706 ἄθροισον
3437 2635 3530 2688 τὸν
3562 2637 3722 2706 xor)»

2148 2723 2250 2776 τῶν
2285 2724 2391 2776 σῶν
2420 2724 2664 2792 ἀδελφῶν
2690 2723 2800 2778 τῶν
2847 2723 3160 2795 μαρτύρων,
3195 2728 3288 2778 καὶ
3327 2726 3464 2796 μετὰ
3498 2725 3720 2778 πάντων

2143 2816 2382 2888 δεήθητι·
2442 2817 2650 2871 πολλῶν
2703 2816 2927 2870 δικαίων
2982 2818 3158 2888 εὐχαὶ,
3208 2817 3350 2871 λαῶν
3393 2818 3485 2870 καὶ
3531 2818 3721 2888 δήμων

2144 2908 2419 2977 ἁμαρτίας
2449 2908 2765 2962 λυσάτωσαν
2786 2924 2799 2935 ⁸
2847 2907 3158 2978 ὑπόμνησον
3190 2909 3413 2981 Πέτρον,
3455 2908 3722 2980 διέγειρον

2144 3000 2374 3064 Παῦλον,
2412 3001 2663 3070 Ἰωάννην
2693 3000 2893 3070 ὁμοίως
2923 2999 3015 3053 τὸν
3068 3000 3314 3068 θεολόγον
3347 3003 3440 3054 καὶ
3464 3003 3721 3073 φιλούμε-

2145 3107 2232 3144 νον
2263 3091 2543 3161 μαθητήν’
2577 3091 2645 3144 ἶν’
2674 3091 2814 3162 ὑπὲρ
2851 3091 2964 3144 τῶν
3003 3091 3336 3160 Ἐκκλησιῶν
3369 3091 3435 3156 ἃς
3465 3098 3720 3164 συνεστήο

2147 3201 2307 3238 σαντο
2335 3184 2761 3254 μεριμνήσωσιν,
2793 3183 2932 3254 ὑπὲρ
2955 3175 3029 3238 ὧν
3058 3183 3156 3246 τὰς
3189 3183 3404 3246 ἁλύσεις
3427 3185 3718 3256 ἑφόρεσαν,

2146 3275 2286 3346 ὑπὲρ
2314 3268 2388 3329 ὧν
2422 3276 2546 3338 τούς
2575 3275 2851 3340 κινδύνους
2881 3277 2975 3330 καὶ
3014 3277 3140 3340 τοὺς
3172 3275 3429 3341 θανάτους
3457 3279 3717 3348 ἤνεγκαν·

2149 3368 2224 3438 μὴ
2257 3367 2670 3439 είδωλολατρεία
2708 3369 2817 3443 ἄρῃ
2845 3368 2964 3422 καθ’
2997 3369 3154 3440 ήμῶν
3187 3370 3429 3441 κεφαλὴν
3451 3410 3466 3432 ,
3517 3373 3594 3441 μὴ
3638 3374 3720 3425 αἱ-

2150 3459 2324 3530 ρέσεις
2362 3461 2438 3523 ὼς
2486 3459 2718 3514 ἄκανθαι
2760 3461 2838 3533 τῷ
2889 3461 3169 3533 ἀμπελῶνι
3231 3463 3719 3534 ὐποϐλαστήσωσι,

2149 3554 2224 3625 μὴ
2252 3552 2488 3618 ζιζάνιον
2516 3553 2736 3626 ὲγερθὲν
2775 3553 2938 3628 πνίξῃ
2979 3554 3067 3608 τὸν
3098 3557 3260 3608 σῖτονο
3312 3555 3387 3626 μή
3429 3573 3514 3619 τις
3543 3557 3720 3626 πέτρα

2145 3644 2368 3717 γένηται
2391 3645 2511 3698 καθ’
2537 3646 2695 3716 ήμῶν
2719 3645 3015 3717 λειπομένη
3052 3646 3152 3717 τῆς
3179 3646 3430 3715 πιότητος
3458 3651 3558 3718 τῆς
3591 3648 3721 3718 άληο

2147 3735 2296 3806 θινῆς
2345 3736 2570 3807 δρόσου,
2621 3738 2717 3790 καὶ
2753 3737 2942 3808 ἄριξον
2983 3736 3238 3808 ἀποδείξῃ
3271 3737 3368 3805 τῆς
3414 3738 3719 3808 εὐκαρπίας

2143 3828 2237 3881 τοῦ
2289 3828 2446 3897 λόγου
2475 3828 2572 3894 τὴν
2619 3829 2878 3900 δύναμιν·
2938 3827 3071 3883 ἀλλὰ
3109 3831 3176 3899 τῇ
3209 3828 3430 3900 δυνάμει
3477 3829 3581 3899 τῆς
3622 3831 3717 3898 σῆς

2145 3922 2438 3993 πρεσϐείας
2467 3923 2563 3976 καὶ
2593 3923 2702 3976 τῶν
2732 3923 2827 3976 σὺν
2860 3923 2963 3986 σοὶ,
2981 3921 3280 3992 θαυμαστὲ,
3314 3923 3405 3975 καὶ
3437 3924 3719 3993 ὑπερλάμ-

2143 4029 2245 4066 πον
2292 4015 2348 4066 ὲν
2373 4015 2484 4077 τοῖς
2519 4013 2754 4085 μάρτυσι
2794 4012 2943 4084 λήϊον
2979 4013 3324 4083 ἀποδειχθείη
3354 4013 3414 4065 τὸ
3442 4012 3550 4064 τῶν
3585 4014 3711 4083 X9:-

2147 4105 2374 4158 στιανῶν
2402 4105 2697 4176 πολίτευμα
2726 4105 2888 4176 μέχρι
2911 4105 3096 4168 τέλους
3125 4106 3298 4176 μένον,
3334 4107 3392 4158 ἐν
3420 4108 3485 4176 τῇ
3511 4104 3718 4176 λιπαρᾷ

2143 4197 2240 4249 καὶ
2263 4197 2524 4269 εὐκάρπῳ
2547 4198 2646 4268 τῆς
2663 4199 2720 4250 ὲν
2741 4195 2960 4267 Χριστῷ
2984 4197 3217 4259 πίστεως
3244 4195 3455 4267 άρούρᾳ
3481 4197 3568 4249 ἀεὶ
3594 4215 3720 4267 καρ-

2145 4287 2417 4360 ποφοροῢν
2433 4289 2533 4359 τὴν
2554 4289 2771 4342 αἰώνιον
2799 4288 2968 4360 ζωὴν,
2986 4288 3086 4358 τὴν
3110 4288 3168 4341 ἐν
3198 4287 3416 4358 Χριστῷ
3448 4286 3626 4358 Ἰησοῦ
3642 4289 3718 4358 τῷ

461 4390 626 4447 atque
664 4380 806 4434 inter
843 4389 1110 4449 martyres
1159 4380 1405 4434 eminens
1441 4387 1496 4434 et
1536 4378 1830 4441 excellens,
1879 4376 2041 4432 Chri-

2148 4379 2333 4450 Κυρίῳ
2354 4379 2529 4451 ήμῶν.
2557 4378 2692 4433 Μεθ’
2725 4374 2786 4434 οὗ
2819 4379 2896 4451 τῷ
2925 4380 3099 4450 Πατρὶ
3133 4378 3250 4448 ἅμα
3276 4377 3353 4448 τῷ
3382 4377 3521 4449 ἁγίῳ
3546 4380 3717 4431 Πνεύ-

461 4470 765 4524 stianorutn
789 4471 1092 4541 respublica
1117 4485 1341 4540 campus
1360 4479 1602 4540 segetum
1627 4468 1908 4532 reddatur,
1946 4467 2040 4538 qui

461 4579 690 4634 campus
713 4563 782 4618 ad
820 4565 982 4620 ﬁnem
1007 4579 1181 4635 usque
1208 4571 1424 4619 maneat
1457 4565 1512 4619 in
1543 4563 1730 4634 pingui
1761 4561 2038 4632 fertilique

2149 4489 2297 4542 ματι,
2325 4472 2472 4538 δόξα,
2511 4473 2729 4543 κράτος,
2761 4473 2918 4544 τιμὴ,
2970 4470 3065 4526 νῦν
3098 4470 3194 4524 καὶ
3229 4470 3316 4524 ἀεὶ
3354 4472 3448 4524 καὶ
3482 4472 3564 4534 εἰς
3593 4473 3718 4534 τοὺς

2144 4562 2345 4627 αἰῶνας
2378 4563 2486 4616 τῶν
2511 4561 2745 4617 αἰώνων.
2797 4564 2989 4634 Ἀμήν.

471 4674 604 4714 arvo
636 4659 759 4714 ﬁdei
785 4659 840 4712 in
862 4659 1400 4729 Cbristum,semper
1419 4659 1657 4713 fructum
1677 4657 1846 4714 edens
1861 4664 2082 4713 aeternae
2115 4657 2262 4723 vitae,
2298 4674 2420 4729 qua:
2450 4659 2678 4730 contigit
2706 4669 2803 4729 per
2855 4658 3135 4714 Christum
3174 4655 3361 4713 Iesum
3419 4654 3716 4710 Dominum

461 4760 732 4808 nostrum.
795 4751 932 4806 Cum
979 4766 1090 4821 quo
1125 4749 1273 4807 Patri
1303 4749 1466 4807 simul
1497 4757 1550 4806 et
1597 4746 1827 4819 Spiritui
1867 4756 2060 4804 sancto
2082 4747 2278 4818 gloria,
2311 4749 2598 4819 imperium
2622 4757 2676 4803 et
2706 4751 2881 4804 honor
2927 4765 3074 4804 nunc
3100 4759 3155 4803 et
3184 4761 3421 4817 semper,
3451 4755 3507 4802 et
3541 4748 3594 4801 in
3614 4763 3716 4804 sa:-

460 4843 586 4897 cula
621 4843 970 4899 seculorum.
997 4850 1189 4900 Amen.
