3850 6454
190 460 1517 493 mm

1274 307 1342 362 ΙΝ
1386 304 1885 374 ρυΑυιιΑςιΝΤΛ
1920 305 2328 363 MARTYRES.

1334 605 1632 721 ΤΟΥ
1759 604 2249 720 ΑΥΤΟΥ

2369 459 3427 495 w

1624 823 1979 877 ΕΓΚΩΜΙΟΝ

470 972 642 1057 ΕΙΣ
714 904 1007 1057 Torz
1072 969 1474 1055 ΑΓΙΟΥΣ
1546 967 2411 1053 ΤΕΣΣΑΡΑΚΟΝΤΛ
2504 960 3143 1054 ΜΑΡΤΥΡΑΣ.·

1512 1260 2099 1367 EJUSDEM

1595 1468 1663 1524 IN

817 1628 971 1716 SS.
1066 1627 1923 1733 QUADRAGINTA

1729 1468 2013 1525 LAUDEM

2036 1621 2761 1731 MARTYRUM.

1547 1814 1733 1866 Eodem
1756 1812 2049 1877 interprete,

788 2028 1011 2086 ΛΟΓΟΣ
1054 2033 1131 2087 A'.

232 2139 329 2214 Οἷς
379 2149 634 2203 ἀνιᾶσθαι
687 2150 813 2212 τοὺς
862 2148 1089 2212 πολλοὺς
1130 2147 1488 2220 στοχάζομαι,
1540 2148 1751 2212 τούτοις

160 2244 324 2307 αὐτὸς
352 2244 659 2313 ἀγάλλομαι
683 2241 779 2313 τὴν
798 2242 1057 2295 διάνοιαν.
1100 2241 1286 2311 Ἀηδὲς
1310 2242 1444 2312 γὰρ,
1479 2242 1554 2305 ὠς
1580 2244 1747 2309 εἰκὸς,

158 2340 276 2400 τοῖς
315 2336 529 2399 πολλοῖς
581 2335 643 2388 τὸ
688 2336 746 2386 ἐν
786 2333 1039 2403 ἀλλήλοις
1087 2333 1486 2397 συνθλίϐεσθαι,
1541 2336 1664 2404 ἐμοὶ
1694 2336 1751 2389 δὲ

159 2429 320 2483 τοῦτο
352 2428 648 2498 κεφάλαιον
690 2426 1029 2499 εὐφροσύνης
1063 2426 1227 2479 ἐστίν.
1256 2426 1621 2497 Εὑφραίνεται
1642 2427 1752 2498 γὰρ

158 2522 441 2592 ὀφθαλμὸς
468 2520 561 2574 τοῦ
594 2520 871 2590 ποιμένος,
899 2519 959 2572 τὸ
984 2519 1233 2589 ποίμνιον
1250 2519 1463 2589 βλέπων
1486 2519 1592 2573 ὑπὸ
1618 2520 1752 2593 πλή-

163 2615 291 2677 θους
360 2612 899 2683 στενοχωρούμενον,
964 2610 1057 2663 καὶ
1114 2609 1215 2679 τῆς
1275 2609 1517 2681 μάνδρας
1585 2610 1752 2681 ὑπερ-

160 2707 443 2778 χεόμενον·
513 2704 691 2757 καίτοι
755 2720 819 2771 γε
876 2703 937 2756 οὐ
998 2704 1169 2771 μικρά
1206 2701 1313 2754 τῶν
1373 2700 1659 2773 προϐάτων
1718 2702 1751 2769 ἡ

160 2796 424 2860 ἔπαυλις,
473 2796 609 2849 ἀλλά
650 2794 841 2865 στενὴν
873 2796 1017 2846 ποιεῖ
1065 2793 1161 2863 τὴν
1205 2792 1546 2865 εὐρυχωρίαν
1588 2792 1753 2863 εύθη-

157 2890 423 2959 νούμενον
452 2887 533 2958 τῷ
554 2888 746 2957 πλήθει
769 2886 829 2939 τὸ
859 2886 1127 2956 ποίμνιον.
1147 2884 1397 2938 Τοιοῦτόν
1424 2902 1477 2937 τι
1498 2885 1592 2937 καὶ
1625 2885 1754 2954 περὶ⁹

158 2981 255 3034 τὸν
302 2979 512 3051 Κύριον
545 2980 574 3032 ὁ
606 2978 814 3048 Πέτρος
854 2975 979 3029 ἰδὼν
1023 2974 1358 3045 ἀπεκρίνατο
1404 2974 1597 3043 λέγων,
1646 2976 1748 3039 ὄτι,

172 3069 526 3131 Ἐπιστάτα.
562 3071 610 3122 οἱ
657 3069 828 3138 ὄχλοι
879 3066 1220 3135 συνέχουσι
1254 3081 1328 3119 σε
1363 3065 1461 3119 καὶ
1505 3066 1753 3119 ἀποθλί-

159 3165 402 3217 ϐουσιν.
430 3164 656 3227 Ὄντως,
684 3159 867 3224 καθώς
891 3159 1022 3229 φησί
1052 3162 1155 3211 που
1186 3160 1213 3211 ὁ
1237 3157 1377 3220 θεῖος
1409 3157 1750 3220 Ἀπόστολος,

156 3256 220 3309 τὸ
248 3255 525 3310 θλίϐεσθαι
545 3255 638 3308 καὶ
660 3253 735 3323 μὴ
767 3249 1213 3323 στενοχωρεῖσθαι
1231 3249 1385 3303 τοῦτό
1428 3251 1565 3302 ἐστι.
1586 3250 1753 3303 Παντὶ

155 3347 292 3418 γὰρ,
313 3348 467 3417 φησὶ,
493 3345 819 3415 θλιϐόμενοι,
838 3344 951 3398 ἀλλ’
982 3344 1044 3397 ού
1069 3343 1579 3415 στενοχωρούμενοι.
1612 3342 1754 3411 Ἐγὼ

156 3438 215 3491 δὲ
251 3438 378 3489 τίνα
418 3437 838 3507 προχειρίσομαι
865 3433 1023 3502 λόγον
1052 3433 1147 3485 ἐπὶ
1182 3432 1275 3485 τοῦ
1304 3432 1545 3486 τοιούτου
1574 3433 1755 3485 συλλό-

156 3546 295 3597 γους
344 3527 440 3592 Τίς
468 3528 630 3580 δώσει
684 3543 775 3597 μοι
824 3525 1007 3595 φωνὴν
1059 3525 1358 3592 σάλπιγγος
1397 3525 1754 3595 ὑψηλοτέραν,

156 3624 307 3678 ὥστε
357 3622 704 3694 ὑπερηχῆσαι
750 3621 813 3673 τὸ
857 3619 1084 3689 πλῆθος,
1129 3621 1222 3672 καὶ
1262 3621 1381 3682 ταῖς
1420 3619 1611 3681 ἀκοαῖς
1650 3617 1755 3670 τῶν

159 3714 599 3784 συνειλεγμένων
626 3712 987 3768 ἐναποοέσθαι
1010 3716 1081 3765 τά
1110 3713 1362 3782 mpura;
1396 3710 1540 3781 Πρὸς
1564 3709 1615 3763 τί
1647 3709 1755 3762 τῶν

154 3807 598 3877 ἀνεγνωσμένων
631 3804 833 3878 τρέψας
856 3804 1094 3876 ἐμαυτοῦ
1116 3805 1213 3874 τὴν
1236 3802 1495 3866 διάνοιαν,
1523 3802 1756 3872 πρόσφοο

160 3922 260 3975 ρον
294 3901 503 3974 ὲξεύρω
533 3903 645 3964 τοῖς
689 3899 925 3970 παροῦσι
966 3898 1058 3951 τὸν
1100 3898 1294 3966 λόγον;
1348 3898 1518 3959 Πολὺς
1560 3896 1589 3949 ὁ
1634 3895 1755 3949 Ἰὼϐ

157 3995 439 4049 παιδεύων
474 3994 553 4056 εἰς
577 3991 828 4065 ἀνδρείαν
867 3991 957 4044 τὸν
982 3989 1094 4059 βίον
1124 3991 1237 4052 τοῖς
1265 3988 1387 4042 καθ’
1417 3987 1609 4041 ἑαυτὸν
1630 3988 1757 4039 ὑπο-

156 4088 447 4157 δείγμασι,
488 4083 656 4146 πολὺς
691 4086 719 4137 ὁ
757 4082 1167 4153 Παροιμιαστὴς
1206 4083 1315 4143 τοῖς
1345 4078 1654 4149 αἰνίγμασι.
1688 4078 1754 4130 Τί

157 4181 208 4232 δ’
244 4178 315 4231 ἄν
342 4193 426 4239 τις
447 4176 591 4229 εῐποι
618 4174 747 4244 περὶ
773 4173 867 4227 τοῦ
894 4170 1037 4241 ἱεροῦ
1086 4170 1427 4234 Ἀποστόλου,
1465 4168 1522 4233 ὃς
1553 4171 1618 4221 ἐκ
1653 4168 1755 4221 τῶν

157 4270 425 4343 ἀρρήτων
460 4265 721 4338 ῥημάτων
764 4265 987 4319 ἐκείνων
1018 4262 1055 4317 ἃ
1094 4263 1234 4333 ὑπὲρ
1277 4265 1375 4332 τὴν
1408 4260 1755 4331 ἀνθρωπίνην

157 4362 311 4415 εἷναί
338 4378 471 4431 φησι
498 4358 849 4428 κατανόησιν,
874 4357 1017 4427 τάχα
1052 4354 1142 4409 διὰ
1174 4355 1273 4425 τῆς
1294 4352 1430 4424 πρὸς
1476 4352 1755 4420 Ἐφεσίους

156 4452 515 4514 διδασκαλίας
553 4452 649 4504 ml.
695 4451 827 4519 ἡμῖν
875 4447 1180 4517 ὑπελάλησε
1218 4447 1308 4499 τὸν
1358 4446 1671 4516 ἀπόρρητον
1698 4445 1754 4495 ὲν

157 4544 242 4613 τῷ
316 4542 537 4613 σταυρῷ
592 4542 784 4610 λόγον,
825 4540 892 4594 δι’
935 4540 1275 4610 αἰνιγμάτων
1332 4536 1750 4592 ἀνακαλύπτων.

157 4634 409 4689 Τοιαῦτα
430 4635 485 4688 δὲ
508 4636 672 4705 ἕτερα
692 4635 786 4687 καὶ
806 4634 874 4687 τὰ
894 4634 959 4687 ὲκ
982 4633 1082 4703 τῆς
1104 4630 1426 4702 ψαλμῳδίας
1455 4633 1750 4701 μυστήρια,

1761 1950 1831 1959 -.

1781 2041 1824 2096 Α

154 4728 495 4798 ἀνάμνησις,
530 4728 625 4779 καὶ
675 4726 1069 4797 στηλογραφία,
1104 4723 1200 4778 καὶ
1232 4722 1527 4793 ὲπιλήνιος.
1570 4722 1755 4776 Ταῦτα
1780 4758 1823 4814 c

154 4822 272 4891 γὰρ
316 4821 376 4872 ὲν
401 4821 522 4883 ταῖς
561 4821 898 4891 ἐπιγραφαῖς
932 4818 1040 4871 τῶν
1067 4816 1599 4885 ὑπαναγνωσθέντων
1625 4817 1754 4886 ἡμῖν

152 4912 401 4984 ψαλμῶν
432 4912 886 4981 κατανοήσαντες,
919 4910 979 4963 ού
1018 4910 1221 4981 μικρὰν
1252 4908 1467 4980 ὁρῶμεν
1500 4909 1753 4980 ἀφορμὴν

152 5004 239 5074 τῷ
277 5001 425 5072 λόγῳ
460 5000 549 5055 διὰ
580 5000 686 5053 τῶν
726 5000 1062 5070 αἰνιγμάτων
1090 5000 1396 5071 διδομένην.
1440 4999 1578 5052 Ἀλλ’
1631 4999 1754 5069 ἐμοὶ

152 5095 219 5147 τὸ
260 5092 365 5162 μὲν
391 5093 503 5155 τοῖς
533 5091 846 5162 εἰρημένοις
869 5091 1193 5158 ἐπεξελθεῖν,
1220 5092 1473 5161 εὔκαιρον
1508 5086 1646 5143 εἷναι
1669 5089 1753 5143 δο-

156 5190 249 5240 κεῖ
282 5185 523 5255 δευτέρῳ
566 5183 967 5254 ταμιεύσασθαι
1016 5184 1222 5254 χρόνῳ·
1259 5181 1512 5253 ἐπιθυμῶ
1556 5182 1615 5235 δὲ
1651 5181 1751 5251 τῆς

155 5278 455 5351 παρούσης
494 5277 715 5349 χάριτος
756 5276 1065 5349 πρόσφορόν
1104 5294 1225 5330 τινα
1277 5278 1371 5330 καὶ
1418 5275 1752 5345 κατάλληλον

154 5374 410 5443 ἐξευρεῖν
434 5371 533 5442 τὴν
560 5372 764 5442 φωνήν.
796 5371 891 5434 Τίς
930 5366 1025 5424 οὖν
1070 5372 1217 5424 ἐστιν
1249 5370 1420 5439 αὒτη;
1454 5365 1584 5422 Οἶδά
1632 5384 1754 5421 τινα

239 5512 254 5540 ¹
288 5508 426 5563 Luc.
452 5524 570 5570 vm,
602 5506 693 5561 43.

211 5646 316 5714 (ι)
360 5642 459 5698 Est
496 5650 677 5698 autem
713 5640 1036 5714 principium
1076 5638 1258 5714 potius
1282 5638 1547 5714 orationis
1579 5654 1606 5714 :_
1627 5651 1750 5689 nam

155 5709 306 5767 cunt
333 5718 571 5768 tumultu
631 5709 979 5782 ac—strepitu
1020 5712 1269 5782 certatim
1315 5709 1755 5782 conﬂuentishet

159 5800 296 5841 sese
336 5785 789 5856 constipautisiu
820 5778 1023 5852 templo
1077 5780 1450 5835 multitudinis
1503 5778 1750 5835 exaudiri

2423 2025 2683 2083 ORATIO
2722 2027 2739 2079 l
2775 2028 2872 2098 (α).

1922 2142 2071 2209 Quas
2115 2157 2202 2197 res
2257 2141 2518 2196 existimo
2569 2140 2850 2210 plerisque
2895 2153 3095 2210 graves
3135 2155 3199 2194 ac
3262 2141 3439 2195 mole-

1854 2241 1969 2288 stas
2008 2247 2153 2296 esse,
2201 2232 2287 2286 his
2337 2232 2456 2302 ipse
2505 2232 2691 2285 animo
2723 2231 2899 2285 laator.
2939 2230 3226 2286 Molestum
3289 2232 3435 2287 enim

1854 2327 2112 2379 nimirum
2146 2324 2427 2394 plerisque
2453 2332 2539 2379 est
2569 2323 2859 2393 comprimi
2885 2323 3029 2378 inter
3064 2339 3187 2380 sese
3209 2333 3263 2380 et
3299 2341 3438 2381 con-

1852 2419 2045 2491 stipari
2073 2437 2086 2470 :
2118 2419 2221 2472 hoc
2251 2432 2380 2472 vero
2408 2415 2541 2470 mihi
2576 2430 2802 2470 summa:
2857 2413 3061 2470 laetitiae
3111 2426 3221 2473 est.
3266 2415 3442 2472 Laeta-

1854 2520 1943 2566 tur
1967 2512 2112 2567 enim
2151 2511 2345 2565 oculus
2380 2510 2639 2579 pastoris,
2672 2524 2797 2564 cum
2842 2525 3061 2581 gregem
3092 2525 3205 2581 pra:
3247 2511 3438 2565 multi-

1854 2603 2044 2658 tudine
2066 2605 2363 2669 coarctari,
2395 2612 2449 2657 et
2482 2603 2625 2657 ovile
2656 2602 2980 2673 superluudi
3015 2603 3162 2658 videt
3194 2646 3209 2671 ,
3256 2620 3439 2674 quan-

1853 2713 2011 2766 quam
2032 2713 2139 2752 uon
2156 2698 2412 2767 exiguum
2431 2696 2612 2750 ovium
2631 2696 2905 2751 stabulum
2922 2703 3025 2761 est,
3043 2696 3137 2751 sed
3161 2696 3439 2751 laxitatem

1853 2798 2143 2860 angustam
2195 2788 2375 2844 eﬂ‘ecit
2421 2789 2772 2844 multitudine
2822 2805 2953 2858 grex
2983 2788 3295 2845 abundans.
3331 2789 3442 2842 llu—

1849 2879 2089 2950 jusmodi
2142 2879 2274 2950 quid
2317 2880 2479 2935 etiam
2519 2881 2668 2934 circa
2708 2879 2999 2934 Dominum
3044 2879 3242 2937 Petrus
3306 2897 3442 2937 cou-

1854 2971 2097 3042 spicatus
2127 2971 2412 3041 respondit
2443 2971 2529 3027 bis
2556 2972 2773 3026 verbis:
2806 2971 3130 3042 Prwceptor,
3173 2978 3339 3029 rurba:
3396 2987 3445 3029 te

1856 3066 2217 3134 comprimunt
2244 3074 2293 3117 et
2322 3074 2597 3118 coarctant
2616 3066 2652 3117 ¹.
2678 3063 2793 3120 Hoc
2825 3066 2985 3135 plane
3013 3076 3118 3131 est,
3147 3077 3205 3122 ut
3237 3068 3440 3122 alicubi

1855 3160 2031 3230 inquit
2068 3159 2291 3213 divinus
2332 3158 2649 3229 Apostolus,
2685 3160 2883 3229 premi,
2915 3167 2969 3213 et
3005 3175 3115 3214 non
3148 3161 3202 3214 in
3268 3178 3444 3232 angu-

1855 3252 1988 3307 stias
2015 3251 2202 3323 redigi.
2264 3250 2398 3304 Dum
2434 3250 2489 3305 in
2518 3252 2665 3305 omni
2695 3266 2774 3315 re,
2814 3251 3028 3321 inquit,
3065 3254 3357 3323 urgemini,
3389 3265 3446 3311 et

1858 3358 1966 3398 non
1989 3344 2043 3397 iu
2074 3343 2361 3413 angustias
2409 3343 2739 3412 redigimini.
2772 3342 2884 3413 Ego
2916 3358 3047 3397 vero
3102 3360 3266 3415 quam
3315 3360 3446 3416 pro-

1859 3450 2003 3489 mam
2044 3438 2347 3491 orationem
2375 3435 2429 3488 in
2453 3435 2723 3505 ejusmodi
2757 3444 3030 3491 conventu
3060 3437 3083 3490 ?
3116 3438 3241 3508 quis
3291 3438 3445 3493 dabit

1858 3528 1990 3582 mihi
2025 3542 2211 3583 vocem
2242 3528 2370 3581 tuba
2405 3527 2695 3581 clariorem
2727 3536 2781 3583 et
2809 3529 2983 3597 magis
3035 3544 3297 3585 sonoram
3334 3568 3349 3591 ,
3381 3541 3443 3584 ut
3490 3584 3491 3587 η
3556 3510 3561 3515 ’

1859 3620 2174 3676 resonantia
2235 3620 2532 3690 strepitum
2589 3622 2958 3679 multitudinis
2991 3632 3234 3693 superet,
3286 3632 3342 3679 et
3387 3626 3445 3679 iu

1858 3712 2087 3767 auribus
2124 3718 2582 3782 congregatorum
2615 3712 2779 3767 verba
2812 3713 3118 3768 recondat?
3161 3715 3225 3768 ad
3283 3713 3445 3784 quid-

1859 3820 1985 3860 nam
2020 3820 2211 3860 eorum
2243 3821 2364 3875 quae
2405 3804 2687 3875 (publice)
2737 3806 2877 3860 lecta
2913 3816 3062 3870 sunt,
3089 3815 3270 3862 mente
3322 3820 3445 3861 mea

1856 3914 2123 3954 conversa
2155 3899 2319 3954 rebus
2361 3898 2728 3969 praesentibus
2771 3899 3189 3954 convenientem
3234 3908 3288 3954 et
3344 3914 3443 3954 ae-

1857 3990 2261 4046 commodatum
2300 3990 2625 4059 excogitabo
2652 4006 2960 4046 sermonem
2990 3991 3013 4045 ?
3042 3990 3271 4046 Multum
3301 3992 3447 4047 valet

1855 4082 1958 4137 Job
1986 4085 2040 4137 in
2079 4082 2416 4139 instituenda
2447 4084 2555 4137 vita
2588 4083 2657 4137 ad
2689 4082 3066 4138 fortitudinem
3096 4084 3213 4139 suis
3259 4099 3446 4140 exem—

1857 4176 1961 4245 plis
1987 4216 2000 4235 ,
2034 4176 2245 4229 multus
2292 4174 2347 4227 in
2395 4175 2703 4244 :enigmatis
2735 4183 2788 4230 et
2817 4175 3105 4230 verborum
3141 4175 3445 4231 involucris

1855 4266 2094 4333 scriptor
2142 4263 2580 4318 Proverbiorum.
2616 4263 2757 4329 Quid
2790 4264 2917 4319 item
2949 4266 3017 4320 de
3072 4280 3233 4320 sacro
3297 4267 3444 4336 Apo-

1856 4357 2000 4412 stolo
2035 4356 2238 4411 dixerit
2282 4356 2530 4425 aliquis?
2565 4355 2667 4421 Qui
2721 4371 2787 4410 ex
2817 4355 3037 4411 arcanis
3099 4357 3210 4413 illis
3260 4357 3445 4412 verbis

1855 4464 1976 4518 qua:
2004 4463 2173 4519 supra
2202 4456 2423 4517 captum
2472 4456 2526 4502 et
2570 4450 2906 4505 intellectum
2963 4449 3263 4503 humanum
3315 4465 3443 4505 esse

1856 4543 1964 4607 ait,
2008 4541 2245 4597 fortasse
2272 4556 2371 4610 per
2419 4542 2753 4606 doctrinam,
2816 4557 2924 4610 qua
2987 4542 3225 4596 instituit
3267 4540 3446 4611 prec

1857 4634 1993 4697 sius,
2034 4635 2199 4689 etiam
2266 4635 2426 4689 nobis
2467 4636 2714 4705 suggerit
2756 4648 3020 4688 arcanum
3056 4634 3111 4689 in
3147 4649 3315 4689 cruce
3352 4650 3448 4704 per

1856 4728 2146 4797 amigmata
2189 4738 2352 4797 atque
2382 4727 2669 4781 involuc’ra
2717 4726 3009 4781 verborum
3040 4726 3302 4797 detegens
3331 4742 3447 4782 ser-

1865 4835 2105 4874 mortem.
2160 4818 2488 4888 Hujusmodi
2540 4819 2667 4873 item
2708 4819 2815 4873 alia
2871 4819 3188 4889 psalmodiae
3227 4835 3447 4890 quoque

1866 4914 2151 4985 mysteria,
2212 4912 2520 4968 recordatio
2553 4952 2568 4974 ,
2625 4921 2680 4967 et
2732 4913 2870 4965 tituli
2916 4913 3229 4983 inscriptio,
3266 4922 3321 4967 et
3377 4914 3445 4966 ad

1863 5006 2163 5059 toreularia
2235 5004 2509 5059 celebrata
2570 5005 2774 5059 cantio.
2821 5002 2919 5059 His
2962 5008 3107 5059 enim
3144 5005 3199 5058 in
3244 5004 3444 5059 inscri-

1860 5098 2139 5169 ptionibus
2195 5098 2573 5166 psalmorum,
2615 5097 2707 5167 qui
2768 5097 2927 5151 nobis
2984 5096 3222 5165 praelecti
3272 5106 3440 5160 sunt,

1860 5189 2294 5257 animadversis,
2348 5188 2491 5243 haud
2558 5204 2783 5260 parvam
2847 5190 3098 5244 videmus
3174 5204 3271 5259 per
3326 5189 3445 5258 ipsa

1861 5284 2146 5353 aenigmata
2218 5290 2383 5353 atque
2448 5283 2732 5338 involucra
2808 5283 3099 5336 verborum
3163 5284 3447 5337 materiem

1862 5375 1982 5428 dari
2039 5373 2298 5428 orationi.
2359 5372 2466 5429 Sed
2506 5375 2639 5429 mihi
2721 5375 2942 5445 quidem
2983 5375 3333 5431 emumodum
3365 5378 3447 5432 vi-

1861 5645 2223 5707 prmterquam
2264 5652 2292 5691 a
2328 5640 2572 5710 proxime
2602 5638 2949 5695 adstantibus
2994 5655 3101 5695 non
3143 5651 3349 5710 posset,
3390 5645 3444 5697 in

1862 5716 2144 5833 pgsterum
2208 5710 2350 5765 diem
2384 5724 2496 5765 rem
2536 5710 2786 5775 distulit,
2823 5720 2875 5765 et
2908 5716 3155 5781 proxima
3194 5716 3446 5771 oratione

1864 5796 1892 5833 a
1937 5794 1996 5833 so
2024 5792 2115 5833 ut.

1864 5792 2115 5834 ansomt.
