3850 6436
441 360 538 417 731

1681 353 1741 410 8.
1782 347 2113 410 GREGOBH
2153 346 2447 406 NYSSENI

3623 355 3724 410 752

440 480 624 544 detur,
687 490 747 534 ιιι
794 476 1217 549 explicationem
1273 491 1465 532 eorum
1513 490 1635 545 qua:
1687 474 1833 529 dicta
1909 480 2027 527 sunt

2144 474 2308 544 νόμον
2336 475 2434 545 τῆς
2475 475 2688 545 φύσεως
2725 475 2875 541 ἴδιον,
2921 478 3110 542 αὑταῖς
3157 480 3276 541 ταῖς
3323 477 3498 540 θείαις
3535 479 3726 546 πλαξὶν

441 571 495 625 in
537 571 768 626 alterum
803 579 1019 639 tempus
1075 568 1396 639 rejiciamus
1424 587 1438 623 :
1467 569 1627 640 cupio
1673 577 1855 622 autem
1904 582 2041 636 pra:-

441 663 584 716 seuti
611 660 897 716 festivitati
929 661 1345 716 convenientem
1376 667 1431 715 et
1461 658 1930 713 accommodatam
1949 657 2042 710 ali-

441 766 606 821 quam
637 767 826 807 vocem
858 753 1192 822 excogitare.
1249 750 1383 818 Quae
1416 751 1582 821 igitur
1610 760 1695 806 est
1715 750 1873 804 haec?
1903 747 2039 803 Novi

440 843 734 910 quamdam
765 845 937 915 legem
968 856 1174 899 natura-
1211 843 1512 916 propriam,
1548 843 1682 913 ipsis
1709 843 1914 899 divinis
1962 853 2043 895 ta-

441 935 587 991 bulis
615 936 945 1006 insculptam
981 952 1010 989 a
1035 935 1318 990 conditore
1349 935 1485 1006 legis
1515 943 1761 996 naturae,
1786 948 1908 1003 qua:
1959 932 2042 1003 jn-

442 1029 533 1084 bet
561 1037 620 1082 ut
649 1028 907 1083 omnibus
956 1028 1116 1081 bonis
1154 1037 1208 1082 et
1241 1025 1432 1082 oﬂiciis
1454 1066 1470 1090 ,
1519 1040 1862 1096 quaecunque
1909 1040 2043 1094 prre-

441 1121 579 1176 stari
611 1119 845 1190 possint.
873 1118 1138 1174 beneﬁcia
1190 1126 1480 1189 parentum
1525 1132 1751 1174 suorum
1806 1117 2044 1187 quisque

443 1220 781 1285 compenset.
805 1212 1045 1274 Honora,
1069 1212 1268 1282 inquit,
1297 1219 1502 1280 patrem
1529 1219 1676 1263 tuttur
1715 1223 1766 1263 et
1817 1219 2043 1262 matrem

446 1319 591 1361 tuam
613 1324 630 1361 :
653 1306 791 1377 quod
819 1317 896 1360 est
921 1305 1235 1359 mandatum
1257 1304 1486 1372 primunt
1505 1305 1558 1356 iu
1576 1301 2040 1371 promissionibus,

443 1410 500 1452 ut
519 1401 612 1452 tibi
630 1401 752 1452 bene
778 1397 906 1453 εἰν.
934 1396 1088 1464 Quod
1117 1397 1161 1450 si
1182 1398 1417 1466 primum
1444 1396 1643 1461 locum,
1675 1395 1818 1465 quod
1848 1393 2044 1448 attinet

443 1489 509 1543 ad
530 1490 970 1560 promissionem,
998 1489 1205 1544 obtinet
1226 1488 1470 1555 lia’cIIex.
1491 1497 1546 1544 et
1567 1486 1848 1542 exsecutio
1876 1485 2043 1554 hujus

445 1581 726 1651 proprium
782 1583 994 1636 lucrum
1060 1581 1338 1636 servantis
1383 1595 1502 1635 eam
1553 1579 1774 1634 exsistit
1826 1579 2044 1644 (honor

443 1670 590 1724 enim
639 1670 964 1740 parentibus
1024 1670 1247 1724 habitus
1303 1669 1600 1724 revertitur
1646 1667 1715 1722 ad
1761 1683 1885 1722 eum
1941 1668 2039 1738 qui

447 1764 615 1832 legem
648 1762 1025 1833 impleverit),
1069 1762 1216 1815 haud
1250 1761 1486 1816 alienum
1543 1759 1726 1822 fuerit,
1769 1775 2041 1830 quemque

2142 562 2582 635 ἐντετυπωμένον
2613 566 2762 638 παρὰ
2787 566 2884 620 τοῦ
2919 566 3210 638 νομοθέτου
3244 566 3344 636 τῆς
3383 565 3597 636 φύσεως
3618 584 3632 598 ·
3667 568 3725 630 ὃς

2145 654 2327 706 πᾶσαν
2367 653 2579 727 ἀγαθὴν
2608 657 2844 727 ἀμοιϐὴν
2866 659 2978 721 τοῖς
3027 657 3180 722 ἰδίοις
3212 658 3460 726 γονεῦσιν
3493 659 3727 712 ἐκτιννύ-

2142 762 2232 798 ναι
2282 745 2513 811 κελεύει,
2562 747 2696 819 ὅσην
2735 747 2802 802 ἂν
2843 751 2876 821 ἡ
2917 749 3146 819 δύναμις
3180 749 3356 821 φέρει.
3412 751 3556 819 Τίμα
3594 751 3726 822 γὰρ,

2144 838 2300 908 φησι,
2331 837 2438 892 τὸν
2470 839 2696 907 πατέρα
2729 855 2847 895 σου
2884 842 2980 896 καὶ
3015 841 3132 909 τὴν
3164 841 3393 911 μητέρα
3431 858 3569 907 σου,
3599 842 3726 910 ἥτις

2141 925 2315 980 ἐστὶν
2349 927 2569 995 ἐντολὴ
2609 929 2807 996 πρώτη
2834 929 2906 982 ἐν
2941 930 3345 1000 ἐπαγγελίαις,
3379 931 3481 984 ἵνα
3523 927 3593 986 εὖ
3629 949 3727 986 σει

2142 1017 2404 1088 γένηται.
2437 1020 2499 1072 Εἰ
2527 1020 2584 1074 δὲ
2609 1022 2878 1090 πρωτεύει
2905 1023 3025 1075 κατ⁹
3053 1021 3388 1090 ἐπαγγελίαν
3410 1017 3564 1085 οὗτος
3590 1023 3618 1075 ὁ
3641 1023 3726 1075 νό-

2148 1130 2269 1183 μος,
2303 1116 2398 1167 καῖ⁹
2426 1114 2486 1168 τὸ
2521 1114 2851 1187 κατόρθωμα
2890 1117 3082 1170 τούτου
3122 1117 3254 1170 ἴδιον
3282 1117 3472 1189 κέρδος
3494 1117 3585 1170 τοῦ
3623 1136 3726 1189 φυ-
3819 1138 3821 1142 ·

2144 1202 2436 1268 λάσσοντος
2485 1205 2691 1273 γίνεται
2745 1207 3170 1277 (ὲπαναστρέφει
3221 1207 3331 1278 γὰρ
3379 1209 3411 1277 ἡ
3470 1210 3548 1271 είς
3600 1209 3726 1272 τοὺς

2143 1295 2340 1364 γονέας
2368 1295 2504 1367 τιμὴ
2535 1297 2614 1359 εἰς
2633 1295 2723 1349 τὸν
2753 1296 3152 1369 πεπληρωκότα
3177 1298 3268 1351 τὸν
3297 1299 3504 1367 νόμον)·
3547 1298 3727 1361 καλῶς

2134 1385 2211 1441 ,ἂν
2244 1386 2356 1457 ἔχοι
2402 1387 2577 1440 πάντα
2609 1388 2700 1440 τόν
2729 1405 2792 1457 γε
2823 1387 2946 1441 νοῦν
2978 1387 3170 1454 ἔχοντα
3197 1389 3334 1461 πρὸς
3371 1389 3574 1459 ταύτην
3605 1389 3719 1458 βλέο

2143 1495 2266 1532 πειν
2307 1480 2407 1549 τὴν
2431 1478 2670 1551 ἐντολὴν,
2697 1475 2763 1552 ἧς
2807 1480 2869 1533 τὸ
2907 1481 3080 1552 πέρας
3121 1481 3411 1552 εὐεργεσία
3443 1482 3536 1534 καὶ
3568 1483 3725 1552 χάρις

2142 1572 2235 1625 τοῦ
2267 1573 2591 1643 ποιήσαντος
2613 1572 2844 1640 γίνεται.
2869 1575 2931 1626 Oi
2957 1573 3059 1642 μὲν
3085 1568 3178 1625 οὖν
3209 1573 3310 1642 τῆς
3342 1574 3545 1644 σαρκὸς
3567 1574 3724 1643 ἡμῶν

2143 1665 2398 1736 πατέρες,
2426 1667 2490 1736 τῇ
2520 1665 2642 1719 καθ’
2679 1666 2905 1728 ἑαυτοὺς
2949 1668 3112 1738 γενεᾷ
3151 1668 3291 1721 κατὰ
3327 1666 3422 1719 τὸν
3459 1666 3520 1732 ἐξ
3551 1667 3727 1738 ἀρχῆς

2142 1755 2325 1818 αὐτοῖς
2374 1755 2732 1826 ἀφορισθέντα
2758 1756 2948 1828 χρόνον
2997 1757 3461 1829 ὑπηρετήσαντες.
3516 1759 3724 1828 ἀπροσ-

444 1852 729 1908 ι·οι·ι]³ιιιηι
760 1855 980 1925 quidem
1011 1862 1162 1909 certe
1198 1854 1264 1908 ad
1311 1854 1453 1908 hanc
1478 1855 1648 1926 legem
1679 1896 1693 1921 ,
1726 1855 1884 1924 cujus
1914 1854 2027 1910 ﬁnit

2141 1843 2279 1906 δεεῖς
2320 1822 2431 1898 εἰσιν
2605 1822 2882 1918 ἡμετέρας
2915 1822 3244 1918 τιμῆςξνέξω.
3273 1849 3367 1902 τοῦ
3400 1848 3516 1918 βίου
3557 1822 3725 1903 παλαι

442 1941 770 1998 benelicium
793 1951 848 1996 et
881 1943 1052 2013 gratia
1076 1943 1198 2012 ejus
1224 1941 1317 2013 qui
1361 1957 1482 1996 eam
1514 1950 1809 1997 exsecutus
1839 1941 2036 2006 fuerit,

442 2036 680 2103 exsistit,
730 2036 1028 2104 respicere,
1081 2049 1314 2103 eamque
1358 2033 1672 2087 observare.
1713 2033 1790 2086 Ac
1853 2033 2038 2089 carnis

443 2127 661 2196 quidem
699 2135 902 2182 nostra!
945 2135 1198 2196 parentes
1248 2127 1390 2179 aetati
1436 2125 1727 2193 sumjuxta
1794 2123 2037 2180 destina-

443 2228 558 2272 tum
592 2219 696 2274 sibi
724 2219 792 2287 ab
821 2219 978 2272 initio
1014 2225 1230 2288 tempus
1257 2218 1572 2272 ministerio
1607 2217 1850 2287 praestito
1881 2260 1898 2283 ,
1933 2217 2034 2272 lto-

443 2311 598 2366 noris
629 2311 802 2368 nostri
822 2310 1005 2366 debito
1033 2309 1210 2364 otﬂcio
1241 2325 1347 2364 non
1375 2310 1610 2380 amplius
1635 2326 1774 2380 opus
1796 2310 2035 2376 habent,

443 2419 570 2457 cum
621 2403 950 2474 jampridem
983 2402 1327 2458 excesserint
1356 2418 1385 2456 e
1429 2403 1564 2467 vita,
1609 2403 1746 2457 adeo
1804 2411 1864 2456 ut:
1925 2419 2032 2456 non

444 2495 792 2552 exstantibus
822 2495 890 2550 iis
919 2496 1008 2564 qui
1055 2493 1378 2548 benelicium
1424 2493 1736 2562 accipiant,
1763 2493 2033 2562 ejusmodi

443 2587 528 2641 lex
563 2586 779 2656 impleri
809 2602 917 2641 non
957 2587 1148 2655 possit.
1177 2585 1285 2639 Lex
1319 2586 1618 2655 verojubot
1661 2602 1763 2641 nos
1794 2587 1846 2640 in
1871 2601 2034 2656 opere

445 2686 731 2734 versantes
759 2678 1025 2748 consequi
1056 2678 1498 2749 promissionem.
1535 2676 1719 2748 Neque
1753 2679 1900 2734 enim
1938 2681 2034 2735 lie-

452 2771 495 2824 ri
553 2776 737 2841 potest
767 2779 825 2823 ut
858 2778 1143 2824 cessantes
1193 2767 1247 2822 in
1289 2782 1453 2838 opere
1502 2768 1836 2822 versantium
1898 2784 2033 2838 prat-

445 2862 551 2914 mia
575 2861 880 2915 obtineant.
903 2859 1042 2927 Quid
1077 2859 1244 2930 igitur
1271 2873 1430 2930 agere
1455 2867 1691 2929 oportet,
1716 2860 2031 2929 parentibus

443 2966 552 3004 non
585 2952 953 3012 exstantibus,
983 2965 1108 3004 eum
1133 2950 1225 3019 qui
1261 2959 1315 3004 et
1344 2950 1766 3020 promissionem
1810 2953 2028 3021 assequi

442 3043 650 3113 cupiat,
686 3051 739 3098 et
778 3043 1045 3097 rationem
1069 3043 1380 3113 excogitare
1421 3059 1526 3095 non
1567 3043 1760 3111 possit,
1795 3060 1902 3112 qua
1937 3061 2028 3099 ra-

444 3137 592 3190 tione
627 3136 679 3189 id
710 3135 854 3205 quod
887 3135 1095 3205 expetit
1122 3175 1137 3198 ,
1178 3135 1473 3189 obtineat?
1500 3132 1759 3188 Profecto
1807 3137 2027 3190 solvunt
2055 3163 2097 3221 ο

443 3227 605 3282 nobis
645 3241 872 3298 prorsus
918 3226 1061 3280 hanc
1116 3228 1528 3296 perptcxitatem
1569 3241 1631 3278 ea
1674 3241 1794 3295 quae
1849 3230 2028 3283 oculis

443 3317 692 3385 exposita
733 3322 884 3369 sunt.
919 3311 1033 3369 Vos
1073 3316 1219 3369 enim
1248 3330 1373 3368 cum
1409 3314 1564 3367 video
1596 3353 1612 3378 ,
1661 3317 1844 3371 nullos
1887 3318 2028 3370 alios

443 3422 583 3477 opus
615 3407 789 3462 habeo
818 3405 1097 3475 inquirere
1133 3414 1408 3475 parentes.
1446 3405 1553 3459 Vos
1582 3409 1728 3461 enim
1765 3409 1902 3463 estis
1932 3424 2026 3478 pa-

442 3507 557 3553 tres
590 3497 717 3562 mei,
753 3499 842 3568 qui
885 3500 1049 3553 etiam
1111 3497 1354 3566 ipsorum
1397 3498 1528 3551 mihi
1568 3508 1784 3568 patrum
1820 3508 2021 3569 patres.

445 3589 636 3644 Patria
699 3592 845 3645 enim
892 3598 1180 3661 parentum
1209 3629 1222 3651 ,
1266 3591 1319 3642 in
1351 3605 1410 3644 se
1442 3592 1690 3645 continet
1724 3593 1890 3646 etiam
1927 3608 2024 3662 pa-

445 3690 660 3737 rentum
689 3682 1034 3752 diguitatem.
1060 3682 1179 3748 Quo
1215 3681 1384 3752 igitur
1419 3681 1566 3737 facto
1597 3683 1769 3753 legem
1803 3684 2028 3740 honoris

443 3776 600 3829 vobis
650 3775 1000 3844 implebimus
1035 3775 1060 3829 ?
1096 3773 1300 3829 Gratus
1353 3776 1496 3829 enim
1539 3776 1772 3844 quilibet
1812 3787 1866 3832 et
1905 3779 2028 3848 pius

447 3866 590 3920 ﬁlius
644 3867 872 3921 senilem
910 3867 1084 3937 patris
1119 3875 1335 3920 aetatem
1367 3867 1488 3920 suis
1515 3866 1709 3922 oiliciis
1774 3883 2030 3924 recreans

443 3963 497 4011 et
534 3957 847 4011 ret'ocillans
876 3997 891 4022 ,
939 3965 1213 4012 sustentat
1262 3968 1427 4025 atque
1479 3957 1771 4012 eontlrmat
1829 3957 2023 4013 vitium

443 4046 862 4108 imbecillitatis,
899 4047 1014 4116 ipse
1073 4047 1212 4118 patri
1249 4048 1493 4099 omnium
1538 4052 1712 4100 vicem
1741 4058 2024 4115 praestans.

447 4138 602 4195 Unde
638 4141 1143 4206 rejuveneseentcm
1185 4144 1236 4192 in
1265 4141 1375 4194 tilio
1417 4149 1622 4208 patrem
1653 4140 1824 4194 videri
1881 4141 2021 4195 licet.

445 4233 523 4284 Ac
549 4244 945 4300 nonnunquam
1005 4232 1167 4284 etiam
1215 4246 1408 4284 manus
1445 4230 1634 4286 senilis
1670 4246 1733 4286 ac
1791 4236 2025 4287 tremula

439 4323 747 4392 juventutis
779 4324 968 4392 vigore
1003 4337 1065 4374 ae
1117 4321 1315 4375 robore
1350 4338 1410 4375 se
1444 4323 1694 4377 rellciens
1725 4333 1779 4377 et
1809 4324 2025 4377 referit-

2141 1935 2442 2007 γενόμενοι,
2484 1937 2560 2001 ὼς
2591 1937 2664 2008 μὴ
2691 1937 2916 1992 δυνατὸν
2945 1935 3080 1992 εἶναι
3119 1940 3210 1993 τὸν
3235 1941 3478 1995 τοιοῦτον
3505 1943 3725 2014 πληρῶ-

2140 2043 2230 2080 σαι
2267 2027 2454 2098 νόμον,
2507 2029 2615 2081 τῶν
2657 2030 3067 2102 ὑποδεχομένων
3095 2032 3194 2102 τῆν
3231 2033 3479 2088 εὐποιίαν
3508 2035 3610 2088 οὐκ
3634 2035 3721 2089 δν-

2135 2137 2266 2174 των.
2309 2118 2368 2172 Ὅ
2387 2121 2444 2174 δὲ
2472 2120 2635 2192 νόμος
2663 2122 3018 2192 ἐνεργοῦντας
3046 2126 3193 2194 ἡμᾶς
3223 2127 3605 2197 ἐπιτυγχάνειν
3625 2129 3723 2197 τῆς

2136 2214 2468 2282 ἐπαγγελίας
2498 2214 2731 2267 κελεύει.
2771 2215 2906 2268 υύδὲ
2942 2216 3052 2288 γάρ
3081 2216 3302 2271 δυνατὸν
3328 2219 3455 2283 τοὺς
3493 2219 3724 2290 ἀργοῦν-

2135 2322 2235 2370 τας
2275 2305 2420 2376 ἔχειν
2450 2305 2559 2359 τῶν
2603 2306 2970 2378 ἐνεργούντων
3001 2307 3072 2361 τὰ
3119 2308 3351 2364 ἔπαθλα.
3383 2310 3449 2364 Τί
3488 2307 3586 2365 οὖν
3615 2312 3721 2384 χρὴ

2135 2398 2420 2468 πράττειν,
2458 2397 2568 2452 τῶν
2599 2398 2801 2467 γονέων
2833 2398 2932 2451 οὐκ
2963 2398 3153 2463 ὄντων,
3184 2400 3276 2455 τὸν
3304 2403 3398 2456 καὶ
3421 2405 3521 2475 τῆς
3551 2405 3723 2473 ἐπαγ-

2135 2488 2323 2555 γελίας
2349 2487 2581 2558 ἐρῶντα,
2605 2488 2698 2541 καὶ
2722 2488 2870 2552 ὅπως
2892 2488 2957 2541 ἂν
2976 2489 3114 2562 τύχῃ
3137 2493 3236 2562 τῆς
3257 2492 3496 2563 σπουδῆς
3517 2494 3722 2564 ταύτης

2134 2579 2532 2645 ἀδυνατοῦντα;
2561 2578 2673 2634 Ναὶ
2707 2578 2822 2633 λύει
2859 2580 3076 2644 πάντως
3113 2582 3212 2654 τὴν
3249 2584 3560 2656 ἀμηχανίαν
3587 2583 3720 2639 ταύ-

2132 2687 2232 2741 την
2254 2673 2384 2742 ἡμῖν
2402 2672 2471 2725 τὰ
2485 2670 2758 2742 ὁρώμενα.
2788 2671 2964 2741 Ὑμᾶς
2984 2673 3094 2745 γὰρ
3111 2673 3340 2744 βλέπων,
3359 2676 3510 2729 οὐδὲν
3530 2677 3722 2748 δέομαι

2132 2766 2376 2847 πατέρας
2404 2766 2597 2829 ἄλλους
2619 2765 3099 2838 περιεργάζεσθαι.
3117 2767 3307 2840 Ὑμεῖς
3335 2770 3442 2844 γὰρ
3462 2772 3589 2826 ἐστέ
3619 2791 3720 2843 μου

2133 2857 2389 2928 πατέρες,
2423 2859 2471 2910 οἱ
2505 2858 2599 2910 καὶ
2627 2857 2807 2911 αὐτῶν
2834 2875 2924 2929 μοι
2948 2859 3055 2912 τῶν
3079 2861 3331 2932 πατέρων
3360 2863 3618 2934 πατέρες.
3655 2865 3719 2918 Ἦ

2131 2949 2240 3020 γὰρ
2268 2949 2468 3022 πατρὶς
2499 2949 2606 3002 τῶν
2633 2949 3052 3021 γεννησαμένων
3079 2952 3138 3004 ἐν
3163 2953 3328 3024 ἑαυτῇ
3360 2955 3602 3025 περιέχει
3628 2957 3722 3010 καὶ

2129 3039 2190 3092 τὸ
2222 3039 2329 3092 τῶν
2357 3040 2767 3110 γεγεννηκότων
2792 3039 3028 3112 ἀξίωμα.
3065 3041 3132 3094 Τί
3154 3038 3246 3097 οὖν
3279 3046 3606 3116 ποιήσαντες
3629 3051 3721 3103 τὸν

2130 3133 2228 3202 τῆς
2257 3133 2421 3203 τιμῆς
2461 3133 2590 3203 ύμῖν
2636 3133 2798 3204 νόμον
2845 3134 3358 3208 ἁποπληρὼσομενς
3408 3140 3720 3213 Εύγνὼμων

2133 3225 2232 3295 μὲν
2263 3225 2371 3294 γάρ
2397 3241 2481 3289 τις
2531 3227 2658 3287 παῖς
2708 3225 2803 3280 καὶ
2849 3225 3220 3298 φιλόστοργος,
3263 3228 3322 3281 τὸ
3347 3231 3580 3302 γηραιὸν
3623 3234 3720 3304 τῆς

2128 3314 2222 3366 τοῦ
2255 3313 2460 3384 πατρὸς
2494 3312 2707 3383 ἡλικίας
2747 3312 2836 3367 διὰ
2863 3313 2963 3382 τῆς
3011 3315 3141 3385 παρ’
3184 3315 3377 3370 ἐαυτοῦ
3423 3315 3719 3388 θεραπείας

2129 3403 2544 3475 ἀνανεούμενος,
2598 3405 2874 3476 ύπερείδει
2920 3405 2984 3458 τὸ
3027 3405 3226 3476 σαθρὸν
3266 3407 3365 3477 τῆς
3410 3408 3717 3474 ἀσθενείας,

2132 3493 2294 3558 αὐτὸς
2346 3493 2426 3565 τῷ
2479 3494 2648 3566 πατρὶ
2680 3494 2749 3548 τὰ
2793 3495 2974 3549 πάντα
3015 3496 3326 3567 γενόμενος.
3358 3481 3521 3552 Ὅθεν
3569 3500 3716 3552 ἐστιν

2135 3587 2261 3640 ίδεῑν
2284 3585 2664 3656 ἁνηῦάσκοντα
2708 3587 2767 3640 ἐν
2797 3585 2873 3657 τῷ
2901 3587 3054 3640 παιδὶ
3082 3587 3176 3641 τὸν
3206 3589 3433 3660 πατέρα.
3467 3590 3577 3644 Καί
3612 3609 3715 3645 που

2131 3677 2225 3730 καὶ
2249 3677 2371 3746 χεὶρ
2401 3676 2741 3748 πρεσϐυτικὴ
2765 3679 2858 3731 καὶ
2889 3678 3222 3751 ὑπότρομος,
3247 3679 3326 3750 τῷ
3349 3680 3595 3754 σθεναρῷ
3617 3685 3716 3753 τῆς

2129 3769 2383 3838 νεότητος
2415 3769 2614 3840 ἑαυτὴν
2648 3769 3021 3835 ἁναπαύουσα,
3060 3772 3430 3844 ἐκκαρποῦται
3468 3774 3566 3827 τοῦ
3593 3777 3715 3829 νέου

2129 3859 2228 3931 τὴν
2253 3859 2501 3930 δύναμιν,
2535 3860 2630 3912 καὶ
2655 3861 2688 3931 ἡ
2714 3859 2824 3914 τῶν
2848 3861 3025 3916 ποδῶν
3063 3864 3277 3936 κίνησις
3305 3865 3401 3936 ῆδη
3428 3869 3492 3937 τῇ
3532 3869 3717 3937 pinv”:-

2128 3970 2252 4024 τητι
2282 3953 2388 4005 τῶν
2437 3951 2614 4023 μελῶν
2654 3952 3052 4020 ἐποκλάζουσα,
3095 3957 3316 4028 ἐνεργὸς
3346 3957 3434 4011 διὰ
3470 3959 3574 4028 τῆς
3619 3960 3715 4014 τοῦ

2127 4047 2320 4098 τέκνου
2346 4045 2578 4115 σπουδῆς
2603 4045 2833 4114 γίνεται,
2857 4045 3234 4118 ὑπορθουμένη
3255 4049 3333 4120 τῷ
3354 4050 3694 4121 ὑπερείδοντι

2128 4140 2246 4193 Κᾶν
2281 4137 2581 4209 ἀμαυρωθῇ
2613 4137 2699 4190 διὰ
2733 4137 2824 4190 τὸν
2861 4139 3050 4209 χρόνον
3081 4143 3114 4212 ἡ
3142 4141 3283 4211 ὄψις,
3315 4142 3482 4196 πάλιν
3502 4143 3594 4197 διὰ
3619 4144 3715 4197 τοῦ

2129 4231 2320 4293 παιδὸς
2346 4233 2374 4283 ὁ
2412 4229 2724 4300 πρεσϐύτης
2761 4230 3055 4304 ὀξυδερκὴς
3089 4235 3318 4302 γίνεται,
3351 4236 3485 4307 πρὸς
3514 4238 3585 4290 τὰ
3612 4237 3717 4307 τῆς

2129 4323 2274 4394 ζωῆς
2294 4325 2564 4393 ἀναγκαῖα
2586 4324 3114 4396 χειραγωγούμενος.
3145 4328 3334 4398 Ὑμεῖς
3349 4330 3406 4383 δὲ
3429 4332 3462 4400 ἡ
3486 4331 3712 4400 πατρὶς,

446 4414 566 4469 laus
587 4455 600 4477 ,
631 4414 845 4468 fructus
869 4429 934 4466 ex
983 4414 1193 4468 viribus
1233 4413 1452 4481 juvenis
1497 4415 1902 4482 quodaminodo
1933 4432 2024 4471 ca-

2134 4419 2226 4488 οὐχ
2251 4415 2423 4477 οὕτως
2451 4415 2601 4485 ἔχετε
2631 4415 2706 4479 ὡς
2731 4415 2936 4470 τούτων
2966 4415 3264 4472 ἐπιδεῖσθαι
3292 4437 3457 4484 τινος.

447 4507 630 4577 pit.et
665 4519 848 4560 motus
880 4509 1113 4576 pedum,
1150 4508 1452 4561 incurvatis
1512 4507 1623 4578 jam
1684 4512 1948 4568 membris
2013 4515 2321 4574 labascens,
2374 4511 2467 4565 ﬁlii
2525 4510 2708 4566 studio
2755 4511 3117 4570 sutinlcientis
3176 4515 3493 4572 sublevatus
3550 4534 3712 4575 suam

445 4601 640 4669 recipit
689 4601 982 4654 etlieaciam
1028 4609 1082 4656 et
1124 4603 1386 4671 vigorem.
1417 4603 1574 4669 Quod
1608 4605 1652 4659 si
1699 4615 1942 4678 tempore
1997 4612 2151 4667 visus
2187 4611 2516 4664 obscuratus
2569 4607 2663 4671 sit,
2718 4623 2816 4677 per
2856 4608 3026 4664 tilium
3072 4625 3237 4666 senex
3268 4651 3283 4674 ,
3333 4611 3463 4666 dum
3534 4629 3709 4672 manu

454 4693 677 4744 ducitur
706 4692 771 4743 ad
808 4706 896 4743 res
932 4692 1053 4744 vitae
1088 4691 1460 4755 necessarias,
1499 4691 1650 4746 visus
1685 4707 1915 4750 acumen
1989 4699 2221 4768 recipit,
2288 4705 2342 4752 et
2395 4695 2682 4767 perspicax
2731 4697 2935 4754 evadit.
2988 4697 3100 4755 Vos
3138 4709 3320 4757 autem
3346 4740 3360 4766 ,
3409 4702 3503 4773 qui
3565 4693 3707 4759 mihi

446 4801 548 4854 pro
601 4787 779 4855 patria
815 4788 986 4846 estis,
1037 4801 1155 4838 non.
1200 4785 1236 4838 ii
1286 4787 1419 4841 estis
1451 4787 1542 4856 qui
1599 4787 1777 4857 aliqua
1825 4790 2020 4846 harum
2060 4809 2244 4848 rerum
2275 4790 2587 4861 indigeatis.

513 4876 654 4944 Quid
687 4876 854 4946 igitur
892 4877 1143 4930 iaciendo
1170 4877 1568 4933 benedictionis
1615 4881 1852 4934 mandati
1899 4882 2019 4936 fru-

442 4977 591 5023 ctum
621 4967 1035 5038 percipiemus?
1063 4965 1218 5034 Quod
1250 4968 1454 5022 donum
1485 4969 1640 5023 vobis
1680 4980 1896 5038 gratum
1937 4972 2020 5025 of-

441 5058 714 5121 feremus,
739 5074 866 5111 cum
899 5059 1106 5111 nullum
1131 5059 1331 5112 bonum
1364 5062 1514 5114 vobis
1539 5063 1726 5116 desit?
1745 5063 1828 5117 An
1853 5067 2017 5119 etiam

444 5153 563 5222 ipsa
604 5153 856 5206 narratio
891 5152 1159 5206 bonorum
1217 5166 1338 5221 quae
1382 5155 1536 5206 vobis
1588 5155 1825 5220 adsunt,
1861 5158 2021 5226 perti-

444 5252 572 5296 neat
610 5247 674 5295 ait
709 5243 950 5297 debitum
981 5244 1140 5299 vobis
1183 5244 1494 5299 honorem?
1535 5245 1770 5302 Proinde
1803 5254 2018 5317 tempus

449 5336 610 5388 tuerit
653 5335 1115 5389 eumuiemorandi
1160 5343 1294 5404 quot
1323 5346 1376 5389 et
1411 5339 1665 5406 qualibus
1710 5338 1873 5394 bonis
1905 5338 2016 5392 vita

444 5437 627 5479 vestra
650 5436 967 5480 exornetur.
996 5427 1111 5482 imo
1147 5441 1279 5481 vero
1303 5442 1410 5483 non
1433 5444 1864 5485 commemorare
1885 5430 2016 5500 (mo-

446 5518 565 5583 do),
585 5532 770 5569 Verum
791 5519 954 5571 etiam
975 5517 1264 5572 ostendere
1281 5518 1428 5574 licet.
1444 5517 1696 5590 Nunquid
1720 5529 1902 5576 autem
1922 5537 2018 5592 pu-

447 5609 575 5663 tatis
598 5610 710 5662 luec
735 5612 1044 5664 communia
1067 5650 1081 5676 ,
1106 5626 1338 5682 quamne
1370 5612 1422 5667 in
1453 5621 1712 5684 promptu
1741 5623 1871 5670 sunt
1893 5653 1909 5680 ,
1933 5614 2018 5669 di-
2045 5685 2068 5696 η

521 5771 541 5800 ⁸
563 5769 762 5840 Εριιρε.
796 5785 872 5836 vt,
900 5769 957 5827 Ξ.

2201 4883 2266 4936 Τί
2299 4878 2390 4936 οὖν
2420 4883 2746 4953 πράττοντες
2773 4883 2871 4953 τὴν
2907 4884 3155 4952 εὐλογίαν
3185 4886 3281 4957 τῆς
3316 4889 3538 4961 ἐντολῆς
3571 4911 3710 4967 καρ-

2127 4973 2457 5044 πωσόμεθα;
2497 4973 2560 5025 Τί
2585 4971 2692 5024 τῶν
2725 4975 3136 5045 κεχαρισμένων
3169 4976 3296 5047 ὑμῖν
3324 4979 3710 5054 δωροφορήσο-

2132 5082 2251 5135 μεν,
2305 5063 2529 5135 μηδενὸς
2572 5062 2678 5117 τῶν
2719 5063 2942 5131 ἀγαθῶν
2991 5066 3118 5135 ὑμῖν
3159 5065 3461 5137 λείποντος
3495 5073 3566 5125 ’Ἡ
3607 5077 3708 5128 καὶ

2128 5156 2261 5210 αὐτὸ
2290 5155 2351 5208 τὸ
2394 5152 2752 5225 διηγήσασθαι
2801 5153 2871 5207 τὰ
2921 5155 3188 5225 προσόντα
3231 5158 3391 5224 καλὰ,
3434 5165 3601 5234 τιμῆς
3637 5167 3708 5218 ἂν

2125 5247 2212 5318 εἴη
2237 5245 2339 5316 τῆς
2370 5245 2818 5317 χρεωστουμένης
2857 5245 3014 5317 ύμῖν;
3049 5248 3256 5304 υύκοῦν
3296 5252 3487 5323 καιρὸς
3518 5255 3584 5307 ἂν
3613 5257 3702 5328 εἴη

2121 5337 2298 5392 ταῦτα
2323 5338 2520 5406 λέγειν,
2553 5338 2684 5401 οἵοις
2711 5337 2804 5391 καὶ
2833 5339 2978 5402 ὅσοις
3004 5340 3033 5393 ὁ
3061 5340 3320 5414 ὑμέτερος
3353 5344 3468 5414 βίος
3502 5347 3704 5414 ἐγκαλ.

2121 5430 2434 5496 λωπίζεται.
2465 5431 2678 5486 Μᾶλλον
2707 5431 2763 5484 δὲ
2789 5431 2909 5502 οὐχὶ
2935 5432 3132 5501 λέγειν,
3162 5434 3296 5488 ἀλλὰ
3319 5439 3412 5491 καὶ
3433 5439 3703 5494 δεικνύειν

2123 5523 2404 5594 πάρεστιν.
2430 5519 2507 5575 ’Ἦ
2535 5540 2637 5574 που
2659 5523 2717 5575 δὲ
2746 5523 2919 5576 οἴεσθε
2956 5525 3020 5577 τὰ
3053 5526 3204 5580 κοινά
3232 5527 3402 5582 ταῦτα
3431 5533 3525 5584 καὶ
3561 5532 3697 5603 πρό-υ

2124 5631 2282 5686 χειρα
2313 5615 2524 5683 λέγειν;
2552 5615 2658 5685 Γῆς
2696 5616 2972 5686 εὐφορίαν,
3007 5618 3100 5672 καὶ
3154 5619 3381 5690 καρπῶν
3414 5622 3696 5691 ἀφθονίαν,
