  <div class='ocr_page' id='page_1' title='image "/cluster/home/n/w/nwhite01/storage/ocr_20150623/46/hvd.32044014713994/382.png"; bbox 0 0 3850 6436; ppageno 0'>
   <div class='ocr_carea' id='block_1_1' title="bbox 111 321 220 376">
    <p class='ocr_par' dir='ltr' id='par_1_1' title="bbox 111 321 220 376">
     <span class='ocr_line' id='line_1_1' title="bbox 111 321 220 376; baseline 0 -1"><span class='ocrx_word' id='word_1_1' title='bbox 111 321 220 376; x_wconf 69' lang='lat'><strong>753</strong></span> 
     </span>
    </p>
   </div>
   <div class='ocr_carea' id='block_1_2' title="bbox 1217 329 2302 398">
    <p class='ocr_par' dir='ltr' id='par_1_2' title="bbox 1217 329 2302 398">
     <span class='ocr_line' id='line_1_2' title="bbox 1217 329 2302 398; baseline 0.008 -15"><span class='ocrx_word' id='word_1_2' title='bbox 1217 329 1289 384; x_wconf 83' lang='lat' dir='ltr'><strong>IN</strong></span> <span class='ocrx_word' id='word_1_3' title='bbox 1327 329 1832 398; x_wconf 66' lang='lat' dir='ltr'><strong>QUADRAGINTA</strong></span> <span class='ocrx_word' id='word_1_4' title='bbox 1893 335 1986 390; x_wconf 69' lang='lat' dir='ltr'><strong>MA</strong></span> <span class='ocrx_word' id='word_1_5' title='bbox 1999 337 2088 392; x_wconf 62' lang='lat' dir='ltr'><strong>R&#39;i‘</strong></span> <span class='ocrx_word' id='word_1_6' title='bbox 2101 336 2135 389; x_wconf 76' lang='grc' dir='ltr'>ἶ</span> <span class='ocrx_word' id='word_1_7' title='bbox 2148 336 2189 389; x_wconf 82' lang='lat' dir='ltr'>R</span> 
     </span>
    </p>
   </div>
   <div class='ocr_carea' id='block_1_3' title="bbox 3297 341 3398 398">
    <p class='ocr_par' dir='ltr' id='par_1_3' title="bbox 3297 341 3398 398">
     <span class='ocr_line' id='line_1_3' title="bbox 3297 341 3398 398; baseline 0 -2"><span class='ocrx_word' id='word_1_8' title='bbox 3297 341 3398 398; x_wconf 61' lang='lat'><strong>75$</strong></span> 
     </span>
    </p>
   </div>
   <div class='ocr_carea' id='block_1_4' title="bbox 106 434 1717 524">
    <p class='ocr_par' dir='ltr' id='par_1_4' title="bbox 106 434 1706 511">
     <span class='ocr_line' id='line_1_4' title="bbox 106 434 1706 511; baseline 0.004 -23"><span class='ocrx_word' id='word_1_9' title='bbox 106 435 205 488; x_wconf 72' lang='grc' dir='ltr'><strong>καὶ</strong></span> <span class='ocrx_word' id='word_1_10' title='bbox 237 434 483 504; x_wconf 82' lang='grc' dir='ltr'>ποταμὸν</span> <span class='ocrx_word' id='word_1_11' title='bbox 532 435 842 507; x_wconf 75' lang='grc' dir='ltr'>διαιροῦντα</span> <span class='ocrx_word' id='word_1_12' title='bbox 870 437 970 507; x_wconf 83' lang='grc' dir='ltr'>τὴν</span> <span class='ocrx_word' id='word_1_13' title='bbox 1009 439 1254 509; x_wconf 84' lang='grc' dir='ltr'>οἴκησιν;</span> <span class='ocrx_word' id='word_1_14' title='bbox 1290 441 1513 494; x_wconf 71' lang='grc' dir='ltr'>Τουτονὶ</span> <span class='ocrx_word' id='word_1_15' title='bbox 1563 442 1706 511; x_wconf 79' lang='grc' dir='ltr'>λέγω</span> 
     </span>
    </p>
   </div>
   <div class='ocr_carea' id='block_1_5' title="bbox 1823 434 3396 524">
    <p class='ocr_par' dir='ltr' id='par_1_5' title="bbox 1823 445 3396 524">
     <span class='ocr_line' id='line_1_5' title="bbox 1823 445 3396 524; baseline 0.006 -26"><span class='ocrx_word' id='word_1_16' title='bbox 1823 445 1982 500; x_wconf 70' lang='lat' dir='ltr'><strong>renda</strong></span> <span class='ocrx_word' id='word_1_17' title='bbox 2005 461 2130 502; x_wconf 84' lang='lat' dir='ltr'><strong>esse</strong></span> <span class='ocrx_word' id='word_1_18' title='bbox 2148 448 2171 500; x_wconf 87' lang='lat'><strong>?</strong></span> <span class='ocrx_word' id='word_1_19' title='bbox 2192 445 2377 503; x_wconf 77' lang='lat' dir='ltr'><strong>Terra:</strong></span> <span class='ocrx_word' id='word_1_20' title='bbox 2407 448 2778 518; x_wconf 91' lang='lat' dir='ltr'><strong>fertilitatem,</strong></span> <span class='ocrx_word' id='word_1_21' title='bbox 2801 463 2856 507; x_wconf 90' lang='lat' dir='ltr'><strong>et</strong></span> <span class='ocrx_word' id='word_1_22' title='bbox 2881 451 3158 509; x_wconf 85' lang='lat' dir='ltr'><strong>fructuum</strong></span> <span class='ocrx_word' id='word_1_23' title='bbox 3181 455 3396 524; x_wconf 85' lang='lat' dir='ltr'><strong>copiam</strong></span> 
     </span>
    </p>
   </div>
   <div class='ocr_carea' id='block_1_6' title="bbox 103 525 1699 604">
    <p class='ocr_par' dir='ltr' id='par_1_6' title="bbox 103 525 1699 604">
     <span class='ocr_line' id='line_1_6' title="bbox 103 525 1699 604; baseline 0.004 -24"><span class='ocrx_word' id='word_1_24' title='bbox 103 527 200 580; x_wconf 57' lang='grc' dir='ltr'>τὸν</span> <span class='ocrx_word' id='word_1_25' title='bbox 233 525 314 598; x_wconf 85' lang='grc' dir='ltr'><strong>τῷ</strong></span> <span class='ocrx_word' id='word_1_26' title='bbox 348 525 531 598; x_wconf 81' lang='grc' dir='ltr'>κύκλῳ</span> <span class='ocrx_word' id='word_1_27' title='bbox 560 528 654 581; x_wconf 78' lang='grc' dir='ltr'><strong>τού</strong></span> <span class='ocrx_word' id='word_1_28' title='bbox 699 529 882 583; x_wconf 87' lang='grc' dir='ltr'>πεδίου</span> <span class='ocrx_word' id='word_1_29' title='bbox 923 530 985 584; x_wconf 81' lang='grc' dir='ltr'>τὸ</span> <span class='ocrx_word' id='word_1_30' title='bbox 1029 531 1241 604; x_wconf 74' lang='grc' dir='ltr'>ῥεῖθρον</span> <span class='ocrx_word' id='word_1_31' title='bbox 1287 532 1482 586; x_wconf 77' lang='grc' dir='ltr'>ἑαυτοῦ</span> <span class='ocrx_word' id='word_1_32' title='bbox 1530 550 1699 586; x_wconf 83' lang='grc' dir='ltr'>κατα-</span> 
     </span>
    </p>
   </div>
   <div class='ocr_carea' id='block_1_7' title="bbox 108 617 1700 696">
    <p class='ocr_par' dir='ltr' id='par_1_7' title="bbox 108 617 1700 696">
     <span class='ocr_line' id='line_1_7' title="bbox 108 617 1700 696; baseline 0.006 -26"><span class='ocrx_word' id='word_1_33' title='bbox 108 617 379 680; x_wconf 84' lang='grc' dir='ltr'>κλείοντα,</span> <span class='ocrx_word' id='word_1_34' title='bbox 406 619 500 672; x_wconf 72' lang='grc' dir='ltr'>καὶ</span> <span class='ocrx_word' id='word_1_35' title='bbox 519 619 713 691; x_wconf 82' lang='grc' dir='ltr'>λίμνην</span> <span class='ocrx_word' id='word_1_36' title='bbox 732 622 1035 692; x_wconf 87' lang='grc' dir='ltr'>γινόμενον,</span> <span class='ocrx_word' id='word_1_37' title='bbox 1061 622 1120 686; x_wconf 86' lang='lat'><strong>6;</strong></span> <span class='ocrx_word' id='word_1_38' title='bbox 1147 624 1242 677; x_wconf 71' lang='grc' dir='ltr'>καὶ</span> <span class='ocrx_word' id='word_1_39' title='bbox 1266 623 1373 692; x_wconf 80' lang='grc' dir='ltr'><strong>πρὸ</strong></span> <span class='ocrx_word' id='word_1_40' title='bbox 1393 624 1486 678; x_wconf 83' lang='grc' dir='ltr'><strong>τοῦ</strong></span> <span class='ocrx_word' id='word_1_41' title='bbox 1510 625 1700 696; x_wconf 84' lang='grc' dir='ltr'>λιμνά-</span> 
     </span>
    </p>
   </div>
   <div class='ocr_carea' id='block_1_8' title="bbox 108 709 1699 787">
    <p class='ocr_par' dir='ltr' id='par_1_8' title="bbox 108 709 1699 787">
     <span class='ocr_line' id='line_1_8' title="bbox 108 709 1699 787; baseline 0.005 -25"><span class='ocrx_word' id='word_1_42' title='bbox 108 709 226 773; x_wconf 79' lang='grc' dir='ltr'>ζειν</span> <span class='ocrx_word' id='word_1_43' title='bbox 270 710 364 763; x_wconf 70' lang='grc' dir='ltr'>καὶ</span> <span class='ocrx_word' id='word_1_44' title='bbox 412 710 552 780; x_wconf 79' lang='grc' dir='ltr'>μετὰ</span> <span class='ocrx_word' id='word_1_45' title='bbox 588 711 746 765; x_wconf 77' lang='grc' dir='ltr'>τοῦτο</span> <span class='ocrx_word' id='word_1_46' title='bbox 795 713 933 784; x_wconf 84' lang='grc' dir='ltr'>πρὸς</span> <span class='ocrx_word' id='word_1_47' title='bbox 962 713 1059 784; x_wconf 82' lang='grc' dir='ltr'>τὴν</span> <span class='ocrx_word' id='word_1_48' title='bbox 1099 714 1330 767; x_wconf 78' lang='grc' dir='ltr'>ἑκάστου</span> <span class='ocrx_word' id='word_1_49' title='bbox 1375 715 1564 787; x_wconf 84' lang='grc' dir='ltr'>χρείαν</span> <span class='ocrx_word' id='word_1_50' title='bbox 1593 718 1699 771; x_wconf 87' lang='grc' dir='ltr'><strong>τῶν</strong></span> 
     </span>
    </p>
   </div>
   <div class='ocr_carea' id='block_1_9' title="bbox 109 800 1702 877">
    <p class='ocr_par' dir='ltr' id='par_1_9' title="bbox 109 800 1702 877">
     <span class='ocr_line' id='line_1_9' title="bbox 109 800 1702 877; baseline 0.004 -23"><span class='ocrx_word' id='word_1_51' title='bbox 109 800 468 854; x_wconf 71' lang='grc' dir='ltr'><strong>ἐνοικούντων</strong></span> <span class='ocrx_word' id='word_1_52' title='bbox 495 803 846 873; x_wconf 79' lang='grc' dir='ltr'><strong>τεμνόμενος,</strong></span> <span class='ocrx_word' id='word_1_53' title='bbox 879 805 1015 874; x_wconf 81' lang='grc' dir='ltr'>ἄλση</span> <span class='ocrx_word' id='word_1_54' title='bbox 1046 822 1105 858; x_wconf 89' lang='grc' dir='ltr'><strong>τε</strong></span> <span class='ocrx_word' id='word_1_55' title='bbox 1137 805 1232 859; x_wconf 63' lang='grc' dir='ltr'><strong>καί⁵</strong></span> <span class='ocrx_word' id='word_1_56' title='bbox 1254 805 1525 877; x_wconf 82' lang='grc' dir='ltr'>λειμῶνας</span> <span class='ocrx_word' id='word_1_57' title='bbox 1553 806 1702 876; x_wconf 84' lang='grc' dir='ltr'>φιλο-</span> 
     </span>
    </p>
   </div>
   <div class='ocr_carea' id='block_1_10' title="bbox 108 891 1702 967">
    <p class='ocr_par' dir='ltr' id='par_1_10' title="bbox 108 891 1702 967">
     <span class='ocr_line' id='line_1_10' title="bbox 108 891 1702 967; baseline 0.005 -23"><span class='ocrx_word' id='word_1_58' title='bbox 108 893 317 962; x_wconf 87' lang='grc' dir='ltr'>τεχνῶν</span> <span class='ocrx_word' id='word_1_59' title='bbox 339 891 694 964; x_wconf 79' lang='grc' dir='ltr'>διεξέρχεται,</span> <span class='ocrx_word' id='word_1_60' title='bbox 743 895 837 948; x_wconf 78' lang='grc' dir='ltr'>καὶ</span> <span class='ocrx_word' id='word_1_61' title='bbox 865 895 1065 965; x_wconf 87' lang='grc' dir='ltr'>μυρίας</span> <span class='ocrx_word' id='word_1_62' title='bbox 1097 897 1325 967; x_wconf 85' lang='grc' dir='ltr'>παρέχει</span> <span class='ocrx_word' id='word_1_63' title='bbox 1353 901 1464 962; x_wconf 88' lang='grc' dir='ltr'>τοῖς</span> <span class='ocrx_word' id='word_1_64' title='bbox 1493 897 1702 952; x_wconf 75' lang='grc' dir='ltr'><strong>οἰκοῦσι</strong></span> 
     </span>
    </p>
   </div>
   <div class='ocr_carea' id='block_1_11' title="bbox 108 981 1702 1059">
    <p class='ocr_par' dir='ltr' id='par_1_11' title="bbox 108 981 1702 1059">
     <span class='ocr_line' id='line_1_11' title="bbox 108 981 1702 1059; baseline 0.004 -24"><span class='ocrx_word' id='word_1_65' title='bbox 108 981 213 1045; x_wconf 75' lang='grc' dir='ltr'><strong>τὰς</strong></span> <span class='ocrx_word' id='word_1_66' title='bbox 244 981 491 1052; x_wconf 83' lang='grc' dir='ltr'>χάριτας,</span> <span class='ocrx_word' id='word_1_67' title='bbox 522 985 659 1053; x_wconf 78' lang='grc' dir='ltr'>πρὸς</span> <span class='ocrx_word' id='word_1_68' title='bbox 706 986 888 1038; x_wconf 79' lang='grc' dir='ltr'>πᾶσαν</span> <span class='ocrx_word' id='word_1_69' title='bbox 935 985 1230 1056; x_wconf 71' lang='grc' dir='ltr'>ἐπιθυμίαν</span> <span class='ocrx_word' id='word_1_70' title='bbox 1263 987 1371 1039; x_wconf 90' lang='grc' dir='ltr'><strong>τῶν</strong></span> <span class='ocrx_word' id='word_1_71' title='bbox 1404 988 1702 1059; x_wconf 76' lang='grc' dir='ltr'>οἰκητόρων</span> 
     </span>
    </p>
   </div>
   <div class='ocr_carea' id='block_1_12' title="bbox 111 1071 1702 1148">
    <p class='ocr_par' dir='ltr' id='par_1_12' title="bbox 111 1071 1702 1148">
     <span class='ocr_line' id='line_1_12' title="bbox 111 1071 1702 1148; baseline 0.006 -24"><span class='ocrx_word' id='word_1_72' title='bbox 111 1071 216 1142; x_wconf 81' lang='grc' dir='ltr'>τῆς</span> <span class='ocrx_word' id='word_1_73' title='bbox 246 1073 452 1138; x_wconf 87' lang='grc' dir='ltr'>πόλεως</span> <span class='ocrx_word' id='word_1_74' title='bbox 481 1075 671 1128; x_wconf 74' lang='grc' dir='ltr'>ἑαυτὸν</span> <span class='ocrx_word' id='word_1_75' title='bbox 697 1075 1008 1146; x_wconf 75' lang='grc' dir='ltr'>διασχίζων.</span> <span class='ocrx_word' id='word_1_76' title='bbox 1044 1078 1226 1131; x_wconf 73' lang='grc' dir='ltr'>’Ἄλλοι</span> <span class='ocrx_word' id='word_1_77' title='bbox 1257 1077 1429 1132; x_wconf 80' lang='grc' dir='ltr'>ταῦτα</span> <span class='ocrx_word' id='word_1_78' title='bbox 1472 1077 1702 1148; x_wconf 85' lang='grc' dir='ltr'>λεγέτω-</span> 
     </span>
    </p>
   </div>
   <div class='ocr_carea' id='block_1_13' title="bbox 113 1162 1704 1242">
    <p class='ocr_par' dir='ltr' id='par_1_13' title="bbox 113 1162 1704 1242">
     <span class='ocr_line' id='line_1_13' title="bbox 113 1162 1704 1242; baseline 0.004 -23"><span class='ocrx_word' id='word_1_79' title='bbox 113 1183 242 1232; x_wconf 85' lang='grc' dir='ltr'>σαν,</span> <span class='ocrx_word' id='word_1_80' title='bbox 272 1162 355 1231; x_wconf 78' lang='grc' dir='ltr'><strong>οίς</strong></span> <span class='ocrx_word' id='word_1_81' title='bbox 380 1168 474 1221; x_wconf 80' lang='grc' dir='ltr'>καὶ</span> <span class='ocrx_word' id='word_1_82' title='bbox 519 1168 549 1221; x_wconf 98' lang='lat'><strong>6</strong></span> <span class='ocrx_word' id='word_1_83' title='bbox 581 1167 737 1236; x_wconf 89' lang='grc' dir='ltr'>λόγος</span> <span class='ocrx_word' id='word_1_84' title='bbox 785 1170 1050 1242; x_wconf 86' lang='grc' dir='ltr'>ὑπηρετεί</span> <span class='ocrx_word' id='word_1_85' title='bbox 1094 1170 1230 1242; x_wconf 78' lang='grc' dir='ltr'>πρὸς</span> <span class='ocrx_word' id='word_1_86' title='bbox 1272 1170 1364 1224; x_wconf 84' lang='grc' dir='ltr'>τὸν</span> <span class='ocrx_word' id='word_1_87' title='bbox 1396 1171 1578 1239; x_wconf 78' lang='grc' dir='ltr'>ὄγκον,</span> <span class='ocrx_word' id='word_1_88' title='bbox 1610 1171 1704 1226; x_wconf 89' lang='grc' dir='ltr'><strong>καί</strong></span> 
     </span>
    </p>
   </div>
   <div class='ocr_carea' id='block_1_14' title="bbox 109 1259 1705 1334">
    <p class='ocr_par' dir='ltr' id='par_1_14' title="bbox 109 1259 1705 1334">
     <span class='ocr_line' id='line_1_14' title="bbox 109 1259 1705 1334; baseline 0.004 -23"><span class='ocrx_word' id='word_1_89' title='bbox 109 1273 240 1312; x_wconf 85' lang='grc' dir='ltr'>τινα</span> <span class='ocrx_word' id='word_1_90' title='bbox 277 1259 434 1331; x_wconf 89' lang='grc' dir='ltr'>φέρει</span> <span class='ocrx_word' id='word_1_91' title='bbox 463 1259 777 1332; x_wconf 77' lang='grc' dir='ltr'>φιλοτιμίαν</span> <span class='ocrx_word' id='word_1_92' title='bbox 818 1264 932 1324; x_wconf 84' lang='grc' dir='ltr'>τοῖς</span> <span class='ocrx_word' id='word_1_93' title='bbox 976 1266 1468 1334; x_wconf 78' lang='grc' dir='ltr'><strong>γεγυμνασμένοις,</strong></span> <span class='ocrx_word' id='word_1_94' title='bbox 1500 1266 1564 1317; x_wconf 79' lang='grc' dir='ltr'>ὲκ</span> <span class='ocrx_word' id='word_1_95' title='bbox 1595 1263 1705 1317; x_wconf 85' lang='grc' dir='ltr'><strong>τῶν</strong></span> 
     </span>
    </p>
   </div>
   <div class='ocr_carea' id='block_1_15' title="bbox 109 1350 1706 1429">
    <p class='ocr_par' dir='ltr' id='par_1_15' title="bbox 109 1350 1706 1429">
     <span class='ocr_line' id='line_1_15' title="bbox 109 1350 1706 1429; baseline 0.004 -25"><span class='ocrx_word' id='word_1_96' title='bbox 109 1350 378 1406; x_wconf 78' lang='grc' dir='ltr'>τοιούτων</span> <span class='ocrx_word' id='word_1_97' title='bbox 424 1351 604 1420; x_wconf 74' lang='grc' dir='ltr'>αὔξων</span> <span class='ocrx_word' id='word_1_98' title='bbox 644 1358 709 1425; x_wconf 66' lang='grc' dir='ltr'>τῇ</span> <span class='ocrx_word' id='word_1_99' title='bbox 749 1356 970 1429; x_wconf 84' lang='grc' dir='ltr'>πατρίδι</span> <span class='ocrx_word' id='word_1_100' title='bbox 1008 1357 1099 1411; x_wconf 79' lang='grc' dir='ltr'>τὸν</span> <span class='ocrx_word' id='word_1_101' title='bbox 1138 1356 1380 1413; x_wconf 78' lang='grc' dir='ltr'>ἔπαινον.</span> <span class='ocrx_word' id='word_1_102' title='bbox 1427 1358 1706 1429; x_wconf 82' lang='grc' dir='ltr'>Κοσμικὸς</span> 
     </span>
    </p>
   </div>
   <div class='ocr_carea' id='block_1_16' title="bbox 111 1443 1704 1522">
    <p class='ocr_par' dir='ltr' id='par_1_16' title="bbox 111 1443 1704 1522">
     <span class='ocr_line' id='line_1_16' title="bbox 111 1443 1704 1522; baseline 0.003 -24"><span class='ocrx_word' id='word_1_103' title='bbox 111 1443 171 1498; x_wconf 86' lang='grc' dir='ltr'>δέ</span> <span class='ocrx_word' id='word_1_104' title='bbox 199 1463 283 1511; x_wconf 90' lang='grc' dir='ltr'><strong>τις</strong></span> <span class='ocrx_word' id='word_1_105' title='bbox 309 1446 470 1517; x_wconf 82' lang='grc' dir='ltr'>ἀνὴρ,</span> <span class='ocrx_word' id='word_1_106' title='bbox 493 1448 588 1500; x_wconf 80' lang='grc' dir='ltr'>καὶ</span> <span class='ocrx_word' id='word_1_107' title='bbox 607 1449 673 1518; x_wconf 83' lang='grc' dir='ltr'>τῇ</span> <span class='ocrx_word' id='word_1_108' title='bbox 707 1446 818 1520; x_wconf 78' lang='grc' dir='ltr'>ζωῇ</span> <span class='ocrx_word' id='word_1_109' title='bbox 838 1447 1013 1522; x_wconf 81' lang='grc' dir='ltr'>ταύτῃ</span> <span class='ocrx_word' id='word_1_110' title='bbox 1036 1449 1105 1503; x_wconf 84' lang='grc' dir='ltr'>τὰ</span> <span class='ocrx_word' id='word_1_111' title='bbox 1131 1447 1272 1504; x_wconf 79' lang='grc' dir='ltr'>καλὰ</span> <span class='ocrx_word' id='word_1_112' title='bbox 1298 1448 1506 1522; x_wconf 86' lang='grc' dir='ltr'>κρίνειν</span> <span class='ocrx_word' id='word_1_113' title='bbox 1527 1447 1704 1512; x_wconf 81' lang='grc' dir='ltr'>εἰδὼς,</span> 
     </span>
    </p>
   </div>
   <div class='ocr_carea' id='block_1_17' title="bbox 113 1535 1708 1611">
    <p class='ocr_par' dir='ltr' id='par_1_17' title="bbox 113 1535 1708 1611">
     <span class='ocr_line' id='line_1_17' title="bbox 113 1535 1708 1611; baseline 0.003 -24"><span class='ocrx_word' id='word_1_114' title='bbox 113 1535 461 1606; x_wconf 84' lang='grc' dir='ltr'>προστιθέτω</span> <span class='ocrx_word' id='word_1_115' title='bbox 502 1540 616 1601; x_wconf 86' lang='grc' dir='ltr'>τοῖς</span> <span class='ocrx_word' id='word_1_116' title='bbox 655 1537 919 1603; x_wconf 77' lang='grc' dir='ltr'>ἐπαίνοις,</span> <span class='ocrx_word' id='word_1_117' title='bbox 953 1540 1002 1592; x_wconf 83' lang='grc' dir='ltr'><strong>εί</strong></span> <span class='ocrx_word' id='word_1_118' title='bbox 1051 1538 1216 1603; x_wconf 85' lang='grc' dir='ltr'>δοκεῖ,</span> <span class='ocrx_word' id='word_1_119' title='bbox 1261 1539 1355 1592; x_wconf 75' lang='grc' dir='ltr'>καὶ</span> <span class='ocrx_word' id='word_1_120' title='bbox 1395 1539 1486 1592; x_wconf 83' lang='grc' dir='ltr'>τὸν</span> <span class='ocrx_word' id='word_1_121' title='bbox 1520 1539 1708 1611; x_wconf 69' lang='grc' dir='ltr'>ἕτερον</span> 
     </span>
    </p>
   </div>
   <div class='ocr_carea' id='block_1_18' title="bbox 109 1627 1708 1700">
    <p class='ocr_par' dir='ltr' id='par_1_18' title="bbox 109 1627 1708 1700">
     <span class='ocr_line' id='line_1_18' title="bbox 109 1627 1708 1700; baseline 0.003 -20"><span class='ocrx_word' id='word_1_122' title='bbox 109 1628 229 1680; x_wconf 89' lang='grc' dir='ltr'><strong>τῶν</strong></span> <span class='ocrx_word' id='word_1_123' title='bbox 279 1627 563 1699; x_wconf 79' lang='grc' dir='ltr'>ποταμῶν.</span> <span class='ocrx_word' id='word_1_124' title='bbox 614 1629 814 1683; x_wconf 82' lang='grc' dir='ltr'>Τούτον</span> <span class='ocrx_word' id='word_1_125' title='bbox 857 1631 1000 1700; x_wconf 79' lang='grc' dir='ltr'>λέγω</span> <span class='ocrx_word' id='word_1_126' title='bbox 1039 1630 1130 1684; x_wconf 72' lang='grc' dir='ltr'>τὸν</span> <span class='ocrx_word' id='word_1_127' title='bbox 1162 1631 1399 1700; x_wconf 85' lang='grc' dir='ltr'>γείτονα,</span> <span class='ocrx_word' id='word_1_128' title='bbox 1444 1632 1503 1696; x_wconf 86' lang='grc' dir='ltr'>ὃς</span> <span class='ocrx_word' id='word_1_129' title='bbox 1533 1631 1622 1686; x_wconf 81' lang='grc' dir='ltr'>διὰ</span> <span class='ocrx_word' id='word_1_130' title='bbox 1650 1633 1708 1684; x_wconf 67' lang='grc' dir='ltr'>τδ</span> 
     </span>
    </p>
   </div>
   <div class='ocr_carea' id='block_1_19' title="bbox 115 1718 1709 1793">
    <p class='ocr_par' dir='ltr' id='par_1_19' title="bbox 115 1718 1709 1793">
     <span class='ocr_line' id='line_1_19' title="bbox 115 1718 1709 1793; baseline 0.003 -21"><span class='ocrx_word' id='word_1_131' title='bbox 115 1718 355 1788; x_wconf 81' lang='grc' dir='ltr'>μέγεθος</span> <span class='ocrx_word' id='word_1_132' title='bbox 383 1723 497 1784; x_wconf 84' lang='grc' dir='ltr'>τοῖς</span> <span class='ocrx_word' id='word_1_133' title='bbox 542 1721 862 1793; x_wconf 83' lang='grc' dir='ltr'>ὀνομαστοῖς</span> <span class='ocrx_word' id='word_1_134' title='bbox 903 1722 1012 1775; x_wconf 88' lang='grc' dir='ltr'><strong>τῶν</strong></span> <span class='ocrx_word' id='word_1_135' title='bbox 1055 1725 1196 1776; x_wconf 80' lang='grc' dir='ltr'>κατὰ</span> <span class='ocrx_word' id='word_1_136' title='bbox 1237 1722 1337 1793; x_wconf 80' lang='grc' dir='ltr'>τὴν</span> <span class='ocrx_word' id='word_1_137' title='bbox 1385 1722 1709 1793; x_wconf 70' lang='grc' dir='ltr'>οἰκουμένην</span> 
     </span>
    </p>
   </div>
   <div class='ocr_carea' id='block_1_20' title="bbox 111 1810 1708 1885">
    <p class='ocr_par' dir='ltr' id='par_1_20' title="bbox 111 1810 1708 1885">
     <span class='ocr_line' id='line_1_20' title="bbox 111 1810 1708 1885; baseline 0.001 -21"><span class='ocrx_word' id='word_1_138' title='bbox 111 1810 386 1882; x_wconf 84' lang='grc' dir='ltr'>ποταμῶν</span> <span class='ocrx_word' id='word_1_139' title='bbox 415 1812 730 1884; x_wconf 69' lang='grc' dir='ltr'>ἐναρίθμιος</span> <span class='ocrx_word' id='word_1_140' title='bbox 763 1813 859 1878; x_wconf 88' lang='grc' dir='ltr'><strong>ῶν,</strong></span> <span class='ocrx_word' id='word_1_141' title='bbox 887 1813 997 1867; x_wconf 84' lang='grc' dir='ltr'>ἀπὸ</span> <span class='ocrx_word' id='word_1_142' title='bbox 1039 1814 1141 1883; x_wconf 80' lang='grc' dir='ltr'>τῆς</span> <span class='ocrx_word' id='word_1_143' title='bbox 1169 1813 1443 1885; x_wconf 78' lang='grc' dir='ltr'>ἡμετέρας</span> <span class='ocrx_word' id='word_1_144' title='bbox 1468 1813 1708 1884; x_wconf 87' lang='grc' dir='ltr'>ἀρχόμε-</span> 
     </span>
    </p>
   </div>
   <div class='ocr_carea' id='block_1_21' title="bbox 113 1903 1707 1978">
    <p class='ocr_par' dir='ltr' id='par_1_21' title="bbox 113 1903 1707 1978">
     <span class='ocr_line' id='line_1_21' title="bbox 113 1903 1707 1978; baseline 0.003 -24"><span class='ocrx_word' id='word_1_145' title='bbox 113 1917 211 1965; x_wconf 89' lang='grc' dir='ltr'><strong>νος</strong></span> <span class='ocrx_word' id='word_1_146' title='bbox 250 1904 310 1956; x_wconf 82' lang='grc' dir='ltr'>ὲν</span> <span class='ocrx_word' id='word_1_147' title='bbox 340 1903 517 1974; x_wconf 84' lang='grc' dir='ltr'>χρόνῳ</span> <span class='ocrx_word' id='word_1_148' title='bbox 556 1905 890 1976; x_wconf 79' lang='grc' dir='ltr'>παραμείϐει</span> <span class='ocrx_word' id='word_1_149' title='bbox 930 1905 1028 1978; x_wconf 82' lang='grc' dir='ltr'>τὴν</span> <span class='ocrx_word' id='word_1_150' title='bbox 1063 1905 1236 1966; x_wconf 87' lang='grc' dir='ltr'>πόλιν,</span> <span class='ocrx_word' id='word_1_151' title='bbox 1267 1907 1328 1960; x_wconf 86' lang='grc' dir='ltr'><strong>οὐ</strong></span> <span class='ocrx_word' id='word_1_152' title='bbox 1365 1905 1571 1976; x_wconf 79' lang='grc' dir='ltr'>μικρὰν</span> <span class='ocrx_word' id='word_1_153' title='bbox 1608 1906 1707 1978; x_wconf 81' lang='grc' dir='ltr'>τὴν</span> 
     </span>
    </p>
   </div>
   <div class='ocr_carea' id='block_1_22' title="bbox 115 1999 1709 2073">
    <p class='ocr_par' dir='ltr' id='par_1_22' title="bbox 115 1999 1709 2073">
     <span class='ocr_line' id='line_1_22' title="bbox 115 1999 1709 2073; baseline 0.006 -24"><span class='ocrx_word' id='word_1_154' title='bbox 115 1999 255 2070; x_wconf 85' lang='grc' dir='ltr'>παρ’</span> <span class='ocrx_word' id='word_1_155' title='bbox 290 1999 488 2053; x_wconf 77' lang='grc' dir='ltr'>ἑαυτοῦ</span> <span class='ocrx_word' id='word_1_156' title='bbox 511 2000 672 2072; x_wconf 83' lang='grc' dir='ltr'>χάριν</span> <span class='ocrx_word' id='word_1_157' title='bbox 698 2002 778 2065; x_wconf 88' lang='grc' dir='ltr'><strong>είς</strong></span> <span class='ocrx_word' id='word_1_158' title='bbox 803 2001 1119 2073; x_wconf 83' lang='grc' dir='ltr'>προσθήκην</span> <span class='ocrx_word' id='word_1_159' title='bbox 1147 2000 1375 2065; x_wconf 87' lang='grc' dir='ltr'>κάλλους</span> <span class='ocrx_word' id='word_1_160' title='bbox 1400 2017 1460 2056; x_wconf 88' lang='grc' dir='ltr'><strong>τε</strong></span> <span class='ocrx_word' id='word_1_161' title='bbox 1492 2001 1586 2056; x_wconf 76' lang='grc' dir='ltr'>καὶ</span> <span class='ocrx_word' id='word_1_162' title='bbox 1610 2001 1709 2071; x_wconf 78' lang='grc' dir='ltr'>τῆς</span> 
     </span>
    </p>
   </div>
   <div class='ocr_carea' id='block_1_23' title="bbox 116 2091 1709 2166">
    <p class='ocr_par' dir='ltr' id='par_1_23' title="bbox 116 2091 1709 2166">
     <span class='ocr_line' id='line_1_23' title="bbox 116 2091 1709 2166; baseline 0.002 -22"><span class='ocrx_word' id='word_1_163' title='bbox 116 2091 417 2163; x_wconf 77' lang='grc' dir='ltr'>συνεργίας</span> <span class='ocrx_word' id='word_1_164' title='bbox 440 2092 533 2146; x_wconf 82' lang='grc' dir='ltr'><strong>τοῦ</strong></span> <span class='ocrx_word' id='word_1_165' title='bbox 566 2093 683 2164; x_wconf 84' lang='grc' dir='ltr'>βίου</span> <span class='ocrx_word' id='word_1_166' title='bbox 720 2093 787 2148; x_wconf 81' lang='grc' dir='ltr'>δι’</span> <span class='ocrx_word' id='word_1_167' title='bbox 821 2094 1015 2147; x_wconf 80' lang='grc' dir='ltr'>ἑαυτοῦ</span> <span class='ocrx_word' id='word_1_168' title='bbox 1052 2094 1438 2166; x_wconf 86' lang='grc' dir='ltr'>συνεισφέρων.</span> <span class='ocrx_word' id='word_1_169' title='bbox 1473 2093 1592 2151; x_wconf 75' lang='grc' dir='ltr'>Κᾶν</span> <span class='ocrx_word' id='word_1_170' title='bbox 1633 2097 1709 2148; x_wconf 64' lang='lat' dir='ltr'><strong>oio</strong></span> 
     </span>
    </p>
   </div>
   <div class='ocr_carea' id='block_1_24' title="bbox 114 2181 1712 2257">
    <p class='ocr_par' dir='ltr' id='par_1_24' title="bbox 114 2181 1712 2257">
     <span class='ocr_line' id='line_1_24' title="bbox 114 2181 1712 2257; baseline 0.004 -24"><span class='ocrx_word' id='word_1_171' title='bbox 114 2181 318 2246; x_wconf 82' lang='grc' dir='ltr'>κιστάς</span> <span class='ocrx_word' id='word_1_172' title='bbox 343 2183 665 2252; x_wconf 83' lang='grc' dir='ltr'>καταλέγειν</span> <span class='ocrx_word' id='word_1_173' title='bbox 702 2184 818 2257; x_wconf 83' lang='grc' dir='ltr'>δέῃ,</span> <span class='ocrx_word' id='word_1_174' title='bbox 858 2185 958 2240; x_wconf 79' lang='grc' dir='ltr'>κᾶν</span> <span class='ocrx_word' id='word_1_175' title='bbox 986 2185 1045 2252; x_wconf 79' lang='grc' dir='ltr'>ἐξ</span> <span class='ocrx_word' id='word_1_176' title='bbox 1073 2185 1331 2250; x_wconf 82' lang='grc' dir='ltr'>ἀποικίας</span> <span class='ocrx_word' id='word_1_177' title='bbox 1351 2185 1420 2240; x_wconf 84' lang='grc' dir='ltr'>τὰ</span> <span class='ocrx_word' id='word_1_178' title='bbox 1445 2185 1577 2257; x_wconf 80' lang='grc' dir='ltr'>γένη</span> <span class='ocrx_word' id='word_1_179' title='bbox 1603 2185 1712 2240; x_wconf 90' lang='grc' dir='ltr'><strong>τῶν</strong></span> 
     </span>
    </p>
   </div>
   <div class='ocr_carea' id='block_1_25' title="bbox 111 2274 1712 2349">
    <p class='ocr_par' dir='ltr' id='par_1_25' title="bbox 111 2274 1712 2349">
     <span class='ocr_line' id='line_1_25' title="bbox 111 2274 1712 2349; baseline 0.004 -23"><span class='ocrx_word' id='word_1_180' title='bbox 111 2274 425 2346; x_wconf 73' lang='grc' dir='ltr'>οἰκητόρων</span> <span class='ocrx_word' id='word_1_181' title='bbox 449 2275 867 2346; x_wconf 86' lang='grc' dir='ltr'>ἀποσεμνύνειν,</span> <span class='ocrx_word' id='word_1_182' title='bbox 900 2276 1001 2330; x_wconf 82' lang='grc' dir='ltr'><strong>κάν</strong></span> <span class='ocrx_word' id='word_1_183' title='bbox 1033 2294 1154 2331; x_wconf 89' lang='grc' dir='ltr'>τινα</span> <span class='ocrx_word' id='word_1_184' title='bbox 1187 2275 1368 2348; x_wconf 76' lang='grc' dir='ltr'>χειρὸς</span> <span class='ocrx_word' id='word_1_185' title='bbox 1404 2277 1712 2349; x_wconf 79' lang='grc' dir='ltr'>πολεμικῆς</span> 
     </span>
    </p>
   </div>
   <div class='ocr_carea' id='block_1_26' title="bbox 114 2365 1712 2442">
    <p class='ocr_par' dir='ltr' id='par_1_26' title="bbox 114 2365 1712 2442">
     <span class='ocr_line' id='line_1_26' title="bbox 114 2365 1712 2442; baseline 0.003 -23"><span class='ocrx_word' id='word_1_186' title='bbox 114 2365 532 2438; x_wconf 83' lang='grc' dir='ltr'>κατορθώματα</span> <span class='ocrx_word' id='word_1_187' title='bbox 569 2370 683 2432; x_wconf 84' lang='grc' dir='ltr'>τοῖς</span> <span class='ocrx_word' id='word_1_188' title='bbox 719 2369 840 2423; x_wconf 87' lang='grc' dir='ltr'>καθ’</span> <span class='ocrx_word' id='word_1_189' title='bbox 875 2371 1023 2441; x_wconf 74' lang='grc' dir='ltr'>ἡμᾶς</span> <span class='ocrx_word' id='word_1_190' title='bbox 1072 2369 1516 2442; x_wconf 87' lang='grc' dir='ltr'>προσδιηγήμασι</span> <span class='ocrx_word' id='word_1_191' title='bbox 1542 2386 1554 2402; x_wconf 90' lang='grc'><strong>·</strong></span> <span class='ocrx_word' id='word_1_192' title='bbox 1586 2370 1712 2442; x_wconf 86' lang='grc' dir='ltr'>τρό-</span> 
     </span>
    </p>
   </div>
   <div class='ocr_carea' id='block_1_27' title="bbox 115 2457 1714 2533">
    <p class='ocr_par' dir='ltr' id='par_1_27' title="bbox 115 2457 1714 2533">
     <span class='ocr_line' id='line_1_27' title="bbox 115 2457 1714 2533; baseline 0.003 -22"><span class='ocrx_word' id='word_1_193' title='bbox 115 2473 282 2522; x_wconf 77' lang='grc' dir='ltr'>παια,</span> <span class='ocrx_word' id='word_1_194' title='bbox 321 2457 414 2511; x_wconf 72' lang='grc' dir='ltr'>καὶ</span> <span class='ocrx_word' id='word_1_195' title='bbox 442 2459 632 2530; x_wconf 81' lang='grc' dir='ltr'>μάχαι,</span> <span class='ocrx_word' id='word_1_196' title='bbox 663 2459 760 2514; x_wconf 78' lang='grc' dir='ltr'>καὶ</span> <span class='ocrx_word' id='word_1_197' title='bbox 797 2459 870 2514; x_wconf 88' lang='grc' dir='ltr'><strong>τά</strong></span> <span class='ocrx_word' id='word_1_198' title='bbox 898 2461 956 2528; x_wconf 79' lang='grc' dir='ltr'>ἐξ</span> <span class='ocrx_word' id='word_1_199' title='bbox 998 2459 1276 2532; x_wconf 81' lang='grc' dir='ltr'>ἀριστείας</span> <span class='ocrx_word' id='word_1_200' title='bbox 1307 2459 1582 2533; x_wconf 87' lang='grc' dir='ltr'>θαύματα,</span> <span class='ocrx_word' id='word_1_201' title='bbox 1614 2463 1714 2516; x_wconf 82' lang='grc' dir='ltr'>ὅσα</span> 
     </span>
    </p>
   </div>
   <div class='ocr_carea' id='block_1_28' title="bbox 119 2549 1716 2626">
    <p class='ocr_par' dir='ltr' id='par_1_28' title="bbox 119 2549 1716 2626">
     <span class='ocr_line' id='line_1_28' title="bbox 119 2549 1716 2626; baseline 0.004 -25"><span class='ocrx_word' id='word_1_202' title='bbox 119 2549 495 2619; x_wconf 72' lang='grc' dir='ltr'>συγγραφέων</span> <span class='ocrx_word' id='word_1_203' title='bbox 553 2550 741 2616; x_wconf 84' lang='grc' dir='ltr'>παῖδες</span> <span class='ocrx_word' id='word_1_204' title='bbox 792 2550 997 2624; x_wconf 77' lang='grc' dir='ltr'>βίϐλοις</span> <span class='ocrx_word' id='word_1_205' title='bbox 1051 2551 1476 2624; x_wconf 84' lang='grc' dir='ltr'>ὲναπεθήκαντο,</span> <span class='ocrx_word' id='word_1_206' title='bbox 1523 2552 1716 2626; x_wconf 76' lang='grc' dir='ltr'>πόρρω</span> 
     </span>
    </p>
   </div>
   <div class='ocr_carea' id='block_1_29' title="bbox 118 2638 1716 2716">
    <p class='ocr_par' dir='ltr' id='par_1_29' title="bbox 118 2638 1716 2716">
     <span class='ocr_line' id='line_1_29' title="bbox 118 2638 1716 2716; baseline 0.004 -24"><span class='ocrx_word' id='word_1_207' title='bbox 118 2638 303 2695; x_wconf 83' lang='grc' dir='ltr'>ταῦτα</span> <span class='ocrx_word' id='word_1_208' title='bbox 325 2640 420 2694; x_wconf 78' lang='grc' dir='ltr'>τοῦ</span> <span class='ocrx_word' id='word_1_209' title='bbox 449 2643 718 2712; x_wconf 81' lang='grc' dir='ltr'>ἡμετέρου</span> <span class='ocrx_word' id='word_1_210' title='bbox 749 2642 932 2716; x_wconf 78' lang='grc' dir='ltr'>χοροῦ.</span> <span class='ocrx_word' id='word_1_211' title='bbox 964 2644 1288 2716; x_wconf 81' lang='grc' dir='ltr'>Αἰσχύνεται</span> <span class='ocrx_word' id='word_1_212' title='bbox 1316 2644 1427 2716; x_wconf 79' lang='grc' dir='ltr'><strong>γὰρ</strong></span> <span class='ocrx_word' id='word_1_213' title='bbox 1469 2661 1716 2716; x_wconf 89' lang='grc' dir='ltr'>χριστια-</span> 
     </span>
    </p>
   </div>
   <div class='ocr_carea' id='block_1_30' title="bbox 120 2731 1716 2808">
    <p class='ocr_par' dir='ltr' id='par_1_30' title="bbox 120 2731 1716 2808">
     <span class='ocr_line' id='line_1_30' title="bbox 120 2731 1716 2808; baseline 0.004 -25"><span class='ocrx_word' id='word_1_214' title='bbox 120 2731 217 2795; x_wconf 80' lang='lat' dir='ltr'><strong>v6;</strong></span> <span class='ocrx_word' id='word_1_215' title='bbox 242 2731 402 2800; x_wconf 82' lang='grc' dir='ltr'>λόγος</span> <span class='ocrx_word' id='word_1_216' title='bbox 423 2733 532 2788; x_wconf 81' lang='grc' dir='ltr'>ἀπὸ</span> <span class='ocrx_word' id='word_1_217' title='bbox 558 2733 665 2788; x_wconf 87' lang='grc' dir='ltr'><strong>τῶν</strong></span> <span class='ocrx_word' id='word_1_218' title='bbox 697 2734 802 2800; x_wconf 79' lang='grc' dir='ltr'><strong>ἔξω</strong></span> <span class='ocrx_word' id='word_1_219' title='bbox 827 2736 926 2806; x_wconf 83' lang='grc' dir='ltr'>τῆς</span> <span class='ocrx_word' id='word_1_220' title='bbox 953 2735 1184 2800; x_wconf 88' lang='grc' dir='ltr'>πίστεως</span> <span class='ocrx_word' id='word_1_221' title='bbox 1210 2739 1321 2802; x_wconf 80' lang='grc' dir='ltr'>τοῖς</span> <span class='ocrx_word' id='word_1_222' title='bbox 1351 2735 1716 2808; x_wconf 87' lang='grc' dir='ltr'>φιλοχρίστοις</span> 
     </span>
    </p>
   </div>
   <div class='ocr_carea' id='block_1_31' title="bbox 119 2823 1716 2901">
    <p class='ocr_par' dir='ltr' id='par_1_31' title="bbox 119 2823 1716 2901">
     <span class='ocr_line' id='line_1_31' title="bbox 119 2823 1716 2901; baseline 0.003 -23"><span class='ocrx_word' id='word_1_223' title='bbox 119 2823 228 2887; x_wconf 76' lang='grc' dir='ltr'>τὰς</span> <span class='ocrx_word' id='word_1_224' title='bbox 261 2823 537 2895; x_wconf 83' lang='grc' dir='ltr'>εὐφημίας</span> <span class='ocrx_word' id='word_1_225' title='bbox 583 2826 926 2897; x_wconf 73' lang='grc' dir='ltr'>χαρίζεσθαι,</span> <span class='ocrx_word' id='word_1_226' title='bbox 960 2826 1152 2900; x_wconf 86' lang='grc' dir='ltr'>ῶσπερ</span> <span class='ocrx_word' id='word_1_227' title='bbox 1197 2830 1247 2882; x_wconf 93' lang='grc' dir='ltr'><strong>οί</strong></span> <span class='ocrx_word' id='word_1_228' title='bbox 1286 2830 1387 2901; x_wconf 85' lang='grc' dir='ltr'><strong>τὴν</strong></span> <span class='ocrx_word' id='word_1_229' title='bbox 1421 2829 1580 2883; x_wconf 87' lang='grc' dir='ltr'>σκιὰν</span> <span class='ocrx_word' id='word_1_230' title='bbox 1620 2829 1716 2884; x_wconf 85' lang='grc' dir='ltr'>τοῦ</span> 
     </span>
    </p>
   </div>
   <div class='ocr_carea' id='block_1_32' title="bbox 120 2916 1716 2991">
    <p class='ocr_par' dir='ltr' id='par_1_32' title="bbox 120 2916 1716 2991">
     <span class='ocr_line' id='line_1_32' title="bbox 120 2916 1716 2991; baseline 0.004 -21"><span class='ocrx_word' id='word_1_231' title='bbox 120 2916 401 2986; x_wconf 84' lang='grc' dir='ltr'>ἀριστέως</span> <span class='ocrx_word' id='word_1_232' title='bbox 423 2917 530 2989; x_wconf 85' lang='grc' dir='ltr'>πρὸ</span> <span class='ocrx_word' id='word_1_233' title='bbox 550 2918 658 2970; x_wconf 89' lang='grc' dir='ltr'><strong>τῶν</strong></span> <span class='ocrx_word' id='word_1_234' title='bbox 688 2919 964 2990; x_wconf 87' lang='grc' dir='ltr'>τροπαίων</span> <span class='ocrx_word' id='word_1_235' title='bbox 987 2921 1360 2991; x_wconf 80' lang='grc' dir='ltr'>σεμνύνοντες.</span> <span class='ocrx_word' id='word_1_236' title='bbox 1386 2920 1600 2976; x_wconf 78' lang='grc' dir='ltr'>Οὐκοῦν</span> <span class='ocrx_word' id='word_1_237' title='bbox 1626 2939 1716 2976; x_wconf 87' lang='grc' dir='ltr'>τε·</span> 
     </span>
    </p>
   </div>
   <div class='ocr_carea' id='block_1_33' title="bbox 1803 535 3400 613">
    <p class='ocr_par' dir='ltr' id='par_1_33' title="bbox 1803 535 3400 613">
     <span class='ocr_line' id='line_1_33' title="bbox 1803 535 3400 613; baseline 0.006 -22"><span class='ocrx_word' id='word_1_238' title='bbox 1803 545 1856 591; x_wconf 86' lang='lat' dir='ltr'><strong>ct</strong></span> <span class='ocrx_word' id='word_1_239' title='bbox 1890 535 2330 592; x_wconf 74' lang='lat' dir='ltr'><strong>abundantiam?</strong></span> <span class='ocrx_word' id='word_1_240' title='bbox 2371 537 2505 592; x_wconf 88' lang='lat' dir='ltr'><strong>ltem</strong></span> <span class='ocrx_word' id='word_1_241' title='bbox 2543 555 2802 606; x_wconf 88' lang='lat' dir='ltr'><strong>amnem,</strong></span> <span class='ocrx_word' id='word_1_242' title='bbox 2851 543 2947 613; x_wconf 87' lang='lat' dir='ltr'><strong>qui</strong></span> <span class='ocrx_word' id='word_1_243' title='bbox 2991 543 3189 598; x_wconf 83' lang='lat' dir='ltr'><strong>dividit</strong></span> <span class='ocrx_word' id='word_1_244' title='bbox 3240 546 3400 602; x_wconf 85' lang='lat' dir='ltr'><strong>sedes</strong></span> 
     </span>
    </p>
   </div>
   <div class='ocr_carea' id='block_1_34' title="bbox 1805 629 3398 706">
    <p class='ocr_par' dir='ltr' id='par_1_34' title="bbox 1805 629 3398 706">
     <span class='ocr_line' id='line_1_34' title="bbox 1805 629 3398 706; baseline 0.006 -24"><span class='ocrx_word' id='word_1_245' title='bbox 1805 630 2057 685; x_wconf 88' lang='lat' dir='ltr'><strong>vestras?</strong></span> <span class='ocrx_word' id='word_1_246' title='bbox 2082 629 2236 684; x_wconf 88' lang='lat' dir='ltr'><strong>Hunc</strong></span> <span class='ocrx_word' id='word_1_247' title='bbox 2259 630 2404 694; x_wconf 86' lang='lat' dir='ltr'><strong>dico,</strong></span> <span class='ocrx_word' id='word_1_248' title='bbox 2427 632 2519 700; x_wconf 87' lang='lat' dir='ltr'><strong>qui</strong></span> <span class='ocrx_word' id='word_1_249' title='bbox 2547 632 2756 686; x_wconf 85' lang='lat' dir='ltr'><strong>circulo</strong></span> <span class='ocrx_word' id='word_1_250' title='bbox 2783 644 2948 704; x_wconf 88' lang='lat' dir='ltr'><strong>atque</strong></span> <span class='ocrx_word' id='word_1_251' title='bbox 2973 636 3180 690; x_wconf 83' lang='lat' dir='ltr'><strong>ambitu</strong></span> <span class='ocrx_word' id='word_1_252' title='bbox 3215 639 3398 706; x_wconf 84' lang='lat' dir='ltr'><strong>campi</strong></span> 
     </span>
    </p>
   </div>
   <div class='ocr_carea' id='block_1_35' title="bbox 1803 718 3400 797">
    <p class='ocr_par' dir='ltr' id='par_1_35' title="bbox 1803 718 3400 797">
     <span class='ocr_line' id='line_1_35' title="bbox 1803 718 3400 797; baseline 0.007 -25"><span class='ocrx_word' id='word_1_253' title='bbox 1803 718 2064 776; x_wconf 84' lang='lat' dir='ltr'><strong>ﬂuentqu</strong></span> <span class='ocrx_word' id='word_1_254' title='bbox 2090 736 2250 776; x_wconf 85' lang='lat' dir='ltr'><strong>suum</strong></span> <span class='ocrx_word' id='word_1_255' title='bbox 2280 721 2517 776; x_wconf 86' lang='lat' dir='ltr'><strong>includit</strong></span> <span class='ocrx_word' id='word_1_256' title='bbox 2537 764 2550 788; x_wconf 92' lang='lat'><strong>,</strong></span> <span class='ocrx_word' id='word_1_257' title='bbox 2575 732 2629 778; x_wconf 85' lang='lat' dir='ltr'><strong>et</strong></span> <span class='ocrx_word' id='word_1_258' title='bbox 2654 725 2807 779; x_wconf 89' lang='lat' dir='ltr'><strong>lacus</strong></span> <span class='ocrx_word' id='word_1_259' title='bbox 2831 726 3016 780; x_wconf 83' lang='lat' dir='ltr'><strong>evadit</strong></span> <span class='ocrx_word' id='word_1_260' title='bbox 3041 745 3054 781; x_wconf 89' lang='lat'><strong>:</strong></span> <span class='ocrx_word' id='word_1_261' title='bbox 3079 727 3170 797; x_wconf 84' lang='lat' dir='ltr'><strong>qui</strong></span> <span class='ocrx_word' id='word_1_262' title='bbox 3196 735 3250 782; x_wconf 88' lang='lat' dir='ltr'><strong>et</strong></span> <span class='ocrx_word' id='word_1_263' title='bbox 3273 737 3400 783; x_wconf 90' lang='lat' dir='ltr'><strong>ante</strong></span> 
     </span>
    </p>
   </div>
   <div class='ocr_carea' id='block_1_36' title="bbox 1803 815 3398 888">
    <p class='ocr_par' dir='ltr' id='par_1_36' title="bbox 1803 815 3398 888">
     <span class='ocr_line' id='line_1_36' title="bbox 1803 815 3398 888; baseline 0.005 -22"><span class='ocrx_word' id='word_1_264' title='bbox 1803 820 1858 866; x_wconf 90' lang='lat' dir='ltr'><strong>et</strong></span> <span class='ocrx_word' id='word_1_265' title='bbox 1887 821 2180 883; x_wconf 80' lang='lat' dir='ltr'><strong>postquam</strong></span> <span class='ocrx_word' id='word_1_266' title='bbox 2230 822 2515 884; x_wconf 81' lang='lat' dir='ltr'><strong>restagnet</strong></span> <span class='ocrx_word' id='word_1_267' title='bbox 2543 858 2557 880; x_wconf 93' lang='lat'><strong>,</strong></span> <span class='ocrx_word' id='word_1_268' title='bbox 2590 815 2675 880; x_wconf 70' lang='lat' dir='ltr'><strong>fad</strong></span> <span class='ocrx_word' id='word_1_269' title='bbox 2721 817 2993 888; x_wconf 86' lang='lat' dir='ltr'><strong>cujusque</strong></span> <span class='ocrx_word' id='word_1_270' title='bbox 3040 820 3398 875; x_wconf 89' lang='lat' dir='ltr'><strong>incolentium</strong></span> 
     </span>
    </p>
   </div>
   <div class='ocr_carea' id='block_1_37' title="bbox 1805 904 3398 979">
    <p class='ocr_par' dir='ltr' id='par_1_37' title="bbox 1805 904 3398 979">
     <span class='ocr_line' id='line_1_37' title="bbox 1805 904 3398 979; baseline 0.004 -20"><span class='ocrx_word' id='word_1_271' title='bbox 1805 919 1967 959; x_wconf 90' lang='lat' dir='ltr'><strong>usum</strong></span> <span class='ocrx_word' id='word_1_272' title='bbox 1994 904 2208 960; x_wconf 90' lang='lat' dir='ltr'><strong>divisus</strong></span> <span class='ocrx_word' id='word_1_273' title='bbox 2234 913 2288 958; x_wconf 85' lang='lat' dir='ltr'><strong>et</strong></span> <span class='ocrx_word' id='word_1_274' title='bbox 2318 921 2542 960; x_wconf 83' lang='lat' dir='ltr'><strong>nemora</strong></span> <span class='ocrx_word' id='word_1_275' title='bbox 2571 919 2624 960; x_wconf 91' lang='lat' dir='ltr'><strong>et</strong></span> <span class='ocrx_word' id='word_1_276' title='bbox 2661 917 2814 977; x_wconf 82' lang='lat' dir='ltr'><strong>prata</strong></span> <span class='ocrx_word' id='word_1_277' title='bbox 2840 910 2999 979; x_wconf 82' lang='lat' dir='ltr'><strong>quasi</strong></span> <span class='ocrx_word' id='word_1_278' title='bbox 3033 910 3100 967; x_wconf 90' lang='lat' dir='ltr'><strong>de</strong></span> <span class='ocrx_word' id='word_1_279' title='bbox 3128 912 3398 969; x_wconf 86' lang='lat' dir='ltr'><strong>industria</strong></span> 
     </span>
    </p>
   </div>
   <div class='ocr_carea' id='block_1_38' title="bbox 1804 996 3414 1073">
    <p class='ocr_par' dir='ltr' id='par_1_38' title="bbox 1804 996 3414 1073">
     <span class='ocr_line' id='line_1_38' title="bbox 1804 996 3414 1073; baseline 0.006 -23"><span class='ocrx_word' id='word_1_280' title='bbox 1804 996 2046 1050; x_wconf 84' lang='lat' dir='ltr'><strong>elliciens</strong></span> <span class='ocrx_word' id='word_1_281' title='bbox 2070 1034 2084 1056; x_wconf 86' lang='lat'><strong>,</strong></span> <span class='ocrx_word' id='word_1_282' title='bbox 2113 1012 2338 1050; x_wconf 86' lang='lat' dir='ltr'><strong>cursum</strong></span> <span class='ocrx_word' id='word_1_283' title='bbox 2376 1012 2536 1052; x_wconf 90' lang='lat' dir='ltr'><strong>suum</strong></span> <span class='ocrx_word' id='word_1_284' title='bbox 2568 1000 2782 1068; x_wconf 77' lang='lat' dir='ltr'><strong>peragit</strong></span> <span class='ocrx_word' id='word_1_285' title='bbox 2811 1009 2978 1070; x_wconf 89' lang='lat' dir='ltr'><strong>atque</strong></span> <span class='ocrx_word' id='word_1_286' title='bbox 3007 1005 3250 1073; x_wconf 84' lang='lat' dir='ltr'><strong>erumpit</strong></span> <span class='ocrx_word' id='word_1_287' title='bbox 3270 1043 3288 1066; x_wconf 89' lang='lat'><em>.</em></span> <span class='ocrx_word' id='word_1_288' title='bbox 3320 1004 3414 1060; x_wconf 62' lang='lat' dir='ltr'><strong>in‘</strong></span> 
     </span>
    </p>
   </div>
   <div class='ocr_carea' id='block_1_39' title="bbox 1806 1089 3411 1162">
    <p class='ocr_par' dir='ltr' id='par_1_39' title="bbox 1806 1089 3411 1162">
     <span class='ocr_line' id='line_1_39' title="bbox 1806 1089 3411 1162; baseline 0.006 -20"><span class='ocrx_word' id='word_1_289' title='bbox 1806 1103 2146 1158; x_wconf 80' lang='lat' dir='ltr'><strong>numeraque</strong></span> <span class='ocrx_word' id='word_1_290' title='bbox 2174 1089 2552 1144; x_wconf 81' lang='lat' dir='ltr'><strong>habitantibus</strong></span> <span class='ocrx_word' id='word_1_291' title='bbox 2588 1105 2820 1146; x_wconf 88' lang='lat' dir='ltr'><strong>munera</strong></span> <span class='ocrx_word' id='word_1_292' title='bbox 2852 1093 3057 1162; x_wconf 64' lang='lat' dir='ltr'><strong>prashet</strong></span> <span class='ocrx_word' id='word_1_293' title='bbox 3083 1102 3137 1149; x_wconf 85' lang='lat' dir='ltr'><strong>et</strong></span> <span class='ocrx_word' id='word_1_294' title='bbox 3170 1098 3411 1152; x_wconf 57' lang='lat' dir='ltr'><strong>ammni-L</strong></span> 
     </span>
    </p>
   </div>
   <div class='ocr_carea' id='block_1_40' title="bbox 1808 1179 3398 1251">
    <p class='ocr_par' dir='ltr' id='par_1_40' title="bbox 1808 1179 3398 1251">
     <span class='ocr_line' id='line_1_40' title="bbox 1808 1179 3398 1251; baseline 0.005 -17"><span class='ocrx_word' id='word_1_295' title='bbox 1808 1187 1982 1244; x_wconf 89' lang='lat' dir='ltr'><strong>tates,</strong></span> <span class='ocrx_word' id='word_1_296' title='bbox 2012 1179 2080 1234; x_wconf 86' lang='lat' dir='ltr'><strong>ad</strong></span> <span class='ocrx_word' id='word_1_297' title='bbox 2122 1195 2342 1236; x_wconf 91' lang='lat' dir='ltr'><strong>omnem</strong></span> <span class='ocrx_word' id='word_1_298' title='bbox 2391 1181 2752 1251; x_wconf 83' lang='lat' dir='ltr'><strong>cupiditatem</strong></span> <span class='ocrx_word' id='word_1_299' title='bbox 2780 1192 2834 1238; x_wconf 92' lang='lat' dir='ltr'><strong>et</strong></span> <span class='ocrx_word' id='word_1_300' title='bbox 2865 1183 3203 1240; x_wconf 79' lang='lat' dir='ltr'><strong>desiderium</strong></span> <span class='ocrx_word' id='word_1_301' title='bbox 3238 1187 3398 1243; x_wconf 82' lang='lat' dir='ltr'><strong>urbis</strong></span> 
     </span>
    </p>
   </div>
   <div class='ocr_carea' id='block_1_41' title="bbox 1809 1272 3402 1334">
    <p class='ocr_par' dir='ltr' id='par_1_41' title="bbox 1809 1272 3402 1334">
     <span class='ocr_line' id='line_1_41' title="bbox 1809 1272 3402 1334; baseline 0.005 -10"><span class='ocrx_word' id='word_1_302' title='bbox 1809 1272 2111 1327; x_wconf 91' lang='lat' dir='ltr'><strong>incolarum</strong></span> <span class='ocrx_word' id='word_1_303' title='bbox 2145 1287 2267 1328; x_wconf 90' lang='lat' dir='ltr'><strong>sese</strong></span> <span class='ocrx_word' id='word_1_304' title='bbox 2293 1273 2549 1327; x_wconf 82' lang='lat' dir='ltr'><strong>dividens</strong></span> <span class='ocrx_word' id='word_1_305' title='bbox 2580 1282 2634 1330; x_wconf 87' lang='lat' dir='ltr'><strong>et</strong></span> <span class='ocrx_word' id='word_1_306' title='bbox 2667 1275 2948 1330; x_wconf 90' lang='lat' dir='ltr'><strong>scindens.</strong></span> <span class='ocrx_word' id='word_1_307' title='bbox 2980 1277 3085 1330; x_wconf 84' lang='lat' dir='ltr'><strong>Alii</strong></span> <span class='ocrx_word' id='word_1_308' title='bbox 3116 1277 3232 1332; x_wconf 63' lang='lat' dir='ltr'><strong>hare</strong></span> <span class='ocrx_word' id='word_1_309' title='bbox 3255 1295 3402 1334; x_wconf 87' lang='lat' dir='ltr'><strong>com-</strong></span> 
     </span>
    </p>
   </div>
   <div class='ocr_carea' id='block_1_42' title="bbox 1807 1366 3402 1438">
    <p class='ocr_par' dir='ltr' id='par_1_42' title="bbox 1807 1366 3402 1438">
     <span class='ocr_line' id='line_1_42' title="bbox 1807 1366 3402 1438; baseline 0.005 -20"><span class='ocrx_word' id='word_1_310' title='bbox 1807 1375 2146 1429; x_wconf 86' lang='lat' dir='ltr'><strong>memorent,</strong></span> <span class='ocrx_word' id='word_1_311' title='bbox 2178 1379 2415 1434; x_wconf 88' lang='lat' dir='ltr'><strong>quorum</strong></span> <span class='ocrx_word' id='word_1_312' title='bbox 2449 1366 2615 1420; x_wconf 75' lang='lat' dir='ltr'><strong>etiam</strong></span> <span class='ocrx_word' id='word_1_313' title='bbox 2652 1366 2833 1422; x_wconf 87' lang='lat' dir='ltr'><strong>oratio</strong></span> <span class='ocrx_word' id='word_1_314' title='bbox 2864 1367 2930 1422; x_wconf 89' lang='lat' dir='ltr'><strong>ad</strong></span> <span class='ocrx_word' id='word_1_315' title='bbox 2975 1369 3298 1438; x_wconf 75' lang='lat' dir='ltr'><strong>gravitatem</strong></span> <span class='ocrx_word' id='word_1_316' title='bbox 3345 1381 3402 1426; x_wconf 86' lang='lat' dir='ltr'><strong>et</strong></span> 
     </span>
    </p>
   </div>
   <div class='ocr_carea' id='block_1_43' title="bbox 1809 1455 3411 1530">
    <p class='ocr_par' dir='ltr' id='par_1_43' title="bbox 1809 1455 3411 1530">
     <span class='ocr_line' id='line_1_43' title="bbox 1809 1455 3411 1530; baseline 0.007 -22"><span class='ocrx_word' id='word_1_317' title='bbox 1809 1455 2221 1525; x_wconf 86' lang='lat' dir='ltr'><strong>amplitudinem</strong></span> <span class='ocrx_word' id='word_1_318' title='bbox 2249 1455 2668 1511; x_wconf 88' lang='lat' dir='ltr'><strong>accommodata</strong></span> <span class='ocrx_word' id='word_1_319' title='bbox 2700 1466 2822 1522; x_wconf 90' lang='lat' dir='ltr'><strong>est,</strong></span> <span class='ocrx_word' id='word_1_320' title='bbox 2866 1467 3034 1530; x_wconf 91' lang='lat' dir='ltr'><strong>atque</strong></span> <span class='ocrx_word' id='word_1_321' title='bbox 3077 1462 3411 1519; x_wconf 70' lang='lat' dir='ltr'><strong>exercitatis</strong></span> 
     </span>
    </p>
   </div>
   <div class='ocr_carea' id='block_1_44' title="bbox 1809 1545 3402 1624">
    <p class='ocr_par' dir='ltr' id='par_1_44' title="bbox 1809 1545 3402 1624">
     <span class='ocr_line' id='line_1_44' title="bbox 1809 1545 3402 1624; baseline 0.007 -25"><span class='ocrx_word' id='word_1_322' title='bbox 1809 1547 2101 1615; x_wconf 89' lang='lat' dir='ltr'><strong>quamdam</strong></span> <span class='ocrx_word' id='word_1_323' title='bbox 2159 1545 2314 1602; x_wconf 79' lang='lat' dir='ltr'><strong>affert</strong></span> <span class='ocrx_word' id='word_1_324' title='bbox 2369 1547 2685 1618; x_wconf 84' lang='lat' dir='ltr'><strong>opinionem</strong></span> <span class='ocrx_word' id='word_1_325' title='bbox 2749 1551 3168 1622; x_wconf 76' lang='lat' dir='ltr'><strong>magnificentia:</strong></span> <span class='ocrx_word' id='word_1_326' title='bbox 3234 1561 3402 1624; x_wconf 85' lang='lat' dir='ltr'><strong>atque</strong></span> 
     </span>
    </p>
   </div>
   <div class='ocr_carea' id='block_1_45' title="bbox 1811 1635 3404 1720">
    <p class='ocr_par' dir='ltr' id='par_1_45' title="bbox 1811 1635 3404 1720">
     <span class='ocr_line' id='line_1_45' title="bbox 1811 1635 3404 1720; baseline 0.008 -30"><span class='ocrx_word' id='word_1_327' title='bbox 1811 1635 2120 1706; x_wconf 87' lang='lat' dir='ltr'><strong>splendoris</strong></span> <span class='ocrx_word' id='word_1_328' title='bbox 2141 1675 2157 1700; x_wconf 89' lang='lat'><strong>,</strong></span> <span class='ocrx_word' id='word_1_329' title='bbox 2183 1638 2252 1692; x_wconf 89' lang='lat' dir='ltr'><strong>ab</strong></span> <span class='ocrx_word' id='word_1_330' title='bbox 2279 1637 2555 1707; x_wconf 84' lang='lat' dir='ltr'><strong>ejusmodi</strong></span> <span class='ocrx_word' id='word_1_331' title='bbox 2580 1641 2746 1698; x_wconf 88' lang='lat' dir='ltr'><strong>rebus</strong></span> <span class='ocrx_word' id='word_1_332' title='bbox 2774 1643 2968 1712; x_wconf 68' lang='lat' dir='ltr'><strong>patria:</strong></span> <span class='ocrx_word' id='word_1_333' title='bbox 2997 1645 3212 1701; x_wconf 86' lang='lat' dir='ltr'><strong>laudem</strong></span> <span class='ocrx_word' id='word_1_334' title='bbox 3243 1662 3404 1720; x_wconf 68' lang='lat' dir='ltr'><strong>exag-</strong></span> 
     </span>
    </p>
   </div>
   <div class='ocr_carea' id='block_1_46' title="bbox 1810 1727 3402 1808">
    <p class='ocr_par' dir='ltr' id='par_1_46' title="bbox 1810 1727 3402 1808">
     <span class='ocr_line' id='line_1_46' title="bbox 1810 1727 3402 1808; baseline 0.011 -31"><span class='ocrx_word' id='word_1_335' title='bbox 1810 1738 2007 1793; x_wconf 85' lang='lat' dir='ltr'><strong>gerans</strong></span> <span class='ocrx_word' id='word_1_336' title='bbox 2031 1732 2087 1779; x_wconf 91' lang='lat' dir='ltr'><strong>et</strong></span> <span class='ocrx_word' id='word_1_337' title='bbox 2113 1740 2339 1796; x_wconf 76' lang='lat' dir='ltr'><strong>angens.</strong></span> <span class='ocrx_word' id='word_1_338' title='bbox 2365 1727 2672 1784; x_wconf 79' lang='lat' dir='ltr'><strong>Mundanus</strong></span> <span class='ocrx_word' id='word_1_339' title='bbox 2700 1739 2884 1786; x_wconf 90' lang='lat' dir='ltr'><strong>autem</strong></span> <span class='ocrx_word' id='word_1_340' title='bbox 2911 1733 3116 1804; x_wconf 88' lang='lat' dir='ltr'><strong>aliquis</strong></span> <span class='ocrx_word' id='word_1_341' title='bbox 3138 1735 3244 1802; x_wconf 89' lang='lat' dir='ltr'><strong>vir,</strong></span> <span class='ocrx_word' id='word_1_342' title='bbox 3272 1738 3402 1808; x_wconf 87' lang='lat' dir='ltr'><strong>qui-</strong></span> 
     </span>
    </p>
   </div>
   <div class='ocr_carea' id='block_1_47' title="bbox 1810 1817 3400 1896">
    <p class='ocr_par' dir='ltr' id='par_1_47' title="bbox 1810 1817 3400 1896">
     <span class='ocr_line' id='line_1_47' title="bbox 1810 1817 3400 1896; baseline 0.009 -27"><span class='ocrx_word' id='word_1_343' title='bbox 1810 1832 1916 1886; x_wconf 91' lang='lat' dir='ltr'><strong>que</strong></span> <span class='ocrx_word' id='word_1_344' title='bbox 1939 1817 2005 1872; x_wconf 88' lang='lat' dir='ltr'><strong>ad</strong></span> <span class='ocrx_word' id='word_1_345' title='bbox 2044 1817 2185 1872; x_wconf 90' lang='lat' dir='ltr'><strong>hanc</strong></span> <span class='ocrx_word' id='word_1_346' title='bbox 2214 1821 2380 1874; x_wconf 75' lang='lat' dir='ltr'><strong>vitam</strong></span> <span class='ocrx_word' id='word_1_347' title='bbox 2410 1821 2820 1880; x_wconf 83' lang='lat' dir='ltr'><strong>accommodate</strong></span> <span class='ocrx_word' id='word_1_348' title='bbox 2841 1825 2986 1880; x_wconf 85' lang='lat' dir='ltr'><strong>bona</strong></span> <span class='ocrx_word' id='word_1_349' title='bbox 3011 1827 3266 1896; x_wconf 85' lang='lat' dir='ltr'><strong>judicare</strong></span> <span class='ocrx_word' id='word_1_350' title='bbox 3295 1845 3400 1886; x_wconf 81' lang='lat' dir='ltr'><strong>no—</strong></span> 
     </span>
    </p>
   </div>
   <div class='ocr_carea' id='block_1_48' title="bbox 1811 1908 3401 1982">
    <p class='ocr_par' dir='ltr' id='par_1_48' title="bbox 1811 1908 3401 1982">
     <span class='ocr_line' id='line_1_48' title="bbox 1811 1908 3401 1982; baseline 0.009 -21"><span class='ocrx_word' id='word_1_351' title='bbox 1811 1912 1887 1962; x_wconf 88' lang='lat' dir='ltr'><strong>vit</strong></span> <span class='ocrx_word' id='word_1_352' title='bbox 1907 1952 1920 1973; x_wconf 87' lang='lat'><strong>,</strong></span> <span class='ocrx_word' id='word_1_353' title='bbox 1949 1909 2202 1965; x_wconf 85' lang='lat' dir='ltr'><strong>laudibus</strong></span> <span class='ocrx_word' id='word_1_354' title='bbox 2220 1950 2236 1974; x_wconf 88' lang='lat'><strong>,</strong></span> <span class='ocrx_word' id='word_1_355' title='bbox 2265 1908 2310 1965; x_wconf 90' lang='lat' dir='ltr'><strong>si</strong></span> <span class='ocrx_word' id='word_1_356' title='bbox 2339 1911 2572 1978; x_wconf 89' lang='lat' dir='ltr'><strong>videtur,</strong></span> <span class='ocrx_word' id='word_1_357' title='bbox 2595 1911 2822 1982; x_wconf 87' lang='lat' dir='ltr'><strong>adjiciat</strong></span> <span class='ocrx_word' id='word_1_358' title='bbox 2843 1916 3007 1972; x_wconf 88' lang='lat' dir='ltr'><strong>etiam</strong></span> <span class='ocrx_word' id='word_1_359' title='bbox 3031 1917 3263 1972; x_wconf 87' lang='lat' dir='ltr'><strong>alterum</strong></span> <span class='ocrx_word' id='word_1_360' title='bbox 3281 1934 3369 1975; x_wconf 78' lang='lat' dir='ltr'><strong>anu</strong></span> <span class='ocrx_word' id='word_1_361' title='bbox 3385 1951 3401 1960; x_wconf 87' lang='lat'><strong>-</strong></span> 
     </span>
    </p>
   </div>
   <div class='ocr_carea' id='block_1_49' title="bbox 1812 1999 3411 2080">
    <p class='ocr_par' dir='ltr' id='par_1_49' title="bbox 1812 1999 3411 2080">
     <span class='ocr_line' id='line_1_49' title="bbox 1812 1999 3411 2080; baseline 0.008 -26"><span class='ocrx_word' id='word_1_362' title='bbox 1812 2015 1956 2062; x_wconf 90' lang='lat' dir='ltr'><strong>nem,</strong></span> <span class='ocrx_word' id='word_1_363' title='bbox 1980 1999 2123 2056; x_wconf 90' lang='lat' dir='ltr'><strong>hunc</strong></span> <span class='ocrx_word' id='word_1_364' title='bbox 2146 2002 2272 2056; x_wconf 92' lang='lat' dir='ltr'><strong>dico</strong></span> <span class='ocrx_word' id='word_1_365' title='bbox 2293 2003 2558 2068; x_wconf 89' lang='lat' dir='ltr'><strong>vicinum,</strong></span> <span class='ocrx_word' id='word_1_366' title='bbox 2601 2005 2696 2076; x_wconf 88' lang='lat' dir='ltr'><strong>qui</strong></span> <span class='ocrx_word' id='word_1_367' title='bbox 2720 2016 2944 2077; x_wconf 87' lang='lat' dir='ltr'><strong>propter</strong></span> <span class='ocrx_word' id='word_1_368' title='bbox 2963 2009 3411 2080; x_wconf 74' lang='lat' dir='ltr'><strong>magnitudinem.</strong></span> 
     </span>
    </p>
   </div>
   <div class='ocr_carea' id='block_1_50' title="bbox 1811 2094 3419 2173">
    <p class='ocr_par' dir='ltr' id='par_1_50' title="bbox 1811 2094 3419 2173">
     <span class='ocr_line' id='line_1_50' title="bbox 1811 2094 3419 2173; baseline 0.01 -27"><span class='ocrx_word' id='word_1_369' title='bbox 1811 2103 2210 2150; x_wconf 87' lang='lat' dir='ltr'><strong>annumeratus</strong></span> <span class='ocrx_word' id='word_1_370' title='bbox 2275 2094 2344 2150; x_wconf 90' lang='lat' dir='ltr'><strong>iis</strong></span> <span class='ocrx_word' id='word_1_371' title='bbox 2391 2096 2512 2173; x_wconf 85' lang='lat' dir='ltr'><strong>qui</strong></span> <span class='ocrx_word' id='word_1_372' title='bbox 2545 2111 2643 2168; x_wconf 92' lang='lat' dir='ltr'><strong>per</strong></span> <span class='ocrx_word' id='word_1_373' title='bbox 2705 2097 2899 2155; x_wconf 87' lang='lat' dir='ltr'><strong>orbem</strong></span> <span class='ocrx_word' id='word_1_374' title='bbox 2945 2106 3220 2156; x_wconf 86' lang='lat' dir='ltr'><strong>terrarum</strong></span> <span class='ocrx_word' id='word_1_375' title='bbox 3260 2103 3419 2161; x_wconf 61' lang='lat' dir='ltr'><strong>clari;</strong></span> 
     </span>
    </p>
   </div>
   <div class='ocr_carea' id='block_1_51' title="bbox 1815 2183 3418 2261">
    <p class='ocr_par' dir='ltr' id='par_1_51' title="bbox 1815 2183 3418 2261">
     <span class='ocr_line' id='line_1_51' title="bbox 1815 2183 3418 2261; baseline 0.006 -24"><span class='ocrx_word' id='word_1_376' title='bbox 1815 2198 2008 2240; x_wconf 86' lang='lat' dir='ltr'><strong>amnes</strong></span> <span class='ocrx_word' id='word_1_377' title='bbox 2034 2183 2325 2251; x_wconf 87' lang='lat' dir='ltr'><strong>habentur,</strong></span> <span class='ocrx_word' id='word_1_378' title='bbox 2355 2200 2386 2240; x_wconf 90' lang='lat' dir='ltr'><strong>a</strong></span> <span class='ocrx_word' id='word_1_379' title='bbox 2415 2195 2607 2242; x_wconf 88' lang='lat' dir='ltr'><strong>nostra</strong></span> <span class='ocrx_word' id='word_1_380' title='bbox 2635 2189 2905 2261; x_wconf 72' lang='lat' dir='ltr'><strong>(regione)</strong></span> <span class='ocrx_word' id='word_1_381' title='bbox 2929 2192 3185 2250; x_wconf 74' lang='lat' dir='ltr'><strong>exoriens</strong></span> <span class='ocrx_word' id='word_1_382' title='bbox 3211 2194 3418 2251; x_wconf 86' lang='lat' dir='ltr'><strong>urbem.</strong></span> 
     </span>
    </p>
   </div>
   <div class='ocr_carea' id='block_1_52' title="bbox 1811 2275 3402 2350">
    <p class='ocr_par' dir='ltr' id='par_1_52' title="bbox 1811 2275 3402 2350">
     <span class='ocr_line' id='line_1_52' title="bbox 1811 2275 3402 2350; baseline 0.008 -24"><span class='ocrx_word' id='word_1_383' title='bbox 1811 2275 2059 2344; x_wconf 79' lang='lat' dir='ltr'><strong>proxime</strong></span> <span class='ocrx_word' id='word_1_384' title='bbox 2087 2277 2518 2346; x_wconf 47' lang='lat' dir='ltr'><strong>praeterlabitur,</strong></span> <span class='ocrx_word' id='word_1_385' title='bbox 2551 2277 2697 2332; x_wconf 89' lang='lat' dir='ltr'><strong>haud</strong></span> <span class='ocrx_word' id='word_1_386' title='bbox 2727 2294 2924 2350; x_wconf 88' lang='lat' dir='ltr'><strong>parum</strong></span> <span class='ocrx_word' id='word_1_387' title='bbox 2951 2280 3141 2350; x_wconf 61' lang='lat' dir='ltr'><strong>gratia</strong></span> <span class='ocrx_word' id='word_1_388' title='bbox 3171 2298 3290 2340; x_wconf 70' lang='lat' dir='ltr'><strong>suae</strong></span> <span class='ocrx_word' id='word_1_389' title='bbox 3316 2291 3402 2338; x_wconf 90' lang='lat' dir='ltr'><strong>at-</strong></span> 
     </span>
    </p>
   </div>
   <div class='ocr_carea' id='block_1_53' title="bbox 1814 2368 3411 2443">
    <p class='ocr_par' dir='ltr' id='par_1_53' title="bbox 1814 2368 3411 2443">
     <span class='ocr_line' id='line_1_53' title="bbox 1814 2368 3411 2443; baseline 0.005 -22"><span class='ocrx_word' id='word_1_390' title='bbox 1814 2383 1921 2439; x_wconf 89' lang='lat' dir='ltr'><strong>que</strong></span> <span class='ocrx_word' id='word_1_391' title='bbox 1946 2368 2358 2426; x_wconf 87' lang='lat' dir='ltr'><strong>commoditatis</strong></span> <span class='ocrx_word' id='word_1_392' title='bbox 2389 2369 2454 2424; x_wconf 87' lang='lat' dir='ltr'><strong>ad</strong></span> <span class='ocrx_word' id='word_1_393' title='bbox 2483 2369 2792 2441; x_wconf 75' lang='lat' dir='ltr'><strong>augendam</strong></span> <span class='ocrx_word' id='word_1_394' title='bbox 2834 2373 3304 2443; x_wconf 86' lang='lat' dir='ltr'><strong>pulchritudinem</strong></span> <span class='ocrx_word' id='word_1_395' title='bbox 3348 2385 3411 2432; x_wconf 59' lang='lat' dir='ltr'><strong>et</strong></span> 
     </span>
    </p>
   </div>
   <div class='ocr_carea' id='block_1_54' title="bbox 1813 2455 3404 2527">
    <p class='ocr_par' dir='ltr' id='par_1_54' title="bbox 1813 2455 3404 2527">
     <span class='ocr_line' id='line_1_54' title="bbox 1813 2455 3404 2527; baseline 0.005 -17"><span class='ocrx_word' id='word_1_396' title='bbox 1813 2458 1937 2511; x_wconf 62' lang='lat' dir='ltr'><strong>vitae</strong></span> <span class='ocrx_word' id='word_1_397' title='bbox 1959 2455 2274 2526; x_wconf 86' lang='lat' dir='ltr'><strong>adjumenta</strong></span> <span class='ocrx_word' id='word_1_398' title='bbox 2304 2473 2400 2527; x_wconf 88' lang='lat' dir='ltr'><strong>per</strong></span> <span class='ocrx_word' id='word_1_399' title='bbox 2429 2473 2554 2513; x_wconf 83' lang='lat' dir='ltr'><strong>sese</strong></span> <span class='ocrx_word' id='word_1_400' title='bbox 2586 2458 2905 2516; x_wconf 86' lang='lat' dir='ltr'><strong>conferens.</strong></span> <span class='ocrx_word' id='word_1_401' title='bbox 2936 2459 3064 2518; x_wconf 88' lang='lat' dir='ltr'><strong>Sive</strong></span> <span class='ocrx_word' id='word_1_402' title='bbox 3085 2462 3404 2520; x_wconf 85' lang='lat' dir='ltr'><strong>conditores</strong></span> 
     </span>
    </p>
   </div>
   <div class='ocr_carea' id='block_1_55' title="bbox 1815 2549 3403 2622">
    <p class='ocr_par' dir='ltr' id='par_1_55' title="bbox 1815 2549 3403 2622">
     <span class='ocr_line' id='line_1_55' title="bbox 1815 2549 3403 2622; baseline 0.005 -19"><span class='ocrx_word' id='word_1_403' title='bbox 1815 2549 1970 2605; x_wconf 90' lang='lat' dir='ltr'><strong>urbis</strong></span> <span class='ocrx_word' id='word_1_404' title='bbox 2003 2564 2331 2604; x_wconf 88' lang='lat' dir='ltr'><strong>enumerare</strong></span> <span class='ocrx_word' id='word_1_405' title='bbox 2369 2559 2587 2620; x_wconf 84' lang='lat' dir='ltr'><strong>oportet</strong></span> <span class='ocrx_word' id='word_1_406' title='bbox 2608 2592 2623 2616; x_wconf 89' lang='lat'><strong>,</strong></span> <span class='ocrx_word' id='word_1_407' title='bbox 2666 2551 2783 2607; x_wconf 86' lang='lat' dir='ltr'><strong>sive</strong></span> <span class='ocrx_word' id='word_1_408' title='bbox 2811 2567 3012 2622; x_wconf 77' lang='lat' dir='ltr'><strong>genera</strong></span> <span class='ocrx_word' id='word_1_409' title='bbox 3045 2554 3279 2610; x_wconf 72' lang='lat' dir='ltr'><strong>colonia:</strong></span> <span class='ocrx_word' id='word_1_410' title='bbox 3315 2556 3403 2611; x_wconf 81' lang='lat' dir='ltr'><strong>in~</strong></span> 
     </span>
    </p>
   </div>
   <div class='ocr_carea' id='block_1_56' title="bbox 1816 2639 3410 2704">
    <p class='ocr_par' dir='ltr' id='par_1_56' title="bbox 1816 2639 3410 2704">
     <span class='ocr_line' id='line_1_56' title="bbox 1816 2639 3410 2704; baseline 0.005 -10"><span class='ocrx_word' id='word_1_411' title='bbox 1816 2639 2064 2696; x_wconf 89' lang='lat' dir='ltr'><strong>colarum</strong></span> <span class='ocrx_word' id='word_1_412' title='bbox 2109 2640 2426 2704; x_wconf 88' lang='lat' dir='ltr'><strong>celebrare,</strong></span> <span class='ocrx_word' id='word_1_413' title='bbox 2469 2643 2584 2697; x_wconf 85' lang='lat' dir='ltr'><strong>sive</strong></span> <span class='ocrx_word' id='word_1_414' title='bbox 2630 2640 2843 2699; x_wconf 65' lang='lat' dir='ltr'><strong>bellica:</strong></span> <span class='ocrx_word' id='word_1_415' title='bbox 2881 2659 3080 2700; x_wconf 89' lang='lat' dir='ltr'><strong>manus</strong></span> <span class='ocrx_word' id='word_1_416' title='bbox 3122 2660 3212 2700; x_wconf 90' lang='lat' dir='ltr'><strong>res</strong></span> <span class='ocrx_word' id='word_1_417' title='bbox 3261 2646 3410 2702; x_wconf 83' lang='lat' dir='ltr'><strong>bene</strong></span> 
     </span>
    </p>
   </div>
   <div class='ocr_carea' id='block_1_57' title="bbox 1817 2731 3388 2808">
    <p class='ocr_par' dir='ltr' id='par_1_57' title="bbox 1817 2731 3388 2808">
     <span class='ocr_line' id='line_1_57' title="bbox 1817 2731 3388 2808; baseline 0.004 -22"><span class='ocrx_word' id='word_1_418' title='bbox 1817 2739 2002 2803; x_wconf 71' lang='lat' dir='ltr'><strong>gestas</strong></span> <span class='ocrx_word' id='word_1_419' title='bbox 2055 2731 2262 2788; x_wconf 87' lang='lat' dir='ltr'><strong>nostris</strong></span> <span class='ocrx_word' id='word_1_420' title='bbox 2328 2734 2742 2790; x_wconf 87' lang='lat' dir='ltr'><strong>narrationibus</strong></span> <span class='ocrx_word' id='word_1_421' title='bbox 2796 2735 3039 2805; x_wconf 85' lang='lat' dir='ltr'><strong>adjicere</strong></span> <span class='ocrx_word' id='word_1_422' title='bbox 3087 2753 3101 2790; x_wconf 90' lang='lat'><strong>:</strong></span> <span class='ocrx_word' id='word_1_423' title='bbox 3146 2743 3388 2808; x_wconf 59' lang='lat' dir='ltr'><strong>tropaea.</strong></span> 
     </span>
    </p>
   </div>
   <div class='ocr_carea' id='block_1_58' title="bbox 1814 2822 3400 2899">
    <p class='ocr_par' dir='ltr' id='par_1_58' title="bbox 1814 2822 3400 2899">
     <span class='ocr_line' id='line_1_58' title="bbox 1814 2822 3400 2899; baseline 0.004 -22"><span class='ocrx_word' id='word_1_424' title='bbox 1814 2824 2000 2894; x_wconf 77' lang='lat' dir='ltr'><strong>praelia</strong></span> <span class='ocrx_word' id='word_1_425' title='bbox 2021 2863 2036 2887; x_wconf 90' lang='lat'><strong>,</strong></span> <span class='ocrx_word' id='word_1_426' title='bbox 2063 2822 2395 2896; x_wconf 89' lang='lat' dir='ltr'><strong>fortiumque</strong></span> <span class='ocrx_word' id='word_1_427' title='bbox 2419 2824 2726 2881; x_wconf 86' lang='lat' dir='ltr'><strong>facinorum</strong></span> <span class='ocrx_word' id='word_1_428' title='bbox 2753 2827 3017 2883; x_wconf 89' lang='lat' dir='ltr'><strong>miracula</strong></span> <span class='ocrx_word' id='word_1_429' title='bbox 3037 2867 3053 2893; x_wconf 93' lang='lat'><strong>,</strong></span> <span class='ocrx_word' id='word_1_430' title='bbox 3093 2845 3217 2899; x_wconf 64' lang='lat' dir='ltr'><strong>quae</strong></span> <span class='ocrx_word' id='word_1_431' title='bbox 3259 2832 3400 2884; x_wconf 90' lang='lat' dir='ltr'><strong>scri-</strong></span> 
     </span>
    </p>
   </div>
   <div class='ocr_carea' id='block_1_59' title="bbox 1819 2915 3402 2988">
    <p class='ocr_par' dir='ltr' id='par_1_59' title="bbox 1819 2915 3402 2988">
     <span class='ocr_line' id='line_1_59' title="bbox 1819 2915 3402 2988; baseline 0.004 -20"><span class='ocrx_word' id='word_1_432' title='bbox 1819 2923 2003 2986; x_wconf 90' lang='lat' dir='ltr'><strong>ptores</strong></span> <span class='ocrx_word' id='word_1_433' title='bbox 2031 2915 2187 2971; x_wconf 88' lang='lat' dir='ltr'><strong>libris</strong></span> <span class='ocrx_word' id='word_1_434' title='bbox 2219 2917 2468 2972; x_wconf 89' lang='lat' dir='ltr'><strong>inserere</strong></span> <span class='ocrx_word' id='word_1_435' title='bbox 2499 2918 2714 2980; x_wconf 83' lang='lat' dir='ltr'><strong>solent,</strong></span> <span class='ocrx_word' id='word_1_436' title='bbox 2749 2919 2940 2988; x_wconf 91' lang='lat' dir='ltr'><strong>procul</strong></span> <span class='ocrx_word' id='word_1_437' title='bbox 2987 2919 3101 2974; x_wconf 68' lang='lat' dir='ltr'><strong>haec</strong></span> <span class='ocrx_word' id='word_1_438' title='bbox 3147 2921 3330 2976; x_wconf 87' lang='lat' dir='ltr'><strong>absint</strong></span> <span class='ocrx_word' id='word_1_439' title='bbox 3363 2936 3402 2975; x_wconf 80' lang='lat' dir='ltr'><strong>a</strong></span> 
     </span>
    </p>
   </div>
   <div class='ocr_carea' id='block_1_60' title="bbox 119 3006 1717 3087">
    <p class='ocr_par' dir='ltr' id='par_1_60' title="bbox 119 3006 1717 3087">
     <span class='ocr_line' id='line_1_60' title="bbox 119 3006 1717 3087; baseline 0.004 -24"><span class='ocrx_word' id='word_1_440' title='bbox 119 3006 360 3077; x_wconf 77' lang='grc' dir='ltr'>τράφθω</span> <span class='ocrx_word' id='word_1_441' title='bbox 397 3007 533 3080; x_wconf 81' lang='grc' dir='ltr'>πρὸς</span> <span class='ocrx_word' id='word_1_442' title='bbox 557 3009 626 3062; x_wconf 85' lang='grc' dir='ltr'><strong>τά</strong></span> <span class='ocrx_word' id='word_1_443' title='bbox 657 3010 900 3081; x_wconf 90' lang='grc' dir='ltr'>παρόντα</span> <span class='ocrx_word' id='word_1_444' title='bbox 929 3013 957 3065; x_wconf 85' lang='lat'><strong>6</strong></span> <span class='ocrx_word' id='word_1_445' title='bbox 987 3011 1163 3081; x_wconf 85' lang='grc' dir='ltr'>λόγος.</span> <span class='ocrx_word' id='word_1_446' title='bbox 1196 3013 1292 3067; x_wconf 78' lang='grc' dir='ltr'>καὶ</span> <span class='ocrx_word' id='word_1_447' title='bbox 1316 3015 1408 3068; x_wconf 81' lang='grc' dir='ltr'>ὐπ’</span> <span class='ocrx_word' id='word_1_448' title='bbox 1433 3013 1554 3086; x_wconf 79' lang='grc' dir='ltr'>ὄψιν</span> <span class='ocrx_word' id='word_1_449' title='bbox 1585 3017 1717 3087; x_wconf 75' lang='grc' dir='ltr'>ἡμῖν</span> 
     </span>
    </p>
   </div>
   <div class='ocr_carea' id='block_1_61' title="bbox 1823 3006 3401 3087">
    <p class='ocr_par' dir='ltr' id='par_1_61' title="bbox 1823 3006 3401 3065">
     <span class='ocr_line' id='line_1_61' title="bbox 1823 3006 3401 3065; baseline 0.001 -2"><span class='ocrx_word' id='word_1_450' title='bbox 1823 3017 2009 3063; x_wconf 91' lang='lat' dir='ltr'><strong>nostro</strong></span> <span class='ocrx_word' id='word_1_451' title='bbox 2033 3015 2201 3062; x_wconf 63' lang='lat' dir='ltr'><strong>coetu.</strong></span> <span class='ocrx_word' id='word_1_452' title='bbox 2233 3006 2522 3062; x_wconf 87' lang='lat' dir='ltr'><strong>Erubescit</strong></span> <span class='ocrx_word' id='word_1_453' title='bbox 2550 3009 2698 3063; x_wconf 87' lang='lat' dir='ltr'><strong>enim</strong></span> <span class='ocrx_word' id='word_1_454' title='bbox 2731 3007 3085 3065; x_wconf 83' lang='lat' dir='ltr'><strong>Christianus</strong></span> <span class='ocrx_word' id='word_1_455' title='bbox 3113 3025 3297 3064; x_wconf 90' lang='lat' dir='ltr'><strong>sermo</strong></span> <span class='ocrx_word' id='word_1_456' title='bbox 3329 3012 3401 3064; x_wconf 83' lang='lat' dir='ltr'><strong>ab</strong></span> 
     </span>
    </p>
   </div>
   <div class='ocr_carea' id='block_1_62' title="bbox 120 3098 1717 3200">
    <p class='ocr_par' dir='ltr' id='par_1_62' title="bbox 120 3099 1717 3175">
     <span class='ocr_line' id='line_1_62' title="bbox 120 3099 1717 3175; baseline 0.004 -22"><span class='ocrx_word' id='word_1_457' title='bbox 120 3099 390 3171; x_wconf 83' lang='grc' dir='ltr'>ἀγαγέτω</span> <span class='ocrx_word' id='word_1_458' title='bbox 427 3101 518 3155; x_wconf 77' lang='grc' dir='ltr'>τὸν</span> <span class='ocrx_word' id='word_1_459' title='bbox 555 3101 764 3171; x_wconf 79' lang='grc' dir='ltr'>καρπὸν</span> <span class='ocrx_word' id='word_1_460' title='bbox 808 3101 900 3156; x_wconf 73' lang='grc' dir='ltr'><strong>τὸν</strong></span> <span class='ocrx_word' id='word_1_461' title='bbox 947 3103 1236 3175; x_wconf 78' lang='grc' dir='ltr'>ὑμέτερον.</span> <span class='ocrx_word' id='word_1_462' title='bbox 1270 3105 1522 3174; x_wconf 88' lang='grc' dir='ltr'>Σιγάσθω</span> <span class='ocrx_word' id='word_1_463' title='bbox 1563 3105 1621 3160; x_wconf 79' lang='grc' dir='ltr'><strong>δὲ</strong></span> <span class='ocrx_word' id='word_1_464' title='bbox 1652 3106 1717 3159; x_wconf 83' lang='grc' dir='ltr'>τὰ</span> 
     </span>
    </p>
   </div>
   <div class='ocr_carea' id='block_1_63' title="bbox 1823 3098 3430 3200">
    <p class='ocr_par' dir='ltr' id='par_1_63' title="bbox 1823 3098 3430 3169">
     <span class='ocr_line' id='line_1_63' title="bbox 1823 3098 3430 3169; baseline 0.004 -16"><span class='ocrx_word' id='word_1_465' title='bbox 1823 3099 1892 3156; x_wconf 88' lang='lat' dir='ltr'><strong>iis</strong></span> <span class='ocrx_word' id='word_1_466' title='bbox 1921 3100 2083 3153; x_wconf 88' lang='lat' dir='ltr'><strong>rebus</strong></span> <span class='ocrx_word' id='word_1_467' title='bbox 2105 3139 2120 3164; x_wconf 92' lang='lat'><strong>,</strong></span> <span class='ocrx_word' id='word_1_468' title='bbox 2145 3114 2270 3169; x_wconf 70' lang='lat' dir='ltr'><strong>quae</strong></span> <span class='ocrx_word' id='word_1_469' title='bbox 2291 3113 2322 3153; x_wconf 87' lang='lat' dir='ltr'><strong>a</strong></span> <span class='ocrx_word' id='word_1_470' title='bbox 2352 3098 2460 3154; x_wconf 81' lang='lat' dir='ltr'><strong>ﬁde</strong></span> <span class='ocrx_word' id='word_1_471' title='bbox 2491 3099 2682 3156; x_wconf 75' lang='lat' dir='ltr'><strong>aliena:</strong></span> <span class='ocrx_word' id='word_1_472' title='bbox 2711 3109 2842 3156; x_wconf 91' lang='lat' dir='ltr'><strong>sunt</strong></span> <span class='ocrx_word' id='word_1_473' title='bbox 2863 3140 2880 3166; x_wconf 86' lang='lat'><strong>,</strong></span> <span class='ocrx_word' id='word_1_474' title='bbox 2914 3101 3120 3157; x_wconf 86' lang='lat' dir='ltr'><strong>Christi</strong></span> <span class='ocrx_word' id='word_1_475' title='bbox 3151 3103 3430 3160; x_wconf 63' lang='lat' dir='ltr'><strong>ﬁdelibus.</strong></span> 
     </span>
    </p>
   </div>
   <div class='ocr_carea' id='block_1_64' title="bbox 120 3186 1717 3271">
    <p class='ocr_par' dir='ltr' id='par_1_64' title="bbox 120 3191 1717 3271">
     <span class='ocr_line' id='line_1_64' title="bbox 120 3191 1717 3271; baseline 0.001 -23"><span class='ocrx_word' id='word_1_476' title='bbox 120 3191 230 3248; x_wconf 75' lang='grc' dir='ltr'><strong>τοῦ</strong></span> <span class='ocrx_word' id='word_1_477' title='bbox 278 3193 486 3265; x_wconf 84' lang='grc' dir='ltr'>κόσμου</span> <span class='ocrx_word' id='word_1_478' title='bbox 516 3195 678 3260; x_wconf 86' lang='grc' dir='ltr'>καλὰ,</span> <span class='ocrx_word' id='word_1_479' title='bbox 727 3195 833 3249; x_wconf 82' lang='grc' dir='ltr'>κᾶν</span> <span class='ocrx_word' id='word_1_480' title='bbox 870 3196 935 3249; x_wconf 79' lang='grc' dir='ltr'>ἐκ</span> <span class='ocrx_word' id='word_1_481' title='bbox 983 3197 1299 3268; x_wconf 83' lang='grc' dir='ltr'>περιουσίας</span> <span class='ocrx_word' id='word_1_482' title='bbox 1343 3195 1614 3271; x_wconf 76' lang='grc' dir='ltr'>πλεονάζῂ</span> <span class='ocrx_word' id='word_1_483' title='bbox 1641 3197 1717 3267; x_wconf 84' lang='grc' dir='ltr'>τῷ</span> 
     </span>
    </p>
   </div>
   <div class='ocr_carea' id='block_1_65' title="bbox 1823 3186 3404 3271">
    <p class='ocr_par' dir='ltr' id='par_1_65' title="bbox 1827 3186 3404 3264">
     <span class='ocr_line' id='line_1_65' title="bbox 1827 3186 3404 3264; baseline 0.004 -22"><span class='ocrx_word' id='word_1_484' title='bbox 1827 3188 2020 3244; x_wconf 90' lang='lat' dir='ltr'><strong>amicis</strong></span> <span class='ocrx_word' id='word_1_485' title='bbox 2071 3186 2229 3243; x_wconf 74' lang='lat' dir='ltr'><strong>famae</strong></span> <span class='ocrx_word' id='word_1_486' title='bbox 2276 3189 2519 3244; x_wconf 89' lang='lat' dir='ltr'><strong>tribuere</strong></span> <span class='ocrx_word' id='word_1_487' title='bbox 2581 3191 3154 3258; x_wconf 84' lang='lat' dir='ltr'><strong>commendationem,</strong></span> <span class='ocrx_word' id='word_1_488' title='bbox 3200 3209 3404 3264; x_wconf 90' lang='lat' dir='ltr'><strong>quem-</strong></span> 
     </span>
    </p>
   </div>
   <div class='ocr_carea' id='block_1_66' title="bbox 120 3279 1717 3359">
    <p class='ocr_par' dir='ltr' id='par_1_66' title="bbox 120 3281 1717 3359">
     <span class='ocr_line' id='line_1_66' title="bbox 120 3281 1717 3359; baseline 0.001 -20"><span class='ocrx_word' id='word_1_489' title='bbox 120 3281 284 3357; x_wconf 68' lang='grc' dir='ltr'>λόγῳ</span> <span class='ocrx_word' id='word_1_490' title='bbox 326 3285 423 3339; x_wconf 78' lang='grc' dir='ltr'>καὶ</span> <span class='ocrx_word' id='word_1_491' title='bbox 453 3287 488 3358; x_wconf 79' lang='grc' dir='ltr'><strong>ἡ</strong></span> <span class='ocrx_word' id='word_1_492' title='bbox 526 3285 747 3359; x_wconf 85' lang='grc' dir='ltr'>τοιαύτη</span> <span class='ocrx_word' id='word_1_493' title='bbox 783 3287 892 3341; x_wconf 91' lang='grc' dir='ltr'><strong>τῶν</strong></span> <span class='ocrx_word' id='word_1_494' title='bbox 931 3287 1221 3359; x_wconf 74' lang='grc' dir='ltr'>ἐγκωμίων</span> <span class='ocrx_word' id='word_1_495' title='bbox 1273 3289 1550 3354; x_wconf 86' lang='grc' dir='ltr'>ὑπόθεσις.</span> <span class='ocrx_word' id='word_1_496' title='bbox 1585 3288 1717 3342; x_wconf 81' lang='grc' dir='ltr'>Οὐδὲ</span> 
     </span>
    </p>
   </div>
   <div class='ocr_carea' id='block_1_67' title="bbox 1823 3279 3408 3359">
    <p class='ocr_par' dir='ltr' id='par_1_67' title="bbox 1829 3279 3408 3352">
     <span class='ocr_line' id='line_1_67' title="bbox 1829 3279 3408 3352; baseline 0.004 -17"><span class='ocrx_word' id='word_1_497' title='bbox 1829 3279 2120 3336; x_wconf 88' lang='lat' dir='ltr'><strong>admodum</strong></span> <span class='ocrx_word' id='word_1_498' title='bbox 2164 3281 2260 3352; x_wconf 90' lang='lat' dir='ltr'><strong>qui</strong></span> <span class='ocrx_word' id='word_1_499' title='bbox 2306 3281 2558 3337; x_wconf 89' lang='lat' dir='ltr'><strong>umbram</strong></span> <span class='ocrx_word' id='word_1_500' title='bbox 2602 3283 2707 3338; x_wconf 88' lang='lat' dir='ltr'><strong>viri</strong></span> <span class='ocrx_word' id='word_1_501' title='bbox 2759 3283 2922 3340; x_wconf 90' lang='lat' dir='ltr'><strong>fortis</strong></span> <span class='ocrx_word' id='word_1_502' title='bbox 2968 3285 3248 3342; x_wconf 82' lang='lat' dir='ltr'><strong>celebrant</strong></span> <span class='ocrx_word' id='word_1_503' title='bbox 3277 3295 3408 3342; x_wconf 85' lang='lat' dir='ltr'><strong>ante</strong></span> 
     </span>
    </p>
   </div>
   <div class='ocr_carea' id='block_1_68' title="bbox 125 3373 1717 3453">
    <p class='ocr_par' dir='ltr' id='par_1_68' title="bbox 125 3377 1717 3453">
     <span class='ocr_line' id='line_1_68' title="bbox 125 3377 1717 3453; baseline 0.003 -23"><span class='ocrx_word' id='word_1_504' title='bbox 125 3379 247 3448; x_wconf 81' lang='grc' dir='ltr'>γὰρ</span> <span class='ocrx_word' id='word_1_505' title='bbox 275 3378 307 3432; x_wconf 89' lang='lat'><strong>6</strong></span> <span class='ocrx_word' id='word_1_506' title='bbox 344 3377 568 3450; x_wconf 81' lang='grc' dir='ltr'>οὐρανὸς</span> <span class='ocrx_word' id='word_1_507' title='bbox 607 3379 746 3445; x_wconf 83' lang='grc' dir='ltr'>ὅλος.</span> <span class='ocrx_word' id='word_1_508' title='bbox 785 3379 815 3434; x_wconf 85' lang='grc' dir='ltr'>ὃ</span> <span class='ocrx_word' id='word_1_509' title='bbox 842 3380 908 3452; x_wconf 85' lang='grc' dir='ltr'><strong>δὴ</strong></span> <span class='ocrx_word' id='word_1_510' title='bbox 935 3379 1219 3435; x_wconf 86' lang='grc' dir='ltr'>κάλλιστόν</span> <span class='ocrx_word' id='word_1_511' title='bbox 1253 3397 1310 3434; x_wconf 89' lang='grc' dir='ltr'><strong>τε</strong></span> <span class='ocrx_word' id='word_1_512' title='bbox 1339 3382 1434 3435; x_wconf 77' lang='grc' dir='ltr'>καὶ</span> <span class='ocrx_word' id='word_1_513' title='bbox 1465 3381 1717 3453; x_wconf 78' lang='grc' dir='ltr'>μέγιστον</span> 
     </span>
    </p>
   </div>
   <div class='ocr_carea' id='block_1_69' title="bbox 1823 3373 3406 3453">
    <p class='ocr_par' dir='ltr' id='par_1_69' title="bbox 1827 3373 3406 3446">
     <span class='ocr_line' id='line_1_69' title="bbox 1827 3373 3406 3446; baseline 0.004 -18"><span class='ocrx_word' id='word_1_514' title='bbox 1827 3382 2050 3444; x_wconf 74' lang='lat' dir='ltr'><strong>tropaea.</strong></span> <span class='ocrx_word' id='word_1_515' title='bbox 2091 3373 2324 3431; x_wconf 86' lang='lat' dir='ltr'><strong>Proinde</strong></span> <span class='ocrx_word' id='word_1_516' title='bbox 2354 3374 2421 3430; x_wconf 90' lang='lat' dir='ltr'><strong>ad</strong></span> <span class='ocrx_word' id='word_1_517' title='bbox 2456 3377 2749 3446; x_wconf 71' lang='lat' dir='ltr'><strong>praesentia</strong></span> <span class='ocrx_word' id='word_1_518' title='bbox 2787 3392 2974 3432; x_wconf 86' lang='lat' dir='ltr'><strong>sermo</strong></span> <span class='ocrx_word' id='word_1_519' title='bbox 3022 3387 3406 3446; x_wconf 85' lang='lat' dir='ltr'><strong>convertatur,</strong></span> 
     </span>
    </p>
   </div>
   <div class='ocr_carea' id='block_1_70' title="bbox 127 3465 1717 3544">
    <p class='ocr_par' dir='ltr' id='par_1_70' title="bbox 127 3468 1717 3544">
     <span class='ocr_line' id='line_1_70' title="bbox 127 3468 1717 3544; baseline 0.003 -21"><span class='ocrx_word' id='word_1_520' title='bbox 127 3468 247 3523; x_wconf 78' lang='grc' dir='ltr'><strong>τῶν</strong></span> <span class='ocrx_word' id='word_1_521' title='bbox 280 3469 341 3521; x_wconf 77' lang='grc' dir='ltr'>ὲν</span> <span class='ocrx_word' id='word_1_522' title='bbox 367 3471 433 3540; x_wconf 84' lang='grc' dir='ltr'>τῇ</span> <span class='ocrx_word' id='word_1_523' title='bbox 469 3470 644 3525; x_wconf 85' lang='grc' dir='ltr'>κτίσει</span> <span class='ocrx_word' id='word_1_524' title='bbox 673 3471 892 3526; x_wconf 87' lang='grc' dir='ltr'>πάντων</span> <span class='ocrx_word' id='word_1_525' title='bbox 918 3472 1087 3535; x_wconf 70' lang='grc' dir='ltr'>ἐστὶν,</span> <span class='ocrx_word' id='word_1_526' title='bbox 1114 3471 1239 3526; x_wconf 82' lang='grc' dir='ltr'>οὐτε</span> <span class='ocrx_word' id='word_1_527' title='bbox 1269 3474 1328 3526; x_wconf 80' lang='lat' dir='ltr'><strong>al</strong></span> <span class='ocrx_word' id='word_1_528' title='bbox 1356 3473 1466 3527; x_wconf 87' lang='grc' dir='ltr'><strong>τῶν</strong></span> <span class='ocrx_word' id='word_1_529' title='bbox 1505 3473 1717 3544; x_wconf 83' lang='grc' dir='ltr'>φωστή-</span> 
     </span>
    </p>
   </div>
   <div class='ocr_carea' id='block_1_71' title="bbox 1823 3465 3412 3544">
    <p class='ocr_par' dir='ltr' id='par_1_71' title="bbox 1830 3465 3412 3542">
     <span class='ocr_line' id='line_1_71' title="bbox 1830 3465 3412 3542; baseline 0.003 -18"><span class='ocrx_word' id='word_1_530' title='bbox 1830 3478 1885 3524; x_wconf 86' lang='lat' dir='ltr'><strong>et</strong></span> <span class='ocrx_word' id='word_1_531' title='bbox 1913 3465 2153 3524; x_wconf 87' lang='lat' dir='ltr'><strong>fructum</strong></span> <span class='ocrx_word' id='word_1_532' title='bbox 2182 3474 2430 3524; x_wconf 87' lang='lat' dir='ltr'><strong>vestrum</strong></span> <span class='ocrx_word' id='word_1_533' title='bbox 2459 3468 2622 3524; x_wconf 89' lang='lat' dir='ltr'><strong>nobis</strong></span> <span class='ocrx_word' id='word_1_534' title='bbox 2650 3480 2778 3525; x_wconf 89' lang='lat' dir='ltr'><strong>ante</strong></span> <span class='ocrx_word' id='word_1_535' title='bbox 2806 3471 3002 3526; x_wconf 84' lang='lat' dir='ltr'><strong>oculos</strong></span> <span class='ocrx_word' id='word_1_536' title='bbox 3030 3479 3221 3542; x_wconf 89' lang='lat' dir='ltr'><strong>ponat.</strong></span> <span class='ocrx_word' id='word_1_537' title='bbox 3252 3471 3412 3528; x_wconf 89' lang='lat' dir='ltr'><strong>Mun-</strong></span> 
     </span>
    </p>
   </div>
   <div class='ocr_carea' id='block_1_72' title="bbox 129 3556 1717 3636">
    <p class='ocr_par' dir='ltr' id='par_1_72' title="bbox 129 3560 1717 3636">
     <span class='ocr_line' id='line_1_72' title="bbox 129 3560 1717 3636; baseline 0.003 -23"><span class='ocrx_word' id='word_1_538' title='bbox 129 3577 254 3632; x_wconf 81' lang='grc' dir='ltr'><strong>ρων</strong></span> <span class='ocrx_word' id='word_1_539' title='bbox 292 3560 480 3631; x_wconf 73' lang='grc' dir='ltr'>αὐγαὶ,</span> <span class='ocrx_word' id='word_1_540' title='bbox 533 3561 656 3616; x_wconf 76' lang='grc' dir='ltr'>οὔτε</span> <span class='ocrx_word' id='word_1_541' title='bbox 699 3562 799 3635; x_wconf 82' lang='grc' dir='ltr'>τῆς</span> <span class='ocrx_word' id='word_1_542' title='bbox 840 3567 942 3636; x_wconf 84' lang='grc' dir='ltr'>γῆς</span> <span class='ocrx_word' id='word_1_543' title='bbox 978 3565 1040 3618; x_wconf 87' lang='grc' dir='ltr'>τὸ</span> <span class='ocrx_word' id='word_1_544' title='bbox 1072 3564 1294 3627; x_wconf 84' lang='grc' dir='ltr'>πλάτος,</span> <span class='ocrx_word' id='word_1_545' title='bbox 1345 3563 1468 3617; x_wconf 78' lang='grc' dir='ltr'>οὔτε</span> <span class='ocrx_word' id='word_1_546' title='bbox 1500 3563 1628 3619; x_wconf 86' lang='grc' dir='ltr'>ἀλλο</span> <span class='ocrx_word' id='word_1_547' title='bbox 1671 3581 1717 3618; x_wconf 86' lang='grc' dir='ltr'><strong>τι</strong></span> 
     </span>
    </p>
   </div>
   <div class='ocr_carea' id='block_1_73' title="bbox 1823 3556 3412 3636">
    <p class='ocr_par' dir='ltr' id='par_1_73' title="bbox 1831 3556 3412 3631">
     <span class='ocr_line' id='line_1_73' title="bbox 1831 3556 3412 3631; baseline 0.004 -19"><span class='ocrx_word' id='word_1_548' title='bbox 1831 3557 1974 3612; x_wconf 89' lang='lat' dir='ltr'><strong>dana</strong></span> <span class='ocrx_word' id='word_1_549' title='bbox 2005 3572 2133 3612; x_wconf 90' lang='lat' dir='ltr'><strong>vero</strong></span> <span class='ocrx_word' id='word_1_550' title='bbox 2161 3556 2338 3625; x_wconf 89' lang='lat' dir='ltr'><strong>bona,</strong></span> <span class='ocrx_word' id='word_1_551' title='bbox 2372 3565 2428 3614; x_wconf 89' lang='lat' dir='ltr'><strong>et</strong></span> <span class='ocrx_word' id='word_1_552' title='bbox 2464 3558 2740 3627; x_wconf 89' lang='lat' dir='ltr'><strong>ejusmodi</strong></span> <span class='ocrx_word' id='word_1_553' title='bbox 2773 3570 3157 3631; x_wconf 78' lang='lat' dir='ltr'><strong>argumentum</strong></span> <span class='ocrx_word' id='word_1_554' title='bbox 3189 3562 3412 3618; x_wconf 86' lang='lat' dir='ltr'><strong>laudan-</strong></span> 
     </span>
    </p>
   </div>
   <div class='ocr_carea' id='block_1_74' title="bbox 132 3650 1717 3728">
    <p class='ocr_par' dir='ltr' id='par_1_74' title="bbox 132 3652 1717 3728">
     <span class='ocr_line' id='line_1_74' title="bbox 132 3652 1717 3728; baseline 0.003 -22"><span class='ocrx_word' id='word_1_555' title='bbox 132 3652 254 3707; x_wconf 88' lang='grc' dir='ltr'><strong>τῶν</strong></span> <span class='ocrx_word' id='word_1_556' title='bbox 288 3655 641 3726; x_wconf 82' lang='grc' dir='ltr'>στοιχειωδῶς</span> <span class='ocrx_word' id='word_1_557' title='bbox 673 3655 750 3727; x_wconf 84' lang='grc' dir='ltr'>τῷ</span> <span class='ocrx_word' id='word_1_558' title='bbox 777 3657 943 3711; x_wconf 76' lang='grc' dir='ltr'>παντὶ</span> <span class='ocrx_word' id='word_1_559' title='bbox 976 3654 1351 3728; x_wconf 78' lang='grc' dir='ltr'>ὑποκειμένων</span> <span class='ocrx_word' id='word_1_560' title='bbox 1382 3656 1524 3728; x_wconf 87' lang='grc' dir='ltr'>μέγα</span> <span class='ocrx_word' id='word_1_561' title='bbox 1555 3674 1608 3710; x_wconf 90' lang='grc' dir='ltr'><strong>τι</strong></span> <span class='ocrx_word' id='word_1_562' title='bbox 1636 3657 1717 3711; x_wconf 59' lang='grc' dir='ltr'><strong>καί</strong></span> 
     </span>
    </p>
   </div>
   <div class='ocr_carea' id='block_1_75' title="bbox 1823 3650 3422 3728">
    <p class='ocr_par' dir='ltr' id='par_1_75' title="bbox 1824 3650 3422 3725">
     <span class='ocr_line' id='line_1_75' title="bbox 1824 3650 3422 3725; baseline 0.003 -20"><span class='ocrx_word' id='word_1_563' title='bbox 1824 3651 1912 3713; x_wconf 89' lang='lat' dir='ltr'><strong>di,</strong></span> <span class='ocrx_word' id='word_1_564' title='bbox 1943 3651 2158 3706; x_wconf 88' lang='lat' dir='ltr'><strong>etiamsi</strong></span> <span class='ocrx_word' id='word_1_565' title='bbox 2189 3665 2387 3722; x_wconf 76' lang='lat' dir='ltr'><strong>magna</strong></span> <span class='ocrx_word' id='word_1_566' title='bbox 2411 3650 2622 3706; x_wconf 86' lang='lat' dir='ltr'><strong>dicenti</strong></span> <span class='ocrx_word' id='word_1_567' title='bbox 2647 3655 2808 3722; x_wconf 77' lang='lat' dir='ltr'><strong>capia</strong></span> <span class='ocrx_word' id='word_1_568' title='bbox 2849 3655 3196 3725; x_wconf 88' lang='lat' dir='ltr'><strong>suppeditari</strong></span> <span class='ocrx_word' id='word_1_569' title='bbox 3227 3670 3296 3711; x_wconf 80' lang='lat' dir='ltr'><strong>ex</strong></span> <span class='ocrx_word' id='word_1_570' title='bbox 3327 3656 3422 3710; x_wconf 75' lang='lat' dir='ltr'><strong>his</strong></span> 
     </span>
    </p>
   </div>
   <div class='ocr_carea' id='block_1_76' title="bbox 136 3742 1717 3818">
    <p class='ocr_par' dir='ltr' id='par_1_76' title="bbox 136 3743 1717 3818">
     <span class='ocr_line' id='line_1_76' title="bbox 136 3743 1717 3818; baseline 0.002 -19"><span class='ocrx_word' id='word_1_571' title='bbox 136 3744 427 3816; x_wconf 82' lang='grc' dir='ltr'>θαύματος</span> <span class='ocrx_word' id='word_1_572' title='bbox 451 3745 600 3812; x_wconf 79' lang='grc' dir='ltr'>ἀξιον</span> <span class='ocrx_word' id='word_1_573' title='bbox 619 3743 760 3802; x_wconf 74' lang='grc' dir='ltr'>οἶδεν</span> <span class='ocrx_word' id='word_1_574' title='bbox 785 3749 815 3804; x_wconf 90' lang='lat'><strong>6</strong></span> <span class='ocrx_word' id='word_1_575' title='bbox 841 3749 1196 3813; x_wconf 86' lang='grc' dir='ltr'>θεόπνευστος</span> <span class='ocrx_word' id='word_1_576' title='bbox 1225 3749 1401 3818; x_wconf 87' lang='grc' dir='ltr'>λόγος.</span> <span class='ocrx_word' id='word_1_577' title='bbox 1427 3749 1717 3804; x_wconf 83' lang='grc' dir='ltr'>Πεπαίδευ-</span> 
     </span>
    </p>
   </div>
   <div class='ocr_carea' id='block_1_77' title="bbox 1823 3742 3410 3818">
    <p class='ocr_par' dir='ltr' id='par_1_77' title="bbox 1824 3742 3410 3817">
     <span class='ocr_line' id='line_1_77' title="bbox 1824 3742 3410 3817; baseline 0.001 -19"><span class='ocrx_word' id='word_1_578' title='bbox 1824 3742 2037 3814; x_wconf 81' lang='lat' dir='ltr'><strong>p0ssit,</strong></span> <span class='ocrx_word' id='word_1_579' title='bbox 2068 3743 2289 3798; x_wconf 89' lang='lat' dir='ltr'><strong>silentio</strong></span> <span class='ocrx_word' id='word_1_580' title='bbox 2335 3752 2753 3814; x_wconf 80' lang='lat' dir='ltr'><strong>praetereantur.</strong></span> <span class='ocrx_word' id='word_1_581' title='bbox 2797 3746 2988 3817; x_wconf 81' lang='lat' dir='ltr'><strong>Neque</strong></span> <span class='ocrx_word' id='word_1_582' title='bbox 3032 3747 3180 3802; x_wconf 90' lang='lat' dir='ltr'><strong>enim</strong></span> <span class='ocrx_word' id='word_1_583' title='bbox 3231 3754 3410 3802; x_wconf 82' lang='lat' dir='ltr'><strong>totum</strong></span> 
     </span>
    </p>
   </div>
   <div class='ocr_carea' id='block_1_78' title="bbox 141 3835 1717 3914">
    <p class='ocr_par' dir='ltr' id='par_1_78' title="bbox 141 3835 1717 3914">
     <span class='ocr_line' id='line_1_78' title="bbox 141 3835 1717 3914; baseline 0.003 -24"><span class='ocrx_word' id='word_1_584' title='bbox 141 3853 250 3907; x_wconf 84' lang='grc' dir='ltr'><strong>μαι</strong></span> <span class='ocrx_word' id='word_1_585' title='bbox 279 3835 360 3908; x_wconf 83' lang='grc' dir='ltr'><strong>τῷ</strong></span> <span class='ocrx_word' id='word_1_586' title='bbox 395 3835 524 3908; x_wconf 87' lang='grc' dir='ltr'>θείῳ</span> <span class='ocrx_word' id='word_1_587' title='bbox 559 3839 941 3910; x_wconf 83' lang='grc' dir='ltr'>προστάγματι</span> <span class='ocrx_word' id='word_1_588' title='bbox 966 3841 1101 3912; x_wconf 83' lang='grc' dir='ltr'>πρὸς</span> <span class='ocrx_word' id='word_1_589' title='bbox 1131 3841 1294 3913; x_wconf 80' lang='grc' dir='ltr'>μηδὲν</span> <span class='ocrx_word' id='word_1_590' title='bbox 1320 3840 1428 3894; x_wconf 87' lang='grc' dir='ltr'><strong>τῶν</strong></span> <span class='ocrx_word' id='word_1_591' title='bbox 1461 3858 1717 3914; x_wconf 81' lang='grc' dir='ltr'>παρερχο·</span> 
     </span>
    </p>
   </div>
   <div class='ocr_carea' id='block_1_79' title="bbox 1823 3835 3405 3914">
    <p class='ocr_par' dir='ltr' id='par_1_79' title="bbox 1827 3836 3405 3908">
     <span class='ocr_line' id='line_1_79' title="bbox 1827 3836 3405 3908; baseline 0.001 -17"><span class='ocrx_word' id='word_1_592' title='bbox 1827 3837 2028 3892; x_wconf 65' lang='lat' dir='ltr'><strong>coelum</strong></span> <span class='ocrx_word' id='word_1_593' title='bbox 2046 3874 2061 3900; x_wconf 88' lang='lat'><strong>,</strong></span> <span class='ocrx_word' id='word_1_594' title='bbox 2089 3851 2212 3907; x_wconf 78' lang='lat' dir='ltr'><strong>quae</strong></span> <span class='ocrx_word' id='word_1_595' title='bbox 2239 3836 2428 3907; x_wconf 86' lang='lat' dir='ltr'><strong>utique</strong></span> <span class='ocrx_word' id='word_1_596' title='bbox 2457 3851 2582 3892; x_wconf 89' lang='lat' dir='ltr'><strong>cum</strong></span> <span class='ocrx_word' id='word_1_597' title='bbox 2612 3839 3006 3908; x_wconf 86' lang='lat' dir='ltr'><strong>pulcherrima,</strong></span> <span class='ocrx_word' id='word_1_598' title='bbox 3031 3848 3144 3894; x_wconf 92' lang='lat' dir='ltr'><strong>tum</strong></span> <span class='ocrx_word' id='word_1_599' title='bbox 3171 3841 3405 3894; x_wconf 83' lang='lat' dir='ltr'><strong>maxima</strong></span> 
     </span>
    </p>
   </div>
   <div class='ocr_carea' id='block_1_80' title="bbox 141 3926 1717 4003">
    <p class='ocr_par' dir='ltr' id='par_1_80' title="bbox 141 3926 1126 3999">
     <span class='ocr_line' id='line_1_80' title="bbox 141 3926 1126 3999; baseline 0.006 -19"><span class='ocrx_word' id='word_1_600' title='bbox 141 3926 330 3998; x_wconf 84' lang='grc' dir='ltr'>μένων</span> <span class='ocrx_word' id='word_1_601' title='bbox 363 3927 749 3999; x_wconf 86' lang='grc' dir='ltr'>θαυμαστικῶς</span> <span class='ocrx_word' id='word_1_602' title='bbox 777 3930 1126 3986; x_wconf 87' lang='grc' dir='ltr'>διατίθεσθαι.</span> 
     </span>
    </p>
   </div>
   <div class='ocr_carea' id='block_1_81' title="bbox 1823 3926 3414 4003">
    <p class='ocr_par' dir='ltr' id='par_1_81' title="bbox 1827 3929 3414 4003">
     <span class='ocr_line' id='line_1_81' title="bbox 1827 3929 3414 4003; baseline 0.003 -23"><span class='ocrx_word' id='word_1_603' title='bbox 1827 3943 1957 3998; x_wconf 85' lang='lat' dir='ltr'><strong>pars</strong></span> <span class='ocrx_word' id='word_1_604' title='bbox 2007 3937 2092 3983; x_wconf 91' lang='lat' dir='ltr'><strong>est</strong></span> <span class='ocrx_word' id='word_1_605' title='bbox 2139 3929 2196 3981; x_wconf 87' lang='lat' dir='ltr'><strong>in</strong></span> <span class='ocrx_word' id='word_1_606' title='bbox 2248 3937 2505 3983; x_wconf 89' lang='lat' dir='ltr'><strong>creatura</strong></span> <span class='ocrx_word' id='word_1_607' title='bbox 2545 3944 2730 3984; x_wconf 90' lang='lat' dir='ltr'><strong>rerum</strong></span> <span class='ocrx_word' id='word_1_608' title='bbox 2770 3931 3192 3996; x_wconf 88' lang='lat' dir='ltr'><strong>universarum,</strong></span> <span class='ocrx_word' id='word_1_609' title='bbox 3238 3947 3414 4003; x_wconf 87' lang='lat' dir='ltr'><strong>neque</strong></span> 
     </span>
    </p>
   </div>
   <div class='ocr_carea' id='block_1_82' title="bbox 137 4006 3402 4095">
    <p class='ocr_par' dir='ltr' id='par_1_82' title="bbox 137 4006 3402 4095">
     <span class='ocr_line' id='line_1_82' title="bbox 137 4006 3402 4095; baseline 0.001 -23"><span class='ocrx_word' id='word_1_610' title='bbox 137 4018 504 4074; x_wconf 85' lang='lat' dir='ltr'><strong>luminarium</strong></span> <span class='ocrx_word' id='word_1_611' title='bbox 557 4019 801 4092; x_wconf 75' lang='lat' dir='ltr'><strong>fulgores</strong></span> <span class='ocrx_word' id='word_1_612' title='bbox 826 4062 843 4088; x_wconf 85' lang='lat'><strong>,</strong></span> <span class='ocrx_word' id='word_1_613' title='bbox 895 4039 1075 4095; x_wconf 89' lang='lat' dir='ltr'><strong>neque</strong></span> <span class='ocrx_word' id='word_1_614' title='bbox 1125 4031 1287 4078; x_wconf 58' lang='lat' dir='ltr'><strong>terrae</strong></span> <span class='ocrx_word' id='word_1_615' title='bbox 1336 4023 1724 4088; x_wconf 89' lang='lat' dir='ltr'><strong>latitudinem,</strong></span> <span class='ocrx_word' id='word_1_616' title='bbox 1760 4006 1954 4092; x_wconf 73' lang='lat' dir='ltr'><strong>neque</strong></span> <span class='ocrx_word' id='word_1_617' title='bbox 1984 4019 2284 4091; x_wconf 88' lang='lat' dir='ltr'><strong>quidquam</strong></span> <span class='ocrx_word' id='word_1_618' title='bbox 2315 4035 2503 4074; x_wconf 89' lang='lat' dir='ltr'><strong>eorum</strong></span> <span class='ocrx_word' id='word_1_619' title='bbox 2541 4035 2663 4090; x_wconf 66' lang='lat' dir='ltr'><strong>qua</strong></span> <span class='ocrx_word' id='word_1_620' title='bbox 2719 4035 2816 4092; x_wconf 90' lang='lat' dir='ltr'><strong>per</strong></span> <span class='ocrx_word' id='word_1_621' title='bbox 2849 4022 3117 4077; x_wconf 88' lang='lat' dir='ltr'><strong>elementa</strong></span> <span class='ocrx_word' id='word_1_622' title='bbox 3180 4024 3402 4077; x_wconf 90' lang='lat' dir='ltr'><strong>univer-</strong></span> 
     </span>
    </p>
   </div>
   <div class='ocr_carea' id='block_1_83' title="bbox 142 4111 3398 4187">
    <p class='ocr_par' dir='ltr' id='par_1_83' title="bbox 142 4111 3398 4187">
     <span class='ocr_line' id='line_1_83' title="bbox 142 4111 3398 4187; baseline 0.001 -21"><span class='ocrx_word' id='word_1_623' title='bbox 142 4111 304 4166; x_wconf 85' lang='lat' dir='ltr'><strong>sitati</strong></span> <span class='ocrx_word' id='word_1_624' title='bbox 337 4112 587 4182; x_wconf 89' lang='lat' dir='ltr'><strong>subjecta</strong></span> <span class='ocrx_word' id='word_1_625' title='bbox 627 4123 791 4178; x_wconf 90' lang='lat' dir='ltr'><strong>sunt,</strong></span> <span class='ocrx_word' id='word_1_626' title='bbox 834 4131 1093 4187; x_wconf 76' lang='lat' dir='ltr'><strong>magnum</strong></span> <span class='ocrx_word' id='word_1_627' title='bbox 1134 4116 1396 4185; x_wconf 80' lang='lat' dir='ltr'><strong>quiddam</strong></span> <span class='ocrx_word' id='word_1_628' title='bbox 1435 4125 1489 4170; x_wconf 89' lang='lat' dir='ltr'><strong>et</strong></span> <span class='ocrx_word' id='word_1_629' title='bbox 1550 4115 1914 4170; x_wconf 87' lang='lat' dir='ltr'><strong>admiratione</strong></span> <span class='ocrx_word' id='word_1_630' title='bbox 1965 4113 2190 4183; x_wconf 78' lang='lat' dir='ltr'><strong>dignum</strong></span> <span class='ocrx_word' id='word_1_631' title='bbox 2239 4114 2390 4168; x_wconf 90' lang='lat' dir='ltr'><strong>novit</strong></span> <span class='ocrx_word' id='word_1_632' title='bbox 2458 4112 2682 4168; x_wconf 89' lang='lat' dir='ltr'><strong>divinus</strong></span> <span class='ocrx_word' id='word_1_633' title='bbox 2761 4129 2964 4170; x_wconf 90' lang='lat' dir='ltr'><strong>sermo.</strong></span> <span class='ocrx_word' id='word_1_634' title='bbox 3011 4111 3206 4168; x_wconf 90' lang='lat' dir='ltr'><strong>Divino</strong></span> <span class='ocrx_word' id='word_1_635' title='bbox 3253 4115 3398 4169; x_wconf 89' lang='lat' dir='ltr'><strong>enim</strong></span> 
     </span>
    </p>
   </div>
   <div class='ocr_carea' id='block_1_84' title="bbox 139 4205 2456 4280">
    <p class='ocr_par' dir='ltr' id='par_1_84' title="bbox 139 4205 2456 4280">
     <span class='ocr_line' id='line_1_84' title="bbox 139 4205 2456 4280; baseline 0.001 -20"><span class='ocrx_word' id='word_1_636' title='bbox 139 4216 424 4278; x_wconf 73' lang='lat' dir='ltr'><strong>przecepto</strong></span> <span class='ocrx_word' id='word_1_637' title='bbox 458 4207 709 4264; x_wconf 89' lang='lat' dir='ltr'><strong>eruditus</strong></span> <span class='ocrx_word' id='word_1_638' title='bbox 749 4224 902 4273; x_wconf 90' lang='lat' dir='ltr'><strong>sum,</strong></span> <span class='ocrx_word' id='word_1_639' title='bbox 949 4210 1087 4265; x_wconf 90' lang='lat' dir='ltr'><strong>nihil</strong></span> <span class='ocrx_word' id='word_1_640' title='bbox 1127 4225 1316 4266; x_wconf 87' lang='lat' dir='ltr'><strong>earum</strong></span> <span class='ocrx_word' id='word_1_641' title='bbox 1364 4225 1548 4265; x_wconf 88' lang='lat' dir='ltr'><strong>rerum</strong></span> <span class='ocrx_word' id='word_1_642' title='bbox 1588 4226 1711 4280; x_wconf 74' lang='lat' dir='ltr'><strong>quze</strong></span> <span class='ocrx_word' id='word_1_643' title='bbox 1745 4215 2112 4280; x_wconf 67' lang='lat' dir='ltr'><strong>praetereunt,</strong></span> <span class='ocrx_word' id='word_1_644' title='bbox 2149 4205 2456 4262; x_wconf 86' lang='lat' dir='ltr'><strong>admirans.</strong></span> 
     </span>
    </p>
   </div>
   <div class='ocr_carea' id='block_1_85' title="bbox 221 4294 1717 4375">
    <p class='ocr_par' dir='ltr' id='par_1_85' title="bbox 221 4294 1717 4375">
     <span class='ocr_line' id='line_1_85' title="bbox 221 4294 1717 4375; baseline -0.001 -23"><span class='ocrx_word' id='word_1_645' title='bbox 221 4300 286 4352; x_wconf 79' lang='lat' dir='ltr'><strong>Ei</strong></span> <span class='ocrx_word' id='word_1_646' title='bbox 320 4294 414 4353; x_wconf 76' lang='grc' dir='ltr'>οὖν</span> <span class='ocrx_word' id='word_1_647' title='bbox 454 4301 561 4364; x_wconf 83' lang='grc' dir='ltr'>πᾶς</span> <span class='ocrx_word' id='word_1_648' title='bbox 603 4301 829 4373; x_wconf 84' lang='grc' dir='ltr'>οὐρανὸς</span> <span class='ocrx_word' id='word_1_649' title='bbox 857 4302 951 4356; x_wconf 74' lang='grc' dir='ltr'>καὶ</span> <span class='ocrx_word' id='word_1_650' title='bbox 991 4302 1126 4374; x_wconf 78' lang='grc' dir='ltr'><strong>ἡγῆ</strong></span> <span class='ocrx_word' id='word_1_651' title='bbox 1173 4301 1594 4375; x_wconf 87' lang='grc' dir='ltr'>παρελεύσεται,</span> <span class='ocrx_word' id='word_1_652' title='bbox 1636 4300 1717 4355; x_wconf 63' lang='grc' dir='ltr'>καῖ</span> 
     </span>
    </p>
   </div>
   <div class='ocr_carea' id='block_1_86' title="bbox 1823 4294 3409 4375">
    <p class='ocr_par' dir='ltr' id='par_1_86' title="bbox 1907 4296 3409 4370">
     <span class='ocr_line' id='line_1_86' title="bbox 1907 4296 3409 4370; baseline 0.002 -17"><span class='ocrx_word' id='word_1_653' title='bbox 1907 4296 1966 4354; x_wconf 89' lang='lat' dir='ltr'><strong>Si</strong></span> <span class='ocrx_word' id='word_1_654' title='bbox 1999 4298 2168 4370; x_wconf 71' lang='lat' dir='ltr'><strong>igitur</strong></span> <span class='ocrx_word' id='word_1_655' title='bbox 2196 4307 2374 4354; x_wconf 90' lang='lat' dir='ltr'><strong>totum</strong></span> <span class='ocrx_word' id='word_1_656' title='bbox 2409 4300 2610 4354; x_wconf 82' lang='lat' dir='ltr'><strong>ccelum</strong></span> <span class='ocrx_word' id='word_1_657' title='bbox 2646 4307 2700 4355; x_wconf 86' lang='lat' dir='ltr'><strong>et</strong></span> <span class='ocrx_word' id='word_1_658' title='bbox 2745 4307 2889 4355; x_wconf 82' lang='lat' dir='ltr'><strong>terra</strong></span> <span class='ocrx_word' id='word_1_659' title='bbox 2930 4301 3321 4370; x_wconf 68' lang='lat' dir='ltr'><strong>praeteribunt,</strong></span> <span class='ocrx_word' id='word_1_660' title='bbox 3355 4312 3409 4356; x_wconf 90' lang='lat' dir='ltr'><strong>et</strong></span> 
     </span>
    </p>
   </div>
   <div class='ocr_carea' id='block_1_87' title="bbox 141 4391 1717 4466">
    <p class='ocr_par' dir='ltr' id='par_1_87' title="bbox 141 4391 1717 4466">
     <span class='ocr_line' id='line_1_87' title="bbox 141 4391 1717 4466; baseline -0.001 -19"><span class='ocrx_word' id='word_1_661' title='bbox 141 4392 298 4447; x_wconf 72' lang='grc' dir='ltr'>ἅπαν</span> <span class='ocrx_word' id='word_1_662' title='bbox 323 4391 418 4445; x_wconf 77' lang='grc' dir='ltr'><strong>τοῦ</strong></span> <span class='ocrx_word' id='word_1_663' title='bbox 455 4391 661 4462; x_wconf 85' lang='grc' dir='ltr'>κόσμου</span> <span class='ocrx_word' id='word_1_664' title='bbox 701 4393 939 4462; x_wconf 85' lang='grc' dir='ltr'>παράγει</span> <span class='ocrx_word' id='word_1_665' title='bbox 967 4393 1030 4447; x_wconf 78' lang='grc' dir='ltr'><strong>τὸ</strong></span> <span class='ocrx_word' id='word_1_666' title='bbox 1064 4395 1272 4466; x_wconf 86' lang='grc' dir='ltr'>σχῆμα,</span> <span class='ocrx_word' id='word_1_667' title='bbox 1305 4394 1487 4458; x_wconf 84' lang='grc' dir='ltr'>καθώς</span> <span class='ocrx_word' id='word_1_668' title='bbox 1516 4397 1717 4464; x_wconf 71' lang='grc' dir='ltr'>φησινί</span> 
     </span>
    </p>
   </div>
   <div class='ocr_carea' id='block_1_88' title="bbox 1823 4391 3430 4466">
    <p class='ocr_par' dir='ltr' id='par_1_88' title="bbox 1838 4391 3430 4464">
     <span class='ocr_line' id='line_1_88' title="bbox 1838 4391 3430 4464; baseline 0.001 -16"><span class='ocrx_word' id='word_1_669' title='bbox 1838 4391 2020 4448; x_wconf 90' lang='lat' dir='ltr'><strong>omnis</strong></span> <span class='ocrx_word' id='word_1_670' title='bbox 2067 4391 2259 4446; x_wconf 90' lang='lat' dir='ltr'><strong>mundi</strong></span> <span class='ocrx_word' id='word_1_671' title='bbox 2290 4392 2506 4462; x_wconf 90' lang='lat' dir='ltr'><strong>species</strong></span> <span class='ocrx_word' id='word_1_672' title='bbox 2535 4402 2590 4446; x_wconf 91' lang='lat' dir='ltr'><strong>et</strong></span> <span class='ocrx_word' id='word_1_673' title='bbox 2617 4391 2838 4446; x_wconf 87' lang='lat' dir='ltr'><strong>habitus</strong></span> <span class='ocrx_word' id='word_1_674' title='bbox 2867 4393 3104 4457; x_wconf 87' lang='lat' dir='ltr'><strong>transit,</strong></span> <span class='ocrx_word' id='word_1_675' title='bbox 3151 4400 3210 4446; x_wconf 94' lang='lat' dir='ltr'><strong>ut</strong></span> <span class='ocrx_word' id='word_1_676' title='bbox 3242 4394 3430 4464; x_wconf 82' lang='lat' dir='ltr'><strong>inquit.</strong></span> 
     </span>
    </p>
   </div>
   <div class='ocr_carea' id='block_1_89' title="bbox 158 4481 1730 4558">
    <p class='ocr_par' dir='ltr' id='par_1_89' title="bbox 158 4481 1730 4558">
     <span class='ocr_line' id='line_1_89' title="bbox 158 4481 1730 4558; baseline 0 -20"><span class='ocrx_word' id='word_1_677' title='bbox 158 4483 516 4548; x_wconf 73' lang='grc' dir='ltr'>Ἀπόστολος·</span> <span class='ocrx_word' id='word_1_678' title='bbox 547 4485 663 4548; x_wconf 89' lang='grc' dir='ltr'><strong>πῶς</strong></span> <span class='ocrx_word' id='word_1_679' title='bbox 708 4484 773 4540; x_wconf 75' lang='grc' dir='ltr'>ἄν</span> <span class='ocrx_word' id='word_1_680' title='bbox 816 4504 902 4550; x_wconf 88' lang='grc' dir='ltr'><strong>τις</strong></span> <span class='ocrx_word' id='word_1_681' title='bbox 938 4487 1210 4558; x_wconf 85' lang='grc' dir='ltr'>εὐπρεπὲς</span> <span class='ocrx_word' id='word_1_682' title='bbox 1262 4481 1406 4540; x_wconf 72' lang='grc' dir='ltr'>εἶναι</span> <span class='ocrx_word' id='word_1_683' title='bbox 1452 4487 1730 4555; x_wconf 88' lang='grc' dir='ltr'>νομίσειε,</span> 
     </span>
    </p>
   </div>
   <div class='ocr_carea' id='block_1_90' title="bbox 141 4571 1734 4648">
    <p class='ocr_par' dir='ltr' id='par_1_90' title="bbox 141 4571 1734 4648">
     <span class='ocr_line' id='line_1_90' title="bbox 141 4571 1734 4648; baseline 0.003 -23"><span class='ocrx_word' id='word_1_684' title='bbox 141 4575 252 4644; x_wconf 77' lang='grc' dir='ltr'>γῆς</span> <span class='ocrx_word' id='word_1_685' title='bbox 281 4571 414 4644; x_wconf 82' lang='grc' dir='ltr'>ἡμῖν</span> <span class='ocrx_word' id='word_1_686' title='bbox 451 4573 544 4627; x_wconf 69' lang='grc' dir='ltr'>καὶ</span> <span class='ocrx_word' id='word_1_687' title='bbox 581 4573 774 4638; x_wconf 75' lang='grc' dir='ltr'>ὓδατος</span> <span class='ocrx_word' id='word_1_688' title='bbox 812 4576 1074 4648; x_wconf 78' lang='grc' dir='ltr'>εὐφορίαν</span> <span class='ocrx_word' id='word_1_689' title='bbox 1097 4577 1177 4640; x_wconf 80' lang='grc' dir='ltr'><strong>είς</strong></span> <span class='ocrx_word' id='word_1_690' title='bbox 1213 4575 1466 4648; x_wconf 76' lang='grc' dir='ltr'>ἀφορμὴν</span> <span class='ocrx_word' id='word_1_691' title='bbox 1496 4575 1734 4629; x_wconf 77' lang='grc' dir='ltr'>ἐπαίνων</span> 
     </span>
    </p>
   </div>
   <div class='ocr_carea' id='block_1_91' title="bbox 143 4663 1733 4739">
    <p class='ocr_par' dir='ltr' id='par_1_91' title="bbox 143 4663 1733 4739">
     <span class='ocr_line' id='line_1_91' title="bbox 143 4663 1733 4739; baseline 0.003 -21"><span class='ocrx_word' id='word_1_692' title='bbox 143 4663 588 4736; x_wconf 74' lang='grc' dir='ltr'>προϐάλλεσθαι;</span> <span class='ocrx_word' id='word_1_693' title='bbox 634 4667 696 4720; x_wconf 83' lang='lat' dir='ltr'><strong>Ei</strong></span> <span class='ocrx_word' id='word_1_694' title='bbox 743 4668 852 4737; x_wconf 83' lang='grc' dir='ltr'>γὰρ</span> <span class='ocrx_word' id='word_1_695' title='bbox 901 4670 994 4722; x_wconf 73' lang='grc' dir='ltr'><strong>καὶ</strong></span> <span class='ocrx_word' id='word_1_696' title='bbox 1028 4668 1286 4738; x_wconf 89' lang='grc' dir='ltr'>πρόσεστι</span> <span class='ocrx_word' id='word_1_697' title='bbox 1325 4668 1401 4739; x_wconf 81' lang='grc' dir='ltr'>τῷ</span> <span class='ocrx_word' id='word_1_698' title='bbox 1444 4667 1562 4722; x_wconf 78' lang='grc' dir='ltr'>καθ’</span> <span class='ocrx_word' id='word_1_699' title='bbox 1588 4669 1733 4739; x_wconf 79' lang='grc' dir='ltr'>ὑμᾶς</span> 
     </span>
    </p>
   </div>
   <div class='ocr_carea' id='block_1_92' title="bbox 138 4755 1737 4833">
    <p class='ocr_par' dir='ltr' id='par_1_92' title="bbox 138 4755 1737 4833">
     <span class='ocr_line' id='line_1_92' title="bbox 138 4755 1737 4833; baseline 0.003 -23"><span class='ocrx_word' id='word_1_700' title='bbox 138 4758 306 4828; x_wconf 79' lang='grc' dir='ltr'>τόπῳ</span> <span class='ocrx_word' id='word_1_701' title='bbox 328 4755 508 4821; x_wconf 79' lang='grc' dir='ltr'>πλέον,</span> <span class='ocrx_word' id='word_1_702' title='bbox 537 4758 568 4828; x_wconf 83' lang='grc' dir='ltr'>ἢ</span> <span class='ocrx_word' id='word_1_703' title='bbox 598 4759 692 4811; x_wconf 76' lang='grc' dir='ltr'>καὶ</span> <span class='ocrx_word' id='word_1_704' title='bbox 713 4760 770 4812; x_wconf 83' lang='grc' dir='ltr'>ὲν</span> <span class='ocrx_word' id='word_1_705' title='bbox 798 4759 996 4824; x_wconf 78' lang='grc' dir='ltr'>ἄλλοις,</span> <span class='ocrx_word' id='word_1_706' title='bbox 1023 4760 1092 4813; x_wconf 85' lang='grc' dir='ltr'><strong>τά</strong></span> <span class='ocrx_word' id='word_1_707' title='bbox 1110 4759 1335 4814; x_wconf 84' lang='grc' dir='ltr'>τοιαῦτα</span> <span class='ocrx_word' id='word_1_708' title='bbox 1359 4763 1457 4829; x_wconf 79' lang='grc' dir='ltr'>τῆς</span> <span class='ocrx_word' id='word_1_709' title='bbox 1482 4762 1583 4830; x_wconf 81' lang='grc' dir='ltr'>γῆς</span> <span class='ocrx_word' id='word_1_710' title='bbox 1604 4779 1737 4833; x_wconf 77' lang='grc' dir='ltr'>προ·</span> 
     </span>
    </p>
   </div>
   <div class='ocr_carea' id='block_1_93' title="bbox 141 4849 1732 4923">
    <p class='ocr_par' dir='ltr' id='par_1_93' title="bbox 141 4849 1732 4923">
     <span class='ocr_line' id='line_1_93' title="bbox 141 4849 1732 4923; baseline 0.001 -20"><span class='ocrx_word' id='word_1_711' title='bbox 141 4849 461 4920; x_wconf 77' lang='grc' dir='ltr'>τερήματα,</span> <span class='ocrx_word' id='word_1_712' title='bbox 510 4851 644 4902; x_wconf 85' lang='grc' dir='ltr'>ἀλλὰ</span> <span class='ocrx_word' id='word_1_713' title='bbox 670 4852 952 4922; x_wconf 88' lang='grc' dir='ltr'>συγκρίσει</span> <span class='ocrx_word' id='word_1_714' title='bbox 977 4850 1084 4905; x_wconf 86' lang='grc' dir='ltr'><strong>τῶν</strong></span> <span class='ocrx_word' id='word_1_715' title='bbox 1111 4852 1388 4923; x_wconf 82' lang='grc' dir='ltr'>ὑμετέρων</span> <span class='ocrx_word' id='word_1_716' title='bbox 1422 4853 1598 4906; x_wconf 83' lang='grc' dir='ltr'>καλῶν</span> <span class='ocrx_word' id='word_1_717' title='bbox 1619 4853 1732 4906; x_wconf 80' lang='grc' dir='ltr'>ἀντ’</span> 
     </span>
    </p>
   </div>
   <div class='ocr_carea' id='block_1_94' title="bbox 143 4935 1736 5015">
    <p class='ocr_par' dir='ltr' id='par_1_94' title="bbox 143 4935 1736 5015">
     <span class='ocr_line' id='line_1_94' title="bbox 143 4935 1736 5015; baseline 0.003 -24"><span class='ocrx_word' id='word_1_718' title='bbox 143 4939 366 5002; x_wconf 77' lang='grc' dir='ltr'>οὐδενὸς</span> <span class='ocrx_word' id='word_1_719' title='bbox 411 4935 552 4992; x_wconf 75' lang='grc' dir='ltr'>οἶδεν</span> <span class='ocrx_word' id='word_1_720' title='bbox 601 4942 783 4994; x_wconf 85' lang='grc' dir='ltr'>ὲκεῖνα</span> <span class='ocrx_word' id='word_1_721' title='bbox 837 4944 1202 5015; x_wconf 81' lang='grc' dir='ltr'>παρατρέχειν</span> <span class='ocrx_word' id='word_1_722' title='bbox 1238 4944 1268 4997; x_wconf 90' lang='lat'><strong>6</strong></span> <span class='ocrx_word' id='word_1_723' title='bbox 1312 4943 1490 5012; x_wconf 88' lang='grc' dir='ltr'>λόγος.</span> <span class='ocrx_word' id='word_1_724' title='bbox 1527 4943 1736 4996; x_wconf 76' lang='grc' dir='ltr'>Οὐκοῦν</span> 
     </span>
    </p>
   </div>
   <div class='ocr_carea' id='block_1_95' title="bbox 146 5029 1737 5106">
    <p class='ocr_par' dir='ltr' id='par_1_95' title="bbox 146 5029 1737 5106">
     <span class='ocr_line' id='line_1_95' title="bbox 146 5029 1737 5106; baseline 0.003 -24"><span class='ocrx_word' id='word_1_725' title='bbox 146 5029 293 5098; x_wconf 77' lang='grc' dir='ltr'>πρὸς</span> <span class='ocrx_word' id='word_1_726' title='bbox 323 5029 392 5082; x_wconf 90' lang='grc' dir='ltr'><strong>τά</strong></span> <span class='ocrx_word' id='word_1_727' title='bbox 438 5031 809 5102; x_wconf 85' lang='grc' dir='ltr'>προτιμότερα</span> <span class='ocrx_word' id='word_1_728' title='bbox 846 5036 910 5104; x_wconf 80' lang='grc' dir='ltr'>τῇ</span> <span class='ocrx_word' id='word_1_729' title='bbox 943 5033 1101 5101; x_wconf 85' lang='grc' dir='ltr'>φύσει</span> <span class='ocrx_word' id='word_1_730' title='bbox 1129 5037 1250 5098; x_wconf 88' lang='grc' dir='ltr'>ταῖς</span> <span class='ocrx_word' id='word_1_731' title='bbox 1292 5033 1588 5106; x_wconf 82' lang='grc' dir='ltr'>εὐφημίαις</span> <span class='ocrx_word' id='word_1_732' title='bbox 1614 5051 1737 5105; x_wconf 88' lang='grc' dir='ltr'>τρε-</span> 
     </span>
    </p>
   </div>
   <div class='ocr_carea' id='block_1_96' title="bbox 148 5121 1735 5198">
    <p class='ocr_par' dir='ltr' id='par_1_96' title="bbox 148 5121 1735 5198">
     <span class='ocr_line' id='line_1_96' title="bbox 148 5121 1735 5198; baseline 0.003 -24"><span class='ocrx_word' id='word_1_733' title='bbox 148 5121 408 5191; x_wconf 64' lang='grc' dir='ltr'>πώμεθα.</span> <span class='ocrx_word' id='word_1_734' title='bbox 445 5121 628 5176; x_wconf 82' lang='grc' dir='ltr'>Ταῦτα</span> <span class='ocrx_word' id='word_1_735' title='bbox 665 5122 723 5175; x_wconf 83' lang='grc' dir='ltr'><strong>δὲ</strong></span> <span class='ocrx_word' id='word_1_736' title='bbox 768 5125 951 5176; x_wconf 80' lang='grc' dir='ltr'>οὐκέτι</span> <span class='ocrx_word' id='word_1_737' title='bbox 989 5125 1077 5178; x_wconf 86' lang='grc' dir='ltr'><strong>διὰ</strong></span> <span class='ocrx_word' id='word_1_738' title='bbox 1103 5125 1276 5190; x_wconf 91' lang='grc' dir='ltr'>λόγων</span> <span class='ocrx_word' id='word_1_739' title='bbox 1305 5128 1436 5198; x_wconf 76' lang='grc' dir='ltr'>ἡμῖν</span> <span class='ocrx_word' id='word_1_740' title='bbox 1458 5126 1735 5198; x_wconf 84' lang='grc' dir='ltr'>δειχθήσε-</span> 
     </span>
    </p>
   </div>
   <div class='ocr_carea' id='block_1_97' title="bbox 145 5212 1738 5289">
    <p class='ocr_par' dir='ltr' id='par_1_97' title="bbox 145 5212 1738 5289">
     <span class='ocr_line' id='line_1_97' title="bbox 145 5212 1738 5289; baseline 0.004 -23"><span class='ocrx_word' id='word_1_741' title='bbox 145 5232 266 5274; x_wconf 82' lang='grc' dir='ltr'>ται,</span> <span class='ocrx_word' id='word_1_742' title='bbox 305 5212 421 5266; x_wconf 82' lang='grc' dir='ltr'>ἀλλ’</span> <span class='ocrx_word' id='word_1_743' title='bbox 467 5214 546 5276; x_wconf 90' lang='grc' dir='ltr'><strong>εἰς</strong></span> <span class='ocrx_word' id='word_1_744' title='bbox 577 5215 709 5269; x_wconf 85' lang='grc' dir='ltr'>αὐτὸ</span> <span class='ocrx_word' id='word_1_745' title='bbox 744 5217 978 5287; x_wconf 89' lang='grc' dir='ltr'>πάρεστι</span> <span class='ocrx_word' id='word_1_746' title='bbox 1026 5217 1243 5287; x_wconf 82' lang='grc' dir='ltr'>βλέπειν</span> <span class='ocrx_word' id='word_1_747' title='bbox 1295 5219 1405 5272; x_wconf 87' lang='grc' dir='ltr'><strong>τῶν</strong></span> <span class='ocrx_word' id='word_1_748' title='bbox 1456 5217 1738 5289; x_wconf 84' lang='grc' dir='ltr'>ὑμετέρων</span> 
     </span>
    </p>
   </div>
   <div class='ocr_carea' id='block_1_98' title="bbox 151 5303 1740 5381">
    <p class='ocr_par' dir='ltr' id='par_1_98' title="bbox 151 5303 1740 5381">
     <span class='ocr_line' id='line_1_98' title="bbox 151 5303 1740 5381; baseline 0.003 -23"><span class='ocrx_word' id='word_1_749' title='bbox 151 5303 381 5370; x_wconf 75' lang='grc' dir='ltr'>ἀγαθῶν</span> <span class='ocrx_word' id='word_1_750' title='bbox 411 5304 470 5356; x_wconf 78' lang='grc' dir='ltr'>τὸ</span> <span class='ocrx_word' id='word_1_751' title='bbox 498 5306 810 5374; x_wconf 81' lang='grc' dir='ltr'>κεφάλαιον.</span> <span class='ocrx_word' id='word_1_752' title='bbox 857 5309 952 5372; x_wconf 85' lang='grc' dir='ltr'>Τίς</span> <span class='ocrx_word' id='word_1_753' title='bbox 977 5308 1086 5380; x_wconf 79' lang='grc' dir='ltr'><strong>γὰρ</strong></span> <span class='ocrx_word' id='word_1_754' title='bbox 1119 5310 1218 5363; x_wconf 82' lang='grc' dir='ltr'><strong>οὐκ</strong></span> <span class='ocrx_word' id='word_1_755' title='bbox 1256 5307 1363 5364; x_wconf 76' lang='grc' dir='ltr'>οἶδε</span> <span class='ocrx_word' id='word_1_756' title='bbox 1406 5310 1499 5363; x_wconf 78' lang='grc' dir='ltr'>τὸν</span> <span class='ocrx_word' id='word_1_757' title='bbox 1530 5309 1740 5381; x_wconf 83' lang='grc' dir='ltr'>καρπὸν</span> 
     </span>
    </p>
   </div>
   <div class='ocr_carea' id='block_1_99' title="bbox 151 5396 1739 5474">
    <p class='ocr_par' dir='ltr' id='par_1_99' title="bbox 151 5396 1739 5474">
     <span class='ocr_line' id='line_1_99' title="bbox 151 5396 1739 5474; baseline 0.004 -27"><span class='ocrx_word' id='word_1_758' title='bbox 151 5401 246 5448; x_wconf 69' lang='grc' dir='ltr'><strong>τὸν</strong></span> <span class='ocrx_word' id='word_1_759' title='bbox 277 5396 566 5468; x_wconf 80' lang='grc' dir='ltr'>ὑμέτερον,</span> <span class='ocrx_word' id='word_1_760' title='bbox 593 5399 675 5452; x_wconf 84' lang='grc' dir='ltr'>ὅτι</span> <span class='ocrx_word' id='word_1_761' title='bbox 707 5401 862 5471; x_wconf 86' lang='grc' dir='ltr'>ὑμεῖς</span> <span class='ocrx_word' id='word_1_762' title='bbox 894 5401 983 5454; x_wconf 78' lang='grc' dir='ltr'>τὸν</span> <span class='ocrx_word' id='word_1_763' title='bbox 1012 5402 1118 5454; x_wconf 88' lang='grc' dir='ltr'><strong>τῶν</strong></span> <span class='ocrx_word' id='word_1_764' title='bbox 1155 5402 1444 5474; x_wconf 89' lang='grc' dir='ltr'>μαρτύρων</span> <span class='ocrx_word' id='word_1_765' title='bbox 1475 5401 1739 5474; x_wconf 79' lang='grc' dir='ltr'>ἐϐλαστή-</span> 
     </span>
    </p>
   </div>
   <div class='ocr_carea' id='block_1_100' title="bbox 153 5490 1742 5565">
    <p class='ocr_par' dir='ltr' id='par_1_100' title="bbox 153 5490 1742 5565">
     <span class='ocr_line' id='line_1_100' title="bbox 153 5490 1742 5565; baseline 0.006 -27"><span class='ocrx_word' id='word_1_766' title='bbox 153 5505 290 5539; x_wconf 66' lang='lat' dir='ltr'><strong>cura</strong></span> <span class='ocrx_word' id='word_1_767' title='bbox 326 5490 548 5557; x_wconf 81' lang='grc' dir='ltr'>στάχυν,</span> <span class='ocrx_word' id='word_1_768' title='bbox 596 5490 687 5543; x_wconf 84' lang='grc' dir='ltr'>τὸν</span> <span class='ocrx_word' id='word_1_769' title='bbox 730 5491 994 5564; x_wconf 81' lang='grc' dir='ltr'>πολύχουν</span> <span class='ocrx_word' id='word_1_770' title='bbox 1030 5493 1239 5558; x_wconf 81' lang='grc' dir='ltr'>τοῦτον,</span> <span class='ocrx_word' id='word_1_771' title='bbox 1298 5495 1390 5546; x_wconf 68' lang='grc' dir='ltr'><strong>καὶ</strong></span> <span class='ocrx_word' id='word_1_772' title='bbox 1426 5494 1566 5565; x_wconf 80' lang='grc' dir='ltr'>ὑπὲρ</span> <span class='ocrx_word' id='word_1_773' title='bbox 1613 5495 1742 5558; x_wconf 72' lang='grc' dir='ltr'>τοὺς</span> 
     </span>
    </p>
   </div>
   <div class='ocr_carea' id='block_1_101' title="bbox 153 5579 1739 5658">
    <p class='ocr_par' dir='ltr' id='par_1_101' title="bbox 153 5579 1739 5658">
     <span class='ocr_line' id='line_1_101' title="bbox 153 5579 1739 5658; baseline 0.006 -26"><span class='ocrx_word' id='word_1_774' title='bbox 153 5579 455 5650; x_wconf 75' lang='grc' dir='ltr'>τριάκοντα</span> <span class='ocrx_word' id='word_1_775' title='bbox 503 5581 580 5652; x_wconf 82' lang='grc' dir='ltr'><strong>τῷ</strong></span> <span class='ocrx_word' id='word_1_776' title='bbox 627 5583 818 5655; x_wconf 74' lang='grc' dir='ltr'>πλήθει</span> <span class='ocrx_word' id='word_1_777' title='bbox 873 5585 979 5639; x_wconf 85' lang='grc' dir='ltr'><strong>τῶν</strong></span> <span class='ocrx_word' id='word_1_778' title='bbox 1027 5587 1252 5658; x_wconf 77' lang='grc' dir='ltr'>καρπῶν</span> <span class='ocrx_word' id='word_1_779' title='bbox 1305 5587 1739 5657; x_wconf 71' lang='grc' dir='ltr'>πλατυνόμενονς</span> 
     </span>
    </p>
   </div>
   <div class='ocr_carea' id='block_1_102' title="bbox 184 5736 654 5799">
    <p class='ocr_par' dir='ltr' id='par_1_102' title="bbox 184 5736 654 5799">
     <span class='ocr_line' id='line_1_102' title="bbox 184 5736 654 5799; baseline -0.002 -8"><span class='ocrx_word' id='word_1_780' title='bbox 184 5740 199 5768; x_wconf 75' lang='grc'><strong>³</strong></span> <span class='ocrx_word' id='word_1_781' title='bbox 236 5738 250 5791; x_wconf 79' lang='grc' dir='ltr'><strong>Ι</strong></span> <span class='ocrx_word' id='word_1_782' title='bbox 282 5736 402 5794; x_wconf 89' lang='lat' dir='ltr'><strong>Cor.</strong></span> <span class='ocrx_word' id='word_1_783' title='bbox 447 5751 539 5799; x_wconf 83' lang='lat' dir='ltr'><strong>\‘ll,</strong></span> <span class='ocrx_word' id='word_1_784' title='bbox 569 5737 654 5790; x_wconf 75' lang='grc'><strong>51.</strong></span> 
     </span>
    </p>
   </div>
   <div class='ocr_carea' id='block_1_103' title="bbox 1839 4482 3416 4555">
    <p class='ocr_par' dir='ltr' id='par_1_103' title="bbox 1839 4482 3416 4555">
     <span class='ocr_line' id='line_1_103' title="bbox 1839 4482 3416 4555; baseline 0.002 -18"><span class='ocrx_word' id='word_1_785' title='bbox 1839 4482 2134 4555; x_wconf 82' lang='lat' dir='ltr'><strong>Apostolus</strong></span> <span class='ocrx_word' id='word_1_786' title='bbox 2161 4483 2184 4515; x_wconf 88' lang='grc'>³</span> <span class='ocrx_word' id='word_1_787' title='bbox 2212 4501 2227 4537; x_wconf 90' lang='lat'><strong>:</strong></span> <span class='ocrx_word' id='word_1_788' title='bbox 2259 4484 2355 4552; x_wconf 92' lang='lat' dir='ltr'><strong>qui</strong></span> <span class='ocrx_word' id='word_1_789' title='bbox 2387 4483 2565 4553; x_wconf 90' lang='lat' dir='ltr'><strong>possit</strong></span> <span class='ocrx_word' id='word_1_790' title='bbox 2597 4483 2798 4554; x_wconf 86' lang='lat' dir='ltr'><strong>aliquis</strong></span> <span class='ocrx_word' id='word_1_791' title='bbox 2837 4483 3098 4538; x_wconf 87' lang='lat' dir='ltr'><strong>decorum</strong></span> <span class='ocrx_word' id='word_1_792' title='bbox 3139 4485 3416 4541; x_wconf 51' lang='lat' dir='ltr'><strong>existima.</strong></span> 
     </span>
    </p>
   </div>
   <div class='ocr_carea' id='block_1_104' title="bbox 1842 4573 3418 4646">
    <p class='ocr_par' dir='ltr' id='par_1_104' title="bbox 1842 4573 3418 4646">
     <span class='ocr_line' id='line_1_104' title="bbox 1842 4573 3418 4646; baseline 0.003 -20"><span class='ocrx_word' id='word_1_793' title='bbox 1842 4591 1931 4639; x_wconf 74' lang='lat' dir='ltr'><strong>re,</strong></span> <span class='ocrx_word' id='word_1_794' title='bbox 1981 4574 2028 4630; x_wconf 89' lang='lat' dir='ltr'><strong>si</strong></span> <span class='ocrx_word' id='word_1_795' title='bbox 2062 4584 2221 4630; x_wconf 68' lang='lat' dir='ltr'><strong>terra:</strong></span> <span class='ocrx_word' id='word_1_796' title='bbox 2260 4575 2418 4630; x_wconf 90' lang='lat' dir='ltr'><strong>vobis</strong></span> <span class='ocrx_word' id='word_1_797' title='bbox 2456 4585 2512 4630; x_wconf 81' lang='lat' dir='ltr'><strong>et</strong></span> <span class='ocrx_word' id='word_1_798' title='bbox 2559 4589 2716 4646; x_wconf 72' lang='lat' dir='ltr'><strong>aquae</strong></span> <span class='ocrx_word' id='word_1_799' title='bbox 2770 4573 3114 4630; x_wconf 88' lang='lat' dir='ltr'><strong>fertilitatem</strong></span> <span class='ocrx_word' id='word_1_800' title='bbox 3161 4575 3418 4632; x_wconf 89' lang='lat' dir='ltr'><strong>laudandi</strong></span> 
     </span>
    </p>
   </div>
   <div class='ocr_carea' id='block_1_105' title="bbox 1841 4664 3420 4726">
    <p class='ocr_par' dir='ltr' id='par_1_105' title="bbox 1841 4664 3420 4726">
     <span class='ocr_line' id='line_1_105' title="bbox 1841 4664 3420 4726; baseline 0.001 -3"><span class='ocrx_word' id='word_1_801' title='bbox 1841 4683 2008 4723; x_wconf 90' lang='lat' dir='ltr'><strong>causa</strong></span> <span class='ocrx_word' id='word_1_802' title='bbox 2055 4666 2278 4722; x_wconf 67' lang='lat' dir='ltr'><strong>afferam</strong></span> <span class='ocrx_word' id='word_1_803' title='bbox 2312 4667 2367 4721; x_wconf 92' lang='lat' dir='ltr'><strong>in</strong></span> <span class='ocrx_word' id='word_1_804' title='bbox 2394 4667 2634 4721; x_wconf 91' lang='lat' dir='ltr'><strong>medium</strong></span> <span class='ocrx_word' id='word_1_805' title='bbox 2660 4667 2686 4719; x_wconf 84' lang='lat'><strong>?</strong></span> <span class='ocrx_word' id='word_1_806' title='bbox 2706 4664 2839 4720; x_wconf 82' lang='lat' dir='ltr'><strong>Nam</strong></span> <span class='ocrx_word' id='word_1_807' title='bbox 2868 4670 3032 4722; x_wconf 86' lang='lat' dir='ltr'><strong>etiam</strong></span> <span class='ocrx_word' id='word_1_808' title='bbox 3061 4667 3216 4725; x_wconf 89' lang='lat' dir='ltr'><strong>locus</strong></span> <span class='ocrx_word' id='word_1_809' title='bbox 3244 4679 3420 4726; x_wconf 83' lang='lat' dir='ltr'><strong>vester</strong></span> 
     </span>
    </p>
   </div>
   <div class='ocr_carea' id='block_1_106' title="bbox 1843 4757 3418 4830">
    <p class='ocr_par' dir='ltr' id='par_1_106' title="bbox 1843 4757 3418 4830">
     <span class='ocr_line' id='line_1_106' title="bbox 1843 4757 3418 4830; baseline 0.003 -19"><span class='ocrx_word' id='word_1_810' title='bbox 1843 4759 1998 4828; x_wconf 89' lang='lat' dir='ltr'><strong>plura</strong></span> <span class='ocrx_word' id='word_1_811' title='bbox 2052 4759 2214 4813; x_wconf 89' lang='lat' dir='ltr'><strong>habet</strong></span> <span class='ocrx_word' id='word_1_812' title='bbox 2248 4758 2521 4827; x_wconf 88' lang='lat' dir='ltr'><strong>ejusmodi</strong></span> <span class='ocrx_word' id='word_1_813' title='bbox 2553 4757 2842 4813; x_wconf 90' lang='lat' dir='ltr'><strong>commoda</strong></span> <span class='ocrx_word' id='word_1_814' title='bbox 2883 4767 3044 4814; x_wconf 73' lang='lat' dir='ltr'><strong>terra:</strong></span> <span class='ocrx_word' id='word_1_815' title='bbox 3088 4775 3254 4830; x_wconf 87' lang='lat' dir='ltr'><strong>quam</strong></span> <span class='ocrx_word' id='word_1_816' title='bbox 3292 4761 3418 4815; x_wconf 90' lang='lat' dir='ltr'><strong>alibi</strong></span> 
     </span>
    </p>
   </div>
   <div class='ocr_carea' id='block_1_107' title="bbox 1843 4851 3421 4922">
    <p class='ocr_par' dir='ltr' id='par_1_107' title="bbox 1843 4851 3421 4922">
     <span class='ocr_line' id='line_1_107' title="bbox 1843 4851 3421 4922; baseline 0.003 -18"><span class='ocrx_word' id='word_1_817' title='bbox 1843 4851 2192 4922; x_wconf 87' lang='lat' dir='ltr'><strong>reperiantur</strong></span> <span class='ocrx_word' id='word_1_818' title='bbox 2218 4868 2232 4903; x_wconf 89' lang='lat'><strong>:</strong></span> <span class='ocrx_word' id='word_1_819' title='bbox 2276 4859 2514 4904; x_wconf 83' lang='lat' dir='ltr'><strong>attamen</strong></span> <span class='ocrx_word' id='word_1_820' title='bbox 2543 4851 2958 4920; x_wconf 90' lang='lat' dir='ltr'><strong>comparatione</strong></span> <span class='ocrx_word' id='word_1_821' title='bbox 2987 4859 3296 4906; x_wconf 89' lang='lat' dir='ltr'><strong>vestrorum</strong></span> <span class='ocrx_word' id='word_1_822' title='bbox 3327 4853 3421 4908; x_wconf 89' lang='lat' dir='ltr'><strong>bo-</strong></span> 
     </span>
    </p>
   </div>
   <div class='ocr_carea' id='block_1_108' title="bbox 1842 4941 3421 5013">
    <p class='ocr_par' dir='ltr' id='par_1_108' title="bbox 1842 4941 3421 5013">
     <span class='ocr_line' id='line_1_108' title="bbox 1842 4941 3421 5013; baseline 0.002 -18"><span class='ocrx_word' id='word_1_823' title='bbox 1842 4958 2068 5008; x_wconf 91' lang='lat' dir='ltr'><strong>norum,</strong></span> <span class='ocrx_word' id='word_1_824' title='bbox 2127 4952 2387 5010; x_wconf 89' lang='lat' dir='ltr'><strong>tanquam</strong></span> <span class='ocrx_word' id='word_1_825' title='bbox 2432 4956 2522 4995; x_wconf 90' lang='lat' dir='ltr'><strong>res</strong></span> <span class='ocrx_word' id='word_1_826' title='bbox 2571 4941 2775 4996; x_wconf 89' lang='lat' dir='ltr'><strong>nullius</strong></span> <span class='ocrx_word' id='word_1_827' title='bbox 2817 4944 2974 5013; x_wconf 80' lang='lat' dir='ltr'><strong>pretii</strong></span> <span class='ocrx_word' id='word_1_828' title='bbox 3018 4945 3296 5011; x_wconf 69' lang='lat' dir='ltr'><strong>praeterire</strong></span> <span class='ocrx_word' id='word_1_829' title='bbox 3332 4945 3421 4998; x_wconf 84' lang='lat' dir='ltr'><strong>illa</strong></span> 
     </span>
    </p>
   </div>
   <div class='ocr_carea' id='block_1_109' title="bbox 1845 5033 3424 5106">
    <p class='ocr_par' dir='ltr' id='par_1_109' title="bbox 1845 5033 3424 5106">
     <span class='ocr_line' id='line_1_109' title="bbox 1845 5033 3424 5106; baseline 0.003 -18"><span class='ocrx_word' id='word_1_830' title='bbox 1845 5034 1997 5089; x_wconf 88' lang='lat' dir='ltr'><strong>novit</strong></span> <span class='ocrx_word' id='word_1_831' title='bbox 2019 5035 2216 5089; x_wconf 90' lang='lat' dir='ltr'><strong>oratio.</strong></span> <span class='ocrx_word' id='word_1_832' title='bbox 2241 5033 2423 5100; x_wconf 84' lang='lat' dir='ltr'><strong>Quare</strong></span> <span class='ocrx_word' id='word_1_833' title='bbox 2441 5034 2507 5087; x_wconf 89' lang='lat' dir='ltr'><strong>ad</strong></span> <span class='ocrx_word' id='word_1_834' title='bbox 2538 5051 2628 5090; x_wconf 88' lang='lat' dir='ltr'><strong>res</strong></span> <span class='ocrx_word' id='word_1_835' title='bbox 2651 5043 2846 5089; x_wconf 90' lang='lat' dir='ltr'><strong>natura</strong></span> <span class='ocrx_word' id='word_1_836' title='bbox 2877 5036 3289 5106; x_wconf 81' lang='lat' dir='ltr'><strong>praestantiores</strong></span> <span class='ocrx_word' id='word_1_837' title='bbox 3307 5036 3424 5092; x_wconf 85' lang='lat' dir='ltr'><strong>lau-</strong></span> 
     </span>
    </p>
   </div>
   <div class='ocr_carea' id='block_1_110' title="bbox 1845 5123 3422 5182">
    <p class='ocr_par' dir='ltr' id='par_1_110' title="bbox 1845 5123 3422 5182">
     <span class='ocr_line' id='line_1_110' title="bbox 1845 5123 3422 5182; baseline 0.002 -4"><span class='ocrx_word' id='word_1_838' title='bbox 1845 5123 2120 5178; x_wconf 86' lang='lat' dir='ltr'><strong>dationem</strong></span> <span class='ocrx_word' id='word_1_839' title='bbox 2160 5131 2572 5180; x_wconf 86' lang='lat' dir='ltr'><strong>convertamus.</strong></span> <span class='ocrx_word' id='word_1_840' title='bbox 2618 5123 2713 5179; x_wconf 68' lang='lat' dir='ltr'><strong>lite</strong></span> <span class='ocrx_word' id='word_1_841' title='bbox 2760 5133 2940 5180; x_wconf 92' lang='lat' dir='ltr'><strong>autem</strong></span> <span class='ocrx_word' id='word_1_842' title='bbox 2967 5126 3122 5182; x_wconf 90' lang='lat' dir='ltr'><strong>vobis</strong></span> <span class='ocrx_word' id='word_1_843' title='bbox 3156 5141 3263 5181; x_wconf 90' lang='lat' dir='ltr'><strong>non</strong></span> <span class='ocrx_word' id='word_1_844' title='bbox 3313 5143 3422 5181; x_wconf 64' lang='grc' dir='ltr'>επις</span> 
     </span>
    </p>
   </div>
   <div class='ocr_carea' id='block_1_111' title="bbox 1846 5214 3431 5288">
    <p class='ocr_par' dir='ltr' id='par_1_111' title="bbox 1846 5214 3431 5288">
     <span class='ocr_line' id='line_1_111' title="bbox 1846 5214 3431 5288; baseline 0.003 -20"><span class='ocrx_word' id='word_1_845' title='bbox 1846 5216 1990 5286; x_wconf 90' lang='lat' dir='ltr'><strong>plius</strong></span> <span class='ocrx_word' id='word_1_846' title='bbox 2009 5229 2105 5284; x_wconf 88' lang='lat' dir='ltr'><strong>per</strong></span> <span class='ocrx_word' id='word_1_847' title='bbox 2125 5214 2290 5269; x_wconf 85' lang='lat' dir='ltr'><strong>verba</strong></span> <span class='ocrx_word' id='word_1_848' title='bbox 2325 5214 2708 5279; x_wconf 88' lang='lat' dir='ltr'><strong>ostendentur,</strong></span> <span class='ocrx_word' id='word_1_849' title='bbox 2729 5214 2822 5269; x_wconf 89' lang='lat' dir='ltr'><strong>sed</strong></span> <span class='ocrx_word' id='word_1_850' title='bbox 2843 5214 2969 5270; x_wconf 91' lang='lat' dir='ltr'><strong>licet</strong></span> <span class='ocrx_word' id='word_1_851' title='bbox 2995 5215 3050 5269; x_wconf 89' lang='lat' dir='ltr'><strong>in</strong></span> <span class='ocrx_word' id='word_1_852' title='bbox 3067 5215 3245 5288; x_wconf 90' lang='lat' dir='ltr'><strong>ipsum</strong></span> <span class='ocrx_word' id='word_1_853' title='bbox 3263 5226 3431 5287; x_wconf 76' lang='lat' dir='ltr'><strong>caput</strong></span> 
     </span>
    </p>
   </div>
   <div class='ocr_carea' id='block_1_112' title="bbox 1850 5308 3425 5379">
    <p class='ocr_par' dir='ltr' id='par_1_112' title="bbox 1850 5308 3425 5379">
     <span class='ocr_line' id='line_1_112' title="bbox 1850 5308 3425 5379; baseline 0.001 -17"><span class='ocrx_word' id='word_1_854' title='bbox 1850 5308 2048 5362; x_wconf 91' lang='lat' dir='ltr'><strong>intueri</strong></span> <span class='ocrx_word' id='word_1_855' title='bbox 2080 5313 2385 5362; x_wconf 90' lang='lat' dir='ltr'><strong>vestrorum</strong></span> <span class='ocrx_word' id='word_1_856' title='bbox 2420 5308 2708 5363; x_wconf 90' lang='lat' dir='ltr'><strong>bonorum.</strong></span> <span class='ocrx_word' id='word_1_857' title='bbox 2749 5308 2886 5375; x_wconf 83' lang='lat' dir='ltr'><strong>Quis</strong></span> <span class='ocrx_word' id='word_1_858' title='bbox 2915 5309 3060 5362; x_wconf 89' lang='lat' dir='ltr'><strong>enim</strong></span> <span class='ocrx_word' id='word_1_859' title='bbox 3091 5309 3307 5379; x_wconf 81' lang='lat' dir='ltr'><strong>ignorat</strong></span> <span class='ocrx_word' id='word_1_860' title='bbox 3337 5327 3425 5364; x_wconf 38' lang='lat' dir='ltr'><strong>ves</strong></span> 
     </span>
    </p>
   </div>
   <div class='ocr_carea' id='block_1_113' title="bbox 1847 5399 3427 5472">
    <p class='ocr_par' dir='ltr' id='par_1_113' title="bbox 1847 5399 3427 5472">
     <span class='ocr_line' id='line_1_113' title="bbox 1847 5399 3427 5472; baseline -0.001 -17"><span class='ocrx_word' id='word_1_861' title='bbox 1847 5410 2019 5455; x_wconf 85' lang='lat' dir='ltr'><strong>strum</strong></span> <span class='ocrx_word' id='word_1_862' title='bbox 2055 5399 2291 5453; x_wconf 85' lang='lat' dir='ltr'><strong>fructum</strong></span> <span class='ocrx_word' id='word_1_863' title='bbox 2318 5441 2332 5464; x_wconf 91' lang='lat'><strong>,</strong></span> <span class='ocrx_word' id='word_1_864' title='bbox 2365 5400 2508 5469; x_wconf 89' lang='lat' dir='ltr'><strong>quod</strong></span> <span class='ocrx_word' id='word_1_865' title='bbox 2559 5416 2657 5456; x_wconf 79' lang='lat' dir='ltr'><strong>vos</strong></span> <span class='ocrx_word' id='word_1_866' title='bbox 2702 5409 3006 5472; x_wconf 87' lang='lat' dir='ltr'><strong>martyrum</strong></span> <span class='ocrx_word' id='word_1_867' title='bbox 3061 5401 3427 5469; x_wconf 66' lang='lat' dir='ltr'><strong>produxeritis</strong></span> 
     </span>
    </p>
   </div>
   <div class='ocr_carea' id='block_1_114' title="bbox 1851 5490 3429 5562">
    <p class='ocr_par' dir='ltr' id='par_1_114' title="bbox 1851 5490 3429 5562">
     <span class='ocr_line' id='line_1_114' title="bbox 1851 5490 3429 5562; baseline -0.001 -15"><span class='ocrx_word' id='word_1_868' title='bbox 1851 5493 2094 5562; x_wconf 88' lang='lat' dir='ltr'><strong>spicam,</strong></span> <span class='ocrx_word' id='word_1_869' title='bbox 2139 5490 2431 5547; x_wconf 82' lang='lat' dir='ltr'><strong>fecundam</strong></span> <span class='ocrx_word' id='word_1_870' title='bbox 2474 5491 2615 5547; x_wconf 86' lang='lat' dir='ltr'><strong>hanc</strong></span> <span class='ocrx_word' id='word_1_871' title='bbox 2661 5500 2712 5546; x_wconf 88' lang='lat' dir='ltr'><strong>et</strong></span> <span class='ocrx_word' id='word_1_872' title='bbox 2761 5493 3076 5562; x_wconf 85' lang='lat' dir='ltr'><strong>copiosam,</strong></span> <span class='ocrx_word' id='word_1_873' title='bbox 3120 5507 3241 5561; x_wconf 69' lang='lat' dir='ltr'><strong>qua:</strong></span> <span class='ocrx_word' id='word_1_874' title='bbox 3286 5494 3429 5548; x_wconf 88' lang='lat' dir='ltr'><strong>ultra</strong></span> 
     </span>
    </p>
   </div>
   <div class='ocr_carea' id='block_1_115' title="bbox 1856 5584 3429 5659">
    <p class='ocr_par' dir='ltr' id='par_1_115' title="bbox 1856 5584 3429 5659">
     <span class='ocr_line' id='line_1_115' title="bbox 1856 5584 3429 5659; baseline -0.001 -19"><span class='ocrx_word' id='word_1_875' title='bbox 1856 5585 2214 5657; x_wconf 80' lang='lat' dir='ltr'><strong>trigcnarium</strong></span> <span class='ocrx_word' id='word_1_876' title='bbox 2249 5601 2534 5640; x_wconf 85' lang='lat' dir='ltr'><strong>numerum</strong></span> <span class='ocrx_word' id='word_1_877' title='bbox 2569 5586 2914 5640; x_wconf 84' lang='lat' dir='ltr'><strong>multitudine</strong></span> <span class='ocrx_word' id='word_1_878' title='bbox 2943 5593 2995 5640; x_wconf 86' lang='lat' dir='ltr'><strong>et</strong></span> <span class='ocrx_word' id='word_1_879' title='bbox 3026 5587 3181 5659; x_wconf 82' lang='lat' dir='ltr'><strong>copia</strong></span> <span class='ocrx_word' id='word_1_880' title='bbox 3215 5584 3429 5656; x_wconf 72' lang='lat' dir='ltr'><strong>frugum</strong></span> 
     </span>
    </p>
   </div>
  </div>
