3850 6392
406 316 539 376 Ἱδὸ
1623 320 1679 378 5.
1719 321 2048 377 GliEGORlI
2107 323 2393 379 NYSSENI
3575 323 3685 378 7:;6

412 437 718 492 dilatatur?
747 436 936 492 Videte
967 453 1182 494 sacrum
1225 439 1328 494 hoc
1365 455 1556 494 arvum
1579 482 1594 506 ,
1629 440 1758 495 hinc
1787 452 1989 495 martv-
2018 451 2041 503 ί

2143 445 2293 512 )ρᾶτε
2325 444 2420 514 τὴν
2453 447 2601 516 ίεραν
2625 447 2826 516 ταύτην
2850 448 3106 518 ἄρουραν⁸
3134 445 3381 498 ἐντεῦθεν
3404 445 3511 496 τῶν
3543 462 3687 514 μαρ-

414 545 536 583 rum
569 529 830 598 manipuli
869 531 1086 585 collecti
1125 543 1273 586 sunt.
1325 532 1479 598 Quod
1523 533 1568 587 si
1601 534 1745 588 scire
1781 531 1996 587 deside-

2143 535 2274 605 Jpwv
2303 537 2368 589 τὰ
2402 536 2712 607 δράγματα.
2750 539 2812 590 Εἰ
2840 539 3020 608 ζητεῖς
3050 539 3241 608 μαθεῖν
3262 539 3382 595 τίνα
3406 537 3554 606 λέγω
3580 542 3687 605 τὴν

415 636 508 676 ras
549 619 617 674 de
670 637 781 691 quo
815 637 948 677 arvo
990 614 1208 687 dicam,
1250 641 1317 679 ne
1364 626 1552 694 procul
1599 625 1666 679 ab
1703 639 1802 687 eo,
1850 625 1996 694 quod

2143 640 2353 695 ρουραν,
2386 625 2459 695 μὴ
2495 626 2684 699 πόρρω
2712 627 2805 678 τοῦ
2834 627 3100 696 παρόντος
3123 627 3554 696 περισκοπὴσῃς.
3581 624 3684 689 Τίς

417 713 606 772 adest.
641 715 1078 786 circumspicias.
1111 716 1246 781 Quis
1288 727 1374 770 est
1414 717 1516 772 iste
1556 717 1712 772 locus
1757 718 1848 787 qui
1891 732 2002 770 am-

2157 717 2317 778 τόπος
2370 717 2398 768 ό
2451 717 2721 787 περιέχων
2753 717 2842 770 τὸν
2893 717 3184 781 σύλλογον;
3218 717 3283 769 Τί
3336 733 3418 769 σοι
3465 716 3684 788 λέγειὴ

419 803 676 874 plectitur
697 807 1073 860 conventum?
1099 807 1240 873 Quid
1268 809 1366 863 tibi
1407 808 1544 863 dicit
1586 808 2002 864 anniversarius

2143 806 2370 871 νιαύσιος
2404 807 2498 860 τοῦ
2531 808 2730 861 κύκλου
2773 808 3053 876 περίοδος;
3083 809 3216 862 [Ιοῖά
3251 825 3332 860 σοι
3363 809 3690 878 διηγήματα

420 897 618 951 circuli
644 898 884 954 ambitus
904 900 927 951 ?
947 898 1149 965 Quales
1171 901 1337 970 hujus
1365 901 1474 956 diei
1503 901 1814 956 recordatio
1840 908 2004 969 atque

2181 900 2278 969 τῆς
2325 899 2536 968 ἡμέρας
2574 900 2778 971 ταύτης
2824 900 3130 972 ὑπόμνησις
3173 902 3300 970 ἥκει
3343 900 3688 972 κομίζουσας

423 991 877 1045 commemoratio
934 992 1104 1047 refert
1145 993 1241 1048 tibi
1271 995 1661 1049 narrationes?
1700 993 1894 1048 Annon
1935 992 2007 1045 lo-

2143 996 2230 1067 Ap‘
2263 997 2323 1048 ού
2349 995 2525 1049 λαλιαὶ
2561 999 2705 1060 τινες
2739 999 2864 1054 είσι.
2900 995 3082 1058 καθὼς
3115 1012 3276 1065 φησιν
3305 997 3332 1050 6
3366 996 3690 1066 Προφήτης.

425 1083 604 1152 quelze
629 1084 876 1152 quaedam
903 1095 1051 1151 sunt,
1082 1094 1142 1140 ut
1168 1086 1344 1156 inquit
1365 1085 1634 1156 Propheta
1654 1088 1696 1148 ⁸,
1721 1095 1775 1142 et
1806 1101 2008 1141 sermo-

2147 1088 2203 1142 αἱ
2231 1087 2398 1154 λόγοι,
2430 1080 2505 1140 ὧν
2534 1087 2653 1156 ούχὶ
2679 1085 2837 1156 μόνον
2865 1086 3148 1140 ἀκούονται
3185 1087 3242 1139 αἱ
3273 1086 3470 1154 φωναὶ,
3502 1087 3694 1138 αὐτῶν

429 1190 564 1240 nes,
600 1191 834 1246 quorum
868 1185 1078 1232 tantum
1111 1192 1220 1232 non
1267 1177 1569 1232 audiuntur
1609 1193 1772 1232 voces
1817 1192 2008 1231 eorum

2143 1180 2310 1240 ταντὸς
2351 1178 2508 1246 λόγου
2539 1177 2893 1249 εὐτονώτερον
2929 1177 3279 1248 διηγούμεναι
3304 1178 3373 1230 τὰ
3401 1177 3692 1247 θαύματα;

429 1265 627 1334 quovis
655 1281 907 1322 sermone
931 1267 1136 1322 clarius
1163 1268 1428 1322 miracula
1453 1268 1819 1323 enarrantes?
1849 1266 1906 1322 Si
1940 1268 2014 1320 lo-

2143 1271 2213 1322 Λν
2241 1272 2319 1334 εἰς
2344 1269 2435 1322 τὸν
2463 1269 2628 1324 τόπον
2660 1268 2876 1345 ἀπίδῃς,
2918 1270 3078 1332 αὐτὸς
3104 1265 3242 1322 εἷναί
3270 1287 3402 1338 φησι
3425 1269 3533 1321 τῶν
3559 1286 3699 1338 μαρ-

432 1370 560 1409 cum
594 1355 886 1422 intuearis,
917 1357 1036 1426 ipse
1064 1366 1368 1428 martyrum
1395 1357 1631 1413 stadium
1659 1373 1782 1414 esse
1813 1361 1925 1413 ait:
1965 1359 2013 1413 si

2149 1363 2292 1434 ύρων
2330 1363 2390 1415 τὸ
2433 1361 2680 1416 στάδιον·
2709 1360 2774 1415 ἂν
2821 1361 2920 1432 τὴν
2961 1361 3170 1433 ἡμέραν
3212 1362 3424 1433 λογίσῃ,
3464 1355 3575 1412 οἶόν
3608 1378 3699 1424 τις

433 1447 579 1502 diem
609 1449 1084 1513 consideraveris,
1124 1457 1385 1518 tanquam
1421 1465 1600 1520 praeco
1641 1450 1864 1518 quidam
1908 1466 2016 1505 ma-

439 1556 559 1609 gna:
600 1541 755 1596 vocis
784 1547 838 1595 et
865 1555 1101 1596 sonorus
1129 1534 1440 1612 martyrum.
1468 1556 1729 1597 coronam
1762 1557 2010 1613 pronun-

437 1632 562 1686 tiat.
599 1629 726 1686 Haec
758 1631 890 1686 mihi
911 1631 1103 1687 videor
1120 1648 1186 1686 ex
1217 1633 1304 1687 die
1324 1631 1484 1702 (ipsa)
1501 1633 1772 1688 clamante
1787 1633 1975 1688 audire
2002 1652 2016 1700 ;

441 1723 584 1778 alius
615 1723 834 1794 quidem
867 1724 983 1780 dies
1016 1724 1374 1778 luminarium
1412 1725 1690 1780 creatione
1717 1725 2014 1796 gloriatur;

442 1816 585 1871 alius
616 1831 783 1881 vero,
823 1816 965 1871 caelo
990 1835 1004 1883 ;
1034 1817 1162 1872 item
1193 1819 1335 1872 alius
1363 1817 1580 1872 Iretatur
1611 1825 1666 1873 et
1705 1817 1809 1874 sibi
1841 1817 2020 1888 placet

443 1915 667 1977 propter
685 1905 1108 1962 fabricationem
1129 1916 1310 1961 terrm.
1332 1905 1464 1960 Mihi
1487 1915 1668 1962 autem
1684 1907 1750 1961 ad
1765 1917 2019 1961 ornatum

445 1997 710 2052 miracula
743 2006 1047 2068 martyrum
1091 1997 1399 2064 suﬂiciunt;
1437 1997 1641 2052 sufficit
1688 2011 2020 2052 coronarum

446 2090 648 2145 decore
685 2098 849 2159 atque
889 2090 1296 2160 pulchritudine
1331 2093 1585 2145 exornari
1616 2107 1631 2155 ;
1678 2089 1878 2145 sullieit
1909 2100 2021 2144 tro-

448 2183 579 2250 paeis
627 2181 893 2236 adversus
937 2182 1214 2237 diabolum
1267 2183 1470 2238 erectis
1523 2183 1807 2238 honestari
1862 2191 2026 2252 atque

446 2275 716 2332 decorari.
748 2276 950 2341 Quales
977 2277 1034 2330 in
1063 2292 1147 2330 me
1175 2275 1397 2330 fuerunt
1423 2277 1808 2332 narrationes?
1835 2275 2027 2343 Qualis

448 2367 659 2437 angelis
711 2383 808 2437 per
857 2383 943 2422 me
991 2368 1129 2422 facta
1165 2377 1250 2423 est
1289 2369 1575 2424 accessio?
1609 2367 1836 2435 Qualem
1878 2370 2030 2425 dedit

449 2468 596 2515 terra
642 2459 880 2514 fructum
921 2459 1078 2516 Deo?
1118 2461 1335 2530 qualem
1370 2460 1637 2516 Dominus
1677 2462 1729 2516 in
1768 2478 1853 2516 me
1897 2478 2033 2517 con-

452 2553 706 2608 sitionem
734 2553 1020 2609 consevit?
1051 2550 1205 2608 Unde
1233 2553 1416 2609 omnis
1443 2555 1608 2608 etiam
1638 2555 2031 2624 propemodum

451 2644 602 2701 orbis
639 2652 911 2699 terrarum
952 2645 1079 2699 hinc
1110 2654 1396 2700 enatorum
1440 2646 1723 2716 palmitum
1755 2656 1808 2701 et
1837 2663 2034 2702 surcu-

455 2739 632 2792 lorum
684 2739 1083 2808 propaginibus
1131 2737 1385 2792 consitus
1427 2746 1552 2792 est:
1599 2746 1859 2809 tanquam
1907 2738 2036 2794 vitis

453 2828 703 2900 quaedam
735 2829 994 2900 copiosa,
1028 2836 1192 2897 atque
1226 2825 1517 2882 abundans
1541 2869 1555 2892 ,
1590 2842 1713 2882 cum
1763 2828 1900 2881 alias
1943 2843 2039 2898 per

456 2937 579 2978 sese
605 2922 746 2978 vites
771 2921 963 2985 eflicit,
986 2929 1100 2976 tum
1133 2923 1248 2990 ipsa
1275 2935 1386 2975 non
1414 2919 1675 2977 deficiens
1705 2921 1759 2975 in
1789 2936 1890 2975 suo
1922 2937 2040 2992 per—

458 3021 642 3069 manet
675 3015 884 3085 vigore.
919 3013 1044 3070 Haec
1075 3023 1129 3069 et
1157 3012 1431 3084 ejusmodi
1471 3013 1732 3068 nimirum
1771 3027 1894 3065 cum
1928 3009 2037 3065 diei

2117 1455 2293 1528 κήρυξ
2325 1455 2706 1526 μεγαλόφωνος
2736 1453 3097 1525 ἁνακηρύττει
3136 1454 3243 1506 τῶν
3276 1453 3568 1525 μαρτύρων
3602 1451 3700 1504 τὸν

2120 1548 2400 1615 στέφανον.
2447 1545 2634 1600 Ταῦτά
2683 1563 2776 1616 μοι
2824 1545 2966 1598 δοκῶ
3014 1545 3114 1616 τῆς
3152 1543 3363 1616 ἡμέρας
3408 1543 3701 1614 ἐμϐοὼσης

2120 1640 2337 1695 ἀκούειν
2358 1655 2372 1667 °
2409 1639 2489 1692 ὅτι
2516 1637 2648 1708 ἄλλη
2680 1638 2778 1707 μὲν
2799 1639 2863 1707 τῇ
2897 1636 3225 1708 δημιουργίᾳ
3263 1637 3370 1690 τῶν
3395 1637 3704 1707 φωστήρων

2123 1726 2462 1797 σεμνύνεται,
2501 1725 2636 1796 άλλη
2665 1726 2721 1778 δὲ
2745 1725 2823 1796 τῷ
2849 1727 2909 1778 ού
2921 1723 3082 1796 ρανῷ,
3116 1727 3210 1781 καὶ
3233 1727 3394 1797 ἑτέρα
3428 1728 3494 1798 τῇ
3527 1742 3703 1778 κατα-

2123 1821 2288 1890 σκευῇ
2331 1819 2430 1890 τῆς
2483 1821 2586 1888 γῆς
2631 1817 3016 1886 ἐπαγάλλεται.
3065 1817 3218 1889 Ἐμοὶ
3250 1817 3308 1871 δὲ
3354 1817 3516 1888 ἀρκεῖ
3565 1815 3706 1887 πρὸς

2123 1913 2325 1984 κόσμον
2356 1912 2426 1965 τὰ
2448 1911 2555 1964 τῶν
2587 1909 2880 1982 μαρτύρων
2913 1909 3198 1980 θαύματα⁸
3227 1911 3388 1980 ἀρκεῖ
3513 1910 3705 1962 κάλλει

2123 2004 2230 2058 τῶν
2280 2003 2558 2073 στεφάνων
2605 2003 3146 2070 ἐγκαλλωπίζεσθαι*
3199 2003 3360 2074 ἀρκεῖ
3400 2003 3512 2062 τοῖς
3561 2001 3706 2053 κατὰ

2124 2095 2220 2150 τοῦ
2256 2095 2502 2149 διαϐόλου
2531 2094 2812 2165 τροπαίοις
2838 2093 3312 2164 ὲπισεμνύνεσθαι.
3342 2087 3446 2145 υἷα
3479 2091 3707 2160 γέγονεν

2128 2189 2186 2241 ἐν
2209 2187 2331 2257 ἐμοὶ
2351 2186 2690 2260 διηγήματαί
2721 2181 2821 2239 Οἷα
2846 2185 3036 2254 γέγονε
3065 2184 3130 2238 δι’
3154 2185 3288 2256 ἐμοῦ
3315 2187 3425 2249 τοῖς
3448 2184 3707 2252 ἀγγέλοις

2130 2279 2448 2350 προσθήκηί
2480 2276 2604 2332 Οἷον
2651 2277 2846 2332 ἔδωκεν
2873 2281 2905 2350 η
2941 2278 3014 2348 γῆ
3057 2277 3133 2349 τῷ
3162 2277 3281 2349 Θεῷ
3312 2278 3404 2330 τὸν
3452 2277 3704 2347 καρπόνι

2131 2373 2262 2426 υἴαν
2287 2371 2549 2442 ἐφύτευσε
2593 2372 2816 2440 φυτείαν
2859 2372 2916 2424 ἐν
2947 2371 3068 2441 ἐμοὶ
3091 2373 3120 2425 ό
3151 2370 3386 2442 Κύριοςί
3425 2369 3588 2422 Ὅθεν
3612 2370 3709 2422 καὶ

2133 2467 2284 2520 πᾶσα
2311 2465 2497 2536 σχεδὸν
2527 2465 2559 2535 ἡ
2584 2465 2874 2537 οἰκουμένη
2901 2468 3018 2528 ταῖς
3049 2464 3364 2534 παραφυάσι
3391 2465 3499 2516 τῶν
3526 2461 3711 2514 ἐντεῦο

2135 2555 2227 2611 θεν
2268 2557 2562 2628 κλημάτων
2590 2555 3086 2626 καταπεφύτευται,
3113 2555 3362 2627 καθάπερ
3399 2572 3481 2617 τις
3526 2555 3709 2624 ἄμπε-

2134 2648 2224 2712 λος
2253 2646 2572 2717 εύθηνοῦσα,
2603 2647 2695 2701 καὶ
2733 2647 2896 2709 ἄλλας
2925 2647 2992 2699 δι’
3020 2648 3213 2718 ἑαυτῆς
3242 2644 3516 2718 ἀμπέλους
3541 2646 3709 2714 ὲργάο

2138 2740 2313 2805 ζεται,
2347 2741 2441 2794 καὶ
2468 2741 2605 2811 αὕτη
2633 2739 2876 2811 διαμένει
2905 2739 3272 2803 ἀνέκλειπτος.
3300 2737 3483 2792 Ταῦτά
3506 2753 3587 2789 τοι
3617 2737 3711 2790 καὶ

2137 2831 2208 2884 τά
2239 2829 2458 2885 τοιαῦτα
2487 2830 2632 2883 δοκεῖ
2676 2829 2775 2900 τῆς
2819 2829 3030 2902 ἡμέρας
3086 2829 3118 2898 ἠ
3167 2829 3324 2898 χάρις
3362 2825 3713 2896 εὐαγγελίζε-

2144 2921 2288 2987 σθαι,
2317 2921 2409 2974 καὶ
2437 2922 2464 2973 ὁ
2493 2921 2586 2974 τοῦ
2618 2920 2875 2988 συλλόγου
2901 2921 3064 2982 τόπος
3085 2919 3306 2972 τοιαῦτα
3328 2920 3511 2992 ἕτερα.
3553 2919 3714 2973 Ἀλλά

2141 3017 2193 3070 τί
2225 3015 2382 3073 πάθω
2411 3016 2545 3086 πρὸς
2579 3015 2706 3069 λαδν
2735 3013 3009 3078 τοσοῦτον,
3041 3013 3365 3083 ίσχνόφωνός
3391 3030 3475 3074 τις
3503 3011 3578 3065 ὣν
3603 3011 3714 3079 ἐγὼ

458 3105 768 3170 festivitas,
802 3117 916 3160 tum
961 3108 1114 3161 locus
1147 3106 1200 3159 in
1243 3119 1406 3175 quem
1445 3104 1786 3159 convenistis
1809 3145 1824 3167 ,
1865 3102 2034 3156 altera

2143 3112 2235 3164 καὶ
2271 3108 2702 3180 βραδύγλωσσος,
2740 3108 2833 3161 καὶ
2888 3106 3046 3177 μόγις
3095 3108 3206 3169 τοῖς
3253 3106 3600 3177 παρεστῶσιν
3659 3107 3715 3158 ἐν

461 3200 589 3253 talia
637 3200 758 3254 laeta
802 3199 1132 3256 aununtiare
1173 3199 1412 3254 videtur.
1461 3196 1567 3252 Sed
1603 3196 1734 3267 quid
1777 3212 1934 3268 agam
1971 3197 2040 3249 ad

462 3301 676 3347 tantum
713 3294 1009 3364 populum,
1053 3307 1174 3352 eum
1210 3291 1340 3347 exili
1385 3291 1489 3346 sim
1537 3305 1702 3354 voce,
1748 3289 2044 3359 linguaque

467 3385 621 3440 tarda
644 3427 658 3449 ,
691 3385 784 3454 qui
814 3396 1113 3454 superante
1145 3383 1330 3442 sonitu
1375 3398 1439 3437 ac
1467 3382 1686 3438 fremitu
1733 3395 2043 3436 sermonem

465 3479 553 3532 vix
582 3477 888 3532 astantibus
913 3477 966 3530 in
995 3476 1116 3530 loco
1147 3477 1217 3530 ita
1245 3475 1535 3534 commodo
1557 3475 1770 3545 loquar,
1795 3481 1855 3527 ut
1879 3488 2046 3528 exau-

468 3571 574 3623 diri
614 3569 831 3639 possit?
868 3568 1002 3623 Nam
1048 3569 1291 3638 alioquin
1325 3568 1647 3625 immoratus
1673 3582 1852 3622 essem
1884 3574 2049 3636 atque

470 3678 908 3742 perseverassem
948 3663 1004 3716 in
1050 3663 1210 3719 bonis
1247 3661 1692 3722 narrationibus.
1736 3676 1847 3731 quo
1888 3669 2049 3736 pacto

473 3753 718 3823 prazclari
745 3755 1165 3814 contubernales
1205 3753 1568 3826 quadraginta
1597 3769 1719 3808 cum
1757 3769 2051 3809 commune

471 3853 785 3911 certamen.
821 3855 932 3900 tum
970 3860 1315 3900 communem
1358 3845 1562 3916 ubique
1591 3845 1864 3900 coloniam
1896 3843 2053 3898 inha-

473 3937 907 4008 bitationemque
945 3937 1223 4001 fecerunt,
1269 3947 1322 3992 et
1361 3953 1586 4012 quoquo
1615 3952 1810 3992 versus
1839 3937 2054 4008 disper-

472 4032 706 4096 tiuntur,
737 4042 792 4087 et
831 4032 886 4092 in
922 4032 1090 4084 variis
1128 4031 1264 4085 locis
1303 4031 1585 4099 conjuncti
1628 4030 1866 4103 hospitio
1913 4029 2054 4084 reci-

472 4126 719 4195 piuntur.
753 4123 1025 4191 Quocirca
1059 4140 1218 4179 neruo
1247 4125 1342 4194 qui
1377 4122 1762 4193 particularem
1790 4122 2054 4193 reliquia-

473 4233 595 4272 rum
622 4219 852 4287 gratiam
882 4216 1128 4292 suscepit
1150 4256 1163 4277 .
1188 4231 1299 4269 non
1324 4229 1390 4270 ex
1418 4221 1533 4267 toto
1560 4225 1859 4292 martyrum
1887 4227 2055 4288 appa-

474 4311 730 4365 ritionem
752 4310 978 4380 recepit.
1007 4307 1163 4363 Unus
1188 4312 1331 4364 enim
1357 4306 1411 4360 in
1441 4305 1667 4360 Christo
1694 4319 1819 4358 cum
1853 4302 2057 4358 fuerint

475 4403 720 4460 universi
743 4444 756 4466 ,
791 4419 887 4476 per
916 4417 1082 4456 uinum
1124 4417 1250 4457 cum
1281 4407 1398 4453 toto
1439 4413 1541 4452 suo
1579 4411 1743 4468 grege
1771 4395 2054 4464 recipiun-

477 4505 588 4550 tur.
613 4495 720 4553 Sed
745 4486 836 4564 qui
866 4493 981 4549 fieri
1011 4501 1190 4564 potest
1223 4502 1284 4548 ut
1309 4494 1489 4548 oratio
1524 4505 1631 4544 non
1676 4488 1935 4558 injuriam
1966 4486 2050 4541 fa-

478 4587 613 4650 ciat,
641 4601 762 4661 qua“:
793 4585 1008 4644 initium
1037 4582 1294 4640 narrandi
1323 4597 1412 4636 res
1443 4581 1510 4635 ab
1538 4580 1605 4633 iis
1627 4588 1808 4648 gestas
1831 4576 2054 4631 silentio

478 4676 934 4748 praetermiserit?
957 4675 1113 4744 Quod
1139 4687 1223 4730 est
1253 4675 1424 4744 igitur
1449 4670 1693 4726 initium?
1718 4668 2051 4724 Adolescen-

478 4771 556 4825 tia
574 4770 811 4844 egregia.
834 4776 998 4838 atque
1021 4775 1287 4838 spectata,
1311 4765 1445 4820 fides
1461 4764 1688 4838 optima,
1704 4760 1865 4831 cujus
1883 4761 2056 4830 gratia

478 4861 637 4916 electi
669 4875 878 4926 omnes,
899 4860 1100 4914 decore
1128 4877 1190 4913 ac
1226 4855 1903 4933 pulchritudineiusignes
1927 4894 1942 4917 ,
1989 4852 2058 4906 ad

479 4967 663 5007 ramos
677 4951 1048 5031 magnitudine
1065 4953 1310 5028 proxime
1337 4947 1680 5010 accedentes,
1700 4949 1752 5000 in
1773 4946 1906 5000 flore
1922 4955 2056 5000 aeta-

482 5046 554 5102 tis
578 5047 881 5100 constituti.
920 5045 1202 5100 Videtisne
1237 5058 1426 5097 vocem
1463 5041 1699 5094 tumultu
1747 5036 2059 5102 turbari,et

484 5141 716 5207 strepitu
736 5152 1048 5194 sermonem
1064 5136 1478 5205 interrmnpi,ut
1494 5133 1653 5192 nobis
1679 5131 1845 5186 veluti
1865 5131 2060 5201 pelago

484 5231 721 5301 quodam
749 5237 1048 5293 :estuaute,
1076 5229 1304 5284 vocibus
1343 5225 1527 5299 pepuli
1551 5266 1565 5290 ,
1597 5223 1858 5294 inquam,
1882 5221 2059 5292 jacta-

487 5322 560 5376 tis
591 5324 906 5382 necessario
933 5321 999 5374 ad
1029 5320 1387 5390 tranquillum
1429 5319 1633 5374 silentii
1677 5329 1894 5389 portum
1926 5331 2061 5370 cou—

2141 3203 2362 3274 ἐπηκόῳ
2386 3200 2774 3272 φθεγγόμενος,
2809 3198 3204 3271 ύπερηχούντος
3228 3197 3321 3250 τοῦ
3354 3198 3486 3269 ἤχου
3510 3197 3599 3251 τὸν
3627 3197 3714 3250 F.6-

2141 3312 2236 3364 γον
2261 3311 2276 3358 ;
2309 3289 2387 3348 Ἦ
2417 3293 2523 3362 γὰρ
2554 3290 2620 3345 ἂν
2652 3290 2960 3362 ἐνδιέτριψα
2990 3291 3102 3354 τοῖς
3124 3289 3344 3358 ἀγαθοῖς
3364 3290 3714 3360 διηγήμασιν,

2141 3389 2290 3450 ὅπως
2318 3388 2350 3460 ἡ
2377 3385 2514 3458 καλὴ
2539 3385 2801 3456 συσκηνία
2828 3383 2935 3436 τῶν
2958 3385 3380 3455 τεσσαράκοντα,
3409 3383 3593 3456 κοινήν
3620 3383 3717 3452 μὲν

2142 3481 2240 3551 τὴν
2261 3478 2506 3548 ἄθλησιν,
2541 3478 2726 3550 κοινὴν
2767 3476 2822 3530 δὲ
2871 3475 3142 3546 πανταχοῦ
3189 3477 3288 3546 τὴν
3320 3474 3576 3528 ἀποικίαν
3625 3491 3719 3525 πε-

2147 3571 2418 3644 ποίηνται,
2465 3572 2558 3624 καὶ
2605 3567 2878 3641 πανταχοῦ
2928 3567 3403 3640 καταμερίζονται,
3457 3568 3550 3618 καὶ
3601 3566 3718 3637 μετ’

2147 3663 2391 3736 ἀλλήλων
2411 3661 2779 3732 ἐπιξενοῦνται
2814 3665 2922 3728 τοῖς
2945 3663 3150 3726 τόποις.
3177 3661 3384 3714 Ούκούν
3418 3659 3590 3722 οὐδεὶς
3623 3674 3721 3728 με.

2154 3755 2310 3824 ρικὴν
2341 3753 2449 3807 τῶν
2481 3753 2749 3822 λειψάνων
2779 3752 2936 3824 χάριν
2968 3751 3380 3821 ὑποδεξάμενος,
3413 3751 3513 3804 ούκ
3533 3752 3595 3802 ἐκ
3628 3746 3720 3801 τοῦ

2152 3845 2350 3909 παντὸς
2371 3846 2472 3916 τὴν
2503 3845 2822 3913 ἐπιφάνειαν
2870 3843 2980 3897 τῶν
3030 3842 3319 3914 μαρτύρων
3363 3841 3597 3909 ἐδέξατο.
3628 3834 3720 3904 Εἷς

2151 3939 2260 4011 γὰρ
2297 3941 2355 3992 ἐν
2406 3939 2594 4010 Κυρίῳ
2641 3937 2923 4008 γεγονότες
2951 3938 2998 3990 οἱ
3045 3938 3265 4000 πάντες,
3307 3935 3374 3989 δι’
3423 3935 3538 3997 ἐνὸς
3584 3934 3720 4004 μετὰ

2156 4030 2356 4092 παντὸς
2379 4029 2472 4083 τοῦ
2497 4028 2861 4101 πληρώματος
2893 4028 3100 4082 ἑαυτῶν
3129 4028 3525 4092 είσοικίζονται.
3566 4025 3721 4078 Ἀλλὰ

2155 4120 2273 4184 πῶς
2304 4119 2420 4172 ἔστι
2455 4117 2530 4190 μὴ
2559 4118 2813 4190 ἀδικῆσαι
2840 4117 2931 4173 τὸν
2963 4118 3138 4187 λόγον,
3168 4120 3266 4189 τὴν
3283 4118 3455 4189 ἀρχὴν
3472 4117 3576 4169 τῶν
3604 4117 3723 4168 κατ’

2156 4213 2354 4276 αὐτοὺς
2375 4209 2729 4280 διηγημάτων
2751 4210 3083 4280 σιγήσαντα;
3107 4210 3202 4273 Τίς
3221 4205 3312 4263 οὖν
3341 4212 3485 4262 ἐστιν
3508 4211 3541 4280 ἡ
3561 4209 3722 4278 ἀρχῆς

2157 4303 2360 4373 Νεότης
2391 4301 2570 4372 ἀγαθὴ
2618 4303 2712 4354 καὶ
2760 4301 3140 4372 περίϐλεπτος,
3187 4300 3362 4364 πίστις
3407 4300 3624 4372 ἀρίστη,
3660 4298 3725 4351 δι’

2157 4395 2224 4472 ἢν
2253 4394 2300 4446 oi
2329 4392 2528 4455 πάντες
2555 4391 2938 4463 ἐξειλεγμένοι,
2967 4392 3154 4447 κάλλει
3179 4392 3518 4462 διαπρεπεῖς,
3552 4391 3724 4461 ἔρνεσι

2156 4486 2218 4538 τὸ
2251 4484 2478 4557 μέγεθος
2517 4485 2882 4562 παραπλήσιοι
2915 4487 2974 4539 ὲν
3015 4485 3164 4539 άνθει
3202 4484 3299 4554 τῆς
3327 4484 3495 4554 ὥρας.
3538 4483 3726 4552 Ὁρᾶτε

2159 4580 2256 4649 τὴν
2283 4577 2464 4648 φωνὴν
2494 4576 2570 4648 τῷ
2605 4576 2818 4650 θορύϐῳ
2850 4577 3284 4651 ταρασσομένην,
3326 4577 3418 4630 καὶ
3446 4575 3535 4629 τὸν
3573 4575 3726 4642 λόγον

2160 4671 2239 4744 τῷ
2267 4673 2384 4742 ἤχῳ
2419 4671 2860 4742 διακοπτόμενον,
2891 4668 3030 4724 ὥστε
3076 4671 3222 4740 ἡμᾶς
3254 4663 3364 4721 οἷόν
3407 4685 3514 4720 τινι
3564 4657 3726 4719 πελέ-

2164 4782 2247 4837 γει
2273 4782 2340 4816 κυ
2349 4764 2655 4835 μαινομένῳ
2675 4765 2794 4824 ταῖς
2821 4764 3024 4834 φωναῖς
3049 4761 3141 4814 τοῦ
3167 4759 3294 4813 λαοῦ
3317 4758 3724 4828 χειμασθέντας,

2166 4855 2476 4921 ἀναγκαίως
2525 4855 2618 4910 ἐπὶ
2668 4855 2760 4907 τὸν
2818 4853 3132 4924 ἀκύμαντον
3164 4851 3260 4924 τῆς
3315 4851 3523 4919 σιωπῆς
3568 4865 3728 4902 καταο

2165 4947 2385 5018 φεύγειν
2412 4947 2640 5018 λιμένα;
2672 4947 2731 5001 Εἰ
2753 4947 2808 4999 δὲ
2837 4948 3046 5016 γένοιτο
3070 4948 3202 5016 ἡμῖν
3236 4945 3372 4998 κατὰ
3399 4941 3534 4995 Θεοῦ
3556 4943 3725 5011 χάριν,

2165 5044 2259 5093 καί
2286 5039 2354 5092 τὰ
2381 5039 2607 5111 δεύτερα
2630 5038 2722 5091 τοῦ
2755 5038 2914 5106 λόγου
2928 5035 3093 5108 σχολὴ
3112 5039 3168 5088 ἐν
3189 5035 3386 5106 ἡσυχία
3406 5037 3504 5104 τῆς
3535 5033 3728 5102 ἀκροα-

2168 5147 2324 5196 σεως,
2356 5131 2424 5187 τὰ
2453 5130 2548 5184 νῦν
2578 5128 2922 5197 ὲλλειφθέντα
2951 5131 3207 5198 συνεργίᾳ
3229 5124 3323 5179 τοῦ
3349 5123 3484 5177 Θεοῦ
3517 5121 3727 5192 πληρω-

2167 5224 2408 5294 θήσεται.
2442 5223 2601 5294 Αύτῷ
2634 5224 2666 5293 ἡ
2695 5221 2820 5286 δόξα
2849 5221 2928 5284 εἰς
2969 5220 3092 5282 τοὺς
3134 5219 3330 5283 αἰῶνας
3367 5217 3475 5270 τῶν
3508 5215 3724 5270 αἰώνων.

2183 5317 2372 5386 Ἀμήν.

491 5417 805 5486 fugiendum
834 5416 938 5471 sit?
961 5415 1116 5482 Quod
1146 5418 1191 5470 si
1221 5432 1308 5485 per
1342 5415 1572 5483 gratiam
1603 5411 1698 5468 Dei
1730 5413 1888 5467 nobis
1908 5411 2072 5465 etiam
2113 5411 2180 5462 ad
2208 5411 2434 5464 alteram
2465 5419 2670 5480 partem
2697 5409 2962 5465 orationis
2999 5409 3168 5462 otium
3227 5407 3514 5474 C0llli59l'll
3538 5445 3550 5466 ,
3611 5417 3726 5454 cum

493 5509 710 5564 silentio
748 5508 1184 5564 auscultantibus
1223 5507 1427 5564 reliqua
1455 5546 1469 5571 ,
1535 5523 1657 5577 quae
1694 5522 1840 5559 nunc
1865 5502 2234 5574 prmtermissa
2264 5510 2393 5560 sunt
2441 5502 2509 5560 ad
2552 5503 2921 5562 narrationem
2972 5499 3336 5572 pertinentia,
3389 5495 3590 5551 auxilio
3641 5492 3727 5550 Dei

494 5602 912 5681 supplebuntur.
933 5601 993 5653 Ei
1015 5600 1186 5672 gloria
1211 5619 1266 5657 .n
1291 5607 1486 5658 saecula
1505 5599 1858 5656 saeculorum.
1899 5596 2092 5654 Amen.

566 5797 586 5822 ⁸
617 5783 755 5844 i‘sal.
793 5797 946 5846 xviii,
988 5781 1038 5837 5.
