3850 6422
164 339 276 395 757

805 458 1021 512 ΛΟΓΟΣ
1052 459 1128 513 Β’.

239 549 381 612 Χθὲς
407 552 456 602 οί
492 550 767 620 μάρτυρες
785 551 921 621 πρὸς
948 552 1175 614 ἑαυτοὺς
1198 551 1290 604 τὸν
1317 552 1446 605 λαὸν
1481 555 1710 606 ἐκάλουν
1730 572 1744 586 ·

163 641 265 694 νῦν
294 643 373 713 τῷ
411 643 745 713 καταγωγίῳ
774 646 871 714 τῆς
909 644 1230 713 Ἐκκλησίας
1256 646 1625 710 ἐπιξενοῦνται
1652 648 1749 700 αὑ-

160 733 437 803 τόκλητοι.
472 735 652 803 Νόμος
692 734 749 787 δέ
783 736 866 798 τίς
909 737 1024 789 ἐστι
1052 738 1403 806 συμποτικὸς,
1436 739 1533 802 τάς
1579 742 1747 807 ὲγκυ-

162 825 352 888 κλίους
380 823 587 887 ταύτας
610 825 880 887 ἑστιάσεις
911 825 1057 896 παρά
1080 827 1191 877 τῶν
1221 826 1555 897 δαιτυμόνων
1585 829 1749 898 ἀλλή-

163 912 281 974 λοις
315 914 378 965 ὲκ
413 912 753 982 περιτροπῆς
791 912 1138 967 ὲπιδίδοσθαι.
1172 914 1380 967 Οὐκοῦν
1409 915 1620 986 ἀνάγκη
1655 918 1750 969 καὶ

162 1005 317 1074 ἡμᾶς
344 1003 437 1056 τὸν
457 1004 618 1056 αὑτὸν
657 1004 884 1073 ἀντιπλη
896 1003 1063 1072 ρῶσαι
1086 1004 1179 1057 τοῦ
1218 1004 1436 1058 δείπνου
1469 1009 1581 1069 τοῖς
1612 1007 1751 1078 μάρ-

161 1114 325 1150 τυσιν
351 1096 561 1167 ἔρανον.
612 1096 751 1149 Ἀλλ’
797 1094 982 1166 ἐπειδὴ
1016 1096 1235 1148 πένεται
1283 1098 1412 1166 ἡμῖν
1450 1099 1483 1167 ἡ
1516 1099 1750 1168 χορηγία

162 1189 262 1242 τοῦ
292 1188 472 1257 λόγου,
513 1188 694 1251 καλῶς
721 1187 833 1257 ἔχει
861 1189 974 1250 τοῖς
1005 1188 1133 1257 παρ’
1164 1188 1343 1240 αὐτῶν
1377 1190 1600 1242 ἐκείνων
1636 1190 1750 1241 λει-

159 1278 357 1346 ψάνοις
385 1279 531 1349 ἡμᾶς
576 1277 900 1342 δεξιοῦσθαι,
933 1279 1057 1342 τοὺς
1103 1278 1230 1348 χθὲς
1270 1280 1367 1349 μὲν
1411 1281 1747 1350 ἑστιάτορας,

162 1369 410 1439 σήμερον
453 1368 510 1421 δὲ
561 1369 907 1439 δαιτυμόνας.
949 1371 1135 1440 Ἀρκεῖ
1178 1369 1289 1440 γάρ
1324 1371 1428 1443 καὶ
1480 1371 1651 1442 βραχύ
1700 1390 1751 1425 τι

163 1461 335 1531 μέρος
375 1460 439 1512 ὲκ
488 1459 747 1522 πλουσίας
776 1460 1076 1531 τραπέζης,
1115 1462 1356 1533 μεγάλης
1396 1463 1630 1533 εὐωχίας
1662 1481 1751 1532 γε-

158 1550 353 1604 νέσθαι
376 1553 751 1624 παρασκευὴν,
783 1554 911 1608 ὅταν
942 1554 1183 1609 τοιοῦτον
1209 1554 1456 1624 λείψανον
1571 1556 1635 1608 Τί
1660 1553 1751 1611 οὖν

157 1641 327 1695 τοῦτο
374 1642 435 1696 τὺ
463 1643 741 1713 λείψανον;
791 1644 1086 1716 Μέμνησθε
1119 1646 1334 1711 πάντως
1379 1650 1436 1699 ἐν
1470 1649 1573 1705 τίνι
1611 1645 1752 1719 ἦμεν

156 1734 260 1788 τοῦ
286 1735 467 1801 λόγου,
507 1736 595 1788 ὅτε
626 1737 655 1787 ό
680 1736 929 1799 εὐκταίος
963 1738 1166 1800 ἐκεῖνος
1206 1740 1299 1791 καὶ
1346 1738 1476 1808 ἡδὺς
1523 1743 1652 1811 ἡμῖν
1689 1742 1752 1795 ὲκ

157 1824 260 1877 τοῦ
286 1825 523 1896 πλήθους
552 1826 658 1878 τῶν
688 1827 1120 1897 συνειλεγμένων
1151 1828 1375 1899 θόρυϐος
1404 1830 1623 1901 συνέχεε
1654 1834 1753 1904 τὴν
1784 1815 1826 1869 Β

160 1916 275 1970 τῶν
305 1917 614 1987 λεγομένων
645 1918 925 1987 ἀκρόασιν,
961 1920 1048 1971 ὅτε
1087 1922 1118 1990 ὴ
1157 1921 1398 1992 ἔμψυχος
1438 1924 1620 1996 ἐκείνη
1653 1926 1751 1996 τῆς

158 2007 462 2077 ἐκκλησίας
520 2007 764 2063 θάλασσα
828 2008 905 2077 τῷ
962 2008 1152 2080 πλήθει
1204 2009 1310 2062 τῶν
1362 2013 1752 2084 ἐπεισρεόντων

162 2098 603 2170 πλημμυροῦσα,
663 2099 798 2169 πρὸς
825 2100 924 2169 τὴν
950 2102 1122 2170 ῥοπὴν
1164 2101 1273 2153 τῶν
1300 2103 1387 2155 ἀεὶ
1417 2103 1750 2176 βιαζομένων

159 2188 450 2258 ὲκύμαινε,
489 2188 797 2258 μιμουμένη
829 2191 921 2245 καὶ
964 2190 1044 2260 τῷ
1073 2191 1189 2262 ῆχῳ
1230 2192 1329 2263 τὴν
1357 2193 1526 2257 ὅντως
1553 2194 1751 2249 θάλασ-

162 2297 292 2343 σαν,
327 2275 439 2332 οἷον
467 2281 659 2343 αὑταῖς
686 2283 802 2344 ταῖς
832 2281 1019 2345 ἀκοαῖς
1054 2282 1209 2353 ήμῶν
1230 2285 1620 2355 προσρηγνὼα
1642 2286 1751 2339 τῶν

158 2374 432 2444 κυμάτων
456 2373 545 2426 τὸν
569 2373 761 2444 ψόφον.
806 2375 893 2429 Ἐν
912 2374 1022 2428 τίσι
1044 2376 1222 2429 τοίνυν
1245 2377 1609 2449 κατελίπομεν
1637 2397 1750 2450 χει-

163 2466 451 2537 μασθέντα
482 2467 561 2538 τῷ
602 2468 815 2538 θορύϐῳ
861 2468 951 2521 τὸν
990 2469 1167 2538 λόγον,
1205 2471 1484 2543 μέμνησθε
1534 2475 1752 2538 πάντως

158 2556 248 2623 οἷς
288 2560 651 2630 μεμελέτηται
701 2561 789 2615 διὰ
837 2562 1053 2632 μνήμης
1100 2562 1240 2631 ἔχειν
1272 2566 1396 2628 τοὺς
1450 2566 1749 2639 μάρτυρας.

157 2646 277 2703 Ἤν
310 2651 388 2712 δὲ,
418 2650 495 2714 ὼς
536 2644 768 2722 οἷμαι,ή
816 2653 1105 2709 ἀκολουθία
1141 2655 1235 2709 τοῦ
1266 2656 1424 2724 λόγου
1468 2659 1627 2728 αὕτη.
1670 2662 1750 2714 ὅτι

156 2742 225 2794 οὐ
262 2741 375 2795 τῶν
406 2746 676 2813 τυχόντων
704 2739 844 2814 ἦσάν
871 2761 1016 2807 τινες
1045 2747 1095 2798 οἱ
1124 2748 1204 2808 εἰς
1238 2746 1329 2799 τὸν
1355 2749 1541 2816 ἀγῶνα
1564 2750 1749 2804 τοῦτον

159 2831 555 2901 ἐξειλεγμένοι,
583 2834 704 2887 οὐδέ
726 2852 808 2898 τις
831 2835 1135 2906 σύμμικτος
1156 2839 1249 2890 καὶ
1273 2838 1553 2909 ἀνώνυμος
1574 2840 1747 2911 ὄχλος,

158 2925 232 2976 ὲκ
286 2923 556 2978 ταπεινῶν
607 2926 1049 2996 ἐπιτηδευμάτων
1099 2930 1452 3000 ὁρμηθέντες,
1510 2933 1646 3004 πρὸς
1691 2934 1750 2986 τὸ

156 3018 389 3087 ἀξίωμα
412 3017 569 3071 τοῦτο
618 3018 963 3090 ἐπήρθησαν·
995 3022 1131 3074 ἀλλά
1174 3023 1390 3094 πρῶτον
1439 3025 1535 3092 μὲν
1564 3025 1630 3078 δι’
1657 3027 1745 3078 εὐο

158 3109 335 3177 φυῒαν
369 3108 640 3178 σώματος,
689 3110 876 3164 κάλλει
924 3113 1016 3165 καὶ
1044 3112 1269 3183 δυνάμει
1304 3116 1396 3168 κα)⁵
1436 3115 1625 3187 ῥώμης
1654 3134 1751 3168 πε-
1777 3149 1819 3205 c

167 3201 391 3273 ριουσίᾳ
412 3202 522 3255 τῶν
551 3203 756 3257 λοιπῶν
786 3203 1176 3272 διενεγκόντες,
1205 3208 1316 3270 τοῖς
1343 3211 1750 3277 στρατιωτικοῖς

161 3291 491 3359 καταλόγοις
529 3292 972 3364 ὲνηριθμήθησαν
996 3310 1010 3323 ⁸
1051 3295 1190 3364 μετά
1227 3296 1399 3348 ταῦτα
1437 3297 1597 3367 δὲτῷ
1635 3300 1751 3352 κατ’

161 3385 373 3456 ἀρετὴν
424 3384 524 3454 βίῳ
585 3385 676 3438 καὶ
725 3385 969 3457 πολιτείᾳ
1040 3387 1273 3458 σώφρονι
1335 3389 1751 3459 διαπρέψαντες,

160 3476 361 3548 ὥσπερ
394 3494 445 3529 τι
470 3478 639 3546 γέρας
678 3478 772 3531 καὶ
802 3479 1073 3548 ἀριστεῖον
1099 3479 1197 3550 τὴν
1230 3479 1389 3551 χάριν
1415 3481 1514 3551 τῆς
1550 3498 1754 3553 μαρτυ-

168 3572 299 3641 ρίας
323 3572 695 3636 τελειωθέντες
716 3572 980 3638 ἐδέξαντο.
1012 3576 1122 3628 Καὶ
1146 3578 1193 3629 εί
1215 3576 1363 3629 δοκεῖ
1387 3577 1461 3641 ὡς
1485 3578 1549 3631 ἂν
1572 3579 1752 3648 ἡδίους

163 3666 485 3735 γενοίμεθα,
518 3666 697 3720 πάντα
736 3667 805 3720 τά
850 3666 957 3718 τῶν
995 3666 1286 3739 μαρτύρων
1327 3668 1523 3741 ἐφεξῆς
1551 3669 1753 3724 ἀναλά-

163 3756 377 3826 ϐωμεν,
403 3753 513 3811 οἷον
545 3760 636 3812 ὑπ’
666 3759 787 3829 ὄψιν
814 3760 1037 3828 ἄγοντες
1064 3759 1143 3831 τῷ
1167 3761 1392 3832 παρόντι
1420 3761 1631 3832 θεάτρῳ
1655 3762 1752 3833 τὴν

162 3849 417 3921 ἄθλησιν.

1267 342 1332 395 ΙΝ
1372 342 1869 407 ΩΗΑΟΗΑΟΙΝΤᾹ
1914 344 2101 401 MART
2117 345 2306 400 YltES.

3326 346 3431 401 7’33

2462 464 2720 521 ORATIO
2760 464 2821 520 ll.

1922 555 2047 611 llcri
2082 567 2345 625 martyres
2375 557 2440 609 ad
2475 573 2595 612 sese
2639 559 2904 627 populum
2936 558 3244 621 vocabant;
3282 575 3435 613 nune

1851 648 2087 715 liOSpitio
2118 647 2376 701 Ecclesia:
2430 649 2532 717 ipsi
2586 666 2703 703 sese
2735 648 3027 704 offerentes
3056 650 3424 720 excipiuntur.

1850 741 1957 795 Lex
1991 752 2169 797 autem
2199 742 2447 810 quzedam
2478 742 2801 795 convivialis
2828 754 2931 803 est,
2966 752 3027 796 ut
3047 743 3347 797 circulares
3375 753 3431 796 et

1849 837 2103 903 vulgares
2152 835 2287 889 istas
2327 836 2517 903 epulas
2566 835 2655 887 alii
2700 835 2822 887 aliis
2854 837 3098 889 convivis
3141 846 3290 891 certa
3346 838 3429 889 vi-

1852 928 2183 983 cissitudine
2222 928 2499 996 praabeant
2530 928 2583 980 in
2612 926 2824 979 orbem.
2860 927 3029 994 Igitur
3061 942 3288 981 necesse
3316 936 3423 990 est,

1853 1028 1911 1072 ut
1938 1019 2103 1072 etiam
2135 1032 2236 1071 nos
2262 1027 2451 1069 contra
2491 1016 2831 1085 martyribus
2866 1031 3052 1085 parem
3098 1031 3268 1070 ccenaz
3301 1031 3427 1086 gra-

1853 1107 1980 1160 tiam
2016 1106 2334 1167 referamus,
2388 1116 2442 1159 et
2483 1106 2624 1158 idem
2658 1104 2894 1161 alliciam
2930 1115 3273 1175 praestemus.
3320 1106 3425 1161 Sed

1852 1197 2108 1268 quoniam
2140 1205 2329 1251 nostra
2376 1196 2607 1250 facultas
2650 1196 2918 1250 orationis
2949 1196 3107 1265 inops
3146 1206 3199 1251 et
3236 1197 3434 1267 exigua

1851 1298 1955 1354 est,
1986 1289 2129 1343 haud
2158 1289 2566 1342 incommodum
2607 1286 2791 1352 fuerit,
2824 1288 2869 1342 si
2896 1287 3099 1341 abillis
3132 1287 3266 1357 ipsis
3284 1303 3429 1341 sum-

1852 1384 1959 1454 ptis
2032 1383 2278 1451 reliquiis
2328 1380 2668 1449 excipiamus
2720 1395 2816 1434 eos
2880 1377 2972 1449 qui
3026 1379 3146 1434 heri
3203 1380 3421 1449 quidem

1852 1473 2233 1529 convivatores
2258 1480 2311 1526 et
2339 1474 2483 1542 epuli
2515 1472 2832 1542 prteltitorcs
2860 1479 3020 1525 erant
3043 1514 3059 1536 ,
3093 1472 3257 1525 hodie
3297 1487 3437 1525 vero

1852 1564 2094 1617 conviva:
2125 1571 2271 1617 sunt.
2309 1560 2519 1616 Sullicit
2561 1562 2705 1616 enim
2736 1562 2817 1615 vel
2844 1561 3040 1631 exigua
3079 1561 3325 1629 qiuedam
3363 1561 3434 1613 de

1852 1656 2018 1710 divite
2049 1670 2231 1709 mensa
2264 1670 2411 1724 pars,
2453 1670 2578 1708 cum
2618 1654 2756 1709 tales
2805 1654 3049 1724 reliquie:
3103 1654 3323 1715 fuerint,
3359 1653 3438 1706 ad.

1855 1749 2033 1817 magni
2065 1748 2209 1816 epuli
2243 1758 2589 1817 apparatum.
2632 1746 2763 1813 Quae
2804 1754 2931 1801 sunt
2980 1746 3145 1817 igitur
3186 1746 3268 1800 hac
3301 1747 3431 1801 reli-

1855 1838 2031 1909 quite?
2078 1837 2405 1893 Meministis
2456 1853 2693 1907 prorsus
2729 1841 2784 1889 in
2828 1851 2935 1905 qua
2969 1834 3433 1906 parte‘orationis

1857 1930 2216 1991 haerebamus,
2259 1944 2382 1983 cum
2416 1936 2636 1997 optatus
2668 1926 2757 1980 ille
2786 1933 2841 1978 et
2867 1923 3147 1993 jucundus
3175 1923 3442 1978 nobis'ex.

1855 2022 2203 2075 multitudine
2243 2030 2698 2091 congregatarum
2745 2022 3017 2075 tumultus
3058 2018 3437 2074 confunclebat

1854 2128 2041 2167 eorum
2081 2129 2205 2183 qua:
2244 2114 2569 2167 dicebantur
2616 2114 3077 2167 auscultationem
3111 2132 3123 2166 :
3157 2128 3279 2167 cum
3313 2113 3433 2166 ani-

1855 2214 2060 2257 matum
2111 2203 2240 2257 illud
2286 2202 2546 2257 Ecclesiae
2602 2218 2752 2256 mare
2802 2201 3154 2256 multitudine
3196 2201 3436 2255 aliorum

1854 2312 2017 2365 super
2051 2295 2191 2349 alios
2220 2294 2604 2349 confluentium
2641 2304 2695 2349 et
2720 2294 3089 2364 ingruentium
3133 2293 3437 2357 inundans,

1855 2388 1922 2440 ad
1971 2388 2234 2456 impetum
2292 2394 2345 2439 et
2393 2386 2774 2455 impulsionem
2826 2401 3016 2440 eorum
3060 2385 3151 2455 qui
3208 2399 3423 2453 semper

1854 2481 1905 2532 vi
1938 2480 2329 2548 irrumperent,
2366 2476 2659 2531 nitetuaret
2682 2484 2736 2531 et
2759 2484 3049 2541 aestuaret,
3080 2477 3261 2531 sonitu
3292 2491 3429 2545 quo-e

1852 2587 1957 2641 que
2001 2570 2120 2639 ipso
2158 2585 2345 2624 verum
2393 2570 2615 2623 imitans
2646 2584 2817 2632 mare,
2866 2569 3031 2623 veluti
3072 2569 3301 2637 rupibus
3350 2568 3433 2623 lit-

1856 2660 2122 2714 toralibns
2154 2660 2386 2713 auribus
2432 2659 2645 2714 nostris
2691 2659 2964 2712 undarum
3016 2658 3431 2727 strepitantia-

1854 2752 2097 2821 fringens
2126 2759 2179 2804 et
2208 2750 2446 2804 illidens.
2484 2747 2541 2802 In
2570 2748 2771 2817 quibus
2801 2748 2963 2819 igitur
2997 2749 3232 2802 tumultu
3266 2750 3429 2818 quasi

1854 2850 2174 2912 tempestate
2213 2842 2475 2911 jactatam
2530 2841 2917 2910 reliquerimus
2951 2842 3276 2903 orationem,
3318 2856 3433 2895 me-

1854 2935 2088 2991 ministis
2110 2949 2358 3004 prorsus,
2390 2932 2593 3003 qui-bus
2624 2933 2935 2987 recordatio
2962 2942 3261 3002 martyrum
3286 2947 3441 2986 curae

1852 3036 1954 3082 est.
1993 3026 2120 3081 Erat
2168 3037 2348 3081 autem
2389 3026 2756 3089 continuatio,
2792 3025 3007 3095 Opinor,
3040 3033 3095 3079 et
3140 3033 3438 3082 contextus

1852 3120 2120 3174 orationis
2175 3118 2286 3182 hic,
2334 3118 2479 3184 quod
2531 3133 2640 3171 non
2694 3133 2761 3173 ex
2813 3117 3078 3187 gregariis
3133 3128 3188 3172 et
3229 3117 3433 3172 vilibus

1852 3210 2072 3282 quidam
2113 3217 2321 3275 essent,
2352 3211 2446 3279 qui
2496 3210 2560 3264 ad
2595 3210 2699 3264 hoc
2748 3217 3029 3264 certamen
3071 3209 3230 3264 electi
3275 3218 3428 3271 sunt,

1852 3319 2030 3373 neque
2072 3303 2438 3372 promiscuum
2479 3302 2764 3373 quoddam
2805 3310 2859 3355 et
2909 3301 3433 3371 obscurumvulgus

1853 3411 1921 3451 ex
1953 3395 2252 3449 humilibus
2281 3395 2563 3450 exercitiis
2596 3405 2651 3447 et
2680 3393 2880 3448 studiis
2910 3392 3141 3462 profecti
3170 3393 3239 3446 ad
3286 3393 3431 3447 hanc

1853 3487 2173 3557 dignitatem
2209 3485 2381 3540 evecti
2411 3492 2627 3549 essent;
2658 3485 2752 3539 sed
2784 3484 3019 3553 primum
3054 3482 3432 3553 quidempro.

1853 3588 1976 3650 pter
2018 3580 2158 3632 bona
2194 3589 2358 3648 atque
2398 3578 2683 3631 commoda
2715 3576 2968 3645 corporis
2995 3575 3193 3630 decore
3218 3584 3270 3629 et
3305 3576 3433 3627 viri,

1856 3672 1958 3726 bus
1985 3680 2037 3725 et
2071 3672 2265 3726 robore
2313 3676 2609 3739 superante
2640 3669 2885 3738 reliquos
2919 3665 3292 3737 praecedentes
3338 3666 3433 3718 mi-

1855 3763 2107 3816 litaribus
2139 3761 2384 3816 numeris
2426 3760 2652 3829 ascripti
2685 3768 2872 3813 essent
2900 3777 2912 3812 :
2942 3757 3139 3813 deinde
3164 3770 3295 3811 vero
3344 3755 3433 3810 504

1856 3854 1978 3908 brio
2021 3864 2182 3922 atque
2233 3867 2357 3906 cum
2412 3852 2614 3905 virtute
2656 3850 2952 3920 conjuncta
3012 3850 3132 3903 vitae
3183 3848 3435 3903 instituto

164 3959 296 3997 cum
382 3947 795 4014 excelluissent,
868 3957 1129 4018 tanquam
1179 3950 1463 4018 prazmium
1515 3948 1791 4020 quoddam
1859 3946 2184 4002 decorandze
2232 3954 2288 4001 et
2342 3945 2693 4000 honestanda:
2758 3945 2971 3998 virtutis
3023 3959 3161 4012 ergo
3202 3944 3431 4012 gratiam

166 4040 420 4109 martyrii
466 4042 834 4096 consummati
886 4043 1245 4111 accepissent.
1293 4044 1370 4096 Ac
1425 4043 1469 4097 si
1516 4043 1747 4103 videtur.
1789 4056 1897 4112 quo
1917 4041 2092 4094 oratio
2118 4048 2305 4093 nostra
2362 4038 2800 4107 magis'jucunda
2860 4036 3152 4096 efficiatur,
3216 4048 3435 4091 omnem

168 4144 289 4183 rem
346 4139 554 4196 gestam
629 4145 658 4183 a
707 4133 1041 4202 martyribus
1097 4132 1359 4202 deinceps
1402 4113 1593 4188 ordine
1636 4141 1971 4203 repetamus,
2046 4140 2307 4201 tanquam
2359 4130 2415 4183 in
2465 4139 2762 4201 conspectu
2820 4128 2945 4181 huic
2992 4128 3209 4182 theatro
3255 4128 3431 4196 ipsam

165 4222 526 4276 certationem
560 4221 913 4279 adducentes.

241 4311 351 4368 ἾΙν
381 4332 432 4368 τι
460 4317 646 4387 τάγμα
677 4318 1066 4386 στρατιωτικὸν
1094 4317 1317 4370 παλαιὸν
1352 4318 1492 4371 κατά
1517 4317 1616 4389 τὴν
1640 4317 1750 4385 γεί·

162 4424 298 4459 τονα
331 4407 485 4459 πόλιν
519 4409 716 4472 παντὸς
750 4408 841 4462 τοῦ
873 4409 1058 4471 ἔθνους
1102 4410 1237 4480 πρὸς
1278 4411 1376 4473 τάς
1410 4411 1517 4462 τῶν
1549 4409 1752 4480 βαρϐά-

1933 4310 2058 4364 Erat
2089 4320 2243 4366 vetus
2263 4310 2511 4379 quadam
2533 4310 2680 4362 circa
2706 4309 2938 4362 vicinam
2966 4308 3154 4361 urbem
3200 4309 3429 4366 militum

1862 4421 2078 4465 manus,
2120 4404 2433 4474 prmsidium
2479 4403 2649 4456 totius
2678 4407 2856 4471 gentis
2893 4403 3158 4457 adversus
3199 4403 3433 4474 impetus

168 4517 284 4571 ρων
314 4498 487 4568 ὁρμὰς
514 4500 946 4569 προκαθήμενον’
970 4499 1196 4561 ἐκείνοις
1218 4496 1281 4552 ἐκ
1304 4516 1445 4562 τινος
1470 4502 1751 4569 προϋπαρε

1859 4495 2374 4551 barbarorumJllis
2420 4511 2485 4551 ex
2525 4497 2761 4565 quadam
2806 4505 2933 4550 ante
2969 4495 3148 4549 oblata
3172 4496 3435 4555 divinitus

170 4587 379 4659 χούσης
424 4586 609 4639 θεόθεν
652 4588 1003 4656 ἐπιφανείας,
1052 4588 1234 4641 πλεῖον
1260 4590 1293 4659 ἡ
1324 4588 1502 4650 πίστις
1531 4587 1638 4640 τῶν
1665 4605 1760 4640 τα-

166 4679 377 4733 κτικῶν
410 4673 905 4741 ὲσποὺδάζετο.Καὶ
936 4678 1064 4742 ἴσως
1088 4679 1189 4731 ουκ
1221 4678 1445 4749 ἄκαιρον
1472 4679 1529 4731 ἓν
1557 4695 1609 4730 τι
1632 4694 1760 4731 κατ-

165 4771 401 4844 όρθωμα
433 4773 531 4839 τῆς
578 4772 816 4833 πίστεως
848 4770 957 4824 τῶν
1004 4769 1215 4843 ἀνδρῶν
1234 4771 1457 4824 ἐκείνων
1479 4771 1537 4823 ὲν
1576 4786 1758 4841 παρα-

166 4863 346 4931 δρομῇ
381 4862 764 4933 διηγήσασθαι.
800 4861 1100 4926 Συστάντος
1134 4860 1244 4933 γὰρ
1273 4862 1453 4924 αὐτοῖς
1498 4877 1628 4913 ποτε
1662 4862 1757 4915 τοῦ

168 4952 309 5022 πρὸς
346 4955 471 5014 τοὺς
521 4953 828 5025 βαρϐάρους
860 4954 1130 5024 πολέμου,
1176 4954 1269 5007 καὶ
1301 4952 1411 5006 τῶν
1454 4954 1756 5024 ἐπικαίρων

169 5044 392 5097 πάντων
445 5044 1009 5115 προκαταληφθέντων
1058 5046 1163 5099 ὑπὸ
1193 5046 1292 5118 τῆς
1340 5046 1450 5098 τῶν
1498 5046 1755 5100 ἐναντίων

172 5140 456 5206 στρατιᾶς,
492 5138 584 5190 καὶ
614 5137 721 5189 τῶν
746 5138 953 5192 ὑδάτων
982 5140 1039 5190 ὲν
1067 5140 1130 5209 τῇ
1156 5138 1262 5191 τῶν
1292 5137 1502 5208 ἐχθρῶν
1535 5138 1755 5208 ἐξουσίᾳ

169 5231 578 5299 γεγενημένων,
615 5231 694 5293 εἰς
721 5230 946 5300 ἔσχατον
977 5230 1222 5295 ἐλθόντες
1256 5231 1516 5292 κίνδυνον,
1548 5231 1657 5284 είτε
1685 5230 1753 5283 δι’

168 5320 430 5390 ἀπειρίαν
470 5320 577 5373 τῶν
606 5321 675 5373 τὰ
715 5315 957 5392 ἡμέτερα
1003 5322 1472 5395 στρατηγούντων,
1528 5324 1634 5376 εἴτε
1668 5323 1756 5376 διά

168 5430 296 5466 τινα
325 5412 609 5483 κρείττονα
638 5415 730 5466 καὶ
764 5415 1043 5484 θειοτέραν
1072 5415 1402 5485 οἰκονομίαν,
1437 5416 1512 5479 ὡς
1541 5414 1606 5469 ἂν
1649 5415 1755 5486 ptit-

169 5505 335 5557 λιστα
359 5504 452 5556 καὶ
477 5505 563 5557 διὰ
594 5506 782 5559 τούτου
813 5508 1005 5577 φανείη
1032 5506 1139 5559 τῶν
1164 5507 1503 5577 Χριστιανῶν
1535 5507 1594 5559 τὺ
1620 5507 1756 5577 πρὸς

168 5596 301 5658 τοὺς
329 5595 658 5663 ἀλλοφύλους
675 5598 946 5668 διάφορον·
971 5598 1160 5669 ἐπειδὴ
1187 5599 1285 5651 οὐκ
1309 5594 1453 5669 εἶχον
1473 5600 1500 5651 ὅ
1525 5616 1576 5651 τι
1624 5600 1758 5668 χρή-

174 5705 360 5740 σονται
393 5692 504 5751 τοῖς
537 5689 799 5759 παροῦσι,
835 5690 926 5742 καὶ
959 5690 1124 5761 πολλή
1160 5708 1242 5755 τις
1282 5686 1348 5761 ἦν
1376 5693 1407 5760 ἡ
1442 5692 1751 5762 ἀμηχανία,

170 5780 433 5849 οὐδεμιᾶς
464 5783 647 5844 αὐτοῖς
674 5782 896 5846 πίδακος
934 5783 967 5854 ἢ
1003 5784 1302 5854 ἀπορροίας
1323 5783 1528 5837 ὑδάτων
1552 5785 1752 5854 ἐμφαι-

172 5870 409 5944 νομένης
452 5870 528 5942 τῷ
574 5873 747 5943 τόπῳ,
790 5871 884 5926 καὶ
924 5871 1161 5936 κίνδυνος
1205 5867 1271 5943 ἦν
1328 5871 1599 5942 ὑποκὺψαι
1645 5874 1755 5934 τοῖς

1858 4588 2218 4656 apparitione,
2264 4587 2453 4652 majori
2494 4587 2677 4641 studio
2725 4587 2859 4647 lides
2885 4595 3027 4649 erat,
3060 4603 3222 4657 quam
3263 4605 3346 4644 res
3372 4607 3434 4644 ac

1857 4680 2154 4750 disciplina
2191 4679 2467 4734 militaris.
2525 4680 2601 4732 Ac
2654 4677 2886 4733 forsitan
2936 4694 3045 4733 non
3093 4680 3434 4749 intempesti-

1853 4787 1982 4826 vum
2039 4771 2205 4826 fuerit
2250 4786 2420 4825 unum
2453 4770 2725 4840 quoddam
2759 4770 2883 4825 fidei
2933 4772 3174 4825 virorum
3216 4772 3433 4827 illorum

1854 4864 2070 4918 facinus
2095 4863 2373 4934 egregium
2406 4862 2582 4915 obiter
2614 4877 3069 4917 commemorare.
3101 4861 3254 4917 Bello
3286 4864 3433 4917 enim

1860 4954 1942 5010 eis
2000 4954 2264 5008 adversus
2314 4952 2578 5007 barbaros
2631 4951 2926 5021 aliquando
2976 4952 3242 5015 conﬂato,
3306 4969 3433 5007 cum

1863 5045 2121 5101 omnibus
2134 5045 2270 5099 locis
2286 5044 2612 5114 Opportunis
2627 5045 2694 5099 ab
2710 5045 2956 5099 exercitu
2976 5045 3213 5099 hostium
3233 5060 3436 5114 praaoc~

1862 5136 2095 5207 cupatis,
2141 5151 2297 5206 aqua:
2330 5150 2548 5205 quoque
2595 5135 2650 5189 in
2698 5151 2887 5191 eorum
2919 5145 3191 5205 potestate
3225 5146 3431 5197 essent,

1864 5228 1929 5281 ad
1983 5238 2284 5282 extremum
2338 5227 2643 5297 periculum
2704 5228 2932 5293 redacti,
2991 5230 3104 5283 sive
3164 5229 3433 5299 imperitia

1863 5327 2178 5374 nostrorum
2219 5319 2440 5381 ducum,
2492 5318 2606 5373 sive
2659 5319 2883 5373 meliore
2933 5326 2987 5373 et
3037 5318 3223 5376 divino
3262 5323 3435 5388 magis

1863 5411 2097 5466 consilio
2133 5418 2297 5480 atque
2324 5410 2705 5480 dispositione,
2736 5420 2799 5465 ut
2828 5412 2911 5465 vel
2945 5428 3038 5481 per
3067 5412 3169 5465 hoc
3199 5412 3432 5466 maxime

1864 5513 2149 5571 appareret
2203 5502 2330 5572 quid
2367 5503 2657 5557 interesset
2704 5503 2845 5556 inter
2873 5501 3225 5558 Christianos
3268 5510 3435 5571 atque

1865 5605 2118 5649 externos
2142 5605 2196 5648 et
2222 5613 2249 5647 ιι
2284 5595 2386 5650 lide
2421 5596 2629 5649 alienos
2660 5614 2671 5648 :
2698 5610 2822 5647 cum
2849 5595 2998 5647 nulla
3031 5596 3244 5649 ratione
3267 5597 3433 5649 rebus

1866 5686 2227 5756 praesentibus
2263 5686 2464 5741 mederi
2498 5696 2741 5754 possent.
2796 5701 3101 5755 magnaque
3141 5676 3434 5756 trepidatio

1863 5788 2026 5849 atque
2054 5779 2364 5849 desperatio
2393 5790 2558 5840 esset,
2592 5794 2714 5835 cum
2748 5778 2942 5834 nullus.
2964 5780 3085 5835 fons
3108 5781 3160 5835 in
3194 5798 3258 5833 eo
3291 5782 3430 5841 loco.

1864 5885 1956 5931 aut
1991 5873 2209 5929 aliunde
2250 5871 2621 5945 provenicntis
2668 5887 2821 5945 aqua:
2869 5870 3099 5929 faa'ultas
3142 5874 3222 5928 eis
3268 5888 3431 5943 appa-
