3850 6390
429 294 538 354 ῗίἰθ

1684 303 1742 357 S.
1767 301 2094 358 GREGORII
2129 299 2420 356 NYSSENI

3588 297 3706 352 760

429 419 618 473 reret,
670 412 1084 484 periculumque
1137 425 1286 470 esset
1337 431 1405 472 ne
1454 417 1547 472 siti
1594 421 1891 489 expugnati
1937 418 2006 472 ab

2116 419 2370 478 ἐναντίοις
2417 413 2937 484 ἐκπολιορκηθέντας
2983 411 3062 482 τῷ
3098 411 3276 481 δίψει·
3310 411 3432 464 τότε
3468 413 3704 465 καταλι-

433 504 763 560 adversariis
793 506 1180 576 subigerentur
1216 528 1231 564 :
1267 518 1399 564 tunc
1430 511 1677 580 praeclari
1719 512 1795 565 illi
1841 519 2009 580 atque

431 597 657 667 egregii,
685 597 895 652 omisso
923 612 1200 652 armorum
1237 601 1514 668 praasidio,
1564 604 1824 656 invictum
1853 602 2009 657 cuive

431 685 618 738 resisti
653 700 761 738 non
786 694 972 756 posset
997 689 1263 744 auxilium
1292 692 1346 745 in
1385 689 1826 746 formidabilihus
1855 691 2006 761 ejus-

431 776 578 829 modi
609 776 1011 846 implorandum
1037 779 1141 836 sibi
1166 789 1501 836 statuerunt.
1529 781 1754 838 Relictis
1783 784 1928 837 enim
1953 785 2008 836 in

432 867 632 921 castris
675 869 742 923 iis
775 866 869 939 qui
896 869 1138 924 nondum
1163 871 1324 924 ﬁdem
1361 881 1704 942 receperant,
1731 887 1795 927 ac
1822 888 1918 942 per
1947 888 2009 927 se

433 959 693 1028 separati.
733 960 1024 1014 imitantur
1044 961 1097 1015 id
1123 963 1269 1032 quod
1295 969 1538 1032 tempore
1576 961 1706 1018 Elite
1727 964 2010 1034 prophetae

434 1054 636 1107 factum
673 1061 758 1108 est
802 1057 1150 1117 miraculum.
1198 1058 1476 1111 connuuni
1509 1065 1676 1128 atque
1713 1058 2010 1126 conjuncta

431 1158 564 1198 voce
580 1145 836 1213 precibus
855 1156 1120 1216 petentes,
1138 1155 1199 1201 ut
1220 1163 1284 1202 ex
1309 1148 1858 1218 rebusdesperatisin
1872 1164 2012 1217 quas

431 1236 780 1300 incidissent,
795 1240 1160 1308 eriperentur.
1180 1241 1357 1310 Atque
1375 1242 1450 1296 illi
1476 1243 1695 1313 quidem
1715 1242 2012 1312 precaban-

431 1339 549 1394 tur;
580 1345 771 1400 preces
799 1347 931 1384 vero
969 1333 1246 1402 extemplo
1277 1333 1332 1386 in
1353 1349 1496 1402 opus
1522 1333 2006 1388 convertebantur.

430 1423 569 1475 Cum
595 1424 740 1476 enim
767 1424 947 1478 adhuc
961 1425 1062 1495 ipsi
1085 1425 1138 1479 in
1153 1427 1401 1480 oratione
1417 1428 1646 1495 genibus
1665 1425 1817 1481 ﬂexis
1832 1442 2014 1496 perse-

429 1525 706 1575 verarent,
732 1514 862 1569 ﬂatu
882 1516 1124 1571 violento
1145 1518 1318 1571 nubes
1341 1519 1597 1573 alicunde
1619 1526 1808 1571 coacta
1833 1517 2010 1574 subli-

432 1603 536 1656 mis
561 1605 613 1658 in
633 1620 758 1660 aere
771 1607 969 1662 castris
987 1609 1225 1663 hostium
1247 1609 1566 1664 imminebat
1584 1627 1600 1665 :
1619 1608 1821 1664 deinde
1838 1608 2014 1678 frago-

432 1696 586 1750 ribus
612 1697 922 1768 ingentibus
945 1702 1401 1770 superiutonans,
1425 1714 1473 1756 el
1501 1701 1776 1773 fulgurum
1795 1703 1849 1756 in
1873 1702 2007 1757 sub-

2111 510 2303 569 πάντες
2325 508 2374 560 οί
2401 509 2636 574 γενναῖοι
2662 505 2760 574 τὴν
2790 507 2855 558 ἐκ
2881 505 2988 557 τῶν
3012 504 3192 558 ὃπλων
3213 503 3486 575 βοήθειαν,
3521 504 3703 571 ἐγνω-

2111 617 2211 656 σαν
2239 602 2334 670 τὴν
2361 601 2569 670 ἄμαχον
2601 597 2696 650 καὶ
2723 599 3167 664 ἀκαταγώνιστον
3201 598 3258 650 ἐν
3287 599 3404 658 τοῖς
3439 596 3705 666 φοϐεροῖς

2109 691 2535 746 ἐπικαλέσασθαι
2590 689 2926 760 συμμαχίαν.
2989 689 3243 757 Ἀφὲντες
3293 688 3401 758 γὰρ
3445 689 3542 740 ἐπὶ
3592 687 3701 740 τοῦ

2111 783 2474 856 στρατοπέδου
2499 783 2620 846 τοὺς
2650 783 2817 852 μήπω
2842 781 3347 852 παραδεδεγμένους
3369 779 3470 851 τὴν
3485 780 3699 840 πίστιν,

2111 877 2206 929 καὶ
2237 875 2320 944 ἐφ’
2353 873 2560 927 ἐαυτῶν
2590 874 2910 936 ίδιάσαντες,
2945 871 3234 942 μιμοῦνται
3255 871 3354 943 τὴν
3376 872 3469 924 ἐπὶ
3509 871 3701 924 Ἡλίου

2109 965 2204 1020 τοῦ
2244 967 2520 1037 προφήτου
2574 964 2872 1036 γενομένην
2907 962 3373 1035 θαυματουργίαν,
3422 965 3576 1032 κοινῇ
3625 966 3701 1033 τῇ

2111 1062 2260 1130 φωνῇ
2294 1059 2386 1112 καὶ
2424 1057 2830 1129 συντεταγμένῃ
2875 1055 3028 1110 λύσιν
3074 1056 3256 1119 αὐτοῖς
3288 1053 3347 1120 ἐξ
3393 1055 3703 1125 ἀμηχάνων

2111 1150 2363 1221 γενέσθαι
2413 1150 2514 1218 τῆς
2563 1149 2850 1219 συμφορᾶς
2897 1147 3274 1217 αἰτησάμενοι.
3328 1147 3439 1198 Καὶ
3490 1146 3539 1198 οἱ
3592 1143 3704 1214 μὲν

2111 1245 2359 1317 ηὔχοντο·
2394 1245 2428 1314 ἠ
2466 1243 2524 1296 δὲ
2552 1243 2686 1312 εὐχὴ
2729 1241 3072 1311 παραχρῆμα
3103 1240 3261 1311 ἔργον
3296 1238 3524 1306 ἐγίνετο.
3569 1238 3701 1289 Ἔτι

2110 1337 2218 1408 γὰρ
2251 1337 2432 1391 αύιῶν
2465 1338 2532 1406 τῇ
2568 1333 2882 1403 γονυκλισία
2910 1331 3484 1403 προσκαρτερούντων,
3525 1328 3700 1382 πνεύ-

2115 1445 2244 1498 ματι
2287 1425 2447 1497 βιαίῳ
2488 1424 2685 1493 νεφέλη
2733 1423 2894 1476 ποθὲν
2943 1420 3358 1491 ἀποληφθεῖσα,
3420 1418 3700 1487 μετέωρος

2111 1522 2252 1593 ὑπὲρ
2272 1521 2332 1572 τὸ
2351 1520 2460 1573 τῶν
2489 1517 2762 1588 πολεμίων
2787 1515 3147 1586 στρατόπεδον
3172 1515 3376 1567 ἵστατοο
3402 1508 3522 1565 εἶτα
3547 1510 3699 1582 βρον-

2111 1615 2210 1677 τὰς
2254 1612 2524 1678 ἐξαισίους
2556 1610 3008 1679 ἐπικτυπὴσασα.
3041 1607 3133 1660 καὶ
3164 1605 3450 1677 ἀστραπὰς
3481 1603 3701 1674 φλογώ-

2109 1705 2221 1768 δεις
2245 1703 2388 1758 κατά
2415 1702 2524 1756 τῶν
2564 1701 2938 1772 ὑποκειμένων
2970 1699 3246 1767 ἐξάψασα,
3283 1698 3702 1768 κατερρήγνυεν

430 1786 604 1856 jct-tos
635 1789 888 1844 incendia
913 1791 1233 1858 immittens,
1263 1807 1462 1861 aquam
1489 1793 1809 1848 ﬂuminibus
1829 1794 2006 1850 abut-

2116 1797 2256 1867 ὕδωρ
2289 1794 2551 1864 ποταμῶν
2583 1792 2976 1863 ἀφθονώτερον·
3008 1790 3147 1844 ὥστε
3182 1791 3296 1852 τοῖς
3335 1789 3435 1860 μὲν
3461 1789 3699 1842 ὑπεναν-

431 1879 738 1934 dantiorem
770 1883 1168 1952 praecipitabat,
1197 1882 1332 1943 adeo
1351 1893 1409 1938 ut
1434 1885 1765 1939 adversariis
1787 1885 2006 1953 quidem

433 1981 548 2025 tum
585 1972 930 2028 continentia
970 1974 1224 2036 fulmina.
1272 1985 1387 2030 tum
1436 1977 1872 2033 continuationis
1900 1978 2007 2032 im-

432 2062 615 2116 brium
653 2065 734 2118 vis
756 2065 984 2120 extremi
1013 2065 1165 2120 exitii
1191 2082 1360 2121 causa
1391 2067 1716 2132 exsisteret;
1738 2067 1824 2122 his
1855 2082 2006 2132 vero,

428 2154 524 2222 qui
553 2169 772 2223 precum
789 2155 958 2209 aciem
974 2165 1367 2227 opposuerant,
1382 2159 1448 2213 ad
1470 2166 1700 2228 utraque
1716 2159 2008 2224 suﬂiceret,

433 2257 545 2300 tam
583 2249 650 2301 ad
685 2249 985 2304 vincendos
1032 2250 1220 2307 hostes
1249 2266 1414 2320 quam
1454 2251 1522 2306 ad
1563 2251 1687 2306 sitis
1723 2253 1969 2306 levamen
1992 2295 2006 2313 .

431 2336 634 2405 quippe
661 2335 1028 2392 deﬂuentibus
1053 2339 1393 2394 torrentibus
1416 2339 1632 2394 abunde
1665 2349 1849 2409 potum
1873 2342 2008 2410 ipsis

433 2426 938 2497 suppeditantibus.
1001 2427 1100 2483 llis
1146 2429 1313 2500 igitur
1360 2429 1656 2498 adjunctus
1703 2441 1789 2488 est
1843 2432 2008 2485 etiam

433 2527 621 2573 noster
657 2529 836 2575 cmtus
854 2535 1069 2584 eorum,
1103 2523 1198 2591 qui
1228 2521 1295 2576 de
1324 2522 1566 2576 exercitu
1604 2524 2012 2580 narrationibus

435 2611 546 2666 illis
572 2611 740 2666 etiam
775 2613 878 2682 ipsi
903 2614 1053 2667 circa
1091 2614 1248 2667 tidem
1277 2614 1606 2676 conﬁrmati,
1640 2625 1695 2668 et
1727 2617 1780 2669 in
1815 2615 2008 2670 iisdem

433 2702 635 2757 studiis
669 2711 726 2758 et
761 2704 1042 2758 exercitiis
1081 2704 1332 2760 innutriti
1373 2705 1428 2758 in
1471 2715 1678 2760 tantam
1722 2707 1892 2761 animi
1936 2707 2014 2760 i-

433 2793 611 2848 dolem
644 2810 708 2850 ac
737 2796 1166 2865 magnitudinem
1210 2797 1383 2851 evecti
1415 2807 1570 2859 sunt,
1599 2806 1659 2851 ut
1689 2799 2009 2853 excellentia

433 2885 661 2941 virtutis
681 2886 944 2942 adversus
971 2902 1091 2942 sese
1121 2887 1381 2942 invidiam
1403 2889 1787 2945 excitaverint.
1806 2889 2009 2956 Quem-

435 2977 731 3033 admodum
772 2979 919 3034 enim
955 2979 1252 3035 didicimus
1284 2995 1352 3035 ex
1386 2979 1456 3036 iis
1497 2997 1619 3051 quae
1656 2997 1803 3036 nunc
1851 2985 2010 3039 nobis

431 3085 502 3127 ex
536 3071 766 3128 historia
807 3069 929 3126 Jobi
971 3071 1224 3144 prmlecta
1273 3079 1426 3136 sunt,
1465 3073 1614 3144 quod
1659 3075 2008 3129 adversarius

434 3159 691 3214 humanae
718 3163 844 3214 vitae
885 3137 1140 3230 injuriam
1171 3161 1274 3216 sibi
1305 3161 1422 3217 ﬂeri
1461 3137 1681 3233 putaret
1726 3162 1872 3234 quod
1909 3161 2014 3219 Job
2041 3137 2082 3194 Ο

434 3253 656 3308 vin-itis
693 3255 914 3308 nomine
961 3254 1195 3310 clareret
1247 3269 1314 3310 ac
1363 3255 1502 3310 bene
1551 3255 1790 3320 audiret,
1835 3265 1891 3312 et
1929 3258 2012 3310 id-

434 3344 583 3400 ci:co
617 3360 742 3400 eum
787 3347 1106 3415 deposceret
1153 3345 1220 3400 ad
1253 3357 1610 3413 tormentum,
1646 3349 1793 3419 quod
1839 3348 2013 3402 oﬂ‘eu-

436 3437 594 3490 dere’t
624 3452 687 3491 ac
716 3437 964 3492 molestia
999 3439 1237 3494 aﬂiceret
1263 3455 1386 3494 eum
1417 3439 1544 3502 Job,
1575 3441 1669 3512 qui
1707 3458 1894 3506 verax,
1924 3443 2014 3510 ju-

439 3537 562 3585 stus
596 3538 651 3584 ct
705 3531 1018 3601 incnlpatus
1069 3541 1219 3588 esset
1266 3533 1501 3589 :eodem
1545 3535 1707 3588 modo
1750 3534 1925 3589 hostis
1958 3545 2014 3588 et

435 3624 660 3676 invasor
693 3622 989 3684 bonorum.
1014 3624 1264 3693 improbo
1289 3627 1453 3680 oculo
1489 3626 1622 3680 vidit
1652 3641 1880 3696 magnos
1911 3627 2013 3682 hos

435 3715 670 3786 pugiles,
723 3725 776 3771 et
821 3732 929 3772 non
989 3717 1120 3772 tulit
1168 3719 1422 3773 canitiem
1469 3733 1706 3779 morum,
1747 3736 1912 3788 quam
1958 3721 2011 3774 in

432 3805 663 3874 juvenili
692 3815 856 3860 aetate
888 3807 1373 3862 animadvertebat.
1405 3807 1554 3862 Vidit
1583 3823 1874 3880 corporum
1914 3810 2012 3864 ﬂo-

435 3913 551 3952 rem
605 3899 944 3953 continentia
1001 3907 1168 3969 atque
1220 3901 1520 3957 sobrietate
1573 3902 1760 3956 ornari
1815 3921 1827 3957 :
1876 3902 2013 3956 vidit

437 3998 710 4044 armatum
768 3989 1064 4060 quemdam
1115 3991 1384 4058 chorum,
1432 4009 1532 4064 per
1570 3994 1869 4049 exercitum
1918 4009 2013 4048 eos

435 4080 550 4137 Deo
594 4083 830 4137 choreas
877 4082 1167 4146 ducentes,
1201 4083 1485 4156 pulchros
1535 4093 1784 4154 aspectu,
1835 4085 2012 4140 oculis

434 4184 624 4231 torvos
654 4184 708 4230 et
738 4174 1038 4240 terribiles,
1076 4175 1352 4230 excelsum
1387 4174 1652 4241 animum,
1684 4185 1738 4230 et
1784 4177 2012 4247 Spiritus

435 4275 815 4331 contumaces,
847 4265 1046 4334 pedum
1079 4263 1453 4330 velocitatem,
1489 4267 1635 4321 vires
1661 4267 2010 4332 excellentes,

438 4359 878 4416 convenientem.
913 4366 1093 4425 aptam
1142 4363 1198 4411 et
1245 4355 1591 4410 commodam
1643 4357 2012 4412 membrorum

437 4446 898 4514 compactionem.
950 4447 1004 4499 in
1065 4447 1344 4511 omnibus,
1391 4462 1514 4517 qua:
1555 4447 1688 4516 ipsis
1737 4447 2010 4512 adessent,

437 4535 745 4591 commodis
785 4536 952 4589 animi
999 4538 1257 4592 virtutem
1298 4553 1401 4592 suo
1439 4537 1730 4607 splendore
1764 4542 2014 4610 corporis

439 4629 585 4682 bona
635 4638 1006 4697 superantem.
1067 4629 1370 4685 lnambnlat
1409 4632 1574 4687 etiam
1628 4646 1725 4701 per
1783 4633 1908 4688 illos
1959 4635 2014 4690 in

441 4720 668 4785 invidia,
695 4721 788 4791 qui
829 4736 925 4790 per
953 4722 1144 4777 orbem
1182 4732 1458 4778 terrarum
1492 4725 1835 4781 obambulat.
1865 4723 2016 4780 Vidit

439 4826 551 4866 nor.
594 4827 760 4865 unum
806 4812 1078 4867 hominem
1118 4829 1390 4877 veracem.
1424 4814 1518 4869 sed
1563 4824 1840 4871 catervam
1869 4816 2012 4871 divi-

439 4920 566 4960 nam
605 4914 684 4960 tot
735 4905 1003 4970 virorum,
1060 4907 1151 4977 qui
1199 4922 1394 4963 omnes
1445 4923 1687 4970 veraces,
1721 4909 1878 4978 justi,
1922 4908 2014 4963 Dei

437 4999 682 5055 cultores
712 5008 890 5064 erant,
939 5001 1186 5072 deposcit
1218 5004 1380 5058 etiam
1428 5003 1547 5058 illos
1577 5003 1643 5058 ad
1681 5018 1841 5057 suum
1873 5003 2015 5057 arbi-

440 5093 628 5149 trium.
674 5093 752 5148 Ac
781 5095 1017 5162 primum
1050 5093 1268 5163 quidem
1315 5095 1440 5150 duci
1486 5097 1770 5166 copiarum
1819 5098 2016 5150 insano

2111 1887 2268 1952 τίοις,
2299 1887 2394 1939 καὶ
2420 1885 2530 1939 τῶν
2560 1884 2818 1955 σκηπτῶν
2841 1887 2940 1952 τὴν
2971 1883 3266 1952 συνέχειαν,
3285 1883 3379 1936 καὶ⁵
3396 1881 3460 1935 τδ
3489 1879 3699 1950 πλῆθος

2109 1981 2208 2049 τῆς
2240 1976 2543 2050 ἐπομϐρίας
2574 1975 2743 2029 αἴτιον
2787 1975 3037 2044 γενέσθαι
3086 1972 3380 2038 παντελοῦς
3417 1972 3698 2043 καταφθο-

2114 2073 2234 2141 ρᾶςο
2262 2069 2468 2133 τούτοις
2489 2069 2544 2122 δέ
2567 2071 2678 2131 τοῖς
2715 2066 2804 2120 διὰ
2831 2065 2939 2120 τῶν
2976 2065 3151 2136 εὐχῶν
3182 2065 3696 2138 παραταξαμένοις,

2113 2160 2294 2216 ἱκανὸν
2331 2161 2466 2232 πρὸς
2494 2161 2778 2232 ἀμφότερα
2811 2157 3094 2226 γενέσθαι,
3131 2157 3269 2228 πρός
3314 2173 3376 2209 τε
3406 2156 3506 2226 τὴν
3531 2154 3699 2226 νίκην

2111 2253 2222 2307 τῶν
2254 2252 2743 2323 ἀντιτεταγμένων,
2782 2251 2876 2305 καὶ
2911 2250 3048 2322 πρὸς
3075 2249 3175 2320 τὴν
3207 2248 3562 2320 παραμυθίαν
3593 2248 3694 2318 τῆς

2113 2344 2396 2417 δίψης,τῆς
2407 2343 2514 2397 τῶν
2527 2343 2838 2415 χειμάρρων
2853 2341 3130 2414 ἀπορροῆς
3144 2339 3392 2410 ἀφθόνως
3407 2342 3590 2402 αὐτοῖς
3601 2339 3695 2393 τὸν

2113 2439 2276 2493 πότον
2293 2435 2653 2508 χορηγούσης.
2674 2435 2896 2498 Τούτοις
2919 2435 3098 2488 τοίνυν
3129 2432 3430 2503 συνετάχθη
3457 2435 3485 2486 6
3503 2431 3692 2503 ἡμέτε-

2115 2546 2208 2601 ρος
2230 2529 2328 2598 τῆς
2351 2531 2608 2600 στρατιᾶς
2627 2527 2804 2598 χορὸς,
2828 2527 2920 2580 ἀπ’
2950 2525 3174 2579 ἐκείνων
3203 2524 3311 2578 τῶν
3338 2524 3695 2594 διηγημάτων

2114 2620 2210 2674 καὶ
2224 2621 2376 2674 αὐτοὶ
2396 2637 2460 2672 πε
2470 2619 2524 2690 pl.
2543 2619 2643 2688 τὴν
2663 2617 2844 2671 πίστιν
2863 2615 3222 2688 κυρωθέντες,
3239 2615 3333 2670 καὶ
3351 2616 3462 2676 τοῖς
3483 2613 3692 2682 ὁμοίοις

2115 2711 2470 2782 ἐντραφέντες
2516 2709 2961 2781 ἐπιτηδεύμασιν,
3010 2711 3090 2772 είς
3140 2708 3390 2760 τοσοῦτον
3457 2705 3691 2776 μεγαλο-

2116 2804 2278 2872 φυῖας
2306 2801 2642 2874 ἐπήρθησαν,
2667 2799 2806 2853 ὥστε
2829 2799 2905 2868 τῷ
2931 2799 3171 2870 περιόντι
3199 2799 3295 2869 τῆς
3331 2799 3533 2869 ἀρετῆς
3569 2795 3689 2851 καθ’

2116 2893 2324 2946 ἐαυτῶν
2354 2893 2652 2962 ἀναστῆσαι
2673 2891 2764 2944 τὸν
2790 2891 3003 2959 φθόνον.
3031 2890 3300 2960 Καθάπερ
3325 2891 3434 2961 γὰρ
3463 2890 3555 2943 ἐπὶ
3580 2890 3692 2943 τῶν

2113 2982 2209 3038 νῦν
2237 2982 2764 3050 ὑπαναγνωσθὲντων
2791 2984 2920 3052 ἡμῖν
2951 2983 3014 3034 ἐκ
3043 2981 3142 3052 τῆς
3169 2981 3260 3034 τοῦ
3301 2979 3420 3033 Ἰὼϐ
3452 2981 3694 3052 ἱστορίας

2113 3075 2408 3146 ἐμάθομεν,
2433 3076 2514 3128 ὃτι
2543 3075 2783 3145 ἀδίκημα
2813 3072 3006 3127 ἐαυτοῦ
3030 3074 3201 3128 ἐποίει
3225 3075 3253 3126 ὁ
3275 3073 3566 3138 ἀντίπαλος
3590 3077 3691 3144 τῆς

2117 3166 2464 3240 ἀνθρωπίνης
2511 3163 2656 3235 ζωῆς
2702 3165 2800 3236 τὴν
2837 3166 2930 3220 τού
2986 3164 3108 3219 Ἰὼϐ
3167 3165 3540 3235 εὐδοκίμησιν,
3595 3167 3690 3219 καὶ

2117 3257 2206 3312 διὰ
2258 3257 2414 3311 τούτο
2458 3255 2697 3329 ἐξῃτεῖτο
2737 3257 2872 3327 πρὸς
2915 3257 3189 3328 αίκισμὸν,
3230 3256 3312 3309 ὅτι
3357 3255 3543 3309 ἐλύπει
3593 3258 3690 3310 αὐ-

2118 3351 2208 3404 τὸν
2234 3351 2264 3404 ὁ
2307 3348 2448 3411 Ἰὼϐ,
2483 3348 2734 3419 ἀληθινὸς
2766 3351 2859 3401 καὶ
2885 3348 3090 3411 δίκαιος
3134 3348 3230 3402 καὶ
3276 3349 3564 3418 ἄμεμπτος
3591 3347 3689 3400 ὥν-

2117 3442 2208 3496 τὺν
2235 3441 2396 3495 αὐτὸν
2435 3442 2634 3512 τρόπον
2677 3435 2784 3492 εἶδε
2829 3439 3049 3511 πονηρῷ
3087 3439 3166 3512 τῷ
3204 3441 3464 3511 ὀφθαλμῷ
3507 3441 3538 3492 ὁ
3580 3442 3691 3501 τοῖς

2126 3534 2351 3604 ἀγαθοῖς
2379 3532 2741 3602 ἐπιφυόμενος
2772 3533 2896 3597 τοὺς
2956 3532 3223 3603 μεγάλους
3249 3533 3467 3594 τούτους
3493 3534 3688 3600 ἀγωνι-

2121 3625 2276 3688 στὰς,
2297 3625 2393 3678 καὶ
2412 3625 2512 3677 οὐκ
2539 3624 2735 3694 ἤνεγκε
2767 3623 2959 3676 πολιὰν
2975 3623 3123 3693 ἠθῶν
3150 3625 3207 3676 ἐν
3233 3623 3450 3693 ἡλικίας
3480 3623 3690 3692 νεότητι

2122 3717 2351 3788 βλέπων.
2380 3710 2502 3769 Εἷδε
2531 3715 2798 3782 σωμάτων
2822 3713 3003 3778 ἄνθος,
3034 3715 3093 3767 ἐν
3112 3715 3431 3785 σωφροσύνῃ
3461 3713 3687 3783 κοσμού-

2123 3825 2302 3879 μενονο
2330 3802 2470 3860 εἶδεν
2494 3806 2738 3859 ἐνόπλιόν
2757 3823 2878 3859 τινα
2899 3808 3276 3878 χοροστασίαν,
3296 3805 3386 3860 διά
3411 3807 3508 3875 τῆς
3533 3823 3686 3874 στραο

2119 3900 2239 3962 τιᾶς
2281 3897 2478 3961 αὐτοὺς
2507 3895 2584 3966 τῷ
2612 3894 2732 3966 Θεῷ
2759 3894 3103 3965 χορεύοντας,
3137 3895 3337 3958 καλοὺς
3389 3894 3686 3964 προσιδεῖν,

2121 3988 2412 4061 βλοσυροὺς
2445 3987 2506 4040 τὸ
2533 3987 2709 4058 ὄμμα,
2733 3985 2973 4058 γαύρους
3000 3985 3061 4039 τὸ
3090 3979 3363 4056 φρὸθημα,
3397 3985 3560 4055 τάχος
3591 3999 3691 4039 που

2110 4082 2243 4145 δῶν,
2279 4081 2592 4150 περιουσίαν
2635 4079 2914 4150 δυνάμεως
2939 4119 2954 4140 ,
3005 4077 3343 4149 συμμετρίαν
3384 4077 3578 4149 μελῶν,
3634 4079 3691 4131 ὲν

2121 4177 2254 4229 πᾶσι
2301 4175 2415 4237 τοῖς
2463 4171 2754 4244 προσοῦσιν
2802 4171 2984 4234 αὐτοῖς
3034 4171 3410 4241 προτερήμασι
3459 4170 3554 4240 τὴν
3593 4171 3691 4242 τῆς

2117 4267 2294 4338 ψυχῆς
2317 4265 2516 4335 ἀρετὴν
2549 4265 2647 4335 τῆς
2671 4263 2990 4334 σωματικῆς
3023 4262 3314 4333 εύκληρίας
3343 4262 3690 4333 ὑπεραστρά-

2120 4375 2377 4413 πτουσαν.
2422 4357 2819 4427 Ἑμπεριπατεῖ
2847 4355 2941 4408 καὶ
2967 4353 3032 4407 δι’
3063 4355 3285 4408 ἐκείνων
3316 4353 3394 4424 τῷ
3425 4353 3630 4424 φθόνῳ,
3663 4355 3691 4408 ὁ

2119 4448 2510 4521 ἐμπεριπατῶν
2540 4448 2638 4517 τὴν
2669 4447 3017 4517 οἰκουμένην.
3058 4441 3208 4499 Εἶδεν
3239 4447 3338 4515 οὐχ
3367 4445 3464 4499 ἐνα
3490 4445 3690 4516 ἄνθρωο

2121 4557 2220 4594 πον
2249 4538 2522 4609 ἀληθινὸν,
2552 4536 2690 4590 ἁλλά
2719 4536 2974 4608 σύστημα
3009 4537 3148 4591 θεῖον
3173 4535 3439 4588 τοσούτων
3478 4534 3690 4606 ἀνθρώ-

2112 4650 2251 4693 πων,
2281 4630 2500 4682 πάντων
2531 4627 2820 4698 ἀληθινῶν,
2849 4627 3095 4690 δικαίων,
3125 4626 3418 4679 θεοσεὸῶνο
3461 4625 3690 4690 ἐξαιτεῖ-

2111 4741 2200 4777 ται
2236 4723 2522 4784 κάκείνους
2551 4723 2632 4784 εἰς
2660 4721 2722 4774 τὸ
2751 4720 2880 4773 ίδιον
2909 4719 3174 4801 βούλημα.
3208 4719 3316 4772 Καὶ
3350 4719 3562 4788 πρῶτον
3592 4717 3690 4787 μὲν

2112 4815 2560 4887 είδωλομανοῦντι
2603 4812 2682 4884 τῷ
2717 4815 2818 4885 τῆς
2853 4813 3111 4884 στρατιᾶς
3143 4811 3362 4881 ἄρχοντι
3393 4807 3688 4878 σύμϐουλος

2112 4909 2349 4978 γίνεται.
2383 4908 2458 4978 μὴ
2490 4907 2555 4960 ἂν
2587 4906 2762 4968 ἄλλως
2796 4905 3087 4976 ὑπερσχεῖν
3114 4904 3212 4973 τῆς
3250 4901 3391 4955 κατὰ
3427 4900 3689 4984 τῶνιβαρη
3732 4927 3752 4952 .

2120 5001 2303 5072 ὁάρων
2326 5001 2500 5072 νίκης,
2532 5001 2580 5053 εί
2609 4999 2684 5070 μὴ
2705 4999 2830 5061 τοὺς
2855 4998 2916 5050 τὸ
2947 4998 3116 5067 δνομα
3139 4994 3232 5047 τοῦ
3262 4992 3509 5065 Χριστοῦ¹
3530 5009 3687 5063 προσο

2122 5093 2415 5156 κυνοῦντας
2454 5091 2803 5164 προθύσαιτο.

3711 3885 3724 3913 ο

439 5184 865 5240 simulacrorum
909 5185 1080 5239 cultui
1147 5186 1334 5240 dedito
1395 5187 1728 5256 persuadere
1777 5197 2044 5251 conatur,
2100 5201 2210 5239 non
2267 5185 2430 5238 aliter
2469 5198 2594 5238 cum
2655 5182 2725 5238 de
2789 5179 3040 5236 barbaris
3103 5179 3328 5232 victoria
3391 5177 3686 5247 potiturum

439 5295 583 5346 esse,
624 5281 730 5336 nisi
766 5282 921 5352 prius
951 5290 1215 5338 mactaret
1259 5297 1356 5338 eos
1398 5285 1492 5353 qui
1534 5283 1739 5339 Christi
1786 5299 1984 5339 nomen
2028 5281 2344 5339 adorarent.

512 5369 611 5426 llis
641 5382 821 5425 autem
853 5382 1074 5442 propter
1098 5375 1369 5444 egregiam
1395 5375 1800 5429 confessionem
1827 5392 2021 5445 quam-

441 5463 679 5532 primum
720 5465 1044 5535 designatis,
1111 5475 1163 5519 et
1199 5468 1343 5520 ultro
1384 5467 1449 5522 ad
1491 5470 2018 5524 consmmuationetn

443 5555 721 5622 passionis
768 5556 1231 5627 confugientibus.
1283 5560 1466 5614 statim
1510 5575 1604 5616 eos
1635 5561 2020 5631 gladio-inter-

441 5648 826 5716 ticere(ouasi
883 5650 1012 5704 mite
1061 5651 1336 5720 quoddam
1395 5669 1458 5706 ac
1499 5653 1791 5723 benignum
1847 5670 2021 5725 genus

443 5737 637 5792 mortis
679 5738 728 5792 id
778 5740 954 5805 esset)
992 5741 1247 5801 inimicus
1299 5745 1596 5808 recusavit,
1647 5746 1738 5802 sed
1789 5746 2022 5803 vinculis

2204 5363 2652 5441 ’Ᾰναδειχθέντων
2669 5369 2727 5423 δὲ
2755 5369 2959 5422 τούτων
2980 5367 3055 5430 ὡς
3073 5365 3300 5436 τάχιστα
3329 5365 3419 5419 διὰ
3446 5365 3545 5437 τῆς
3570 5366 3683 5434 ἀγαρ

2121 5463 2218 5535 θῆζ·
2250 5465 2556 5536 ὁμολογίας,
2593 5465 2686 5516 καὶ
2718 5461 3156 5532 αὐτομολούντων
3190 5457 3324 5529 πρὸς
3355 5458 3457 5528 τὴν
3482 5457 3568 5511 διὰ
3597 5456 3684 5511 τοῦ

2119 5558 2325 5621 πάθους
2357 5558 2655 5622 τελείωσιν,
2703 5556 2762 5609 τὺ
2800 5555 2899 5624 μὲν
2943 5553 3104 5616 εὐθὺς
3138 5552 3437 5618 ἐπαγαγεῖν
3479 5550 3570 5602 τὸν
3607 5549 3684 5602 διὰ

2119 5650 2212 5702 τοῦ
2257 5649 2440 5718 ξίφους
2488 5649 2715 5702 θάνατον
2746 5646 2843 5716 (ὥς
2885 5663 2940 5698 τι
2977 5642 3374 5714 φιλάνθρωπον)
3408 5641 3682 5712 ὁ,⁹Εχθρὴ;

2123 5749 2496 5812 παρῃτήσατο,
2531 5745 2747 5812 δεσμοῖς
2776 5743 2830 5795 δὲ
2868 5745 2977 5805 τοῖς
3007 5741 3070 5794 ἐκ
3099 5738 3311 5808 σιδήρου
3340 5737 3680 5801 καταπιὲσας,
