3850 6416
124 283 234 343 76!

1232 294 1301 350 IN
1340 295 1432 363 QU
1452 293 1845 352 \DRAGINTA
1882 292 2292 353 MARTYBES.

3291 300 3403 359 762

113 405 338 478 ταύτην
366 409 599 462 ἐποιεῖτο
621 409 721 481 τὴν
751 411 851 482 τῆς
876 413 1141 485 τιμωρίας
1184 416 1381 486 ἀρχήν,
1410 417 1534 479 Τοῖς
1559 416 1616 469 δὲ
1643 412 1708 488 ῆν

1815 414 2007 469 ferreis
2037 412 2305 484 allligens,
2339 413 2468 471 hinc
2507 415 2763 487 supplicii
2805 417 3026 474 initium
3058 417 3206 476 fecit.
3236 420 3305 475 At
3333 421 3402 475 il-

114 501 239 569 ἄρα
276 501 371 554 καὶ
396 504 425 554 6
451 502 650 571 δεσμὸς
681 504 1133 576 ἐγκαλλώπισμα,
1172 508 1270 561 καὶ
1294 508 1473 579 θέαμα
1502 509 1711 577 γλαφυ-

121 591 224 660 ρὸν
271 592 367 643 καὶ
410 592 508 662 ἡδὺ
543 594 886 663 Χριστιανῶν
917 596 1249 667 ὀφθαλμοῖς,
1290 599 1479 670 νεότης
1511 598 1715 663 ἐξειλε-

113 682 310 752 γμένη
354 682 573 754 ἀριθμῷ
604 685 877 756 τοσούτῳ,
918 688 1108 742 κάλλει
1145 689 1482 761 διαπρεπὴς,
1528 691 1716 762 ἡλικίᾳ

117 775 274 846 ὑπὲρ
302 777 428 839 τοὺς
452 778 664 841 ἄλλους,
698 779 896 843 πάντες
926 782 1067 835 κατὰ
1097 784 1292 837 ταύτὸν
1319 785 1437 855 μετ’
1469 784 1713 856 ἀλλήλων

114 867 205 936 τῷ
228 868 414 937 δεσμῷ
435 870 857 940 συνηρμόξοντο,
880 872 1067 945 ὥσπερ
1086 892 1170 937 τις
1191 875 1455 945 στέφανος
1480 876 1513 947 ἢ
1543 879 1713 948 ὅρμος

119 960 510 1031 περιαυχένιος
543 962 878 1031 ἰσομεγέθεις
907 967 1249 1037 μαργαρίτας
1283 970 1339 1020 ὲν
1374 969 1558 1039 κύκλῳ
1585 970 1714 1023 διει-

118 1055 443 1124 λημμένους
477 1055 637 1125 ἔχων·
690 1057 920 1112 τοιοῦτοι
972 1055 1113 1130 ἦσαν
1158 1062 1207 1113 οἱ
1256 1062 1436 1130 ἅγιοι,
1490 1064 1585 1117 καὶ
1625 1064 1711 1118 διὰ

122 1147 371 1211 πίστεως
416 1148 719 1219 ὴνωμένοι,
766 1152 861 1204 καὶ
907 1152 993 1206 διὰ
1031 1153 1140 1206 τῶν
1172 1155 1388 1226 δεσμῶν
1437 1158 1575 1229 πρὸς
1616 1159 1713 1213 ἀλ-

118 1240 325 1310 λήλους
383 1242 755 1311 σφιγγόμενοι.
807 1244 997 1309 Ὄντες
1046 1246 1154 1317 γὰρ
1191 1248 1286 1302 καὶ
1344 1250 1465 1303 καθ’
1520 1250 1712 1305 ἑαυτὸν

118 1336 361 1398 ἕκαστος
386 1335 571 1400 καλοὶ,
611 1338 897 1411 προσθήκη
938 1340 1031 1393 τοῦ
1067 1342 1296 1406 κάλλους
1332 1344 1579 1413 ἀλλήλοις
1606 1347 1714 1415 ἐγί-

115 1445 299 1482 νοντο.
336 1424 457 1481 υἷον
484 1431 575 1483 ἐπὶ
607 1431 716 1484 τῶν
752 1433 1018 1506 οὐρανίων
1058 1436 1345 1505 συμϐαίνει
1392 1438 1710 1510 θαυμάτων,

114 1521 259 1574 ὅταν
314 1520 382 1573 δι’
449 1520 668 1591 αίθρίας
741 1524 835 1576 καὶ
897 1525 1148 1596 καθαρᾶς
1210 1527 1243 1596 ἡ
1300 1526 1411 1580 τῶν
1466 1528 1712 1600 ἀστέρων

113 1614 289 1683 χάρις
319 1614 384 1666 δι’
424 1613 668 1682 ἀλλήλων
710 1616 1086 1687 ποικίλληται,
1121 1618 1349 1671 ἑκάστου
1374 1618 1473 1691 τὴν
1502 1620 1711 1674 οἰκείαν

114 1707 321 1777 αἴγλην
367 1708 446 1771 είς
499 1707 591 1760 τὸν
637 1708 813 1761 κοινὸν
846 1709 1048 1779 κόσμον
1090 1710 1184 1763 τοῦ
1230 1711 1460 1783 οὐρανοῦ
1505 1730 1711 1767 συνεισ-

111 1797 404 1868 φέροντος.
432 1798 683 1853 Τοιοῦτον
713 1795 781 1872 ἦν
811 1800 918 1853 τῶν
951 1802 1121 1869 ἁγίων
1174 1802 1234 1856 τὸ
1266 1803 1447 1874 θέαμα
1466 1845 1482 1871 ,
1515 1806 1704 1870 ὄντως,

114 1888 312 1953 καθώς
388 1891 520 1962 φησί
586 1908 689 1945 που
756 1892 1012 1963 Ίεζεκιὴλ
1057 1896 1086 1947 6
1130 1897 1453 1967 προφήτης,
1517 1897 1710 1968 ὅρασις

110 1982 428 2051 λαμπάδων
483 1983 953 2054 συστρεφομένων.
1035 1987 1437 2060 Ἐμφιλοχωρεῖ
1482 1990 1511 2043 6
1554 1988 1711 2058 λόγος

111 2071 200 2141 τῷ
241 2072 430 2126 κάλλει
478 2073 578 2144 τῆς
625 2073 792 2145 ῶρας.
837 2069 992 2129 Οἶδεν
1030 2076 1172 2148 γάρ,
1221 2076 1406 2143 καθὼς
1463 2080 1498 2150 ἡ
1536 2079 1711 2149 Σοφία

112 2163 313 2230 φησὶν,
342 2163 406 2214 ὲκ
452 2161 715 2231 μεγέθους
750 2165 844 2218 καὶ
895 2164 1159 2237 καλλονῆς
1183 2168 1499 2239 κτισμάτων
1524 2172 1619 2223 καὶ
1646 2171 1710 2224 τὸ

113 2256 180 2306 ὲν
238 2254 467 2325 κρυπτῷ
521 2254 717 2317 κάλλος
765 2256 1209 2326 ἀναλογίζεσθαι,
1264 2259 1450 2332 ἐπειδὴ
1510 2262 1604 2315 καὶ
1673 2263 1708 2335 ἠ

111 2352 224 2419 τῆς
270 2349 451 2420 ψυχῆς
493 2349 804 2420 καθαρότης
853 2348 941 2402 διὰ
978 2349 1073 2402 τοῦ
1122 2351 1449 2422 φαινομένου
1486 2352 1708 2426 διέλαμ-

114 2459 219 2506 πε,
275 2444 369 2495 καὶ
408 2443 438 2494 6
477 2442 799 2512 φαινόμενος
833 2440 1131 2512 ἄνθρωπος’
1150 2442 1298 2510 ἄξιον
1332 2440 1402 2516 ἦν
1436 2446 1533 2511 τοῦ
1574 2448 1710 2517 ἀφα-

113 2535 251 2600 νοῦς
308 2536 638 2607 οἰκητήριον.
709 2534 799 2597 Ὧς
852 2534 1015 2587 καλὸν
1069 2535 1247 2587 τοίνυν
1311 2530 1380 2607 ἦν
1426 2537 1546 2590 τότε
1596 2541 1709 2602 τοῖς

114 2628 296 2701 ὁρῶσι
342 2629 404 2680 τὸ
451 2627 658 2699 θέαμαί
712 2627 875 2680 καλὸν
914 2627 1057 2696 λέγω
1123 2630 1238 2691 τοῖς
1286 2628 1356 2681 τὰ
1405 2628 1546 2682 καλά
1594 2629 1710 2701 βλέ-

117 2740 252 2776 πειν
278 2720 539 2786 ἐθέλουσι,
579 2720 741 2773 καλὸν
792 2719 1061 2788 ἀγγέλοις,
1121 2720 1282 2774 καλὸν
1320 2723 1441 2785 ταῖς
1478 2722 1710 2793 ὑπερκο-

117 2813 317 2885 σμίαις
345 2813 623 2883 δυνάμεσι’
654 2812 847 2883 πικρὸν
878 2813 933 2865 δὲ
963 2815 1076 2876 τοῖς
1104 2812 1352 2883 δαίμοσι,
1382 2814 1476 2867 καὶ
1503 2816 1707 2869 ὅσοιτά

115 2905 234 2959 τῶν
271 2905 541 2975 δαιμόνων
583 2905 922 2974 ἠσπάζοντο,
952 2904 1231 2976 ἄνθρωποι
1278 2906 1468 2978 (εἴπερ
1495 2906 1707 2979 ἀνθρω-

114 3014 239 3060 ποι,
259 2998 306 3049 οἱ
326 2995 578 3049 τοσοῦτον
597 2995 954 3066 ἀνεστηκότες
966 2995 1041 3065 τῷ
1065 2995 1333 3067 μεγαλείῳ
1350 2998 1445 3068 τῆς
1461 2997 1704 3069 φύσεως)

116 3086 459 3158 στρατιῶται
478 3085 571 3138 τοῦ
600 3085 863 3157 Χριστοῦ,
893 3084 987 3138 τοῦ
1025 3086 1183 3155 ἁγίου
1211 3086 1528 3157 Πνεύματος
1556 3089 1704 3142 ὁπλῖ-

113 3199 233 3247 ται,
260 3181 361 3249 τῆς
380 3179 614 3242 πίστεως
641 3178 937 3250 πρόμαχοι,
962 3178 1160 3251 πύργοι
1180 3180 1281 3250 τῆς
1303 3180 1452 3245 θείας
1479 3181 1705 3244 πόλεως’

113 3274 167 3326 οἳ
205 3274 389 3325 πᾶσαν
436 3271 710 3340 αἰκισμῶν
738 3273 1030 3343 τιμωρίαν,
1074 3274 1257 3326 πᾶσαν
1283 3273 1463 3341 φόϐων
1508 3273 1709 3328 ἐπανά-

116 3383 349 3437 στασινη
369 3367 548 3418 πᾶσαν
590 3364 821 3435 ἀπειλῆς
852 3365 1181 3437 προσϐολὴν,
1211 3364 1287 3430 ῶς
1322 3382 1448 3419 τινα
1482 3366 1709 3421 παιδίων

114 3456 310 3512 ἄνοιαν
334 3454 758 3525 κατεχλεὺαζον·
808 3455 1060 3526 καθάπερ
1082 3456 1204 3526 οὐχὶ
1227 3457 1297 3509 τά
1323 3455 1555 3527 σώματα
1591 3460 1711 3520 ταῖς

113 3548 334 3610 αἰκίαις
345 3548 609 3611 ἐκδόντες,
624 3547 758 3601 ἀλλά
773 3547 871 3610 τὰς
884 3548 993 3601 τῶν
1009 3548 1277 3619 σωμάτων
1297 3549 1528 3613 σκιάς·οἴ
1547 3550 1711 3620 σαρκὶ

113 3644 221 3713 τὴν
248 3642 429 3713 σάρκα
452 3639 981 3706 καταπαλαίσαντες,
1009 3640 1103 3694 καὶ
1123 3643 1187 3711 τῇ
1207 3641 1341 3711 πρὸς
1357 3641 1448 3693 τὸν
1483 3640 1711 3695 θάνατον

114 3733 399 3803 ὑπεροψία
440 3733 660 3785 πάντων
699 3730 810 3784 τῶν
837 3731 1176 3803 τυραννικῶν
1207 3731 1390 3802 φόϐων
1430 3731 1709 3802 ὑπερφρο-

114 3828 409 3897 νήσαντες.
440 3825 758 3895 ὑψηλότεροι
788 3825 897 3878 τῶν
928 3824 1286 3895 ἀνθρωπίνων
1326 3826 1542 3896 μέτρων
1573 3824 1710 3878 ἐδεί-

116 3917 356 3988 χθησαν.
387 3917 449 3968 Ὢ
498 3916 677 3980 καλῶς
709 3918 822 3980 τοῖς
871 3918 1201 3986 σωματικοῖς
1238 3914 1518 3985 τροπαίοις
1546 3920 1713 3985 ἐμμε-

114 4010 488 4078 λετήσαντεςί
533 4008 597 4059 Ὢ
645 4006 824 4071 καλῶς
861 4006 1278 4077 μετενεγκόντες
1306 4007 1406 4076 τὴν
1435 4004 1529 4059 τοῦ
1559 4007 1710 4059 πολε-

121 4103 251 4171 μεῖν
277 4100 569 4170 ἐμπειρίαν
595 4100 673 4162 είς
699 4099 799 4168 τὴν
821 4098 961 4151 κατὰ
982 4097 1075 4150 τοῦ
1102 4096 1350 4151 διαϐόλου
1376 4096 1702 4168 παράταξιν·

115 4195 180 4246 οὐ
213 4192 358 4261 ξίφει
406 4192 503 4256 τὰς
551 4195 739 4262 χεῖρας
784 4190 1139 4252 ὁπλίσαντες,
1192 4188 1314 4241 οὐδὲ
1372 4188 1464 4241 τὸν
1502 4190 1567 4241 ὲκ
1612 4186 1708 4240 τοῦ

121 4286 285 4351 ξύλου
313 4284 503 4356 θυρεὸν
546 4283 972 4354 προϐαλλόμενοι
994 4322 1007 4344 ,
1041 4281 1162 4335 οὐδὲ
1200 4281 1373 4351 χαλκῇ
1404 4296 1709 4350 περικεφα-

119 4378 285 4448 λαία,
335 4378 429 4429 καὶ
473 4357 703 4447 κνήμεῖτι
747 4375 1249 4446 περιφραξάμενοι,
1294 4373 1430 4453 ἀλλά
1471 4373 1572 4443 τὴν
1611 4370 1707 4425 τοῦ

1818 500 1885 553 lis
1911 515 2044 555 sane
2074 501 2239 554 etiam
2274 502 2493 557 vincula
2516 514 2841 561 ornamento
2866 516 3049 571 erant,
3081 516 3138 564 et
3173 509 3403 581 elegans

1816 599 1980 662 atque
2001 592 2308 662 jucundum
2335 593 2778 651 Christianorum
2808 601 2986 654 oculis
3015 602 3395 670 spectaculum

1810 682 2070 752 juventus
2100 685 2275 741 electa
2303 685 2358 739 in
2395 693 2549 741 tanto
2580 703 2833 753 numero,
2863 692 3277 761 pulchritudine
3310 695 3398 749 in-

1815 775 2009 844 signis,
2039 784 2197 831 atate
2225 777 2435 833 caeteris
2466 787 2759 848 praestans,
2783 799 2977 838 omnes
3005 784 3169 839 simul
3208 786 3398 843 eodem

1816 867 1961 922 inter
1995 883 2054 923 se
2078 885 2221 924 nexu
2255 871 2679 940 copulahantdr,
2707 873 2872 929 veluti
2909 889 3116 931 corona
3147 877 3401 948 quaedam

1814 968 1914 1014 aut
1950 969 2177 1032 torques
2203 973 2257 1017 et
2295 964 2497 1020 monile
2534 964 2743 1020 circum
2776 968 2977 1023 collum
3022 971 3401 1040 magnitudine

1814 1055 2042 1126 paribus
2074 1056 2315 1127 undique
2361 1060 2677 1130 margaritis
2720 1059 2951 1131 digestis
3005 1072 3168 1134 atque
3199 1046 3425 1119 distin-I

1813 1148 1918 1201 etis
1970 1146 2222 1219 insigne:
2259 1149 2396 1205 tales
2442 1159 2605 1204 erant
2642 1154 2843 1218 sancti,
2889 1154 2983 1222 qui
3017 1164 3071 1209 et
3101 1170 3198 1225 per
3236 1155 3396 1211 ﬁden-

1814 1238 1977 1303 uniti,
2011 1247 2066 1294 et
2094 1254 2191 1309 per
2219 1241 2436 1296 vincula
2464 1243 2609 1298 inter
2635 1259 2694 1299 se
2723 1246 3013 1301 constricti
3042 1254 3221 1301 erant.
3258 1246 3396 1302 Cun‘.

1812 1331 1958 1385 enim
2000 1332 2383 1403 unusquisque
2410 1348 2510 1403 per
2541 1349 2601 1390 se
2643 1336 2857 1405 pulchri
2904 1346 3115 1404 essent,
3150 1339 3400 1395 accessio

1813 1431 1980 1493 atque
2046 1423 2448 1480 incrementum
2533 1427 2963 1495 pulchritudinis
3045 1430 3184 1486 alter
3239 1430 3398 1486 alteri

1811 1520 1989 1566 erant.
2022 1510 2195 1578 Quale
2224 1515 2280 1567 in
2312 1513 2637 1569 cmlestibus
2687 1515 2893 1572 accidit
2929 1519 3232 1583 miraculis,
3269 1534 3397 1575 cum

1813 1619 2009 1660 serena
2061 1620 2126 1660 ac
2184 1621 2321 1675 pura
2371 1614 2534 1662 nocte
2577 1609 2859 1663 stellarum
2908 1611 3077 1666 decor
3131 1612 3272 1667 alius
3304 1628 3400 1683 per

1812 1697 1979 1751 alium
2018 1697 2381 1769 distinguitur
2425 1706 2481 1756 et
2522 1712 2781 1764 ornatur,
2845 1718 3175 1775 unaquaque
3207 1720 3399 1759 earum

1812 1808 1972 1849 suum
2024 1792 2375 1864 splendorem
2433 1791 2502 1846 ad
2545 1807 2897 1849 communem
2956 1804 3209 1851 ornatum
3270 1796 3399 1852 caeli

1811 1884 1977 1941 simul
2007 1885 2391 1941 contribuente
2423 1904 2436 1940 :
2472 1887 2584 1942 tale
2609 1895 2728 1942 erat
2756 1894 3073 1942 sanctorum
3108 1899 3398 1958 spectacu-

1811 1974 1946 2041 lum,
1992 1989 2143 2038 vere,
2192 1983 2253 2029 ιιι
2305 1976 2511 2031 alicubi
2557 1976 2738 2047 inquit
2769 1976 3018 2033 Ezechiel
3066 1978 3327 2050 propheta
3349 1978 3398 2044 ⁸,

1810 2065 1951 2120 visio
1993 2065 2308 2134 lampadum
2347 2066 2802 2123 discurrentium.
2834 2066 3115 2123 Lubenter
3159 2068 3399 2139 pulchr;-

1810 2158 1991 2213 tudini
2041 2159 2231 2214 l‘orrna-
2283 2167 2339 2213 et
2389 2160 2569 2215 aetatis
2621 2160 2801 2215 oratio
2856 2160 3205 2215 immoratur.
3248 2160 3400 2216 Solet

1809 2251 1981 2313 enim,
2037 2260 2096 2305 ut
2146 2252 2325 2322 inquit
2372 2252 2655 2323 Sapientia
2677 2254 2719 2314 ‘.
2759 2268 2828 2309 ex
2866 2253 3245 2323 magnitudine
3273 2254 3398 2324 pul-

1810 2342 2147 2398 chritudinis
2200 2353 2581 2398 creaturarum
2630 2344 2799 2400 etiam
2829 2359 2893 2399 ea
2930 2359 3052 2415 quae
3080 2352 3168 2401 est
3219 2345 3273 2399 in
3307 2359 3401 2399 oc-

1813 2435 1985 2500 culto,
2036 2434 2391 2504 pulchritudo
2441 2436 2727 2500 aestimari,
2787 2437 3047 2507 quoniam
3099 2443 3155 2491 et
3229 2435 3399 2490 animi

1809 2527 2025 2598 puritas
2057 2542 2154 2597 per
2200 2527 2252 2582 id
2286 2528 2431 2598 quod
2469 2528 2791 2597 apparebat,
2823 2527 3211 2583 eluceSCebat:
3257 2536 3313 2583 et
3350 2528 3400 2583 is

1810 2619 1904 2690 qui
1930 2619 2227 2689 apparebat
2258 2620 2443 2684 homo,
2480 2621 2705 2691 dignum
2743 2620 3083 2681 domicilium
3132 2629 3249 2676 erat
3276 2621 3400 2691 ejus

1808 2712 1901 2782 qui
1948 2712 2171 2777 latebat,
2220 2720 2275 2765 et
2322 2711 2501 2767 visum
2549 2712 2865 2782 ell‘ugiehat‘.
2901 2711 3074 2777 Quam
3110 2711 3400 2782 pulchrum

1808 2805 1973 2874 igitur
1987 2812 2120 2858 tunc
2137 2805 2486 2875 intuentibus
2501 2814 2621 2859 erat
2636 2805 3014 2873 spectaculum
3035 2804 3059 2857 ἲ
3077 2804 3392 2875 pulchrum,

1808 2897 2049 2968 inquam,
2081 2896 2151 2952 iis
2195 2897 2290 2967 qui
2324 2897 2550 2966 pulchra
2607 2907 2774 2967 atque
2823 2896 3090 2965 praeclara
3145 2896 3398 2951 contueri

1809 2993 2024 3057 volunt,
2055 2990 2351 3060 pulchrum
2382 2990 2613 3060 angelis,
2665 2988 2956 3058 pulchrum
2995 2985 3399 3056 supramunda-

1812 3083 1901 3155 nis
1930 3083 2261 3148 virtutibus;
2296 3082 2556 3138 acerbum
2588 3096 2721 3137 vero
2758 3081 3119 3146 damonibus,
3157 3087 3211 3135 et
3232 3087 3397 3150 quot-

1812 3183 1946 3245 quot
1992 3175 2305 3230 daemonum
2353 3175 2561 3230 cultum
2592 3174 3090 3243 amplectebantur,
3146 3172 3398 3228 homines

1813 3268 1889 3338 (si
1930 3267 2094 3322 modo
2141 3267 2394 3323 homines
2424 3266 2667 3327 dicendi,
2696 3266 2789 3335 qui
2818 3273 2971 3319 tanta
3018 3264 3399 3334 magnitudine

1812 3360 2017 3416 indolis
2064 3358 2494 3423 excelluerunt),
2541 3358 2742 3412 milites
2779 3356 3008 3419 Christi,
3052 3355 3229 3412 sancti
3274 3355 3401 3426 Spi-

1810 3452 1951 3507 ritus
2005 3449 2283 3520 armigeri,
2350 3448 2473 3504 lidei
2524 3449 2893 3519 antesignani,
2964 3457 3144 3502 turres
3197 3447 3401 3502 divina

1811 3543 2074 3606 civitatis,
2119 3542 2212 3612 qui
2252 3556 2471 3596 omnem
2520 3548 2927 3594 tormentorum
2973 3554 3193 3610 poenam
3234 3546 3401 3609 atque

1811 3635 2224 3699 contumeliam,
2274 3649 2467 3689 omnes
2510 3642 2753 3689 terrores
2801 3632 3143 3703 ingruentes,
3178 3646 3398 3687 omnem

1812 3730 2081 3784 minarum
2118 3728 2247 3795 vim,
2278 3738 2536 3797 tanquam
2577 3725 2839 3795 puerilem
2882 3724 3172 3794 quamdam
3212 3737 3401 3776 amen-

1810 3822 1941 3876 tiam
1970 3821 2313 3876 deridehant.
2369 3818 2602 3873 Perinde
2631 3831 2697 3871 ac
2744 3817 2790 3873 si
2824 3831 2930 3871 non
2960 3830 3191 3883 corpora
3214 3813 3402 3869 verbe-

1812 3914 2330 3985 ribus~praeherent,
2363 3908 2458 3965 sed
2492 3923 2787 3979 corporum
2832 3908 3095 3962 umbras:
3146 3906 3241 3977 qui
3272 3920 3397 3961 cum

1811 4022 1979 4063 carne
2008 4018 2229 4060 carnem
2275 4001 2635 4062 devicissent,
2682 4006 2737 4054 et
2764 4004 3140 4066 contemptum
3180 3996 3395 4061 mortis,

1811 4114 2004 4153 oumcs
2060 4104 2423 4168 tyrannorum
2489 4100 2732 4146 terrores
2791 4088 3172 4159 magnitudine
3228 4087 3395 4143 animi

1810 4198 2188 4262 superassent,
2244 4189 2483 4242 humana
2551 4177 2869 4240 conditione
2924 4185 3241 4253 superiores
3290 4179 3398 4236 visl

1811 4290 1958 4339 sunt.
1990 4279 2036 4337 Ο
2063 4281 2156 4352 qui
2190 4279 2457 4351 praeclare
2491 4276 2775 4333 exercitati
2819 4285 2967 4341 sunt,
3016 4274 3109 4345 qui
3143 4272 3398 4343 peritiam

1813 4375 2049 4431 bellandi
2108 4375 2165 4428 in
2207 4373 2379 4426 aciem
2434 4370 2701 4425 adversus
2742 4368 3021 4424 diabolum
3072 4370 3397 4422 instructam

121 4467 259 4521 Θεοῦ
288 4465 590 4520 πανοπλίαν
630 4464 988 4526 ἀναλαϐόντες
1010 4505 1023 4527 ,
1061 4464 1130 4534 ἢν
1156 4462 1444 4533 διαγράφει
1480 4462 1509 4514 6
1540 4478 1704 4532 στρα-

1813 4461 2246 4518 transtuleruntl
2297 4474 2404 4514 nou
2435 4457 2616 4528 gladio
2646 4472 2842 4513 manus
2882 4465 3183 4520 armantes,
3219 4471 3399 4527 neque

120 4558 291 4629 τηγδς
321 4558 421 4626 τῆς
474 4556 818 4626 Ἐκκλησίας,
864 4556 893 4607 6
931 4554 1073 4617 θεῖος
1120 4553 1461 4617 Ἀπόστολος,
1491 4552 1705 4623 θυρεὸν,

124 4650 225 4703 καῖ
242 4648 490 4719 θώρακα,
516 4650 608 4701 καὶ
630 4645 1179 4719 περικεφαλαίαν,καὶ
1209 4644 1503 4715 μάχαιραν·
1528 4643 1702 4706 οὕτως

125 4740 369 4811 ἐχώρουν
409 4740 549 4792 κατά
588 4740 688 4808 τῆς
717 4738 966 4798 ἐναντίας
997 4737 1300 4806 δυνάμεως.
1350 4737 1704 4809 Ἐστρατήγει

124 4833 182 4889 δὲ
212 4830 419 4885 τούτων
452 4832 547 4901 μὲν
577 4833 609 4901 ῆ
638 4831 862 4901 οὐρανία
891 4831 1071 4900 χάρις’
1109 4830 1207 4900 τῆς
1241 4829 1297 4882 δὲ
1331 4829 1426 4883 τοῦ
1458 4830 1704 4882 διαϐόλου

128 4923 511 4995 παρατάξεως,
545 4921 572 4972 6
594 4920 730 4990 ἔχων
753 4919 845 4973 τοῦ
871 4919 1100 4972 θανάτου
1122 4919 1181 4972 τὸ
1202 4919 1420 4989 κράτος.
1450 4919 1625 4981 Τόπος
1651 4918 1706 4970 δὲ

125 5018 226 5087 τῆς
256 5014 613 5087 παρατάξεως
643 5014 844 5077 αὐτοῖς,
874 5012 935 5064 τὸ
962 5011 1069 5063 τῶν
1115 5011 1413 5081 μιαιφόνων
1449 5010 1707 5078 δικαστή-

128 5125 243 5179 ριον
272 5102 362 5177 ἦν·
401 5107 458 5156 ἐν
493 5104 687 5174 ἐκείνῳ
733 5102 1025 5163 συστάντες
1063 5101 1443 5172 διηγωνίζοντο
1468 5141 1482 5163 ,
1515 5102 1564 5152 οἱ
1609 5100 1708 5167 μὲν

125 5199 380 5261 ἀπειλαῖς
419 5194 927 5269 ἀκροϐολιζόμενοι,
970 5195 1019 5246 οἱ
1053 5194 1108 5246 δὲ
1150 5193 1239 5246 διὰ
1284 5196 1383 5265 τῆς
1432 5192 1709 5263 ὑπομονῆς

127 5292 484 5363 ἀμυνόμενοι.

1816 4553 2067 4624 clypeum
2126 4551 2364 4621 ligneum
2397 4548 2743 4618 objicientes,
2796 4561 2977 4616 neque
3027 4562 3168 4601 :urea
3221 4546 3395 4615 galea,

1812 4644 2102 4713 ocreisque
2133 4641 2353 4702 muniti,
2390 4641 2488 4696 sed
2546 4647 2884 4694 armaturam
2936 4638 3028 4693 Dei
3082 4646 3396 4692 sumentes:

1813 4750 1978 4806 quam
2009 4743 2211 4805 praetor
2241 4741 2295 4788 et
2325 4733 2434 4787 dux
2466 4732 2750 4799 Ecclesiae,
2783 4731 3004 4786 divinus
3036 4731 3125 4787 ille
3161 4732 3399 4800 Aposto~

1813 4828 1900 4883 lus
1926 4826 2188 4882 describit
2205 4827 2247 4890 ⁷,
2272 4834 2489 4880 scutum
2506 4832 2562 4879 et
2587 4823 2838 4888 loricam,
2874 4832 2928 4878 et
2955 4822 3188 4893 galeam,
3210 4828 3263 4876 et
3282 4820 3397 4892 gla-

1813 4918 1987 4983 dium,
2034 4917 2108 4970 ita
2155 4913 2456 4969 tendebant
2502 4913 2769 4967 adversus
2817 4912 3006 4981 c0pias
3052 4910 3397 4965 adversario-

1811 5024 1953 5063 rum.
2014 5009 2133 5062 Dux
2190 5016 2369 5061 autem
2443 5014 2561 5060 erat
2616 5004 2808 5058 horum
2887 5002 3107 5073 quidem
3155 4998 3396 5054 cuilcstis

1813 5100 2011 5171 gratia,
2042 5098 2242 5153 diaboli
2275 5108 2456 5151 autem
2488 5095 2649 5156 aciei.
2687 5095 2734 5149 is
2756 5095 2846 5163 qui
2880 5093 3074 5147 mortis
3106 5088 3394 5159 imperium

1814 5199 1985 5248 trnet.
2018 5190 2197 5245 Locus
2224 5190 2305 5244 eis
2353 5189 2513 5252 aciei,
2560 5187 2895 5243 nefariorum
2927 5193 2982 5239 et
3010 5180 3394 5252 sanguinario-

1816 5303 1936 5339 rum
1972 5284 2213 5340 tribunal
2242 5291 2363 5339 erat
2390 5304 2402 5337 :
2454 5284 2568 5337 illic
2594 5279 2876 5351 congressi
2904 5276 3281 5337 decertabant,
3317 5273 3394 5329 illi

126 5383 347 5453 quidem
400 5383 562 5437 minis
609 5396 841 5452 pugnam
895 5385 1272 5432 .nccsseutes:
1317 5377 1370 5430 bi
1422 5392 1552 5431 vero
1600 5393 1696 5447 per
1745 5378 2063 5448 patientiam
2120 5376 2506 5446 propulsantes
2561 5382 2616 5429 et
2666 5372 3002 5427 resistentes.

199 5479 475 5547 Πρότασις
516 5472 583 5546 ἦν
638 5473 787 5545 παρὰ
830 5471 938 5524 τῶν
984 5471 1337 5533 ὑπεναντίων,
1379 5470 1706 5539 ἐξόμνυσθαι

127 5572 225 5642 τὴν
258 5572 338 5632 εἰς
385 5568 493 5620 τὸν
519 5566 720 5637 Κύριον
772 5564 971 5628 πίστιν,
1017 5562 1048 5631 ἢ
1093 5560 1419 5630 ζημιοῦσθαι
1470 5561 1703 5631 θανάτῳ.

203 5754 224 5782 ⁵
270 5747 467 5802 Ezech.
510 5763 547 5811 I,
598 5746 675 5800 l3.
757 5747 776 5777 ⁸
816 5738 941 5813 Sap.
986 5758 1103 5804 nu,
1139 5740 1188 5797 5.

1884 5469 2299 5540 Proponehatur
2347 5468 2416 5523 ab
2469 5465 2823 5527 adversariis,
2877 5473 2936 5519 ut
2989 5463 3072 5516 vel
3134 5461 3293 5514 tidem
3336 5458 3392 5513 in

1819 5562 2108 5617 Dominum
2168 5562 2509 5632 abjurarent,
2560 5558 2645 5616 vel
2692 5566 2868 5613 morte
2898 5556 3303 5619 multarentur;
3335 5566 3392 5606 et

1267 5741 1285 5767 ⁷
1320 5740 1513 5811 Ephes.
1548 5758 1619 5807 Vl,
1654 5742 1707 5795 ll
1752 5758 1871 5813 sqq.
