3850 6388
486 251 591 308 763

1718 256 1776 312 S.
1804 252 2133 311 GRECORII
2157 253 2449 311 NYSSEM

3645 244 3757 296 τοι

480 367 913 438 respondebatur
958 386 989 426 a
1028 372 1161 427 viris
1210 372 1460 435 fortibus,
1511 389 1570 428 se
1611 373 1747 428 velle
1781 388 1954 442 usque
1984 372 2043 425 ad

2167 373 2481 445 Ἀπόκρισις
2503 371 2651 445 παρά
2677 371 2784 425 τῶν
2809 368 3094 443 ἀριστέων,
3117 365 3278 437 μέχρι
3300 362 3531 416 θανάτου
3560 377 3754 430 παρα-

479 469 707 517 mortem
755 479 1073 532 permanere
1108 465 1162 519 in
1197 481 1472 520 sermone.
1516 466 1662 536 Ignis
1689 467 1793 521 sub
1829 465 1943 519 haec
1974 465 2056 518 in-

478 551 824 617 tendebatur,
851 561 905 606 et
936 553 1152 623 gladius
1181 562 1236 608 et
1265 554 1608 617 barathrum,
1640 562 1695 608 et
1716 569 2056 623 quascunque

476 651 605 696 sunt
647 643 753 696 alia
785 643 1007 698 nomina
1067 645 1482 716 suppliciorum.
1523 643 1640 699 Una
1686 661 1788 699 vox
1820 646 1888 699 ad
1939 647 2054 702 haec

475 734 658 788 omnia
707 734 1055 800 audiebatur,
1095 736 1372 804 Christus,
1421 754 1584 808 quem
1622 753 1717 791 ore
1750 739 1924 793 sancti
1973 739 2052 792 illi

474 825 899 884 confitebantur.
970 827 1084 884 Hoc
1141 838 1261 885 erat
1321 830 1758 886 adversariorum
1827 831 2049 894 vulnus,

477 914 618 969 hanc
669 917 951 986 cuspidem
1003 917 1334 976 adversariis
1380 920 1732 990 objiciehant,
1777 935 1874 989 per
1909 920 2049 976 hanc

476 1019 664 1058 vocem
703 1006 754 1058 in
793 1006 972 1060 medio
999 1007 1164 1064 corde
1189 1009 1388 1066 vulnus
1422 1011 1773 1065 adversarius
1815 1010 2045 1078 accepit,

474 1095 564 1157 hic
594 1104 683 1152 est
717 1098 876 1166 lapis,
917 1100 1009 1166 qui
1044 1115 1140 1169 per
1169 1115 1389 1155 manum
1417 1101 1638 1157 Davidis
1685 1101 1850 1156 funda
1889 1102 2050 1157 emit-

474 1188 712 1253 tebatur,
737 1191 831 1260 qui
861 1207 889 1244 a
915 1193 1064 1262 galea
1094 1193 1418 1258 adversarii,
1449 1209 1559 1264 quo
1579 1194 1885 1250 destinatus
1906 1205 2044 1258 erat,

473 1295 584 1334 non
614 1280 907 1336 aberravit.
942 1283 1077 1338 Nam
1109 1284 1314 1342 Christi
1355 1285 1650 1353 confessio,
1687 1287 1814 1342 boni
1857 1289 2046 1344 militis

475 1369 638 1425 funda
678 1375 938 1430 exsistit:
982 1376 1131 1432 cadit
1164 1377 1443 1445 inimicus,
1492 1387 1548 1435 et
1575 1389 1740 1450 caput
1772 1379 1976 1434 amittit
1999 1380 2042 1435 ⁸.

473 1460 677 1518 Verum
716 1467 876 1535 quasi
926 1467 1154 1524 habenis
1203 1469 1454 1526 excussis
1485 1471 1662 1525 oratio
1697 1473 2046 1541 praeterlapsa

471 1563 577 1620 est,
629 1564 683 1611 et
721 1559 985 1615 terminos
1037 1561 1318 1626 transiliit,
1375 1573 1430 1617 et
1458 1563 1526 1616 ad
1567 1561 1881 1616 audendum
1935 1577 2042 1616 non

2161 466 2346 536 μένειν
2383 465 2460 536 τῷ
2495 465 2658 534 λόγῳ.
2689 463 2809 535 Πῦρ
2837 462 2930 514 ἐπὶ
2963 460 3174 520 τούτοις
3205 455 3485 526 ἡπείλητο,
3519 453 3616 505 καὶ
3658 454 3750 518 ξί-

2157 572 2284 623 φος,
2310 556 2404 610 καλ⁸
2433 555 2724 626 βάραθρον,
2778 554 2873 606 καὶ
2905 553 3006 604 ὅσα
3031 548 3166 604 ἀλλα
3207 548 3317 600 τῶν
3358 545 3748 614 κολαστηρίων

2151 647 2410 718 ὀνόματα.
2447 647 2560 701 Μία
2585 645 2737 716 φωνὴ
2769 643 2904 714 πρὸς
2932 640 3105 695 ταῦτα
3127 640 3302 692 πάντα
3322 635 3572 706 ἠκούετο,
3604 636 3656 687 Χ
3666 652 3750 704 ρι-

2153 739 2276 804 στὸς
2293 741 2352 792 ἐν
2371 742 2484 804 τοῖς
2509 739 2738 808 στόμασι
2772 737 2879 790 τῶν
2905 735 3073 804 ἀγίων
3100 730 3550 800 ὁμολογούμενος.
3578 727 3742 797 Αὕτη

2148 825 2216 902 ἦν
2244 833 2277 902 ἡ
2309 830 2418 883 τῶν
2448 831 2705 884 ἐναντίων
2741 829 2948 898 πληγή.
2979 825 3196 893 Ταύτην
3239 821 3552 893 προέτεινον
3589 821 3742 872 κατά

2148 921 2242 973 τοῦ
2273 920 2468 992 ἐχθροῦ
2495 921 2594 992 τὴν
2615 921 2838 990 αἰχμήν.
2870 917 2968 970 Διά
2990 915 3193 985 ταύτης
3218 914 3315 982 τῆς
3341 912 3523 981 φωνῆς
3553 910 3739 980 μέσην

2149 1010 2362 1084 ἐτρώθη
2401 1012 2500 1084 τὴν
2530 1011 2756 1083 καρδίαν
2789 1011 2818 1062 6
2865 1006 3283 1076 Ἀντικείμενος.
3307 995 3476 1065 Οὗτος
3513 1004 3544 1054 6
3580 1001 3740 1063 3.569;

2149 1105 2297 1158 ἐστὶν
2329 1107 2356 1158 6
2385 1107 2442 1158 ἐν
2465 1107 2530 1176 τῇ
2565 1102 2713 1175 χειρὶ
2753 1100 2847 1155 τοῦ
2877 1099 3044 1152 Δαὸὶδ
3075 1095 3547 1167 σφενδονούμενος,
3577 1095 3604 1145 6
3635 1110 3740 1144 τυ-

2146 1193 2257 1265 χὼν
2281 1196 2377 1266 τῆς
2397 1193 2825 1268 περικεφαλαίας
2844 1189 2937 1244 τοῦ
2972 1184 3392 1256 Ἀντικειμένου.
3416 1184 3483 1236 Ἦ
3497 1184 3608 1253 γάρ
3630 1180 3736 1234 τοῦ

2147 1285 2384 1358 Χριστοῦ
2416 1286 2693 1354 ὁμολογία,
2726 1283 2980 1356 σφενδόνη
3005 1279 3211 1350 γίνεται
3240 1275 3333 1328 τοῦ
3361 1273 3527 1327 καλοῦ
3562 1289 3737 1342 στρα-

2144 1376 2360 1432 τιώτου.
2381 1379 2575 1431 Πίπτει
2597 1379 2626 1431 6
2661 1376 2902 1448 Ἐχθρὸς,
2917 1373 3011 1427 καὶ
3031 1369 3298 1439 ἀκέφαλος
3315 1367 3543 1435 γίνεται.
3561 1362 3736 1415 Ἀλλά

2147 1464 2461 1538 παρηνέχθη
2498 1465 2805 1536 ἀφηνιάσας
2835 1465 2863 1517 6
2908 1461 3086 1530 λόγος,
3128 1459 3222 1512 καὶ
3252 1456 3392 1527 ὺπέρ
3418 1454 3544 1516 τοὺς
3564 1454 3732 1523 ὅρους

2145 1555 2445 1622 ἐξάλλεται,
2484 1557 2580 1610 καὶ
2606 1556 2715 1610 τῶν
2747 1556 3001 1627 ἀρρήτων
3029 1548 3343 1618 κατατολμᾷ
3365 1587 3380 1610 ,
3415 1545 3511 1598 καὶ
3541 1543 3732 1611 λέγειν

469 1649 699 1704 dicenda
736 1651 980 1720 proferre
1014 1653 1351 1722 provehitur,
1398 1653 1558 1724 quasi
1597 1653 1894 1724 spectatrix
1927 1653 2043 1708 fue-

2147 1648 2471 1720 προάγεται,
2501 1649 2574 1714 ώς
2593 1647 2857 1720 παρείθεα
2873 1647 2969 1717 τῆς
2995 1646 3105 1698 τῶν
3138 1641 3383 1740 ἀοράτων
3407 1637 3730 1740 γενόμενος.

471 1740 545 1794 fit
591 1717 780 1796 earum
831 1717 1030 1798 rerum-
1065 1760 1186 1814 quae
1220 1717 1732 1816 visum'effugiunt,
1775 1746 1920 1815 quod
1968 1746 2040 1800 ob

2147 1717 2229 1792 ὅτι
2259 1739 2352 1793 ἐπὶ
2375 1741 2441 1810 τῇ
2471 1717 2694 1810 τοιαύτη
2721 1739 2871 1806 φωνῇ
2894 1738 2961 1807 τῇ
2983 1734 3076 1788 τὸν
3103 1730 3336 1804 Χριστὸν
3361 1731 3418 1781 ἐν
3444 1724 3734 1802 παρῂσίᾳ

470 1832 741 1896 ejusmodi
763 1849 971 1898 vocem,
1007 1853 1129 1906 quae
1145 1836 1422 1894 Christum
1452 1839 1624 1895 libere
1655 1841 2039 1905 confitebatur,

467 1941 634 1996 supra
667 1926 890 1997 plausus
930 1937 1050 1984 erat
1089 1939 1144 1983 et
1175 1931 1293 1988 laus
1327 1946 1357 1985 a
1391 1932 1600 1988 sanctis
1645 1933 1875 2004 angelis,
1910 1934 2042 1990 item

469 2018 798 2073 acclamatio
829 2020 1008 2076 fausta
1042 2022 1284 2078 cmlestis
1309 2023 1462 2079 urbis
1490 2023 1690 2078 civium
1710 2025 2045 2095 applauden-

467 2109 604 2163 tium
636 2110 713 2165 rei
742 2111 878 2166 bene
906 2123 1090 2182 gestas.
1130 2114 1196 2168 ad
1230 2115 1344 2169 hinc
1370 2116 1625 2184 gaudium
1659 2118 1896 2174 universi
1931 2133 2044 2173 cm-

468 2201 624 2258 lestis
677 2215 1005 2261 conventus.
1065 2207 1237 2273 Quale
1291 2209 1434 2263 enim
1471 2211 1681 2279 angelis
1727 2211 1780 2264 in
1839 2211 2045 2267 mundo

469 2295 748 2350 hominum
783 2298 1074 2353 conﬂatum
1108 2310 1193 2356 est
1218 2303 1635 2371 spectaculum?
1660 2305 1876 2374 qualem
1909 2321 2044 2359 con-

467 2388 675 2443 llictum
712 2391 911 2446 diaboli
954 2401 1008 2447 et
1044 2395 1323 2450 hominum
1363 2396 1617 2452 viderunt
1666 2405 1870 2453 nostra:
1917 2400 2044 2454 vita:

470 2484 852 2550 spectatores?
882 2485 1056 2550 Quam
1111 2488 1446 2543 contrarium
1479 2489 1647 2559 priori
1679 2504 1871 2559 pugnae
1909 2504 2044 2544 con-

467 2587 716 2641 gressum
749 2573 958 2637 habuit,
989 2591 1115 2631 cum
1149 2592 1377 2647 serpens
1408 2578 1675 2632 Adamum
1702 2577 1905 2634 devicit
1927 2578 2044 2636 ?Ne

468 2679 638 2717 unum
676 2665 894 2735 quidem
930 2666 1092 2720 homo
1122 2677 1255 2722 tunc
1301 2667 1565 2723 sustinuit
1597 2670 1859 2739 impetum
1889 2669 2041 2736 mali,

465 2769 576 2824 quo
616 2770 712 2824 per
737 2758 1027 2826 quemdam
1069 2759 1377 2828 speciosum
1412 2768 1731 2830 pra-textum
1762 2770 1816 2815 et
1856 2776 2042 2816 escam

467 2842 668 2911 petitus
698 2854 854 2898 erat:
889 2843 986 2898 sed
1012 2845 1176 2902 simul
1201 2857 1364 2917 atque
1399 2849 1492 2905 ille
1535 2849 1718 2914 irruit,
1756 2851 1920 2906 etiam
1953 2852 2042 2906 hic

466 2936 624 2988 ruina
679 2951 905 2993 eversus
959 2947 1064 2998 est.
1125 2939 1182 2997 In
1235 2939 1320 2994 his
1354 2955 1484 2996 vero
1529 2943 1786 2998 omnibus
1827 2943 1949 2997 vani
1991 2952 2045 2998 et

468 3027 773 3084 inellicaces
803 3042 960 3085 erant
980 3029 1188 3085 inimici
1215 3040 1468 3088 conatus.
1493 3033 1656 3104 Spem
1689 3035 2034 3098 ostendebat,

467 3117 522 3172 bi
553 3134 684 3173 vero
715 3121 1086 3189 respuebant:
1133 3131 1372 3180 terrores
1427 3126 1763 3192 intendebat,
1813 3128 1866 3182 hi
1909 3144 2037 3183 vero

464 3209 809 3264 deridebant.
831 3208 986 3266 Unus
1001 3213 1082 3266 eis
1113 3223 1292 3270 metus
1313 3215 1465 3272 solus
1495 3225 1635 3281 erat,
1671 3234 1738 3272 nc
1763 3234 1792 3272 a
1823 3218 2042 3273 Christo

465 3300 918 3372 sejungerentur;
975 3318 1142 3357 unum
1198 3304 1422 3373 bonum,
1463 3322 1586 3363 esse
1643 3323 1764 3362 cum
1822 3307 2044 3364 Christo

465 3393 624 3459 solo;
657 3400 855 3448 czrtera
888 3409 1018 3449 vero
1044 3396 1250 3460 omnia,
1282 3400 1428 3454 risus
1453 3408 1507 3454 et
1530 3399 1743 3464 umbra,
1779 3417 2046 3471 nugmque

465 3491 520 3536 et
553 3482 897 3538 somniorum
925 3485 1060 3540 visis
1086 3486 1306 3542 similia.
1338 3487 1635 3560 PrOpterea
1661 3491 1842 3546 oratio
1873 3493 1942 3548 de
1976 3493 2044 3547 iis

465 3588 588 3642 quae
645 3583 930 3643 aspectum
984 3574 1286 3648 elfugiunt,
1344 3579 1494 3648 loqui
1550 3581 1819 3643 sustinet.
1868 3592 1923 3638 et
1967 3585 2043 3638 ait

463 3665 612 3734 quod
643 3665 823 3721 omnis
850 3670 1334 3737 supramundanus
1365 3673 1640 3729 exercitus
1680 3675 1751 3729 ob
1774 3691 1886 3730 rem
1921 3691 2044 3746 quae

462 3762 682 3830 egregie
713 3759 781 3814 ab
827 3761 1048 3815 athletis
1080 3762 1198 3818 istis
1239 3765 1551 3834 gerebatur,
1609 3768 1903 3822 laetaretur.
1934 3769 2044 3822 Ad-

466 3850 574 3904 huc
623 3850 805 3904 oratio
848 3852 902 3906 in
938 3853 1103 3907 rebus
1142 3868 1250 3908 non
1297 3856 1574 3910 tentandis
1620 3873 1742 3913 sese
1786 3858 1942 3912 etl'ert
1989 3869 2044 3914 et

463 3944 628 3999 audet
654 3961 670 4000 :
699 3945 878 4000 adhuc
895 3947 1336 4016 supramundana
1359 3950 1592 4005 sustinet
1621 3965 1865 4016 narrare,
1895 3953 2040 4021 quod

462 4046 591 4084 cum
630 4031 712 4086 liae
755 4048 844 4088 res
895 4033 1155 4088 nimirum
1188 4036 1276 4090 hic
1321 4052 1582 4106 prospere
1633 4050 1954 4109 gererentur
1986 4042 2042 4096 in

461 4120 719 4178 conﬂictu
750 4135 941 4178 contra
969 4125 1338 4192 adversarios,
1379 4127 1567 4197 justus
1595 4131 1912 4187 certaminis
1957 4131 2042 4186 in-

372 4219 381 4231 ‘
462 4215 686 4270 stitutor
745 4231 809 4270 ac
849 4232 1053 4286 praeses
1105 4233 1338 4274 coronas
1387 4220 1688 4276 victoribus
1738 4222 2041 4279 destinatas

464 4307 800 4375 proferebat,
854 4316 910 4364 et
962 4310 1260 4380 imperator
1289 4311 1458 4365 divini
1491 4315 1768 4369 exercitus
1819 4317 2038 4384 prtemia

2149 1828 2515 1901 ὁμολογούσῃ,
2555 1828 2747 1900 κρότος
2796 1828 2894 1898 μὲν
2927 1823 2994 1898 ἦν
3025 1825 3135 1879 ἀνω
3179 1823 3272 1876 καὶ
3300 1820 3519 1881 ἔπαινος
3572 1817 3734 1887 παρά

2149 1921 2257 1974 τῶν
2303 1920 2472 1989 ἁγίων
2515 1918 2782 1988 ἀγγέλων,
2812 1916 3057 1987 εὐφημία
3105 1915 3162 1967 δὲ
3205 1913 3310 1966 τῶν
3354 1909 3591 1964 πολιτῶν
3624 1910 3729 1977 τῆς

2149 2014 2406 2086 οὐρανίας
2452 2011 2659 2075 πόλεως
2713 2007 3145 2081 ἐπικροτούντων
3189 2005 3268 2076 τῷ
3301 2000 3725 2074 κατορθώματι,

2148 2104 2293 2177 χαρά
2326 2104 2383 2157 δὲ
2413 2104 2593 2174 πάσης
2609 2103 2708 2173 τῆς
2730 2104 2786 2156 ἐν
2807 2099 3021 2172 οὐρανῷ
3047 2097 3424 2171 πανηγύρεως.
3459 2088 3584 2147 Οἷον
3615 2093 3729 2162 γὰρ

2150 2199 2378 2268 συνέστη
2408 2198 2528 2251 τότε
2556 2199 2668 2260 τοῖς
2697 2194 2947 2264 ἀγγέλοις
2973 2195 3030 2246 ἐν
3051 2191 3130 2262 τῷ
3154 2190 3342 2260 κόσμῳ
3369 2187 3476 2241 τῶν
3509 2183 3727 2255 ἀνθρώ-

2151 2307 2267 2344 πων
2299 2291 2359 2343 τὸ
2387 2289 2640 2361 θέατρονί
2672 2288 2787 2342 οἵαν
2819 2281 2959 2341 εἶδον
2989 2283 3308 2355 συμπλοκὴν
3351 2280 3444 2334 τοῦ
3472 2277 3727 2332 διαϐόλου

2150 2384 2243 2436 καὶ
2271 2382 2378 2437 τῶν
2414 2381 2754 2452 ἀνθρώπων,
2773 2381 2823 2432 oi
2855 2377 3044 2431 θεαταὶ
3077 2377 3174 2446 τῆς
3215 2371 3490 2449 ἡμετέρας
3535 2368 3682 2438 ζωῆς
3708 2369 3723 2421 ί

2160 2476 2247 2539 Ὠς
2277 2470 2594 2528 ἀπεναντίον
2623 2477 2688 2544 τῇ
2720 2471 2910 2544 πρώτῃ
2941 2469 3086 2541 πάλη
3130 2467 3228 2538 τὴν
3264 2464 3515 2518 σύστασιν
3541 2463 3723 2533 ἔσχεν,

2148 2569 2236 2622 ὅτε
2264 2569 2292 2621 6
2312 2568 2433 2638 ὄφις
2451 2567 2543 2620 τὸν
2583 2567 2753 2637 ’Δδάμ
2774 2564 3172 2620 κατεπάλαισεν
3196 2563 3214 2618 '.
3243 2561 3357 2613 Οὐκ
3376 2559 3574 2629 ἤνεγκε
3598 2557 3723 2609 τότε

2150 2660 2432 2730 ἅνθρωπος
2462 2659 2590 2729 μίαν
2617 2658 2710 2711 τοῦ
2741 2655 2984 2728 Πονηροῦ
3012 2652 3330 2724 προσϐολὴν,
3355 2650 3442 2703 διά
3460 2667 3602 2712 τινος
3632 2651 3726 2702 εὑ-

2150 2753 2338 2824 χροίας
2389 2753 2483 2806 καὶ
2539 2751 2899 2821 ⁴’Ξελεάσματος
2941 2747 3089 2817 αὐτῷ
3139 2745 3568 2816 προσαχθεῖσαν·
3602 2741 3722 2797 ἀλλ’

2149 2845 2282 2917 ὁμοῦ
2333 2862 2392 2899 τε
2439 2843 2766 2916 προσέπεσε,
2819 2842 2911 2895 καὶ
2958 2839 3236 2910 ἀνετράπη
3313 2836 3392 2905 τῷ
3444 2833 3719 2908 πτώματι.

2162 2939 2286 2991 Ἐπὶ
2314 2936 2516 2990 τούτων
2563 2935 2621 2989 δὲ
2657 2935 2874 2988 πάντων
2922 2930 2990 3005 ἦν
3019 2933 3165 3004 ἀργὰ
3210 2931 3304 2984 καὶ
3335 2929 3592 2999 ἄπρακτα
3623 2927 3720 2978 τοῦ

2163 3033 2390 3104 Ἐχθροῦ
2419 3031 2488 3086 τὰ
2515 3029 2888 3098 παλαίσματα.
2928 3027 3178 3088 Ἐλπίδας
3214 3023 3541 3096 προέτεινεν,
3575 3023 3625 3073 οί
3665 3020 3724 3072 δέ

2147 3123 2502 3178 κατεπάτουν·
2545 3119 2738 3191 φόϐους
2770 3118 2983 3189 ὴπείλει
3008 3158 3022 3181 ,
3054 3119 3103 3169 οἱ
3135 3116 3191 3169 δὲ
3236 3113 3562 3183 κατεγέλων.
3621 3112 3722 3166 Ἐν

2147 3216 2376 3288 φοϐερὸν
2395 3209 2462 3285 ἦν
2494 3215 2649 3284 μόνον
2675 3213 2878 3274 αὐτοῖς,
2906 3211 2966 3263 τὸ
2985 3208 3077 3262 τοῦ
3105 3206 3339 3278 Χριστοῦ
3363 3204 3717 3279 χωρισθῆναι·

2146 3308 2203 3363 ἐν
2229 3308 2451 3376 ἀγαθὸν,
2486 3306 2547 3359 τὸ
2578 3304 2715 3374 μετὰ
2739 3301 2974 3375 Χριστοῦ
3005 3299 3142 3355 εἶναι
3173 3300 3353 3372 μόνου·
3398 3299 3467 3352 τὰ
3493 3297 3550 3350 δέ
3583 3297 3720 3350 ἄλλα

2145 3401 2344 3464 πάντα,
2379 3397 2554 3464 γέλως
2595 3398 2689 3450 καὶ
2724 3395 2872 3456 σκιὰ,
2910 3393 3006 3448 κα)⁸
3049 3391 3286 3462 φλυαρία
3331 3391 3425 3443 καὶ
3460 3387 3719 3464 ὀνειρώδη

2147 3491 2528 3562 φαντάσματα.
2575 3489 2673 3542 Διά
2713 3487 2887 3547 ταῦτα
2932 3484 3244 3555 κατατολμᾷ
3274 3481 3380 3535 τῶν
3413 3481 3656 3534 ἀθεάτων
3691 3480 3720 3532 6

2145 3564 2334 3653 λόγος,
2383 3581 2476 3635 καί
2509 3597 2672 3651 φησιν
2713 3576 3112 3646 ἐπαγάλλεσθαι
3149 3577 3326 3628 πᾶσαν
3349 3573 3450 3642 τὴν
3481 3571 3717 3643 ὑπερκό-

2145 3693 2304 3747 σμιον
2335 3674 2560 3745 δύναμιν
2593 3671 2671 3742 τῷ
2710 3670 2815 3723 τῶν
2856 3666 3105 3740 ἀθλητῶν
3144 3663 3553 3736 κατορθώματι.
3585 3662 3718 3740 ⁴Ἔτι

2143 3769 2172 3820 6
2214 3766 2371 3835 λόγος
2413 3765 2554 3820 κατά
2579 3762 2688 3816 τῶν
2719 3760 3039 3831 ἀτολμήτων
3062 3756 3405 3828 θρασύνεται·
3434 3754 3513 3809 ἔτι
3545 3753 3718 3823 τολμᾷ

2143 3855 2445 3925 διηγεῖσθαι
2474 3852 2544 3906 τά
2569 3850 2941 3924 ὑπερκόσμια,
2971 3850 3051 3901 ὅτι
3083 3846 3288 3900 τούτων
3319 3844 3553 3905 ἐνταῦθα
3583 3863 3714 3896 κατ⁴

2144 3945 2510 4018 ορθουμένων,
2543 3945 2600 3997 ἐν
2645 3947 2714 4014 τῇ
2749 3940 2883 4014 πρὸς
2909 3941 3035 4003 τοὺς
3078 3939 3350 4000 ἐναντίους
3375 3936 3660 4007 συμπλοκῇ
3689 3937 3717 3988 6

2143 4040 2347 4102 δίκαιος
2372 4037 2712 4107 ἀγωνοθέτης
2739 4038 2863 4100 τοὺς
2895 4036 2987 4088 ἐπὶ
3012 4037 3078 4108 τῇ
3108 4035 3234 4106 νίκῃ
3264 4031 3562 4102 στεφάνους
3591 4048 3714 4101 προ-

2144 4130 2368 4194 έτεινεν,
2415 4128 2509 4181 καὶ
2551 4129 2579 4179 6
2625 4125 3059 4197 ἀρχιστράτηγος
3109 4123 3209 4193 τῆς
3242 4122 3390 4185 θείας
3438 4121 3716 4192 δυνάμεως

2144 4221 2212 4276 τά
2265 4221 2513 4293 ἀριστεῖα
2557 4221 2668 4284 τοῖς
2721 4220 2968 4288 νικηταῖς
3028 4213 3459 4286 παρεσκεύαζεν,
3513 4215 3608 4267 καὶ
3657 4213 3717 4266 τὸ

2145 4317 2371 4388 Πνεῦμα
2409 4315 2470 4370 τὸ
2518 4315 2672 4382 ἅγιον
2724 4315 2837 4376 τοῖς
2885 4311 3244 4372 παντοδαποῖς
3302 4304 3568 4373 ἐδεξιοῦτο
3618 4323 3717 4376 χαο

461 4399 766 4455 victoribus
812 4402 1175 4471 praeparabat,
1221 4411 1275 4458 et
1317 4403 1554 4473 Spiritus
1589 4416 1812 4462 sanctus
1860 4409 2029 4464 variis

2148 4411 2423 4483 ρίσμασιν.
2451 4407 2665 4478 Ἐπειδὴ
2695 4408 2802 4477 γὰρ
2834 4407 2914 4470 είς
2940 4405 3039 4476 τὴν
3070 4402 3278 4475 Τριάδα
3310 4402 3343 4473 ή
3373 4401 3555 4462 πίστις
3568 4399 3715 4466 ὡμο-

461 4491 627 4550 donis
661 4507 758 4547 eos
786 4491 1110 4564 excipiebat.
1140 4494 1410 4561 Quoniam
1450 4497 1596 4551 enim
1629 4497 1787 4554 fidem
1821 4500 1874 4554 in
1913 4499 2036 4555 'l‘ri-

463 4584 690 4638 nitatem
738 4583 1152 4654 profitebantur,
1200 4586 1404 4643 idcirco
1431 4589 1606 4659 gratia
1637 4606 1856 4661 quoque
1887 4593 1969 4648 eis
2008 4610 2039 4648 a

462 4667 732 4730 Trinitate
790 4675 1152 4731 referebatur.
1195 4675 1456 4742 Quaenam
1507 4689 1689 4735 autem
1748 4697 1812 4737 ea
1863 4687 2040 4751 gratia

459 4773 618 4824 erat?
648 4767 763 4824 Hoc
807 4771 983 4840 ipsum
1018 4779 1077 4824 ut
1119 4773 1526 4840 prazstantiores
1565 4775 1758 4845 primis
1792 4777 2036 4846 athletis,

459 4861 690 4922 Adamn,
724 4861 970 4931 inquam,
1001 4871 1053 4917 et
1079 4863 1187 4918 Eva
1217 4866 1746 4922 demnnstrarentnr.
1782 4868 1863 4923 llli
1893 4878 2044 4925 stan-

457 4961 568 5009 tem
620 4956 916 5010 humanam
951 4964 1200 5010 naturam
1248 4974 1342 5025 per
1374 4968 1655 5029 peccatum
1700 4960 2041 5030 dejecerunt,

459 5043 516 5098 lii
544 5061 866 5114 oppressam
903 5049 1062 5102 ruina
1094 5051 1436 5120 superiorum
1463 5068 1555 5122 per
1581 5054 1902 5123 patientiam
1931 5073 2046 5111 rur-

457 5150 556 5190 sus
583 5144 901 5191 erexerunt.
963 5135 1044 5191 illi
1079 5154 1142 5193 ex
1199 5139 1457 5207 paradiso
1515 5141 1570 5196 in
1620 5151 1823 5198 terram
1876 5145 2037 5215 ejecti

456 5237 630 5296 sunt;
659 5230 745 5284 isti
777 5231 904 5286 hinc
933 5232 1000 5285 ad
1038 5231 1352 5300 paradisum
1383 5234 1738 5305 emigrarunt.
1780 5237 1863 5292 llli
1891 5255 2036 5293 mor-

458 5331 566 5375 tem
604 5323 868 5379 adversus
908 5327 1123 5395 seipsos
1162 5336 1444 5382 armarunt
1487 5329 1671 5399 (arma
1710 5334 1856 5388 enim
1893 5351 2038 5390 mor-

459 5415 554 5477 tis,
589 5414 783 5485 inquit,
815 5426 900 5472 est
946 5427 1292 5490 peccatum);
1332 5419 1386 5474 hi
1414 5433 1642 5479 mortem
1685 5435 1909 5495 peccatu
1941 5445 2034 5480 ar-

463 5511 663 5560 matam
700 5523 799 5563 sua
832 5510 1030 5565 virtute
1066 5518 1230 5581 atque
1262 5509 1582 5572 fortitudine
1619 5518 1912 5576 tolerandis
1949 5520 2033 5574 in-

539 5685 559 5713 “
599 5685 615 5740 Ι
657 5684 784 5756 Reg.
817 5704 944 5751 xvu,
979 5689 1050 5746 “23
1083 5708 1201 5763 sqq.

2145 4502 2370 4571 λογεῖτο,
2387 4500 2476 4554 διά
2500 4499 2658 4552 τοῦτο
2686 4499 2833 4568 καὶὴ
2859 4497 3018 4568 χάρις
3040 4496 3225 4558 αὐτοῖς
3249 4491 3399 4564 παρά
3422 4492 3522 4562 τῆς
3549 4491 3715 4562 Τριά-

2145 4591 2233 4656 δος
2267 4593 2670 4664 ἀντεμετρεῖτο.
2703 4589 2799 4652 Τίς
2830 4588 2888 4646 δὲ
2919 4590 2953 4656 ή
2980 4587 3140 4662 χάρις
3171 4582 3274 4657 ἧνς
3300 4584 3442 4637 Αὐτὸ
3467 4582 3624 4640 τοῦτο
3656 4582 3715 4634 τὸ

2149 4682 2510 4754 ὑψηλοτέρους
2563 4679 2932 4750 ἐπιδειχθῆναι
2972 4676 3081 4730 τῶν
3116 4673 3344 4745 πρώτων
3379 4671 3711 4742 ἀγωνιστῶν,

2147 4776 2238 4829 τοῦ
2280 4777 2448 4845 Ἀδὰμ
2472 4775 2634 4843 λέγω,
2661 4772 2752 4827 καὶ
2778 4775 2875 4844 τῆς
2899 4769 3061 4832 Εῦας.
3099 4769 3324 4820 Ἐκεῖνοι
3353 4764 3595 4818 ἑστῶσαν
3618 4763 3712 4834 τὴν

2141 4867 2488 4939 ἀνθρωπίνην
2538 4865 2697 4936 φύσιν
2741 4863 2830 4918 διά
2878 4863 2975 4932 τῆς
3025 4859 3299 4931 ἁμαρτίας
3350 4858 3707 4927 κατήνεγκαν·

2140 4954 2286 5019 οὗτοι
2317 4957 2576 5028 κειμένην
2605 4957 2663 5010 ἐν
2701 4955 2774 5025 τῷ
2807 4953 3059 5023 πτώματι
3085 4951 3196 5004 τῶν
3230 4949 3603 5021 προλαϐόντων
3628 4948 3711 5000 διὰ

2141 5054 2239 5124 τῆς
2267 5049 2544 5120 ὑπομονῆς
2570 5046 2730 5101 πάλιν
2757 5045 3107 5114 ἀνώρθωσαν.
3147 5043 3374 5095 Ἐκεῖνοι
3403 5041 3466 5092 ἐκ
3487 5038 3580 5092 τοῦ
3609 5056 3710 5092 πα-

2143 5143 2392 5216 ραδείσου
2419 5141 2510 5194 ἐπὶ
2539 5138 2636 5211 τὴν
2661 5137 2765 5208 γῆν
2791 5134 3144 5205 ἀπώσθησαν·
3174 5127 3316 5193 οῦτοι
3346 5128 3594 5185 ἐντεῦθεν
3621 5131 3708 5182 ἐπὶ

2142 5236 2232 5290 τὸν
2279 5235 2602 5305 παράδεισον
2645 5228 3048 5301 ἀνῳκίσθησαν·
3094 5228 3291 5280 ἐκεῖνοι
3339 5225 3461 5278 καθ’
3508 5223 3706 5277 ἑαυτῶν

2143 5329 2233 5384 τὸν
2258 5328 2486 5381 θάνατον
2515 5325 2757 5378 ὥπλισαν
2788 5321 2970 5393 (ὅπλον
2995 5319 3103 5392 γάρ
3127 5318 3357 5372 θανάτου
3389 5319 3422 5386 ἡ
3451 5316 3703 5387 ἁμαρτία,

2143 5420 2348 5491 φησίν)·
2367 5413 2510 5473 οὗτοι
2542 5414 2985 5484 καθωπλισμένον
3011 5416 3077 5484 τῇ
3106 5410 3351 5482 ἁμαρτία
3373 5409 3462 5462 τὸν
3488 5408 3706 5462 θάνατον

2141 5514 2228 5568 διὰ
2252 5512 2354 5583 τῆς
2386 5512 2591 5565 ἑαυτῶν
2620 5509 2868 5579 ἀνδρείας
2891 5506 3216 5578 ἡχρείωσαν,
3242 5505 3309 5574 τῇ
3339 5504 3580 5573 ὑπομονῇ
3604 5499 3704 5558 τῶν
