3850 6394
99 296 220 355 ’235
1209 289 1275 345 IN
1333 287 1838 358 QUADRAGINTA
1880 287 2281 344 MARTYRES.
3077 311 3084 316 -
3282 277 3401 329 Ίϋυ-

97 413 456 485 παθημάτων
483 413 578 466 τοῦ
613 413 840 484 κέντρου
874 412 973 484 τὴν
1003 411 1186 482 ἀκμὴν
1215 410 1687 481 ἀπαμϐλύναντες⁶
1719 427 1733 466 Δ

1828 407 2118 474 ommodis,
2181 406 2388 461 stimuli
2452 404 2624 458 aciem
2681 398 3070 458 obtundentes,
3125 392 3382 450 f-rustrati

94 507 250 560 ὣστε
279 508 454 560 εἰπεῖν
483 505 683 568 καλῶς,
712 504 836 558 Ποῦ
864 517 1002 566 σου,
1036 502 1271 567 θάνατε,
1306 503 1372 556 τὸ
1404 503 1698 567 κέντρον;

1830 506 1928 551 unt
1976 507 2140 568 atque
2185 497 2506 567 fregerunt:
2560 494 2694 548 adeo
2729 501 2784 546 ut
2831 499 2975 546 recte
3016 487 3124 544 dici
3171 484 3382 556 possit,

97 596 239 652 Ποῦ
265 612 405 662 σου,
431 596 568 662 ᾅδη,
595 594 662 648 τὸ
685 593 890 659 rixae;
921 593 1151 664 Καρποῦ
1174 592 1331 659 ξύλου
1359 591 1412 643 τί
1444 591 1699 643 ἀθλιώτε-

1828 587 1902 641 lbi
1929 599 2028 652 est,
2070 606 2234 652 mors,
2275 590 2499 643 victoria
2533 591 2669 643 tua?
2705 584 2803 639 Ubi
2833 581 3081 638 stimulus
3122 589 3266 641 tuus,
3296 577 3384 630 in-

101 705 239 758 ρον,
292 688 357 741 Τί
405 687 782 755 εὐτελέστερον
820 685 1015 751 ξύλου;
1057 683 1284 756 Καρπὸς
1333 683 1557 753 εὐχροξᾳ
1594 681 1721 732 τινὶ·

1828 681 2024 734 erue’?
2061 679 2265 734 Fruetu
2309 680 2441 751 ligni
2497 679 2629 750 quid
2679 676 2982 732 miserius?
3025 673 3198 743 Ligno
3251 667 3384 738 quid

99 780 210 834 καὶ
273 780 433 851 ἡδονῇ
482 777 723 857 γεύσεως
771 774 1284 847 ὲπικεχρωσμένος,
1331 772 1701 844 ἀτιμασθῆναι

1828 771 2006 826 ilius?
2038 771 2273 826 Fructus
2317 773 2520 827 coloris
2556 769 2791 842 quadam
2839 768 3082 822 bonitate
3115 771 3170 819 et
3199 759 3385 816 suavi-

95 869 207 923 τοῦ
241 869 569 942 παραδείσου
607 856 706 938 τὴν
737 869 896 939 χάριν
943 867 1219 936 ἐποίησεν.

1828 872 1913 918 ate
1965 865 2180 934 saporis
2235 864 2688 930 commendatus,
2745 861 2926 918 eliecit
2973 868 3033 913 ut
3093 856 3392 910 ammnitas

100 972 279 1034 atque
332 961 698 1017 commoditas
742 960 986 1029 paradisi
1048 957 1362 1028 parviﬁeret
1408 962 1464 1010 et
1509 954 1900 1025 negligeretur.

183 1145 309 1206 Τοῖς
340 1143 397 1197 δὲ
432 1144 688 1213 μεγάλοις
731 1143 940 1206 τούτοις
991 1143 1320 1211 ἀγωνισταῖς
1366 1137 1487 1194 οὐδὲ
1543 1136 1706 1200 αὐτὸς

99 1237 132 1288 6
167 1237 321 1306 ἥλιος
360 1235 532 1306 ἐφάνη
588 1234 823 1305 γλυκύς·
879 1233 1014 1288 ἀλλὰ
1065 1234 1159 1288 καὶ¹
1205 1231 1397 1286 τούτου
1439 1230 1703 1293 ἑκουσίως

104 1326 510 1399 ἡλλοτριοῦντο,
545 1327 634 1381 ῖνα
677 1327 750 1398 μὴ
786 1325 882 1381 τοῦ
926 1323 1179 1395 ἀληθινοῦ
1213 1323 1388 1394 φωτὸς
1418 1322 1706 1376 ἀποπέσω-

1883 1141 1952 1195 Αι
1979 1142 2193 1213 magnis
2236 1140 2358 1197 istis
2385 1134 2753 1195 certatoribus
2791 1147 2858 1189 ne
2902 1144 2985 1186 εοι
3017 1125 3236 1198 quidem
3271 1126 3388 1193 ipse

1809 1233 1986 1290 dulcis
2013 1235 2167 1291 visus
2194 1245 2313 1298 est,
2345 1233 2439 1290 sed
2475 1231 2546 1286 ab
2577 1230 2698 1284 hoc
2728 1227 2893 1283 etiam
2927 1228 3122 1294 sponte
3166 1230 3264 1271 sua
3293 1216 3395 1269 aha

1812 1327 2032 1381 alienati
2055 1335 2204 1390 sunt,
2235 1343 2304 1381 ne
2341 1340 2472 1380 vero
2497 1322 2701 1377 lumine
2730 1317 3048 1374 exciderent
3083 1318 3248 1380 atque
3275 1307 3390 1378 pri-

103 1438 198 1474 σι.
256 1420 322 1473 Τί
364 1418 510 1487 λέγει
555 1421 683 1490 περὶ
725 1419 823 1490 τῆς
887 1419 1028 1484 Εὐας
1073 1420 1104 1473 6
1148 1418 1305 1487 λόγος
1367 1416 1703 1487 (προάγομαι

1828 1424 2088 1471 ιιιτειιιυτ.
2142 1415 2283 1483 Quid
2325 1414 2460 1469 dicit
2511 1411 2795 1480 Scriptura
2831 1407 2899 1462 de
2935 1403 3048 1458 Eva
3085 1399 3391 1472 (provehor

101 1516 223 1582 γὰρ
253 1511 349 1564 καὶ
387 1511 532 1581 πέρα
567 1511 659 1564 τοῦ
704 1510 916 1574 δέοντος
961 1511 1331 1582 καταδραμεῖν
1362 1508 1469 1562 τῶν
1497 1524 1706 1578 πρωτο-

99 1603 334 1670 γόνων);
369 1600 566 1669 Εἷδεν,
598 1604 783 1673 φησὶν,
813 1603 903 1658 ὅτι
930 1602 1190 1672 ἀρεστὸν
1219 1601 1346 1668 τοῖς
1379 1599 1706 1670 ὀφθαλμοῖς

101 1692 216 1746 καὶ
243 1694 462 1762 ὡραῖον
481 1697 570 1761 εὶς
602 1695 835 1763 γεῦσιν.
877 1690 1011 1748 Εἶτα
1051 1692 1150 1764 τὴν
1196 1696 1254 1747 ἐν
1298 1693 1508 1756 τούτοις
1547 1691 1708 1762 χάριν

1807 1506 1951 1563 enim
1999 1507 2215 1577 longius
2243 1506 2407 1561 etiam
2439 1517 2604 1572 quam
2651 1516 2740 1555 res
2771 1497 3013 1568 postulat
3062 1503 3391 1564 percurrere

1810 1595 1951 1651 facta
2002 1596 2304 1666 primorum
2360 1589 2719 1663 parentum)?
2777 1587 2943 1648 Vidit,
2997 1582 3199 1653 inquit,
3249 1578 3388 1650 quod

1809 1699 1943 1744 esset
1977 1698 2185 1756 gratum
2217 1687 2408 1750 oculis,
2439 1694 2488 1740 et
2509 1697 2778 1738 maturum
2808 1679 2875 1733 ad
2915 1688 3129 1748 gustum
3154 1675 3234 1740 ‘°;
3295 1673 3391 1727 de-

104 1787 243 1840 ὰντὶ
269 1787 363 1840 τοῦ
393 1787 722 1858 παραδείσου
743 1787 1059 1858 ἠλλάξαντο.
1086 1786 1308 1850 Τούτοις
1332 1786 1388 1840 δὲ
1418 1786 1526 1857 ἄρα
1552 1803 1710 1839 κατα-

1832 1779 1936 1834 nde
1963 1779 2194 1833 istorum
2226 1777 2458 1849 gratiam
2504 1783 2559 1830 et
2591 1773 2904 1828 illecebram
2955 1783 3081 1823 cum
3130 1764 3391 1835 paradiso

2131 1869 2142 1876 .
2271 1867 2283 1876 .
2378 1867 2427 1876 ..
2687 1864 2698 1876 .
3018 1859 3059 1876 ._
3111 1857 3388 1876 ,,A.___.-.-

105 1879 358 1944 γεύσεως
391 1876 583 1948 ἡδονὴν
607 1877 676 1931 τὰ
715 1877 966 1948 ὁρώμενα
1001 1875 1100 1950 ἦν·
1136 1877 1382 1948 οὐρανὸς,
1415 1876 1586 1947 ἥλιος,
1614 1875 1707 1947 γῆ,

106 1965 426 2037 ἄνθρωποι·
463 1969 681 2040 πατρὶς,
725 1969 983 2040 μητέρες,
1027 1969 1264 2038 ἀδελφοὶ,
1314 1968 1477 2038 φίλοι,
1515 1984 1712 2036 συγγε-

106 2061 249 2123 νεῖς,
284 2060 586 2130 ἡλικιῶται·
629 2055 705 2116 ὧν
749 2063 801 2114 τί
847 2061 944 2134 μὲν
996 2061 1228 2132 ὀφθῆναι
1260 2061 1626 2131 γλυκύτερον;
1657 2061 1712 2114 τί

106 2151 171 2205 δὲ
209 2153 294 2215 είς
333 2152 523 2220 γεῦσιν
566 2152 740 2206 ἐλθεῖν
784 2153 1144 2224 τιμιώτερονς
1173 2154 1386 2219 Οἴδατε,
1421 2155 1469 2206 oi
1503 2151 1710 2216 παῖδες,

111 2243 224 2314 τὴν
250 2246 333 2308 είς
360 2246 486 2308 τοὺς
506 2244 698 2313 γονέας
725 2247 978 2316 στοργήν.
999 2245 1211 2304 Οἴδατε,
1243 2248 1292 2298 οἱ
1320 2245 1578 2316 πατέρες,
1613 2244 1714 2316 τὴν

111 2336 256 2408 πρὸς
295 2335 362 2389 τὰ
399 2337 563 2389 τέκνα
595 2337 857 2392 διάθεσιν.
893 2333 1074 2403 Οἶδας,
1105 2339 1133 2390 6
1165 2337 1376 2408 βλέπων
1405 2337 1465 2390 τὸ
1493 2338 1550 2389 ὲν
1579 2334 1714 2406 ἡλίῳ

108 2426 326 2494 γλυκύ·
360 2427 462 2479 οὐκ
481 2427 714 2495 ἀγνοεῖς,
748 2429 778 2481 6
815 2426 1158 2497 φιλάδελφος,
1193 2425 1290 2497 τὴν
1320 2422 1552 2494 φυσικὴν
1578 2423 1716 2493 πρὸς

108 2520 217 2590 τὴν
267 2519 604 2591 ἀδελφότητα
657 2521 868 2590 σχέσιν·
913 2520 1222 2585 ἐπίστασαι,
1250 2521 1278 2573 6
1312 2517 1451 2582 νέος,
1515 2516 1614 2589 τὴν
1651 2517 1717 2568 ὲκ

111 2611 229 2665 τῶν
269 2611 577 2682 ἡλικιωτῶν
620 2613 801 2684 χάριν,
831 2613 955 2666 ὅσον
999 2629 1080 2666 σοι
1117 2613 1208 2666 τὸν
1257 2611 1370 2682 βίον
1411 2610 1716 2682 ἡδύνουσιν.

127 2702 275 2759 Ἀλλ’
306 2703 538 2767 ἐκείνοις
565 2705 744 2758 πάντα
788 2703 980 2776 ἐχθρὰ,
1009 2704 1188 2758 πάντα
1217 2702 1472 2773 ἀλλότρια
1498 2698 1586 2772 ἦν.
1621 2701 1718 2753 Ἔν

117 2792 290 2862 μόνον
319 2792 544 2861 ἀγαθὸν,
576 2795 604 2846 6
635 2794 887 2865 Χριστός.
912 2794 1096 2848 Πάντα
1127 2794 1451 2865 ἠρνήσαντο,
1477 2793 1563 2845 ἵνα
1591 2790 1716 2844 τοῦ·

115 2901 212 2940 τον
247 2884 605 2956 κερδήσωσιν.
647 2886 850 2957 Χρόνος
879 2881 947 2957 ἧν
978 2885 1085 2940 τῶν
1112 2885 1326 2956 δεσμῶν
1373 2885 1473 2939 οὐκ
1517 2884 1714 2952 ὀλίγος,

115 2977 220 3029 καὶ
247 2979 362 3040 τοῖς
394 2979 567 3046 ἁγίοις
602 2980 668 3050 τῇ
709 2979 1013 3052 παρατάσει
1058 2979 1156 3050 τῆς
1202 2977 1532 3049 τιμωρίαςή
1581 2977 1716 3048 πρὸς

115 3072 222 3140 τὴν
263 3070 539 3125 τελείωσιν
586 3071 852 3142 ἐπιθυμία
902 3073 1267 3143 συνήκμαζεν.
1303 3071 1412 3125 Καὶ
1451 3070 1638 3141 ὥσπερ
1667 3070 1718 3123 οἱ

1813 1869 2190 1924 commutavit.
2257 1867 2326 1922 At
2377 1867 2464 1922 his
2524 1881 2624 1936 pro
2667 1859 3065 1935 degustationis
3109 1857 3392 1926 voluptate

1812 1967 1970 2015 erant
1992 1975 2056 2015 ea
2079 1975 2202 2030 quae
2230 1959 2334 2014 sub
2360 1959 2536 2013 visum
2565 1957 2788 2017 cadunt,
2823 1953 3046 2012 coelum.
3082 1948 3192 2012 sol,
3221 1955 3389 2010 terra,

1813 2051 2085 2118 homines,
2139 2051 2338 2120 patria,
2393 2059 2590 2114 mater,
2643 2047 2864 2109 fratres,
2907 2042 3090 2106 amici,
3149 2037 3389 2110 cognati,

1813 2145 2076 2215 mquales,
2111 2145 2310 2213 quibus
2345 2144 2509 2198 relms
2555 2141 2684 2211 quid
2720 2141 2838 2194 visu
2873 2137 3096 2208 quidem
3131 2131 3394 2189 dulcius?

1815 2236 1955 2304 Quid
1982 2251 2110 2292 vero
2146 2236 2322 2306 magis
2353 2232 2744 2302 expetendum,
2781 2244 2944 2299 quam
2983 2227 3048 2280 ad
3084 2237 3304 2304 gusuuu
3338 2232 3393 2278 et

1814 2329 2055 2385 fructum
2087 2330 2317 2384 istarum
2371 2344 2552 2382 rerum
2597 2323 2926 2396 pervenire?
2973 2319 3179 2384 Nostis,
3211 2317 3393 2379 liberi,

1817 2435 2057 2474 amorem
2116 2419 2382 2473 adversus
2440 2425 2736 2487 parentes;
2787 2411 2989 2475 nostis,
3021 2417 3228 2479 patres,
3265 2420 3394 2475 erga

1817 2513 1962 2567 ﬁlios
1999 2511 2340 2566 affectionem
2371 2528 2385 2577 ;
2411 2509 2579 2568 nosti,
2619 2507 2710 2577 qui
2745 2503 2980 2560 intueris
3019 2501 3180 2555 dulce
3208 2500 3393 2552 lumen

1818 2605 1986 2668 solis;
2012 2618 2120 2658 non
2155 2603 2401 2673 ignoras,
2427 2601 2520 2670 qui
2557 2600 2789 2652 fratrum
2821 2595 3104 2649 studiosus
3133 2607 3215 2654 es,
3246 2597 3400 2644 natu-

1816 2697 1990 2751 ralem
2018 2710 2145 2766 erga
2168 2694 2466 2748 fraternam
2499 2688 2981 2748 necessitudinem,
3015 2683 3395 2745 affectionem;

1820 2789 1952 2851 scis,
1972 2787 2215 2857 juvenis,
2233 2801 2396 2856 quam
2417 2791 2572 2854 grata
2602 2791 2767 2851 atque
2791 2777 3034 2849 jucunda
3058 2773 3399 2832 consuetudo

1819 2881 2110 2949 a’qualium
2165 2880 2258 2942 sit,
2305 2884 2645 2948 quantopere
2697 2872 2866 2926 vitam
2915 2881 3063 2924 tuam
3104 2867 3398 2922 delectent.

1821 2977 1891 3027 At
1928 2974 2037 3027 illis
2068 2972 2249 3025 omnia
2285 2969 2529 3029 inimica,
2562 2967 2747 3021 omnia
2788 2964 2966 3019 aliena
3002 2972 3180 3018 erant.
3219 2947 3399 3014 Unum

1823 3066 1930 3120 illis
1954 3066 2155 3120 bonum
2175 3063 2478 3127 ridebatur,
2501 3060 2786 3126 Christus;
2819 3055 3000 3111 omnia
3018 3052 3402 3123 repudiarunt,

115 3165 225 3236 τὴν
267 3165 583 3237 σωματικὴν
629 3164 842 3230 εὐεξίαν
890 3165 1241 3235 μελετῶντες,
1275 3163 1492 3218 ἐπειδὰν
1531 3163 1719 3234 ἱκανὴν

1828 3170 1882 3214 ιιι
1946 3162 2093 3213 hunc
2142 3157 2548 3212 lucrifacerent.
2588 3152 2830 3221 Tempus
2881 3157 3000 3204 erat
3050 3145 3402 3200 vinculorum

118 3257 181 3310 έν
233 3255 580 3328 παιδοτρίϐου
626 3254 724 3327 τὴν
776 3255 1003 3327 δύναμιν
1042 3257 1370 3326 κτήσωνται,
1405 3253 1545 3307 οὕτω
1584 3252 1719 3327 θαρ-

123 3346 357 3421 ροῦντες
382 3347 476 3400 ἐπὶ
519 3348 644 3410 τοὺς
686 3346 902 3412 ἀγῶνας
944 3346 1241 3418 χωροῦσιν·
1282 3346 1372 3400 τὸν
1401 3346 1564 3399 αὐτὸν
1594 3345 1720 3417 τρό-

121 3457 232 3498 πον
265 3439 359 3492 καὶ
390 3433 535 3493 οὗτοι
562 3439 650 3493 διὰ
687 3440 797 3494 τῶν
827 3438 1043 3509 δεσμῶν
1078 3437 1172 3492 καὶ
1197 3439 1290 3509 τῆς
1321 3437 1567 3508 φυλακῆς
1601 3439 1721 3490 ίκα-

120 3531 237 3595 νῶς
265 3531 773 3603 παιδοτριϐηθέντες
805 3531 940 3602 πρὸς
963 3531 1061 3604 τὴν
1098 3531 1396 3596 εὐσέϐειαν,
1427 3531 1599 3595 οὕτως
1631 3531 1724 3584 ἐπὶ

122 3622 223 3678 τὸν
274 3621 534 3689 στέφανον
590 3622 701 3677 τῶν
755 3623 982 3691 ἀγώνων
1029 3625 1399 3695 προήχθησαν.
1435 3619 1636 3677 Ἦλθεν
1690 3626 1722 3693 ἡ

124 3715 426 3770 ἀκολουθία
469 3713 564 3769 τοῦ
619 3716 778 3785 λόγου
821 3716 914 3770 ἐπὶ
961 3716 1057 3788 τὴν
1109 3717 1385 3788 τελευτὴν,
1423 3717 1622 3786 μᾶλλον
1669 3716 1725 3770 δὲ

127 3808 228 3862 ἐπὶ
254 3807 353 3878 τὴν
386 3809 628 3879 κορυφὴν
657 3809 779 3863 ὅλου
807 3808 902 3863 τοῦ
940 3807 1380 3879 κατορθώματος.
1407 3801 1576 3871 Οὗτος
1603 3804 1670 3879 ἦν
1698 3811 1726 3862 6

127 3900 352 3971 καιρός·
407 3896 564 3955 αὗται
611 3901 706 3955 τοῦ
747 3901 955 3970 ἀγῶνος
994 3903 1048 3955 αἱ
1086 3901 1321 3972 ἡμέραι·
1363 3901 1518 3955 τοῦτο
1551 3903 1612 3956 τὺ
1635 3901 1726 3955 τοῦ

130 3994 332 4063 Πάσχα
359 3992 664 4064 προοίμιον,
694 3993 755 4047 τὸ
782 3994 882 4063 τῆς
913 3995 1072 4062 ἁγίας
1106 3995 1597 4065 τεσσαρακοντάδος
1623 4011 1727 4064 μυ-

133 4088 376 4156 στήριον.
431 4086 848 4156 Τεσσαράκοντα
882 4086 1173 4156 ὲξιλασμοῦ
1220 4088 1350 4156 ἡμῖν
1397 4087 1454 4139 αἱ
1500 4086 1728 4157 ἡμέραι.

136 4176 418 4248 ἰσάριθμοι
443 4179 666 4232 καὶτῶν
688 4180 856 4247 ἁγίων
882 4179 931 4232 oi
958 4179 1228 4247 στέφανοι.
1253 4174 1331 4232 Ἦ
1355 4195 1456 4231 που
1479 4180 1731 4249 περιττὸς

137 4271 272 4341 ὑμῖν
297 4266 437 4324 εἶναι
462 4270 603 4323 δοκῶ
642 4271 736 4324 καὶ
764 4271 1070 4340 ἀδόλεσχος,
1101 4269 1168 4322 τὰ
1202 4271 1440 4342 ὐμέτερα
1481 4270 1733 4342 θαύματα

136 4362 198 4414 ὲν
228 4361 357 4432 ύμῖν
386 4361 759 4432 διηγούμενος,
807 4364 899 4415 καὶ
933 4363 1046 4427 τοῖς
1105 4361 1388 4433 ὑμετέροις
1425 4361 1525 4432 τὴν
1563 4361 1733 4432 ἀκοὴν

136 4453 512 4523 δεξιούμενος;
541 4454 686 4526 Πλὴν
717 4455 790 4518 ὡς
822 4457 887 4509 ἂν
917 4457 992 4528 μὴ
1035 4457 1248 4519 ἀτελεῖς
1277 4457 1421 4527 ὑμᾶς
1455 4455 1729 4527 παραδράο

1827 3253 1968 3308 haud
2001 3252 2283 3321 exighum,
2323 3261 2377 3304 et
2404 3263 2516 3319 quo
2545 3245 2750 3300 diutius
2781 3242 3109 3314 supplicium
3145 3252 3407 3310 proroga-

1827 3345 2010 3402 batur.
2041 3359 2106 3397 eo
2132 3342 2308 3398 sancti
2345 3338 2724 3394 vehementius
2756 3343 2811 3390 et
2835 3332 3118 3388 ardentius
3144 3343 3408 3384 consum-

1829 3437 2122 3490 mationem
2172 3432 2579 3488 desiderabant.
2610 3429 2690 3482 Ac
2717 3419 3177 3496 quemadmodum
3206 3419 3282 3472 illi
3311 3416 3409 3487 qui

1829 3529 2078 3600 corporis
2126 3527 2326 3580 bonam
2375 3522 2750 3576 habitudinem
2792 3523 3006 3578 curant,
3048 3519 3409 3582 posteaquam

1831 3623 1974 3693 apud
2023 3618 2377 3691 pazdotribam
2410 3615 2544 3671 satis
2585 3613 2785 3665 virium
2822 3608 3256 3674 acquisiverunt,
3294 3609 3408 3654 tum

1831 3716 2049 3771 demum
2092 3714 2352 3768 audacter
2381 3709 2449 3764 ad
2491 3706 2793 3762 certamina
2832 3701 3177 3773 procedunt:
3216 3695 3406 3750 eodem

1833 3809 1999 3863 modo
2025 3807 2192 3861 etiam
2225 3804 2278 3856 hi
2311 3799 2547 3856 vinculis
2572 3807 2628 3854 et
2644 3810 2868 3851 carcere
2895 3795 3029 3849 satis
3052 3791 3118 3845 ad
3153 3789 3410 3859 pietatem

1833 3899 2138 3961 exercitati,
2173 3897 2246 3951 ita
2275 3893 2492 3948 tandem
2518 3889 2584 3944 ad
2611 3902 2869 3943 coronam
2897 3881 3261 3939 certaminum
3287 3893 3406 3948 pro-

1834 3991 1984 4046 ducti
2017 3995 2167 4044 sunt.
2205 3984 2458 4041 Pervenit
2487 3982 2550 4036 ad
2577 3981 2806 4040 exitum,
2840 3977 2949 4030 imo
2984 3989 3114 4028 vero
3145 3971 3210 4024 ad
3246 3969 3412 4023 verti-

1836 4097 1952 4136 cem
2012 4079 2180 4134 totius
2229 4076 2308 4131 rei
2358 4075 2496 4129 bene
2529 4081 2696 4143 gestae
2742 4066 3084 4124 continuatio
3123 4062 3410 4116 orationis.

1839 4171 1952 4226 lloc
1986 4177 2102 4224 erat
2136 4177 2388 4236 tempus:
2425 4164 2477 4216 hi
2507 4159 2827 4216 certaminis
2852 4157 3008 4211 dies:
3044 4155 3147 4209 hoc
3189 4152 3415 4208 Pascha:

1840 4262 2190 4334 prum-mium,
2271 4265 2477 4312 sancta:
2554 4250 2989 4323 quadragesimae
3069 4243 3412 4316 mysterium.

1840 4333 2212 4422 Quadraginta
2259 4344 2586 4418 placationis
2639 4341 2801 4396 nobis
2830 4347 2960 4394 sunt
3005 4337 3143 4396 dies,
3189 4333 3414 4388 totidem

1841 4448 2005 4502 etiam
2064 4447 2380 4497 sanctorum
2434 4448 2655 4489 corona:
2732 4425 2990 4497 Nunquid
3042 4436 3416 4492 supervacuus

144 4560 236 4614 μοι
268 4545 298 4597 6
324 4543 502 4611 λόγος.
697 4517 1111 4613 τὺπέραξτῶν
1151 4517 1377 4612 ἀγῶνων
1402 4517 1733 4612 ⁷τοῖ’ςάγίοις

1842 4537 1993 4592 vobis
2021 4541 2075 4588 et
2113 4539 2348 4602 nugator
2389 4543 2513 4583 esse
2539 4524 2751 4586 videor,
2786 4521 2882 4592 qui
2913 4525 3094 4576 vestra
3149 4517 3293 4570 inter
3320 4529 3416 4569 vos

142 4638 238 4691 καὶ
267 4639 430 4707 ἡμεῖς
464 4635 938 4707 συνδραμούμεθα.
966 4637 1190 4708 Κρυμὺς
1219 4633 1286 4708 ἦν
1314 4638 1451 4689 κατά
1477 4636 1574 4707 τὴν
1605 4639 1636 4707 ἡ
1647 4637 1740 4705 μέ-

145 4745 246 4802 ραν
282 4728 518 4799 ὲκείνην.
561 4729 787 4793 Πάντως
827 4729 882 4782 δὲ
915 4729 1068 4782 οὐδὲν
1115 4729 1196 4782 δεῖ
1241 4729 1430 4799 μαθεῖν
1454 4730 1597 4798 ὑμᾶς
1631 4723 1740 4792 οἷος

143 4821 172 4872 6
208 4818 440 4892 κρυμὸς,
474 4821 537 4873 ὲκ
579 4820 678 4890 τῆς
709 4821 990 4892 παρούσης
1037 4821 1250 4892 ἡμέρας
1295 4821 1736 4892 στοχαζομένους,

146 4912 360 4982 κρυμὸς
385 4911 478 4964 καὶ
503 4912 683 4964 αὐτῶν
708 4912 816 4965 τῶν
846 4913 1048 4983 τριχῶν
1076 4913 1440 4984 διαδυόμενος.
1473 4915 1614 4970 ’Ἱστε
1641 4912 1740 4984 τὴν

149 5002 478 5073 ὑπερϐολὴν,
505 5003 558 5055 οἵ
587 5019 644 5054 τε
679 5003 938 5074 ἐπήλυδες
969 5003 1077 5057 τῶν
1121 5005 1298 5057 τόπων
1345 5005 1436 5058 καὶ⁹
1484 5006 1533 5058 oi
1581 5004 1740 5058 αὐτό-

146 5095 359 5165 χθονες,
380 5095 474 5146 καὶ
496 5093 649 5147 οὐδὲν
668 5093 842 5147 δεῖσθε
873 5094 1014 5165 λόγῳ
1036 5095 1249 5165 μαθεῖν·
1270 5095 1404 5149 ἀλλὰ
1432 5096 1533 5149 κᾶν
1559 5097 1743 5166 ἕτερος

148 5184 294 5238 εἴποι
341 5183 442 5253 τὴν
489 5184 918 5253 θαυματοποιίαν
963 5184 1070 5238 τῶν
1104 5185 1382 5256 ὑμετέρων
1425 5185 1741 5257 χειμώνων·

148 5276 301 5338 ὅπως
339 5275 574 5345 ποταμοὶ
619 5276 715 5345 μὲν
758 5276 960 5330 ἀένναα
1022 5275 1236 5345 ῥέοντες
1287 5276 1549 5341 ἵστανται,
1597 5279 1745 5331 ἀντι-

153 5368 448 5439 ὒαινούσης
479 5367 557 5437 τῷ
593 5367 791 5440 ῥείθρῳ
819 5367 922 5436 τῆς
951 5367 1184 5432 πήξεως,
1221 5367 1314 5422 καὶ
1340 5367 1746 5422 ἀπολιθοποιού-

154 5479 257 5532 σης
309 5460 380 5514 τά
421 5461 669 5530 κύματα·
704 5461 737 5531 ἠ
771 5459 826 5512 δὲ
860 5459 1055 5526 γείτων
1095 5458 1259 5528 λίμνη
1308 5461 1547 5529 σημείων
1584 5460 1744 5514 τινῶν

153 5553 293 5624 πρὸς
312 5553 373 5606 τὸ
396 5551 796 5621 ἐπιγνωσθῆναι
819 5549 981 5621 λίμνη
1006 5545 1138 5602 οὖσα
1165 5551 1501 5621 προσδέεται,
1531 5571 1739 5625 χερσω.

231 5736 252 5767 ³
289 5735 459 5791 ιαοτ.
491 5750 578 5797 xv,
609 5732 692 5786 55.
776 5731 816 5762 ¹⁰
880 5729 1019 5784 Gen.
1059 5745 1141 5795 ιιι,
1176 5729 1229 5784 6.

1838 4628 2099 4686 miracula
2129 4637 2422 4693 exponam,
2458 4618 2770 4686 vestrisque
2814 4611 2976 4667 bonis
3009 4623 3171 4662 aures
3207 4612 3417 4660 vestras

1836 4716 2215 4777 demulceam?
2264 4712 2652 4767 Verumtamen
2687 4721 2753 4760 ne
2787 4700 3102 4772 imperfecta
3136 4711 3233 4750 vos
3283 4709 3404 4766 pra:-

1839 4810 2153 4868 tervehatur
2190 4806 2388 4866 oratio,
2433 4802 2498 4855 ad
2530 4800 2689 4853 linem
2723 4792 3090 4850 certaminum
3119 4802 3242 4842 cum
3289 4801 3418 4840 san-

1837 4906 1942 4958 clis
1969 4903 2134 4956 etiam
2160 4914 2262 4952 nos
2285 4911 2390 4950 una
2415 4904 2723 4946 curremus.
2749 4885 2942 4955 Frigus
2965 4890 3082 4938 erat
3107 4880 3161 4933 in
3190 4879 3282 4933 illo
3309 4876 3417 4930 die.

1842 4998 2075 5051 Prorsus
2124 5001 2305 5046 autem
2357 4987 2491 5042 nihil
2539 4995 2678 5054 opus
2731 4990 2815 5035 est
2854 4996 2952 5034 vos
3001 4974 3208 5034 doceri,
3261 4970 3419 5041 quale

1843 5089 2015 5157 frigus
2045 5091 2214 5144 esset,
2244 5095 2367 5137 eum
2397 5093 2461 5132 ex
2507 5073 2765 5146 praesenti
2798 5070 2887 5124 die
2922 5067 3295 5134 conjecturam
3344 5059 3419 5112 fa-

1841 5153 1967 5238 cere
1996 5177 2242 5252 possitis,
2275 5175 2448 5243 frigus
2481 5169 2630 5242 quod
2668 5168 2750 5222 vel
2783 5167 2934 5235 ipsos
2977 5163 3117 5231 pilos
3153 5153 3420 5227 pervadit.

1842 5274 2025 5331 Nostis
2052 5271 2278 5326 nimiam
2314 5265 2678 5323 intensionem
2716 5270 2771 5314 et
2806 5255 3158 5326 asperitatem
3185 5257 3296 5300 tam
3330 5246 3419 5300 ad~

1844 5381 1993 5424 venae
2023 5365 2292 5424 locorum,
2329 5372 2496 5429 quam
2540 5355 2846 5424 indigenae:
2877 5363 2941 5400 ac
2987 5343 3124 5397 nihil
3152 5357 3293 5411 opus
3328 5339 3420 5392 ha-

1844 5460 1984 5516 betis
2021 5455 2268 5512 oratione
2294 5450 2502 5514 doceri,
2535 5446 2629 5503 sed
2659 5444 2743 5497 vel
2769 5439 2950 5512 quivis
2978 5436 3121 5490 alius
3148 5445 3423 5502 exponere

1843 5553 2035 5626 possit,
2069 5564 2232 5614 quam
2288 5542 2531 5602 miriﬁca:
2561 5536 2705 5610 apud
2745 5549 2845 5590 vos
2899 5531 3107 5586 hiemes
3164 5541 3288 5581 esse
3336 5539 3423 5578 so-
