3850 6388
319 139 324 146 ι
349 115 368 131 μ
384 113 419 136 .

442 269 551 326 767
1671 279 1728 335 S.
1769 281 2098 339 GllEGORll
2154 283 2199 338 Ν
2206 285 2244 339 Υ
2256 285 2443 341 SSENI
3623 294 3731 352 768

440 393 609 456 leaut,
651 391 1110 462 quemadmodum
1159 399 1540 469 congelationc
1567 401 1777 459 ﬂumini
1823 406 1995 462 adver

2119 407 2272 461 θεῖσα
2299 407 2388 461 διὰ
2420 409 2520 478 τῆς
2551 409 2786 478 πήξεως,
2820 408 2905 478 ἐφ’
2942 404 3010 481 ἧς
3047 409 3276 481 σύνηθές
3305 412 3422 464 ἐστι
3454 413 3566 476 τοῖς
3593 411 3726 482 βου-

438 488 614 542 santc,
646 491 700 535 et
729 484 884 551 quasi
917 485 971 538 in
1001 486 1232 556 lapidem
1258 490 1439 546 undas
1469 491 1722 558 durante,
1755 512 1995 567 perenne

2129 498 2376 570 λομένοις
2419 498 2531 553 ἀνω
2567 499 2676 551 τῶν
2727 503 2986 572 κυμάτων
3035 501 3204 572 αὐτῆς
3260 502 3724 568 καθιππάζεσθαι.

435 572 655 641 quidem
697 588 889 631 amnes
940 576 1112 632 ﬂuere
1170 584 1565 650 supersedeant
1625 595 1792 657 atque
1841 595 1995 649 consi

2127 584 2261 642 υἷδα
2288 588 2548 652 πολλάκις
2575 588 2672 642 καὶ
2693 590 2759 642 ὲκ
2787 589 2958 661 πυρὸς
2987 590 3128 663 ὕδωρ
3151 593 3265 656 τοῖς
3286 592 3572 663 ἐγχωρίοις
3599 594 3728 646 ἑπι-

435 673 602 718 stant.
643 662 822 721 Lacus
855 682 986 722 vero
1024 669 1240 726 vicinus
1287 672 1461 743 signis
1501 677 1830 745 quibusdam
1860 684 1995 738 etian

2125 681 2436 750 νοούμενον,
2469 681 2596 735 ὅταν
2631 698 2684 734 τι
2711 680 2918 752 τρύφος
2948 681 3045 734 τοῦ
3085 680 3275 746 ὕδατος
3309 683 3728 749 ἀποκλάσαντες

433 769 572 823 opus
615 755 800 812 habet.
853 759 1055 829 quibus
1096 761 1253 818 lacus
1301 780 1422 819 esse
1471 779 1829 836 agnoscatur,
1865 791 1995 844 quas

2123 771 2310 842 ῶσπερ
2338 770 2460 823 τινά
2511 769 2708 841 χαλκὸν
2743 770 2776 841 ἢ
2813 769 3030 842 σίδηρον
3069 772 3146 843 τῷ
3179 773 3312 844 πυρὶ
3342 772 3722 843 διατήξαντες,

435 853 578 900 terra
627 846 837 901 inculta
881 864 976 918 per
1021 853 1456 921 congelationem
1493 856 1760 914 effectus:
1807 861 1867 917 in
1911 881 1995 933 ηυι

2124 863 2268 934 ὕδωρ
2316 863 2407 916 τὸν
2454 862 2600 916 λίθον
2653 864 2969 934 ποιήσωσιν.
3017 864 3270 928 Τοιοῦτος
3313 859 3383 936 ἦν
3437 867 3466 919 ό
3526 867 3725 937 καιρὸς

433 937 526 1002 qui
582 937 776 991 volunt
839 955 1005 1009 super
1034 941 1212 997 undas
1259 943 1380 1013 ejus
1419 963 1593 1017 equos
1649 951 1740 1004 alii
1785 953 1842 1006 in
1880 953 1995 1009 alio:

2119 953 2260 1006 κατά
2292 953 2382 1007 τδν
2413 953 2513 1023 τῆς
2550 952 2829 1025 ἀθλήσεως
2861 955 3073 1025 χρόνον,
3108 957 3358 1010 ἐπίτασιν
3398 957 3492 1010 τοῦ
3540 958 3724 1011 κακοῦ

430 1028 764 1083 concitando
805 1035 1108 1087 certamina
1141 1034 1352 1092 ludicra
1385 1042 1547 1096 edere
1582 1056 1995 1102 consueverunt.

2117 1046 2270 1118 παρά
2329 1045 2489 1116 φύσιν
2559 1047 2626 1099 ὲκ
2687 1045 2914 1119 βορείων
2969 1047 3352 1120 πνευματικῶν
3414 1049 3722 1114 λαϐόντος,

429 1116 564 1173 Novi
595 1124 761 1175 etlam
807 1138 953 1193 saepe
993 1125 1240 1181 locorum
1285 1128 1496 1186 incolas
1538 1149 1604 1187 ex
1653 1135 1764 1206 igni
1812 1153 1995 1207 aquaui

2120 1116 2304 1204 καθὼς
2334 1140 2482 1193 ἔστιν
2513 1139 2730 1194 ἀκούειν
2754 1116 2889 1194 *τῶν
2933 1116 3301 1211 διηγουμένων
3330 1142 3400 1196 τὰ
3433 1142 3718 1216 θαύματα.

429 1210 655 1266 solertia
712 1215 951 1283 quadam
1000 1217 1292 1283 conficere,
1352 1235 1480 1276 cum
1533 1224 1712 1282 frusto
1769 1230 2004 1298 quodam
2047 1245 2201 1302 aqua:
2229 1231 2353 1303 gelu
2389 1238 2666 1286 concreta:
2689 1239 2950 1301 tanquam
2977 1246 3086 1286 aere
3124 1210 3362 1302 quodam
3419 1233 3500 1288 vel
3563 1233 3722 1288 ferro

427 1305 674 1362 defracto
701 1317 756 1363 et
804 1308 912 1380 igni
956 1311 1345 1382 colliquefacto
1411 1332 1610 1388 aquam
1663 1324 1918 1394 redigunt
1968 1341 2034 1381 ex
2074 1341 2142 1382 eo
2199 1325 2348 1397 quod
2395 1326 2450 1381 in
2497 1325 2733 1397 lapidem
2776 1327 2932 1395 quasi
2961 1325 3219 1380 duratura
3274 1335 3380 1382 est.
3412 1329 3461 1383 Is
3527 1336 3718 1384 status

429 1405 691 1473 temporis
716 1415 860 1470 erat,
892 1422 1003 1476 quo
1033 1418 1278 1480 tempore
1306 1420 1584 1470 certamen
1623 1421 2004 1490 peragebatur,
2046 1422 2191 1477 malo
2221 1430 2420 1493 praeter
2441 1429 2696 1476 naturam
2763 1419 2983 1475 ﬂatibus
3032 1418 3342 1476 borealibus
3401 1420 3719 1505 incremen-

429 1501 540 1546 tum
574 1502 774 1550 nacto:
813 1497 1274 1567 quemadmodum
1307 1506 1498 1563 audire
1531 1509 1658 1565 licet
1685 1513 1845 1569 exiis
1879 1515 1972 1584 qui
2010 1515 2281 1570 miracula
2311 1523 2614 1586 exponunt.

496 1581 862 1656 Posteaquam
909 1588 1080 1660 igitur
1131 1594 1282 1652 clare
1319 1613 1519 1655 nomen
1549 1601 1754 1658 Christi
1786 1581 2003 1676 publice

2122 1607 2343 1679 Ἐπειδὴ
2387 1606 2569 1660 τοίνυν
2619 1603 2890 1678 λαμπρῶς
2925 1604 2987 1658 τὸ
3031 1603 3201 1675 ὄνομα
3237 1602 3331 1656 τοῦ
3375 1603 3578 1674 Κυρίου
3607 1603 3720 1674 δη-

426 1675 826 1744 praedicasseut
858 1721 875 1747 ,
923 1691 981 1736 et
1027 1699 1125 1754 per
1165 1688 1434 1756 ejusmodi
1497 1675 1830 1763 prmconium
1885 1713 1995 1753 sese

2119 1697 2283 1770 μοσίᾳ
2306 1675 2661 1768 κηρύξαντες,
2694 1675 2797 1750 καί
2833 1695 2933 1768 ήδη
2986 1693 3309 1763 στεφανίτας
3355 1693 3580 1757 ἑαυτοὺς
3621 1693 3720 1746 διὰ

423 1765 538 1835 jam
595 1768 884 1838 (victoriae
934 1775 1200 1848 nomine)
1230 1793 1525 1838 coronatos
1557 1801 1679 1841 esse
1732 1787 2008 1846 declaras-

425 1867 550 1948 sent
573 1900 588 1920 ,
623 1868 674 1914 et
725 1863 1017 1920 tenderent
1071 1869 1139 1924 ad
1177 1874 1376 1929 mortis
1425 1880 2002 1948 consummationem,

424 1941 516 2004 hil:
552 1952 750 2009 modus
782 1957 1106 2014 certaminis
1149 1962 1230 2018 eis
1257 1968 1605 2035 cxcogitatus
1635 1978 1739 2024 est.
1775 1971 2007 2042 Imperat

424 2049 694 2113 tyrannus
718 2057 774 2101 ut
798 2049 920 2117 gelu
943 2051 1157 2107 athleta:
1179 2059 1480 2114 excruciati
1500 2062 2001 2133 exstinguerentur.

423 2133 470 2188 0
523 2134 898 2192 infirmitatem
944 2141 1231 2198 verborum
1257 2154 1311 2202 et
1352 2153 1790 2208 sententiarum!
1825 2172 2002 2225 quan-

422 2235 539 2280 tum
568 2226 720 2283 abest
750 2243 780 2281 a
813 2229 1079 2302 dignitate
1100 2237 1313 2292 oratio!
1346 2238 1628 2297 Sententia
1659 2246 1852 2302 mortis
1883 2263 2002 2318 pa:-

420 2329 550 2370 nam
582 2317 833 2389 irrogans
867 2329 922 2375 et
946 2325 1070 2393 gelu
1094 2365 1109 2390 ,
1140 2334 1195 2382 et
1233 2332 1584 2401 supplicium.
1617 2343 1671 2387 et
1720 2317 2005 2406 exspecta-

422 2410 502 2463 tio
535 2410 664 2466 talis
717 2426 937 2481 paenae:
980 2425 1035 2471 et
1072 2418 1231 2474 beata
1280 2422 1544 2493 juventus
1583 2442 1681 2496 per
1731 2429 1902 2484 risum
1947 2437 2002 2485 et

417 2497 607 2566 jocum
654 2509 708 2556 et
743 2502 1071 2562 hilaritatem
1118 2510 1186 2564 ad
1231 2511 1412 2568 locum
1473 2517 1728 2586 supplicii
1767 2528 2001 2576 conten-

420 2588 625 2659 debat;
657 2607 855 2650 cursus
887 2606 1006 2651 crat
1038 2600 1370 2656 athletarum
1394 2605 1460 2658 ad
1493 2610 1844 2677 passionem;
1877 2626 2004 2667 cur-

418 2697 518 2737 sus
545 2690 601 2738 et
627 2699 784 2740 sacer
831 2697 885 2742 et
925 2688 1210 2758 incitatus,
1241 2704 1296 2748 et
1341 2701 1622 2754 contentio
1651 2703 2000 2773 praeripiendi

417 2788 681 2830 coronam
718 2777 1130 2838 confessionis:
1188 2799 1287 2856 par
1315 2788 1396 2842 eis
1424 2790 1664 2846 studium
1712 2793 1776 2847 ad
1824 2794 1999 2848 vieto-

418 2863 557 2919 riam
587 2869 731 2936 erat,
777 2885 941 2926 nemo
997 2873 1166 2928 animi
1238 2879 1670 2949 promptitudine
1728 2886 2000 2953 posterior

415 2956 575 3014 visus
610 2966 725 3025 est;
777 2961 871 3016 sed
909 2964 1246 3022 unanimiter
1302 2971 1542 3025 universi
1588 2973 1690 3028 hoc
1728 2990 1998 3047 occupato

2112 1787 2214 1859 τῆς
2238 1790 2492 1858 τοιαύτης
2515 1788 2868 1860 ἀναρρήσεως
2895 1786 3186 1854 δείξαντες,
3217 1784 3458 1857 ἐχώρουν
3487 1785 3578 1839 ἐπὶ
3603 1786 3717 1855 τὴν

2111 1878 2202 1934 διά
2239 1878 2332 1932 τοῦ
2379 1879 2607 1934 θανάτου
2647 1879 2948 1941 τελείωσιν,
2991 1873 3148 1941 οὗτος
3200 1878 3386 1941 αὐτοῖς
3434 1875 3714 1946 ἐπενοήθη

2111 1971 2212 2041 τῆς
2240 1969 2520 2041 ἀθλήσεως
2552 1971 2582 2024 ό
2610 1970 2811 2042 τρόπος
2824 1973 2842 2000 ·⁴
2877 1967 3208 2040 Πρόσταγμα
3236 1968 3443 2036 γίνεται
3478 1965 3572 2020 τοῦ
3605 1983 3716 2019 τυ-

2115 2063 2326 2134 ράννου,
2354 2061 2552 2133 κρυμῷ
2587 2062 2716 2124 τοὺς
2753 2060 2991 2132 ἀθλητάς
3034 2059 3469 2132 τιμωρήσασθαι.
3505 2059 3567 2112 'n
3598 2062 3712 2130 τῆς

2109 2154 2391 2219 ἀσθενείας
2419 2156 2512 2209 καλ⁵
2532 2154 2639 2208 τῶν
2665 2155 2924 2227 ῥημάτων
2947 2155 3042 2208 καὶ⁵
3066 2153 3176 2206 τῶν
3197 2153 3513 2223 νοημάτωνῐ
3535 2154 3714 2208 Ὅσον

2109 2247 2460 2301 ἀπολείπεται
2489 2246 2588 2317 τῆς
2615 2247 2772 2314 ἀξίας
2793 2248 2822 2300 ό
2848 2247 3004 2315 λόγος
3027 2250 3040 2302 !
3075 2247 3316 2301 Θανάτου
3349 2248 3710 2318 πρόσταγμα,

2109 2340 2204 2393 καὶ
2241 2339 2470 2410 κρυμὸς,
2497 2339 2594 2393 καὶ
2633 2339 2892 2410 τιμωρία,
2932 2339 3027 2392 καὶ
3054 2339 3347 2410 προσδοκία
3386 2339 3484 2408 τῆς
3513 2339 3711 2393 τοιαύ-

2107 2448 2205 2501 της
2239 2432 2511 2496 κολάσεως
2531 2447 2546 2463 ο
2587 2432 2734 2503 καὶὴ
2769 2432 3014 2503 μακαρία
3043 2431 3231 2502 νεότης
3273 2433 3332 2485 ἐν
3366 2421 3557 2499 γέλωτι
3602 2431 3712 2486 καὶ

2108 2524 2296 2594 παιδιᾷ
2329 2524 2424 2577 καὶ
2457 2524 2776 2596 φαιδρότητι
2821 2525 2914 2578 τὴν
2955 2525 3052 2595 τῆς
3097 2525 3368 2595 τιμωρίας
3423 2523 3709 2594 κατελάμ-

2109 2614 2236 2667 ϐανε
2263 2615 2453 2668 τόπονσ
2479 2617 2678 2686 δρόμος
2725 2611 2793 2686 ἦν
2838 2615 3082 2684 ἀθλητῶν
3116 2615 3208 2668 ἐπὶ
3241 2615 3299 2668 τὸ
3334 2615 3529 2679 πάθος,
3563 2614 3706 2685 δρό-

2118 2724 2214 2777 μος
2245 2708 2388 2778 ἱερός
2431 2725 2489 2761 τε
2538 2709 2633 2762 καὶ
2668 2708 2918 2772 σύντονος
2937 2725 2951 2741 ·
2981 2709 3074 2761 καὶ
3112 2707 3405 2777 φιλονεικία
3433 2707 3523 2760 τοῦ
3551 2724 3708 2778 προ-

2107 2799 2351 2868 αρπάσαι
2379 2798 2479 2868 τῆς
2508 2799 2796 2870 ὁμολογίας
2841 2800 2930 2852 τὸν
2974 2800 3266 2867 στέφανον’
3297 2799 3387 2868 ίση
3428 2798 3559 2867 πρὸς
3589 2797 3707 2870 τὴν

2107 2890 2262 2962 νίκην
2295 2887 2362 2962 ἦν
2395 2891 2576 2955 αὐτοῖς
2614 2894 2647 2962 ή
2698 2891 2929 2963 σπουδή·
2969 2891 3144 2954 οὐδεὶς
3178 2890 3400 2962 ὕστερος
3430 2889 3578 2960 ὤφθη
3623 2892 3706 2963 τῇ

2107 2983 2404 3056 προθυμίᾳο
2453 2983 2568 3037 ἀλλ’
2603 2983 2945 3056 ὁμοθυμαδὸν
2989 2982 3228 3046 ἅπαντες
3271 2983 3479 3035 τουτονὶ
3510 2997 3698 3034 κατα-

416 3049 574 3116 loco,
629 3052 866 3123 publicis
923 3057 1153 3124 perinde
1180 3061 1338 3129 quasi
1397 3062 1609 3119 balneis
1659 3040 1884 3122 vacaret
1903 3081 1995 3132 ,et

2102 3040 2369 3139 λαϐόντες,
2398 3075 2491 3128 τὸν
2541 3040 2726 3137 τόπον,
2777 3040 2914 3128 ibas!
2972 3040 3250 3146 δημοσίοίς
3287 3075 3407 3128 τότε
3447 3073 3704 3146 λουτροῖς

416 3142 576 3212 quasi
616 3151 729 3198 tum
760 3145 863 3217 ipsi
911 3147 1132 3204 lavacro
1183 3167 1412 3221 corpora
1464 3160 1711 3212 curaturi
1741 3170 1793 3213 et
1838 3162 1998 3216 abluo

416 3235 527 3288 turi
558 3243 745 3290 essent
768 3278 783 3299 ,
826 3237 972 3293 haud
1007 3248 1333 3296 cunctanter
1367 3245 1679 3300 tunicarum
1735 3251 1995 3305 amictum

414 3323 788 3394 deponebant,
830 3327 1041 3384 dictum
1083 3331 1219 3386 illud
1251 3331 1374 3388 Jobi
1409 3350 1602 3394 omnes
1633 3339 1994 3408 adjicientes:

416 3415 563 3472 Nudi
597 3417 947 3475 introivimus
983 3421 1039 3476 in
1073 3423 1375 3488 mundum,
1421 3427 1553 3482 nudi
1591 3428 1658 3482 ad
1697 3446 1821 3485 eum
1847 3473 1862 3495 ,
1902 3433 1996 3504 qui

367 3524 377 3540 ο
417 3510 438 3580 ί
469 3510 578 3564 huc
616 3510 760 3580 nos)
789 3511 1140 3580 introduxit,
1175 3515 1555 3586 abibimus“;
1592 3521 1729 3576 nihil
1790 3524 1994 3594 impor-

415 3608 657 3662 tavimus
722 3607 778 3660 in
810 3607 1098 3675 mundum,
1135 3625 1204 3664 ne
1235 3621 1528 3681 exportare
1567 3615 1789 3684 quidem
1833 3619 2010 3688 quid:

414 3713 580 3769 quam
604 3697 868 3754 debemus
895 3700 937 3730 "
961 3718 974 3754 :
1001 3700 1113 3754 imo
1142 3717 1272 3757 vero
1312 3703 1444 3757 undi
1481 3705 1738 3776 ingressi,
1772 3708 1996 3765 thesau-

416 3806 604 3846 rorum
633 3805 702 3846 ex
730 3791 873 3846 bona
908 3792 1258 3850 confessione
1293 3797 1651 3853 collectorum
1706 3802 1852 3870 pleni
1893 3804 1994 3857 ab-

415 3883 639 3938 ibimus.
677 3881 804 3937 Haec
825 3882 1094 3953 dicentes,
1125 3895 1179 3942 et
1211 3887 1481 3957 ejusmodi
1517 3890 1702 3946 verbis
1727 3907 1847 3948 sese
1876 3895 1996 3948 ani-

413 3983 630 4032 mantes
657 3986 709 4032 et
738 3976 1129 4034 conﬂrmantes
1155 4017 1170 4045 ,
1222 3995 1424 4050 corpus
1486 3980 1676 4053 frigori
1713 3986 1993 4040 constrin-

414 4065 649 4137 gendum
693 4067 941 4130 dabant,
975 4083 1040 4124 ac
1070 4070 1464 4126 elementorum
1508 4073 1726 4143 quidem
1795 4088 1994 4133 natura

2102 3167 2447 3236 σχολάζοντα,
2469 3167 2544 3230 ὡς
2571 3167 2664 3220 καὶ
2691 3166 2846 3220 αὐτοὶ
2876 3166 3157 3238 μέλλοντες
3181 3166 3260 3238 τῷ
3286 3165 3494 3238 λουτρῷ
3514 3183 3703 3221 κατα.-

2101 3260 2406 3332 φαιδρύνειν
2450 3260 2518 3313 τὰ
2566 3259 2826 3330 σώματα,
2871 3260 3103 3330 ἑτοίμως
3147 3261 3247 3331 τὴν
3289 3259 3398 3312 τῶν
3447 3259 3702 3330 χιτώνων

2099 3351 2389 3423 περιϐολὴν
2416 3351 2753 3412 ἀπετίθεντο,
2773 3348 2835 3403 τδ
2861 3349 2954 3404 τοῦ
2991 3349 3112 3404 Ἰὼϐ
3136 3351 3333 3414 πάντες
3360 3349 3700 3419 ἐπιφθεγγό-

2103 3459 2280 3514 μενοι,
2303 3442 2386 3495 ὅτι
2415 3441 2615 3512 Γυμνοὶ
2645 3440 2964 3512 εἰσήλθομεν
2995 3443 3075 3505 είς
3099 3441 3195 3494 τὸν
3237 3440 3456 3511 κόσμον,
3484 3442 3700 3512 γυμνοὶ

2100 3535 2234 3603 πρὸς
2293 3533 2384 3588 τὸν
2451 3535 2812 3603 εἰσαγαγόντα
2879 3533 3327 3604 ἀπελευσόμεθα*
3375 3532 3526 3586 οὐδὲν
3568 3535 3700 3586 εισ-

2098 3624 2405 3695 ηνέγκαμεν
2439 3625 2518 3686 εἰς
2546 3623 2638 3676 τὸν
2677 3623 2901 3695 κόσμον,
2935 3622 3086 3676 οὐδὲν
3117 3621 3418 3691 ἐξενεγκεῖν
3449 3639 3502 3674 τι
3529 3622 3699 3692 ὀφεί-

2096 3715 2260 3785 λομεν
2280 3729 2294 3743 ⁶
2322 3714 2520 3784 μᾶλλον
2546 3714 2602 3766 δὲ
2631 3715 2827 3785 γυμνοὶ
2857 3713 3206 3778 εἰσελθόντες,
3235 3712 3459 3784 πλήρεις
3487 3712 3698 3784 θησαυ’

2101 3807 2207 3876 ρῶν
2253 3805 2359 3859 τῶν
2406 3807 2470 3858 ἐκ
2515 3805 2618 3875 τῆς
2663 3805 2870 3874 ἀγαθῆς
2915 3803 3202 3872 ὁμολογίας
3249 3803 3692 3874 ἀπελευσόμεθα.

2097 3897 2281 3951 Ταῦτα
2307 3897 2572 3967 λέγοντες,
2603 3897 2697 3950 καὶ
2729 3895 2989 3959 τοιούτοις
3032 3896 3258 3959 ἑαυτοὺς
3295 3895 3473 3964 λόγοις
3501 3912 3694 3967 παραυ

2096 3989 2470 4062 θαρσύνοντες,
2504 3989 2744 4042 ἐδίδοσαν
2772 3990 2839 4058 τῇ
2869 3987 3024 4058 πήξει
3065 3988 3126 4041 τὸ
3175 3987 3357 4059 σῶμαο
3392 3988 3484 4041 καὶ
3510 3990 3543 4059 ή
3575 3990 3694 4059 μὲν

2093 4083 2203 4136 τῶν
2253 4082 2529 4153 στοιχείων
2578 4082 2739 4151 φύσις
2784 4083 3174 4152 κατεκρατεῖτο
3215 4085 3283 4153 τῇ
3329 4081 3518 4152 πήξει·
3546 4084 3578 4150 ἡ
3625 4083 3693 4137 δὲ

421 4159 790 4230 congclationi
822 4160 1215 4216 succumbebat
1245 4177 1260 4213 :
1287 4173 1586 4235 martyrum
1614 4181 1744 4221 vero
1772 4176 1991 4236 natura,

2096 4171 2202 4224 τῶν
2229 4171 2521 4243 μαρτύρων
2560 4171 2739 4241 φύσις,
2765 4172 2842 4235 ὡς
2885 4171 3182 4236 ἀδούλωτος
3217 4167 3305 4244 ἦν’
3333 4172 3526 4242 μᾶλλον
3551 4172 3613 4225 δὲ
3653 4178 3692 4246 ή

417 4252 575 4320 quasi
599 4252 865 4307 indomita
888 4261 1053 4322 atque
1083 4252 1285 4308 invicta
1318 4263 1458 4320 erat;
1492 4256 1604 4311 imo
1629 4273 1764 4314 vero
1785 4269 1994 4318 natura:

2099 4264 2198 4334 μὲν
2235 4263 2397 4333 φύσις
2443 4263 2506 4317 τὸ
2547 4265 2746 4317 οἰκεῖον
2787 4263 3014 4334 ἔπασχε,
3061 4263 3157 4317 καὶ⁹
3187 4265 3255 4316 τὰ
3283 4262 3496 4333 ἀλγεινὰ
3533 4279 3691 4334 παρ-

412 4343 632 4413 quidem
673 4344 750 4406 id,
805 4343 950 4415 quod
995 4359 1093 4414 par
1122 4352 1177 4399 et
1205 4354 1632 4404 consentaneum
1661 4361 1777 4406 erat
1803 4395 1816 4416 ,
1842 4357 1988 4410 acci-

2096 4359 2342 4429 εδέχετο·
2387 4360 2421 4430 ή
2473 4359 2528 4413 δὲ
2572 4360 2906 4430 μεγαλοφυῖα
2945 4360 3051 4413 τῶν
3090 4359 3357 4432 ἀθλητῶν,
3405 4361 3495 4415 καὶ
3535 4361 3689 4432 πρὸς

413 4433 624 4488 debat:
678 4433 881 4504 quippe
941 4433 1221 4489 cruciatus
1309 4436 1559 4506 capiebat
1600 4457 1612 4493 :
1658 4441 1986 4498 athletarum

412 4539 546 4579 vero
571 4522 892 4594 magnitudo
936 4523 1105 4578 animi
1144 4525 1306 4580 etiam
1365 4525 1627 4585 adversus
1671 4531 1843 4602 ipsam
1890 4551 1988 4589 na-

2095 4450 2264 4522 αὐτὴν
2297 4452 2396 4522 τὴν
2437 4451 2598 4520 φύσιν
2642 4452 3008 4522 διηγωνίζετο.
3056 4452 3120 4504 Ἠ
3169 4452 3266 4524 μὲν
3304 4453 3410 4524 γὰρ
3447 4452 3688 4521 δύναμις

2095 4541 2237 4595 κατά
2270 4541 2463 4614 μικρὸν
2489 4542 2748 4608 διελύετο,
2781 4543 3148 4614 μαραινομένη
3189 4545 3282 4597 καὶ
3312 4545 3688 4615 δαπανωμένη

411 4625 594 4670 turam
649 4613 987 4670 decertabat.
1047 4613 1183 4670 Nam
1239 4617 1386 4674 vires
1456 4620 1677 4689 quidem
1741 4630 1988 4696 corporis

412 4705 829 4777 constringente
869 4707 993 4777 gelu
1027 4707 1482 4766 contabescentes
1522 4713 1780 4782 paulatim
1809 4719 1986 4773 solve-

411 4798 613 4853 bantur
632 4806 686 4854 et
718 4799 1222 4865 consumebantur;
1255 4801 1423 4855 animi
1468 4819 1599 4858 vero
1637 4805 1791 4874 vigor
1815 4807 1990 4879 major

411 4890 714 4958 evadebat;
757 4890 1107 4962 nigrescebat
1145 4893 1366 4963 quidem
1407 4895 1579 4950 decor
1616 4901 1886 4967 corporis,
1921 4916 1987 4957 ac

411 4981 766 5052 pulchritudo
815 4981 1228 5047 deﬂorescebat,
1263 4993 1317 5038 et
1363 4985 1548 5041 carnis
1604 4986 1782 5043 bonus
1835 4991 1988 5045 color

411 5075 808 5141 cvanescebat;
839 5074 1154 5131 deﬂuebant
1177 5075 1332 5147 digiti
1363 5078 1485 5146 gelu
1518 5078 1781 5148 paulatim
1807 5083 1984 5151 carpti

411 5173 575 5235 atque
615 5165 783 5220 accisi
814 5205 829 5229 ,
879 5167 1233 5236 membraque
1267 5169 1449 5222 omnia
1491 5184 1556 5225 ac
1603 5187 1868 5227 sensuum
1897 5175 1985 5229 in-

412 5265 718 5312 strumenta
750 5258 957 5314 saevitia
987 5259 1210 5331 frigoris
1243 5261 1448 5332 passim
1470 5261 1888 5335 frangebantur,
1921 5283 1985 5324 ac

412 5349 818 5404 dilabebantur.
865 5349 1164 5407 Livescens
1227 5352 1374 5407 enim
1439 5368 1570 5410 caro
1622 5358 1882 5426 paulatim
1930 5368 1986 5416 et

415 5442 786 5498 intumescens
823 5457 948 5497 cum
994 5444 1143 5497 circa
1198 5445 1444 5500 membra
1504 5445 1870 5516 scinderetur,
1916 5454 1986 5513 ab

414 5532 635 5589 ossibus
657 5532 948 5599 deﬂuebat,
987 5549 1052 5590 ac
1102 5535 1371 5592 mortiferi
1438 5539 1715 5597 cruciatus
1778 5545 1980 5601 sentie-

2091 4633 2181 4687 διά
2211 4634 2309 4704 τῆς
2336 4634 2586 4705 πήξεως-ο
2633 4638 2661 4689 ό
2695 4635 2751 4688 δὲ
2786 4635 2885 4706 τῆς
2919 4637 3097 4706 ψυχῆς
3115 4637 3285 4700 τόνος,
3325 4634 3522 4706 μείζων
3554 4637 3686 4704 ὲγίο

2094 4742 2214 4780 νετο
2233 4741 2247 4755 ⁸
2279 4727 2594 4797 ἐμελαίνετο
2625 4728 2724 4798 μὲν
2752 4729 2784 4797 ἡ
2817 4728 2936 4800 ὥρα
2966 4729 3058 4782 τοῦ
3085 4728 3352 4798 σώματος,
3375 4727 3465 4782 καὶ
3491 4729 3677 4798 ἀπήν-

2090 4816 2173 4871 θει
2202 4818 2262 4872 τὸ
2287 4819 2503 4883 κάλλος,
2526 4821 2622 4873 καὶ
2653 4819 2713 4872 τὸ
2734 4819 2834 4890 τῆς
2861 4819 3063 4890 σαρκὸς
3086 4819 3315 4892 εὖχρουν
3336 4821 3667 4891 κατεμαραί-

2088 4925 2240 4962 νετοο
2289 4911 2558 4982 ἀπέρρεον
2615 4911 2886 4973 δάκτυλοι,
2945 4912 3024 4982 τῷ
3075 4911 3272 4984 κρυμῷ
3323 4913 3441 4967 κατ’
3488 4912 3681 4980 ὀλίγον

2087 5003 2560 5073 περικοπτόμενοι,
2590 5002 2724 5074 μέλη
2767 5019 2827 5057 τε
2877 5003 3053 5056 πάντα
3095 5006 3191 5058 καὶ
3235 5003 3555 5075 αἰσθητήρια
3602 5009 3679 5075 τῇ

2086 5092 2282 5164 πικρίᾳ
2310 5093 2404 5147 τοῦ
2447 5094 2646 5165 κρύους
2679 5094 3090 5166 περιεθρύφετο.
3129 5095 3515 5166 Πελιδνουμένη
3553 5095 3676 5168 γὰρ

2093 5183 2214 5234 κατ’
2241 5181 2419 5250 ὀλίγον
2445 5185 2480 5254 ή
2526 5183 2680 5256 σὰρξ,
2715 5185 2807 5238 καὶ
2851 5185 3117 5239 διοιδοῦσα
3157 5187 3252 5240 καὶ
3288 5183 3672 5257 περιλακιζου-

2095 5272 2231 5343 μένη
2260 5277 2373 5338 τοῖς
2443 5275 2648 5345 μέλεσι,
2687 5277 2796 5330 τῶν
2842 5277 3042 5331 ὀστέων
3067 5279 3323 5350 ἀπέρρεε,
3355 5279 3448 5331 καὶ
3473 5277 3539 5331 τὰ
3563 5279 3670 5349 τῆς

2089 5365 2412 5436 νεκρότητος
2437 5368 2583 5441 πάθη
2613 5371 2670 5422 ἐν
2695 5373 2943 5444 αἰσθήσει
2975 5373 3206 5442 ἐδέχετο.
3232 5369 3339 5423 Καὶ
3364 5369 3532 5434 οὕτως
3559 5370 3668 5423 αὑα

2089 5459 2200 5520 τοῖς
2227 5459 2368 5513 κατά
2399 5463 2593 5533 μικρὸν
2614 5465 2641 5517 ὁ
2670 5464 2896 5531 θάνατος
2921 5465 3122 5537 προϊὼν
3158 5465 3180 5517 ὲ
3191 5464 3455 5535 μηκύνετο
3484 5463 3667 5532 τρισὶν

2087 5549 2320 5622 ἡμέραις
2371 5559 2844 5629 παρατεινὸμενος.
2893 5561 3070 5631 Μέχρι
3114 5560 3219 5630 γὰρ
3273 5574 3521 5611 τοσούτου
3560 5555 3662 5627 τῆς

493 5714 529 5744 ¹¹
559 5711 660 5770 Job
699 5729 740 5777 ι,
771 5711 858 5768 ει.
939 5715 1022 5770 ³³1
1055 5715 1296 5775 Timoth.
1328 5733 1402 5786 τι,
1434 5718 1487 5772 ⁸1.
