  <div class='ocr_page' id='page_1' title='image "/cluster/home/n/w/nwhite01/storage/ocr_20150623/46/hvd.32044014713994/390.png"; bbox 0 0 3850 6412; ppageno 0'>
   <div class='ocr_carea' id='block_1_1' title="bbox 75 309 196 365">
    <p class='ocr_par' dir='ltr' id='par_1_1' title="bbox 75 309 196 365">
     <span class='ocr_line' id='line_1_1' title="bbox 75 309 196 365; baseline 0.033 -3"><span class='ocrx_word' id='word_1_1' title='bbox 75 309 196 365; x_wconf 82' lang='lat'><strong>769</strong></span> 
     </span>
    </p>
   </div>
   <div class='ocr_carea' id='block_1_2' title="bbox 1206 294 2280 363">
    <p class='ocr_par' dir='ltr' id='par_1_2' title="bbox 1206 294 2280 363">
     <span class='ocr_line' id='line_1_2' title="bbox 1206 294 2280 363; baseline -0.002 -10"><span class='ocrx_word' id='word_1_2' title='bbox 1206 299 1270 353; x_wconf 87' lang='lat' dir='ltr'><strong>IN</strong></span> <span class='ocrx_word' id='word_1_3' title='bbox 1328 294 1831 363; x_wconf 69' lang='lat' dir='ltr'><strong>QUADRACINTA</strong></span> <span class='ocrx_word' id='word_1_4' title='bbox 1872 294 2280 351; x_wconf 72' lang='lat' dir='ltr'><strong>MARTYRES.</strong></span> 
     </span>
    </p>
   </div>
   <div class='ocr_carea' id='block_1_3' title="bbox 3266 296 3368 353">
    <p class='ocr_par' dir='ltr' id='par_1_3' title="bbox 3266 296 3368 353">
     <span class='ocr_line' id='line_1_3' title="bbox 3266 296 3368 353; baseline 0.029 -4"><span class='ocrx_word' id='word_1_5' title='bbox 3266 296 3368 353; x_wconf 77' lang='grc' dir='ltr'><strong>ἳἹο</strong></span> 
     </span>
    </p>
   </div>
   <div class='ocr_carea' id='block_1_4' title="bbox 74 408 1694 492">
    <p class='ocr_par' dir='ltr' id='par_1_4' title="bbox 74 408 1691 492">
     <span class='ocr_line' id='line_1_4' title="bbox 74 408 1691 492; baseline -0.006 -17"><span class='ocrx_word' id='word_1_6' title='bbox 74 421 399 492; x_wconf 78' lang='grc' dir='ltr'>αἰσθήσεως</span> <span class='ocrx_word' id='word_1_7' title='bbox 449 420 631 482; x_wconf 81' lang='grc' dir='ltr'>αὐτοῖς</span> <span class='ocrx_word' id='word_1_8' title='bbox 689 418 1053 490; x_wconf 76' lang='grc' dir='ltr'>διαρκούσης,</span> <span class='ocrx_word' id='word_1_9' title='bbox 1106 416 1327 486; x_wconf 79' lang='grc' dir='ltr'>ἔμειναν</span> <span class='ocrx_word' id='word_1_10' title='bbox 1381 416 1465 483; x_wconf 78' lang='grc' dir='ltr'><strong>ἐφ’</strong></span> <span class='ocrx_word' id='word_1_11' title='bbox 1519 408 1585 485; x_wconf 77' lang='grc' dir='ltr'>ἦς</span> <span class='ocrx_word' id='word_1_12' title='bbox 1631 412 1691 477; x_wconf 80' lang='grc' dir='ltr'>ἐξ</span> 
     </span>
    </p>
   </div>
   <div class='ocr_carea' id='block_1_5' title="bbox 1796 408 3370 492">
    <p class='ocr_par' dir='ltr' id='par_1_5' title="bbox 1799 411 3370 482">
     <span class='ocr_line' id='line_1_5' title="bbox 1799 411 3370 482; baseline 0 -17"><span class='ocrx_word' id='word_1_13' title='bbox 1799 417 2012 465; x_wconf 89' lang='lat' dir='ltr'><strong>bantur.</strong></span> <span class='ocrx_word' id='word_1_14' title='bbox 2066 413 2242 481; x_wconf 87' lang='lat' dir='ltr'><strong>Atque</strong></span> <span class='ocrx_word' id='word_1_15' title='bbox 2284 412 2356 465; x_wconf 89' lang='lat' dir='ltr'><strong>ita</strong></span> <span class='ocrx_word' id='word_1_16' title='bbox 2395 426 2542 465; x_wconf 85' lang='lat' dir='ltr'><strong>mors</strong></span> <span class='ocrx_word' id='word_1_17' title='bbox 2591 412 2671 467; x_wconf 83' lang='lat' dir='ltr'><strong>eis</strong></span> <span class='ocrx_word' id='word_1_18' title='bbox 2733 411 2993 482; x_wconf 85' lang='lat' dir='ltr'><strong>paulatim</strong></span> <span class='ocrx_word' id='word_1_19' title='bbox 3033 423 3098 464; x_wconf 90' lang='lat' dir='ltr'><strong>ac</strong></span> <span class='ocrx_word' id='word_1_20' title='bbox 3163 411 3370 465; x_wconf 82' lang='lat' dir='ltr'><strong>sensim</strong></span> 
     </span>
    </p>
   </div>
   <div class='ocr_carea' id='block_1_6' title="bbox 78 502 1691 583">
    <p class='ocr_par' dir='ltr' id='par_1_6' title="bbox 78 502 1691 583">
     <span class='ocr_line' id='line_1_6' title="bbox 78 502 1691 583; baseline -0.006 -18"><span class='ocrx_word' id='word_1_21' title='bbox 78 512 268 583; x_wconf 76' lang='grc' dir='ltr'>ἀρχῆς</span> <span class='ocrx_word' id='word_1_22' title='bbox 308 509 611 580; x_wconf 75' lang='grc' dir='ltr'><strong>ἐτάχθησαν</strong></span> <span class='ocrx_word' id='word_1_23' title='bbox 652 508 874 571; x_wconf 81' lang='grc' dir='ltr'>τάξεως,</span> <span class='ocrx_word' id='word_1_24' title='bbox 916 506 1002 559; x_wconf 83' lang='grc' dir='ltr'><strong>διά</strong></span> <span class='ocrx_word' id='word_1_25' title='bbox 1052 505 1266 559; x_wconf 84' lang='grc' dir='ltr'>πάντων</span> <span class='ocrx_word' id='word_1_26' title='bbox 1297 502 1515 573; x_wconf 81' lang='grc' dir='ltr'>νικηταὶ</span> <span class='ocrx_word' id='word_1_27' title='bbox 1549 502 1691 555; x_wconf 82' lang='grc' dir='ltr'><strong>κατά</strong></span> 
     </span>
    </p>
   </div>
   <div class='ocr_carea' id='block_1_7' title="bbox 78 593 1691 667">
    <p class='ocr_par' dir='ltr' id='par_1_7' title="bbox 78 593 1691 667">
     <span class='ocr_line' id='line_1_7' title="bbox 78 593 1691 667; baseline -0.006 -14"><span class='ocrx_word' id='word_1_28' title='bbox 78 601 183 653; x_wconf 83' lang='grc' dir='ltr'><strong>τοῦ</strong></span> <span class='ocrx_word' id='word_1_29' title='bbox 230 600 471 655; x_wconf 84' lang='grc' dir='ltr'>ὲναντίου</span> <span class='ocrx_word' id='word_1_30' title='bbox 502 599 797 667; x_wconf 87' lang='grc' dir='ltr'>γινόμενοι.</span> <span class='ocrx_word' id='word_1_31' title='bbox 841 596 999 648; x_wconf 80' lang='grc' dir='ltr'>Ἀλλά</span> <span class='ocrx_word' id='word_1_32' title='bbox 1026 595 1107 657; x_wconf 83' lang='grc' dir='ltr'><strong>τίς</strong></span> <span class='ocrx_word' id='word_1_33' title='bbox 1141 595 1206 649; x_wconf 82' lang='grc' dir='ltr'><strong>ἄν</strong></span> <span class='ocrx_word' id='word_1_34' title='bbox 1243 612 1330 663; x_wconf 88' lang='grc' dir='ltr'><strong>μοι</strong></span> <span class='ocrx_word' id='word_1_35' title='bbox 1356 594 1421 647; x_wconf 74' lang='grc' dir='ltr'>τὰ</span> <span class='ocrx_word' id='word_1_36' title='bbox 1448 594 1539 645; x_wconf 75' lang='grc' dir='ltr'><strong>ἐπὶ</strong></span> <span class='ocrx_word' id='word_1_37' title='bbox 1568 593 1691 644; x_wconf 80' lang='grc' dir='ltr'>τούο</span> 
     </span>
    </p>
   </div>
   <div class='ocr_carea' id='block_1_8' title="bbox 78 684 1691 763">
    <p class='ocr_par' dir='ltr' id='par_1_8' title="bbox 78 684 1691 763">
     <span class='ocr_line' id='line_1_8' title="bbox 78 684 1691 763; baseline -0.006 -18"><span class='ocrx_word' id='word_1_38' title='bbox 78 710 205 756; x_wconf 84' lang='grc' dir='ltr'>τοις</span> <span class='ocrx_word' id='word_1_39' title='bbox 238 693 373 763; x_wconf 79' lang='grc' dir='ltr'>πρὸς</span> <span class='ocrx_word' id='word_1_40' title='bbox 405 692 562 757; x_wconf 89' lang='grc' dir='ltr'>ἀξίαν</span> <span class='ocrx_word' id='word_1_41' title='bbox 592 689 1006 758; x_wconf 84' lang='grc' dir='ltr'>ὲκδιηγήσαιτο;</span> <span class='ocrx_word' id='word_1_42' title='bbox 1042 687 1138 750; x_wconf 85' lang='grc' dir='ltr'>Τίς</span> <span class='ocrx_word' id='word_1_43' title='bbox 1188 686 1495 757; x_wconf 71' lang='grc' dir='ltr'><strong>ὑπογράψει</strong></span> <span class='ocrx_word' id='word_1_44' title='bbox 1535 684 1691 752; x_wconf 86' lang='grc' dir='ltr'>λόγος</span> 
     </span>
    </p>
   </div>
   <div class='ocr_carea' id='block_1_9' title="bbox 78 775 1689 858">
    <p class='ocr_par' dir='ltr' id='par_1_9' title="bbox 78 775 1689 858">
     <span class='ocr_line' id='line_1_9' title="bbox 78 775 1689 858; baseline -0.007 -20"><span class='ocrx_word' id='word_1_45' title='bbox 78 788 187 858; x_wconf 76' lang='grc' dir='ltr'><strong>τὴν</strong></span> <span class='ocrx_word' id='word_1_46' title='bbox 228 787 375 841; x_wconf 81' lang='grc' dir='ltr'>θείαν</span> <span class='ocrx_word' id='word_1_47' title='bbox 424 783 639 853; x_wconf 75' lang='grc' dir='ltr'>ἐκείνην</span> <span class='ocrx_word' id='word_1_48' title='bbox 678 779 923 850; x_wconf 78' lang='grc' dir='ltr'>πομπὴν.</span> <span class='ocrx_word' id='word_1_49' title='bbox 957 780 1044 831; x_wconf 81' lang='grc' dir='ltr'>ὅτε</span> <span class='ocrx_word' id='word_1_50' title='bbox 1094 778 1162 831; x_wconf 83' lang='grc' dir='ltr'><strong>τά</strong></span> <span class='ocrx_word' id='word_1_51' title='bbox 1198 777 1326 845; x_wconf 83' lang='grc' dir='ltr'>ἆγια</span> <span class='ocrx_word' id='word_1_52' title='bbox 1372 776 1595 846; x_wconf 85' lang='grc' dir='ltr'>σώματα</span> <span class='ocrx_word' id='word_1_53' title='bbox 1622 775 1689 828; x_wconf 79' lang='grc' dir='ltr'>δι’</span> 
     </span>
    </p>
   </div>
   <div class='ocr_carea' id='block_1_10' title="bbox 85 868 1692 951">
    <p class='ocr_par' dir='ltr' id='par_1_10' title="bbox 85 868 1692 951">
     <span class='ocr_line' id='line_1_10' title="bbox 85 868 1692 951; baseline -0.009 -17"><span class='ocrx_word' id='word_1_54' title='bbox 85 880 325 951; x_wconf 84' lang='grc' dir='ltr'>ἁμαξῶν</span> <span class='ocrx_word' id='word_1_55' title='bbox 360 878 451 930; x_wconf 76' lang='grc' dir='ltr'><strong>ἐπὶ</strong></span> <span class='ocrx_word' id='word_1_56' title='bbox 486 876 546 929; x_wconf 78' lang='grc' dir='ltr'>τὸ</span> <span class='ocrx_word' id='word_1_57' title='bbox 581 875 692 946; x_wconf 86' lang='grc' dir='ltr'><strong>πῦρ</strong></span> <span class='ocrx_word' id='word_1_58' title='bbox 718 872 1091 943; x_wconf 84' lang='grc' dir='ltr'>ὲπομπεύετο;</span> <span class='ocrx_word' id='word_1_59' title='bbox 1130 870 1254 933; x_wconf 86' lang='grc' dir='ltr'>Πῶς</span> <span class='ocrx_word' id='word_1_60' title='bbox 1287 868 1409 922; x_wconf 73' lang='grc' dir='ltr'>ἀντὶ</span> <span class='ocrx_word' id='word_1_61' title='bbox 1437 868 1530 921; x_wconf 93' lang='grc' dir='ltr'><strong>τοῦ</strong></span> <span class='ocrx_word' id='word_1_62' title='bbox 1561 868 1692 920; x_wconf 88' lang='grc' dir='ltr'>κλα-</span> 
     </span>
    </p>
   </div>
   <div class='ocr_carea' id='block_1_11' title="bbox 82 957 1691 1034">
    <p class='ocr_par' dir='ltr' id='par_1_11' title="bbox 82 957 1691 1034">
     <span class='ocr_line' id='line_1_11' title="bbox 82 957 1691 1034; baseline -0.009 -10"><span class='ocrx_word' id='word_1_63' title='bbox 82 972 289 1034; x_wconf 84' lang='grc' dir='ltr'>πέντος</span> <span class='ocrx_word' id='word_1_64' title='bbox 337 968 441 1021; x_wconf 74' lang='grc' dir='ltr'><strong>ὑπὸ</strong></span> <span class='ocrx_word' id='word_1_65' title='bbox 495 966 589 1018; x_wconf 85' lang='grc' dir='ltr'><strong>τοῦ</strong></span> <span class='ocrx_word' id='word_1_66' title='bbox 630 963 875 1017; x_wconf 76' lang='grc' dir='ltr'>διαϐόλου</span> <span class='ocrx_word' id='word_1_67' title='bbox 922 960 1248 1031; x_wconf 81' lang='grc' dir='ltr'>ἀντεισήχθη</span> <span class='ocrx_word' id='word_1_68' title='bbox 1287 958 1365 1029; x_wconf 83' lang='grc' dir='ltr'>τῷ</span> <span class='ocrx_word' id='word_1_69' title='bbox 1403 957 1621 1029; x_wconf 86' lang='grc' dir='ltr'>ἀριθμῷ</span> <span class='ocrx_word' id='word_1_70' title='bbox 1662 960 1691 1011; x_wconf 85' lang='grc' dir='ltr'>ὁ</span> 
     </span>
    </p>
   </div>
   <div class='ocr_carea' id='block_1_12' title="bbox 77 1050 1689 1135">
    <p class='ocr_par' dir='ltr' id='par_1_12' title="bbox 77 1050 1689 1135">
     <span class='ocr_line' id='line_1_12' title="bbox 77 1050 1689 1135; baseline -0.009 -19"><span class='ocrx_word' id='word_1_71' title='bbox 77 1060 435 1135; x_wconf 78' lang='grc' dir='ltr'><strong>δεσμοφύλαξ</strong></span> <span class='ocrx_word' id='word_1_72' title='bbox 463 1058 566 1111; x_wconf 86' lang='grc' dir='ltr'><strong>ύπδ</strong></span> <span class='ocrx_word' id='word_1_73' title='bbox 593 1059 691 1127; x_wconf 75' lang='grc' dir='ltr'>τῆς</span> <span class='ocrx_word' id='word_1_74' title='bbox 720 1056 972 1127; x_wconf 80' lang='grc' dir='ltr'>χάριτος;</span> <span class='ocrx_word' id='word_1_75' title='bbox 1006 1053 1101 1117; x_wconf 81' lang='grc' dir='ltr'>Τίς</span> <span class='ocrx_word' id='word_1_76' title='bbox 1133 1070 1221 1123; x_wconf 82' lang='grc' dir='ltr'><strong>μοι</strong></span> <span class='ocrx_word' id='word_1_77' title='bbox 1248 1051 1560 1122; x_wconf 85' lang='grc' dir='ltr'>διηγήσεται</span> <span class='ocrx_word' id='word_1_78' title='bbox 1591 1050 1689 1121; x_wconf 82' lang='grc' dir='ltr'>τὴν</span> 
     </span>
    </p>
   </div>
   <div class='ocr_carea' id='block_1_13' title="bbox 86 1141 1688 1225">
    <p class='ocr_par' dir='ltr' id='par_1_13' title="bbox 86 1141 1688 1225">
     <span class='ocr_line' id='line_1_13' title="bbox 86 1141 1688 1225; baseline -0.009 -18"><span class='ocrx_word' id='word_1_79' title='bbox 86 1154 312 1225; x_wconf 83' lang='grc' dir='ltr'>μητέρα</span> <span class='ocrx_word' id='word_1_80' title='bbox 339 1150 553 1218; x_wconf 79' lang='grc' dir='ltr'>ἐκείνην</span> <span class='ocrx_word' id='word_1_81' title='bbox 605 1146 703 1217; x_wconf 78' lang='grc' dir='ltr'>τὴν</span> <span class='ocrx_word' id='word_1_82' title='bbox 748 1146 905 1212; x_wconf 85' lang='grc' dir='ltr'>ἀξίαν</span> <span class='ocrx_word' id='word_1_83' title='bbox 963 1144 1057 1197; x_wconf 84' lang='grc' dir='ltr'><strong>τοῦ</strong></span> <span class='ocrx_word' id='word_1_84' title='bbox 1115 1144 1389 1213; x_wconf 81' lang='grc' dir='ltr'>μάρτυρος</span> <span class='ocrx_word' id='word_1_85' title='bbox 1439 1141 1619 1213; x_wconf 75' lang='grc' dir='ltr'>ῥίζαν,</span> <span class='ocrx_word' id='word_1_86' title='bbox 1654 1142 1688 1211; x_wconf 79' lang='grc' dir='ltr'><strong>ἦ</strong></span> 
     </span>
    </p>
   </div>
   <div class='ocr_carea' id='block_1_14' title="bbox 83 1233 1688 1311">
    <p class='ocr_par' dir='ltr' id='par_1_14' title="bbox 83 1233 1688 1311">
     <span class='ocr_line' id='line_1_14' title="bbox 83 1233 1688 1311; baseline -0.009 -12"><span class='ocrx_word' id='word_1_87' title='bbox 83 1241 528 1311; x_wconf 74' lang='grc' dir='ltr'><strong>καταλειφθέντα</strong></span> <span class='ocrx_word' id='word_1_88' title='bbox 567 1239 671 1291; x_wconf 74' lang='grc' dir='ltr'>ὑπὸ</span> <span class='ocrx_word' id='word_1_89' title='bbox 718 1236 812 1290; x_wconf 88' lang='grc' dir='ltr'><strong>τοῦ</strong></span> <span class='ocrx_word' id='word_1_90' title='bbox 850 1236 1045 1307; x_wconf 79' lang='grc' dir='ltr'>δημίου</span> <span class='ocrx_word' id='word_1_91' title='bbox 1093 1234 1183 1287; x_wconf 75' lang='grc' dir='ltr'>τὸν</span> <span class='ocrx_word' id='word_1_92' title='bbox 1224 1234 1283 1298; x_wconf 77' lang='grc' dir='ltr'>ἐξ</span> <span class='ocrx_word' id='word_1_93' title='bbox 1321 1235 1509 1305; x_wconf 80' lang='grc' dir='ltr'>αὐτῆς,</span> <span class='ocrx_word' id='word_1_94' title='bbox 1557 1233 1688 1286; x_wconf 83' lang='grc' dir='ltr'>διότι</span> 
     </span>
    </p>
   </div>
   <div class='ocr_carea' id='block_1_15' title="bbox 83 1326 1690 1409">
    <p class='ocr_par' dir='ltr' id='par_1_15' title="bbox 83 1326 1690 1409">
     <span class='ocr_line' id='line_1_15' title="bbox 83 1326 1690 1409; baseline -0.007 -18"><span class='ocrx_word' id='word_1_95' title='bbox 83 1340 335 1409; x_wconf 81' lang='grc' dir='ltr'><strong>ἔμπνους</strong></span> <span class='ocrx_word' id='word_1_96' title='bbox 359 1331 445 1404; x_wconf 77' lang='grc' dir='ltr'>ἦν,</span> <span class='ocrx_word' id='word_1_97' title='bbox 474 1333 566 1384; x_wconf 77' lang='grc' dir='ltr'>καὶ</span> <span class='ocrx_word' id='word_1_98' title='bbox 597 1331 683 1383; x_wconf 71' lang='grc' dir='ltr'><strong>διὰ</strong></span> <span class='ocrx_word' id='word_1_99' title='bbox 713 1329 868 1383; x_wconf 86' lang='grc' dir='ltr'>τοῦτο</span> <span class='ocrx_word' id='word_1_100' title='bbox 902 1329 975 1399; x_wconf 80' lang='grc' dir='ltr'>μὴ</span> <span class='ocrx_word' id='word_1_101' title='bbox 1007 1327 1381 1397; x_wconf 74' lang='grc' dir='ltr'>ἀναληφθέντα</span> <span class='ocrx_word' id='word_1_102' title='bbox 1415 1326 1553 1397; x_wconf 85' lang='grc' dir='ltr'><strong>μετά</strong></span> <span class='ocrx_word' id='word_1_103' title='bbox 1582 1327 1690 1380; x_wconf 86' lang='grc' dir='ltr'>τῶν</span> 
     </span>
    </p>
   </div>
   <div class='ocr_carea' id='block_1_16' title="bbox 83 1416 1690 1497">
    <p class='ocr_par' dir='ltr' id='par_1_16' title="bbox 83 1416 1690 1497">
     <span class='ocr_line' id='line_1_16' title="bbox 83 1416 1690 1497; baseline -0.007 -13"><span class='ocrx_word' id='word_1_104' title='bbox 83 1431 278 1485; x_wconf 80' lang='grc' dir='ltr'>ἄλλων</span> <span class='ocrx_word' id='word_1_105' title='bbox 310 1426 403 1480; x_wconf 71' lang='grc' dir='ltr'><strong>ἐπὶ</strong></span> <span class='ocrx_word' id='word_1_106' title='bbox 430 1425 529 1497; x_wconf 80' lang='grc' dir='ltr'>τήν</span> <span class='ocrx_word' id='word_1_107' title='bbox 584 1423 823 1495; x_wconf 76' lang='grc' dir='ltr'>ἄμαξαν,</span> <span class='ocrx_word' id='word_1_108' title='bbox 874 1419 1062 1492; x_wconf 80' lang='grc' dir='ltr'>ἐπειδὴ</span> <span class='ocrx_word' id='word_1_109' title='bbox 1104 1416 1209 1472; x_wconf 78' lang='grc' dir='ltr'>εἶδε</span> <span class='ocrx_word' id='word_1_110' title='bbox 1247 1420 1344 1491; x_wconf 82' lang='grc' dir='ltr'><strong>τήν</strong></span> <span class='ocrx_word' id='word_1_111' title='bbox 1387 1420 1690 1491; x_wconf 74' lang='grc' dir='ltr'>φιλανθρωο</span> 
     </span>
    </p>
   </div>
   <div class='ocr_carea' id='block_1_17' title="bbox 79 1506 1690 1583">
    <p class='ocr_par' dir='ltr' id='par_1_17' title="bbox 79 1506 1690 1583">
     <span class='ocr_line' id='line_1_17' title="bbox 79 1506 1690 1583; baseline -0.009 -8"><span class='ocrx_word' id='word_1_112' title='bbox 79 1522 225 1575; x_wconf 88' lang='grc' dir='ltr'>πίαν</span> <span class='ocrx_word' id='word_1_113' title='bbox 274 1514 367 1570; x_wconf 81' lang='grc' dir='ltr'><strong>τοῦ</strong></span> <span class='ocrx_word' id='word_1_114' title='bbox 426 1513 621 1583; x_wconf 78' lang='grc' dir='ltr'>δημίου</span> <span class='ocrx_word' id='word_1_115' title='bbox 668 1512 761 1565; x_wconf 75' lang='grc' dir='ltr'><strong>ἐπὶ</strong></span> <span class='ocrx_word' id='word_1_116' title='bbox 815 1510 907 1564; x_wconf 81' lang='grc' dir='ltr'><strong>τὸν</strong></span> <span class='ocrx_word' id='word_1_117' title='bbox 962 1511 1210 1582; x_wconf 84' lang='grc' dir='ltr'>ἀριστέα,</span> <span class='ocrx_word' id='word_1_118' title='bbox 1245 1508 1344 1579; x_wconf 78' lang='grc' dir='ltr'><strong>τὴν</strong></span> <span class='ocrx_word' id='word_1_119' title='bbox 1399 1506 1551 1578; x_wconf 73' lang='grc' dir='ltr'>ὒὸριν</span> <span class='ocrx_word' id='word_1_120' title='bbox 1589 1508 1690 1560; x_wconf 79' lang='grc' dir='ltr'>οὐκ</span> 
     </span>
    </p>
   </div>
   <div class='ocr_carea' id='block_1_18' title="bbox 77 1602 1688 1683">
    <p class='ocr_par' dir='ltr' id='par_1_18' title="bbox 77 1602 1688 1683">
     <span class='ocr_line' id='line_1_18' title="bbox 77 1602 1688 1683; baseline -0.005 -20"><span class='ocrx_word' id='word_1_121' title='bbox 77 1615 356 1683; x_wconf 67' lang='grc' dir='ltr'>ἤνεγκεν·</span> <span class='ocrx_word' id='word_1_122' title='bbox 398 1607 511 1661; x_wconf 84' lang='grc' dir='ltr'>ἀλλ’</span> <span class='ocrx_word' id='word_1_123' title='bbox 547 1608 752 1660; x_wconf 80' lang='grc' dir='ltr'>ἐκεῖνον</span> <span class='ocrx_word' id='word_1_124' title='bbox 798 1605 897 1675; x_wconf 83' lang='grc' dir='ltr'>μὲν</span> <span class='ocrx_word' id='word_1_125' title='bbox 948 1603 1225 1673; x_wconf 74' lang='grc' dir='ltr'>ἐλοιδόρει,</span> <span class='ocrx_word' id='word_1_126' title='bbox 1273 1602 1353 1655; x_wconf 79' lang='grc' dir='ltr'><strong>ὅτι</strong></span> <span class='ocrx_word' id='word_1_127' title='bbox 1399 1602 1504 1654; x_wconf 89' lang='grc' dir='ltr'><strong>τῶν</strong></span> <span class='ocrx_word' id='word_1_128' title='bbox 1560 1618 1688 1655; x_wconf 82' lang='grc' dir='ltr'>συν-</span> 
     </span>
    </p>
   </div>
   <div class='ocr_carea' id='block_1_19' title="bbox 76 1692 1691 1771">
    <p class='ocr_par' dir='ltr' id='par_1_19' title="bbox 76 1692 1691 1771">
     <span class='ocr_line' id='line_1_19' title="bbox 76 1692 1691 1771; baseline -0.009 -14"><span class='ocrx_word' id='word_1_129' title='bbox 76 1700 410 1771; x_wconf 79' lang='grc' dir='ltr'>ἀγωνιστῶν</span> <span class='ocrx_word' id='word_1_130' title='bbox 442 1698 531 1752; x_wconf 80' lang='grc' dir='ltr'>τὸν</span> <span class='ocrx_word' id='word_1_131' title='bbox 570 1698 809 1769; x_wconf 80' lang='grc' dir='ltr'>ἀθλητὴν</span> <span class='ocrx_word' id='word_1_132' title='bbox 832 1696 1237 1766; x_wconf 69' lang='grc' dir='ltr'>ἀπεσχοίνισενσ</span> <span class='ocrx_word' id='word_1_133' title='bbox 1268 1693 1404 1764; x_wconf 75' lang='grc' dir='ltr'>αὕτη</span> <span class='ocrx_word' id='word_1_134' title='bbox 1428 1692 1484 1745; x_wconf 79' lang='grc' dir='ltr'>δὲ</span> <span class='ocrx_word' id='word_1_135' title='bbox 1514 1709 1691 1763; x_wconf 85' lang='grc' dir='ltr'>παρα-</span> 
     </span>
    </p>
   </div>
   <div class='ocr_carea' id='block_1_20' title="bbox 1802 502 3371 575">
    <p class='ocr_par' dir='ltr' id='par_1_20' title="bbox 1802 502 3371 575">
     <span class='ocr_line' id='line_1_20' title="bbox 1802 502 3371 575; baseline 0.001 -19"><span class='ocrx_word' id='word_1_136' title='bbox 1802 505 2163 575; x_wconf 66' lang='lat' dir='ltr'><strong>progrediens</strong></span> <span class='ocrx_word' id='word_1_137' title='bbox 2218 504 2663 574; x_wconf 86' lang='lat' dir='ltr'><strong>protrahebatur,</strong></span> <span class='ocrx_word' id='word_1_138' title='bbox 2700 506 2879 558; x_wconf 89' lang='lat' dir='ltr'><strong>trihns</strong></span> <span class='ocrx_word' id='word_1_139' title='bbox 2915 502 3113 558; x_wconf 79' lang='lat' dir='ltr'><strong>diebus</strong></span> <span class='ocrx_word' id='word_1_140' title='bbox 3142 503 3371 558; x_wconf 82' lang='lat' dir='ltr'><strong>durans.</strong></span> 
     </span>
    </p>
   </div>
   <div class='ocr_carea' id='block_1_21' title="bbox 1797 594 3369 667">
    <p class='ocr_par' dir='ltr' id='par_1_21' title="bbox 1797 594 3369 667">
     <span class='ocr_line' id='line_1_21' title="bbox 1797 594 3369 667; baseline 0 -18"><span class='ocrx_word' id='word_1_141' title='bbox 1797 595 1931 650; x_wconf 83' lang='lat' dir='ltr'><strong>Nam</strong></span> <span class='ocrx_word' id='word_1_142' title='bbox 1967 598 2033 650; x_wconf 85' lang='lat' dir='ltr'><strong>ad</strong></span> <span class='ocrx_word' id='word_1_143' title='bbox 2069 598 2118 650; x_wconf 89' lang='lat' dir='ltr'><strong>id</strong></span> <span class='ocrx_word' id='word_1_144' title='bbox 2148 614 2324 665; x_wconf 88' lang='lat' dir='ltr'><strong>usque</strong></span> <span class='ocrx_word' id='word_1_145' title='bbox 2368 597 2605 667; x_wconf 80' lang='lat' dir='ltr'><strong>Spatium</strong></span> <span class='ocrx_word' id='word_1_146' title='bbox 2669 610 2832 651; x_wconf 89' lang='lat' dir='ltr'><strong>sensu</strong></span> <span class='ocrx_word' id='word_1_147' title='bbox 2869 611 3057 650; x_wconf 89' lang='lat' dir='ltr'><strong>eorum</strong></span> <span class='ocrx_word' id='word_1_148' title='bbox 3099 594 3330 649; x_wconf 90' lang='lat' dir='ltr'><strong>durante</strong></span> <span class='ocrx_word' id='word_1_149' title='bbox 3356 637 3369 659; x_wconf 94' lang='lat'><strong>,</strong></span> 
     </span>
    </p>
   </div>
   <div class='ocr_carea' id='block_1_22' title="bbox 1798 686 3371 757">
    <p class='ocr_par' dir='ltr' id='par_1_22' title="bbox 1798 686 3371 757">
     <span class='ocr_line' id='line_1_22' title="bbox 1798 686 3371 757; baseline -0.003 -13"><span class='ocrx_word' id='word_1_150' title='bbox 1798 698 2122 745; x_wconf 87' lang='lat' dir='ltr'><strong>manserunt</strong></span> <span class='ocrx_word' id='word_1_151' title='bbox 2176 692 2228 743; x_wconf 90' lang='lat' dir='ltr'><strong>in</strong></span> <span class='ocrx_word' id='word_1_152' title='bbox 2269 705 2334 744; x_wconf 89' lang='lat' dir='ltr'><strong>eo</strong></span> <span class='ocrx_word' id='word_1_153' title='bbox 2384 692 2503 743; x_wconf 93' lang='lat' dir='ltr'><strong>loco</strong></span> <span class='ocrx_word' id='word_1_154' title='bbox 2548 687 2603 742; x_wconf 92' lang='lat' dir='ltr'><strong>in</strong></span> <span class='ocrx_word' id='word_1_155' title='bbox 2642 702 2750 757; x_wconf 88' lang='lat' dir='ltr'><strong>quo</strong></span> <span class='ocrx_word' id='word_1_156' title='bbox 2804 689 2872 742; x_wconf 89' lang='lat' dir='ltr'><strong>ab</strong></span> <span class='ocrx_word' id='word_1_157' title='bbox 2927 687 3082 742; x_wconf 90' lang='lat' dir='ltr'><strong>initio</strong></span> <span class='ocrx_word' id='word_1_158' title='bbox 3120 686 3371 741; x_wconf 83' lang='lat' dir='ltr'><strong>collocati</strong></span> 
     </span>
    </p>
   </div>
   <div class='ocr_carea' id='block_1_23' title="bbox 1797 772 3449 875">
    <p class='ocr_par' dir='ltr' id='par_1_23' title="bbox 1797 772 3449 875">
     <span class='ocr_line' id='line_1_23' title="bbox 1797 772 3449 875; baseline -0.003 -38"><span class='ocrx_word' id='word_1_159' title='bbox 1797 792 1977 847; x_wconf 88' lang='lat' dir='ltr'><strong>erant,</strong></span> <span class='ocrx_word' id='word_1_160' title='bbox 2038 798 2136 853; x_wconf 85' lang='lat' dir='ltr'><strong>per</strong></span> <span class='ocrx_word' id='word_1_161' title='bbox 2169 783 2349 836; x_wconf 81' lang='lat' dir='ltr'><strong>omnia</strong></span> <span class='ocrx_word' id='word_1_162' title='bbox 2421 780 2718 836; x_wconf 79' lang='lat' dir='ltr'><strong>adversarii</strong></span> <span class='ocrx_word' id='word_1_163' title='bbox 2770 780 3010 834; x_wconf 84' lang='lat' dir='ltr'><strong>victores</strong></span> <span class='ocrx_word' id='word_1_164' title='bbox 3043 780 3364 834; x_wconf 84' lang='lat' dir='ltr'><strong>evadentes.</strong></span> <span class='ocrx_word' id='word_1_165' title='bbox 3414 772 3449 875; x_wconf 63' lang='grc' dir='ltr'>ξ</span> 
     </span>
    </p>
   </div>
   <div class='ocr_carea' id='block_1_24' title="bbox 1801 870 3451 944">
    <p class='ocr_par' dir='ltr' id='par_1_24' title="bbox 1801 870 3451 944">
     <span class='ocr_line' id='line_1_24' title="bbox 1801 870 3451 944; baseline -0.004 -16"><span class='ocrx_word' id='word_1_166' title='bbox 1801 873 1907 928; x_wconf 88' lang='lat' dir='ltr'><strong>Sed</strong></span> <span class='ocrx_word' id='word_1_167' title='bbox 1952 876 2077 944; x_wconf 89' lang='lat' dir='ltr'><strong>quis</strong></span> <span class='ocrx_word' id='word_1_168' title='bbox 2112 874 2244 927; x_wconf 90' lang='lat' dir='ltr'><strong>mihi</strong></span> <span class='ocrx_word' id='word_1_169' title='bbox 2276 888 2360 936; x_wconf 89' lang='lat' dir='ltr'><strong>ea,</strong></span> <span class='ocrx_word' id='word_1_170' title='bbox 2402 887 2522 942; x_wconf 74' lang='lat' dir='ltr'><strong>qua.-</strong></span> <span class='ocrx_word' id='word_1_171' title='bbox 2573 878 2872 924; x_wconf 84' lang='lat' dir='ltr'><strong>consecuta</strong></span> <span class='ocrx_word' id='word_1_172' title='bbox 2933 879 3061 924; x_wconf 87' lang='lat' dir='ltr'><strong>sunt</strong></span> <span class='ocrx_word' id='word_1_173' title='bbox 3100 910 3115 934; x_wconf 94' lang='lat'><strong>,</strong></span> <span class='ocrx_word' id='word_1_174' title='bbox 3164 885 3263 939; x_wconf 88' lang='lat' dir='ltr'><strong>pro</strong></span> <span class='ocrx_word' id='word_1_175' title='bbox 3292 870 3374 923; x_wconf 90' lang='lat' dir='ltr'><strong>di-</strong></span> 
     </span>
    </p>
   </div>
   <div class='ocr_carea' id='block_1_25' title="bbox 1798 959 3371 1034">
    <p class='ocr_par' dir='ltr' id='par_1_25' title="bbox 1798 959 3371 1034">
     <span class='ocr_line' id='line_1_25' title="bbox 1798 959 3371 1034; baseline -0.001 -18"><span class='ocrx_word' id='word_1_176' title='bbox 1798 963 2002 1034; x_wconf 75' lang='lat' dir='ltr'><strong>gnitate</strong></span> <span class='ocrx_word' id='word_1_177' title='bbox 2046 976 2315 1032; x_wconf 80' lang='lat' dir='ltr'><strong>exponere</strong></span> <span class='ocrx_word' id='word_1_178' title='bbox 2361 961 2580 1031; x_wconf 86' lang='lat' dir='ltr'><strong>possit?</strong></span> <span class='ocrx_word' id='word_1_179' title='bbox 2615 959 2872 1025; x_wconf 79' lang='lat' dir='ltr'><strong>Qmenam</strong></span> <span class='ocrx_word' id='word_1_180' title='bbox 2918 960 3096 1014; x_wconf 85' lang='lat' dir='ltr'><strong>oratio</strong></span> <span class='ocrx_word' id='word_1_181' title='bbox 3133 960 3371 1014; x_wconf 84' lang='lat' dir='ltr'><strong>divinam</strong></span> 
     </span>
    </p>
   </div>
   <div class='ocr_carea' id='block_1_26' title="bbox 1800 1050 3373 1125">
    <p class='ocr_par' dir='ltr' id='par_1_26' title="bbox 1800 1050 3373 1125">
     <span class='ocr_line' id='line_1_26' title="bbox 1800 1050 3373 1125; baseline -0.002 -17"><span class='ocrx_word' id='word_1_182' title='bbox 1800 1056 1946 1109; x_wconf 85' lang='lat' dir='ltr'><strong>illam</strong></span> <span class='ocrx_word' id='word_1_183' title='bbox 2004 1071 2253 1125; x_wconf 82' lang='lat' dir='ltr'><strong>pompam</strong></span> <span class='ocrx_word' id='word_1_184' title='bbox 2286 1054 2559 1108; x_wconf 85' lang='lat' dir='ltr'><strong>descrihet</strong></span> <span class='ocrx_word' id='word_1_185' title='bbox 2594 1067 2719 1105; x_wconf 91' lang='lat' dir='ltr'><strong>cum</strong></span> <span class='ocrx_word' id='word_1_186' title='bbox 2770 1060 2959 1103; x_wconf 87' lang='lat' dir='ltr'><strong>sancta</strong></span> <span class='ocrx_word' id='word_1_187' title='bbox 3010 1050 3101 1104; x_wconf 88' lang='lat' dir='ltr'><strong>illa</strong></span> <span class='ocrx_word' id='word_1_188' title='bbox 3141 1066 3373 1121; x_wconf 89' lang='lat' dir='ltr'><strong>corpora</strong></span> 
     </span>
    </p>
   </div>
   <div class='ocr_carea' id='block_1_27' title="bbox 1800 1140 3375 1215">
    <p class='ocr_par' dir='ltr' id='par_1_27' title="bbox 1800 1140 3375 1215">
     <span class='ocr_line' id='line_1_27' title="bbox 1800 1140 3375 1215; baseline -0.001 -18"><span class='ocrx_word' id='word_1_189' title='bbox 1800 1146 2061 1215; x_wconf 86' lang='lat' dir='ltr'><strong>plaustris</strong></span> <span class='ocrx_word' id='word_1_190' title='bbox 2102 1145 2169 1198; x_wconf 90' lang='lat' dir='ltr'><strong>ad</strong></span> <span class='ocrx_word' id='word_1_191' title='bbox 2204 1144 2381 1214; x_wconf 80' lang='lat' dir='ltr'><strong>ignem</strong></span> <span class='ocrx_word' id='word_1_192' title='bbox 2414 1144 2746 1197; x_wconf 83' lang='lat' dir='ltr'><strong>veherentur</strong></span> <span class='ocrx_word' id='word_1_193' title='bbox 2776 1141 2807 1193; x_wconf 77' lang='lat'><strong>?‘</strong></span> <span class='ocrx_word' id='word_1_194' title='bbox 2851 1140 2967 1208; x_wconf 88' lang='lat' dir='ltr'><strong>Qua</strong></span> <span class='ocrx_word' id='word_1_195' title='bbox 3019 1140 3236 1196; x_wconf 87' lang='lat' dir='ltr'><strong>ratione</strong></span> <span class='ocrx_word' id='word_1_196' title='bbox 3276 1158 3375 1212; x_wconf 88' lang='lat' dir='ltr'><strong>pro</strong></span> 
     </span>
    </p>
   </div>
   <div class='ocr_carea' id='block_1_28' title="bbox 1797 1229 3374 1305">
    <p class='ocr_par' dir='ltr' id='par_1_28' title="bbox 1797 1229 3374 1305">
     <span class='ocr_line' id='line_1_28' title="bbox 1797 1229 3374 1305; baseline -0.002 -16"><span class='ocrx_word' id='word_1_197' title='bbox 1797 1251 1863 1289; x_wconf 92' lang='lat' dir='ltr'><strong>eo</strong></span> <span class='ocrx_word' id='word_1_198' title='bbox 1893 1234 1985 1305; x_wconf 91' lang='lat' dir='ltr'><strong>qni</strong></span> <span class='ocrx_word' id='word_1_199' title='bbox 2016 1235 2085 1288; x_wconf 93' lang='lat' dir='ltr'><strong>ab</strong></span> <span class='ocrx_word' id='word_1_200' title='bbox 2130 1234 2347 1288; x_wconf 81' lang='lat' dir='ltr'><strong>diabolo</strong></span> <span class='ocrx_word' id='word_1_201' title='bbox 2378 1233 2685 1289; x_wconf 77' lang='lat' dir='ltr'><strong>subductus</strong></span> <span class='ocrx_word' id='word_1_202' title='bbox 2715 1239 2856 1296; x_wconf 89' lang='lat' dir='ltr'><strong>erat,</strong></span> <span class='ocrx_word' id='word_1_203' title='bbox 2911 1229 2976 1284; x_wconf 90' lang='lat' dir='ltr'><strong>ad</strong></span> <span class='ocrx_word' id='word_1_204' title='bbox 3008 1231 3374 1300; x_wconf 84' lang='lat' dir='ltr'><strong>supplendum</strong></span> 
     </span>
    </p>
   </div>
   <div class='ocr_carea' id='block_1_29' title="bbox 1801 1322 3377 1393">
    <p class='ocr_par' dir='ltr' id='par_1_29' title="bbox 1801 1322 3377 1393">
     <span class='ocr_line' id='line_1_29' title="bbox 1801 1322 3377 1393; baseline -0.001 -12"><span class='ocrx_word' id='word_1_205' title='bbox 1801 1342 2090 1381; x_wconf 90' lang='lat' dir='ltr'><strong>numerum</strong></span> <span class='ocrx_word' id='word_1_206' title='bbox 2159 1339 2349 1380; x_wconf 86' lang='lat' dir='ltr'><strong>custos</strong></span> <span class='ocrx_word' id='word_1_207' title='bbox 2421 1328 2662 1381; x_wconf 84' lang='lat' dir='ltr'><strong>carceris</strong></span> <span class='ocrx_word' id='word_1_208' title='bbox 2720 1340 2749 1377; x_wconf 92' lang='lat' dir='ltr'><strong>a</strong></span> <span class='ocrx_word' id='word_1_209' title='bbox 2797 1322 2972 1393; x_wconf 83' lang='lat' dir='ltr'><strong>gratia</strong></span> <span class='ocrx_word' id='word_1_210' title='bbox 3027 1323 3377 1379; x_wconf 88' lang='lat' dir='ltr'><strong>introductus</strong></span> 
     </span>
    </p>
   </div>
   <div class='ocr_carea' id='block_1_30' title="bbox 1796 1417 3379 1490">
    <p class='ocr_par' dir='ltr' id='par_1_30' title="bbox 1796 1417 3379 1490">
     <span class='ocr_line' id='line_1_30' title="bbox 1796 1417 3379 1490; baseline -0.003 -15"><span class='ocrx_word' id='word_1_211' title='bbox 1796 1432 1849 1475; x_wconf 91' lang='lat' dir='ltr'><strong>et</strong></span> <span class='ocrx_word' id='word_1_212' title='bbox 1877 1420 2099 1490; x_wconf 74' lang='lat' dir='ltr'><strong>reliquis</strong></span> <span class='ocrx_word' id='word_1_213' title='bbox 2155 1420 2445 1488; x_wconf 84' lang='lat' dir='ltr'><strong>adjunctus</strong></span> <span class='ocrx_word' id='word_1_214' title='bbox 2497 1419 2614 1473; x_wconf 88' lang='lat' dir='ltr'><strong>sit?</strong></span> <span class='ocrx_word' id='word_1_215' title='bbox 2655 1418 2787 1484; x_wconf 88' lang='lat' dir='ltr'><strong>Quis</strong></span> <span class='ocrx_word' id='word_1_216' title='bbox 2844 1417 2977 1472; x_wconf 88' lang='lat' dir='ltr'><strong>mihi</strong></span> <span class='ocrx_word' id='word_1_217' title='bbox 3038 1426 3273 1486; x_wconf 76' lang='lat' dir='ltr'><strong>exponet</strong></span> <span class='ocrx_word' id='word_1_218' title='bbox 3312 1418 3379 1471; x_wconf 87' lang='lat' dir='ltr'><strong>de</strong></span> 
     </span>
    </p>
   </div>
   <div class='ocr_carea' id='block_1_31' title="bbox 1797 1508 3381 1580">
    <p class='ocr_par' dir='ltr' id='par_1_31' title="bbox 1797 1508 3381 1580">
     <span class='ocr_line' id='line_1_31' title="bbox 1797 1508 3381 1580; baseline -0.003 -16"><span class='ocrx_word' id='word_1_219' title='bbox 1797 1519 1973 1565; x_wconf 86' lang='lat' dir='ltr'><strong>matre</strong></span> <span class='ocrx_word' id='word_1_220' title='bbox 2025 1511 2121 1564; x_wconf 85' lang='lat' dir='ltr'><strong>illa</strong></span> <span class='ocrx_word' id='word_1_221' title='bbox 2150 1551 2164 1573; x_wconf 92' lang='lat'><strong>,</strong></span> <span class='ocrx_word' id='word_1_222' title='bbox 2203 1510 2366 1580; x_wconf 87' lang='lat' dir='ltr'><strong>digna</strong></span> <span class='ocrx_word' id='word_1_223' title='bbox 2418 1525 2541 1579; x_wconf 64' lang='lat' dir='ltr'><strong>qua:</strong></span> <span class='ocrx_word' id='word_1_224' title='bbox 2575 1522 2869 1580; x_wconf 82' lang='lat' dir='ltr'><strong>martyrem</strong></span> <span class='ocrx_word' id='word_1_225' title='bbox 2925 1508 3249 1580; x_wconf 73' lang='lat' dir='ltr'><strong>produxerit</strong></span> <span class='ocrx_word' id='word_1_226' title='bbox 3292 1523 3381 1560; x_wconf 85' lang='lat' dir='ltr'><strong>ra-</strong></span> 
     </span>
    </p>
   </div>
   <div class='ocr_carea' id='block_1_32' title="bbox 1796 1601 3362 1673">
    <p class='ocr_par' dir='ltr' id='par_1_32' title="bbox 1796 1601 3362 1673">
     <span class='ocr_line' id='line_1_32' title="bbox 1796 1601 3362 1673; baseline -0.003 -13"><span class='ocrx_word' id='word_1_227' title='bbox 1796 1606 1941 1667; x_wconf 83' lang='lat' dir='ltr'><strong>dice,</strong></span> <span class='ocrx_word' id='word_1_228' title='bbox 1993 1617 2115 1673; x_wconf 72' lang='lat' dir='ltr'><strong>qute</strong></span> <span class='ocrx_word' id='word_1_229' title='bbox 2142 1617 2209 1656; x_wconf 79' lang='lat' dir='ltr'><strong>ex</strong></span> <span class='ocrx_word' id='word_1_230' title='bbox 2238 1617 2359 1656; x_wconf 86' lang='lat' dir='ltr'><strong>sese</strong></span> <span class='ocrx_word' id='word_1_231' title='bbox 2393 1609 2523 1655; x_wconf 90' lang='lat' dir='ltr'><strong>nato</strong></span> <span class='ocrx_word' id='word_1_232' title='bbox 2572 1617 2600 1654; x_wconf 93' lang='lat' dir='ltr'><strong>a</strong></span> <span class='ocrx_word' id='word_1_233' title='bbox 2657 1602 2916 1657; x_wconf 74' lang='lat' dir='ltr'><strong>carnifice</strong></span> <span class='ocrx_word' id='word_1_234' title='bbox 2963 1601 3153 1655; x_wconf 84' lang='lat' dir='ltr'><strong>relicto</strong></span> <span class='ocrx_word' id='word_1_235' title='bbox 3188 1641 3203 1665; x_wconf 92' lang='lat'><strong>,</strong></span> <span class='ocrx_word' id='word_1_236' title='bbox 3238 1615 3362 1670; x_wconf 85' lang='lat' dir='ltr'><strong>pro-</strong></span> 
     </span>
    </p>
   </div>
   <div class='ocr_carea' id='block_1_33' title="bbox 1798 1694 3380 1767">
    <p class='ocr_par' dir='ltr' id='par_1_33' title="bbox 1798 1694 3380 1767">
     <span class='ocr_line' id='line_1_33' title="bbox 1798 1694 3380 1767; baseline -0.002 -17"><span class='ocrx_word' id='word_1_237' title='bbox 1798 1706 1985 1767; x_wconf 86' lang='lat' dir='ltr'><strong>pterea</strong></span> <span class='ocrx_word' id='word_1_238' title='bbox 2011 1694 2155 1765; x_wconf 85' lang='lat' dir='ltr'><strong>quod</strong></span> <span class='ocrx_word' id='word_1_239' title='bbox 2177 1694 2341 1749; x_wconf 92' lang='lat' dir='ltr'><strong>etiam</strong></span> <span class='ocrx_word' id='word_1_240' title='bbox 2372 1708 2519 1748; x_wconf 89' lang='lat' dir='ltr'><strong>nunc</strong></span> <span class='ocrx_word' id='word_1_241' title='bbox 2542 1694 2796 1764; x_wconf 87' lang='lat' dir='ltr'><strong>spiraret,</strong></span> <span class='ocrx_word' id='word_1_242' title='bbox 2822 1703 2876 1750; x_wconf 92' lang='lat' dir='ltr'><strong>et</strong></span> <span class='ocrx_word' id='word_1_243' title='bbox 2903 1694 3110 1748; x_wconf 88' lang='lat' dir='ltr'><strong>idcirco</strong></span> <span class='ocrx_word' id='word_1_244' title='bbox 3133 1710 3254 1747; x_wconf 87' lang='lat' dir='ltr'><strong>cum</strong></span> <span class='ocrx_word' id='word_1_245' title='bbox 3273 1708 3380 1747; x_wconf 61' lang='lat' dir='ltr'><strong>cm-</strong></span> 
     </span>
    </p>
   </div>
   <div class='ocr_carea' id='block_1_34' title="bbox 78 1784 1694 1861">
    <p class='ocr_par' dir='ltr' id='par_1_34' title="bbox 78 1785 1693 1861">
     <span class='ocr_line' id='line_1_34' title="bbox 78 1785 1693 1861; baseline -0.007 -14"><span class='ocrx_word' id='word_1_246' title='bbox 78 1794 269 1846; x_wconf 82' lang='grc' dir='ltr'>στᾶσα</span> <span class='ocrx_word' id='word_1_247' title='bbox 306 1790 383 1860; x_wconf 85' lang='grc' dir='ltr'>τῷ</span> <span class='ocrx_word' id='word_1_248' title='bbox 426 1790 691 1861; x_wconf 84' lang='grc' dir='ltr'>μάρτυρι,</span> <span class='ocrx_word' id='word_1_249' title='bbox 728 1788 829 1860; x_wconf 80' lang='grc' dir='ltr'><strong>ήδη</strong></span> <span class='ocrx_word' id='word_1_250' title='bbox 876 1787 1235 1858; x_wconf 86' lang='grc' dir='ltr'>νεναρκηκότι</span> <span class='ocrx_word' id='word_1_251' title='bbox 1283 1785 1376 1838; x_wconf 74' lang='grc' dir='ltr'><strong>καὶ</strong></span> <span class='ocrx_word' id='word_1_252' title='bbox 1423 1785 1693 1854; x_wconf 62' lang='grc' dir='ltr'>ἀκινήτως</span> 
     </span>
    </p>
   </div>
   <div class='ocr_carea' id='block_1_35' title="bbox 1796 1784 3379 1861">
    <p class='ocr_par' dir='ltr' id='par_1_35' title="bbox 1797 1784 3379 1857">
     <span class='ocr_line' id='line_1_35' title="bbox 1797 1784 3379 1857; baseline -0.003 -16"><span class='ocrx_word' id='word_1_253' title='bbox 1797 1788 1928 1843; x_wconf 82' lang='lat' dir='ltr'><strong>teris</strong></span> <span class='ocrx_word' id='word_1_254' title='bbox 1960 1788 2011 1841; x_wconf 93' lang='lat' dir='ltr'><strong>in</strong></span> <span class='ocrx_word' id='word_1_255' title='bbox 2052 1787 2361 1857; x_wconf 80' lang='lat' dir='ltr'><strong>plaustrum</strong></span> <span class='ocrx_word' id='word_1_256' title='bbox 2387 1784 2637 1839; x_wconf 91' lang='lat' dir='ltr'><strong>sublatus</strong></span> <span class='ocrx_word' id='word_1_257' title='bbox 2678 1800 2787 1839; x_wconf 90' lang='lat' dir='ltr'><strong>non</strong></span> <span class='ocrx_word' id='word_1_258' title='bbox 2817 1793 2983 1847; x_wconf 90' lang='lat' dir='ltr'><strong>esset,</strong></span> <span class='ocrx_word' id='word_1_259' title='bbox 3027 1793 3085 1839; x_wconf 92' lang='lat' dir='ltr'><strong>ut</strong></span> <span class='ocrx_word' id='word_1_260' title='bbox 3107 1784 3242 1838; x_wconf 91' lang='lat' dir='ltr'><strong>vidit</strong></span> <span class='ocrx_word' id='word_1_261' title='bbox 3277 1784 3379 1838; x_wconf 85' lang='lat' dir='ltr'><strong>hu-</strong></span> 
     </span>
    </p>
   </div>
   <div class='ocr_carea' id='block_1_36' title="bbox 80 1876 1689 1954">
    <p class='ocr_par' dir='ltr' id='par_1_36' title="bbox 80 1876 1689 1954">
     <span class='ocr_line' id='line_1_36' title="bbox 80 1876 1689 1954; baseline -0.007 -15"><span class='ocrx_word' id='word_1_262' title='bbox 80 1884 194 1940; x_wconf 76' lang='grc' dir='ltr'><strong>ὑπὸ</strong></span> <span class='ocrx_word' id='word_1_263' title='bbox 222 1884 328 1954; x_wconf 84' lang='grc' dir='ltr'>τῆς</span> <span class='ocrx_word' id='word_1_264' title='bbox 360 1881 573 1954; x_wconf 78' lang='grc' dir='ltr'><strong>πήξεως</strong></span> <span class='ocrx_word' id='word_1_265' title='bbox 604 1880 798 1951; x_wconf 80' lang='grc' dir='ltr'>ἔχοντι,</span> <span class='ocrx_word' id='word_1_266' title='bbox 829 1880 922 1933; x_wconf 77' lang='grc' dir='ltr'>καὶ</span> <span class='ocrx_word' id='word_1_267' title='bbox 956 1878 1137 1932; x_wconf 74' lang='grc' dir='ltr'>ἰδοῦσα</span> <span class='ocrx_word' id='word_1_268' title='bbox 1179 1876 1371 1948; x_wconf 73' lang='grc' dir='ltr'>ψυχρῴ</span> <span class='ocrx_word' id='word_1_269' title='bbox 1412 1879 1505 1930; x_wconf 76' lang='grc' dir='ltr'>καὶ</span> <span class='ocrx_word' id='word_1_270' title='bbox 1530 1876 1689 1929; x_wconf 86' lang='grc' dir='ltr'>ἀσθε-</span> 
     </span>
    </p>
   </div>
   <div class='ocr_carea' id='block_1_37' title="bbox 78 1968 1690 2046">
    <p class='ocr_par' dir='ltr' id='par_1_37' title="bbox 78 1968 1690 2046">
     <span class='ocr_line' id='line_1_37' title="bbox 78 1968 1690 2046; baseline -0.006 -15"><span class='ocrx_word' id='word_1_271' title='bbox 78 1979 167 2031; x_wconf 83' lang='grc' dir='ltr'><strong>νεῖ</strong></span> <span class='ocrx_word' id='word_1_272' title='bbox 194 1974 281 2045; x_wconf 83' lang='grc' dir='ltr'>τῷ</span> <span class='ocrx_word' id='word_1_273' title='bbox 313 1974 554 2046; x_wconf 76' lang='grc' dir='ltr'><strong>ἄσθματι</strong></span> <span class='ocrx_word' id='word_1_274' title='bbox 592 1972 968 2043; x_wconf 82' lang='grc' dir='ltr'><strong>συνεχόμενον,</strong></span> <span class='ocrx_word' id='word_1_275' title='bbox 1006 1969 1257 2025; x_wconf 89' lang='grc' dir='ltr'>τοσοῦτον</span> <span class='ocrx_word' id='word_1_276' title='bbox 1296 1970 1473 2035; x_wconf 78' lang='grc' dir='ltr'>ζῶντα</span> <span class='ocrx_word' id='word_1_277' title='bbox 1510 1968 1690 2039; x_wconf 81' lang='grc' dir='ltr'>μόνον,</span> 
     </span>
    </p>
   </div>
   <div class='ocr_carea' id='block_1_38' title="bbox 80 2060 1695 2135">
    <p class='ocr_par' dir='ltr' id='par_1_38' title="bbox 80 2060 1695 2135">
     <span class='ocr_line' id='line_1_38' title="bbox 80 2060 1695 2135; baseline -0.006 -12"><span class='ocrx_word' id='word_1_278' title='bbox 80 2069 213 2123; x_wconf 78' lang='grc' dir='ltr'>ὅσον</span> <span class='ocrx_word' id='word_1_279' title='bbox 238 2068 350 2121; x_wconf 89' lang='grc' dir='ltr'>τῶν</span> <span class='ocrx_word' id='word_1_280' title='bbox 378 2064 641 2135; x_wconf 83' lang='grc' dir='ltr'><strong>ἀλγεινῶν</strong></span> <span class='ocrx_word' id='word_1_281' title='bbox 668 2062 1110 2128; x_wconf 84' lang='grc' dir='ltr'>ὲπαισθάνεσθαι,</span> <span class='ocrx_word' id='word_1_282' title='bbox 1137 2060 1364 2133; x_wconf 87' lang='grc' dir='ltr'>ἀμυδρῷ</span> <span class='ocrx_word' id='word_1_283' title='bbox 1393 2061 1485 2114; x_wconf 83' lang='grc' dir='ltr'>καὶ</span> <span class='ocrx_word' id='word_1_284' title='bbox 1517 2076 1695 2130; x_wconf 85' lang='grc' dir='ltr'>μεμα-</span> 
     </span>
    </p>
   </div>
   <div class='ocr_carea' id='block_1_39' title="bbox 85 2152 1694 2232">
    <p class='ocr_par' dir='ltr' id='par_1_39' title="bbox 85 2152 1694 2232">
     <span class='ocr_line' id='line_1_39' title="bbox 85 2152 1694 2232; baseline -0.005 -19"><span class='ocrx_word' id='word_1_285' title='bbox 85 2159 356 2232; x_wconf 83' lang='grc' dir='ltr'>ρασμένῳ</span> <span class='ocrx_word' id='word_1_286' title='bbox 400 2157 478 2228; x_wconf 82' lang='grc' dir='ltr'><strong>τῷ</strong></span> <span class='ocrx_word' id='word_1_287' title='bbox 507 2156 779 2228; x_wconf 85' lang='grc' dir='ltr'>βλέμματι</span> <span class='ocrx_word' id='word_1_288' title='bbox 830 2155 925 2225; x_wconf 80' lang='grc' dir='ltr'>τὴν</span> <span class='ocrx_word' id='word_1_289' title='bbox 980 2155 1191 2227; x_wconf 87' lang='grc' dir='ltr'>μητέρα</span> <span class='ocrx_word' id='word_1_290' title='bbox 1233 2152 1426 2208; x_wconf 80' lang='grc' dir='ltr'>ἑαυτοῦ</span> <span class='ocrx_word' id='word_1_291' title='bbox 1462 2152 1694 2205; x_wconf 75' lang='grc' dir='ltr'>ὑποϐλέ-</span> 
     </span>
    </p>
   </div>
   <div class='ocr_carea' id='block_1_40' title="bbox 84 2239 1695 2319">
    <p class='ocr_par' dir='ltr' id='par_1_40' title="bbox 84 2239 1695 2319">
     <span class='ocr_line' id='line_1_40' title="bbox 84 2239 1695 2319; baseline -0.009 -14"><span class='ocrx_word' id='word_1_292' title='bbox 84 2267 291 2312; x_wconf 87' lang='grc' dir='ltr'>ποντα,</span> <span class='ocrx_word' id='word_1_293' title='bbox 324 2249 494 2319; x_wconf 77' lang='grc' dir='ltr'>νεκρᾷ</span> <span class='ocrx_word' id='word_1_294' title='bbox 529 2245 624 2299; x_wconf 74' lang='grc' dir='ltr'>καὶ</span> <span class='ocrx_word' id='word_1_295' title='bbox 666 2244 931 2317; x_wconf 77' lang='grc' dir='ltr'>ἀτονούση</span> <span class='ocrx_word' id='word_1_296' title='bbox 981 2246 1046 2314; x_wconf 80' lang='grc' dir='ltr'>τῇ</span> <span class='ocrx_word' id='word_1_297' title='bbox 1102 2242 1245 2314; x_wconf 73' lang='grc' dir='ltr'>χειρὶ</span> <span class='ocrx_word' id='word_1_298' title='bbox 1288 2239 1599 2295; x_wconf 87' lang='grc' dir='ltr'>διανεύοντά</span> <span class='ocrx_word' id='word_1_299' title='bbox 1633 2255 1695 2292; x_wconf 91' lang='grc' dir='ltr'>τε</span> 
     </span>
    </p>
   </div>
   <div class='ocr_carea' id='block_1_41' title="bbox 86 2333 1695 2413">
    <p class='ocr_par' dir='ltr' id='par_1_41' title="bbox 86 2333 1695 2413">
     <span class='ocr_line' id='line_1_41' title="bbox 86 2333 1695 2413; baseline -0.009 -14"><span class='ocrx_word' id='word_1_300' title='bbox 86 2346 185 2400; x_wconf 76' lang='grc' dir='ltr'>καὶ</span> <span class='ocrx_word' id='word_1_301' title='bbox 242 2338 763 2413; x_wconf 87' lang='grc' dir='ltr'>παραμυθούμενον,</span> <span class='ocrx_word' id='word_1_302' title='bbox 821 2336 1115 2407; x_wconf 78' lang='grc' dir='ltr'>ὑποφέρειν</span> <span class='ocrx_word' id='word_1_303' title='bbox 1174 2333 1434 2404; x_wconf 82' lang='grc' dir='ltr'>γενναίως</span> <span class='ocrx_word' id='word_1_304' title='bbox 1487 2349 1695 2404; x_wconf 65' lang='grc' dir='ltr'>παρεγα</span> 
     </span>
    </p>
   </div>
   <div class='ocr_carea' id='block_1_42' title="bbox 86 2417 1695 2505">
    <p class='ocr_par' dir='ltr' id='par_1_42' title="bbox 86 2417 1695 2505">
     <span class='ocr_line' id='line_1_42' title="bbox 86 2417 1695 2505; baseline -0.008 -17"><span class='ocrx_word' id='word_1_305' title='bbox 86 2436 350 2505; x_wconf 83' lang='grc' dir='ltr'>γυῶντα;</span> <span class='ocrx_word' id='word_1_306' title='bbox 395 2430 615 2500; x_wconf 81' lang='grc' dir='ltr'>Ἐπειδὴ</span> <span class='ocrx_word' id='word_1_307' title='bbox 683 2426 857 2481; x_wconf 86' lang='grc' dir='ltr'>ταῦτα</span> <span class='ocrx_word' id='word_1_308' title='bbox 912 2419 1049 2479; x_wconf 74' lang='grc' dir='ltr'>εἶδεν</span> <span class='ocrx_word' id='word_1_309' title='bbox 1116 2427 1149 2495; x_wconf 88' lang='grc' dir='ltr'><strong>ή</strong></span> <span class='ocrx_word' id='word_1_310' title='bbox 1214 2424 1430 2496; x_wconf 83' lang='grc' dir='ltr'>μήτηρ,</span> <span class='ocrx_word' id='word_1_311' title='bbox 1485 2417 1596 2494; x_wconf 81' lang='grc' dir='ltr'><strong>ἆρά</strong></span> <span class='ocrx_word' id='word_1_312' title='bbox 1640 2438 1695 2475; x_wconf 88' lang='grc' dir='ltr'><strong>τι</strong></span> 
     </span>
    </p>
   </div>
   <div class='ocr_carea' id='block_1_43' title="bbox 88 2514 1693 2593">
    <p class='ocr_par' dir='ltr' id='par_1_43' title="bbox 88 2514 1693 2593">
     <span class='ocr_line' id='line_1_43' title="bbox 88 2514 1693 2593; baseline -0.007 -15"><span class='ocrx_word' id='word_1_313' title='bbox 88 2523 268 2579; x_wconf 67' lang='grc' dir='ltr'>ἔπαθε</span> <span class='ocrx_word' id='word_1_314' title='bbox 325 2520 624 2593; x_wconf 87' lang='grc' dir='ltr'>μητρικόν;</span> <span class='ocrx_word' id='word_1_315' title='bbox 657 2514 805 2591; x_wconf 63' lang='grc' dir='ltr'>*Αρα</span> <span class='ocrx_word' id='word_1_316' title='bbox 840 2516 1163 2588; x_wconf 87' lang='grc' dir='ltr'>συνεκινήθη</span> <span class='ocrx_word' id='word_1_317' title='bbox 1208 2516 1278 2569; x_wconf 81' lang='grc' dir='ltr'>τὰ</span> <span class='ocrx_word' id='word_1_318' title='bbox 1326 2515 1627 2586; x_wconf 82' lang='grc' dir='ltr'>σπλάγχνα,</span> <span class='ocrx_word' id='word_1_319' title='bbox 1658 2516 1693 2587; x_wconf 75' lang='grc' dir='ltr'>ἢ</span> 
     </span>
    </p>
   </div>
   <div class='ocr_carea' id='block_1_44' title="bbox 88 2607 1695 2685">
    <p class='ocr_par' dir='ltr' id='par_1_44' title="bbox 88 2607 1695 2685">
     <span class='ocr_line' id='line_1_44' title="bbox 88 2607 1695 2685; baseline -0.004 -16"><span class='ocrx_word' id='word_1_320' title='bbox 88 2616 181 2671; x_wconf 83' lang='grc' dir='ltr'>τὸν</span> <span class='ocrx_word' id='word_1_321' title='bbox 235 2614 442 2685; x_wconf 86' lang='grc' dir='ltr'>χιτῶνα</span> <span class='ocrx_word' id='word_1_322' title='bbox 492 2610 913 2683; x_wconf 58' lang='grc' dir='ltr'>περιερρήξατο,</span> <span class='ocrx_word' id='word_1_323' title='bbox 962 2608 995 2681; x_wconf 78' lang='grc' dir='ltr'>ἦ</span> <span class='ocrx_word' id='word_1_324' title='bbox 1045 2607 1340 2680; x_wconf 82' lang='grc' dir='ltr'>περιεχύθη</span> <span class='ocrx_word' id='word_1_325' title='bbox 1388 2607 1463 2678; x_wconf 84' lang='grc' dir='ltr'>τῷ</span> <span class='ocrx_word' id='word_1_326' title='bbox 1497 2610 1695 2679; x_wconf 80' lang='grc' dir='ltr'>τέκνῳ,</span> 
     </span>
    </p>
   </div>
   <div class='ocr_carea' id='block_1_45' title="bbox 92 2700 1695 2777">
    <p class='ocr_par' dir='ltr' id='par_1_45' title="bbox 92 2700 1695 2777">
     <span class='ocr_line' id='line_1_45' title="bbox 92 2700 1695 2777; baseline -0.003 -18"><span class='ocrx_word' id='word_1_327' title='bbox 92 2707 331 2777; x_wconf 84' lang='grc' dir='ltr'>θερμαῖς</span> <span class='ocrx_word' id='word_1_328' title='bbox 376 2707 494 2768; x_wconf 90' lang='grc' dir='ltr'>ταῖς</span> <span class='ocrx_word' id='word_1_329' title='bbox 541 2704 768 2764; x_wconf 83' lang='grc' dir='ltr'>ὠλέναις</span> <span class='ocrx_word' id='word_1_330' title='bbox 810 2702 902 2756; x_wconf 76' lang='grc' dir='ltr'>τὸν</span> <span class='ocrx_word' id='word_1_331' title='bbox 947 2702 1235 2773; x_wconf 80' lang='grc' dir='ltr'>μαρασμὸν</span> <span class='ocrx_word' id='word_1_332' title='bbox 1288 2700 1695 2768; x_wconf 78' lang='grc' dir='ltr'>έπιθάλπουσα;</span> 
     </span>
    </p>
   </div>
   <div class='ocr_carea' id='block_1_46' title="bbox 96 2791 1697 2866">
    <p class='ocr_par' dir='ltr' id='par_1_46' title="bbox 96 2791 1697 2866">
     <span class='ocr_line' id='line_1_46' title="bbox 96 2791 1697 2866; baseline -0.002 -16"><span class='ocrx_word' id='word_1_333' title='bbox 96 2800 342 2866; x_wconf 82' lang='grc' dir='ltr'>Ἀπαγε.</span> <span class='ocrx_word' id='word_1_334' title='bbox 370 2796 479 2849; x_wconf 72' lang='grc' dir='ltr'><strong>Καὶ</strong></span> <span class='ocrx_word' id='word_1_335' title='bbox 506 2795 569 2848; x_wconf 84' lang='grc' dir='ltr'>τὸ</span> <span class='ocrx_word' id='word_1_336' title='bbox 591 2796 762 2847; x_wconf 77' lang='grc' dir='ltr'>εἰπεῖν</span> <span class='ocrx_word' id='word_1_337' title='bbox 785 2810 837 2847; x_wconf 91' lang='grc' dir='ltr'>τι</span> <span class='ocrx_word' id='word_1_338' title='bbox 862 2791 1120 2854; x_wconf 89' lang='grc' dir='ltr'>τοιοῦτον,</span> <span class='ocrx_word' id='word_1_339' title='bbox 1145 2791 1251 2845; x_wconf 91' lang='grc' dir='ltr'>τῶν</span> <span class='ocrx_word' id='word_1_340' title='bbox 1278 2792 1497 2846; x_wconf 86' lang='grc' dir='ltr'><strong>ἀτόπων</strong></span> <span class='ocrx_word' id='word_1_341' title='bbox 1528 2792 1697 2847; x_wconf 77' lang='grc' dir='ltr'>ἐστίν.</span> 
     </span>
    </p>
   </div>
   <div class='ocr_carea' id='block_1_47' title="bbox 100 2883 1698 2957">
    <p class='ocr_par' dir='ltr' id='par_1_47' title="bbox 100 2883 1698 2957">
     <span class='ocr_line' id='line_1_47' title="bbox 100 2883 1698 2957; baseline -0.004 -13"><span class='ocrx_word' id='word_1_342' title='bbox 100 2889 317 2953; x_wconf 85' lang='grc' dir='ltr'>Ὄντως</span> <span class='ocrx_word' id='word_1_343' title='bbox 359 2891 425 2942; x_wconf 75' lang='grc' dir='ltr'>ἐκ</span> <span class='ocrx_word' id='word_1_344' title='bbox 457 2887 550 2942; x_wconf 89' lang='grc' dir='ltr'><strong>τοῦ</strong></span> <span class='ocrx_word' id='word_1_345' title='bbox 604 2885 816 2957; x_wconf 82' lang='grc' dir='ltr'>καρποῦ</span> <span class='ocrx_word' id='word_1_346' title='bbox 865 2885 926 2939; x_wconf 82' lang='grc' dir='ltr'>τὸ</span> <span class='ocrx_word' id='word_1_347' title='bbox 978 2884 1194 2957; x_wconf 83' lang='grc' dir='ltr'>δένδρον</span> <span class='ocrx_word' id='word_1_348' title='bbox 1227 2883 1698 2955; x_wconf 76' lang='grc' dir='ltr'>ὲπιγινώσκομεν’</span> 
     </span>
    </p>
   </div>
   <div class='ocr_carea' id='block_1_48' title="bbox 1796 1876 3379 1946">
    <p class='ocr_par' dir='ltr' id='par_1_48' title="bbox 1796 1876 3379 1946">
     <span class='ocr_line' id='line_1_48' title="bbox 1796 1876 3379 1946; baseline -0.003 -11"><span class='ocrx_word' id='word_1_349' title='bbox 1796 1882 2113 1935; x_wconf 78' lang='lat' dir='ltr'><strong>manitatcm</strong></span> <span class='ocrx_word' id='word_1_350' title='bbox 2163 1877 2443 1931; x_wconf 78' lang='lat' dir='ltr'><strong>carnificis</strong></span> <span class='ocrx_word' id='word_1_351' title='bbox 2472 1892 2599 1946; x_wconf 81' lang='lat' dir='ltr'><strong>erga</strong></span> <span class='ocrx_word' id='word_1_352' title='bbox 2634 1877 2806 1930; x_wconf 85' lang='lat' dir='ltr'><strong>virum</strong></span> <span class='ocrx_word' id='word_1_353' title='bbox 2840 1876 3055 1940; x_wconf 82' lang='lat' dir='ltr'><strong>fortem,</strong></span> <span class='ocrx_word' id='word_1_354' title='bbox 3090 1885 3379 1931; x_wconf 88' lang='lat' dir='ltr'><strong>contume-</strong></span> 
     </span>
    </p>
   </div>
   <div class='ocr_carea' id='block_1_49' title="bbox 1796 1968 3378 2040">
    <p class='ocr_par' dir='ltr' id='par_1_49' title="bbox 1796 1968 3378 2040">
     <span class='ocr_line' id='line_1_49' title="bbox 1796 1968 3378 2040; baseline -0.004 -13"><span class='ocrx_word' id='word_1_355' title='bbox 1796 1974 1923 2027; x_wconf 88' lang='lat' dir='ltr'><strong>liam</strong></span> <span class='ocrx_word' id='word_1_356' title='bbox 1952 1987 2058 2026; x_wconf 93' lang='lat' dir='ltr'><strong>non</strong></span> <span class='ocrx_word' id='word_1_357' title='bbox 2096 1971 2255 2024; x_wconf 89' lang='lat' dir='ltr'><strong>tulit:</strong></span> <span class='ocrx_word' id='word_1_358' title='bbox 2294 1970 2389 2025; x_wconf 86' lang='lat' dir='ltr'><strong>sed</strong></span> <span class='ocrx_word' id='word_1_359' title='bbox 2424 1969 2573 2023; x_wconf 89' lang='lat' dir='ltr'><strong>illum</strong></span> <span class='ocrx_word' id='word_1_360' title='bbox 2608 1969 2828 2040; x_wconf 83' lang='lat' dir='ltr'><strong>quidem</strong></span> <span class='ocrx_word' id='word_1_361' title='bbox 2861 1970 3199 2039; x_wconf 80' lang='lat' dir='ltr'><strong>increpabat,</strong></span> <span class='ocrx_word' id='word_1_362' title='bbox 3232 1968 3378 2039; x_wconf 89' lang='lat' dir='ltr'><strong>quod</strong></span> 
     </span>
    </p>
   </div>
   <div class='ocr_carea' id='block_1_50' title="bbox 1793 2062 3375 2133">
    <p class='ocr_par' dir='ltr' id='par_1_50' title="bbox 1793 2062 3375 2133">
     <span class='ocr_line' id='line_1_50' title="bbox 1793 2062 3375 2133; baseline -0.004 -13"><span class='ocrx_word' id='word_1_363' title='bbox 1793 2080 1825 2119; x_wconf 88' lang='lat' dir='ltr'><strong>a</strong></span> <span class='ocrx_word' id='word_1_364' title='bbox 1856 2062 2327 2120; x_wconf 84' lang='lat' dir='ltr'><strong>commilitonibus</strong></span> <span class='ocrx_word' id='word_1_365' title='bbox 2357 2069 2411 2115; x_wconf 90' lang='lat' dir='ltr'><strong>et</strong></span> <span class='ocrx_word' id='word_1_366' title='bbox 2447 2062 2673 2130; x_wconf 76' lang='lat' dir='ltr'><strong>collegis</strong></span> <span class='ocrx_word' id='word_1_367' title='bbox 2700 2062 2958 2117; x_wconf 85' lang='lat' dir='ltr'><strong>athletam</strong></span> <span class='ocrx_word' id='word_1_368' title='bbox 2989 2069 3375 2133; x_wconf 84' lang='lat' dir='ltr'><strong>segregasset;</strong></span> 
     </span>
    </p>
   </div>
   <div class='ocr_carea' id='block_1_51' title="bbox 1797 2152 3377 2225">
    <p class='ocr_par' dir='ltr' id='par_1_51' title="bbox 1797 2152 3377 2225">
     <span class='ocr_line' id='line_1_51' title="bbox 1797 2152 3377 2225; baseline -0.001 -16"><span class='ocrx_word' id='word_1_369' title='bbox 1797 2157 1915 2225; x_wconf 89' lang='lat' dir='ltr'><strong>ipsa</strong></span> <span class='ocrx_word' id='word_1_370' title='bbox 1949 2170 2075 2209; x_wconf 89' lang='lat' dir='ltr'><strong>vero</strong></span> <span class='ocrx_word' id='word_1_371' title='bbox 2122 2153 2348 2225; x_wconf 83' lang='lat' dir='ltr'><strong>martyri</strong></span> <span class='ocrx_word' id='word_1_372' title='bbox 2403 2153 2673 2209; x_wconf 86' lang='lat' dir='ltr'><strong>assistens</strong></span> <span class='ocrx_word' id='word_1_373' title='bbox 2713 2152 2950 2223; x_wconf 89' lang='lat' dir='ltr'><strong>torpenti</strong></span> <span class='ocrx_word' id='word_1_374' title='bbox 2986 2153 3099 2222; x_wconf 89' lang='lat' dir='ltr'><strong>jam</strong></span> <span class='ocrx_word' id='word_1_375' title='bbox 3158 2162 3211 2207; x_wconf 91' lang='lat' dir='ltr'><strong>et</strong></span> <span class='ocrx_word' id='word_1_376' title='bbox 3266 2168 3377 2223; x_wconf 83' lang='lat' dir='ltr'><strong>prae</strong></span> 
     </span>
    </p>
   </div>
   <div class='ocr_carea' id='block_1_52' title="bbox 1796 2244 3379 2316">
    <p class='ocr_par' dir='ltr' id='par_1_52' title="bbox 1796 2244 3379 2316">
     <span class='ocr_line' id='line_1_52' title="bbox 1796 2244 3379 2316; baseline -0.003 -15"><span class='ocrx_word' id='word_1_377' title='bbox 1796 2246 2178 2316; x_wconf 74' lang='lat' dir='ltr'><strong>congelatione</strong></span> <span class='ocrx_word' id='word_1_378' title='bbox 2206 2244 2499 2307; x_wconf 89' lang='lat' dir='ltr'><strong>immobili,</strong></span> <span class='ocrx_word' id='word_1_379' title='bbox 2540 2260 2606 2301; x_wconf 90' lang='lat' dir='ltr'><strong>ac</strong></span> <span class='ocrx_word' id='word_1_380' title='bbox 2634 2246 2950 2316; x_wconf 81' lang='lat' dir='ltr'><strong>conspicata</strong></span> <span class='ocrx_word' id='word_1_381' title='bbox 3002 2260 3127 2300; x_wconf 90' lang='lat' dir='ltr'><strong>eum</strong></span> <span class='ocrx_word' id='word_1_382' title='bbox 3179 2244 3379 2315; x_wconf 83' lang='lat' dir='ltr'><strong>frigido</strong></span> 
     </span>
    </p>
   </div>
   <div class='ocr_carea' id='block_1_53' title="bbox 1796 2333 3380 2405">
    <p class='ocr_par' dir='ltr' id='par_1_53' title="bbox 1796 2333 3380 2405">
     <span class='ocr_line' id='line_1_53' title="bbox 1796 2333 3380 2405; baseline -0.001 -16"><span class='ocrx_word' id='word_1_383' title='bbox 1796 2344 1958 2405; x_wconf 83' lang='lat' dir='ltr'><strong>atque</strong></span> <span class='ocrx_word' id='word_1_384' title='bbox 2000 2334 2217 2388; x_wconf 86' lang='lat' dir='ltr'><strong>infirmo</strong></span> <span class='ocrx_word' id='word_1_385' title='bbox 2250 2333 2491 2388; x_wconf 89' lang='lat' dir='ltr'><strong>anhelitu</strong></span> <span class='ocrx_word' id='word_1_386' title='bbox 2512 2334 2810 2398; x_wconf 90' lang='lat' dir='ltr'><strong>coarctari,</strong></span> <span class='ocrx_word' id='word_1_387' title='bbox 2872 2343 3081 2388; x_wconf 80' lang='lat' dir='ltr'><strong>tantum</strong></span> <span class='ocrx_word' id='word_1_388' title='bbox 3114 2334 3380 2389; x_wconf 79' lang='lat' dir='ltr'><strong>duntaxat</strong></span> 
     </span>
    </p>
   </div>
   <div class='ocr_carea' id='block_1_54' title="bbox 1794 2425 3377 2497">
    <p class='ocr_par' dir='ltr' id='par_1_54' title="bbox 1794 2425 3377 2497">
     <span class='ocr_line' id='line_1_54' title="bbox 1794 2425 3377 2497; baseline 0.001 -18"><span class='ocrx_word' id='word_1_389' title='bbox 1794 2426 2088 2488; x_wconf 82' lang='lat' dir='ltr'><strong>viventem,</strong></span> <span class='ocrx_word' id='word_1_390' title='bbox 2119 2434 2178 2480; x_wconf 78' lang='lat' dir='ltr'><strong>ut</strong></span> <span class='ocrx_word' id='word_1_391' title='bbox 2207 2427 2488 2481; x_wconf 89' lang='lat' dir='ltr'><strong>cruciatus</strong></span> <span class='ocrx_word' id='word_1_392' title='bbox 2508 2425 2753 2490; x_wconf 84' lang='lat' dir='ltr'><strong>sentiret,</strong></span> <span class='ocrx_word' id='word_1_393' title='bbox 2776 2425 3013 2481; x_wconf 87' lang='lat' dir='ltr'><strong>obscuro</strong></span> <span class='ocrx_word' id='word_1_394' title='bbox 3061 2441 3126 2480; x_wconf 88' lang='lat' dir='ltr'><strong>ac</strong></span> <span class='ocrx_word' id='word_1_395' title='bbox 3166 2426 3377 2497; x_wconf 77' lang='lat' dir='ltr'><strong>langui-</strong></span> 
     </span>
    </p>
   </div>
   <div class='ocr_carea' id='block_1_55' title="bbox 1797 2519 3380 2590">
    <p class='ocr_par' dir='ltr' id='par_1_55' title="bbox 1797 2519 3380 2590">
     <span class='ocr_line' id='line_1_55' title="bbox 1797 2519 3380 2590; baseline 0.002 -18"><span class='ocrx_word' id='word_1_396' title='bbox 1797 2519 1867 2573; x_wconf 93' lang='lat' dir='ltr'><strong>do</strong></span> <span class='ocrx_word' id='word_1_397' title='bbox 1903 2520 2099 2571; x_wconf 87' lang='lat' dir='ltr'><strong>obtutu</strong></span> <span class='ocrx_word' id='word_1_398' title='bbox 2136 2527 2365 2572; x_wconf 87' lang='lat' dir='ltr'><strong>matrem</strong></span> <span class='ocrx_word' id='word_1_399' title='bbox 2415 2534 2567 2573; x_wconf 89' lang='lat' dir='ltr'><strong>suam</strong></span> <span class='ocrx_word' id='word_1_400' title='bbox 2605 2520 3004 2590; x_wconf 89' lang='lat' dir='ltr'><strong>aspicientem,</strong></span> <span class='ocrx_word' id='word_1_401' title='bbox 3037 2529 3289 2575; x_wconf 88' lang='lat' dir='ltr'><strong>emortua</strong></span> <span class='ocrx_word' id='word_1_402' title='bbox 3315 2535 3380 2576; x_wconf 88' lang='lat' dir='ltr'><strong>ac</strong></span> 
     </span>
    </p>
   </div>
   <div class='ocr_carea' id='block_1_56' title="bbox 1799 2608 3382 2677">
    <p class='ocr_par' dir='ltr' id='par_1_56' title="bbox 1799 2608 3382 2677">
     <span class='ocr_line' id='line_1_56' title="bbox 1799 2608 3382 2677; baseline 0.003 -15"><span class='ocrx_word' id='word_1_403' title='bbox 1799 2608 2059 2677; x_wconf 76' lang='lat' dir='ltr'><strong>languida</strong></span> <span class='ocrx_word' id='word_1_404' title='bbox 2108 2625 2274 2663; x_wconf 91' lang='lat' dir='ltr'><strong>manu</strong></span> <span class='ocrx_word' id='word_1_405' title='bbox 2336 2610 2650 2666; x_wconf 81' lang='lat' dir='ltr'><strong>innuentem</strong></span> <span class='ocrx_word' id='word_1_406' title='bbox 2680 2619 2735 2666; x_wconf 85' lang='lat' dir='ltr'><strong>et</strong></span> <span class='ocrx_word' id='word_1_407' title='bbox 2790 2612 3186 2674; x_wconf 88' lang='lat' dir='ltr'><strong>consolantem,</strong></span> <span class='ocrx_word' id='word_1_408' title='bbox 3216 2623 3272 2668; x_wconf 90' lang='lat' dir='ltr'><strong>et</strong></span> <span class='ocrx_word' id='word_1_409' title='bbox 3321 2621 3382 2667; x_wconf 85' lang='lat' dir='ltr'><strong>ut</strong></span> 
     </span>
    </p>
   </div>
   <div class='ocr_carea' id='block_1_57' title="bbox 1800 2700 3382 2771">
    <p class='ocr_par' dir='ltr' id='par_1_57' title="bbox 1800 2700 3382 2771">
     <span class='ocr_line' id='line_1_57' title="bbox 1800 2700 3382 2771; baseline 0.002 -16"><span class='ocrx_word' id='word_1_410' title='bbox 1800 2702 2017 2757; x_wconf 78' lang='lat' dir='ltr'><strong>fortiter</strong></span> <span class='ocrx_word' id='word_1_411' title='bbox 2044 2700 2212 2757; x_wconf 88' lang='lat' dir='ltr'><strong>ferret</strong></span> <span class='ocrx_word' id='word_1_412' title='bbox 2238 2702 2589 2758; x_wconf 89' lang='lat' dir='ltr'><strong>hortantem?</strong></span> <span class='ocrx_word' id='word_1_413' title='bbox 2624 2702 2691 2758; x_wconf 91' lang='lat' dir='ltr'><strong>Ut</strong></span> <span class='ocrx_word' id='word_1_414' title='bbox 2716 2703 2831 2758; x_wconf 74' lang='lat' dir='ltr'><strong>lizec</strong></span> <span class='ocrx_word' id='word_1_415' title='bbox 2863 2712 3037 2758; x_wconf 87' lang='lat' dir='ltr'><strong>mater</strong></span> <span class='ocrx_word' id='word_1_416' title='bbox 3054 2702 3209 2771; x_wconf 80' lang='lat' dir='ltr'><strong>vidit,</strong></span> <span class='ocrx_word' id='word_1_417' title='bbox 3239 2721 3382 2759; x_wconf 91' lang='lat' dir='ltr'><strong>nun-</strong></span> 
     </span>
    </p>
   </div>
   <div class='ocr_carea' id='block_1_58' title="bbox 1801 2792 3372 2865">
    <p class='ocr_par' dir='ltr' id='par_1_58' title="bbox 1801 2792 3372 2865">
     <span class='ocr_line' id='line_1_58' title="bbox 1801 2792 3372 2865; baseline 0.003 -17"><span class='ocrx_word' id='word_1_418' title='bbox 1801 2792 1933 2865; x_wconf 89' lang='lat' dir='ltr'><strong>quid</strong></span> <span class='ocrx_word' id='word_1_419' title='bbox 1976 2792 2247 2863; x_wconf 88' lang='lat' dir='ltr'><strong>ejusmodi</strong></span> <span class='ocrx_word' id='word_1_420' title='bbox 2288 2793 2533 2863; x_wconf 84' lang='lat' dir='ltr'><strong>aliquid,</strong></span> <span class='ocrx_word' id='word_1_421' title='bbox 2588 2795 2750 2865; x_wconf 89' lang='lat' dir='ltr'><strong>quale</strong></span> <span class='ocrx_word' id='word_1_422' title='bbox 2797 2795 3069 2851; x_wconf 87' lang='lat' dir='ltr'><strong>matribus</strong></span> <span class='ocrx_word' id='word_1_423' title='bbox 3121 2797 3372 2853; x_wconf 85' lang='lat' dir='ltr'><strong>accidere</strong></span> 
     </span>
    </p>
   </div>
   <div class='ocr_carea' id='block_1_59' title="bbox 1802 2883 3379 2962">
    <p class='ocr_par' dir='ltr' id='par_1_59' title="bbox 1802 2883 3379 2962">
     <span class='ocr_line' id='line_1_59' title="bbox 1802 2883 3379 2962; baseline 0.008 -22"><span class='ocrx_word' id='word_1_424' title='bbox 1802 2886 1986 2951; x_wconf 89' lang='lat' dir='ltr'><strong>solet,</strong></span> <span class='ocrx_word' id='word_1_425' title='bbox 2038 2883 2301 2940; x_wconf 86' lang='lat' dir='ltr'><strong>admisit?</strong></span> <span class='ocrx_word' id='word_1_426' title='bbox 2333 2884 2592 2956; x_wconf 89' lang='lat' dir='ltr'><strong>Nunquid</strong></span> <span class='ocrx_word' id='word_1_427' title='bbox 2654 2888 2865 2944; x_wconf 85' lang='lat' dir='ltr'><strong>viscera</strong></span> <span class='ocrx_word' id='word_1_428' title='bbox 2914 2892 3035 2962; x_wconf 85' lang='lat' dir='ltr'><strong>ejus</strong></span> <span class='ocrx_word' id='word_1_429' title='bbox 3102 2904 3379 2952; x_wconf 79' lang='lat' dir='ltr'><strong>commota</strong></span> 
     </span>
    </p>
   </div>
   <div class='ocr_carea' id='block_1_60' title="bbox 94 2975 1694 3048">
    <p class='ocr_par' dir='ltr' id='par_1_60' title="bbox 94 2975 1694 3048">
     <span class='ocr_line' id='line_1_60' title="bbox 94 2975 1694 3048; baseline -0.002 -15"><span class='ocrx_word' id='word_1_430' title='bbox 94 2981 156 3033; x_wconf 80' lang='grc' dir='ltr'><strong>ού</strong></span> <span class='ocrx_word' id='word_1_431' title='bbox 219 2979 453 3035; x_wconf 85' lang='grc' dir='ltr'>δύναται</span> <span class='ocrx_word' id='word_1_432' title='bbox 495 2977 709 3048; x_wconf 79' lang='grc' dir='ltr'>δένδρον</span> <span class='ocrx_word' id='word_1_433' title='bbox 755 2975 963 3047; x_wconf 87' lang='grc' dir='ltr'>σαπρὸν</span> <span class='ocrx_word' id='word_1_434' title='bbox 1008 2976 1253 3046; x_wconf 80' lang='grc' dir='ltr'>καρποὺς</span> <span class='ocrx_word' id='word_1_435' title='bbox 1298 2975 1496 3039; x_wconf 72' lang='grc' dir='ltr'>καλοὺς</span> <span class='ocrx_word' id='word_1_436' title='bbox 1544 2977 1694 3048; x_wconf 85' lang='grc' dir='ltr'>ποιῆ-</span> 
     </span>
    </p>
   </div>
   <div class='ocr_carea' id='block_1_61' title="bbox 1796 2975 3381 3048">
    <p class='ocr_par' dir='ltr' id='par_1_61' title="bbox 1803 2976 3381 3046">
     <span class='ocr_line' id='line_1_61' title="bbox 1803 2976 3381 3046; baseline 0.008 -16"><span class='ocrx_word' id='word_1_437' title='bbox 1803 2984 1933 3031; x_wconf 92' lang='lat' dir='ltr'><strong>sunt</strong></span> <span class='ocrx_word' id='word_1_438' title='bbox 1962 3015 1978 3038; x_wconf 92' lang='lat'><strong>,</strong></span> <span class='ocrx_word' id='word_1_439' title='bbox 2013 2983 2109 3029; x_wconf 92' lang='lat' dir='ltr'><strong>aut</strong></span> <span class='ocrx_word' id='word_1_440' title='bbox 2140 2976 2381 3030; x_wconf 86' lang='lat' dir='ltr'><strong>tunicam</strong></span> <span class='ocrx_word' id='word_1_441' title='bbox 2424 2978 2825 3046; x_wconf 85' lang='lat' dir='ltr'><strong>circumscidit,</strong></span> <span class='ocrx_word' id='word_1_442' title='bbox 2857 2993 2952 3037; x_wconf 90' lang='lat' dir='ltr'><strong>aut</strong></span> <span class='ocrx_word' id='word_1_443' title='bbox 2981 2985 3093 3040; x_wconf 85' lang='lat' dir='ltr'><strong>filio</strong></span> <span class='ocrx_word' id='word_1_444' title='bbox 3141 2988 3381 3043; x_wconf 88' lang='lat' dir='ltr'><strong>circum-</strong></span> 
     </span>
    </p>
   </div>
   <div class='ocr_carea' id='block_1_62' title="bbox 100 3088 208 3124">
    <p class='ocr_par' dir='ltr' id='par_1_62' title="bbox 100 3088 208 3124">
     <span class='ocr_line' id='line_1_62' title="bbox 100 3088 208 3124; baseline -0.009 0"><span class='ocrx_word' id='word_1_445' title='bbox 100 3088 208 3124; x_wconf 85' lang='grc' dir='ltr'>σαι.</span> 
     </span>
    </p>
   </div>
   <div class='ocr_carea' id='block_1_63' title="bbox 1806 3068 3380 3142">
    <p class='ocr_par' dir='ltr' id='par_1_63' title="bbox 1806 3068 3380 3142">
     <span class='ocr_line' id='line_1_63' title="bbox 1806 3068 3380 3142; baseline 0.01 -20"><span class='ocrx_word' id='word_1_446' title='bbox 1806 3068 1928 3123; x_wconf 88' lang='lat' dir='ltr'><strong>fusa</strong></span> <span class='ocrx_word' id='word_1_447' title='bbox 1951 3075 2064 3128; x_wconf 90' lang='lat' dir='ltr'><strong>est.</strong></span> <span class='ocrx_word' id='word_1_448' title='bbox 2094 3069 2289 3124; x_wconf 89' lang='lat' dir='ltr'><strong>calidis</strong></span> <span class='ocrx_word' id='word_1_449' title='bbox 2320 3070 2467 3125; x_wconf 90' lang='lat' dir='ltr'><strong>ulnis</strong></span> <span class='ocrx_word' id='word_1_450' title='bbox 2500 3080 2773 3142; x_wconf 84' lang='lat' dir='ltr'><strong>torporem</strong></span> <span class='ocrx_word' id='word_1_451' title='bbox 2802 3090 2868 3130; x_wconf 92' lang='lat' dir='ltr'><strong>ac</strong></span> <span class='ocrx_word' id='word_1_452' title='bbox 2897 3077 3259 3134; x_wconf 80' lang='lat' dir='ltr'><strong>defectionem</strong></span> <span class='ocrx_word' id='word_1_453' title='bbox 3292 3097 3380 3138; x_wconf 86' lang='lat' dir='ltr'><strong>re-</strong></span> 
     </span>
    </p>
   </div>
   <div class='ocr_carea' id='block_1_64' title="bbox 98 3159 3381 3234">
    <p class='ocr_par' dir='ltr' id='par_1_64' title="bbox 98 3159 3381 3234">
     <span class='ocr_line' id='line_1_64' title="bbox 98 3159 3381 3234; baseline 0.002 -9"><span class='ocrx_word' id='word_1_454' title='bbox 98 3173 303 3225; x_wconf 83' lang='lat' dir='ltr'><strong>fovens</strong></span> <span class='ocrx_word' id='word_1_455' title='bbox 335 3174 388 3218; x_wconf 87' lang='lat' dir='ltr'><strong>et</strong></span> <span class='ocrx_word' id='word_1_456' title='bbox 418 3162 781 3219; x_wconf 88' lang='lat' dir='ltr'><strong>refocillans?</strong></span> <span class='ocrx_word' id='word_1_457' title='bbox 812 3161 1052 3217; x_wconf 70' lang='lat' dir='ltr'><strong>Remove</strong></span> <span class='ocrx_word' id='word_1_458' title='bbox 1087 3162 1302 3216; x_wconf 73' lang='lat' dir='ltr'><strong>isthtec.</strong></span> <span class='ocrx_word' id='word_1_459' title='bbox 1332 3159 1507 3215; x_wconf 81' lang='lat' dir='ltr'><strong>Etiam</strong></span> <span class='ocrx_word' id='word_1_460' title='bbox 1536 3161 1720 3218; x_wconf 87' lang='lat' dir='ltr'><strong>dicere</strong></span> <span class='ocrx_word' id='word_1_461' title='bbox 1762 3162 1968 3234; x_wconf 90' lang='lat' dir='ltr'><strong>aliquid</strong></span> <span class='ocrx_word' id='word_1_462' title='bbox 2016 3160 2289 3233; x_wconf 91' lang='lat' dir='ltr'><strong>ejusmodi</strong></span> <span class='ocrx_word' id='word_1_463' title='bbox 2341 3163 2643 3220; x_wconf 89' lang='lat' dir='ltr'><strong>absurdum</strong></span> <span class='ocrx_word' id='word_1_464' title='bbox 2721 3177 2826 3225; x_wconf 90' lang='lat' dir='ltr'><strong>est.</strong></span> <span class='ocrx_word' id='word_1_465' title='bbox 2898 3169 2973 3224; x_wconf 81' lang='lat' dir='ltr'><strong>Ex</strong></span> <span class='ocrx_word' id='word_1_466' title='bbox 3044 3173 3229 3230; x_wconf 84' lang='lat' dir='ltr'><strong>fructu</strong></span> <span class='ocrx_word' id='word_1_467' title='bbox 3300 3194 3381 3233; x_wconf 85' lang='lat' dir='ltr'><strong>re-</strong></span> 
     </span>
    </p>
   </div>
   <div class='ocr_carea' id='block_1_65' title="bbox 104 3252 2941 3327">
    <p class='ocr_par' dir='ltr' id='par_1_65' title="bbox 104 3252 2941 3327">
     <span class='ocr_line' id='line_1_65' title="bbox 104 3252 2941 3327; baseline 0.001 -16"><span class='ocrx_word' id='word_1_468' title='bbox 104 3272 235 3313; x_wconf 84' lang='lat' dir='ltr'><strong>vera</strong></span> <span class='ocrx_word' id='word_1_469' title='bbox 273 3256 528 3310; x_wconf 84' lang='lat' dir='ltr'><strong>arborem</strong></span> <span class='ocrx_word' id='word_1_470' title='bbox 564 3253 959 3323; x_wconf 76' lang='lat' dir='ltr'><strong>cognoscimus</strong></span> <span class='ocrx_word' id='word_1_471' title='bbox 992 3267 1003 3301; x_wconf 86' lang='lat'><strong>:</strong></span> <span class='ocrx_word' id='word_1_472' title='bbox 1049 3268 1158 3305; x_wconf 91' lang='lat' dir='ltr'><strong>non</strong></span> <span class='ocrx_word' id='word_1_473' title='bbox 1196 3257 1383 3321; x_wconf 87' lang='lat' dir='ltr'><strong>potest</strong></span> <span class='ocrx_word' id='word_1_474' title='bbox 1418 3252 1585 3305; x_wconf 91' lang='lat' dir='ltr'><strong>arbor</strong></span> <span class='ocrx_word' id='word_1_475' title='bbox 1606 3252 1797 3321; x_wconf 88' lang='lat' dir='ltr'><strong>putris</strong></span> <span class='ocrx_word' id='word_1_476' title='bbox 1820 3262 1876 3309; x_wconf 89' lang='lat' dir='ltr'><strong>et</strong></span> <span class='ocrx_word' id='word_1_477' title='bbox 1912 3252 2114 3308; x_wconf 86' lang='lat' dir='ltr'><strong>vitiosa</strong></span> <span class='ocrx_word' id='word_1_478' title='bbox 2152 3252 2327 3309; x_wconf 89' lang='lat' dir='ltr'><strong>bonos</strong></span> <span class='ocrx_word' id='word_1_479' title='bbox 2365 3254 2582 3311; x_wconf 88' lang='lat' dir='ltr'><strong>fructus</strong></span> <span class='ocrx_word' id='word_1_480' title='bbox 2612 3258 2941 3327; x_wconf 89' lang='lat' dir='ltr'><strong>producere.</strong></span> 
     </span>
    </p>
   </div>
   <div class='ocr_carea' id='block_1_66' title="bbox 182 3342 1694 3424">
    <p class='ocr_par' dir='ltr' id='par_1_66' title="bbox 182 3342 1693 3417">
     <span class='ocr_line' id='line_1_66' title="bbox 182 3342 1693 3417; baseline -0.004 -15"><span class='ocrx_word' id='word_1_481' title='bbox 182 3348 348 3402; x_wconf 71' lang='grc' dir='ltr'>Ἐπεὶ</span> <span class='ocrx_word' id='word_1_482' title='bbox 373 3342 467 3400; x_wconf 78' lang='grc' dir='ltr'>οὖν</span> <span class='ocrx_word' id='word_1_483' title='bbox 495 3345 524 3397; x_wconf 84' lang='grc' dir='ltr'><strong>ὁ</strong></span> <span class='ocrx_word' id='word_1_484' title='bbox 557 3344 769 3417; x_wconf 76' lang='grc' dir='ltr'>καρπὸς</span> <span class='ocrx_word' id='word_1_485' title='bbox 794 3346 893 3415; x_wconf 77' lang='grc' dir='ltr'><strong>τῆς</strong></span> <span class='ocrx_word' id='word_1_486' title='bbox 924 3343 1225 3415; x_wconf 86' lang='grc' dir='ltr'>μαρτυρίας</span> <span class='ocrx_word' id='word_1_487' title='bbox 1258 3343 1441 3408; x_wconf 81' lang='grc' dir='ltr'>καλὸς,</span> <span class='ocrx_word' id='word_1_488' title='bbox 1473 3345 1693 3398; x_wconf 64' lang='grc' dir='ltr'>ἐπαίνεε</span> 
     </span>
    </p>
   </div>
   <div class='ocr_carea' id='block_1_67' title="bbox 1796 3342 3380 3424">
    <p class='ocr_par' dir='ltr' id='par_1_67' title="bbox 1870 3345 3380 3424">
     <span class='ocr_line' id='line_1_67' title="bbox 1870 3345 3380 3424; baseline 0.013 -26"><span class='ocrx_word' id='word_1_489' title='bbox 1870 3345 2141 3412; x_wconf 79' lang='lat' dir='ltr'><strong>Quoniam</strong></span> <span class='ocrx_word' id='word_1_490' title='bbox 2171 3346 2337 3416; x_wconf 80' lang='lat' dir='ltr'><strong>igitur</strong></span> <span class='ocrx_word' id='word_1_491' title='bbox 2368 3346 2583 3403; x_wconf 87' lang='lat' dir='ltr'><strong>fructus</strong></span> <span class='ocrx_word' id='word_1_492' title='bbox 2615 3352 2863 3423; x_wconf 86' lang='lat' dir='ltr'><strong>martyrii</strong></span> <span class='ocrx_word' id='word_1_493' title='bbox 2885 3353 3062 3413; x_wconf 85' lang='lat' dir='ltr'><strong>bonus</strong></span> <span class='ocrx_word' id='word_1_494' title='bbox 3083 3367 3190 3424; x_wconf 89' lang='lat' dir='ltr'><strong>est,</strong></span> <span class='ocrx_word' id='word_1_495' title='bbox 3217 3359 3380 3417; x_wconf 83' lang='lat' dir='ltr'><strong>lauda</strong></span> 
     </span>
    </p>
   </div>
   <div class='ocr_carea' id='block_1_68' title="bbox 99 3436 1691 3512">
    <p class='ocr_par' dir='ltr' id='par_1_68' title="bbox 99 3436 1691 3512">
     <span class='ocr_line' id='line_1_68' title="bbox 99 3436 1691 3512; baseline -0.004 -15"><span class='ocrx_word' id='word_1_496' title='bbox 99 3459 191 3497; x_wconf 87' lang='grc' dir='ltr'><strong>σον</strong></span> <span class='ocrx_word' id='word_1_497' title='bbox 218 3438 697 3512; x_wconf 81' lang='grc' dir='ltr'>τὴνάριστοτόκον</span> <span class='ocrx_word' id='word_1_498' title='bbox 731 3437 963 3509; x_wconf 87' lang='grc' dir='ltr'>μητέρα,</span> <span class='ocrx_word' id='word_1_499' title='bbox 994 3438 1094 3507; x_wconf 74' lang='grc' dir='ltr'><strong>τὴν</strong></span> <span class='ocrx_word' id='word_1_500' title='bbox 1122 3436 1209 3490; x_wconf 85' lang='grc' dir='ltr'><strong>διὰ</strong></span> <span class='ocrx_word' id='word_1_501' title='bbox 1224 3437 1321 3508; x_wconf 85' lang='grc' dir='ltr'>τῆς</span> <span class='ocrx_word' id='word_1_502' title='bbox 1346 3438 1691 3506; x_wconf 83' lang='grc' dir='ltr'>τεκνογονίας</span> 
     </span>
    </p>
   </div>
   <div class='ocr_carea' id='block_1_69' title="bbox 100 3527 1691 3606">
    <p class='ocr_par' dir='ltr' id='par_1_69' title="bbox 100 3527 1691 3606">
     <span class='ocr_line' id='line_1_69' title="bbox 100 3527 1691 3606; baseline -0.008 -17"><span class='ocrx_word' id='word_1_503' title='bbox 100 3534 443 3606; x_wconf 79' lang='grc' dir='ltr'>σωζομένην,</span> <span class='ocrx_word' id='word_1_504' title='bbox 483 3527 667 3594; x_wconf 85' lang='grc' dir='ltr'>καθώς</span> <span class='ocrx_word' id='word_1_505' title='bbox 694 3546 858 3598; x_wconf 85' lang='grc' dir='ltr'>φησιν</span> <span class='ocrx_word' id='word_1_506' title='bbox 885 3530 914 3582; x_wconf 83' lang='grc' dir='ltr'>ὁ</span> <span class='ocrx_word' id='word_1_507' title='bbox 954 3528 1290 3591; x_wconf 83' lang='grc' dir='ltr'>Ἀπόστολος.</span> <span class='ocrx_word' id='word_1_508' title='bbox 1340 3527 1556 3600; x_wconf 79' lang='grc' dir='ltr'>Ἐπειδὴ</span> <span class='ocrx_word' id='word_1_509' title='bbox 1582 3531 1691 3602; x_wconf 82' lang='grc' dir='ltr'><strong>γὰρ</strong></span> 
     </span>
    </p>
   </div>
   <div class='ocr_carea' id='block_1_70' title="bbox 98 3618 1691 3696">
    <p class='ocr_par' dir='ltr' id='par_1_70' title="bbox 98 3618 1691 3696">
     <span class='ocr_line' id='line_1_70' title="bbox 98 3618 1691 3696; baseline -0.005 -15"><span class='ocrx_word' id='word_1_510' title='bbox 98 3626 347 3681; x_wconf 88' lang='grc' dir='ltr'>τοιοῦτον</span> <span class='ocrx_word' id='word_1_511' title='bbox 391 3623 702 3696; x_wconf 81' lang='grc' dir='ltr'>παρέστησε</span> <span class='ocrx_word' id='word_1_512' title='bbox 742 3620 822 3690; x_wconf 87' lang='grc' dir='ltr'>τῷ</span> <span class='ocrx_word' id='word_1_513' title='bbox 862 3620 982 3691; x_wconf 85' lang='grc' dir='ltr'><strong>Θεῷ</strong></span> <span class='ocrx_word' id='word_1_514' title='bbox 1023 3618 1115 3674; x_wconf 81' lang='grc' dir='ltr'><strong>τὸν</strong></span> <span class='ocrx_word' id='word_1_515' title='bbox 1146 3621 1375 3694; x_wconf 73' lang='grc' dir='ltr'>καρπὸν,</span> <span class='ocrx_word' id='word_1_516' title='bbox 1420 3621 1560 3692; x_wconf 82' lang='grc' dir='ltr'>ὑπὲρ</span> <span class='ocrx_word' id='word_1_517' title='bbox 1592 3623 1691 3693; x_wconf 82' lang='grc' dir='ltr'>τῆς</span> 
     </span>
    </p>
   </div>
   <div class='ocr_carea' id='block_1_71' title="bbox 101 3713 1690 3791">
    <p class='ocr_par' dir='ltr' id='par_1_71' title="bbox 101 3713 1690 3791">
     <span class='ocr_line' id='line_1_71' title="bbox 101 3713 1690 3791; baseline -0.004 -17"><span class='ocrx_word' id='word_1_518' title='bbox 101 3721 290 3791; x_wconf 81' lang='grc' dir='ltr'>κοινῆς</span> <span class='ocrx_word' id='word_1_519' title='bbox 312 3717 421 3772; x_wconf 85' lang='grc' dir='ltr'>τῶν</span> <span class='ocrx_word' id='word_1_520' title='bbox 445 3714 720 3785; x_wconf 84' lang='grc' dir='ltr'>γυναικῶν</span> <span class='ocrx_word' id='word_1_521' title='bbox 744 3713 1121 3785; x_wconf 81' lang='grc' dir='ltr'>ἀπελογήσατο</span> <span class='ocrx_word' id='word_1_522' title='bbox 1143 3713 1375 3782; x_wconf 88' lang='grc' dir='ltr'>φύσεως.</span> <span class='ocrx_word' id='word_1_523' title='bbox 1402 3715 1515 3768; x_wconf 85' lang='grc' dir='ltr'><strong>Ούκ</strong></span> <span class='ocrx_word' id='word_1_524' title='bbox 1538 3715 1561 3766; x_wconf 82' lang='grc' dir='ltr'>ὲ</span> <span class='ocrx_word' id='word_1_525' title='bbox 1569 3713 1690 3785; x_wconf 83' lang='grc' dir='ltr'>μὸν,</span> 
     </span>
    </p>
   </div>
   <div class='ocr_carea' id='block_1_72' title="bbox 103 3805 1691 3884">
    <p class='ocr_par' dir='ltr' id='par_1_72' title="bbox 103 3805 1691 3884">
     <span class='ocr_line' id='line_1_72' title="bbox 103 3805 1691 3884; baseline -0.004 -18"><span class='ocrx_word' id='word_1_526' title='bbox 103 3812 261 3884; x_wconf 73' lang='grc' dir='ltr'>φησὶ,</span> <span class='ocrx_word' id='word_1_527' title='bbox 291 3810 481 3864; x_wconf 88' lang='grc' dir='ltr'>τέκνον</span> <span class='ocrx_word' id='word_1_528' title='bbox 514 3807 578 3861; x_wconf 91' lang='grc' dir='ltr'><strong>σύ</strong></span> <span class='ocrx_word' id='word_1_529' title='bbox 601 3825 615 3839; x_wconf 88' lang='grc'>·</span> <span class='ocrx_word' id='word_1_530' title='bbox 640 3806 701 3861; x_wconf 87' lang='grc' dir='ltr'><strong>ού</strong></span> <span class='ocrx_word' id='word_1_531' title='bbox 728 3806 826 3877; x_wconf 87' lang='grc' dir='ltr'><strong>τῆς</strong></span> <span class='ocrx_word' id='word_1_532' title='bbox 853 3805 995 3877; x_wconf 82' lang='grc' dir='ltr'><strong>ὲμῆς</strong></span> <span class='ocrx_word' id='word_1_533' title='bbox 1022 3806 1209 3869; x_wconf 85' lang='grc' dir='ltr'>ὠδῖνος</span> <span class='ocrx_word' id='word_1_534' title='bbox 1236 3805 1527 3877; x_wconf 82' lang='grc' dir='ltr'>βλάστημα</span> <span class='ocrx_word' id='word_1_535' title='bbox 1556 3822 1570 3837; x_wconf 76' lang='grc'><em>’</em></span> <span class='ocrx_word' id='word_1_536' title='bbox 1599 3806 1691 3860; x_wconf 75' lang='grc' dir='ltr'><strong>τὸν</strong></span> 
     </span>
    </p>
   </div>
   <div class='ocr_carea' id='block_1_73' title="bbox 104 3896 1691 3972">
    <p class='ocr_par' dir='ltr' id='par_1_73' title="bbox 104 3896 1691 3972">
     <span class='ocr_line' id='line_1_73' title="bbox 104 3896 1691 3972; baseline -0.014 -13"><span class='ocrx_word' id='word_1_537' title='bbox 104 3905 238 3959; x_wconf 74' lang='grc' dir='ltr'>θεὸν</span> <span class='ocrx_word' id='word_1_538' title='bbox 263 3900 581 3972; x_wconf 81' lang='grc' dir='ltr'>δεξάμενος.</span> <span class='ocrx_word' id='word_1_539' title='bbox 608 3899 750 3953; x_wconf 84' lang='grc' dir='ltr'>κατὰ</span> <span class='ocrx_word' id='word_1_540' title='bbox 770 3897 902 3951; x_wconf 73' lang='grc' dir='ltr'>Θεὸν</span> <span class='ocrx_word' id='word_1_541' title='bbox 930 3896 1245 3968; x_wconf 79' lang='grc' dir='ltr'>ἐγεννήθης.</span> <span class='ocrx_word' id='word_1_542' title='bbox 1282 3897 1513 3962; x_wconf 79' lang='grc' dir='ltr'>Ἔλαδες</span> <span class='ocrx_word' id='word_1_543' title='bbox 1537 3896 1691 3963; x_wconf 81' lang='grc' dir='ltr'><strong>ὲξου-</strong></span> 
     </span>
    </p>
   </div>
   <div class='ocr_carea' id='block_1_74' title="bbox 108 3988 1692 4060">
    <p class='ocr_par' dir='ltr' id='par_1_74' title="bbox 108 3988 1692 4060">
     <span class='ocr_line' id='line_1_74' title="bbox 108 3988 1692 4060; baseline -0.005 -11"><span class='ocrx_word' id='word_1_544' title='bbox 108 3996 229 4049; x_wconf 88' lang='grc' dir='ltr'>σίαν</span> <span class='ocrx_word' id='word_1_545' title='bbox 267 3993 461 4047; x_wconf 89' lang='grc' dir='ltr'>τέκνον</span> <span class='ocrx_word' id='word_1_546' title='bbox 506 3988 643 4043; x_wconf 87' lang='grc' dir='ltr'>Θεοῦ</span> <span class='ocrx_word' id='word_1_547' title='bbox 704 3988 981 4057; x_wconf 86' lang='grc' dir='ltr'>γενέσθαι.</span> <span class='ocrx_word' id='word_1_548' title='bbox 1033 3988 1219 4060; x_wconf 83' lang='grc' dir='ltr'>Δράμε</span> <span class='ocrx_word' id='word_1_549' title='bbox 1282 3989 1417 4060; x_wconf 80' lang='grc' dir='ltr'>πρὸς</span> <span class='ocrx_word' id='word_1_550' title='bbox 1459 3989 1552 4043; x_wconf 82' lang='grc' dir='ltr'>τὸν</span> <span class='ocrx_word' id='word_1_551' title='bbox 1601 3989 1692 4043; x_wconf 81' lang='grc' dir='ltr'><strong>σὺν</strong></span> 
     </span>
    </p>
   </div>
   <div class='ocr_carea' id='block_1_75' title="bbox 105 4079 1691 4158">
    <p class='ocr_par' dir='ltr' id='par_1_75' title="bbox 105 4079 1691 4158">
     <span class='ocr_line' id='line_1_75' title="bbox 105 4079 1691 4158; baseline -0.004 -16"><span class='ocrx_word' id='word_1_552' title='bbox 105 4086 334 4158; x_wconf 86' lang='grc' dir='ltr'>Πατέρα</span> <span class='ocrx_word' id='word_1_553' title='bbox 359 4124 373 4147; x_wconf 89' lang='grc'><strong>,</strong></span> <span class='ocrx_word' id='word_1_554' title='bbox 424 4082 500 4153; x_wconf 80' lang='grc' dir='ltr'>μὴ</span> <span class='ocrx_word' id='word_1_555' title='bbox 533 4079 902 4151; x_wconf 83' lang='grc' dir='ltr'>καταλειφθῇς</span> <span class='ocrx_word' id='word_1_556' title='bbox 934 4080 1087 4151; x_wconf 88' lang='grc' dir='ltr'><strong>παρά</strong></span> <span class='ocrx_word' id='word_1_557' title='bbox 1129 4080 1238 4134; x_wconf 90' lang='grc' dir='ltr'>τῶν</span> <span class='ocrx_word' id='word_1_558' title='bbox 1268 4081 1564 4151; x_wconf 84' lang='grc' dir='ltr'>ὁμηλίκων,</span> <span class='ocrx_word' id='word_1_559' title='bbox 1616 4081 1691 4153; x_wconf 83' lang='grc' dir='ltr'>μὴ</span> 
     </span>
    </p>
   </div>
   <div class='ocr_carea' id='block_1_76' title="bbox 106 4171 1691 4249">
    <p class='ocr_par' dir='ltr' id='par_1_76' title="bbox 106 4171 1691 4249">
     <span class='ocr_line' id='line_1_76' title="bbox 106 4171 1691 4249; baseline -0.003 -18"><span class='ocrx_word' id='word_1_560' title='bbox 106 4178 361 4249; x_wconf 87' lang='grc' dir='ltr'>δεύτερος</span> <span class='ocrx_word' id='word_1_561' title='bbox 396 4176 489 4229; x_wconf 75' lang='grc' dir='ltr'><strong>ἐπὶ</strong></span> <span class='ocrx_word' id='word_1_562' title='bbox 516 4172 608 4227; x_wconf 83' lang='grc' dir='ltr'>τὸν</span> <span class='ocrx_word' id='word_1_563' title='bbox 639 4171 903 4240; x_wconf 88' lang='grc' dir='ltr'>στέφανον</span> <span class='ocrx_word' id='word_1_564' title='bbox 935 4171 1124 4245; x_wconf 73' lang='grc' dir='ltr'>ἔλθῃς,</span> <span class='ocrx_word' id='word_1_565' title='bbox 1155 4173 1231 4245; x_wconf 84' lang='grc' dir='ltr'>μὴ</span> <span class='ocrx_word' id='word_1_566' title='bbox 1258 4173 1422 4243; x_wconf 83' lang='grc' dir='ltr'>ἀτελῆ</span> <span class='ocrx_word' id='word_1_567' title='bbox 1460 4175 1691 4244; x_wconf 75' lang='grc' dir='ltr'>ποιήσῃς</span> 
     </span>
    </p>
   </div>
   <div class='ocr_carea' id='block_1_77' title="bbox 113 4262 1694 4342">
    <p class='ocr_par' dir='ltr' id='par_1_77' title="bbox 113 4262 1694 4342">
     <span class='ocr_line' id='line_1_77' title="bbox 113 4262 1694 4342; baseline -0.006 -19"><span class='ocrx_word' id='word_1_568' title='bbox 113 4268 379 4342; x_wconf 82' lang='grc' dir='ltr'>μητρῴαν</span> <span class='ocrx_word' id='word_1_569' title='bbox 425 4266 591 4336; x_wconf 82' lang='grc' dir='ltr'>εὐχήν</span> <span class='ocrx_word' id='word_1_570' title='bbox 617 4280 631 4294; x_wconf 75' lang='grc' dir='ltr'><strong><em>ο</em></strong></span> <span class='ocrx_word' id='word_1_571' title='bbox 663 4263 724 4316; x_wconf 92' lang='grc' dir='ltr'><strong>ού</strong></span> <span class='ocrx_word' id='word_1_572' title='bbox 762 4262 1025 4333; x_wconf 82' lang='grc' dir='ltr'>λυπήσεις</span> <span class='ocrx_word' id='word_1_573' title='bbox 1074 4263 1319 4335; x_wconf 88' lang='grc' dir='ltr'>μητέρα,</span> <span class='ocrx_word' id='word_1_574' title='bbox 1369 4263 1694 4333; x_wconf 77' lang='grc' dir='ltr'>στεφανίτης</span> 
     </span>
    </p>
   </div>
   <div class='ocr_carea' id='block_1_78' title="bbox 111 4350 1693 4425">
    <p class='ocr_par' dir='ltr' id='par_1_78' title="bbox 111 4350 1693 4425">
     <span class='ocr_line' id='line_1_78' title="bbox 111 4350 1693 4425; baseline -0.002 -16"><span class='ocrx_word' id='word_1_575' title='bbox 111 4357 204 4409; x_wconf 79' lang='grc' dir='ltr'>καὶ</span> <span class='ocrx_word' id='word_1_576' title='bbox 227 4352 458 4425; x_wconf 81' lang='grc' dir='ltr'>νικητὴς</span> <span class='ocrx_word' id='word_1_577' title='bbox 496 4352 591 4405; x_wconf 75' lang='grc' dir='ltr'>καὶ</span> <span class='ocrx_word' id='word_1_578' title='bbox 626 4350 1027 4422; x_wconf 74' lang='grc' dir='ltr'>τροπαιοφόρος</span> <span class='ocrx_word' id='word_1_579' title='bbox 1051 4352 1363 4422; x_wconf 84' lang='grc' dir='ltr'>γενόμενος.</span> <span class='ocrx_word' id='word_1_580' title='bbox 1394 4352 1582 4405; x_wconf 87' lang='grc' dir='ltr'>Ταῦτα</span> <span class='ocrx_word' id='word_1_581' title='bbox 1610 4352 1693 4408; x_wconf 78' lang='grc' dir='ltr'><strong>λι-</strong></span> 
     </span>
    </p>
   </div>
   <div class='ocr_carea' id='block_1_79' title="bbox 112 4444 1693 4517">
    <p class='ocr_par' dir='ltr' id='par_1_79' title="bbox 112 4444 1693 4517">
     <span class='ocr_line' id='line_1_79' title="bbox 112 4444 1693 4517; baseline -0.001 -14"><span class='ocrx_word' id='word_1_582' title='bbox 112 4465 284 4517; x_wconf 88' lang='grc' dir='ltr'>γουσα</span> <span class='ocrx_word' id='word_1_583' title='bbox 302 4488 317 4511; x_wconf 95' lang='grc'><strong>,</strong></span> <span class='ocrx_word' id='word_1_584' title='bbox 351 4447 447 4500; x_wconf 76' lang='grc' dir='ltr'>καὶ</span> <span class='ocrx_word' id='word_1_585' title='bbox 467 4445 606 4517; x_wconf 80' lang='grc' dir='ltr'>ὑπὲρ</span> <span class='ocrx_word' id='word_1_586' title='bbox 631 4444 729 4512; x_wconf 82' lang='grc' dir='ltr'>τήν</span> <span class='ocrx_word' id='word_1_587' title='bbox 757 4444 918 4513; x_wconf 85' lang='grc' dir='ltr'>φύσιν</span> <span class='ocrx_word' id='word_1_588' title='bbox 943 4445 1141 4515; x_wconf 81' lang='grc' dir='ltr'>ἑαυτὴν</span> <span class='ocrx_word' id='word_1_589' title='bbox 1160 4444 1463 4509; x_wconf 88' lang='grc' dir='ltr'>τονώσασα,</span> <span class='ocrx_word' id='word_1_590' title='bbox 1495 4446 1693 4516; x_wconf 72' lang='grc' dir='ltr'>μᾶλλον</span> 
     </span>
    </p>
   </div>
   <div class='ocr_carea' id='block_1_80' title="bbox 111 4535 1693 4609">
    <p class='ocr_par' dir='ltr' id='par_1_80' title="bbox 111 4535 1693 4609">
     <span class='ocr_line' id='line_1_80' title="bbox 111 4535 1693 4609; baseline -0.003 -13"><span class='ocrx_word' id='word_1_591' title='bbox 111 4542 167 4596; x_wconf 72' lang='grc' dir='ltr'>δὲ</span> <span class='ocrx_word' id='word_1_592' title='bbox 197 4539 497 4595; x_wconf 84' lang='grc' dir='ltr'>τονωθεῖσα</span> <span class='ocrx_word' id='word_1_593' title='bbox 520 4537 627 4591; x_wconf 69' lang='grc' dir='ltr'><strong>ὑπὸ</strong></span> <span class='ocrx_word' id='word_1_594' title='bbox 655 4535 750 4589; x_wconf 84' lang='grc' dir='ltr'><strong>τοῦ</strong></span> <span class='ocrx_word' id='word_1_595' title='bbox 783 4535 1120 4607; x_wconf 85' lang='grc' dir='ltr'>Πνεύματος,</span> <span class='ocrx_word' id='word_1_596' title='bbox 1155 4536 1293 4609; x_wconf 82' lang='grc' dir='ltr'>αὑτὴ</span> <span class='ocrx_word' id='word_1_597' title='bbox 1320 4537 1411 4591; x_wconf 79' lang='grc' dir='ltr'><strong>τὸν</strong></span> <span class='ocrx_word' id='word_1_598' title='bbox 1441 4536 1500 4603; x_wconf 77' lang='grc' dir='ltr'>ἐξ</span> <span class='ocrx_word' id='word_1_599' title='bbox 1522 4539 1693 4609; x_wconf 83' lang='grc' dir='ltr'>αὐτῆς</span> 
     </span>
    </p>
   </div>
   <div class='ocr_carea' id='block_1_81' title="bbox 120 4629 1694 4704">
    <p class='ocr_par' dir='ltr' id='par_1_81' title="bbox 120 4629 1694 4704">
     <span class='ocr_line' id='line_1_81' title="bbox 120 4629 1694 4704; baseline -0.002 -17"><span class='ocrx_word' id='word_1_600' title='bbox 120 4633 255 4704; x_wconf 83' lang='grc' dir='ltr'><strong>μετά</strong></span> <span class='ocrx_word' id='word_1_601' title='bbox 284 4631 392 4685; x_wconf 89' lang='grc' dir='ltr'>τῶν</span> <span class='ocrx_word' id='word_1_602' title='bbox 430 4629 633 4684; x_wconf 84' lang='grc' dir='ltr'>λοιπῶν</span> <span class='ocrx_word' id='word_1_603' title='bbox 666 4630 759 4683; x_wconf 77' lang='grc' dir='ltr'><strong>ἐπὶ</strong></span> <span class='ocrx_word' id='word_1_604' title='bbox 798 4633 897 4700; x_wconf 80' lang='grc' dir='ltr'><strong>τήν</strong></span> <span class='ocrx_word' id='word_1_605' title='bbox 936 4629 1153 4700; x_wconf 83' lang='grc' dir='ltr'>ἀπήνην</span> <span class='ocrx_word' id='word_1_606' title='bbox 1189 4629 1442 4693; x_wconf 83' lang='grc' dir='ltr'>ἀπέθετο,</span> <span class='ocrx_word' id='word_1_607' title='bbox 1484 4630 1694 4703; x_wconf 83' lang='grc' dir='ltr'>φαιδρῷ</span> 
     </span>
    </p>
   </div>
   <div class='ocr_carea' id='block_1_82' title="bbox 116 4720 1695 4796">
    <p class='ocr_par' dir='ltr' id='par_1_82' title="bbox 116 4720 1695 4796">
     <span class='ocr_line' id='line_1_82' title="bbox 116 4720 1695 4796; baseline -0.001 -18"><span class='ocrx_word' id='word_1_608' title='bbox 116 4724 192 4796; x_wconf 81' lang='grc' dir='ltr'>τῷ</span> <span class='ocrx_word' id='word_1_609' title='bbox 218 4722 499 4796; x_wconf 86' lang='grc' dir='ltr'>προσώπῳ</span> <span class='ocrx_word' id='word_1_610' title='bbox 521 4722 616 4776; x_wconf 88' lang='grc' dir='ltr'><strong>τοῦ</strong></span> <span class='ocrx_word' id='word_1_611' title='bbox 639 4720 873 4791; x_wconf 81' lang='grc' dir='ltr'>ἀθλητοῦ</span> <span class='ocrx_word' id='word_1_612' title='bbox 894 4721 1380 4793; x_wconf 84' lang='grc' dir='ltr'>προπομπεύουσα.</span> <span class='ocrx_word' id='word_1_613' title='bbox 1410 4724 1489 4776; x_wconf 88' lang='grc' dir='ltr'><strong>Τά</strong></span> <span class='ocrx_word' id='word_1_614' title='bbox 1514 4722 1571 4776; x_wconf 87' lang='grc' dir='ltr'>δὲ</span> <span class='ocrx_word' id='word_1_615' title='bbox 1601 4724 1695 4777; x_wconf 74' lang='grc' dir='ltr'><strong>ὲπὶ</strong></span> 
     </span>
    </p>
   </div>
   <div class='ocr_carea' id='block_1_83' title="bbox 117 4812 1697 4887">
    <p class='ocr_par' dir='ltr' id='par_1_83' title="bbox 117 4812 1697 4887">
     <span class='ocr_line' id='line_1_83' title="bbox 117 4812 1697 4887; baseline -0.002 -16"><span class='ocrx_word' id='word_1_616' title='bbox 117 4817 327 4880; x_wconf 76' lang='grc' dir='ltr'>τούτοις</span> <span class='ocrx_word' id='word_1_617' title='bbox 358 4812 486 4881; x_wconf 60' lang='lat' dir='ltr'><strong>cia;</strong></span> <span class='ocrx_word' id='word_1_618' title='bbox 530 4814 866 4885; x_wconf 86' lang='grc' dir='ltr'>Ἐνήθλησαν</span> <span class='ocrx_word' id='word_1_619' title='bbox 892 4814 968 4884; x_wconf 81' lang='grc' dir='ltr'>τῷ</span> <span class='ocrx_word' id='word_1_620' title='bbox 1002 4815 1124 4886; x_wconf 80' lang='grc' dir='ltr'>ἀέρι</span> <span class='ocrx_word' id='word_1_621' title='bbox 1162 4816 1212 4868; x_wconf 82' lang='grc' dir='ltr'>οἱ</span> <span class='ocrx_word' id='word_1_622' title='bbox 1247 4815 1393 4883; x_wconf 84' lang='grc' dir='ltr'>ἆγιοι</span> <span class='ocrx_word' id='word_1_623' title='bbox 1417 4857 1432 4881; x_wconf 89' lang='grc'><strong>,</strong></span> <span class='ocrx_word' id='word_1_624' title='bbox 1461 4817 1697 4887; x_wconf 80' lang='grc' dir='ltr'>ήγῑασαν</span> 
     </span>
    </p>
   </div>
   <div class='ocr_carea' id='block_1_84' title="bbox 120 4906 1699 4980">
    <p class='ocr_par' dir='ltr' id='par_1_84' title="bbox 120 4906 1699 4980">
     <span class='ocr_line' id='line_1_84' title="bbox 120 4906 1699 4980; baseline -0.011 -15"><span class='ocrx_word' id='word_1_625' title='bbox 120 4911 298 4965; x_wconf 79' lang='grc' dir='ltr'>καὶτὸ</span> <span class='ocrx_word' id='word_1_626' title='bbox 328 4908 439 4980; x_wconf 89' lang='grc' dir='ltr'><strong>πῦρ</strong></span> <span class='ocrx_word' id='word_1_627' title='bbox 460 4910 525 4979; x_wconf 78' lang='grc' dir='ltr'><strong>τῇ</strong></span> <span class='ocrx_word' id='word_1_628' title='bbox 562 4906 770 4961; x_wconf 78' lang='grc' dir='ltr'>ἑαυτῶν</span> <span class='ocrx_word' id='word_1_629' title='bbox 794 4906 1099 4979; x_wconf 82' lang='grc' dir='ltr'>προσθήκῃ,</span> <span class='ocrx_word' id='word_1_630' title='bbox 1136 4906 1233 4977; x_wconf 77' lang='grc' dir='ltr'>ὕλη</span> <span class='ocrx_word' id='word_1_631' title='bbox 1261 4910 1328 4977; x_wconf 78' lang='grc' dir='ltr'><strong>τῇ</strong></span> <span class='ocrx_word' id='word_1_632' title='bbox 1362 4908 1519 4977; x_wconf 78' lang='grc' dir='ltr'>φλογὶ</span> <span class='ocrx_word' id='word_1_633' title='bbox 1546 4912 1699 4977; x_wconf 73' lang='grc' dir='ltr'>γενσ-</span> 
     </span>
    </p>
   </div>
   <div class='ocr_carea' id='block_1_85' title="bbox 125 4998 1699 5072">
    <p class='ocr_par' dir='ltr' id='par_1_85' title="bbox 125 4998 1699 5072">
     <span class='ocr_line' id='line_1_85' title="bbox 125 4998 1699 5072; baseline -0.001 -16"><span class='ocrx_word' id='word_1_634' title='bbox 125 5020 295 5072; x_wconf 86' lang='grc' dir='ltr'>μενοι.</span> <span class='ocrx_word' id='word_1_635' title='bbox 337 5002 616 5068; x_wconf 80' lang='grc' dir='ltr'>Ἢνεγκαν</span> <span class='ocrx_word' id='word_1_636' title='bbox 648 4999 743 5051; x_wconf 81' lang='grc' dir='ltr'><strong>καὶ</strong></span> <span class='ocrx_word' id='word_1_637' title='bbox 775 4998 866 5050; x_wconf 76' lang='grc' dir='ltr'><strong>ἐπὶ</strong></span> <span class='ocrx_word' id='word_1_638' title='bbox 898 4999 959 5051; x_wconf 81' lang='grc' dir='ltr'>τὸ</span> <span class='ocrx_word' id='word_1_639' title='bbox 991 4998 1135 5069; x_wconf 74' lang='grc' dir='ltr'>ὕδωρ</span> <span class='ocrx_word' id='word_1_640' title='bbox 1170 4998 1270 5070; x_wconf 85' lang='grc' dir='ltr'>τήν</span> <span class='ocrx_word' id='word_1_641' title='bbox 1303 4999 1572 5069; x_wconf 71' lang='grc' dir='ltr'>εὐλογίαν.</span> <span class='ocrx_word' id='word_1_642' title='bbox 1601 5000 1699 5054; x_wconf 85' lang='grc' dir='ltr'><strong>Διὰ</strong></span> 
     </span>
    </p>
   </div>
   <div class='ocr_carea' id='block_1_86' title="bbox 122 5088 1699 5160">
    <p class='ocr_par' dir='ltr' id='par_1_86' title="bbox 122 5088 1699 5160">
     <span class='ocr_line' id='line_1_86' title="bbox 122 5088 1699 5160; baseline -0.001 -16"><span class='ocrx_word' id='word_1_643' title='bbox 122 5094 340 5146; x_wconf 82' lang='grc' dir='ltr'>πάντων</span> <span class='ocrx_word' id='word_1_644' title='bbox 374 5088 678 5160; x_wconf 72' lang='grc' dir='ltr'>ἐπληροῦτο</span> <span class='ocrx_word' id='word_1_645' title='bbox 729 5090 797 5143; x_wconf 78' lang='grc' dir='ltr'>τὰ</span> <span class='ocrx_word' id='word_1_646' title='bbox 842 5088 960 5143; x_wconf 88' lang='grc' dir='ltr'>θεῖα</span> <span class='ocrx_word' id='word_1_647' title='bbox 1009 5089 1181 5159; x_wconf 84' lang='grc' dir='ltr'>λόγια.</span> <span class='ocrx_word' id='word_1_648' title='bbox 1221 5091 1282 5144; x_wconf 82' lang='grc' dir='ltr'><strong>Οἱ</strong></span> <span class='ocrx_word' id='word_1_649' title='bbox 1320 5094 1468 5159; x_wconf 79' lang='grc' dir='ltr'>τρεῖς</span> <span class='ocrx_word' id='word_1_650' title='bbox 1511 5092 1699 5155; x_wconf 88' lang='grc' dir='ltr'>παῖδες</span> 
     </span>
    </p>
   </div>
   <div class='ocr_carea' id='block_1_87' title="bbox 126 5179 1698 5255">
    <p class='ocr_par' dir='ltr' id='par_1_87' title="bbox 126 5179 1698 5255">
     <span class='ocr_line' id='line_1_87' title="bbox 126 5179 1698 5255; baseline -0.001 -19"><span class='ocrx_word' id='word_1_651' title='bbox 126 5179 761 5255; x_wconf 79' lang='grc' dir='ltr'>συμπαραλαμϐάνουσιν</span> <span class='ocrx_word' id='word_1_652' title='bbox 794 5181 875 5244; x_wconf 84' lang='grc' dir='ltr'><strong>είς</strong></span> <span class='ocrx_word' id='word_1_653' title='bbox 898 5180 997 5251; x_wconf 76' lang='grc' dir='ltr'>τήν</span> <span class='ocrx_word' id='word_1_654' title='bbox 1024 5181 1210 5252; x_wconf 71' lang='grc' dir='ltr'>κοινήν</span> <span class='ocrx_word' id='word_1_655' title='bbox 1247 5180 1572 5252; x_wconf 88' lang='grc' dir='ltr'>ύμνολογίαν</span> <span class='ocrx_word' id='word_1_656' title='bbox 1592 5180 1698 5251; x_wconf 75' lang='grc' dir='ltr'>ψύ-</span> 
     </span>
    </p>
   </div>
   <div class='ocr_carea' id='block_1_88' title="bbox 125 5267 1699 5345">
    <p class='ocr_par' dir='ltr' id='par_1_88' title="bbox 125 5267 1699 5345">
     <span class='ocr_line' id='line_1_88' title="bbox 125 5267 1699 5345; baseline -0.002 -18"><span class='ocrx_word' id='word_1_657' title='bbox 125 5290 216 5345; x_wconf 79' lang='grc' dir='ltr'><strong>χος</strong></span> <span class='ocrx_word' id='word_1_658' title='bbox 242 5274 337 5327; x_wconf 76' lang='grc' dir='ltr'>καὶ</span> <span class='ocrx_word' id='word_1_659' title='bbox 358 5270 546 5341; x_wconf 88' lang='grc' dir='ltr'>καῦμα</span> <span class='ocrx_word' id='word_1_660' title='bbox 567 5284 580 5299; x_wconf 75' lang='grc'><strong><em>⁸</em></strong></span> <span class='ocrx_word' id='word_1_661' title='bbox 604 5269 666 5323; x_wconf 80' lang='grc' dir='ltr'>τὸ</span> <span class='ocrx_word' id='word_1_662' title='bbox 686 5270 875 5340; x_wconf 79' lang='grc' dir='ltr'>ψύχος.</span> <span class='ocrx_word' id='word_1_663' title='bbox 901 5270 985 5324; x_wconf 77' lang='grc' dir='ltr'>διὰ</span> <span class='ocrx_word' id='word_1_664' title='bbox 1015 5270 1113 5340; x_wconf 84' lang='grc' dir='ltr'><strong>τῆς</strong></span> <span class='ocrx_word' id='word_1_665' title='bbox 1134 5267 1350 5341; x_wconf 79' lang='grc' dir='ltr'>πήξεως</span> <span class='ocrx_word' id='word_1_666' title='bbox 1366 5287 1380 5301; x_wconf 86' lang='grc'><strong>·</strong></span> <span class='ocrx_word' id='word_1_667' title='bbox 1407 5270 1467 5323; x_wconf 82' lang='grc' dir='ltr'>τὸ</span> <span class='ocrx_word' id='word_1_668' title='bbox 1487 5270 1699 5342; x_wconf 87' lang='grc' dir='ltr'>καῦμα,</span> 
     </span>
    </p>
   </div>
   <div class='ocr_carea' id='block_1_89' title="bbox 126 5355 1698 5434">
    <p class='ocr_par' dir='ltr' id='par_1_89' title="bbox 126 5355 1698 5434">
     <span class='ocr_line' id='line_1_89' title="bbox 126 5355 1698 5434; baseline 0 -19"><span class='ocrx_word' id='word_1_669' title='bbox 126 5363 214 5417; x_wconf 88' lang='grc' dir='ltr'><strong>διά</strong></span> <span class='ocrx_word' id='word_1_670' title='bbox 238 5364 338 5434; x_wconf 81' lang='grc' dir='ltr'><strong>τῆς</strong></span> <span class='ocrx_word' id='word_1_671' title='bbox 363 5360 611 5424; x_wconf 88' lang='grc' dir='ltr'>καύσεως</span> <span class='ocrx_word' id='word_1_672' title='bbox 631 5376 645 5391; x_wconf 76' lang='grc' dir='ltr'><strong><em>ο</em></strong></span> <span class='ocrx_word' id='word_1_673' title='bbox 674 5355 807 5414; x_wconf 85' lang='grc' dir='ltr'>Εῐτα</span> <span class='ocrx_word' id='word_1_674' title='bbox 833 5359 1045 5431; x_wconf 86' lang='grc' dir='ltr'>διῆλθον</span> <span class='ocrx_word' id='word_1_675' title='bbox 1069 5359 1157 5414; x_wconf 86' lang='grc' dir='ltr'><strong>διά</strong></span> <span class='ocrx_word' id='word_1_676' title='bbox 1176 5359 1345 5431; x_wconf 85' lang='grc' dir='ltr'>πυρὸς</span> <span class='ocrx_word' id='word_1_677' title='bbox 1366 5360 1461 5413; x_wconf 81' lang='grc' dir='ltr'>καὶ</span> <span class='ocrx_word' id='word_1_678' title='bbox 1488 5360 1698 5426; x_wconf 77' lang='grc' dir='ltr'>ὓδατος.</span> 
     </span>
    </p>
   </div>
   <div class='ocr_carea' id='block_1_90' title="bbox 139 5447 1702 5523">
    <p class='ocr_par' dir='ltr' id='par_1_90' title="bbox 139 5447 1702 5523">
     <span class='ocr_line' id='line_1_90' title="bbox 139 5447 1702 5523; baseline 0.001 -20"><span class='ocrx_word' id='word_1_679' title='bbox 139 5450 277 5503; x_wconf 76' lang='grc' dir='ltr'>Ἀλλ’</span> <span class='ocrx_word' id='word_1_680' title='bbox 320 5449 577 5519; x_wconf 77' lang='grc' dir='ltr'>ἐπιθυμεῖ</span> <span class='ocrx_word' id='word_1_681' title='bbox 606 5447 779 5503; x_wconf 87' lang='grc' dir='ltr'>ταῦτα</span> <span class='ocrx_word' id='word_1_682' title='bbox 806 5447 882 5512; x_wconf 83' lang='grc' dir='ltr'><strong>ὡς</strong></span> <span class='ocrx_word' id='word_1_683' title='bbox 910 5450 1231 5519; x_wconf 64' lang='grc' dir='ltr'>ἐγνωσμένα</span> <span class='ocrx_word' id='word_1_684' title='bbox 1260 5450 1638 5523; x_wconf 81' lang='grc' dir='ltr'>παραδραμεῖν</span> <span class='ocrx_word' id='word_1_685' title='bbox 1672 5452 1702 5505; x_wconf 82' lang='grc' dir='ltr'><strong>ό</strong></span> 
     </span>
    </p>
   </div>
   <div class='ocr_carea' id='block_1_91' title="bbox 128 5537 1702 5613">
    <p class='ocr_par' dir='ltr' id='par_1_91' title="bbox 128 5537 1702 5613">
     <span class='ocr_line' id='line_1_91' title="bbox 128 5537 1702 5613; baseline -0.003 -17"><span class='ocrx_word' id='word_1_686' title='bbox 128 5540 302 5612; x_wconf 83' lang='grc' dir='ltr'>λόγος,</span> <span class='ocrx_word' id='word_1_687' title='bbox 324 5541 419 5595; x_wconf 79' lang='grc' dir='ltr'>καὶ</span> <span class='ocrx_word' id='word_1_688' title='bbox 438 5539 565 5611; x_wconf 86' lang='grc' dir='ltr'>περί</span> <span class='ocrx_word' id='word_1_689' title='bbox 584 5556 728 5605; x_wconf 89' lang='grc' dir='ltr'>τινος</span> <span class='ocrx_word' id='word_1_690' title='bbox 741 5538 850 5595; x_wconf 89' lang='grc' dir='ltr'>τῶν</span> <span class='ocrx_word' id='word_1_691' title='bbox 870 5537 1060 5613; x_wconf 83' lang='grc' dir='ltr'>πρώην</span> <span class='ocrx_word' id='word_1_692' title='bbox 1076 5538 1419 5612; x_wconf 78' lang='grc' dir='ltr'>ζητουμένων</span> <span class='ocrx_word' id='word_1_693' title='bbox 1445 5541 1502 5593; x_wconf 84' lang='grc' dir='ltr'>ὲν</span> <span class='ocrx_word' id='word_1_694' title='bbox 1525 5538 1702 5611; x_wconf 80' lang='grc' dir='ltr'>καιρῷ</span> 
     </span>
    </p>
   </div>
   <div class='ocr_carea' id='block_1_92' title="bbox 204 5720 653 5789">
    <p class='ocr_par' dir='ltr' id='par_1_92' title="bbox 204 5720 653 5789">
     <span class='ocr_line' id='line_1_92' title="bbox 204 5720 653 5789; baseline -0.004 -11"><span class='ocrx_word' id='word_1_695' title='bbox 204 5723 249 5756; x_wconf 84' lang='grc'><strong>¹³</strong></span> <span class='ocrx_word' id='word_1_696' title='bbox 275 5724 292 5778; x_wconf 91' lang='grc' dir='ltr'><strong>ι</strong></span> <span class='ocrx_word' id='word_1_697' title='bbox 318 5722 461 5779; x_wconf 85' lang='lat' dir='ltr'><strong>Tim.</strong></span> <span class='ocrx_word' id='word_1_698' title='bbox 479 5737 540 5789; x_wconf 86' lang='grc' dir='ltr'><strong>ιι,</strong></span> <span class='ocrx_word' id='word_1_699' title='bbox 564 5720 653 5777; x_wconf 77' lang='grc'><strong>15.</strong></span> 
     </span>
    </p>
   </div>
   <div class='ocr_carea' id='block_1_93' title="bbox 1792 3437 3379 3515">
    <p class='ocr_par' dir='ltr' id='par_1_93' title="bbox 1792 3437 3379 3515">
     <span class='ocr_line' id='line_1_93' title="bbox 1792 3437 3379 3515; baseline 0.012 -24"><span class='ocrx_word' id='word_1_700' title='bbox 1792 3437 2018 3507; x_wconf 66' lang='lat' dir='ltr'><strong>optima:</strong></span> <span class='ocrx_word' id='word_1_701' title='bbox 2043 3437 2215 3508; x_wconf 87' lang='lat' dir='ltr'><strong>prolis</strong></span> <span class='ocrx_word' id='word_1_702' title='bbox 2251 3446 2505 3502; x_wconf 80' lang='lat' dir='ltr'><strong>matrem,</strong></span> <span class='ocrx_word' id='word_1_703' title='bbox 2533 3456 2655 3510; x_wconf 67' lang='lat' dir='ltr'><strong>qua:</strong></span> <span class='ocrx_word' id='word_1_704' title='bbox 2683 3457 2778 3511; x_wconf 87' lang='lat' dir='ltr'><strong>per</strong></span> <span class='ocrx_word' id='word_1_705' title='bbox 2810 3443 2903 3498; x_wconf 84' lang='lat' dir='ltr'><strong>ﬁlii</strong></span> <span class='ocrx_word' id='word_1_706' title='bbox 2945 3454 3379 3515; x_wconf 84' lang='lat' dir='ltr'><strong>procreationem</strong></span> 
     </span>
    </p>
   </div>
   <div class='ocr_carea' id='block_1_94' title="bbox 1794 3529 3379 3603">
    <p class='ocr_par' dir='ltr' id='par_1_94' title="bbox 1794 3529 3379 3603">
     <span class='ocr_line' id='line_1_94' title="bbox 1794 3529 3379 3603; baseline 0.011 -22"><span class='ocrx_word' id='word_1_707' title='bbox 1794 3536 2077 3591; x_wconf 87' lang='lat' dir='ltr'><strong>servatur,</strong></span> <span class='ocrx_word' id='word_1_708' title='bbox 2130 3539 2188 3583; x_wconf 93' lang='lat' dir='ltr'><strong>ut</strong></span> <span class='ocrx_word' id='word_1_709' title='bbox 2254 3529 2435 3599; x_wconf 88' lang='lat' dir='ltr'><strong>inquit</strong></span> <span class='ocrx_word' id='word_1_710' title='bbox 2488 3531 2873 3602; x_wconf 80' lang='lat' dir='ltr'><strong>Apostolus&quot;.</strong></span> <span class='ocrx_word' id='word_1_711' title='bbox 2910 3538 3180 3603; x_wconf 80' lang='lat' dir='ltr'><strong>Quoniam</strong></span> <span class='ocrx_word' id='word_1_712' title='bbox 3231 3544 3379 3599; x_wconf 88' lang='lat' dir='ltr'><strong>enim</strong></span> 
     </span>
    </p>
   </div>
   <div class='ocr_carea' id='block_1_95' title="bbox 1794 3619 3379 3694">
    <p class='ocr_par' dir='ltr' id='par_1_95' title="bbox 1794 3619 3379 3694">
     <span class='ocr_line' id='line_1_95' title="bbox 1794 3619 3379 3694; baseline 0.011 -23"><span class='ocrx_word' id='word_1_713' title='bbox 1794 3619 1955 3673; x_wconf 89' lang='lat' dir='ltr'><strong>talem</strong></span> <span class='ocrx_word' id='word_1_714' title='bbox 1996 3619 2106 3675; x_wconf 87' lang='lat' dir='ltr'><strong>Deo</strong></span> <span class='ocrx_word' id='word_1_715' title='bbox 2147 3620 2383 3675; x_wconf 90' lang='lat' dir='ltr'><strong>fructum</strong></span> <span class='ocrx_word' id='word_1_716' title='bbox 2420 3623 2719 3694; x_wconf 76' lang='lat' dir='ltr'><strong>produxit,</strong></span> <span class='ocrx_word' id='word_1_717' title='bbox 2770 3641 3114 3685; x_wconf 89' lang='lat' dir='ltr'><strong>communem</strong></span> <span class='ocrx_word' id='word_1_718' title='bbox 3163 3631 3379 3691; x_wconf 82' lang='lat' dir='ltr'><strong>feminei</strong></span> 
     </span>
    </p>
   </div>
   <div class='ocr_carea' id='block_1_96' title="bbox 1793 3709 3380 3790">
    <p class='ocr_par' dir='ltr' id='par_1_96' title="bbox 1793 3709 3380 3790">
     <span class='ocr_line' id='line_1_96' title="bbox 1793 3709 3380 3790; baseline 0.013 -32"><span class='ocrx_word' id='word_1_719' title='bbox 1793 3720 1960 3761; x_wconf 79' lang='lat' dir='ltr'><strong>sexus</strong></span> <span class='ocrx_word' id='word_1_720' title='bbox 1992 3722 2217 3763; x_wconf 90' lang='lat' dir='ltr'><strong>causam</strong></span> <span class='ocrx_word' id='word_1_721' title='bbox 2250 3709 2515 3767; x_wconf 89' lang='lat' dir='ltr'><strong>defendit.</strong></span> <span class='ocrx_word' id='word_1_722' title='bbox 2561 3711 2679 3767; x_wconf 82' lang='lat' dir='ltr'><strong>Non</strong></span> <span class='ocrx_word' id='word_1_723' title='bbox 2740 3730 2930 3783; x_wconf 86' lang='lat' dir='ltr'><strong>meus,</strong></span> <span class='ocrx_word' id='word_1_724' title='bbox 2983 3718 3196 3790; x_wconf 88' lang='lat' dir='ltr'><strong>inquit,</strong></span> <span class='ocrx_word' id='word_1_725' title='bbox 3236 3724 3380 3780; x_wconf 82' lang='lat' dir='ltr'><strong>ﬁlius</strong></span> 
     </span>
    </p>
   </div>
   <div class='ocr_carea' id='block_1_97' title="bbox 1791 3802 3376 3881">
    <p class='ocr_par' dir='ltr' id='par_1_97' title="bbox 1791 3802 3376 3881">
     <span class='ocr_line' id='line_1_97' title="bbox 1791 3802 3376 3881; baseline 0.013 -31"><span class='ocrx_word' id='word_1_726' title='bbox 1791 3811 1853 3851; x_wconf 90' lang='lat' dir='ltr'><strong>es</strong></span> <span class='ocrx_word' id='word_1_727' title='bbox 1902 3804 1961 3851; x_wconf 88' lang='lat' dir='ltr'><strong>tu</strong></span> <span class='ocrx_word' id='word_1_728' title='bbox 2008 3815 2159 3854; x_wconf 89' lang='lat' dir='ltr'><strong>:non</strong></span> <span class='ocrx_word' id='word_1_729' title='bbox 2220 3802 2323 3856; x_wconf 90' lang='lat' dir='ltr'><strong>mei</strong></span> <span class='ocrx_word' id='word_1_730' title='bbox 2364 3811 2555 3871; x_wconf 89' lang='lat' dir='ltr'><strong>partus</strong></span> <span class='ocrx_word' id='word_1_731' title='bbox 2586 3819 2849 3874; x_wconf 85' lang='lat' dir='ltr'><strong>germen:</strong></span> <span class='ocrx_word' id='word_1_732' title='bbox 2895 3812 3154 3881; x_wconf 87' lang='lat' dir='ltr'><strong>quoniam</strong></span> <span class='ocrx_word' id='word_1_733' title='bbox 3206 3813 3376 3870; x_wconf 88' lang='lat' dir='ltr'><strong>Deum</strong></span> 
     </span>
    </p>
   </div>
   <div class='ocr_carea' id='block_1_98' title="bbox 1794 3890 3378 3978">
    <p class='ocr_par' dir='ltr' id='par_1_98' title="bbox 1794 3890 3378 3978">
     <span class='ocr_line' id='line_1_98' title="bbox 1794 3890 3378 3978; baseline 0.013 -34"><span class='ocrx_word' id='word_1_734' title='bbox 1794 3890 2083 3960; x_wconf 86' lang='lat' dir='ltr'><strong>recepisti,</strong></span> <span class='ocrx_word' id='word_1_735' title='bbox 2115 3892 2419 3950; x_wconf 88' lang='lat' dir='ltr'><strong>secundum</strong></span> <span class='ocrx_word' id='word_1_736' title='bbox 2455 3892 2624 3952; x_wconf 89' lang='lat' dir='ltr'><strong>Detun</strong></span> <span class='ocrx_word' id='word_1_737' title='bbox 2656 3906 2820 3955; x_wconf 87' lang='lat' dir='ltr'><strong>natus</strong></span> <span class='ocrx_word' id='word_1_738' title='bbox 2853 3906 2936 3957; x_wconf 86' lang='lat' dir='ltr'><strong>es.‘</strong></span> <span class='ocrx_word' id='word_1_739' title='bbox 2970 3898 3246 3975; x_wconf 72' lang='lat' dir='ltr'><strong>&#39;Accepisti</strong></span> <span class='ocrx_word' id='word_1_740' title='bbox 3277 3923 3378 3978; x_wconf 84' lang='lat' dir='ltr'><strong>po-</strong></span> 
     </span>
    </p>
   </div>
   <div class='ocr_carea' id='block_1_99' title="bbox 1792 3984 3376 4069">
    <p class='ocr_par' dir='ltr' id='par_1_99' title="bbox 1792 3984 3376 4069">
     <span class='ocr_line' id='line_1_99' title="bbox 1792 3984 3376 4069; baseline 0.014 -35"><span class='ocrx_word' id='word_1_741' title='bbox 1792 3988 2046 4037; x_wconf 89' lang='lat' dir='ltr'><strong>testatem</strong></span> <span class='ocrx_word' id='word_1_742' title='bbox 2078 3990 2139 4038; x_wconf 90' lang='lat' dir='ltr'><strong>ut</strong></span> <span class='ocrx_word' id='word_1_743' title='bbox 2166 3984 2314 4040; x_wconf 80' lang='lat' dir='ltr'><strong>ﬁlius</strong></span> <span class='ocrx_word' id='word_1_744' title='bbox 2339 3984 2433 4040; x_wconf 88' lang='lat' dir='ltr'><strong>Dei</strong></span> <span class='ocrx_word' id='word_1_745' title='bbox 2467 3987 2586 4042; x_wconf 83' lang='lat' dir='ltr'><strong>fias.</strong></span> <span class='ocrx_word' id='word_1_746' title='bbox 2627 3988 2799 4046; x_wconf 89' lang='lat' dir='ltr'><strong>Curre</strong></span> <span class='ocrx_word' id='word_1_747' title='bbox 2825 3992 2892 4047; x_wconf 90' lang='lat' dir='ltr'><strong>ad</strong></span> <span class='ocrx_word' id='word_1_748' title='bbox 2934 3993 3150 4051; x_wconf 87' lang='lat' dir='ltr'><strong>Patrem</strong></span> <span class='ocrx_word' id='word_1_749' title='bbox 3198 4008 3376 4069; x_wconf 88' lang='lat' dir='ltr'><strong>tuum,</strong></span> 
     </span>
    </p>
   </div>
   <div class='ocr_carea' id='block_1_100' title="bbox 1794 4073 3377 4145">
    <p class='ocr_par' dir='ltr' id='par_1_100' title="bbox 1794 4073 3377 4145">
     <span class='ocr_line' id='line_1_100' title="bbox 1794 4073 3377 4145; baseline 0.013 -20"><span class='ocrx_word' id='word_1_750' title='bbox 1794 4086 1864 4125; x_wconf 90' lang='lat' dir='ltr'><strong>ne</strong></span> <span class='ocrx_word' id='word_1_751' title='bbox 1908 4073 2240 4144; x_wconf 87' lang='lat' dir='ltr'><strong>relinquaris</strong></span> <span class='ocrx_word' id='word_1_752' title='bbox 2269 4075 2336 4129; x_wconf 91' lang='lat' dir='ltr'><strong>ab</strong></span> <span class='ocrx_word' id='word_1_753' title='bbox 2365 4076 2475 4131; x_wconf 92' lang='lat' dir='ltr'><strong>tuis</strong></span> <span class='ocrx_word' id='word_1_754' title='bbox 2508 4079 2737 4145; x_wconf 75' lang='lat' dir='ltr'><strong>cozevis,</strong></span> <span class='ocrx_word' id='word_1_755' title='bbox 2767 4098 2835 4137; x_wconf 91' lang='lat' dir='ltr'><strong>ne</strong></span> <span class='ocrx_word' id='word_1_756' title='bbox 2874 4086 3149 4143; x_wconf 80' lang='lat' dir='ltr'><strong>secundus</strong></span> <span class='ocrx_word' id='word_1_757' title='bbox 3188 4089 3255 4143; x_wconf 88' lang='lat' dir='ltr'><strong>ad</strong></span> <span class='ocrx_word' id='word_1_758' title='bbox 3287 4106 3377 4145; x_wconf 77' lang='lat' dir='ltr'><strong>co-</strong></span> 
     </span>
    </p>
   </div>
   <div class='ocr_carea' id='block_1_101' title="bbox 1794 4164 3375 4248">
    <p class='ocr_par' dir='ltr' id='par_1_101' title="bbox 1794 4164 3375 4248">
     <span class='ocr_line' id='line_1_101' title="bbox 1794 4164 3375 4248; baseline 0.013 -33"><span class='ocrx_word' id='word_1_759' title='bbox 1794 4176 1980 4216; x_wconf 89' lang='lat' dir='ltr'><strong>ronam</strong></span> <span class='ocrx_word' id='word_1_760' title='bbox 2014 4164 2222 4230; x_wconf 88' lang='lat' dir='ltr'><strong>venias,</strong></span> <span class='ocrx_word' id='word_1_761' title='bbox 2253 4180 2323 4221; x_wconf 91' lang='lat' dir='ltr'><strong>ne</strong></span> <span class='ocrx_word' id='word_1_762' title='bbox 2356 4165 2571 4219; x_wconf 87' lang='lat' dir='ltr'><strong>irritutn</strong></span> <span class='ocrx_word' id='word_1_763' title='bbox 2613 4167 2782 4225; x_wconf 79' lang='lat' dir='ltr'><strong>facias</strong></span> <span class='ocrx_word' id='word_1_764' title='bbox 2816 4180 3001 4228; x_wconf 92' lang='lat' dir='ltr'><strong>votum</strong></span> <span class='ocrx_word' id='word_1_765' title='bbox 3032 4185 3375 4248; x_wconf 89' lang='lat' dir='ltr'><strong>maternum;</strong></span> 
     </span>
    </p>
   </div>
   <div class='ocr_carea' id='block_1_102' title="bbox 1792 4254 3377 4333">
    <p class='ocr_par' dir='ltr' id='par_1_102' title="bbox 1792 4254 3377 4333">
     <span class='ocr_line' id='line_1_102' title="bbox 1792 4254 3377 4333; baseline 0.011 -24"><span class='ocrx_word' id='word_1_766' title='bbox 1792 4269 1902 4309; x_wconf 91' lang='lat' dir='ltr'><strong>non</strong></span> <span class='ocrx_word' id='word_1_767' title='bbox 1938 4254 2199 4322; x_wconf 78' lang='lat' dir='ltr'><strong>oﬂendes,</strong></span> <span class='ocrx_word' id='word_1_768' title='bbox 2239 4273 2349 4313; x_wconf 88' lang='lat' dir='ltr'><strong>non</strong></span> <span class='ocrx_word' id='word_1_769' title='bbox 2376 4257 2624 4314; x_wconf 89' lang='lat' dir='ltr'><strong>molestia</strong></span> <span class='ocrx_word' id='word_1_770' title='bbox 2666 4260 2867 4319; x_wconf 69' lang='lat' dir='ltr'><strong>adicies</strong></span> <span class='ocrx_word' id='word_1_771' title='bbox 2903 4275 3160 4333; x_wconf 86' lang='lat' dir='ltr'><strong>matrem,</strong></span> <span class='ocrx_word' id='word_1_772' title='bbox 3214 4272 3261 4325; x_wconf 84' lang='lat' dir='ltr'><strong>si</strong></span> <span class='ocrx_word' id='word_1_773' title='bbox 3294 4275 3377 4326; x_wconf 87' lang='lat' dir='ltr'><strong>vi-</strong></span> 
     </span>
    </p>
   </div>
   <div class='ocr_carea' id='block_1_103' title="bbox 1793 4352 3377 4428">
    <p class='ocr_par' dir='ltr' id='par_1_103' title="bbox 1793 4352 3377 4428">
     <span class='ocr_line' id='line_1_103' title="bbox 1793 4352 3377 4428; baseline 0.011 -27"><span class='ocrx_word' id='word_1_774' title='bbox 1793 4354 1914 4401; x_wconf 91' lang='lat' dir='ltr'><strong>ctor</strong></span> <span class='ocrx_word' id='word_1_775' title='bbox 1949 4360 2268 4411; x_wconf 85' lang='lat' dir='ltr'><strong>coronatus.</strong></span> <span class='ocrx_word' id='word_1_776' title='bbox 2305 4352 2352 4406; x_wconf 87' lang='lat' dir='ltr'><strong>si</strong></span> <span class='ocrx_word' id='word_1_777' title='bbox 2405 4353 2583 4408; x_wconf 88' lang='lat' dir='ltr'><strong>victor</strong></span> <span class='ocrx_word' id='word_1_778' title='bbox 2617 4360 2673 4409; x_wconf 91' lang='lat' dir='ltr'><strong>et</strong></span> <span class='ocrx_word' id='word_1_779' title='bbox 2712 4355 3078 4428; x_wconf 86' lang='lat' dir='ltr'><strong>triumphator</strong></span> <span class='ocrx_word' id='word_1_780' title='bbox 3113 4366 3377 4419; x_wconf 86' lang='lat' dir='ltr'><strong>evaseris.</strong></span> 
     </span>
    </p>
   </div>
   <div class='ocr_carea' id='block_1_104' title="bbox 1795 4438 3378 4520">
    <p class='ocr_par' dir='ltr' id='par_1_104' title="bbox 1795 4438 3378 4520">
     <span class='ocr_line' id='line_1_104' title="bbox 1795 4438 3378 4520; baseline 0.011 -27"><span class='ocrx_word' id='word_1_781' title='bbox 1795 4438 1919 4495; x_wconf 67' lang='lat' dir='ltr'><strong>Haec</strong></span> <span class='ocrx_word' id='word_1_782' title='bbox 1959 4438 2149 4497; x_wconf 88' lang='lat' dir='ltr'><strong>dicens</strong></span> <span class='ocrx_word' id='word_1_783' title='bbox 2195 4452 2250 4497; x_wconf 90' lang='lat' dir='ltr'><strong>et</strong></span> <span class='ocrx_word' id='word_1_784' title='bbox 2294 4444 2439 4499; x_wconf 86' lang='lat' dir='ltr'><strong>ultra</strong></span> <span class='ocrx_word' id='word_1_785' title='bbox 2468 4445 2708 4520; x_wconf 78' lang='lat' dir='ltr'><strong>(sexus)</strong></span> <span class='ocrx_word' id='word_1_786' title='bbox 2744 4456 2995 4505; x_wconf 85' lang='lat' dir='ltr'><strong>naturam</strong></span> <span class='ocrx_word' id='word_1_787' title='bbox 3043 4467 3164 4509; x_wconf 90' lang='lat' dir='ltr'><strong>sese</strong></span> <span class='ocrx_word' id='word_1_788' title='bbox 3207 4455 3378 4510; x_wconf 80' lang='lat' dir='ltr'><strong>obfir-</strong></span> 
     </span>
    </p>
   </div>
   <div class='ocr_carea' id='block_1_105' title="bbox 1794 4534 3378 4615">
    <p class='ocr_par' dir='ltr' id='par_1_105' title="bbox 1794 4534 3378 4615">
     <span class='ocr_line' id='line_1_105' title="bbox 1794 4534 3378 4615; baseline 0.012 -29"><span class='ocrx_word' id='word_1_789' title='bbox 1794 4546 1974 4600; x_wconf 90' lang='lat' dir='ltr'><strong>mans,</strong></span> <span class='ocrx_word' id='word_1_790' title='bbox 2023 4534 2133 4590; x_wconf 91' lang='lat' dir='ltr'><strong>imo</strong></span> <span class='ocrx_word' id='word_1_791' title='bbox 2170 4551 2302 4591; x_wconf 91' lang='lat' dir='ltr'><strong>vero</strong></span> <span class='ocrx_word' id='word_1_792' title='bbox 2352 4538 2616 4594; x_wconf 87' lang='lat' dir='ltr'><strong>roborata</strong></span> <span class='ocrx_word' id='word_1_793' title='bbox 2656 4555 2685 4594; x_wconf 90' lang='lat' dir='ltr'><strong>a</strong></span> <span class='ocrx_word' id='word_1_794' title='bbox 2734 4538 2943 4612; x_wconf 90' lang='lat' dir='ltr'><strong>Spiritu</strong></span> <span class='ocrx_word' id='word_1_795' title='bbox 2970 4584 2985 4609; x_wconf 93' lang='lat'><strong>,</strong></span> <span class='ocrx_word' id='word_1_796' title='bbox 3032 4544 3150 4615; x_wconf 89' lang='lat' dir='ltr'><strong>ipsa</strong></span> <span class='ocrx_word' id='word_1_797' title='bbox 3195 4563 3259 4602; x_wconf 81' lang='lat' dir='ltr'><strong>ex</strong></span> <span class='ocrx_word' id='word_1_798' title='bbox 3317 4564 3378 4605; x_wconf 87' lang='lat' dir='ltr'><strong>se</strong></span> 
     </span>
    </p>
   </div>
   <div class='ocr_carea' id='block_1_106' title="bbox 1795 4627 3376 4705">
    <p class='ocr_par' dir='ltr' id='par_1_106' title="bbox 1795 4627 3376 4705">
     <span class='ocr_line' id='line_1_106' title="bbox 1795 4627 3376 4705; baseline 0.01 -26"><span class='ocrx_word' id='word_1_799' title='bbox 1795 4634 1984 4681; x_wconf 90' lang='lat' dir='ltr'><strong>natum</strong></span> <span class='ocrx_word' id='word_1_800' title='bbox 2024 4627 2093 4682; x_wconf 91' lang='lat' dir='ltr'><strong>ad</strong></span> <span class='ocrx_word' id='word_1_801' title='bbox 2128 4629 2370 4701; x_wconf 88' lang='lat' dir='ltr'><strong>reliquos</strong></span> <span class='ocrx_word' id='word_1_802' title='bbox 2414 4631 2471 4687; x_wconf 90' lang='lat' dir='ltr'><strong>in</strong></span> <span class='ocrx_word' id='word_1_803' title='bbox 2533 4632 2835 4688; x_wconf 87' lang='lat' dir='ltr'><strong>vehiculum</strong></span> <span class='ocrx_word' id='word_1_804' title='bbox 2878 4634 3149 4705; x_wconf 87' lang='lat' dir='ltr'><strong>imponit,</strong></span> <span class='ocrx_word' id='word_1_805' title='bbox 3207 4640 3376 4696; x_wconf 87' lang='lat' dir='ltr'><strong>alacri</strong></span> 
     </span>
    </p>
   </div>
   <div class='ocr_carea' id='block_1_107' title="bbox 1726 4698 3377 4796">
    <p class='ocr_par' dir='ltr' id='par_1_107' title="bbox 1726 4698 3377 4796">
     <span class='ocr_line' id='line_1_107' title="bbox 1726 4698 3377 4796; baseline 0.01 -25"><span class='ocrx_word' id='word_1_806' title='bbox 1726 4698 1771 4755; x_wconf 81' lang='grc' dir='ltr'>Ῑ)</span> <span class='ocrx_word' id='word_1_807' title='bbox 1800 4720 1955 4773; x_wconf 91' lang='lat' dir='ltr'><strong>vultu</strong></span> <span class='ocrx_word' id='word_1_808' title='bbox 1989 4698 2330 4792; x_wconf 76' lang='lat' dir='ltr'><strong>prosequens</strong></span> <span class='ocrx_word' id='word_1_809' title='bbox 2350 4738 2417 4779; x_wconf 89' lang='lat' dir='ltr'><strong>ac</strong></span> <span class='ocrx_word' id='word_1_810' title='bbox 2449 4722 2728 4782; x_wconf 83' lang='lat' dir='ltr'><strong>deducens</strong></span> <span class='ocrx_word' id='word_1_811' title='bbox 2773 4698 3058 4783; x_wconf 75' lang='lat' dir='ltr'><strong>athletam.</strong></span> <span class='ocrx_word' id='word_1_812' title='bbox 3084 4698 3215 4796; x_wconf 76' lang='lat' dir='ltr'><strong>Qua:</strong></span> <span class='ocrx_word' id='word_1_813' title='bbox 3244 4746 3377 4787; x_wconf 83' lang='lat' dir='ltr'><strong>con-</strong></span> 
     </span>
    </p>
   </div>
   <div class='ocr_carea' id='block_1_108' title="bbox 1791 4817 3372 4888">
    <p class='ocr_par' dir='ltr' id='par_1_108' title="bbox 1791 4817 3372 4888">
     <span class='ocr_line' id='line_1_108' title="bbox 1791 4817 3372 4888; baseline 0.007 -21"><span class='ocrx_word' id='word_1_814' title='bbox 1791 4820 1980 4868; x_wconf 80' lang='lat' dir='ltr'><strong>secuta</strong></span> <span class='ocrx_word' id='word_1_815' title='bbox 2014 4824 2145 4870; x_wconf 85' lang='lat' dir='ltr'><strong>sunt</strong></span> <span class='ocrx_word' id='word_1_816' title='bbox 2184 4817 2407 4887; x_wconf 87' lang='lat' dir='ltr'><strong>qualia?</strong></span> <span class='ocrx_word' id='word_1_817' title='bbox 2458 4817 2822 4874; x_wconf 85' lang='lat' dir='ltr'><strong>Certaverunt</strong></span> <span class='ocrx_word' id='word_1_818' title='bbox 2872 4821 2923 4875; x_wconf 91' lang='lat' dir='ltr'><strong>in</strong></span> <span class='ocrx_word' id='word_1_819' title='bbox 2984 4836 3111 4877; x_wconf 89' lang='lat' dir='ltr'><strong>aere</strong></span> <span class='ocrx_word' id='word_1_820' title='bbox 3166 4826 3372 4888; x_wconf 85' lang='lat' dir='ltr'><strong>sancti,</strong></span> 
     </span>
    </p>
   </div>
   <div class='ocr_carea' id='block_1_109' title="bbox 1794 4906 3376 4983">
    <p class='ocr_par' dir='ltr' id='par_1_109' title="bbox 1794 4906 3376 4983">
     <span class='ocr_line' id='line_1_109' title="bbox 1794 4906 3376 4983; baseline 0.006 -24"><span class='ocrx_word' id='word_1_821' title='bbox 1794 4906 2289 4964; x_wconf 76' lang='lat' dir='ltr'><strong>sanctificaverunt</strong></span> <span class='ocrx_word' id='word_1_822' title='bbox 2327 4910 2493 4965; x_wconf 87' lang='lat' dir='ltr'><strong>etiam</strong></span> <span class='ocrx_word' id='word_1_823' title='bbox 2536 4908 2714 4981; x_wconf 90' lang='lat' dir='ltr'><strong>ignem</strong></span> <span class='ocrx_word' id='word_1_824' title='bbox 2757 4912 2841 4967; x_wconf 92' lang='lat' dir='ltr'><strong>sui</strong></span> <span class='ocrx_word' id='word_1_825' title='bbox 2892 4912 3218 4983; x_wconf 87' lang='lat' dir='ltr'><strong>adjectione,</strong></span> <span class='ocrx_word' id='word_1_826' title='bbox 3258 4931 3376 4968; x_wconf 85' lang='lat' dir='ltr'><strong>ma-</strong></span> 
     </span>
    </p>
   </div>
   <div class='ocr_carea' id='block_1_110' title="bbox 1794 4994 3375 5072">
    <p class='ocr_par' dir='ltr' id='par_1_110' title="bbox 1794 4994 3375 5072">
     <span class='ocr_line' id='line_1_110' title="bbox 1794 4994 3375 5072; baseline 0.007 -24"><span class='ocrx_word' id='word_1_827' title='bbox 1794 4997 1936 5050; x_wconf 89' lang='lat' dir='ltr'><strong>teria</strong></span> <span class='ocrx_word' id='word_1_828' title='bbox 1975 4994 2206 5051; x_wconf 70' lang='lat' dir='ltr'><strong>flamma:</strong></span> <span class='ocrx_word' id='word_1_829' title='bbox 2251 4996 2403 5053; x_wconf 85' lang='lat' dir='ltr'><strong>facti.</strong></span> <span class='ocrx_word' id='word_1_830' title='bbox 2441 4995 2710 5054; x_wconf 85' lang='lat' dir='ltr'><strong>Tulernnt</strong></span> <span class='ocrx_word' id='word_1_831' title='bbox 2735 5001 2901 5055; x_wconf 84' lang='lat' dir='ltr'><strong>etiam</strong></span> <span class='ocrx_word' id='word_1_832' title='bbox 2956 5000 3022 5055; x_wconf 87' lang='lat' dir='ltr'><strong>ad</strong></span> <span class='ocrx_word' id='word_1_833' title='bbox 3052 5018 3249 5072; x_wconf 85' lang='lat' dir='ltr'><strong>aquam</strong></span> <span class='ocrx_word' id='word_1_834' title='bbox 3276 5005 3375 5059; x_wconf 84' lang='lat' dir='ltr'><strong>be-</strong></span> 
     </span>
    </p>
   </div>
   <div class='ocr_carea' id='block_1_111' title="bbox 1795 5085 3377 5158">
    <p class='ocr_par' dir='ltr' id='par_1_111' title="bbox 1795 5085 3377 5158">
     <span class='ocr_line' id='line_1_111' title="bbox 1795 5085 3377 5158; baseline 0.004 -19"><span class='ocrx_word' id='word_1_835' title='bbox 1795 5085 2205 5153; x_wconf 85' lang='lat' dir='ltr'><strong>nedictionem;</strong></span> <span class='ocrx_word' id='word_1_836' title='bbox 2240 5101 2338 5157; x_wconf 89' lang='lat' dir='ltr'><strong>per</strong></span> <span class='ocrx_word' id='word_1_837' title='bbox 2372 5088 2557 5141; x_wconf 86' lang='lat' dir='ltr'><strong>omnia</strong></span> <span class='ocrx_word' id='word_1_838' title='bbox 2599 5087 2972 5158; x_wconf 84' lang='lat' dir='ltr'><strong>implebantur</strong></span> <span class='ocrx_word' id='word_1_839' title='bbox 3013 5090 3197 5144; x_wconf 90' lang='lat' dir='ltr'><strong>divina</strong></span> <span class='ocrx_word' id='word_1_840' title='bbox 3250 5107 3377 5145; x_wconf 86' lang='lat' dir='ltr'><strong>ora-</strong></span> 
     </span>
    </p>
   </div>
   <div class='ocr_carea' id='block_1_112' title="bbox 1802 5175 3375 5249">
    <p class='ocr_par' dir='ltr' id='par_1_112' title="bbox 1802 5175 3375 5249">
     <span class='ocr_line' id='line_1_112' title="bbox 1802 5175 3375 5249; baseline 0.004 -18"><span class='ocrx_word' id='word_1_841' title='bbox 1802 5177 1946 5231; x_wconf 88' lang='lat' dir='ltr'><strong>cula.</strong></span> <span class='ocrx_word' id='word_1_842' title='bbox 1988 5175 2126 5233; x_wconf 88' lang='lat' dir='ltr'><strong>Tres</strong></span> <span class='ocrx_word' id='word_1_843' title='bbox 2166 5178 2245 5233; x_wconf 90' lang='lat' dir='ltr'><strong>illi</strong></span> <span class='ocrx_word' id='word_1_844' title='bbox 2279 5180 2432 5249; x_wconf 90' lang='lat' dir='ltr'><strong>pueri</strong></span> <span class='ocrx_word' id='word_1_845' title='bbox 2475 5178 2543 5232; x_wconf 90' lang='lat' dir='ltr'><strong>ad</strong></span> <span class='ocrx_word' id='word_1_846' title='bbox 2599 5194 2944 5235; x_wconf 88' lang='lat' dir='ltr'><strong>communem</strong></span> <span class='ocrx_word' id='word_1_847' title='bbox 2998 5179 3219 5235; x_wconf 88' lang='lat' dir='ltr'><strong>laudum</strong></span> <span class='ocrx_word' id='word_1_848' title='bbox 3280 5182 3375 5237; x_wconf 84' lang='lat' dir='ltr'><strong>de-</strong></span> 
     </span>
    </p>
   </div>
   <div class='ocr_carea' id='block_1_113' title="bbox 1802 5268 3374 5343">
    <p class='ocr_par' dir='ltr' id='par_1_113' title="bbox 1802 5268 3374 5343">
     <span class='ocr_line' id='line_1_113' title="bbox 1802 5268 3374 5343; baseline 0.003 -19"><span class='ocrx_word' id='word_1_849' title='bbox 1802 5268 2169 5324; x_wconf 88' lang='lat' dir='ltr'><strong>cantationem</strong></span> <span class='ocrx_word' id='word_1_850' title='bbox 2197 5284 2306 5324; x_wconf 90' lang='lat' dir='ltr'><strong>una</strong></span> <span class='ocrx_word' id='word_1_851' title='bbox 2334 5282 2625 5326; x_wconf 89' lang='lat' dir='ltr'><strong>assumunt</strong></span> <span class='ocrx_word' id='word_1_852' title='bbox 2649 5270 2822 5341; x_wconf 86' lang='lat' dir='ltr'><strong>frigus</strong></span> <span class='ocrx_word' id='word_1_853' title='bbox 2852 5280 2908 5326; x_wconf 80' lang='lat' dir='ltr'><strong>et</strong></span> <span class='ocrx_word' id='word_1_854' title='bbox 2938 5281 3131 5327; x_wconf 71' lang='lat' dir='ltr'><strong>:rstum</strong></span> <span class='ocrx_word' id='word_1_855' title='bbox 3162 5292 3173 5326; x_wconf 93' lang='lat'><strong>:</strong></span> <span class='ocrx_word' id='word_1_856' title='bbox 3203 5272 3374 5343; x_wconf 73' lang='lat' dir='ltr'><strong>frigus</strong></span> 
     </span>
    </p>
   </div>
   <div class='ocr_carea' id='block_1_114' title="bbox 1802 5359 3375 5432">
    <p class='ocr_par' dir='ltr' id='par_1_114' title="bbox 1802 5359 3375 5432">
     <span class='ocr_line' id='line_1_114' title="bbox 1802 5359 3375 5432; baseline 0.006 -20"><span class='ocrx_word' id='word_1_857' title='bbox 1802 5373 1901 5428; x_wconf 87' lang='lat' dir='ltr'><strong>per</strong></span> <span class='ocrx_word' id='word_1_858' title='bbox 1933 5359 2395 5427; x_wconf 86' lang='lat' dir='ltr'><strong>congelationem,</strong></span> <span class='ocrx_word' id='word_1_859' title='bbox 2425 5370 2619 5416; x_wconf 71' lang='lat' dir='ltr'><strong>aestum</strong></span> <span class='ocrx_word' id='word_1_860' title='bbox 2662 5363 3217 5432; x_wconf 69' lang='lat' dir='ltr'><strong>pergcombustionem</strong></span> <span class='ocrx_word' id='word_1_861' title='bbox 3241 5384 3253 5419; x_wconf 90' lang='lat'><strong>:</strong></span> <span class='ocrx_word' id='word_1_862' title='bbox 3278 5368 3375 5421; x_wconf 88' lang='lat' dir='ltr'><strong>de-</strong></span> 
     </span>
    </p>
   </div>
   <div class='ocr_carea' id='block_1_115' title="bbox 1804 5449 3376 5524">
    <p class='ocr_par' dir='ltr' id='par_1_115' title="bbox 1804 5449 3376 5524">
     <span class='ocr_line' id='line_1_115' title="bbox 1804 5449 3376 5524; baseline 0.005 -21"><span class='ocrx_word' id='word_1_863' title='bbox 1804 5449 1933 5505; x_wconf 89' lang='lat' dir='ltr'><strong>inde</strong></span> <span class='ocrx_word' id='word_1_864' title='bbox 1960 5452 2297 5508; x_wconf 86' lang='lat' dir='ltr'><strong>transierunt</strong></span> <span class='ocrx_word' id='word_1_865' title='bbox 2330 5468 2428 5524; x_wconf 89' lang='lat' dir='ltr'><strong>per</strong></span> <span class='ocrx_word' id='word_1_866' title='bbox 2450 5453 2629 5524; x_wconf 88' lang='lat' dir='ltr'><strong>ignem</strong></span> <span class='ocrx_word' id='word_1_867' title='bbox 2670 5463 2723 5507; x_wconf 92' lang='lat' dir='ltr'><strong>et</strong></span> <span class='ocrx_word' id='word_1_868' title='bbox 2756 5468 2974 5523; x_wconf 87' lang='lat' dir='ltr'><strong>aquam.</strong></span> <span class='ocrx_word' id='word_1_869' title='bbox 3010 5454 3207 5510; x_wconf 78' lang='lat' dir='ltr'><strong>Verum</strong></span> <span class='ocrx_word' id='word_1_870' title='bbox 3261 5456 3376 5511; x_wconf 66' lang='lat' dir='ltr'><strong>luet:</strong></span> 
     </span>
    </p>
   </div>
   <div class='ocr_carea' id='block_1_116' title="bbox 1806 5544 3375 5623">
    <p class='ocr_par' dir='ltr' id='par_1_116' title="bbox 1806 5544 3375 5623">
     <span class='ocr_line' id='line_1_116' title="bbox 1806 5544 3375 5623; baseline 0.005 -26"><span class='ocrx_word' id='word_1_871' title='bbox 1806 5548 2066 5613; x_wconf 87' lang='lat' dir='ltr'><strong>tanquam</strong></span> <span class='ocrx_word' id='word_1_872' title='bbox 2090 5551 2217 5600; x_wconf 87' lang='lat' dir='ltr'><strong>nota</strong></span> <span class='ocrx_word' id='word_1_873' title='bbox 2242 5544 2563 5615; x_wconf 70' lang='lat' dir='ltr'><strong>praetervehi</strong></span> <span class='ocrx_word' id='word_1_874' title='bbox 2592 5544 2743 5616; x_wconf 90' lang='lat' dir='ltr'><strong>cupit</strong></span> <span class='ocrx_word' id='word_1_875' title='bbox 2775 5546 2975 5615; x_wconf 88' lang='lat' dir='ltr'><strong>oratio,</strong></span> <span class='ocrx_word' id='word_1_876' title='bbox 3001 5562 3065 5604; x_wconf 90' lang='lat' dir='ltr'><strong>ac</strong></span> <span class='ocrx_word' id='word_1_877' title='bbox 3093 5548 3161 5605; x_wconf 89' lang='lat' dir='ltr'><strong>de</strong></span> <span class='ocrx_word' id='word_1_878' title='bbox 3192 5550 3375 5623; x_wconf 88' lang='lat' dir='ltr'><strong>aliqua</strong></span> 
     </span>
    </p>
   </div>
  </div>
