3850 6408
493 225 593 276 ’ῖῖι

1812 216 1872 275 S.
1903 213 2230 272 GBEGORH
2270 211 2564 268 NYSSENI

3627 219 3729 273 ’ἶτέ

490 354 677 398 earum
712 338 1075 410 qitaastionum
1101 352 1220 407 quae
1263 353 1435 406 nuper
1465 347 1625 392 moue
1653 343 1802 404 sunt,
1825 351 1970 390 nunc
2002 335 2055 388 iu

2168 332 2256 385 νῦν
2285 333 2557 399 ἐξετάσαι·
2598 333 2725 384 Ὅτε
2765 331 3031 402 ἐξωρίσθη
3073 331 3167 384 τοῦ
3207 331 3532 402 παραδείσου
3578 338 3605 388 ὁ
3639 336 3728 389 ἄν·

490 441 734 501 ιθιηροιτε
773 431 1050 486 disserere
1087 438 1252 499 atque
1279 438 1534 483 tractarc.
1574 428 1935 498 Posteaquam
1967 428 2064 480 lio-

488 539 582 578 mo
609 523 821 591 ejectus
855 530 1001 577 esset
1037 537 1067 575 a
1097 522 1373 592 paradiso,
1399 521 1612 592 gladius
1641 520 1944 583 flammeus,
1966 521 2062 590 qui

489 621 798 670 verteretur
824 653 840 678 ,
865 613 1176 668 destinatus
1211 621 1266 668 et
1303 613 1605 667 collocatus
1648 620 1732 667 est
1767 612 1836 666 ad
1875 618 2064 666 custo-

489 706 748 761 diendum
789 703 1016 758 aditum.
1061 707 1126 758 Et
1169 719 1333 760 causa
1381 705 1505 758 talis
1573 702 1928 774 providentiae
1972 700 2061 756 Dci

489 803 595 859 est,
643 810 710 850 ne
737 795 901 848 homo
947 795 1273 864 irrumperet
1314 795 1381 849 ad
1429 796 1632 865 lignum
1678 796 1927 859 vit:e,ac
1964 794 2061 847 de-

491 894 776 955 gustaret,
823 890 878 938 et
938 891 1278 952 permaneret
1331 883 1677 939 immortalis.
1740 881 2064 938 Meministis

493 989 724 1043 prorsus
766 988 956 1027 eorum
980 989 1102 1043 qua:
1139 972 1367 1042 quaesita
1403 973 1664 1028 fuerunt:
1697 974 2064 1029 recordamini

495 1067 646 1130 item,
700 1073 760 1119 ut
803 1080 902 1134 par
939 1072 1064 1130 est,
1110 1065 1274 1120 etiam
1317 1080 1504 1120 eorum
1551 1081 1672 1136 qua!
1710 1081 1739 1119 a
1783 1067 1940 1122 nobis
1994 1065 2062 1120 ad

495 1156 549 1210 id
595 1156 739 1227 quod
786 1157 1135 1226 quaerebatur
1170 1157 1388 1211 inventa
1426 1164 1556 1212 sunt
1607 1198 1620 1211 .
1662 1156 1756 1212 sed
1789 1159 1835 1212 si
1881 1157 2063 1212 omnia

496 1248 564 1300 ah
605 1245 764 1300 initio
805 1244 986 1300 denuo
1045 1242 1341 1314 persequi,
1385 1250 1662 1314 totamque
1722 1244 1791 1300 de
1849 1244 2065 1314 integro

495 1338 850 1408 quaestionem
903 1344 1139 1391 tractare
1171 1345 1226 1390 et
1287 1335 1561 1406 explicare
1600 1336 1831 1391 velimus
1864 1374 1880 1399 ,
1922 1337 2062 1390 ultra

497 1445 657 1499 quam
701 1443 940 1498 priesens
980 1425 1121 1480 ratio
1163 1427 1426 1496 temporis
1477 1427 1719 1496 patiatur
1745 1465 1762 1490 ,
1805 1441 1894 1482 res
1935 1441 2061 1497 pro-

497 1519 764 1572 tralietm.
813 1515 890 1570 Ac
929 1515 1161 1586 quaestio
1198 1514 1419 1586 quidem
1466 1515 1581 1570 haec
1630 1523 1874 1570 eratzan
1898 1515 2061 1570 etiam

499 1609 704 1663 sanctis
752 1614 973 1678 propter
1016 1605 1287 1676 gladium,
1330 1605 1422 1676 qui
1463 1605 1733 1672 vertitur,
1773 1606 2064 1676 paradisus

498 1701 820 1754 inaccessus
865 1695 1070 1752 sit?Et
1099 1712 1166 1750 an
1207 1697 1425 1751 athletae
1465 1696 1721 1766 paradiso
1767 1697 2068 1754 excludan-

500 1792 628 1846 tur?
657 1791 916 1858 Qutenam
944 1790 1238 1858 promissio
1264 1788 1520 1857 deinceps
1549 1789 1638 1853 sit,
1673 1789 1833 1859 cujus
1888 1804 2070 1859 respe-

495 1893 585 1937 ctu
611 1900 708 1953 pro
737 1883 932 1953 pietate
957 1882 1255 1936 certamina
1279 1882 1622 1951 suscipiunt?
1644 1881 1796 1945 item,
1819 1897 1886 1936 an
1918 1882 2070 1938 dete-

497 1978 640 2034 riore
667 1976 975 2032 conditione
997 1975 1165 2029 futuri
1189 1974 1489 2043 sint,quam
1517 1974 1674 2032 latro,
1701 1972 1765 2027 ad
1788 1989 1948 2043 quem
1972 1972 2070 2028 Do-

497 2069 684 2122 minus
702 2066 858 2127 dixit,
892 2064 1059 2119 Hodie
1079 2081 1277 2118 merum
1298 2065 1400 2117 eris
1423 2065 1474 2117 in
1506 2063 1758 2133 paradiso
1783 2063 1862 2117 “?
1885 2063 2071 2130 Quan-

497 2174 660 2230 quam
697 2173 804 2212 non
866 2167 1057 2227 sponte
1095 2172 1194 2211 sua
1245 2157 1383 2212 latro
1421 2157 1487 2210 ad
1537 2173 1755 2212 crucem
1795 2162 2066 2229 accessit;

499 2251 594 2306 sed
627 2262 976 2320 posteaquam
1029 2266 1196 2320 prepe
1252 2251 1482 2306 salutem
1520 2249 1642 2316 fuit,
1684 2252 2070 2310 animadvertit

498 2350 692 2397 acutus
739 2350 793 2396 et
827 2335 1142 2412 ingeniosus
1174 2341 1261 2395 fur
1287 2341 1628 2404 thesaurum,
1660 2352 1715 2398 et
1745 2353 1938 2399 nactus
1975 2359 2070 2400 oc-

498 2435 772 2488 casionem
799 2435 962 2487 vitam
1005 2433 1182 2502 rapuit
1211 2439 1328 2487 arte
1371 2431 1588 2486 furandi
1649 2416 1873 2502 pulchre
1907 2443 2072 2504 atque

499 2526 729 2582 solerter
766 2525 994 2580 abusus.
1030 2524 1269 2587 Domine,
1304 2534 1559 2578 memento
1592 2526 1711 2588 mei,
1762 2525 1959 2596 inquit,
2014 2528 2070 2582 in

499 2633 655 2687 regno
699 2625 786 2670 tuo
807 2616 872 2670 ".
897 2615 1050 2670 Tunc
1079 2617 1168 2671 ille
1201 2615 1418 2687 quidem
1444 2617 1754 2686 paradisum
1786 2619 2073 2688 consequi-

499 2715 626 2761 tur:
661 2705 806 2776 quod
833 2713 1012 2760 autem
1050 2705 1117 2758 ad
1146 2714 1367 2760 sanctos
1398 2706 1610 2768 attinet,
1665 2707 1949 2764 flammeus
1975 2723 2073 2763 en-

500 2797 578 2852 sis
603 2795 805 2850 aditum
849 2795 1166 2866 impeditum
1197 2794 1416 2849 reddit?
1455 2793 1599 2850 Sane
1642 2811 1671 2849 a
1711 2796 1890 2866 seipsa
1926 2813 2073 2868 quie-

499 2885 606 2942 stio
627 2886 950 2943 solutionem
979 2883 1293 2941 habet.Nam
1312 2895 1592 2956 propterea
1626 2902 1731 2941 non
1758 2903 1970 2960 semper
1990 2890 2068 2944 in.

502 2975 872 3046 gredientibus
895 2991 959 3029 ex
989 2974 1219 3031 adverso
1247 2986 1476 3031 stantem
1506 2976 1742 3046 gladium
1787 2976 2068 3051 Scriptura
2096 3016 2139 3076 ο

501 3067 862 3132 demonstrat,
892 3081 1079 3120 verum
1112 3069 1277 3123 etiam
1310 3067 1444 3123 verti
1498 3069 1651 3140 lingit
1681 3087 1695 3136 ;
1731 3078 1791 3125 ut
1831 3071 2071 3144 indignis

503 3158 725 3228 quidem
792 3157 1058 3212 adversus
1116 3167 1413 3228 appareat:
1446 3160 1625 3230 dignis
1653 3177 1782 3216 vero
1813 3178 2006 3220 versus
2040 3179 2070 3220 a

504 3257 658 3319 tergo
680 3251 931 3313 exsistat,
957 3249 1267 3321 expeditum
1300 3250 1381 3305 eis
1411 3251 1618 3305 aditum
1651 3253 1983 3322 patefaciens
2004 3257 2070 3312 ad

505 3337 708 3400 vitam,
743 3338 885 3390 intra
916 3352 1078 3407 quam
1131 3338 1207 3392 illi
1267 3338 1463 3393 fiducia
1500 3341 1858 3396 certaminum
1917 3343 2070 3400 illaesi

506 3425 778 3480 flammam
807 3428 1136 3498 transgressi
1171 3417 1560 3498 penetrarun‘t:
1621 3447 1726 3502 qua
1780 3434 1942 3488 etiam
1970 3452 2071 3491 nos

507 3517 774 3585 intrepide
806 3527 1058 3587 superata
1080 3558 1094 3582 ,
1136 3519 1278 3573 intra
1309 3520 1624 3589 paradisum
1665 3524 2068 3592 perveniamus,

2166 423 2402 495 θρωπος,
2437 422 2638 492 ἐτάχθη
2685 423 2943 494 φρουρεῖν
2977 423 3074 492 τὴν
3109 423 3310 476 εἴσοδον
3335 423 3560 493 φλογίνη
3602 429 3729 498 ρομ-

2165 515 2300 583 φαία
2337 516 2370 585 η
2407 514 2771 584 στρεφομένη.
2807 514 2918 566 Καὶ
2962 514 2996 583 η
3031 514 3189 565 αἰτία
3211 513 3310 582 τῆς
3341 515 3594 585 τοιαύτης
3637 517 3728 571 τοῦ

2163 606 2299 660 Θεοῦ
2331 605 2690 678 προμηθείας,
2724 604 2788 658 τὸ
2815 606 2889 675 μὴ
2922 604 3211 673 παρελθεῖν
3247 605 3341 658 ἐπὶ
3373 607 3433 658 τὸ
3468 606 3567 675 τῆς
3588 606 3731 677 ζωῆς

2164 697 2320 764 ξύλον
2357 697 2448 751 τὸν
2495 695 2803 768 ἄνθρωπον,
2843 695 2938 748 καὶ
2991 695 3262 764 ἅψασθαι,
3316 698 3412 750 καὶ
3463 698 3730 770 διαμεῖναι

2165 791 2455 844 ἀθάνατον.
2489 788 2784 858 Μὲμησθε
2818 789 3034 850 πάντως
3056 787 3163 840 τῶν
3184 785 3564 858 ὲζητημένων·
3597 792 3731 861 μέμ-

2164 880 2327 949 νησθε
2353 881 2428 945 δὲ,
2459 881 2535 944 ὡς
2564 879 2710 944 εἰκὸς
2742 880 2832 933 καὶ
2859 879 2966 932 τῶν
2995 879 3131 950 πρὸς
3164 879 3225 932 τὸ
3247 879 3577 952 ζητούμενον
3605 885 3730 954 ἡμῖν
3821 911 3823 922 ι

2164 971 2485 1043 εὑρημένων
2506 989 2520 1003 ·
2553 971 2668 1026 ἀλλ’
2702 973 2749 1024 εί
2789 972 3076 1041 μέλλοιμεν
3125 971 3286 1024 πάλιν
3319 973 3412 1024 ἀπ’
3443 974 3616 1044 ἀρχῆς
3641 977 3733 1028 ὲπο

2164 1065 2384 1132 εξιέναι,
2431 1065 2526 1118 καὶ
2554 1063 2672 1117 ὅλον
2697 1061 3084 1134 διαλαμϐάνειν
3129 1063 3220 1115 τὸν
3266 1062 3439 1133 λόγον,
3468 1067 3606 1133 ὑπὲρ
3644 1066 3732 1119 τὲν
3797 1087 3810 1092 δ

2164 1157 2405 1228 παρόντα
2445 1155 2598 1209 ἔσται
2665 1156 2855 1226 καιρὸν
2916 1157 2950 1226 ἡ
2997 1155 3322 1224 παράτασις.
3372 1155 3446 1208 Τὸ
3503 1157 3601 1226 μὲν
3641 1155 3733 1210 οὖν

2165 1249 2492 1320 ζητούμενον
2517 1245 2676 1301 τοῦτο
2691 1243 2778 1319 ἦν·
2815 1248 2878 1301 Ei
2904 1247 2997 1301 καὶ
3021 1249 3135 1310 τοῖς
3165 1246 3339 1314 ἁγίοις
3369 1246 3563 1312 ἇὸατός
3590 1250 3733 1302 ἐστιν

2164 1342 2194 1394 ὁ
2225 1339 2553 1412 παράδεισος
2574 1339 2664 1392 διὰ
2689 1339 2790 1409 τῆς
2813 1338 3190 1410 στρεφομένης
3234 1339 3506 1409 ῥομφαίας
3525 1355 3540 1370 ο
3570 1343 3662 1394 καὶ
3686 1343 3732 1394 st
3807 1383 3813 1387 ..

2162 1429 2257 1484 τοῦ
2284 1431 2613 1502 παραδείσου
2639 1431 2688 1482 οἱ
2718 1430 2950 1499 ἀθληταὶ
2969 1428 3346 1483 ἀποκλείονται
3369 1447 3382 1459 ·
3404 1429 3486 1492 τίς
3507 1430 3540 1499 ἡ
3561 1433 3731 1499 ἑπαγ-

2164 1521 2318 1590 γελία
2343 1519 2526 1574 λοιπὸν
2551 1521 2690 1592 ὑπὲρ
2717 1516 2785 1593 ἧς
2827 1519 3167 1589 ἀναδέχονται
3188 1520 3312 1580 τοὺς
3334 1521 3432 1589 τῆς
3459 1517 3734 1585 εὐσεϐείας

2167 1613 2405 1682 ἀγῶνας,
2435 1612 2531 1666 καὶ
2567 1615 2614 1665 εί
2644 1612 2738 1666 τοῦ
2771 1612 2968 1685 λῃστοῦ
3002 1612 3222 1666 ἔλαττον
3269 1610 3473 1677 ἕξουσι,
3515 1610 3658 1678 πρὸς
3682 1611 3743 1662 ὃν

2169 1696 2321 1754 εἶπεν
2349 1701 2378 1752 ὁ
2396 1700 2600 1769 Κύριος
2628 1739 2643 1760 ,
2679 1700 2759 1752 ὅτι
2789 1698 3057 1767 Σήμερον
3085 1700 3212 1767 μετ’
3237 1697 3383 1767 ἐμοῦ
3417 1699 3533 1765 ἔσῃ
3559 1699 3634 1751 ἐν
3661 1695 3741 1762 τῷ

2167 1789 2551 1859 παραδείσφ;
2585 1789 2780 1842 Καίτοι
2835 1805 2898 1857 γε
2941 1788 3037 1858 οὐχ
3078 1788 3340 1849 ἑκουσίως
3373 1790 3400 1842 6
3429 1789 3634 1858 λῃστὴς
3665 1788 3744 1858 τῷ

2171 1877 2385 1949 σταυρῷ
2419 1877 2723 1948 προσῆλθεν
2743 1895 2756 1909 ο
2789 1876 2903 1930 ἀλλ’
2927 1877 3112 1948 ἐπειδὴ
3143 1879 3309 1946 ἐγγὺς
3338 1878 3436 1948 τῆς
3467 1877 3742 1948 σωτηρίας

2168 1969 2403 2039 ἐγένετο,
2433 1965 2569 2022 εἶδεν
2598 1970 2626 2022 ὁ
2649 1969 2776 2036 ὀξὺς
2803 1970 2897 2023 καὶ
2920 1970 3127 2040 εὐφυὴς
3156 1969 3393 2036 κλέπτης
3417 1969 3508 2022 τὸν
3539 1969 3742 2040 θησαυ-

2173 2061 2283 2132 ρδν,
2315 2062 2408 2114 καὶ
2434 2059 2705 2131 ἐπιτυχὼν
2740 2059 2933 2132 καιροῦ
2966 2061 3063 2131 τὴν
3100 2060 3243 2128 ζωὴν
3267 2059 3536 2130 ὲληῒσατο,
3559 2061 3746 2125 καλῶς
3817 2112 3824 2117 .

2167 2155 2234 2224 τῇ
2276 2152 2542 2224 κλεπτικῇ
2579 2153 2673 2206 καὶ
2720 2151 2994 2222 εὐστόχως
3036 2152 3514 2223 ἀποχρησάμενος,
3561 2154 3745 2221 Κύριε

2164 2243 2474 2313 μνήσθητί
2484 2261 2600 2313 μου
2611 2285 2623 2304 .
2637 2241 2899 2308 είπὼν,ἐν
2911 2240 2984 2310 τῇ
2995 2243 3282 2310 ,βασιλείᾳ
3299 2259 3436 2298 σου.
3450 2239 3579 2297 Εἶτα
3599 2246 3746 2298 ὲκείο

2169 2352 2258 2396 νος
2282 2335 2379 2406 μὲν
2396 2334 2637 2399 ἀξιοῦται
2661 2333 2755 2387 τοῦ
2790 2333 3117 2404 παραδείσου
3143 2349 3156 2363 ·
3189 2335 3282 2388 ἐπὶ
3301 2335 3355 2389 δὲ
3376 2335 3482 2388 τῶν
3503 2335 3678 2400 ἁγίων
3710 2340 3743 2407 ἡ

2171 2424 2394 2495 φλογίνη
2431 2424 2673 2495 ῥομφαία
2699 2423 2986 2478 διακωλύει
3024 2423 3123 2494 τὴν
3152 2425 3386 2490 εῖσοδονς
3412 2418 3486 2478 Ἦ
3509 2426 3740 2478 αὐτόθεν

2170 2514 2286 2586 ἔχει
2329 2514 2430 2586 τὴν
2469 2513 2623 2566 λύσιν
2675 2513 2735 2566 τὸ
2787 2510 3025 2583 ζήτημα.
3061 2513 3160 2566 Διὰ
3191 2513 3346 2565 τοῦτο
3383 2513 3489 2583 γὰρ
3517 2513 3622 2565 οὐκ
3657 2515 3745 2566 ἀεὶ

2172 2605 2416 2659 ἑστῶσαν
2448 2605 2861 2677 ἀντιπρόσωπον
2888 2608 3001 2668 τοῖς
3032 2603 3255 2657 εἰσιοῦσι
3284 2602 3379 2674 τὴν
3414 2603 3690 2674 ῥομφαίαν
3717 2605 3745 2654 ὁ

2171 2698 2326 2768 λόγος
2374 2697 2594 2763 ἔδειξεν,
2630 2697 2766 2752 ἀλλὰ
2801 2698 2895 2751 καὶ
2930 2697 3302 2769 στρεφομένην
3335 2695 3610 2765 ἐποίησεν,
3657 2697 3746 2749 ἴνα

2171 2793 2281 2855 τοῖς
2319 2791 2415 2862 μὲν
2453 2789 2690 2855 ἀναξίοις
2723 2789 2861 2843 κατὰ
2906 2789 3079 2860 στόμα
3111 2788 3469 2860 προφαίνηται
3496 2832 3510 2850 ,
3542 2791 3664 2851 τοῖς
3689 2788 3744 2840 δὲ

2172 2883 2344 2950 ἀξίοις
2395 2882 2735 2954 στρεφομένη
2786 2883 2926 2935 κατά
2959 2882 3129 2934 νώτου
3171 2881 3418 2950 γίνηται,
3467 2880 3746 2932 ἀκώλυτον

2173 2976 2356 3040 αὐτοῖς
2399 2974 2496 3046 τὴν
2538 2974 2742 3027 εἴσοδον
2789 2974 2881 3026 ὲπὶ
2909 2973 3008 3045 τὴν
3049 2973 3193 3042 ζωὴν
3241 2971 3648 3041 ὑπανοίγουσα·
3682 2967 3747 3043 ἧς

2173 3067 2325 3131 ἐντὸς
2365 3068 2564 3120 ἐκεῖνοι
2596 3064 2880 3134 γεγόνασι,
2913 3067 2980 3136 τῇ
3030 3063 3316 3136 παρρησίᾳ
3367 3062 3476 3117 τῶν
3517 3062 3746 3131 ἀγώνων

2174 3156 2400 3221 ἀπαθῶς
2425 3157 2524 3228 τὴν
2555 3155 2727 3225 φλόγα
2755 3156 3090 3226 περάσαντες
3109 3173 3122 3186 ·
3155 3157 3220 3226 ἦν
3251 3155 3343 3208 καὶ
3380 3156 3539 3225 ἡμεῖς
3569 3153 3746 3217 ἀδεῶς

2174 3249 2515 3323 περάσαντες
2540 3292 2555 3318 ,
2595 3249 2688 3302 τοῦ
2733 3248 3060 3320 παραδείσου
3098 3248 3249 3311 ἐντὸς
3307 3247 3621 3317 γενοίμεθα,
3663 3248 3746 3300 διὸ

2176 3347 2276 3417 τῆς
2293 3345 2587 3418 πρεσὸείας
2613 3344 2793 3398 αὐτῶν
2819 3342 3224 3413 δυναμωθέντες
3251 3341 3386 3412 πρὸς
3409 3340 3505 3412 τὴν
3533 3341 3745 3412 ἀγαθὴν

2175 3438 2464 3509 ὁμολογίαν
2487 3437 2583 3491 τοῦ
2611 3436 2816 3508 Κυρίου
2843 3435 3001 3506 ἡμῶν
3027 3433 3201 3506 Ἰησοῦ
3222 3434 3482 3506 Χριστοῦ,
3499 3427 3543 3502 ᾧ
3569 3435 3747 3506 ήδὸξα

2175 3531 2256 3593 είς
2282 3531 2406 3592 τοὺς
2433 3528 2634 3593 αἰῶνας
2659 3530 2766 3583 τῶν
2787 3527 3018 3584 αἰώνων.
3060 3527 3117 3580 ’Δ
3125 3529 3252 3600 μήν.

510 3623 606 3678 per
631 3609 846 3661 illorum
904 3609 1350 3666 intercessionem
1389 3612 1695 3669 confirmati
1749 3615 1815 3670 ad
1871 3617 2070 3674 bonam
2110 3621 2510 3680 confessionem
2547 3620 2760 3677 Domini
2784 3621 2960 3678 nostri
3006 3620 3136 3678 Jesu
3169 3620 3406 3685 Christi,
3439 3619 3528 3675 cui
3567 3619 3748 3690 gloria

513 3703 565 3755 in
593 3699 790 3754 saecula
821 3700 1160 3757 saeculorum.
1197 3702 1387 3759 Amen.

584 3875 630 3910 “
658 3875 792 3935 Luc.
831 3891 986 3944 nm,
1020 3881 1107 3936 45.
1186 3881 1230 3914 ⁸⁸
1257 3880 1387 3937 ibid.
1421 3880 1510 3937 42.
