3850 6442
83 310 190 366 7/3

1202 298 1268 353 ΙΝ
1309 295 1815 365 QUADRAGINTA
1864 294 2055 349 MART
2069 295 2268 351 YBES.

3258 293 3362 353 τη

1369 605 1597 689 ΤΟΥ
1717 603 2093 689 ΑΥΤΟΥ

284 811 527 924 ΕΙΣ
582 806 972 921 ΤΟΥΣ
1044 805 2259 921 ΤΕΣΣΑΡΑΚΟΝΤΑ
2367 805 3154 923 ΜΑΡΤΥΡΑΣ

1330 1014 1549 1068 ΛΟΓΟΣ
1574 1015 2133 1069 ΕΓΚΩΜΙΑΣΤΙΚΟΣ

1196 1171 1673 1226 ΡΗΘΕΙΣἘΝ
1707 1175 1801 1243 TI)
1835 1172 2304 1243 ΜΑΡΤΥΡΙῼ.

1468 1509 2013 1601 EJUSDEM

648 1724 799 1838 ΙΝ
893 1720 1919 1857 QUADRAGINTA
2024 1717 2807 1833 MARTYRES

1356 1939 1619 1997 ORATIO
1664 1939 1803 1996 LAU
1814 1939 2117 1996 DATORIA

1183 2097 1407 2154 DICTA
1443 2098 1531 2153 IN
1568 2096 1832 2154 EORUM
1858 2093 2261 2151 MARTYRIO.

1096 2256 1277 2306 Jacobo
1298 2256 1533 2307 Gretsero
1558 2258 1667 2307 Soc.
1712 2256 1834 2307 Jesu
1856 2256 2031 2307 Theol.
2056 2261 2355 2321 interprete.

1671 2440 1743 2455 αη-

148 2570 219 2623 Oi
253 2567 355 2639 μὲν
373 2565 590 2620 ὁπλῖται
630 2564 919 2636 Ῥωμαίων
937 2567 1080 2621 κατὰ
1105 2567 1270 2639 νόμον
1292 2568 1539 2639 πάτριον,
1572 2567 1666 2622 καὶ¹

1841 2565 2215 2622 Romanorum
2244 2565 2448 2620 milites
2484 2580 2635 2620 more
2669 2565 2868 2635 patrio,
2890 2572 2945 2620 et
2975 2566 3202 2637 antiqua
3239 2583 3345 2623 con

81 2660 382 2731 συνήθειαν
408 2657 667 2721 παλαιὰν,
702 2656 769 2729 ἢν
796 2657 983 2720 παῖδες
1006 2658 1156 2729 παρὰ
1185 2659 1466 2729 προγόνων
1492 2660 1665 2713 διαδε-

78 2752 347 2823 ξάμενοι,
386 2750 477 2803 καὶ⁸
507 2748 668 2819 μέχρι
695 2747 790 2801 τοῦ
818 2748 1086 2818 παρόντος
1108 2748 1485 2817 φυλάττουσιν,
1513 2750 1571 2802 ἐν
1598 2752 1664 2820 τῇ

79 2848 230 2915 ἀρχῇ
264 2841 359 2895 τοῦ
382 2840 675 2903 ἐνεστῶτος
705 2839 872 2910 μηνὸς
895 2839 993 2909 τὴν
1022 2839 1325 2893 πανοπλίαν
1344 2838 1667 2903 ἐνσκευαζό-

81 2953 243 3007 μενοι
271 2976 285 2996 ,
324 2934 417 2987 καὶ
442 2932 749 3004 χωροῦντες
774 2932 865 2984 ἐπί
896 2948 949 2983 τι
985 2931 1169 2984 πεδίον
1199 2931 1518 3003 ήπλωμένον
1549 2934 1667 2985 ἱκα-

77 3029 195 3090 νῶς
235 3026 331 3080 καὶ
401 3025 610 3089 ὕπτιον,
651 3024 886 3096 ἔνθαπερ
916 3026 1091 3090 ἔξεστι
1122 3028 1218 3080 καὶ
1261 3025 1457 3098 δρόμον
1487 3027 1668 3081 ἵππων

79 3121 349 3180 ἐκτεῖναι,
396 3117 490 3170 καὶ
522 3116 813 3186 μελετῆσαι
838 3117 908 3169 τὰ
936 3118 1192 3185 τακτικὰ,
1220 3119 1315 3172 καὶ
1363 3120 1545 3173 πᾶσαν
1579 3136 1671 3188 γυ-

80 3210 402 3282 μνασθῆναι
442 3210 542 3281 τὴν
574 3209 819 3263 ἐνόπλιον
848 3210 1078 3280 ἄσκησιν
1098 3249 1113 3271 ,
1154 3210 1459 3282 ἀνάμνησίν
1484 3228 1543 3263 τε
1573 3210 1668 3263 τοῦ

75 3304 238 3367 ἔτους
270 3302 578 3366 ποιοῦνται,
613 3302 708 3356 καὶ
738 3301 837 3372 τὴν
865 3304 1080 3374 ἡμέραν
1112 3302 1382 3373 ἐπίσημον
1422 3304 1665 3373 ἄγουσιν.

87 3395 240 3465 Ἐγὼ
272 3395 329 3449 δὲ
369 3396 591 3466 μνήμην
634 3394 927 3465 μαρτύρων
964 3394 1135 3447 τελῶν
1159 3436 1174 3461 ,
1209 3396 1305 3448 καὶ
1351 3394 1557 3467 ταύτην
1600 3398 1666 3468 τῇ

73 3485 390 3558 προτεραίᾳ
423 3485 665 3557 κηρύξας
692 3486 841 3554 ὑμῖν,
869 3486 996 3549 τοὺς
1024 3485 1117 3539 τοῦ
1145 3486 1381 3558 Χριστοῦ
1409 3488 1672 3559 στρατιῶ-

72 3597 176 3641 τας
209 3578 343 3641 τοὺς
367 3583 441 3648 μ’,
462 3577 589 3639 τοὺς
622 3578 803 3632 πᾶσαν
828 3577 1138 3648 προθυμίαν
1170 3577 1668 3649 ὑπερϐαλομένους,

72 3677 135 3725 ὲν
168 3673 290 3734 τοῖς
332 3668 540 3739 ἀγῶσιν
578 3669 807 3733 ὁπλίσας
866 3670 955 3722 διὰ
997 3670 1095 3740 τῆς
1144 3671 1364 3739 μνήμης
1431 3670 1670 3741 σήμερον

75 3764 441 3835 θαυμαστοὺς
472 3764 586 3825 τοῖς
617 3761 934 3833 δυναμένοις
963 3761 1181 3832 βλέπειν
1212 3761 1512 3833 προΐστημι
1532 3779 1545 3792 ·
1578 3761 1671 3815 κό-

76 3859 223 3927 σμδν
251 3856 350 3926 τῆς
387 3854 733 3926 Ἐκκλησίας,
759 3854 851 3907 καὶ
879 3855 1024 3907 λαῶν
1049 3853 1505 3925 εὐφροσύνην,κα“ι
1535 3853 1667 3907 Θεοῦ

1768 2657 2086 2723 suetudine,
2128 2671 2294 2726 quam
2349 2670 2380 2709 a
2414 2654 2721 2725 majoribus
2745 2667 3170 2725 acceperunt,et
3201 2675 3364 2730 ttsqur

1769 2750 1834 2803 ad
1862 2750 1963 2804 hoc
1990 2756 2206 2819 tempus
2233 2756 2591 2813 conservant,
2633 2748 2789 2802 initio
2842 2748 3103 2805 instantis
3137 2753 3365 2815 mensis,

1771 2844 1941 2897 armis
1970 2842 2143 2897 induti
2175 2842 2241 2896 ad
2273 2856 2528 2911 campum
2560 2841 2697 2897 satis
2725 2842 2947 2911 planum
2970 2848 3025 2897 et
3047 2843 3366 2913 aequabilem

1770 2950 1829 2990 se
1850 2932 2163 2999 conferunt,
2207 2933 2299 2988 ubi
2327 2941 2382 2988 et
2410 2948 2679 3002 equorum
2709 2948 2933 2989 cursum
2965 2936 3281 3000 extendere,
3316 2945 3367 2991 et

1770 3043 1860 3082 res
1918 3027 2184 3081 militares
2248 3026 2547 3089 instruere,
2578 3033 2633 3081 et
2686 3026 2870 3081 omnia
2928 3042 3121 3097 pugnae
3168 3044 3366 3099 genera

1771 3119 1925 3174 obire
1976 3119 2086 3173 illis
2124 3118 2253 3172 licet
2287 3135 2300 3171 :
2332 3117 2495 3173 simul
2526 3118 2689 3172 etiam
2725 3120 2853 3172 anni
2897 3122 3360 3177 commemoratio-

1772 3222 1895 3261 nem
1938 3206 2166 3271 faciunt,
2200 3212 2487 3275 totumque
2517 3206 2670 3259 illum
2701 3205 2845 3261 diem
2872 3206 3158 3276 splendide
3179 3218 3367 3280 agunt

1772 3297 1885 3370 Ego
1906 3312 2037 3353 vero
2060 3298 2378 3352 memoriam
2406 3306 2709 3368 martyrum
2741 3297 3049 3365 celebrans,
3073 3316 3235 3369 quam
3268 3302 3351 3372 pri

1772 3388 1861 3443 die
1885 3388 2048 3443 etiam
2080 3388 2237 3444 vobis
2272 3387 2466 3451 indixi,
2514 3389 2879 3460 quadraginta
2910 3388 3113 3446 Christi
3143 3394 3365 3456 milites,

1772 3479 1923 3534 omni
1975 3480 2144 3534 animi
2210 3480 2499 3534 alacritate
2550 3481 2902 3551 superiores,
2957 3484 3025 3538 ad
3087 3478 3366 3541 certamen

1774 3584 2016 3636 armare,
2061 3578 2116 3626 et
2177 3586 2341 3642 quam
2402 3572 2757 3628 admirabiles
2813 3574 2949 3638 sint,
3010 3592 3106 3646 per
3155 3592 3365 3631 mento.

1773 3662 1912 3715 riam
1950 3662 2018 3716 iis
2048 3665 2142 3732 qui
2189 3679 2419 3719 cernere
2464 3675 2675 3734 queunt
2710 3678 3113 3737 repraesentare
3157 3672 3363 3725 consti-

1774 3755 1877 3819 tui,
1922 3756 2180 3823 quivere
2216 3764 2348 3811 sunt
2402 3766 2789 3813 ornamentum
2844 3758 3126 3825 Ecclesiae,
3179 3763 3364 3817 lzetitia

1774 3846 2128 3915 populorum,
2155 3858 2208 3902 et
2238 3849 2408 3919 gloria
2458 3848 2572 3915 Dei,
2605 3852 2700 3920 qui
2747 3851 2858 3908 illis
2896 3853 3069 3908 robur
3105 3856 3362 3926 suppedi-

70 3949 243 4015 δόξαν
288 3946 381 4000 τοῦ
417 3946 822 4016 ἐνισχύσαντος.
876 3948 1134 4018 Ἀριστον
1176 3946 1233 3999 δὲ
1278 3946 1494 4010 πάντως
1520 3984 1535 4009 ,
1576 3945 1666 3999 καὶ

1774 3938 1931 3993 tavit.
1988 3935 2267 4007 Optimum
2338 3948 2520 3996 autem
2594 3949 2679 3996 est
2743 3950 2798 3997 et
2856 3942 3364 4002 fructuosissimum

68 4042 220 4109 ἄγαν
256 4039 532 4102 λυσιτελὲς
565 4041 679 4102 τοῖς
710 4039 807 4110 τῆς
846 4040 1051 4110 ἀρετῆς
1088 4039 1421 4111 διηγήμασι,
1458 4038 1583 4101 τούς
1606 4055 1668 4091 τε

66 4136 239 4198 νέους
287 4130 680 4203 ἐντρέφεσθαι,
732 4132 826 4184 καὶ
869 4129 1238 4202 πνακμάζειν
1280 4132 1407 4195 τοὺς
1444 4132 1663 4202 ἄνδρας.

76 4228 149 4279 Ἣ
193 4223 375 4295 ἀκοὴ,
416 4224 581 4296 μέρος
625 4223 990 4294 καιριώτατόν
1033 4226 1148 4277 ἐστι
1178 4222 1287 4278 τῶν
1337 4223 1665 4295 αἰσθήσεων,

67 4319 170 4372 καὶ
202 4317 307 4387 τῆς
341 4316 517 4386 ὅψεως
559 4317 657 4387 οὐχ
686 4313 848 4388 ἧττον
892 4316 1221 4372 διδακτικόν.
1257 4316 1356 4369 Διὰ
1403 4314 1512 4387 γὰρ
1557 4315 1667 4370 τῶν

66 4409 239 4461 ῶτων
265 4408 515 4478 ἐναργῶς
550 4408 835 4476 ἐπεισάγει
876 4408 975 4477 τὴν
1011 4406 1246 4478 μάθησιν
1279 4409 1400 4470 ταῖς
1426 4406 1626 4477 ψυχαῖς
1648 4420 1666 4438 ο

70 4499 171 4552 καὶ
200 4498 450 4561 κίνδυνος
478 4499 537 4551 οὐ
583 4498 778 4569 μικρὸς
815 4498 957 4552 καλὰ
981 4500 1287 4569 τυγχάνειν,
1320 4498 1353 4570 ἦ
1390 4497 1570 4568 φαῦλα
1596 4499 1667 4552 τὰ

66 4591 422 4661 διηγήματα.
449 4587 548 4643 Οἷα
563 4590 671 4660 γὰρ
692 4592 875 4644 ἐκεῖνα
891 4590 1125 4660 λέγεται,
1151 4590 1405 4663 τοιαύτην
1428 4591 1668 4661 ἐπάναγ-

64 4701 173 4747 κες
212 4684 329 4745 τοῖς
360 4682 642 4753 λογισμοῖς
674 4684 975 4752 φαντασίαν
1002 4683 1315 4753 ἐγγίνεσθαι
1341 4698 1354 4712 ·
1380 4683 1560 4738 ἔννοια
1584 4684 1664 4746 δὲ,

64 4778 171 4830 καὶ
206 4772 416 4846 θεωρία
456 4775 549 4827 τοῦ
579 4773 671 4827 νοῦ
702 4774 960 4847 συνεχὴς,
1005 4778 1085 4839 εἰς
1109 4776 1404 4847 ἐπιθυμίαν
1428 4776 1550 4846 ἄγει
1574 4770 1665 4830 τὸν

63 4866 373 4937 ἄνθρωπον
404 4864 499 4917 τοῦ
538 4867 714 4919 ποιεῖν
742 4866 778 4920 ἄ
805 4866 1098 4936 λογίζεται.
1122 4867 1212 4920 Διό
1239 4885 1329 4938 μοι
1348 4868 1447 4940 τὴν
1463 4867 1666 4939 ἀκρόα-

66 4977 161 5013 σιν
195 4956 527 5028 γαληνῶσαν
576 4959 670 5011 καὶ
703 4959 1104 5030 ἀμετεὼριστον
1137 4961 1493 5031 εὐτρεπίσατε
1514 4979 1527 4992 ·
1578 4961 1664 5016 ἵνα

61 5052 169 5105 καί
202 5052 254 5103 οί
291 5049 555 5121 μακάριοι
614 5050 892 5122 μάρτυρες
920 5051 1194 5123 τιμηθῶσι
1240 5053 1310 5107 τὰ
1350 5053 1661 5125 πρέποντα,

60 5142 169 5194 καὶ
198 5141 366 5209 ὑμεῖς
391 5139 477 5193 διὰ
502 5140 601 5209 τῆς
636 5140 855 5210 μνήμης
879 5140 1202 5211 παιδευθῆτε
1227 5142 1286 5196 τὸ
1311 5141 1531 5205 εὐσεϐὲς
1569 5140 1664 5195 κα)⁵

62 5232 353 5304 φιλόθεον.

153 5509 317 5580 Ἐμοὶ⁸
340 5510 398 5563 δὲ
423 5509 708 5580 πρόκειται
736 5508 957 5573 διπλοῦς
990 5510 1161 5577 ἁγὼν,
1179 5512 1273 5565 καὶ
1290 5511 1407 5577 δέος
1432 5514 1504 5586 μὴ
1531 5513 1664 5569 καθ-

55 5602 288 5675 υϐρίσω
337 5601 437 5673 μὲν
466 5603 567 5673 τὴν
614 5602 870 5655 ὑπόθεσιν
918 5605 984 5674 τῇ
1013 5602 1267 5675 ἀσθενείᾳ
1318 5605 1419 5674 τῆς
1460 5608 1661 5678 ἐξηγή-

54 5713 234 5758 σεως.
290 5695 415 5747 Εἴτε
462 5695 571 5765 γὰρ
616 5696 886 5764 ἐννοήσειέ
942 5714 1025 5758 τις
1063 5696 1227 5748 αὐτοῦ
1274 5696 1369 5750 τοῦ
1418 5699 1475 5751 ἐν
1509 5704 1662 5769 χερσὶ

60 5791 406 5867 πράγματος
440 5787 537 5859 τὴν
568 5788 1062 5860 μεγαλοπρέπειαν,
1090 5789 1233 5845 κατὰ
1272 5792 1469 5856 παντὸς
1501 5792 1660 5859 λόγου

1778 4029 2190 4085 narrationibus
2222 4030 2440 4086 virtutis
2468 4040 2524 4086 et
2570 4048 2754 4088 rerum
2788 4036 3051 4104 praeclare
3079 4047 3363 4107 gestarum

1772 4119 2002 4189 juvenes
2050 4121 2333 4186 innutriri,
2383 4131 2437 4177 et
2482 4123 2550 4178 ad
2600 4125 2815 4180 virilem
2868 4134 3085 4182 etatem
3114 4129 3362 4187 educari.

1775 4209 1909 4266 Nam
1944 4214 2167 4268 auditus
2205 4217 2673 4284 opportunissima
2700 4233 2829 4287 pars
2855 4226 2940 4274 est
2974 4220 3118 4274 inter
3140 4237 3362 4289 sensus,

1775 4317 1879 4357 nec
1927 4304 2110 4360 minus
2159 4305 2224 4359 ad
2267 4305 2597 4361 discendum
2656 4323 2819 4378 quam
2875 4309 3033 4365 visus
3097 4310 3361 4369 confert:

1775 4391 1998 4448 auditus
2032 4395 2178 4449 enim
2210 4395 2516 4450 doctrinam
2560 4397 2616 4452 in
2654 4399 2871 4455 animos
2906 4415 3003 4470 per
3034 4417 3199 4459 aures
3241 4420 3363 4474 per-

1775 4486 1968 4555 spicue
2033 4487 2378 4553 introduxit,
2448 4506 2552 4546 nec
2614 4507 2811 4563 parum
2880 4494 3114 4552 interest
3172 4500 3363 4569 quales

1774 4578 1889 4632 sint
1941 4580 2316 4646 narrationes,
2348 4582 2508 4637 home
2552 4598 2623 4637 an
2677 4586 2854 4651 malae,
2900 4588 3088 4657 probae
3138 4604 3205 4644 an
3262 4591 3363 4644 im-

1773 4670 1962 4740 probae
2000 4690 2012 4725 :
2046 4686 2174 4727 nam
2222 4675 2415 4744 quales
2454 4675 2563 4731 ille
2609 4685 2760 4740 sunt,
2809 4679 2947 4735 tales
2984 4680 3037 4734 in
3071 4681 3362 4751 phantasia

1771 4779 1993 4835 quoque
2039 4765 2309 4838 imagines
2357 4770 2588 4839 produci
2618 4773 2994 4827 necessarium
3048 4783 3133 4830 est
3170 4780 3362 4849 :cogi-

1772 4858 1908 4912 tatio
1938 4868 2119 4915 autem
2150 4869 2204 4915 et
2251 4866 2517 4916 continua
2552 4855 2752 4920 mentis
2802 4869 3223 4938 contemplatio,
3264 4872 3361 4925 ho-

1772 4950 1975 5007 minem
2022 4952 2300 5007 desiderio
2345 4954 2648 5010 incendunt
2688 4957 2757 5012 ad
2808 4960 3081 5030 agendum
3140 4978 3201 5017 ea
3239 4978 3360 5033 quae

1771 5043 2107 5113 cogitatione
2152 5046 2538 5115 apprehendit.
2570 5047 2843 5114 Quocirca
2879 5053 3044 5122 cupio
3080 5062 3141 5107 ut
3174 5055 3359 5125 quiete

1771 5143 1827 5189 et
1876 5134 2086 5204 absque
2140 5136 2373 5207 strepitu
2437 5154 2524 5193 me
2575 5140 2848 5198 dicentem
2898 5145 3156 5212 audiatis,
3204 5156 3263 5201 ut
3306 5156 3358 5203 et

1771 5224 1917 5279 beati
1967 5233 2259 5296 martyres,
2310 5236 2473 5296 prout
2516 5229 2695 5295 decet,
2737 5233 3102 5300 bonorentur,
3152 5252 3359 5307 vosque

1690 5330 1732 5388 ο
1764 5331 1864 5387 per
1895 5328 2197 5389 martyrum
2244 5321 2689 5379 recordationem
2739 5324 2809 5379 ad
2855 5327 3114 5397 pietatem
3154 5330 3359 5403 Deique

1768 5409 1978 5463 cultum
2019 5410 2415 5468 informemini.

1841 5518 1922 5573 Me
1956 5535 2085 5574 vero
2132 5520 2337 5592 duplex
2377 5526 2524 5582 lucta
2571 5537 2626 5583 et
2671 5539 2853 5587 metus
2903 5545 3123 5601 manet,
3174 5554 3241 5594 ne
3270 5537 3358 5593 dia

1767 5612 1929 5667 cendi
1972 5613 2240 5669 tenuitate
2275 5630 2659 5689 argumentum
2714 5624 2959 5681 deteratn
2998 5631 3157 5686 :sive
3208 5634 3355 5689 enim

1764 5706 1891 5775 quis
1935 5707 2035 5768 rei,
2071 5723 2192 5777 qua:
2232 5727 2343 5781 pra:
2385 5716 2645 5771 manibus
2692 5730 2970 5787 versatur,
3021 5728 3355 5795 magnitudi-

1764 5814 1887 5855 nem
1928 5810 1981 5855 et
2029 5801 2369 5871 majestatem
2412 5812 2750 5881 perpendat,
2803 5829 2868 5870 ea
2918 5822 3069 5874 tanta
3118 5828 3244 5890 est,
3293 5828 3355 5879 ut
