3850 6422
538 257 642 314 773

1771 251 1828 304 S.
1881 249 2211 307 GREGORlI
2248 249 2548 308 NYSSEN!

3694 263 3788 316 776

535 381 782 436 omnium
827 376 1182 436 sermonibus
1215 375 1586 446 prmdicetur;
1617 374 1735 429 sive
1781 376 1907 444 quis
1946 374 2113 427 virum

2231 375 2391 446 φέρει
2426 376 2496 429 τὰ
2543 377 2874 448 νικητήρια·
2925 377 3034 430 εἴτε
3077 377 3167 432 τὸν
3217 379 3325 449 πρὸ
3371 379 3528 450 ἡμῶν
3572 380 3656 434 διὰ
3699 383 3792 451 τῆς

543 475 700 530 illum
733 475 1035 537 intueatur,
1065 469 1158 540 qui
1183 475 1311 522 ante
1334 483 1435 522 nos
1468 467 1656 522 beatos
1682 467 1835 536 ipsos
1869 465 2126 520 laudibus

532 567 749 630 extulit,
792 573 846 620 et
890 563 1055 634 quasi
1101 560 1434 616 coronavit:
1466 558 1626 612 viris
1657 572 1952 612 commune
2001 557 2127 610 uni-

534 656 813 713 versitatis
859 654 1186 710 miraculum
1233 659 1340 716 est,
1377 649 1710 707 eruditionis
1758 647 2122 712 Christianae,

533 758 587 804 et
628 763 752 820 qua:
783 747 852 802 ab
907 748 1155 800 externis
1209 742 1412 796 tradita
1463 749 1570 801 est,
1600 747 1858 794 accurata
1907 753 2123 803 norma,

535 839 901 912 philosophiae
958 839 1160 908 imago,
1207 837 1593 903 episcoporum
1649 830 1824 885 forma
1870 841 1923 885 et
1963 830 2124 896 libra,

534 942 718 987 rector
773 919 1057 986 consonus
1109 943 1336 998 operum
1384 925 1549 981 simul
1602 933 1656 978 et
1686 923 1979 978 verborum
2022 923 2122 991 ta).

533 1025 623 1079 cui
660 1021 805 1096 apud
852 1037 1045 1077 omnes
1081 1021 1354 1075 mortales
1405 1017 1584 1090 gloria
1636 1015 1951 1071 indelebilis
1993 1031 2126 1069 cou-

533 1123 678 1180 stat,
728 1117 982 1186 exceptis
1035 1124 1218 1169 tamen
1278 1113 1389 1168 illis
1452 1112 1547 1182 qui
1607 1125 1787 1181 neque
1840 1108 2123 1163 Christum

533 1207 894 1274 blasphemiis
980 1207 1261 1262 incessere
1335 1207 1586 1260 horrent.
1652 1201 2122 1268 Quemadmodum

530 1299 680 1354 enim
735 1301 918 1353 nullus
988 1299 1264 1368 reperitur
1325 1296 1420 1366 qui
1479 1296 1651 1351 solem
1705 1293 2021 1346 illuminare
2070 1299 2126 1345 et

533 1391 842 1446 calefacere
887 1390 1098 1444 abnuat
1130 1409 1144 1442 :
1177 1388 1257 1443 sic
1293 1402 1456 1441 nemo
1491 1383 1828 1440 inliciabitur
1863 1397 2122 1452 magnum

533 1482 801 1539 Basilium
852 1482 1098 1536 omnium
1134 1480 1395 1532 virtutum
1437 1476 1850 1548 pulchritudine
1893 1473 2125 1528 decora-

534 1586 652 1631 tum
701 1591 822 1630 esse
856 1593 870 1629 :
903 1573 1159 1628 sublimis
1204 1571 1372 1641 igitur
1422 1569 1516 1624 ille
1564 1565 1884 1623 sublimium
1934 1566 2125 1620 lauda-

2229 466 2424 520 ἑαυτοῦ
2457 468 2648 536 σοφίας
2683 469 3104 537 στεφανώσαντα
3134 471 3261 534 τοὺς
3296 471 3520 539 ἀγίους’
3568 472 3702 545 ἀνὴρ
3731 468 3788 527 οὗ

2225 558 2288 611 τὸ
2336 558 2521 628 θαῦμα
2561 559 2662 630 τῆς
2709 561 3035 632 οἰκουμένης
3068 563 3283 616 κοινόν·
3313 565 3560 629 παιδείας
3598 566 3693 634 τῆς
3732 584 3791 620 τε

2229 652 2380 722 παρὰ
2403 654 2748 723 Χριστιανοῖς
2767 693 2781 718 ,
2822 659 2915 709 καὶ
2946 655 3047 726 τῆς
3080 655 3298 722 ἔξωθεν,
3331 659 3511 713 κανὼν
3542 660 3787 731 ἀκριϐὴς,

2227 744 2544 814 φιλοσοφίας
2581 745 2828 815 ἄγαλμα,
2853 749 3166 802 ἐπισκόπων
3202 750 3373 812 τύπος
3401 752 3495 805 καὶ
3537 753 3786 815 κίνδυνος,

2226 834 2544 900 διδάσκαλος
2576 837 2755 907 έργων
2780 837 2874 890 καὶ
2905 837 3077 905 λόγων
3107 840 3394 912 σύμφωνος
3412 857 3428 872 ο
3459 845 3609 914 παρὰ
3636 847 3791 898 πᾶσιν

2227 926 2535 999 ἀνθρώποις
2587 927 3058 997 ἀνανταγώνιστον
3096 930 3232 1000 ἔχων
3281 933 3380 1005 τὴν
3427 936 3786 1007 εὐδοκίμησιν,

2226 1020 2366 1090 πλὴν
2405 1022 2452 1073 εί
2486 1019 2560 1091 μὴ
2593 1021 2720 1092 παρ’
2745 1015 2826 1084 οἷς
2852 1021 2972 1074 οὒδέ
3005 1021 3238 1092 Χριστός
3268 1023 3412 1078 ἐστιν
3436 1027 3789 1098 ἀϐλασφὴμηο

2225 1129 2335 1175 τος.
2378 1113 2467 1175 Ὠς
2495 1112 2604 1184 γὰρ
2633 1112 2806 1176 οὐδεὶς
2846 1111 3127 1181 ἀντιλέγει
3159 1114 3414 1182 φωτίζειν
3457 1121 3545 1171 καὶ
3572 1119 3793 1190 θερμαί·
3813 1126 3824 1133 “

2226 1223 2336 1258 νειν
2375 1204 2463 1257 τὸν
2503 1204 2673 1275 ἥλιον,
2706 1203 2878 1268 οὕτως
2906 1205 3028 1257 ούδέ
3073 1206 3163 1258 τὸν
3194 1206 3366 1276 μέγαν
3395 1207 3665 1263 Βασίλειον
3698 1213 3796 1264 ἀν·-

2225 1295 2373 1364 τερεῖ
2404 1311 2485 1357 τις
2508 1332 2522 1354 ,
2566 1293 2641 1364 μὴ
2667 1296 2832 1348 παντὶ
2859 1295 2938 1366 τῷ
2961 1295 3146 1349 κάλλει
3168 1298 3266 1366 τῆς
3291 1297 3490 1367 ἀρετῆς
3521 1303 3793 1373 κεκοσμῆ-

2227 1386 2370 1439 σθαι.
2408 1385 2644 1456 ’Υψηλὸς
2669 1386 2767 1458 μὲν
2795 1383 2888 1441 οὖν
2913 1388 3022 1441 τῶν
3052 1387 3274 1459 ὑψηλῶν
3299 1391 3582 1462 ἐπαινέτης
3604 1435 3618 1459 ,
3642 1396 3795 1463 ἅγιος

2225 1476 2333 1530 τῶν
2368 1478 2537 1546 ἁγίων
2577 1479 2953 1550 θεραπευτήςο
2989 1479 3132 1534 κατὰ
3165 1479 3264 1552 τὴν
3309 1482 3613 1554 προσοῦσαν
3634 1488 3792 1540 δύναο
3827 1537 3836 1554 ,

2228 1588 2318 1640 μιν
2349 1570 2756 1642 ἀποπληρώσας
2786 1575 2898 1637 τοῖς
2928 1573 3210 1644 ἀριστεῦσι
3235 1574 3296 1627 τὸ
3322 1573 3512 1646 γέρας.
3547 1576 3695 1646 Ἐμοὶ
3732 1581 3790 1634 δὲ

534 1678 644 1732 tor,
693 1676 1031 1736 sanctusque
1085 1673 1405 1720 sanctorum
1453 1663 1654 1725 cultor,
1704 1675 1806 1730 pro
1859 1659 2113 1714 facultate

2223 1667 2284 1718 ού
2327 1665 2415 1718 διὰ
2463 1663 2622 1719 τοῦτο
2667 1665 3003 1737 σιωπητέονο
3049 1667 3350 1739 ἐπειδήπερ
3394 1669 3461 1722 τά
3509 1668 3799 1741 θαυμαστὰ

531 1777 640 1833 qua
685 1762 953 1832 pollebat.
991 1760 1218 1830 inclytis
1269 1756 1575 1811 victoribus
1625 1754 1870 1808 debitum
1917 1767 2113 1806 munus

2229 1747 2480 1827 μεγάλως
2523 1757 2560 1809 ὁι
2590 1732 2877 1826 προλαϐών
2914 1732 3250 1830 διεκήρυξεν..
3394 1761 3503 1831 γάρ
3543 1732 3658 1814 ἐστι
3700 1761 3796 1815 νῦν

529 1854 810 1925 dependit.
864 1852 1133 1907 Caeterum
1177 1867 1266 1906 me
1319 1866 1425 1904 non
1473 1848 1596 1902 ideo
1647 1857 1833 1902 tacere
1880 1853 2119 1916 oportet,

529 1948 658 2018 quia
699 1947 790 2002 ille
829 1947 983 2018 prius
1019 1943 1314 2015 magnifice
1343 1951 1646 2012 martyrum
1683 1939 2003 1993 admiramla
2038 1935 2121 1990 fa-

529 2052 622 2096 cta
665 2038 1076 2110 depriedicavit,
1121 2053 1231 2092 non
1275 2036 1421 2090 enim
1466 2037 1518 2088 in
1557 2036 1812 2101 praesenti
1855 2047 1978 2087 cum
2029 2033 2121 2084 illo

530 2143 750 2188 certare
813 2131 1200 2196 instituimus,
1242 2130 1337 2184 sed
1385 2129 1442 2183 in
1491 2126 1545 2181 id
1595 2125 2005 2199 incumbimus,
2066 2130 2122 2176 ut

530 2230 694 2285 vobis
731 2227 1081 2284 auditoribus
1109 2225 1315 2296 aliquid
1351 2224 1605 2279 utilitatis
1637 2221 1931 2276 afl'eramus
1976 2238 1989 2274 :

2223 1851 2252 1903 ό
2289 1849 2489 1913 σκοπὸς
2533 1850 2736 1920 ἅμιλλα
2766 1850 2897 1919 πρδς
2933 1851 3022 1904 τὸν
3057 1852 3336 1922 εἰρηκότα,
3364 1852 3476 1905 ἀλλ’
3523 1853 3673 1924 ὑμῶν
3694 1853 3796 1922 τῆς

2222 1939 2330 1995 τῶν
2355 1943 2663 1995 ἀκουόντων
2695 1942 2963 2010 ὠφελείας
2991 1943 3280 2012 ἐπιμέλεια
3299 1960 3313 1974 ⁸
3344 1945 3542 2013 ὠφελεῖ
3574 1946 3631 1998 δὲ
3667 1946 3796 1998 ἕκα-

2227 2049 2349 2096 στος
2375 2032 2594 2095 πάντως
2630 2031 2706 2096 ὡς
2731 2031 2971 2097 δύναται,
3009 2033 3111 2102 τῆς
3147 2033 3497 2098 ἀπολαύσεως
3537 2036 3644 2091 τῶν
3673 2054 3794 2107 μει-

2227 2125 2394 2188 ζόνων
2419 2125 2571 2195 παρά
2598 2124 2722 2177 τῶν“
2736 2124 3149 2196 πλουσιωτέρων
3180 2127 3612 2200 χορηγουμένης.

2047 2219 2195 2288 capit
2235 2231 2417 2275 autem
2469 2222 2716 2291 qualibet
2779 2221 3004 2276 omnino
3041 2232 3204 2293 prout
3251 2232 3452 2295 potest,
3504 2239 3570 2279 ex
3633 2224 3799 2283 rebus

532 2326 858 2383 melioribus
897 2325 1227 2386 utilitatem,
1279 2322 1502 2391 quando
1555 2321 1624 2376 ab
1675 2317 2110 2390 opulentioribus
2150 2317 2620 2372 subministratur.

605 2419 776 2489 Igitur
815 2415 1178 2488 quadraginta
1229 2414 1320 2468 isti
1357 2411 1542 2467 ofﬁcio
1585 2413 1821 2482 vitaeque
1850 2409 2114 2464 instituto

528 2513 734 2567 milites
781 2520 969 2572 erant,
1011 2507 1261 2562 Bottiano
1310 2503 1624 2574 imperatori
1663 2501 1953 2564 auctorati,
2010 2498 2114 2553 fide

528 2599 836 2658 Christiani
865 2637 881 2662 ,
906 2605 961 2653 et
1005 2597 1276 2668 religione
1312 2595 1412 2665 pii.
1449 2593 1747 2663 Postquam
1783 2606 1912 2644 vero
1943 2591 1990 2644 is
2019 2586 2112 2658 qui

529 2694 642 2749 illis
659 2694 1004 2764 temporibus
1036 2691 1334 2761 imperium
1365 2688 1608 2751 tenebat,
1639 2701 1784 2740 unus
1813 2700 1878 2738 ex
1914 2697 2111 2738 eorum

531 2800 766 2842 numero
812 2785 907 2855 qui
967 2784 1154 2870 plures
1221 2783 1357 2836 deos
1413 2781 1702 2844 colebant,
1770 2775 2113 2831 dannonibus

527 2880 785 2935 acerbum
828 2879 879 2933 ei
904 2867 1198 2932 consilium
1244 2885 1300 2930 et
1342 2872 1625 2928 decretum
1671 2867 2108 2941 suggerentibus,

526 2986 671 3028 nova
710 2974 825 3042 lege
875 2979 930 3024 et
969 2982 1114 3023 novo
1155 2965 1344 3020 edicto
1373 2964 1722 3018 Christianos
1771 2958 2110 3029 exagitabat,

532 3063 809 3118 mandans
837 3068 899 3115 ut
930 3073 1125 3113 omnes
1168 3055 1400 3118 subditi,
1444 3065 1538 3108 aut
1566 3051 1911 3108 daemonibus
1947 3050 2110 3104 thura

525 3152 833 3213 adolerent,
879 3155 975 3202 aut
1037 3145 1143 3200 hoc
1184 3145 1365 3200 facere
1406 3143 1804 3206 detrectantes,
1859 3139 1982 3193 neci
2027 3137 2116 3194 de-

525 3237 806 3300 derentur,
836 3244 891 3290 et
923 3243 1052 3288 ante
1087 3241 1321 3288 mortem
1365 3240 1482 3285 toto
1525 3246 1762 3300 corpore
1800 3229 1957 3283 omni
1993 3244 2116 3284 cru-

527 3330 709 3386 ciatus
728 3342 936 3399 genere
982 3326 1556 3392 excarnilicareutur;
1597 3333 1729 3379 tunc
1767 3321 2115 3394 tyrannicam

525 3418 918 3478 truculentiam
967 3416 1187 3486 Deoque
1218 3415 1452 3469 invisam
1494 3413 1666 3483 legem
1701 3427 1800 3482 pro
1833 3408 2115 3465 fortitudi-

527 3512 616 3566 nis
675 3510 1032 3566 ostendendze
1089 3523 1225 3562 ansa
1290 3507 1433 3562 beati
1482 3505 1574 3559 isti
1640 3505 2007 3574 arripientes,
2059 3510 2116 3558 et

527 3604 770 3660 seorsim.
798 3603 869 3658 ab
898 3603 1026 3659 aliis
1057 3601 1326 3657 militibus
1361 3598 1624 3653 eximiam
1657 3606 1714 3652 et
1744 3596 1973 3651 Christo
2017 3596 2115 3651 de-

527 3695 698 3750 ditam
733 3693 1015 3749 cohortem
1061 3691 1496 3750 constituentes.
1538 3702 1662 3758 qua:
1707 3687 1911 3741 virtute
1949 3685 2115 3756 spiri-

528 3797 620 3845 tus
653 3789 936 3850 militaret.
993 3799 1182 3858 aperte
1213 3801 1337 3843 sese
1381 3783 1730 3840 detestandis
1773 3781 1975 3837 litteris
2017 3795 2115 3851 op-

529 3888 864 3952 posuerunt,
925 3887 981 3935 et
1037 3877 1387 3934 coiicor-diter
1428 3891 1644 3937 omnes.
1690 3873 1839 3928 velut
1887 3889 1955 3928 ex
2003 3887 2114 3927 uno

525 3989 646 4038 ore,
679 3973 842 4030 fidem
879 3983 1121 4028 nostram
1149 3969 1385 4041 professi
1419 3977 1570 4032 sunt,
1603 3968 1875 4027 dicentes.
1908 3973 2116 4020 morta-

526 4069 634 4125 lem
668 4067 814 4123 banc
839 4074 895 4123 et
930 4065 1195 4121 caducam
1223 4065 1392 4118 vitam
1422 4076 1612 4134 parum
1655 4061 1762 4117 sibi
1791 4075 1938 4115 cura;
1968 4074 2110 4120 esse.

527 4175 704 4230 seque
731 4157 968 4214 libenter
997 4171 1231 4226 corpora
1263 4169 1362 4209 sua
1389 4154 1555 4208 variis
1589 4161 1986 4207 tormentorum
2017 4164 2112 4219 ge-

527 4251 760 4307 neribus
823 4248 1202 4319 exposituros.
1274 4246 1625 4316 Quapropter
1685 4244 1926 4298 crudelis
1981 4243 2112 4312 legis

2281 2409 2621 2480 Στρατιῶται
2648 2409 2746 2480 μέι
2772 2404 2866 2462 οὖν
2891 2410 2942 2463 οί
2982 2410 3413 2481 τεσσαράκοντα,
3441 2412 3535 2465 τοῦ
3558 2413 3675 2484 βίου
3698 2436 3802 2490 την

2211 2498 2364 2564 τάξιν
2405 2499 2614 2570 βασιλεῖ
2656 2501 2763 2554 τῶν
2807 2502 3095 2572 Ῥωμαίων
3138 2503 3444 2557 ὁπλιτεύειν
3495 2507 3800 2577 λαχόντες,

2211 2589 2526 2661 Χριστιανοὶ
2542 2593 2598 2646 δὲ
2619 2593 2716 2664 τὴν
2740 2593 2950 2658 πίστιν,
2976 2596 3070 2648 καὶ
3090 2595 3334 2659 εὐσεϐεῖς
3348 2596 3444 2668 τὴν
3467 2597 3800 2671 θρησκείαν.

2224 2684 2442 2750 Ἐπειδὴ
2478 2684 2536 2737 δὲ
2572 2687 2601 2738 ὁ
2639 2685 2942 2756 τηνικαῦτα
2987 2686 3236 2758 κρατῶν,
3267 2684 3346 2752 εἷς
3389 2687 3462 2742 ῶν
3490 2691 3602 2744 τῶν
3633 2694 3805 2749 πολυε

2220 2774 2378 2835 θέων.
2412 2776 2682 2847 δαιμόνων
2727 2777 2876 2848 αὑτῷ
2915 2779 2975 2832 τὸ
3005 2779 3197 2850 πικρὸν
3242 2779 3590 2851 ὑποθεμένων
3621 2786 3808 2840 ἐκεῖνο

2221 2866 2526 2938 βούλευμα,
2556 2867 2727 2939 καινῷ
2777 2869 2926 2940 νόμῳ
2965 2871 3059 2924 καὶ
3115 2871 3401 2942 γράμματι
3435 2874 3808 2945 Χριστιανοὺς

2219 2959 2415 3030 ἤλαυνε
2437 2999 2450 3018 .
2483 2959 2743 3023 κελεύσας
2771 2959 2980 3023 πάντας
3007 2961 3130 3023 τοὺς
3161 2962 3434 3031 ὑπηκόους
3457 3002 3471 3024 ,
3493 2963 3528 3034 ἢ
3559 2965 3622 3018 τὸ
3651 2966 3804 3021 λιϐα-

2215 3051 2383 3104 νωτὸν
2409 3050 2680 3120 ἐναγίζειν
2704 3055 2816 3115 τοῖς
2847 3051 3118 3122 δαίμοσιν,
3159 3053 3191 3125 ἦ
3218 3053 3376 3107 τοῦτο
3403 3055 3477 3128 μὴ
3507 3059 3806 3125 ποιοῦντας

2218 3141 2432 3213 θανάτῳ
2462 3141 2940 3208 καταδικάζεσθαι.
2988 3145 3080 3197 καὶ
3110 3145 3216 3216 πρό
3252 3163 3314 3214 γε
3348 3147 3449 3218 τῆς
3497 3149 3762 3219 τελευτῆς
3788 3194 3804 3216 ,

2216 3237 2382 3288 παντὶ
2406 3235 2483 3306 τῷ
2516 3235 2731 3307 σώματι
2755 3235 2956 3300 πολλὰς
2992 3237 3283 3308 ὑπομένειν
3308 3239 3405 3303 τὰς
3430 3241 3611 3306 λώὸας
3637 3260 3651 3272 ο
3674 3247 3804 3298 τότε

2215 3328 2279 3398 δὴ
2307 3328 2452 3393 τότε,
2486 3327 2585 3398 τὴν
2609 3328 2938 3400 τυραννικὴν
2968 3329 3248 3400 ὠμότητα,
3279 3333 3371 3384 καὶ
3406 3333 3496 3386 τδν
3540 3336 3803 3403 μισόθεον

2216 3421 2399 3489 νόμον.
2423 3419 2788 3491 ἀνδραγαθίας
2814 3421 3023 3474 ἑαυτῶν
3045 3423 3092 3474 οί
3117 3424 3376 3495 μακάριοι
3399 3429 3770 3498 ποιησάμενοι
3787 3473 3801 3495 ,

2216 3513 2310 3565 καὶ
2348 3511 2455 3564 τῶν
2487 3510 2662 3564 ἄλλων
2713 3509 2811 3580 μὲν
2847 3511 3253 3583 ἀπορραγέντες
3283 3516 3657 3584 στρατιωτῶν,
3697 3522 3803 3588 φά-
3834 3506 3835 3509 ¹

2215 3603 2394 3672 λαγγα
2421 3603 2696 3674 ἐξαίρετον
2726 3605 2820 3659 καὶ
2852 3605 3196 3676 φιλόχριστον
3227 3610 3711 3686 συγκροτήσαντες
3735 3617 3804 3682 τῇ

2213 3697 2438 3768 δυνάμει
2486 3700 2968 3771 στρατηγουμένην
3012 3701 3105 3754 τοῦ
3147 3701 3499 3772 Πνεύματος,
3542 3707 3806 3777 φανερῶς

2214 3792 2442 3856 ἑαυτοὺς
2466 3795 2578 3856 τοῖς
2608 3795 2826 3864 μιαροῖς
2852 3792 3316 3864 ἀντικατέστησαν
3338 3796 3636 3867 γράμμασι
3656 3814 3671 3829 ο
3706 3801 3808 3852 zai

2217 3881 2506 3952 σύμφωνον
2537 3881 2766 3947 πάντες,
2791 3880 2868 3944 ὡς
2911 3883 2974 3936 ἐκ
3005 3885 3133 3954 μιᾶς
3164 3884 3410 3957 γλώττης
3432 3925 3448 3950 ,
3474 3887 3576 3959 τὴν
3611 3889 3806 3942 πίστιν

2214 3969 2370 4040 ήμῶν
2429 3969 2744 4042 ἐξεὸόησαν,
2799 3972 2994 4043 μικρὸν
3041 3975 3348 4045 φροντίζειν
3395 3975 3652 4046 λέγοντες
3697 3980 3808 4050 τῆς

2213 4061 2552 4133 προσκαίρου
2585 4061 2789 4134 ταύτης
2829 4065 3008 4135 ζωῆς,
3041 4067 3135 4119 καὶ
3183 4067 3445 4139 παρέχειν
3488 4068 3688 4123 ἐκδοτα
3736 4072 3835 4124 τάκ

2213 4153 2443 4224 σώματα
2484 4153 2758 4218 ποικίλαις
2798 4155 3071 4209 κολάσεων
3122 4157 3309 4221 ἰδέαις.
3365 4157 3424 4214 Ὀ
3460 4161 3646 4214 τοίνυν
3698 4162 3805 4216 τοῦ

2215 4244 2391 4316 βιαίου
2422 4245 2588 4316 νόμου
2622 4246 3088 4318 τυραννικώτερος
3118 4249 3393 4321 ὑπηρέτης
3413 4291 3429 4314 ,
3452 4255 3806 4323 καταμαθὼν

527 4343 813 4398 crudelior
841 4346 1138 4395 exsecutor
1174 4348 1229 4392 et
1274 4339 1625 4400 administer,
1665 4336 1942 4391 intellecta
1984 4351 2112 4390 san-

2221 4338 2326 4392 τῶν
2357 4337 2530 4406 ἁγίων
2576 4337 2675 4409 τὴν
2712 4337 2984 4404 ἔνστασιν,
3023 4341 3310 4412 ἰσόρροπον
3350 4341 3585 4409 ἔσπευσε
3617 4363 3807 4417 μηχα-

528 4445 745 4492 ctorum
770 4443 974 4496 mente,
998 4431 1130 4484 illud
1152 4430 1461 4493 contendit,
1484 4438 1544 4482 ut
1566 4427 1835 4482 alacritati
1858 4439 1912 4481 et
1928 4443 2110 4498 prom-

531 4526 793 4599 ptitudini
836 4524 989 4594 paria
1031 4523 1305 4594 supplicia
1334 4522 1642 4586 adhiberet,
1675 4529 1730 4575 et
1771 4522 1984 4574 animos
2021 4521 2108 4574 in-

531 4617 779 4689 trepidos
811 4625 869 4671 et
899 4616 1303 4686 imperterritos
1347 4629 1489 4668 novo
1524 4624 1580 4668 et
1617 4612 1884 4668 inusitato
1916 4612 2106 4665 formi-

530 4711 680 4766 dinis
733 4708 1070 4764 incutiendm
1111 4707 1276 4762 modo
1321 4705 1701 4760 terrefaceret.
1751 4703 1807 4759 Si
1846 4703 2111 4774 gladium,

530 4802 748 4873 inquit,
796 4801 910 4855 illis
949 4801 1284 4862 comminer,
1351 4813 1542 4867 parum
1591 4797 2113 4859 commovebuntur,

531 4908 716 4965 neque
751 4907 951 4947 manus
999 4890 1233 4953 dabunt,
1293 4896 1423 4942 sunt
1467 4887 1613 4941 enim
1645 4886 1746 4942 viri
1791 4886 1862 4942 ab
1895 4887 2116 4943 ineunte

529 4995 690 5043 atate
722 4985 777 5039 in
822 4983 996 5038 armis
1039 4981 1256 5036 educati
1301 4988 1356 5035 et
1395 4995 1545 5032 arma
1589 4979 1732 5035 ferre
1780 4966 2006 5034 assueti.
2057 4978 2114 5032 Si

531 5083 638 5136 alia
685 5088 1088 5135 tormentorum
1139 5088 1340 5145 genera
1397 5073 1505 5128 illis
1550 5072 1806 5139 inferam,
1846 5089 2112 5144 generose

531 5174 870 5237 tolerabunt,
917 5178 1108 5240 utpote
1151 5168 1243 5238 qui
1292 5166 1572 5236 plagarum
1597 5175 1651 5220 et
1674 5167 1967 5220 vulnerum
1993 5165 2114 5218 diu-

534 5277 757 5321 turnam
810 5261 1209 5335 experientiam
1260 5260 1521 5314 habeant.
1564 5256 1755 5329 Neque
1810 5258 1952 5328 ignis
1998 5258 2111 5312 for-

535 5357 729 5412 midini
777 5364 864 5410 est
918 5356 1051 5414 illis.
1111 5352 1205 5422 qui
1257 5354 1351 5415 ita,
1410 5361 1468 5404 ut
1501 5350 1616 5414 isti,
1673 5351 1944 5405 obdurato
1983 5357 2112 5404 sunt

536 5462 777 5521 pectore.
817 5449 949 5504 Eam
988 5447 1058 5504 ob
1100 5461 1324 5500 causam
1379 5444 1805 5516 excogitandum
1852 5452 1938 5499 est
1977 5458 2110 5512 sup-

535 5544 784 5617 plicium,
815 5542 961 5614 quod
990 5552 1046 5598 et
1079 5541 1533 5596 molestissimum
1573 5539 1875 5593 cruciatum
1908 5537 2105 5608 pariat,

2217 4429 2481 4501 νήσασθαι
2511 4430 2610 4499 τῆς
2651 4430 2960 4501 προθυμίας
2997 4430 3098 4500 τὴν
3126 4433 3420 4504 τιμωρίαν,
3455 4435 3547 4488 καὶ
3592 4435 3808 4507 ψυχαῖς

2215 4524 2518 4586 ἀνενδότοις
2545 4523 2738 4595 καινὴν
2767 4526 2863 4577 καὶ
2895 4525 3194 4597 παράδοξον
3242 4529 3533 4598 ἐπινοήσας
3559 4530 3807 4586 δειλίαν.

2219 4616 2315 4668 “Av
2351 4616 2410 4668 τὸ
2439 4615 2591 4685 ξίφος
2618 4617 2799 4680 αὐτοῖς
2825 4618 3126 4688 ἀπειλήσω,
3163 4620 3318 4688 φησὶ,
3362 4620 3557 4690 μικρὸς
3583 4624 3669 4684 εἰς
3713 4642 3812 4676 κα-

2209 4706 2475 4775 τάπληξιν
2498 4708 2528 4759 ὁ
2557 4708 2738 4776 φόὸος,
2768 4708 2861 4762 καὶ
2884 4709 3133 4778 οὐδαμῶς
3163 4709 3560 4780 ὑποκύψουσινε
3597 4714 3811 4787 ἄνδρες

2211 4798 2320 4865 γάρ
2353 4801 2491 4851 εἰσιν
2515 4799 2572 4851 ἐν
2606 4799 2788 4862 ὅπλοις
2812 4801 2874 4852 ἐκ
2899 4798 3103 4851 παίδων
3131 4800 3411 4870 ζήσαντες,
3443 4803 3537 4854 καὶ
3573 4805 3811 4877 σίδηρον

2214 4888 2400 4958 φέρειν
2455 4887 2770 4958 εἰθισμένοι.
2839 4888 2966 4943 Ἐὰν
3015 4890 3180 4954 ἄλλας
3221 4891 3402 4956 αὐτοῖς
3448 4900 3816 4967 προσαγάγω

2214 4979 2480 5044 κολάσεις,
2520 4980 2784 5048 γενναίως
2842 4980 3362 5054 ἐγκαρτερήσουσιν,
3408 4985 3506 5037 οὐκ
3543 4986 3816 5058 ἀπείρως

2215 5073 2430 5144 ἔχοντες
2468 5073 2714 5144 πληγῶν,
2748 5073 2842 5128 καὶ
2873 5075 3218 5146 τραυμάτων·
3267 5075 3388 5129 οὐδὲ
3425 5076 3487 5128 τὸ
3518 5077 3641 5149 πῦρ
3676 5080 3816 5132 ἐστι

2215 5167 2445 5240 φοϐερὸν
2473 5169 2584 5230 τοῖς
2612 5167 2960 5232 ἐνστατικῶς,
2990 5168 3066 5230 ὼς
3097 5162 3259 5232 οὗτοι,
3290 5167 3685 5239 διακειμένοις.
3715 5172 3820 5224 Διὸ

2214 5261 2492 5332 προσῆκεν
2512 5259 2861 5331 ἐξευρεθῆναι
2883 5261 3172 5331 τιμωρίαν,
3200 5260 3235 5331 ἡ
3269 5260 3363 5313 καὶ
3389 5260 3488 5329 τήν
3507 5261 3819 5331 ἐνέργειαν

2213 5353 2324 5418 ἔξει
2355 5353 2453 5423 τῆς
2473 5352 2762 5423 ἀλγηδόνος
2781 5350 3064 5423 ὀδυνηρὰν,
3097 5352 3191 5405 καὶ
3218 5350 3310 5404 τὸν
3331 5351 3521 5424 χρόνον
3554 5353 3815 5424 μακρὸν,

2216 5447 2312 5499 καὶ⁵
2350 5445 2713 5516 παρέλκοντα.
2747 5443 2812 5496 Τί
2843 5438 2937 5497 οὖν
2967 5442 3242 5515 ἐπιμελῶς
3264 5443 3628 5498 ἐΰουλεύσατο
3655 5448 3813 5499 κατὰ

2215 5538 2323 5590 τῶν
2351 5537 2522 5606 ἀγίων
2547 5538 2574 5589 ὁ
2593 5536 2701 5590 τῶν
2725 5534 2912 5591 κακῶν
2938 5537 3225 5609 σοφιστής;
3259 5535 3370 5591 Καὶ
3400 5538 3769 5608 μεριμνήσας
3794 5579 3811 5603 ,

611 5727 687 5799 (α)
729 5727 999 5800 Loquitur
1035 5731 1102 5787 de
1137 5729 1196 5786 S.
1233 5728 1459 5800 Basilio,
1491 5729 1651 5801 cujus
1688 5729 1866 5805 etiam.
1893 5736 2072 5787 exstat
2109 5725 2299 5801 Oratio
2325 5729 2380 5784 in
2413 5743 2482 5784 ιιι.
2522 5725 2814 5797 Martyres.
