3850 6412
178 257 284 316 777

1270 249 1335 304 IN
1373 243 1877 316 QUADHAGINTA
1937 245 2344 308 MARTYRES.

3339 243 3440 311 778'

175 373 338 449 εὗρεν
377 375 614 437 ἐναέριον
640 365 902 428 κίνδυνον,
925 363 986 418 ὃν
1011 365 1298 438 πρόχειρον
1323 364 1471 434 αὑτῷ
1496 367 1746 435 παρεῖχεν

1856 371 1912 418 et
1948 374 2194 435 tempore
2245 367 2382 420 satis
2425 366 2590 438 longo
2619 367 2802 427 duret.
2843 367 2987 436 Quid
3024 369 3192 442 igitur
3219 375 3442 430 consilii

173 472 204 524 ό
225 467 440 532 καιρὸς,
471 459 566 513 καὶ
587 461 620 529 ἡ
642 458 814 529 χώρα.
850 457 912 512 Ὀ
936 458 1036 527 μὲν
1057 459 1167 528 γὰρ
1195 456 1406 529 καιρὸς,
1432 452 1499 526 ἦν
1521 455 1755 526 χειμών·

172 561 202 612 ὁ
223 560 279 608 δὲ
315 552 483 614 τόπος
502 591 518 615 ,
563 549 822 620 Ἀρμενία
843 591 857 613 ,
887 551 922 618 ἡ
955 549 1245 621 πρόσοικος
1287 546 1471 620 χώρα,
1503 547 1580 611 ὼς
1606 547 1719 600 ἴστε
1740 591 1755 614 ,

168 644 552 716 δυσχείμεροςο
579 641 698 694 οὐδὲ
722 640 819 712 τὴν
849 639 944 693 τοῦ
971 640 1162 711 θέρους
1193 639 1342 712 ὥραν
1371 638 1619 711 ἀλεεινὴν
1644 641 1757 702 τοῖς

171 734 446 790 ἐνοικοῦσι
479 733 796 804 παρέχουσα
821 772 836 797 ,
863 730 1000 785 ἀλλὰ
1025 731 1279 785 τοσοῦτον
1309 729 1610 802 ἀγαπητῶς
1636 729 1756 783 θαλ-

170 829 388 899 πομὲνη
411 866 426 888 .
460 827 585 880 ὅσον
611 823 872 897 ἐκθρέψαι
894 825 986 879 τὸν
1018 824 1291 894 ἀσταχυνο
1329 823 1577 894 ἀμπέλου
1610 821 1666 876 δὲ
1695 825 1755 875 τὸ

168 915 340 985 φυτὸν
376 915 507 986 παρ’
537 915 722 976 αὐτοῖς
766 911 864 965 καί⁸
895 911 1190 982 ἠγνόηται·
1233 910 1328 963 καὶ
1352 911 1380 963 ὁ
1413 909 1488 980 μὴ
1538 909 1754 981 μακρὰν

167 1007 517 1079 ἐκδημήσας,
548 1004 741 1076 βότρυν
764 1004 865 1057 οὐκ
891 999 1031 1057 οἶδεν
1051 1018 1065 1031 ’
1093 1005 1275 1074 ἐρωτᾷ
1293 1002 1351 1056 δὲ
1387 1004 1517 1072 περὶ
1557 1018 1754 1069 σταφυ-

164 1099 270 1172 λῆς
301 1091 460 1162 οὗτος
483 1141 498 1164 ,
530 1098 606 1161 ὡς
633 1099 795 1168 ἡμεῖς
825 1096 953 1167 περὶ
986 1094 1098 1148 τῶν
1125 1097 1256 1165 παρ’
1313 1094 1494 1158 Ἰνδοῖς
1533 1096 1754 1165 γινομέ-

163 1208 302 1246 νων.
320 1191 469 1244 Ἐκεῖ
491 1189 668 1261 χιόνος
690 1187 858 1260 οὔσης
883 1186 1176 1257 ἀνατέμνει
1196 1185 1294 1256 τὴν
1315 1186 1420 1255 γῆν
1438 1187 1466 1238 ὁ
1491 1187 1750 1258 σπείρων,

164 1284 270 1337 καὶ
297 1282 390 1335 τὸν
419 1281 634 1354 ἄμητον
667 1278 1081 1350 καταλαμϐάνει
1111 1276 1306 1346 νιφὰς·
1348 1278 1444 1330 καὶ
1485 1277 1578 1330 τὸν
1614 1278 1753 1348 θερι-

165 1377 308 1446 στὴν
353 1374 680 1428 ἀποδύουσιν
725 1372 951 1439 ἄνεμοι,
986 1367 1052 1422 ἂν
1087 1368 1163 1438 μὴ
1196 1368 1401 1439 σφόδρα
1442 1370 1751 1440 καταδήσας

162 1468 366 1550 ἑαυτὸν
407 1468 522 1529 τοῖς
555 1463 788 1536 ἱματίοις
808 1500 822 1524 ,
851 1459 990 1531 πρὸς
1015 1459 1114 1532 τὴν
1140 1458 1262 1529 βίαν
1290 1459 1400 1514 τῶν
1426 1461 1750 1531 πνευμάτων

157 1551 580 1631 διαγωνίσηται.
612 1553 950 1623 Μετόπωρον
981 1551 1037 1605 δὲ
1065 1551 1160 1604 καὶ
1191 1550 1294 1623 ἔαρ
1333 1551 1521 1624 σχεδὸν
1549 1551 1651 1605 οὐκ
1680 1553 1751 1604 εἰ·

159 1655 279 1718 σἰν,
312 1653 389 1716 ὼς
411 1647 557 1718 παρά
580 1644 752 1700 κακοῦ
783 1644 1022 1713 γείτονος
1050 1643 1145 1697 τοῦ
1189 1643 1458 1715 χειμῶνος
1494 1642 1629 1715 πρὸς
1649 1641 1748 1714 τὴν

157 1745 380 1799 ἐκείνου
409 1739 730 1794 δυναστείαν
765 1736 1218 1808 παρασυρόμενα.

1861 458 2056 506 contra
2107 461 2333 508 sanctos
2393 456 2542 524 cepit
2589 459 2860 512 malorum
2910 459 3018 514 iste
3072 467 3322 531 repertor
3379 471 3437 518 et

1861 541 2098 598 artifex?
2127 542 2376 599 Sollicite
2425 547 2878 618 circumspiciens
2906 549 3120 606 invenit
3150 552 3310 621 quasi
3357 569 3442 610 ae-

1861 635 2005 688 rium
2035 635 2392 704 supplicium,
2430 637 2576 707 quod
2622 639 2672 693 ei
2713 640 3099 710 suppeditabat
3127 651 3348 713 tempus
3383 653 3440 698 et

1858 726 2030 797 regio.
2058 727 2320 798 Tempus,
2359 727 2537 784 hiems
2583 737 2741 796 erat;
2777 733 2953 798 locus,
2984 733 3268 798 Armenia,
3314 734 3440 789 fini-

1856 819 1992 872 tima
2039 819 2205 876 nobis
2230 821 2541 890 provincia,
2583 837 2705 893 qua:
2732 839 2913 895 neque
2957 834 3202 881 astatem
3240 827 3437 884 incolis

1856 911 1978 965 sine
2014 909 2242 982 frigoris
2282 912 2576 968 aﬂlictione
2623 916 2828 986 praebet
2851 956 2865 977 .
2899 916 2996 971 sed
3043 933 3108 972 eo
3138 919 3324 973 calore
3354 921 3438 974 fo-

1856 1013 2033 1069 vetur,
2068 1004 2164 1075 qui
2196 1005 2265 1060 ad
2295 1005 2631 1062 frumentum
2678 1011 3153 1078 progenerandum
3181 1011 3385 1068 sufficit
3417 1031 3432 1068 :

1854 1102 1911 1147 at
1935 1095 2061 1151 vitis
2090 1101 2233 1166 apud
2267 1097 2392 1154 illos
2417 1099 2697 1170 incognita
2729 1109 2835 1166 est,
2867 1109 2922 1156 et
2951 1102 3044 1172 qui
3075 1117 3184 1157 non
3213 1101 3432 1175 lorigius

1853 1186 2238 1257 peregrinatus
2266 1198 2373 1253 est,
2422 1189 2645 1246 botrum
2688 1206 2786 1248 seu
2819 1207 2980 1246 uvam
3016 1207 3297 1263 nunquam
3349 1196 3435 1250 vi-

1853 1276 1936 1332 dit
1966 1297 1979 1333 :
2009 1279 2078 1334 de
2108 1295 2214 1334 uva
2247 1291 2433 1336 autem
2461 1281 2592 1338 talis
2636 1297 2747 1337 non
2783 1284 2945 1339 aliter
2986 1286 3205 1354 quaerit,
3237 1301 3303 1341 ac
3329 1302 3434 1343 nos

1851 1369 1920 1425 de
1953 1370 2064 1426 illis
2097 1387 2223 1441 qua:
2271 1385 2580 1430 nascuntur
2608 1375 2750 1444 apud
2795 1374 2982 1431 ludos.
3019 1377 3102 1431 ibi
3139 1377 3266 1434 nive
3295 1393 3434 1434 non-

1849 1458 1981 1515 dum
2047 1460 2346 1532 liquefacta
2405 1473 2608 1518 terram
2657 1465 2965 1535 proscindit
3025 1469 3265 1538 agricola
3313 1488 3328 1524 :
3376 1480 3434 1527 et

1851 1567 2089 1606 messem
2154 1553 2347 1608 bruma
2411 1556 2650 1627 excipit,
2716 1565 3116 1630 ventorumque
3173 1560 3432 1616 violentia

1850 1657 2154 1700 messorem
2203 1648 2451 1703 vestibus
2517 1650 2690 1712 exuit,
2742 1650 2848 1705 nisi
2890 1661 3085 1706 contra
3140 1662 3430 1708 ventorum

1781 1727 1822 1786 Β
1852 1735 2253 1793 vehementiam
2303 1739 2520 1796 fortiter
2570 1742 2900 1799 vestimenta
2942 1745 3254 1816 colligando
3308 1760 3433 1803 sese

157 1835 403 1892 muniat.
455 1833 768 1886 Autumnus
807 1841 862 1884 et
898 1844 996 1908 ver
1031 1827 1429 1901 propemodum
1474 1827 1552 1882 ibi
1585 1826 1749 1881 ;_nul|a
1783 1838 1933 1896 sunt,
1974 1841 2162 1900 utpote
2195 1848 2225 1886 a
2261 1834 2406 1888 malo
2455 1835 2661 1900 vicino,
2727 1837 2923 1892 hiemis
2997 1838 3210 1897 scilicet
3256 1842 3431 1898 incle-

151 1925 398 1990 ruentia,
428 1921 738 1995 proﬂigata.

246 2017 365 2072 Ἐπ’
389 2015 606 2085 ἐκείνης
638 2014 815 2068 τοίνυν
861 2012 960 2082 τῆς
992 2011 1174 2084 χώρας
1204 2012 1297 2065 καὶ
1330 2009 1424 2065 τοῦ
1456 2008 1748 2073 ἐνεστῶτος

155 2113 338 2185 μηνὸς
362 2108 636 2171 ἀποδύσας
666 2107 796 2170 τοὺς
823 2107 1034 2175 ἁγίους,
1084 2104 1405 2176 ὑπαιθρίους
1434 2102 1661 2175 ἔστησεν
1691 2103 1750 2156 ἐν

152 2201 482 2272 ὁλογύμνοις
511 2199 624 2261 τοῖς
687 2196 932 2268 σώμασιν
971 2193 1030 2258 ἐξ
1069 2194 1316 2257 ἐναντίας
1351 2193 1446 2246 τοῦ
1487 2191 1750 2264 βασιλέως

152 2293 274 2347 τῶν
320 2289 621 2361 ’Λσσυρίων
664 2288 884 2359 καὶτῆς
937 2285 1287 2350 Βαϐυλωνίας
1328 2287 1591 2357 καμίνου,
1622 2284 1750 2347 τοὺς

151 2385 260 2456 τῆς
284 2381 563 2444 εὐσεϐείας
591 2378 837 2451 μαθητὰς
871 2376 1234 2449 ἀμυνόμενος.
1277 2377 1442 2431 Οὐδὲν
1474 2376 1531 2429 δὲ
1568 2393 1748 2448 παρα-

152 2479 389 2548 πλήσιον
425 2475 504 2537 είς
531 2469 817 2543 ἀλγηδόνα,
843 2470 955 2541 πῦρ
980 2469 1198 2539 φλέγον,
1235 2469 1330 2523 καὶ
1369 2470 1578 2540 κρυμὸς
1605 2486 1745 2539 cup.-

157 2569 378 2640 πηγνὺς
432 2565 526 2619 καὶ
563 2562 842 2635 μαραίνων
860 2578 876 2594 ο
898 2561 1088 2640 τὸμὲν
1112 2560 1219 2635 γάρ
1240 2557 1318 2631 τῷ
1348 2559 1552 2632 σιδήρῳ
1575 2577 1748 2632 προσ-

153 2661 317 2733 ἧκεν,
345 2659 510 2726 ὀξέως
551 2655 682 2724 ἄγον
709 2654 799 2707 ἐπί
819 2654 908 2708 τὸν
947 2653 1175 2708 θάνατον
1193 2669 1208 2684 ⁸
1238 2652 1299 2706 τὸ
1333 2651 1390 2705 δὲ
1417 2651 1516 2724 τὴν
1543 2652 1738 2722 ὀδύνην

154 2754 286 2824 ἔχον
317 2750 624 2820 ἰσόρροπον,
654 2746 965 2818 παρατείνει
992 2746 1092 2818 τὴν
1129 2744 1406 2816 τελευτήν.
1441 2743 1740 2816 ’Λργότερα

154 2845 274 2918 γὰρ
303 2839 531 2896 καθόλου
558 2838 628 2891 τὰ
667 2837 771 2891 ὑπὸ
802 2837 1010 2909 ψυχροῦ
1035 2837 1294 2907 γινόμενα
1329 2834 1498 2907 πάθη,
1525 2831 1634 2889 οἷον
1654 2851 1743 2888 τε-

153 2931 428 3004 ταρταῖοι,
463 2929 558 2983 καὶ
588 2931 854 2998 καρκίνοι,
889 2929 985 2982 καλ⁸
1011 2929 1300 3000 ἄνθρακες,
1331 2928 1425 2980 καὶ
1463 2930 1565 2981 ὅσα
1591 2927 1741 2996 φιλο-

1926 2008 1985 2061 In
2031 2009 2138 2064 hac
2184 2007 2352 2078 igitur
2392 2011 2636 2081 regione.
2679 2012 2922 2069 instante
2959 2028 3166 2078 mense.
3206 2031 3430 2076 sanctos

1853 2097 2113 2154 omnibus
2144 2097 2485 2153 indumentis
2525 2099 2790 2169 spolians,
2814 2101 2919 2155 sub
2957 2102 3050 2157 dio
3093 2104 3271 2159 nu‘dos
3315 2115 3430 2160 toto

1853 2201 2085 2256 corpore
2113 2188 2430 2254 constituit,
2454 2189 2738 2242 contrario
2765 2191 3055 2260 supplicio,
3115 2208 3278 2262 quam
3332 2210 3431 2252 rex

1851 2279 2205 2350 Assyriorum
2243 2293 2370 2334 cum
2390 2293 2492 2335 sua
2531 2280 2864 2352 Babylonica
2918 2282 3140 2340 fornace
3186 2285 3432 2354 discipu-

1854 2373 1938 2425 los
1959 2370 2182 2440 pietatis
2211 2369 2472 2427 afﬁciens.
2522 2369 2671 2426 Nihil
2711 2388 2842 2428 vero
2881 2375 3064 2431 simile
3109 2375 3180 2431 ad
3218 2362 3431 2434 crucia-2

1852 2471 1964 2515 tum
2029 2459 2377 2517 inferendum
2431 2461 2618 2525 habet,
2671 2463 2813 2532 ignis
2855 2465 3094 2530 ardens,
3141 2465 3430 2539 frigusque

1851 2552 2210 2624 compingens
2233 2562 2288 2610 et
2312 2553 2676 2622 labefaciens;
2718 2571 2842 2610 nam
2897 2559 3041 2627 ignis
3067 2558 3226 2614 ferro
3272 2575 3428 2616 com-

1853 2644 2010 2716 petit,
2043 2646 2386 2718 celeremque
2423 2655 2657 2703 mortem
2707 2650 2871 2718 parit,
2917 2649 3092 2721 frigus
3138 2667 3266 2708 vero
3301 2669 3429 2711 cum

1854 2737 2034 2792 dolori
2061 2737 2403 2808 procreando
2446 2731 2635 2809 parem
2676 2741 2785 2794 vim
2813 2741 3032 2808 habeat,
3072 2753 3312 2800 mortem
3343 2753 3430 2802 ta-

1855 2845 1979 2884 men
2028 2829 2283 2901 protelat.
2331 2830 2470 2885 Nam
2531 2831 2895 2889 durabiliores
2941 2843 3070 2890 sunt
3129 2840 3427 2908 generatim

1853 2935 2048 2976 omnes
2093 2921 2198 2980 illa:
2241 2921 2583 2987 affectiones,
2632 2939 2756 2993 qua:
2790 2939 2821 2977 a
2860 2925 3062 2996 frigore
3089 2925 3428 2994 efficiuntur,

157 3022 456 3095 σοφοῦντες
490 3020 725 3093 ίατρικοὶ
749 3019 847 3090 τὴν
873 3019 1086 3091 ψυχρὰν
1109 3019 1240 3090 ὓλην
1270 3020 1617 3090 ἀπεφήναντο
1636 3021 1746 3083 τοῖς

1856 3022 1917 3066 ut
1938 3022 2067 3069 sunt
2085 3013 2264 3070 febres
2299 3024 2601 3084 quartanae,
2636 3029 2858 3079 cancer,
2893 3018 3236 3084 carbunculi,
3277 3031 3334 3077 et
3375 3023 3429 3077 id

158 3113 414 3182 σώμασιν
449 3111 718 3179 ἐμποιεῖν.
749 3108 946 3172 Οὕτως
991 3111 1042 3162 οἱ
1085 3110 1410 3181 ψυχρότεροι
1457 3110 1552 3179 καὶ
1586 3126 1748 3180 πιμε-

153 3202 374 3266 λώδεις,
403 3201 729 3273 νωθρότεροι
760 3201 854 3254 καλ⁸
881 3201 1216 3272 δύσχρηστον
1238 3202 1449 3272 ἔχοντες
1471 3202 1532 3255 τὸ
1558 3200 1746 3271 σωμά-

157 3313 280 3350 τιον
298 3310 311 3324 ⁸
334 3297 428 3349 καὶ
447 3294 515 3348 τὰ
546 3294 715 3363 ἄλογα
740 3293 794 3346 δὲ
817 3293 927 3346 τῶν
955 3293 1108 3358 ζώων
1131 3295 1348 3365 ὁμοίως.
1389 3294 1471 3347 Τὰ
1496 3293 1594 3364 μὲν
1625 3293 1748 3366 θερ-

159 3387 374 3460 μότερα
403 3427 420 3453 ,
447 3385 617 3456 ταχέα
652 3387 747 3439 καὶ
793 3385 928 3458 πρὸς
969 3385 1068 3458 τὴν
1091 3385 1414 3454 ἐπείγουσαν
1438 3385 1626 3457 χρείαν
1654 3385 1745 3437 εὑ-

155 3479 396 3549 κίνηταο
423 3477 492 3532 τὰ
535 3479 594 3533 δὲ
636 3477 892 3542 ἐναντίως
928 3478 1137 3549 ἔχοντα,
1188 3478 1406 3549 βραδέα,
1444 3479 1536 3532 καὶ
1570 3478 1748 3549 νάρκῃ

156 3569 535 3640 πεπεδημένα.
573 3567 761 3632 Οὕτως
805 3569 970 3632 ἵππος
1012 3569 1202 3639 ταχὺς,
1239 3567 1490 3640 συριγμῷ
1523 3568 1629 3640 πρὸ
1648 3568 1746 3639 τῆς

159 3660 430 3732 μάστιγος
478 3659 875 3730 διεγειρόμενος
921 3657 1058 3729 πρὸς
1103 3657 1194 3711 τὸν
1221 3657 1454 3732 δρόμονο
1492 3657 1690 3728 βραδὺς
1717 3659 1747 3711 ὁ

153 3755 304 3819 ὄνος,
355 3753 448 3806 καὶ
510 3752 662 3824 μόλις
710 3753 800 3807 διὰ
840 3751 948 3806 τῶν
1003 3751 1251 3823 ῥοπάλων
1299 3751 1396 3822 τὴν
1435 3750 1746 3822 ὁδοιπορίαν

154 3847 362 3903 ἀνύων.
403 3846 580 3916 Ὀξεῖα
615 3847 648 3917 ἡ
692 3844 978 3918 πάρδαλις,
1011 3843 1162 3920 ξηρῷ
1191 3843 1284 3902 καὶ
1315 3840 1502 3912 θερμῷ
1528 3840 1608 3912 τῷ
1636 3841 1743 3894 σώ-

161 3959 300 4014 ματι
328 3938 654 4011 διιπταμένη
677 3939 775 4002 τὰς
821 3937 998 4001 νάπας
1018 3953 1032 3966 ·
1064 3939 1098 4004 ἡ
1131 3935 1351 4012 ἄρκτος,
1382 3933 1442 3996 τὸ
1478 3932 1744 3987 ἀνάπαλιν

158 4033 492 4106 παχυτέροις
513 4033 624 4094 τοῖς
646 4030 862 4101 μέλεσιν
883 4025 1312 4101 ἐμϐραδύνουσα.
1335 4025 1519 4090 Ταῦτα
1539 4023 1596 4078 δὲ
1615 4026 1744 4096 ύμῖν

156 4127 263 4181 οὐκ
298 4125 407 4179 ἀπὸ
458 4119 652 4195 καιροῦ
692 4121 1117 4192 ἐφυσιολόγησα,
1150 4119 1264 4173 ἀλλ’
1302 4118 1389 4171 ἶνα
1418 4117 1517 4189 τὴν
1545 4120 1744 4188 καρτε-

157 4220 288 4294 ρίαν
315 4217 425 4272 τῶν
454 4215 664 4288 ἀνδρῶν
692 4213 1065 4284 καταμάθητε,
1096 4211 1186 4266 τὸν
1222 4210 1421 4281 τρόπον
1449 4208 1549 4280 τῆς
1571 4221 1743 4278 τιμω-

158 4313 285 4385 ρίας
324 4308 771 4379 ἐπισκεψάμενοι.
810 4297 1030 4377 Χειμὼν
1057 4305 1200 4357 ποιεῖ
1240 4302 1521 4372 ποταμοὺς
1559 4316 1742 4352 ναυσι-

1851 3120 2025 3176 genus
2079 3107 2209 3172 alia,
2271 3123 2393 3177 qua:
2440 3121 2472 3162 a
2521 3106 2720 3178 frigida
2758 3110 2988 3165 materia
3015 3111 3070 3165 in
3097 3113 3429 3183 corporibus

1850 3199 2005 3254 nasci
2035 3199 2374 3254 medicorum
2401 3199 2497 3254 filii
2529 3199 2772 3255 tradunt.
2809 3199 2930 3268 Quo
2963 3202 3022 3256 ﬁt
3053 3215 3112 3258 ut
3149 3206 3242 3275 qui
3285 3206 3432 3277 frigi-

1849 3287 2004 3345 diore
2053 3297 2108 3345 et
2149 3290 2405 3347 obesiore
2465 3293 2865 3364 constitutione
2909 3305 3072 3358 sunt,
3126 3297 3239 3351 sint
3291 3312 3431 3366 quo-

1848 3396 1956 3452 que
2025 3382 2297 3438 tardiores
2362 3392 2417 3439 et
2475 3385 2784 3458 pigriores,
2847 3400 3081 3457 corpore
3139 3388 3208 3443 ad
3267 3405 3427 3444 usum

1851 3488 1960 3527 non
1989 3487 2162 3543 usque
2188 3472 2325 3528 adeo
2353 3474 2541 3529 habili.
2579 3474 2738 3541 Quod
2781 3475 2948 3532 etiam
2991 3476 3051 3532 in
3099 3479 3428 3536 animalibus

1849 3563 2088 3620 rationis
2133 3565 2451 3636 expertibus
2490 3581 2719 3622 cernere
2749 3565 2876 3622 licet
2908 3586 2925 3623 :
2977 3583 3108 3624 nam
3143 3572 3427 3637 calidiora,

1847 3657 2111 3713 celeriora
2151 3667 2213 3715 et.
2262 3657 2332 3712 ad
2357 3665 2639 3728 urgentem
2663 3659 3051 3716 necessitatem
3083 3661 3426 3732 expeditiora

1849 3760 2018 3820 sunt;
2071 3765 2191 3822 quae
2217 3766 2348 3806 vero
2407 3752 2684 3806 contraria
2725 3752 3102 3823 complexione
3138 3764 3426 3822 constant,

1848 3841 2005 3896 tarda
2029 3851 2158 3898 sunt
2195 3851 2248 3896 et
2299 3849 2520 3910 torpore
2541 3842 2702 3911 quasi
2724 3843 2930 3897 vincta.
2989 3843 3068 3898 Ita
3122 3861 3298 3916 equus
3345 3863 3431 3904 ce-

1846 3936 1930 3990 ler
1965 3943 2051 3992 est
2087 3936 2211 3990 solo
2243 3933 2439 4003 ﬂagelli
2472 3934 2652 3990 sonitu
2689 3934 2756 3989 ad
2797 3951 3020 3990 cursum
3071 3937 3287 3993 incitari
3334 3955 3428 3996 so-

1845 4028 2021 4094 litus;
2061 4027 2253 4082 tardus
2301 4037 2482 4081 autem
2549 4035 2636 4082 est
2680 4027 2894 4101 asinus,
2939 4037 2994 4082 et
3040 4028 3129 4082 vix
3189 4029 3428 4089 fustibus

1847 4120 1991 4192 adigi
2049 4127 2243 4189 potest,
2275 4127 2334 4173 ut
2383 4127 2625 4188 emptum
2686 4119 2792 4174 iter
2835 4129 3056 4176 teneat:
3104 4125 3298 4192 pernix
3344 4136 3428 4179 est

1847 4212 2106 4282 pardalis,
2136 4211 2284 4267 sicco
2317 4218 2370 4266 et
2387 4210 2565 4266 calido
2595 4225 2827 4281 corpore
2864 4212 3037 4267 saltus
3058 4214 3426 4282 pervolitans;

1850 4318 2011 4358 ursus
2044 4318 2075 4357 e
2110 4301 2391 4357 contrario
2432 4302 2784 4359 densioribus
2831 4303 3094 4359 membris
3141 4315 3425 4372 constans,

154 4404 365 4475 πόρους
395 4400 736 4466 πεζεύεσθαι,
768 4399 861 4457 καὶ
889 4397 1034 4468 ὕδωρ
1063 4396 1124 4450 τὸ
1147 4395 1268 4466 ῥέον
1288 4395 1366 4456 εἰς
1401 4393 1499 4464 τὴν
1525 4392 1633 4445 τῶν
1663 4392 1743 4444 λί-

1851 4394 2038 4449 tardus
2059 4401 2164 4449 est.
2201 4393 2327 4449 llaec
2350 4403 2535 4450 autem
2569 4409 2637 4448 ex
2669 4403 2879 4448 natura:
2909 4396 3087 4466 adytis
3118 4399 3284 4468 petita
3315 4415 3428 4456 non

156 4495 271 4548 θων
309 4491 634 4564 μεταϐάλλει
686 4488 1028 4562 σκληρότητα
1054 4502 1070 4519 ·
1101 4487 1194 4539 καὶ
1247 4483 1451 4554 πέτρας
1501 4480 1740 4545 διαλύει,

153 4586 289 4640 ὅταν
319 4583 414 4638 τοῦ
445 4583 642 4654 βάθους
673 4581 966 4650 καθίκηται
988 4596 1000 4608 ·
1023 4577 1248 4640 καὶτοῖς
1280 4574 1540 4646 ἐναντίοις
1565 4571 1746 4643 σώμα-

155 4675 458 4746 σιν-ἐξίσης
517 4674 834 4745 λυμαίνεται
858 4711 872 4735 ,
900 4672 972 4725 τὰ
994 4671 1092 4742 μὲν
1127 4669 1310 4723 ἁπαλὰ
1332 4668 1620 4722 λιθοποιῶν
1639 4708 1654 4732 ,
1677 4668 1746 4722 τὰ

153 4770 216 4824 δὲ
253 4767 468 4840 σκληρὰ
492 4765 745 4820 διαλύων.
796 4763 983 4824 Οὕτως
1017 4766 1046 4817 ὁ
1091 4756 1233 4826 οἶνος
1263 4763 1388 4815 ὅταν
1420 4763 1570 4832 παγῇ
1605 4777 1743 4831 μορ-

155 4860 357 4930 φοῦται
405 4859 542 4931 πρὸς
572 4859 664 4912 τὸν
723 4857 1042 4928 περιέχοντα
1087 4854 1266 4917 πίθον,
1309 4857 1404 4908 καὶ
1441 4853 1501 4905 τὸ
1536 4852 1746 4906 ἁπαλὸν

154 4955 338 5010 ἔλαιον
361 4953 574 5006 ἵσταται
641 4950 860 5021 στερεὸν
893 4949 1028 5020 πρὸς
1053 4948 1145 5010 τὸν
1177 4947 1342 5000 τόπον
1381 4945 1474 4999 τοῦ
1515 4945 1740 5014 ἀγγείου

157 5044 571 5118 σχηματισθέν-
634 5044 668 5114 ή
720 5042 872 5106 ὓελος
921 5041 976 5095 δὲ
1041 5039 1135 5094 καὶ
1173 5038 1437 5108 ὄστρακον
1473 5039 1742 5108 περιρρα-

152 5137 326 5203 γέντα
377 5136 493 5198 τοῖς
528 5135 715 5204 ὑγροῖς
766 5130 1173 5202 διαθρύπτεται.
1244 5128 1368 5183 Ζὼα
1422 5127 1477 5180 δὲ
1528 5127 1597 5179 τὰ
1646 5125 1745 5198 τὴν

150 5229 335 5298 δρειον
370 5225 515 5295 ζωὴν
567 5224 800 5294 λαχόντα
852 5224 948 5276 καὶ
1014 5221 1307 5292 ὕπαιθρον,
1354 5219 1422 5272 τὰ
1471 5219 1568 5291 μὲν
1606 5217 1744 5272 διόλ-

151 5318 337 5382 λυται,
368 5316 438 5370 τὰ
465 5317 521 5369 δὲ
562 5319 627 5386 τῇ
676 5315 948 5388 ὑπερϐολῇ
978 5313 1071 5366 τοῦ
1116 5313 1286 5366 κακοῦ
1331 5311 1744 5366 ἐπιλανθάνεται

153 5410 254 5462 καί
306 5409 406 5477 τῆς
457 5408 799 5478 ἀγριότητος.
852 5407 1078 5473 Ἐλαφοι
1142 5403 1251 5475 γὰρ
1313 5405 1406 5456 καὶ
1476 5403 1734 5474 δορκάδες

152 5500 214 5551 ἐν
250 5498 514 5568 μάνδραις
542 5497 847 5560 αὐλίζονται
873 5515 885 5526 θ
928 5495 1049 5549 οὔτε
1092 5495 1258 5558 κύνας
1297 5495 1417 5547 τότε
1447 5493 1740 5555 δειλιῶσαι,

155 5591 285 5646 οὔτε
325 5593 452 5655 τοὺς
485 5589 799 5658 ἐγγίζοντας
841 5589 1269 5659 ἀποφεύγουσαι.
1308 5587 1381 5640 Τὸ
1415 5588 1524 5657 γὰρ
1560 5587 1743 5656 μεῖζον

155 5685 249 5740 ἀεὶ
299 5685 470 5739 δεινὸν
521 5684 630 5738 τῶν
695 5682 1097 5751 ὑποδεεστέρων
1158 5679 1336 5749 φόϐων
1393 5680 1489 5748 τὴν
1539 5678 1742 5730 δειλίαν

487 5779 760 5838 Parnm.
820 5777 937 5838 Gn.
967 5775 1185 5838 XLVI.

1846 4485 1945 4539 abs
1974 4500 2033 4540 re
2059 4483 2214 4539 vobis
2247 4483 2530 4554 proposui,
2568 4484 2663 4539 sed
2693 4495 2752 4538 ut
2790 4484 3129 4556 intelligatis,
3152 4489 3426 4557 quodnam

1847 4578 2103 4647 supplicii
2163 4593 2337 4650 genus
2406 4579 2662 4648 generosi
2716 4577 2806 4632 isti
2868 4579 3084 4648 pugiles
3134 4579 3425 4637 subierint.

1844 4668 2033 4725 Hiems
2084 4670 2239 4735 facit,
2289 4679 2348 4724 ut
2380 4668 2608 4724 fiumina
2647 4670 2982 4737 navigabilia
3034 4671 3266 4742 pedibus
3307 4689 3450 4742 ρον--

1845 4772 2221 4828 transeantur,
2253 4773 2421 4834 utque
2453 4779 2593 4834 aqua
2627 4764 2831 4833 alioqui
2864 4763 3034 4819 fluere
3065 4766 3226 4820 solita
3257 4768 3310 4819 in
3351 4769 3428 4818 la-

1844 4856 2034 4928 pidum
2058 4855 2312 4911 duritiem
2344 4864 2701 4912 concrescat:
2742 4857 2878 4928 quin
2913 4865 2968 4914 et
3008 4866 3196 4928 petras
3229 4859 3430 4912 dissol-

1844 4947 1946 5008 vit,
1986 4945 2208 5016 quando
2243 4945 2311 5000 ad
2350 4944 2684 5017 profundum
2719 4963 2892 5018 usque
2922 4949 3289 5018 penetraverit
3324 4964 3336 4998 :
3374 4957 3429 5000 et

1845 5037 2140 5089 contrariis
2170 5036 2497 5106 corporibus
2525 5036 2778 5092 similiter
2809 5037 3013 5104 officit;
3065 5053 3189 5092 nam
3243 5049 3428 5092 tenera

1850 5128 1906 5181 in
1941 5125 2150 5196 lapides
2179 5128 2363 5190 vertit,
2394 5127 2532 5180 dura
2568 5135 2751 5181 autem
2784 5129 3056 5184 dissolvit.
3092 5127 3183 5182 Sic
3215 5115 3423 5191 vinum,

1847 5219 2068 5289 quando
2111 5219 2464 5288 congelascit,
2504 5220 2732 5273 formam
2769 5219 2899 5275 dolii
2938 5221 2994 5274 in
3031 5235 3142 5291 quo
3175 5221 3426 5275 contine-

1848 5325 1956 5376 tur,
1985 5311 2184 5376 induit,
2217 5313 2508 5381 oleumque
2536 5310 2804 5380 liquidum
2835 5313 3064 5366 firmiter
3083 5314 3335 5368 consistit
3357 5314 3426 5368 ad

1845 5403 2073 5474 figurant
2100 5404 2246 5458 vasis
2281 5403 2723 5469 conformatum;
2757 5405 2959 5458 vitrum
2993 5421 3159 5475 porro
3198 5413 3252 5460 et
3282 5414 3424 5475 testa

1848 5496 2074 5550 humore
2104 5495 2551 5565 confringuntur.
2578 5497 2872 5562 Animalia,
2892 5513 3013 5566 quae
3049 5498 3102 5550 in
3145 5499 3426 5554 montibus

1845 5594 1898 5641 et
1919 5587 2020 5641 sub
2043 5586 2136 5640 dio
2165 5585 2391 5656 degunt,
2421 5586 2619 5656 partim
2645 5586 2865 5656 quidem
2899 5588 3196 5658 intereunt,
3225 5595 3422 5660 partim

1847 5679 2227 5750 magnitudine
2279 5679 2431 5746 mali,
2481 5678 2714 5736 feritatis
2763 5682 3030 5736 naturalis
3081 5683 3420 5740 obliviscun-

3011 5776 3089 5836 25
