  <div class='ocr_page' id='page_1' title='image "/cluster/home/n/w/nwhite01/storage/ocr_20150623/46/hvd.32044014713994/395.png"; bbox 0 0 3850 6388; ppageno 0'>
   <div class='ocr_carea' id='block_1_1' title="bbox 498 203 600 257">
    <p class='ocr_par' dir='ltr' id='par_1_1' title="bbox 498 203 600 257">
     <span class='ocr_line' id='line_1_1' title="bbox 498 203 600 257; baseline 0 -1"><span class='ocrx_word' id='word_1_1' title='bbox 498 203 600 257; x_wconf 84' lang='lat'><strong>779</strong></span> 
     </span>
    </p>
   </div>
   <div class='ocr_carea' id='block_1_2' title="bbox 1717 188 2459 247">
    <p class='ocr_par' dir='ltr' id='par_1_2' title="bbox 1717 188 2459 247">
     <span class='ocr_line' id='line_1_2' title="bbox 1717 188 2459 247; baseline -0.001 -2"><span class='ocrx_word' id='word_1_2' title='bbox 1717 189 1777 245; x_wconf 86' lang='lat' dir='ltr'><strong>S.</strong></span> <span class='ocrx_word' id='word_1_3' title='bbox 1810 188 2138 247; x_wconf 80' lang='lat' dir='ltr'><strong>GREGORII</strong></span> <span class='ocrx_word' id='word_1_4' title='bbox 2163 188 2459 244; x_wconf 70' lang='lat' dir='ltr'><strong>NYSSENI</strong></span> 
     </span>
    </p>
   </div>
   <div class='ocr_carea' id='block_1_3' title="bbox 3639 203 3748 260">
    <p class='ocr_par' dir='ltr' id='par_1_3' title="bbox 3639 203 3748 260">
     <span class='ocr_line' id='line_1_3' title="bbox 3639 203 3748 260; baseline 0.028 -3"><span class='ocrx_word' id='word_1_5' title='bbox 3639 203 3748 260; x_wconf 74' lang='grc' dir='ltr'><strong>τεο</strong></span> 
     </span>
    </p>
   </div>
   <div class='ocr_carea' id='block_1_4' title="bbox 497 307 2049 382">
    <p class='ocr_par' dir='ltr' id='par_1_4' title="bbox 497 309 2044 382">
     <span class='ocr_line' id='line_1_4' title="bbox 497 309 2044 382; baseline -0.007 -9"><span class='ocrx_word' id='word_1_6' title='bbox 497 329 606 373; x_wconf 91' lang='lat' dir='ltr'><strong>tur.</strong></span> <span class='ocrx_word' id='word_1_7' title='bbox 633 315 792 372; x_wconf 86' lang='lat' dir='ltr'><strong>Cervi</strong></span> <span class='ocrx_word' id='word_1_8' title='bbox 821 313 966 369; x_wconf 90' lang='lat' dir='ltr'><strong>enim</strong></span> <span class='ocrx_word' id='word_1_9' title='bbox 988 320 1043 368; x_wconf 90' lang='lat' dir='ltr'><strong>et</strong></span> <span class='ocrx_word' id='word_1_10' title='bbox 1068 326 1282 382; x_wconf 56' lang='lat' dir='ltr'><strong>capreae</strong></span> <span class='ocrx_word' id='word_1_11' title='bbox 1312 310 1366 365; x_wconf 93' lang='lat' dir='ltr'><strong>in</strong></span> <span class='ocrx_word' id='word_1_12' title='bbox 1401 309 1649 365; x_wconf 90' lang='lat' dir='ltr'><strong>mandris</strong></span> <span class='ocrx_word' id='word_1_13' title='bbox 1697 324 1792 364; x_wconf 91' lang='lat' dir='ltr'><strong>seu</strong></span> <span class='ocrx_word' id='word_1_14' title='bbox 1839 309 2044 363; x_wconf 89' lang='lat' dir='ltr'><strong>ovilibu</strong></span> 
     </span>
    </p>
   </div>
   <div class='ocr_carea' id='block_1_5' title="bbox 2151 307 3741 382">
    <p class='ocr_par' dir='ltr' id='par_1_5' title="bbox 2179 307 3741 382">
     <span class='ocr_line' id='line_1_5' title="bbox 2179 307 3741 382; baseline 0 -20"><span class='ocrx_word' id='word_1_15' title='bbox 2179 307 2449 362; x_wconf 80' lang='grc' dir='ltr'>ἐκϐάλλει.</span> <span class='ocrx_word' id='word_1_16' title='bbox 2487 307 2733 378; x_wconf 86' lang='grc' dir='ltr'>Ὀρνιθες</span> <span class='ocrx_word' id='word_1_17' title='bbox 2773 309 2830 361; x_wconf 81' lang='grc' dir='ltr'>δὲ</span> <span class='ocrx_word' id='word_1_18' title='bbox 2887 309 3015 379; x_wconf 79' lang='grc' dir='ltr'>παρ’</span> <span class='ocrx_word' id='word_1_19' title='bbox 3068 309 3374 381; x_wconf 76' lang='grc' dir='ltr'>ἀνθρώποις</span> <span class='ocrx_word' id='word_1_20' title='bbox 3422 317 3741 382; x_wconf 76' lang='grc' dir='ltr'>εἰσοικίζον.</span> 
     </span>
    </p>
   </div>
   <div class='ocr_carea' id='block_1_6' title="bbox 498 409 2076 472">
    <p class='ocr_par' dir='ltr' id='par_1_6' title="bbox 498 409 2076 472">
     <span class='ocr_line' id='line_1_6' title="bbox 498 409 2076 472; baseline -0.008 -6"><span class='ocrx_word' id='word_1_21' title='bbox 498 409 864 469; x_wconf 88' lang='lat' dir='ltr'><strong>stabulantur,</strong></span> <span class='ocrx_word' id='word_1_22' title='bbox 890 418 1069 472; x_wconf 90' lang='lat' dir='ltr'><strong>neque</strong></span> <span class='ocrx_word' id='word_1_23' title='bbox 1095 418 1261 458; x_wconf 87' lang='lat' dir='ltr'><strong>canes</strong></span> <span class='ocrx_word' id='word_1_24' title='bbox 1285 410 1419 456; x_wconf 88' lang='lat' dir='ltr'><strong>tunc</strong></span> <span class='ocrx_word' id='word_1_25' title='bbox 1457 409 1746 468; x_wconf 89' lang='lat' dir='ltr'><strong>metuunt;</strong></span> <span class='ocrx_word' id='word_1_26' title='bbox 1781 417 1960 470; x_wconf 90' lang='lat' dir='ltr'><strong>neque</strong></span> <span class='ocrx_word' id='word_1_27' title='bbox 1991 417 2076 455; x_wconf 82' lang='lat' dir='ltr'><strong>ac-</strong></span> 
     </span>
    </p>
   </div>
   <div class='ocr_carea' id='block_1_7' title="bbox 497 496 2076 566">
    <p class='ocr_par' dir='ltr' id='par_1_7' title="bbox 497 496 2076 566">
     <span class='ocr_line' id='line_1_7' title="bbox 497 496 2076 566; baseline -0.008 -7"><span class='ocrx_word' id='word_1_28' title='bbox 497 504 804 560; x_wconf 75' lang='lat' dir='ltr'><strong>cedentium</strong></span> <span class='ocrx_word' id='word_1_29' title='bbox 837 499 1128 555; x_wconf 78' lang='lat' dir='ltr'><strong>formidine</strong></span> <span class='ocrx_word' id='word_1_30' title='bbox 1158 496 1481 566; x_wconf 83' lang='lat' dir='ltr'><strong>aufugiunt:</strong></span> <span class='ocrx_word' id='word_1_31' title='bbox 1523 510 1740 566; x_wconf 88' lang='lat' dir='ltr'><strong>semper</strong></span> <span class='ocrx_word' id='word_1_32' title='bbox 1773 496 1918 550; x_wconf 92' lang='lat' dir='ltr'><strong>enim</strong></span> <span class='ocrx_word' id='word_1_33' title='bbox 1955 510 2076 565; x_wconf 80' lang='lat' dir='ltr'><strong>gra-</strong></span> 
     </span>
    </p>
   </div>
   <div class='ocr_carea' id='block_1_8' title="bbox 498 585 2069 656">
    <p class='ocr_par' dir='ltr' id='par_1_8' title="bbox 498 585 2069 656">
     <span class='ocr_line' id='line_1_8' title="bbox 498 585 2069 656; baseline -0.006 -7"><span class='ocrx_word' id='word_1_34' title='bbox 498 595 619 649; x_wconf 89' lang='lat' dir='ltr'><strong>vius</strong></span> <span class='ocrx_word' id='word_1_35' title='bbox 666 591 869 646; x_wconf 88' lang='lat' dir='ltr'><strong>malum</strong></span> <span class='ocrx_word' id='word_1_36' title='bbox 910 589 1188 656; x_wconf 78' lang='lat' dir='ltr'><strong>minortun</strong></span> <span class='ocrx_word' id='word_1_37' title='bbox 1223 587 1493 640; x_wconf 88' lang='lat' dir='ltr'><strong>malorum</strong></span> <span class='ocrx_word' id='word_1_38' title='bbox 1541 585 1794 639; x_wconf 90' lang='lat' dir='ltr'><strong>timorem</strong></span> <span class='ocrx_word' id='word_1_39' title='bbox 1829 585 2069 654; x_wconf 81' lang='lat' dir='ltr'><strong>expellit.</strong></span> 
     </span>
    </p>
   </div>
   <div class='ocr_carea' id='block_1_9' title="bbox 499 675 2071 740">
    <p class='ocr_par' dir='ltr' id='par_1_9' title="bbox 499 675 2071 740">
     <span class='ocr_line' id='line_1_9' title="bbox 499 675 2071 740; baseline -0.003 -4"><span class='ocrx_word' id='word_1_40' title='bbox 499 684 641 737; x_wconf 82' lang='lat' dir='ltr'><strong>Aves</strong></span> <span class='ocrx_word' id='word_1_41' title='bbox 677 689 859 735; x_wconf 88' lang='lat' dir='ltr'><strong>autem</strong></span> <span class='ocrx_word' id='word_1_42' title='bbox 907 693 1032 732; x_wconf 91' lang='lat' dir='ltr'><strong>cum</strong></span> <span class='ocrx_word' id='word_1_43' title='bbox 1078 676 1394 731; x_wconf 86' lang='lat' dir='ltr'><strong>hominibus</strong></span> <span class='ocrx_word' id='word_1_44' title='bbox 1437 675 1702 740; x_wconf 89' lang='lat' dir='ltr'><strong>habitant,</strong></span> <span class='ocrx_word' id='word_1_45' title='bbox 1744 682 1798 730; x_wconf 90' lang='lat' dir='ltr'><strong>et</strong></span> <span class='ocrx_word' id='word_1_46' title='bbox 1838 676 1940 730; x_wconf 90' lang='lat' dir='ltr'><strong>sub</strong></span> <span class='ocrx_word' id='word_1_47' title='bbox 1977 691 2071 731; x_wconf 90' lang='lat' dir='ltr'><strong>eo-</strong></span> 
     </span>
    </p>
   </div>
   <div class='ocr_carea' id='block_1_10' title="bbox 498 766 2069 832">
    <p class='ocr_par' dir='ltr' id='par_1_10' title="bbox 498 766 2069 832">
     <span class='ocr_line' id='line_1_10' title="bbox 498 766 2069 832; baseline -0.004 -6"><span class='ocrx_word' id='word_1_48' title='bbox 498 773 622 828; x_wconf 89' lang='lat' dir='ltr'><strong>dem</strong></span> <span class='ocrx_word' id='word_1_49' title='bbox 673 779 817 826; x_wconf 88' lang='lat' dir='ltr'><strong>tecto</strong></span> <span class='ocrx_word' id='word_1_50' title='bbox 857 778 1108 822; x_wconf 90' lang='lat' dir='ltr'><strong>manent.</strong></span> <span class='ocrx_word' id='word_1_51' title='bbox 1147 769 1218 822; x_wconf 86' lang='lat' dir='ltr'><strong>At</strong></span> <span class='ocrx_word' id='word_1_52' title='bbox 1265 767 1516 822; x_wconf 84' lang='lat' dir='ltr'><strong>homines</strong></span> <span class='ocrx_word' id='word_1_53' title='bbox 1552 777 1705 820; x_wconf 87' lang='lat' dir='ltr'><strong>mare</strong></span> <span class='ocrx_word' id='word_1_54' title='bbox 1740 766 1976 832; x_wconf 87' lang='lat' dir='ltr'><strong>fodiunt,</strong></span> <span class='ocrx_word' id='word_1_55' title='bbox 2015 774 2069 822; x_wconf 89' lang='lat' dir='ltr'><strong>et</strong></span> 
     </span>
    </p>
   </div>
   <div class='ocr_carea' id='block_1_11' title="bbox 499 857 2064 930">
    <p class='ocr_par' dir='ltr' id='par_1_11' title="bbox 499 857 2064 930">
     <span class='ocr_line' id='line_1_11' title="bbox 499 857 2064 930; baseline -0.006 -10"><span class='ocrx_word' id='word_1_56' title='bbox 499 862 876 920; x_wconf 90' lang='lat' dir='ltr'><strong>instrumentis</strong></span> <span class='ocrx_word' id='word_1_57' title='bbox 905 861 1108 930; x_wconf 88' lang='lat' dir='ltr'><strong>quibus</strong></span> <span class='ocrx_word' id='word_1_58' title='bbox 1133 860 1334 928; x_wconf 88' lang='lat' dir='ltr'><strong>alioqui</strong></span> <span class='ocrx_word' id='word_1_59' title='bbox 1361 859 1569 928; x_wconf 85' lang='lat' dir='ltr'><strong>lapides</strong></span> <span class='ocrx_word' id='word_1_60' title='bbox 1597 857 1833 923; x_wconf 70' lang='lat' dir='ltr'><strong>caedunt,</strong></span> <span class='ocrx_word' id='word_1_61' title='bbox 1869 873 2064 928; x_wconf 89' lang='lat' dir='ltr'><strong>aquam</strong></span> 
     </span>
    </p>
   </div>
   <div class='ocr_carea' id='block_1_12' title="bbox 498 951 2067 1026">
    <p class='ocr_par' dir='ltr' id='par_1_12' title="bbox 498 951 2067 1026">
     <span class='ocr_line' id='line_1_12' title="bbox 498 951 2067 1026; baseline -0.002 -18"><span class='ocrx_word' id='word_1_62' title='bbox 498 955 850 1026; x_wconf 88' lang='lat' dir='ltr'><strong>percutiunt:</strong></span> <span class='ocrx_word' id='word_1_63' title='bbox 894 961 948 1006; x_wconf 91' lang='lat' dir='ltr'><strong>et</strong></span> <span class='ocrx_word' id='word_1_64' title='bbox 991 953 1189 1007; x_wconf 77' lang='lat' dir='ltr'><strong>vicinis</strong></span> <span class='ocrx_word' id='word_1_65' title='bbox 1231 967 1452 1020; x_wconf 88' lang='lat' dir='ltr'><strong>quoque</strong></span> <span class='ocrx_word' id='word_1_66' title='bbox 1501 951 1723 1006; x_wconf 85' lang='lat' dir='ltr'><strong>sedibus</strong></span> <span class='ocrx_word' id='word_1_67' title='bbox 1758 951 1960 1016; x_wconf 91' lang='lat' dir='ltr'><strong>dissiti,</strong></span> <span class='ocrx_word' id='word_1_68' title='bbox 2007 965 2067 1005; x_wconf 91' lang='lat' dir='ltr'><strong>se</strong></span> 
     </span>
    </p>
   </div>
   <div class='ocr_carea' id='block_1_13' title="bbox 499 1042 2065 1115">
    <p class='ocr_par' dir='ltr' id='par_1_13' title="bbox 499 1042 2065 1115">
     <span class='ocr_line' id='line_1_13' title="bbox 499 1042 2065 1115; baseline -0.003 -13"><span class='ocrx_word' id='word_1_69' title='bbox 499 1057 689 1102; x_wconf 90' lang='lat' dir='ltr'><strong>mutuo</strong></span> <span class='ocrx_word' id='word_1_70' title='bbox 735 1046 889 1101; x_wconf 88' lang='lat' dir='ltr'><strong>adire</strong></span> <span class='ocrx_word' id='word_1_71' title='bbox 926 1051 1222 1115; x_wconf 89' lang='lat' dir='ltr'><strong>nequeunt.</strong></span> <span class='ocrx_word' id='word_1_72' title='bbox 1266 1042 1545 1112; x_wconf 86' lang='lat' dir='ltr'><strong>Ejusmodi</strong></span> <span class='ocrx_word' id='word_1_73' title='bbox 1588 1053 1804 1113; x_wconf 90' lang='lat' dir='ltr'><strong>tempus</strong></span> <span class='ocrx_word' id='word_1_74' title='bbox 1833 1050 2065 1113; x_wconf 80' lang='lat' dir='ltr'><strong>tyranno</strong></span> 
     </span>
    </p>
   </div>
   <div class='ocr_carea' id='block_1_14' title="bbox 499 1133 2065 1206">
    <p class='ocr_par' dir='ltr' id='par_1_14' title="bbox 499 1133 2065 1206">
     <span class='ocr_line' id='line_1_14' title="bbox 499 1133 2065 1206; baseline -0.004 -12"><span class='ocrx_word' id='word_1_75' title='bbox 499 1153 650 1194; x_wconf 89' lang='lat' dir='ltr'><strong>arma</strong></span> <span class='ocrx_word' id='word_1_76' title='bbox 700 1137 964 1192; x_wconf 88' lang='lat' dir='ltr'><strong>adversus</strong></span> <span class='ocrx_word' id='word_1_77' title='bbox 1010 1145 1279 1206; x_wconf 85' lang='lat' dir='ltr'><strong>martyres</strong></span> <span class='ocrx_word' id='word_1_78' title='bbox 1320 1135 1703 1205; x_wconf 84' lang='lat' dir='ltr'><strong>suppeditavit.</strong></span> <span class='ocrx_word' id='word_1_79' title='bbox 1767 1133 2065 1204; x_wconf 82' lang='lat' dir='ltr'><strong>Oportebat</strong></span> 
     </span>
    </p>
   </div>
   <div class='ocr_carea' id='block_1_15' title="bbox 499 1227 2064 1299">
    <p class='ocr_par' dir='ltr' id='par_1_15' title="bbox 499 1227 2064 1299">
     <span class='ocr_line' id='line_1_15' title="bbox 499 1227 2064 1299; baseline -0.003 -14"><span class='ocrx_word' id='word_1_80' title='bbox 499 1230 672 1293; x_wconf 89' lang='lat' dir='ltr'><strong>enim,</strong></span> <span class='ocrx_word' id='word_1_81' title='bbox 707 1237 768 1284; x_wconf 91' lang='lat' dir='ltr'><strong>ut</strong></span> <span class='ocrx_word' id='word_1_82' title='bbox 798 1235 1043 1299; x_wconf 84' lang='lat' dir='ltr'><strong>apparet,</strong></span> <span class='ocrx_word' id='word_1_83' title='bbox 1063 1227 1274 1283; x_wconf 83' lang='lat' dir='ltr'><strong>beatam</strong></span> <span class='ocrx_word' id='word_1_84' title='bbox 1297 1227 1453 1282; x_wconf 90' lang='lat' dir='ltr'><strong>istam</strong></span> <span class='ocrx_word' id='word_1_85' title='bbox 1488 1227 1764 1281; x_wconf 90' lang='lat' dir='ltr'><strong>cohortem</strong></span> <span class='ocrx_word' id='word_1_86' title='bbox 1789 1243 1909 1281; x_wconf 92' lang='lat' dir='ltr'><strong>eum</strong></span> <span class='ocrx_word' id='word_1_87' title='bbox 1925 1242 2064 1280; x_wconf 85' lang='lat' dir='ltr'><strong>novo</strong></span> 
     </span>
    </p>
   </div>
   <div class='ocr_carea' id='block_1_16' title="bbox 499 1315 2061 1391">
    <p class='ocr_par' dir='ltr' id='par_1_16' title="bbox 499 1315 2061 1391">
     <span class='ocr_line' id='line_1_16' title="bbox 499 1315 2061 1391; baseline -0.003 -15"><span class='ocrx_word' id='word_1_88' title='bbox 499 1315 752 1391; x_wconf 71' lang='lat' dir='ltr'><strong>supplicii</strong></span> <span class='ocrx_word' id='word_1_89' title='bbox 799 1333 996 1389; x_wconf 86' lang='lat' dir='ltr'><strong>genere</strong></span> <span class='ocrx_word' id='word_1_90' title='bbox 1036 1316 1367 1386; x_wconf 76' lang='lat' dir='ltr'><strong>depugnare,</strong></span> <span class='ocrx_word' id='word_1_91' title='bbox 1432 1324 1491 1369; x_wconf 90' lang='lat' dir='ltr'><strong>ut</strong></span> <span class='ocrx_word' id='word_1_92' title='bbox 1557 1331 1666 1385; x_wconf 68' lang='lat' dir='ltr'><strong>prae</strong></span> <span class='ocrx_word' id='word_1_93' title='bbox 1716 1317 1902 1371; x_wconf 89' lang='lat' dir='ltr'><strong>multis</strong></span> <span class='ocrx_word' id='word_1_94' title='bbox 1940 1317 2061 1371; x_wconf 87' lang='lat' dir='ltr'><strong>aliis</strong></span> 
     </span>
    </p>
   </div>
   <div class='ocr_carea' id='block_1_17' title="bbox 495 1408 2058 1485">
    <p class='ocr_par' dir='ltr' id='par_1_17' title="bbox 495 1408 2058 1485">
     <span class='ocr_line' id='line_1_17' title="bbox 495 1408 2058 1485; baseline -0.005 -16"><span class='ocrx_word' id='word_1_95' title='bbox 495 1411 829 1485; x_wconf 84' lang='lat' dir='ltr'><strong>martyribus</strong></span> <span class='ocrx_word' id='word_1_96' title='bbox 871 1409 1202 1480; x_wconf 77' lang='lat' dir='ltr'><strong>singularem</strong></span> <span class='ocrx_word' id='word_1_97' title='bbox 1231 1416 1286 1462; x_wconf 93' lang='lat' dir='ltr'><strong>et</strong></span> <span class='ocrx_word' id='word_1_98' title='bbox 1329 1408 1585 1463; x_wconf 77' lang='lat' dir='ltr'><strong>eximiam</strong></span> <span class='ocrx_word' id='word_1_99' title='bbox 1617 1408 1846 1478; x_wconf 78' lang='lat' dir='ltr'><strong>gloriam</strong></span> <span class='ocrx_word' id='word_1_100' title='bbox 1883 1408 2058 1479; x_wconf 83' lang='lat' dir='ltr'><strong>adipi-</strong></span> 
     </span>
    </p>
   </div>
   <div class='ocr_carea' id='block_1_18' title="bbox 495 1497 2057 1568">
    <p class='ocr_par' dir='ltr' id='par_1_18' title="bbox 495 1497 2057 1568">
     <span class='ocr_line' id='line_1_18' title="bbox 495 1497 2057 1568; baseline -0.007 -6"><span class='ocrx_word' id='word_1_101' title='bbox 495 1511 800 1562; x_wconf 81' lang='lat' dir='ltr'><strong>scerentur.</strong></span> <span class='ocrx_word' id='word_1_102' title='bbox 845 1499 1078 1555; x_wconf 87' lang='lat' dir='ltr'><strong>Stabant</strong></span> <span class='ocrx_word' id='word_1_103' title='bbox 1134 1497 1301 1568; x_wconf 79' lang='lat' dir='ltr'><strong>igitur</strong></span> <span class='ocrx_word' id='word_1_104' title='bbox 1353 1505 1670 1560; x_wconf 84' lang='lat' dir='ltr'><strong>trementes,</strong></span> <span class='ocrx_word' id='word_1_105' title='bbox 1721 1505 1776 1551; x_wconf 87' lang='lat' dir='ltr'><strong>et</strong></span> <span class='ocrx_word' id='word_1_106' title='bbox 1818 1499 2057 1552; x_wconf 87' lang='lat' dir='ltr'><strong>membra</strong></span> 
     </span>
    </p>
   </div>
   <div class='ocr_carea' id='block_1_19' title="bbox 495 1587 2056 1665">
    <p class='ocr_par' dir='ltr' id='par_1_19' title="bbox 495 1587 2056 1665">
     <span class='ocr_line' id='line_1_19' title="bbox 495 1587 2056 1665; baseline -0.006 -16"><span class='ocrx_word' id='word_1_107' title='bbox 495 1593 942 1665; x_wconf 87' lang='lat' dir='ltr'><strong>congelabantur,</strong></span> <span class='ocrx_word' id='word_1_108' title='bbox 970 1598 1027 1643; x_wconf 91' lang='lat' dir='ltr'><strong>at</strong></span> <span class='ocrx_word' id='word_1_109' title='bbox 1066 1597 1249 1646; x_wconf 89' lang='lat' dir='ltr'><strong>mente</strong></span> <span class='ocrx_word' id='word_1_110' title='bbox 1294 1589 1513 1642; x_wconf 88' lang='lat' dir='ltr'><strong>immota</strong></span> <span class='ocrx_word' id='word_1_111' title='bbox 1562 1597 1616 1642; x_wconf 93' lang='lat' dir='ltr'><strong>et</strong></span> <span class='ocrx_word' id='word_1_112' title='bbox 1667 1587 2056 1657; x_wconf 87' lang='lat' dir='ltr'><strong>imperturbata</strong></span> 
     </span>
    </p>
   </div>
   <div class='ocr_carea' id='block_1_20' title="bbox 2175 399 3741 470">
    <p class='ocr_par' dir='ltr' id='par_1_20' title="bbox 2175 399 3741 470">
     <span class='ocr_line' id='line_1_20' title="bbox 2175 399 3741 470; baseline 0.006 -20"><span class='ocrx_word' id='word_1_113' title='bbox 2175 416 2292 462; x_wconf 81' lang='grc' dir='ltr'>ται,</span> <span class='ocrx_word' id='word_1_114' title='bbox 2334 399 2426 451; x_wconf 76' lang='grc' dir='ltr'>καὶ</span> <span class='ocrx_word' id='word_1_115' title='bbox 2469 399 2724 469; x_wconf 87' lang='grc' dir='ltr'>μένουσιν</span> <span class='ocrx_word' id='word_1_116' title='bbox 2759 399 3079 470; x_wconf 75' lang='grc' dir='ltr'><strong>ὑπωρόφιοι.</strong></span> <span class='ocrx_word' id='word_1_117' title='bbox 3117 400 3424 470; x_wconf 74' lang='grc' dir='ltr'>’Ἄνθρωποι</span> <span class='ocrx_word' id='word_1_118' title='bbox 3457 407 3511 452; x_wconf 64' lang='grc' dir='ltr'>υς</span> <span class='ocrx_word' id='word_1_119' title='bbox 3547 407 3741 459; x_wconf 78' lang='grc' dir='ltr'><strong>πόντον</strong></span> 
     </span>
    </p>
   </div>
   <div class='ocr_carea' id='block_1_21' title="bbox 2169 489 3736 561">
    <p class='ocr_par' dir='ltr' id='par_1_21' title="bbox 2169 489 3736 561">
     <span class='ocr_line' id='line_1_21' title="bbox 2169 489 3736 561; baseline 0.004 -21"><span class='ocrx_word' id='word_1_120' title='bbox 2169 489 2474 558; x_wconf 81' lang='grc' dir='ltr'><strong>ὀρύττουσι,</strong></span> <span class='ocrx_word' id='word_1_121' title='bbox 2493 491 2586 542; x_wconf 73' lang='grc' dir='ltr'><strong>καὶ</strong></span> <span class='ocrx_word' id='word_1_122' title='bbox 2605 489 2906 560; x_wconf 85' lang='grc' dir='ltr'>λιθουργοϊς</span> <span class='ocrx_word' id='word_1_123' title='bbox 2927 491 3177 560; x_wconf 76' lang='grc' dir='ltr'><strong>ὀργάνοις</strong></span> <span class='ocrx_word' id='word_1_124' title='bbox 3221 491 3280 542; x_wconf 76' lang='grc' dir='ltr'>τὸ</span> <span class='ocrx_word' id='word_1_125' title='bbox 3296 489 3437 561; x_wconf 76' lang='grc' dir='ltr'>ὕδωρ</span> <span class='ocrx_word' id='word_1_126' title='bbox 3459 491 3736 548; x_wconf 78' lang='grc' dir='ltr'>κόπτωσι·</span> 
     </span>
    </p>
   </div>
   <div class='ocr_carea' id='block_1_22' title="bbox 2169 578 3740 649">
    <p class='ocr_par' dir='ltr' id='par_1_22' title="bbox 2169 578 3740 649">
     <span class='ocr_line' id='line_1_22' title="bbox 2169 578 3740 649; baseline 0.001 -18"><span class='ocrx_word' id='word_1_127' title='bbox 2169 580 2330 632; x_wconf 84' lang='grc' dir='ltr'>καὶοὶ</span> <span class='ocrx_word' id='word_1_128' title='bbox 2356 578 2580 648; x_wconf 83' lang='grc' dir='ltr'><strong>πλησίον</strong></span> <span class='ocrx_word' id='word_1_129' title='bbox 2600 578 2848 648; x_wconf 81' lang='grc' dir='ltr'>ἀλλήλοις</span> <span class='ocrx_word' id='word_1_130' title='bbox 2877 579 2976 632; x_wconf 81' lang='grc' dir='ltr'>οὐκ</span> <span class='ocrx_word' id='word_1_131' title='bbox 3005 581 3402 649; x_wconf 82' lang='grc' dir='ltr'>ἐπιμίγνυνται.</span> <span class='ocrx_word' id='word_1_132' title='bbox 3429 580 3486 633; x_wconf 85' lang='grc' dir='ltr'><strong>Ὀ</strong></span> <span class='ocrx_word' id='word_1_133' title='bbox 3501 579 3740 644; x_wconf 82' lang='grc' dir='ltr'>τοιοῦτος</span> 
     </span>
    </p>
   </div>
   <div class='ocr_carea' id='block_1_23' title="bbox 2167 669 3740 743">
    <p class='ocr_par' dir='ltr' id='par_1_23' title="bbox 2167 669 3740 743">
     <span class='ocr_line' id='line_1_23' title="bbox 2167 669 3740 743; baseline -0.001 -20"><span class='ocrx_word' id='word_1_134' title='bbox 2167 670 2356 741; x_wconf 81' lang='grc' dir='ltr'>καιρὸς</span> <span class='ocrx_word' id='word_1_135' title='bbox 2413 671 2575 723; x_wconf 84' lang='grc' dir='ltr'>ὅπλον</span> <span class='ocrx_word' id='word_1_136' title='bbox 2603 669 2680 740; x_wconf 84' lang='grc' dir='ltr'><strong>τῷ</strong></span> <span class='ocrx_word' id='word_1_137' title='bbox 2708 670 2956 741; x_wconf 83' lang='grc' dir='ltr'><strong>τυράννῳ</strong></span> <span class='ocrx_word' id='word_1_138' title='bbox 2997 670 3136 723; x_wconf 82' lang='grc' dir='ltr'>κατὰ</span> <span class='ocrx_word' id='word_1_139' title='bbox 3159 670 3266 723; x_wconf 90' lang='grc' dir='ltr'><strong>τῶν</strong></span> <span class='ocrx_word' id='word_1_140' title='bbox 3298 671 3587 743; x_wconf 89' lang='grc' dir='ltr'>μαρτύρων</span> <span class='ocrx_word' id='word_1_141' title='bbox 3621 671 3740 739; x_wconf 60' lang='grc' dir='ltr'>ἐγέι</span> 
     </span>
    </p>
   </div>
   <div class='ocr_carea' id='block_1_24' title="bbox 2164 756 3739 834">
    <p class='ocr_par' dir='ltr' id='par_1_24' title="bbox 2164 756 3739 834">
     <span class='ocr_line' id='line_1_24' title="bbox 2164 756 3739 834; baseline 0 -20"><span class='ocrx_word' id='word_1_142' title='bbox 2164 778 2306 815; x_wconf 89' lang='grc' dir='ltr'>νετο.</span> <span class='ocrx_word' id='word_1_143' title='bbox 2335 762 2478 815; x_wconf 84' lang='grc' dir='ltr'><strong>Ἔδει</strong></span> <span class='ocrx_word' id='word_1_144' title='bbox 2509 762 2640 834; x_wconf 78' lang='grc' dir='ltr'>γὰρ,</span> <span class='ocrx_word' id='word_1_145' title='bbox 2667 762 2743 826; x_wconf 82' lang='grc' dir='ltr'>ὡς</span> <span class='ocrx_word' id='word_1_146' title='bbox 2776 762 2940 824; x_wconf 82' lang='grc' dir='ltr'>ἐοικε,</span> <span class='ocrx_word' id='word_1_147' title='bbox 2963 763 3061 832; x_wconf 72' lang='grc' dir='ltr'>τὴν</span> <span class='ocrx_word' id='word_1_148' title='bbox 3099 761 3339 832; x_wconf 77' lang='grc' dir='ltr'><strong>μεγάλην</strong></span> <span class='ocrx_word' id='word_1_149' title='bbox 3390 765 3483 816; x_wconf 73' lang='grc' dir='ltr'><strong>καὶ</strong></span> <span class='ocrx_word' id='word_1_150' title='bbox 3514 756 3739 834; x_wconf 59' lang='grc' dir='ltr'>σύμφωὲ</span> 
     </span>
    </p>
   </div>
   <div class='ocr_carea' id='block_1_25' title="bbox 2165 853 3735 926">
    <p class='ocr_par' dir='ltr' id='par_1_25' title="bbox 2165 853 3735 926">
     <span class='ocr_line' id='line_1_25' title="bbox 2165 853 3735 926; baseline 0.001 -19"><span class='ocrx_word' id='word_1_151' title='bbox 2165 871 2253 907; x_wconf 89' lang='grc' dir='ltr'><strong>νον</strong></span> <span class='ocrx_word' id='word_1_152' title='bbox 2273 853 2378 907; x_wconf 91' lang='grc' dir='ltr'><strong>τῶν</strong></span> <span class='ocrx_word' id='word_1_153' title='bbox 2422 853 2705 926; x_wconf 73' lang='grc' dir='ltr'><strong>μακαρίων</strong></span> <span class='ocrx_word' id='word_1_154' title='bbox 2752 854 3004 924; x_wconf 78' lang='grc' dir='ltr'>φάλαγγα</span> <span class='ocrx_word' id='word_1_155' title='bbox 3041 854 3210 924; x_wconf 82' lang='grc' dir='ltr'>καινῷ</span> <span class='ocrx_word' id='word_1_156' title='bbox 3235 857 3422 924; x_wconf 82' lang='grc' dir='ltr'>τρόπῳ</span> <span class='ocrx_word' id='word_1_157' title='bbox 3463 855 3735 925; x_wconf 79' lang='grc' dir='ltr'>τιμωρίας</span> 
     </span>
    </p>
   </div>
   <div class='ocr_carea' id='block_1_26' title="bbox 2163 944 3737 1017">
    <p class='ocr_par' dir='ltr' id='par_1_26' title="bbox 2163 944 3737 1017">
     <span class='ocr_line' id='line_1_26' title="bbox 2163 944 3737 1017; baseline 0.001 -19"><span class='ocrx_word' id='word_1_158' title='bbox 2163 944 2610 1014; x_wconf 87' lang='grc' dir='ltr'>ἐναγωνίσασθαι,</span> <span class='ocrx_word' id='word_1_159' title='bbox 2631 946 2716 998; x_wconf 80' lang='grc' dir='ltr'>ἵνα</span> <span class='ocrx_word' id='word_1_160' title='bbox 2741 945 2878 1017; x_wconf 83' lang='grc' dir='ltr'>πρὸς</span> <span class='ocrx_word' id='word_1_161' title='bbox 2892 945 3017 1008; x_wconf 75' lang='grc' dir='ltr'>τοὺς</span> <span class='ocrx_word' id='word_1_162' title='bbox 3044 947 3271 1010; x_wconf 75' lang='grc' dir='ltr'>πολλοὺς</span> <span class='ocrx_word' id='word_1_163' title='bbox 3288 946 3396 999; x_wconf 88' lang='grc' dir='ltr'><strong>τῶν</strong></span> <span class='ocrx_word' id='word_1_164' title='bbox 3442 946 3737 1016; x_wconf 85' lang='grc' dir='ltr'>μαρτύρων</span> 
     </span>
    </p>
   </div>
   <div class='ocr_carea' id='block_1_27' title="bbox 2161 1033 3736 1108">
    <p class='ocr_par' dir='ltr' id='par_1_27' title="bbox 2161 1033 3736 1108">
     <span class='ocr_line' id='line_1_27' title="bbox 2161 1033 3736 1108; baseline 0.001 -20"><span class='ocrx_word' id='word_1_165' title='bbox 2161 1033 2488 1106; x_wconf 79' lang='grc' dir='ltr'><strong>ἀσύγκριτον</strong></span> <span class='ocrx_word' id='word_1_166' title='bbox 2505 1037 2808 1106; x_wconf 81' lang='grc' dir='ltr'>κτήσωνται</span> <span class='ocrx_word' id='word_1_167' title='bbox 2822 1037 2919 1106; x_wconf 87' lang='grc' dir='ltr'>τῆς</span> <span class='ocrx_word' id='word_1_168' title='bbox 2931 1037 3115 1090; x_wconf 83' lang='grc' dir='ltr'>εύσεϐε</span> <span class='ocrx_word' id='word_1_169' title='bbox 3125 1037 3207 1100; x_wconf 83' lang='grc' dir='ltr'><strong>ίας</strong></span> <span class='ocrx_word' id='word_1_170' title='bbox 3229 1037 3326 1108; x_wconf 78' lang='grc' dir='ltr'>τὴν</span> <span class='ocrx_word' id='word_1_171' title='bbox 3349 1037 3736 1106; x_wconf 79' lang='grc' dir='ltr'>δόξαν.”Εστη-</span> 
     </span>
    </p>
   </div>
   <div class='ocr_carea' id='block_1_28' title="bbox 2163 1121 3735 1200">
    <p class='ocr_par' dir='ltr' id='par_1_28' title="bbox 2163 1121 3735 1200">
     <span class='ocr_line' id='line_1_28' title="bbox 2163 1121 3735 1200; baseline 0.001 -22"><span class='ocrx_word' id='word_1_172' title='bbox 2163 1143 2262 1178; x_wconf 92' lang='grc' dir='ltr'><strong>σαν</strong></span> <span class='ocrx_word' id='word_1_173' title='bbox 2289 1121 2402 1189; x_wconf 81' lang='grc' dir='ltr'>οὖν,</span> <span class='ocrx_word' id='word_1_174' title='bbox 2437 1125 2532 1179; x_wconf 70' lang='grc' dir='ltr'>καὶ</span> <span class='ocrx_word' id='word_1_175' title='bbox 2578 1127 2881 1196; x_wconf 77' lang='grc' dir='ltr'>ἐπήγνυντο</span> <span class='ocrx_word' id='word_1_176' title='bbox 2911 1128 2980 1181; x_wconf 80' lang='grc' dir='ltr'>τὰ</span> <span class='ocrx_word' id='word_1_177' title='bbox 3011 1128 3147 1199; x_wconf 84' lang='grc' dir='ltr'>μέλη</span> <span class='ocrx_word' id='word_1_178' title='bbox 3173 1130 3480 1200; x_wconf 83' lang='grc' dir='ltr'><strong>τρέμοντες,</strong></span> <span class='ocrx_word' id='word_1_179' title='bbox 3507 1129 3603 1181; x_wconf 75' lang='grc' dir='ltr'><strong>καὶ</strong></span> <span class='ocrx_word' id='word_1_180' title='bbox 3635 1129 3735 1199; x_wconf 78' lang='grc' dir='ltr'>τὴν</span> 
     </span>
    </p>
   </div>
   <div class='ocr_carea' id='block_1_29' title="bbox 2160 1217 3735 1292">
    <p class='ocr_par' dir='ltr' id='par_1_29' title="bbox 2160 1217 3735 1292">
     <span class='ocr_line' id='line_1_29' title="bbox 2160 1217 3735 1292; baseline 0.001 -22"><span class='ocrx_word' id='word_1_181' title='bbox 2160 1217 2382 1290; x_wconf 82' lang='grc' dir='ltr'>γνώμην</span> <span class='ocrx_word' id='word_1_182' title='bbox 2407 1217 2699 1288; x_wconf 86' lang='grc' dir='ltr'>ἀκλόνητον</span> <span class='ocrx_word' id='word_1_183' title='bbox 2733 1217 2964 1286; x_wconf 83' lang='grc' dir='ltr'>ἔχοντες,</span> <span class='ocrx_word' id='word_1_184' title='bbox 3007 1220 3132 1273; x_wconf 86' lang='grc' dir='ltr'>θέαν</span> <span class='ocrx_word' id='word_1_185' title='bbox 3167 1220 3491 1292; x_wconf 80' lang='grc' dir='ltr'>παρέχοντες</span> <span class='ocrx_word' id='word_1_186' title='bbox 3525 1220 3735 1288; x_wconf 83' lang='grc' dir='ltr'>ἐναγώ-</span> 
     </span>
    </p>
   </div>
   <div class='ocr_carea' id='block_1_30' title="bbox 2160 1307 3733 1383">
    <p class='ocr_par' dir='ltr' id='par_1_30' title="bbox 2160 1307 3733 1383">
     <span class='ocr_line' id='line_1_30' title="bbox 2160 1307 3733 1383; baseline 0 -21"><span class='ocrx_word' id='word_1_187' title='bbox 2160 1326 2293 1370; x_wconf 87' lang='grc' dir='ltr'>νιον.</span> <span class='ocrx_word' id='word_1_188' title='bbox 2351 1309 2624 1378; x_wconf 86' lang='grc' dir='ltr'>ἀγγέλοις,</span> <span class='ocrx_word' id='word_1_189' title='bbox 2666 1307 2973 1381; x_wconf 82' lang='grc' dir='ltr'>ἀνθρώποις</span> <span class='ocrx_word' id='word_1_190' title='bbox 3015 1312 3109 1365; x_wconf 77' lang='grc' dir='ltr'>καὶ</span> <span class='ocrx_word' id='word_1_191' title='bbox 3154 1312 3436 1383; x_wconf 85' lang='grc' dir='ltr'>δαίμοσι...</span> <span class='ocrx_word' id='word_1_192' title='bbox 3475 1311 3733 1379; x_wconf 72' lang='grc' dir='ltr'>Ἄγγελοι</span> 
     </span>
    </p>
   </div>
   <div class='ocr_carea' id='block_1_31' title="bbox 2162 1399 3730 1475">
    <p class='ocr_par' dir='ltr' id='par_1_31' title="bbox 2162 1399 3730 1475">
     <span class='ocr_line' id='line_1_31' title="bbox 2162 1399 3730 1475; baseline 0.001 -21"><span class='ocrx_word' id='word_1_193' title='bbox 2162 1401 2260 1472; x_wconf 81' lang='grc' dir='ltr'>μὲν</span> <span class='ocrx_word' id='word_1_194' title='bbox 2291 1401 2383 1454; x_wconf 85' lang='grc' dir='ltr'>τὸν</span> <span class='ocrx_word' id='word_1_195' title='bbox 2413 1400 2689 1473; x_wconf 83' lang='grc' dir='ltr'>χωρισμὸν</span> <span class='ocrx_word' id='word_1_196' title='bbox 2711 1400 2816 1453; x_wconf 89' lang='grc' dir='ltr'><strong>τῶν</strong></span> <span class='ocrx_word' id='word_1_197' title='bbox 2842 1399 3026 1470; x_wconf 73' lang='grc' dir='ltr'>ψυχῶν</span> <span class='ocrx_word' id='word_1_198' title='bbox 3055 1401 3308 1471; x_wconf 75' lang='grc' dir='ltr'>ἀνέμενον</span> <span class='ocrx_word' id='word_1_199' title='bbox 3327 1443 3342 1468; x_wconf 89' lang='grc'><strong>,</strong></span> <span class='ocrx_word' id='word_1_200' title='bbox 3367 1406 3450 1457; x_wconf 83' lang='grc' dir='ltr'>ἵνα</span> <span class='ocrx_word' id='word_1_201' title='bbox 3481 1403 3730 1475; x_wconf 81' lang='grc' dir='ltr'>παραλα-</span> 
     </span>
    </p>
   </div>
   <div class='ocr_carea' id='block_1_32' title="bbox 2158 1487 3732 1561">
    <p class='ocr_par' dir='ltr' id='par_1_32' title="bbox 2158 1487 3732 1561">
     <span class='ocr_line' id='line_1_32' title="bbox 2158 1487 3732 1561; baseline -0.002 -18"><span class='ocrx_word' id='word_1_202' title='bbox 2158 1489 2340 1552; x_wconf 86' lang='grc' dir='ltr'>ϐόντες</span> <span class='ocrx_word' id='word_1_203' title='bbox 2369 1489 2537 1552; x_wconf 80' lang='grc' dir='ltr'>αὐτὰς</span> <span class='ocrx_word' id='word_1_204' title='bbox 2563 1489 2700 1559; x_wconf 75' lang='grc' dir='ltr'>πρὸς</span> <span class='ocrx_word' id='word_1_205' title='bbox 2729 1487 2818 1540; x_wconf 75' lang='grc' dir='ltr'><strong>τὸν</strong></span> <span class='ocrx_word' id='word_1_206' title='bbox 2848 1487 2975 1540; x_wconf 78' lang='grc' dir='ltr'>ίδιον</span> <span class='ocrx_word' id='word_1_207' title='bbox 3013 1487 3320 1555; x_wconf 80' lang='grc' dir='ltr'>ἀναγάγωσι</span> <span class='ocrx_word' id='word_1_208' title='bbox 3356 1489 3575 1561; x_wconf 76' lang='grc' dir='ltr'>κλῆρον.</span> <span class='ocrx_word' id='word_1_209' title='bbox 3606 1491 3732 1541; x_wconf 81' lang='grc' dir='ltr'><strong>Ἀν-</strong></span> 
     </span>
    </p>
   </div>
   <div class='ocr_carea' id='block_1_33' title="bbox 2159 1577 3733 1651">
    <p class='ocr_par' dir='ltr' id='par_1_33' title="bbox 2159 1577 3733 1651">
     <span class='ocr_line' id='line_1_33' title="bbox 2159 1577 3733 1651; baseline -0.001 -19"><span class='ocrx_word' id='word_1_210' title='bbox 2159 1580 2366 1651; x_wconf 82' lang='grc' dir='ltr'>θρωποι</span> <span class='ocrx_word' id='word_1_211' title='bbox 2387 1578 2442 1631; x_wconf 81' lang='grc' dir='ltr'>δὲ</span> <span class='ocrx_word' id='word_1_212' title='bbox 2469 1579 2528 1632; x_wconf 83' lang='grc' dir='ltr'><strong>τὺ</strong></span> <span class='ocrx_word' id='word_1_213' title='bbox 2559 1579 2710 1641; x_wconf 83' lang='grc' dir='ltr'>τέλος</span> <span class='ocrx_word' id='word_1_214' title='bbox 2754 1577 3141 1650; x_wconf 88' lang='grc' dir='ltr'>ἐκαραδόκουν,</span> <span class='ocrx_word' id='word_1_215' title='bbox 3173 1577 3272 1645; x_wconf 82' lang='grc' dir='ltr'>τῆς</span> <span class='ocrx_word' id='word_1_216' title='bbox 3301 1580 3482 1650; x_wconf 75' lang='grc' dir='ltr'>κοινῆς</span> <span class='ocrx_word' id='word_1_217' title='bbox 3513 1580 3733 1649; x_wconf 82' lang='grc' dir='ltr'>φύσεως</span> 
     </span>
    </p>
   </div>
   <div class='ocr_carea' id='block_1_34' title="bbox 495 1667 2049 1756">
    <p class='ocr_par' dir='ltr' id='par_1_34' title="bbox 495 1678 2049 1756">
     <span class='ocr_line' id='line_1_34' title="bbox 495 1678 2049 1756; baseline -0.006 -16"><span class='ocrx_word' id='word_1_218' title='bbox 495 1685 740 1756; x_wconf 78' lang='lat' dir='ltr'><strong>angelis.</strong></span> <span class='ocrx_word' id='word_1_219' title='bbox 802 1683 1114 1738; x_wconf 83' lang='lat' dir='ltr'><strong>hominibus</strong></span> <span class='ocrx_word' id='word_1_220' title='bbox 1182 1688 1236 1735; x_wconf 86' lang='lat' dir='ltr'><strong>et</strong></span> <span class='ocrx_word' id='word_1_221' title='bbox 1288 1678 1628 1734; x_wconf 63' lang='lat' dir='ltr'><strong>daemonibus</strong></span> <span class='ocrx_word' id='word_1_222' title='bbox 1685 1678 2049 1748; x_wconf 89' lang='lat' dir='ltr'><strong>spectaculum</strong></span> 
     </span>
    </p>
   </div>
   <div class='ocr_carea' id='block_1_35' title="bbox 2151 1667 3729 1756">
    <p class='ocr_par' dir='ltr' id='par_1_35' title="bbox 2155 1667 3729 1743">
     <span class='ocr_line' id='line_1_35' title="bbox 2155 1667 3729 1743; baseline -0.001 -19"><span class='ocrx_word' id='word_1_223' title='bbox 2155 1673 2254 1743; x_wconf 80' lang='grc' dir='ltr'>τὴν</span> <span class='ocrx_word' id='word_1_224' title='bbox 2287 1670 2513 1740; x_wconf 88' lang='grc' dir='ltr'>δύναμιν</span> <span class='ocrx_word' id='word_1_225' title='bbox 2539 1669 2920 1740; x_wconf 78' lang='grc' dir='ltr'>δοκιμάζοντες</span> <span class='ocrx_word' id='word_1_226' title='bbox 2940 1685 2954 1698; x_wconf 88' lang='grc'><strong>·</strong></span> <span class='ocrx_word' id='word_1_227' title='bbox 2995 1668 3154 1721; x_wconf 83' lang='grc' dir='ltr'>εἰδιά</span> <span class='ocrx_word' id='word_1_228' title='bbox 3185 1667 3345 1736; x_wconf 78' lang='grc' dir='ltr'>φόϐον</span> <span class='ocrx_word' id='word_1_229' title='bbox 3394 1673 3486 1720; x_wconf 60' lang='grc' dir='ltr'>καὶ</span> <span class='ocrx_word' id='word_1_230' title='bbox 3537 1671 3729 1723; x_wconf 78' lang='grc' dir='ltr'>ἐλπίδα</span> 
     </span>
    </p>
   </div>
   <div class='ocr_carea' id='block_1_36' title="bbox 491 1769 2058 1842">
    <p class='ocr_par' dir='ltr' id='par_1_36' title="bbox 491 1769 2058 1842">
     <span class='ocr_line' id='line_1_36' title="bbox 491 1769 2058 1842; baseline -0.006 -10"><span class='ocrx_word' id='word_1_231' title='bbox 491 1774 840 1832; x_wconf 80' lang='lat' dir='ltr'><strong>exhibebant.</strong></span> <span class='ocrx_word' id='word_1_232' title='bbox 901 1772 1092 1842; x_wconf 80' lang='lat' dir='ltr'><strong>Augeli</strong></span> <span class='ocrx_word' id='word_1_233' title='bbox 1121 1770 1264 1825; x_wconf 89' lang='lat' dir='ltr'><strong>enim</strong></span> <span class='ocrx_word' id='word_1_234' title='bbox 1310 1769 1704 1840; x_wconf 86' lang='lat' dir='ltr'><strong>separationem</strong></span> <span class='ocrx_word' id='word_1_235' title='bbox 1756 1769 2058 1823; x_wconf 88' lang='lat' dir='ltr'><strong>animarum</strong></span> 
     </span>
    </p>
   </div>
   <div class='ocr_carea' id='block_1_37' title="bbox 491 1859 2057 1934">
    <p class='ocr_par' dir='ltr' id='par_1_37' title="bbox 491 1859 2057 1934">
     <span class='ocr_line' id='line_1_37' title="bbox 491 1859 2057 1934; baseline -0.004 -14"><span class='ocrx_word' id='word_1_236' title='bbox 491 1863 874 1934; x_wconf 79' lang='lat' dir='ltr'><strong>acorporibus</strong></span> <span class='ocrx_word' id='word_1_237' title='bbox 927 1861 1350 1932; x_wconf 77' lang='lat' dir='ltr'><strong>exspectabant,</strong></span> <span class='ocrx_word' id='word_1_238' title='bbox 1398 1867 1459 1916; x_wconf 89' lang='lat' dir='ltr'><strong>ut</strong></span> <span class='ocrx_word' id='word_1_239' title='bbox 1504 1859 1625 1914; x_wconf 88' lang='lat' dir='ltr'><strong>illas</strong></span> <span class='ocrx_word' id='word_1_240' title='bbox 1676 1859 1732 1912; x_wconf 92' lang='lat' dir='ltr'><strong>in</strong></span> <span class='ocrx_word' id='word_1_241' title='bbox 1785 1860 2057 1930; x_wconf 90' lang='lat' dir='ltr'><strong>propriam</strong></span> 
     </span>
    </p>
   </div>
   <div class='ocr_carea' id='block_1_38' title="bbox 491 1945 2057 2010">
    <p class='ocr_par' dir='ltr' id='par_1_38' title="bbox 491 1945 2057 2010">
     <span class='ocr_line' id='line_1_38' title="bbox 491 1945 2057 2010; baseline -0.005 0"><span class='ocrx_word' id='word_1_242' title='bbox 491 1960 694 2010; x_wconf 86' lang='lat' dir='ltr'><strong>sortem</strong></span> <span class='ocrx_word' id='word_1_243' title='bbox 738 1959 794 2007; x_wconf 91' lang='lat' dir='ltr'><strong>et</strong></span> <span class='ocrx_word' id='word_1_244' title='bbox 838 1953 1130 2007; x_wconf 84' lang='lat' dir='ltr'><strong>stationem</strong></span> <span class='ocrx_word' id='word_1_245' title='bbox 1176 1950 1526 2004; x_wconf 82' lang='lat' dir='ltr'><strong>deducerent.</strong></span> <span class='ocrx_word' id='word_1_246' title='bbox 1576 1945 1835 2003; x_wconf 88' lang='lat' dir='ltr'><strong>llomines</strong></span> <span class='ocrx_word' id='word_1_247' title='bbox 1878 1955 2057 2003; x_wconf 88' lang='lat' dir='ltr'><strong>autem</strong></span> 
     </span>
    </p>
   </div>
   <div class='ocr_carea' id='block_1_39' title="bbox 491 2037 2058 2116">
    <p class='ocr_par' dir='ltr' id='par_1_39' title="bbox 491 2037 2058 2116">
     <span class='ocr_line' id='line_1_39' title="bbox 491 2037 2058 2116; baseline -0.005 -16"><span class='ocrx_word' id='word_1_248' title='bbox 491 2043 946 2116; x_wconf 64' lang='lat' dir='ltr'><strong>prastolabantur</strong></span> <span class='ocrx_word' id='word_1_249' title='bbox 979 2041 1138 2095; x_wconf 87' lang='lat' dir='ltr'><strong>finem</strong></span> <span class='ocrx_word' id='word_1_250' title='bbox 1161 2079 1178 2104; x_wconf 94' lang='lat'><strong>,</strong></span> <span class='ocrx_word' id='word_1_251' title='bbox 1225 2039 1530 2094; x_wconf 91' lang='lat' dir='ltr'><strong>communis</strong></span> <span class='ocrx_word' id='word_1_252' title='bbox 1554 2047 1762 2092; x_wconf 69' lang='lat' dir='ltr'><strong>naturae</strong></span> <span class='ocrx_word' id='word_1_253' title='bbox 1804 2037 1969 2092; x_wconf 91' lang='lat' dir='ltr'><strong>robur</strong></span> <span class='ocrx_word' id='word_1_254' title='bbox 2004 2045 2058 2093; x_wconf 91' lang='lat' dir='ltr'><strong>et</strong></span> 
     </span>
    </p>
   </div>
   <div class='ocr_carea' id='block_1_40' title="bbox 492 2128 2055 2208">
    <p class='ocr_par' dir='ltr' id='par_1_40' title="bbox 492 2128 2055 2208">
     <span class='ocr_line' id='line_1_40' title="bbox 492 2128 2055 2208; baseline -0.006 -18"><span class='ocrx_word' id='word_1_255' title='bbox 492 2137 788 2208; x_wconf 82' lang='lat' dir='ltr'><strong>potentiam</strong></span> <span class='ocrx_word' id='word_1_256' title='bbox 827 2131 1162 2203; x_wconf 87' lang='lat' dir='ltr'><strong>probantes;</strong></span> <span class='ocrx_word' id='word_1_257' title='bbox 1208 2143 1331 2200; x_wconf 67' lang='lat' dir='ltr'><strong>quae</strong></span> <span class='ocrx_word' id='word_1_258' title='bbox 1401 2135 1624 2198; x_wconf 88' lang='lat' dir='ltr'><strong>propter</strong></span> <span class='ocrx_word' id='word_1_259' title='bbox 1688 2128 1938 2182; x_wconf 89' lang='lat' dir='ltr'><strong>timorem</strong></span> <span class='ocrx_word' id='word_1_260' title='bbox 2000 2135 2055 2182; x_wconf 93' lang='lat' dir='ltr'><strong>et</strong></span> 
     </span>
    </p>
   </div>
   <div class='ocr_carea' id='block_1_41' title="bbox 491 2217 2055 2298">
    <p class='ocr_par' dir='ltr' id='par_1_41' title="bbox 491 2217 2055 2298">
     <span class='ocr_line' id='line_1_41' title="bbox 491 2217 2055 2298; baseline -0.008 -14"><span class='ocrx_word' id='word_1_261' title='bbox 491 2241 644 2298; x_wconf 85' lang='lat' dir='ltr'><strong>spem</strong></span> <span class='ocrx_word' id='word_1_262' title='bbox 678 2225 847 2279; x_wconf 90' lang='lat' dir='ltr'><strong>futuri</strong></span> <span class='ocrx_word' id='word_1_263' title='bbox 877 2231 959 2277; x_wconf 91' lang='lat' dir='ltr'><strong>tot</strong></span> <span class='ocrx_word' id='word_1_264' title='bbox 989 2237 1050 2277; x_wconf 88' lang='lat' dir='ltr'><strong>ac</strong></span> <span class='ocrx_word' id='word_1_265' title='bbox 1076 2221 1243 2276; x_wconf 88' lang='lat' dir='ltr'><strong>tantis</strong></span> <span class='ocrx_word' id='word_1_266' title='bbox 1267 2217 1605 2273; x_wconf 85' lang='lat' dir='ltr'><strong>cruciatibus</strong></span> <span class='ocrx_word' id='word_1_267' title='bbox 1656 2217 1906 2288; x_wconf 89' lang='lat' dir='ltr'><strong>superior</strong></span> <span class='ocrx_word' id='word_1_268' title='bbox 1934 2231 2055 2273; x_wconf 88' lang='lat' dir='ltr'><strong>esse</strong></span> 
     </span>
    </p>
   </div>
   <div class='ocr_carea' id='block_1_42' title="bbox 490 2308 2049 2391">
    <p class='ocr_par' dir='ltr' id='par_1_42' title="bbox 490 2308 2049 2391">
     <span class='ocr_line' id='line_1_42' title="bbox 490 2308 2049 2391; baseline -0.01 -16"><span class='ocrx_word' id='word_1_269' title='bbox 490 2329 694 2391; x_wconf 84' lang='lat' dir='ltr'><strong>posset.</strong></span> <span class='ocrx_word' id='word_1_270' title='bbox 721 2317 791 2369; x_wconf 86' lang='lat' dir='ltr'><strong>At</strong></span> <span class='ocrx_word' id='word_1_271' title='bbox 817 2317 1112 2379; x_wconf 67' lang='lat' dir='ltr'><strong>daemones,</strong></span> <span class='ocrx_word' id='word_1_272' title='bbox 1137 2313 1355 2367; x_wconf 88' lang='lat' dir='ltr'><strong>curiose</strong></span> <span class='ocrx_word' id='word_1_273' title='bbox 1376 2310 1443 2364; x_wconf 88' lang='lat' dir='ltr'><strong>ad</strong></span> <span class='ocrx_word' id='word_1_274' title='bbox 1465 2324 1548 2372; x_wconf 90' lang='lat' dir='ltr'><strong>ea,</strong></span> <span class='ocrx_word' id='word_1_275' title='bbox 1565 2324 1684 2378; x_wconf 73' lang='lat' dir='ltr'><strong>quae</strong></span> <span class='ocrx_word' id='word_1_276' title='bbox 1699 2308 2049 2380; x_wconf 78' lang='lat' dir='ltr'><strong>gerebantur,</strong></span> 
     </span>
    </p>
   </div>
   <div class='ocr_carea' id='block_1_43' title="bbox 489 2401 2050 2474">
    <p class='ocr_par' dir='ltr' id='par_1_43' title="bbox 489 2401 2050 2474">
     <span class='ocr_line' id='line_1_43' title="bbox 489 2401 2050 2474; baseline -0.008 -9"><span class='ocrx_word' id='word_1_277' title='bbox 489 2408 868 2472; x_wconf 86' lang='lat' dir='ltr'><strong>intendebant,</strong></span> <span class='ocrx_word' id='word_1_278' title='bbox 890 2421 1015 2461; x_wconf 91' lang='lat' dir='ltr'><strong>cum</strong></span> <span class='ocrx_word' id='word_1_279' title='bbox 1043 2419 1242 2474; x_wconf 87' lang='lat' dir='ltr'><strong>magno</strong></span> <span class='ocrx_word' id='word_1_280' title='bbox 1280 2402 1554 2458; x_wconf 89' lang='lat' dir='ltr'><strong>desiderio</strong></span> <span class='ocrx_word' id='word_1_281' title='bbox 1581 2401 1798 2455; x_wconf 89' lang='lat' dir='ltr'><strong>videndi</strong></span> <span class='ocrx_word' id='word_1_282' title='bbox 1832 2401 2050 2455; x_wconf 89' lang='lat' dir='ltr'><strong>ruinam</strong></span> 
     </span>
    </p>
   </div>
   <div class='ocr_carea' id='block_1_44' title="bbox 487 2490 2050 2566">
    <p class='ocr_par' dir='ltr' id='par_1_44' title="bbox 487 2490 2050 2566">
     <span class='ocr_line' id='line_1_44' title="bbox 487 2490 2050 2566; baseline -0.006 -11"><span class='ocrx_word' id='word_1_283' title='bbox 487 2501 815 2555; x_wconf 85' lang='lat' dir='ltr'><strong>athletarum</strong></span> <span class='ocrx_word' id='word_1_284' title='bbox 879 2505 934 2553; x_wconf 89' lang='lat' dir='ltr'><strong>et</strong></span> <span class='ocrx_word' id='word_1_285' title='bbox 1009 2495 1377 2566; x_wconf 75' lang='lat' dir='ltr'><strong>periculorum</strong></span> <span class='ocrx_word' id='word_1_286' title='bbox 1423 2491 1891 2548; x_wconf 88' lang='lat' dir='ltr'><strong>detrectationem.</strong></span> <span class='ocrx_word' id='word_1_287' title='bbox 1943 2490 2050 2546; x_wconf 88' lang='lat' dir='ltr'><strong>Sed</strong></span> 
     </span>
    </p>
   </div>
   <div class='ocr_carea' id='block_1_45' title="bbox 487 2583 2050 2662">
    <p class='ocr_par' dir='ltr' id='par_1_45' title="bbox 487 2583 2050 2662">
     <span class='ocr_line' id='line_1_45' title="bbox 487 2583 2050 2662; baseline -0.008 -14"><span class='ocrx_word' id='word_1_288' title='bbox 487 2607 618 2662; x_wconf 89' lang='lat' dir='ltr'><strong>spes</strong></span> <span class='ocrx_word' id='word_1_289' title='bbox 640 2591 854 2646; x_wconf 88' lang='lat' dir='ltr'><strong>illorum</strong></span> <span class='ocrx_word' id='word_1_290' title='bbox 890 2587 1116 2642; x_wconf 86' lang='lat' dir='ltr'><strong>confusa</strong></span> <span class='ocrx_word' id='word_1_291' title='bbox 1142 2593 1247 2650; x_wconf 87' lang='lat' dir='ltr'><strong>est,</strong></span> <span class='ocrx_word' id='word_1_292' title='bbox 1283 2591 1506 2655; x_wconf 85' lang='lat' dir='ltr'><strong>propter</strong></span> <span class='ocrx_word' id='word_1_293' title='bbox 1537 2583 1712 2646; x_wconf 92' lang='lat' dir='ltr'><strong>illum,</strong></span> <span class='ocrx_word' id='word_1_294' title='bbox 1765 2584 1859 2653; x_wconf 92' lang='lat' dir='ltr'><strong>qui</strong></span> <span class='ocrx_word' id='word_1_295' title='bbox 1899 2597 2050 2636; x_wconf 90' lang='lat' dir='ltr'><strong>mar-</strong></span> 
     </span>
    </p>
   </div>
   <div class='ocr_carea' id='block_1_46' title="bbox 486 2672 2048 2752">
    <p class='ocr_par' dir='ltr' id='par_1_46' title="bbox 486 2672 2048 2752">
     <span class='ocr_line' id='line_1_46' title="bbox 486 2672 2048 2752; baseline -0.004 -19"><span class='ocrx_word' id='word_1_296' title='bbox 486 2689 634 2752; x_wconf 84' lang='lat' dir='ltr'><strong>tyres</strong></span> <span class='ocrx_word' id='word_1_297' title='bbox 667 2680 816 2734; x_wconf 88' lang='lat' dir='ltr'><strong>intus</strong></span> <span class='ocrx_word' id='word_1_298' title='bbox 855 2676 1236 2732; x_wconf 76' lang='lat' dir='ltr'><strong>confirmabat.</strong></span> <span class='ocrx_word' id='word_1_299' title='bbox 1282 2672 1602 2728; x_wconf 88' lang='lat' dir='ltr'><strong>Intuebatur</strong></span> <span class='ocrx_word' id='word_1_300' title='bbox 1645 2672 1790 2727; x_wconf 92' lang='lat' dir='ltr'><strong>enim</strong></span> <span class='ocrx_word' id='word_1_301' title='bbox 1827 2673 2048 2728; x_wconf 86' lang='lat' dir='ltr'><strong>mutila-</strong></span> 
     </span>
    </p>
   </div>
   <div class='ocr_carea' id='block_1_47' title="bbox 485 2765 2048 2842">
    <p class='ocr_par' dir='ltr' id='par_1_47' title="bbox 485 2765 2048 2842">
     <span class='ocr_line' id='line_1_47' title="bbox 485 2765 2048 2842; baseline -0.005 -14"><span class='ocrx_word' id='word_1_302' title='bbox 485 2774 662 2828; x_wconf 87' lang='lat' dir='ltr'><strong>tiones</strong></span> <span class='ocrx_word' id='word_1_303' title='bbox 693 2771 926 2842; x_wconf 85' lang='lat' dir='ltr'><strong>quilibet</strong></span> <span class='ocrx_word' id='word_1_304' title='bbox 947 2767 1220 2839; x_wconf 88' lang='lat' dir='ltr'><strong>proprias,</strong></span> <span class='ocrx_word' id='word_1_305' title='bbox 1249 2774 1305 2822; x_wconf 91' lang='lat' dir='ltr'><strong>et</strong></span> <span class='ocrx_word' id='word_1_306' title='bbox 1331 2767 1583 2831; x_wconf 87' lang='lat' dir='ltr'><strong>aliorum,</strong></span> <span class='ocrx_word' id='word_1_307' title='bbox 1606 2781 1817 2822; x_wconf 91' lang='lat' dir='ltr'><strong>omnes.</strong></span> <span class='ocrx_word' id='word_1_308' title='bbox 1861 2765 1927 2818; x_wconf 84' lang='lat' dir='ltr'><strong>Et</strong></span> <span class='ocrx_word' id='word_1_309' title='bbox 1959 2765 2048 2820; x_wconf 91' lang='lat' dir='ltr'><strong>hic</strong></span> 
     </span>
    </p>
   </div>
   <div class='ocr_carea' id='block_1_48' title="bbox 482 2856 2046 2934">
    <p class='ocr_par' dir='ltr' id='par_1_48' title="bbox 482 2856 2046 2934">
     <span class='ocr_line' id='line_1_48' title="bbox 482 2856 2046 2934; baseline -0.003 -18"><span class='ocrx_word' id='word_1_310' title='bbox 482 2861 703 2934; x_wconf 90' lang='lat' dir='ltr'><strong>quidem</strong></span> <span class='ocrx_word' id='word_1_311' title='bbox 726 2859 939 2931; x_wconf 82' lang='lat' dir='ltr'><strong>iacebat</strong></span> <span class='ocrx_word' id='word_1_312' title='bbox 965 2856 1102 2928; x_wconf 85' lang='lat' dir='ltr'><strong>pede</strong></span> <span class='ocrx_word' id='word_1_313' title='bbox 1121 2865 1214 2912; x_wconf 88' lang='lat' dir='ltr'><strong>aut</strong></span> <span class='ocrx_word' id='word_1_314' title='bbox 1252 2856 1438 2925; x_wconf 80' lang='lat' dir='ltr'><strong>digitis</strong></span> <span class='ocrx_word' id='word_1_315' title='bbox 1470 2856 1874 2920; x_wconf 75' lang='lat' dir='ltr'><strong>difﬂuentibus;</strong></span> <span class='ocrx_word' id='word_1_316' title='bbox 1904 2856 2046 2912; x_wconf 91' lang='lat' dir='ltr'><strong>alius</strong></span> 
     </span>
    </p>
   </div>
   <div class='ocr_carea' id='block_1_49' title="bbox 479 2945 2046 3021">
    <p class='ocr_par' dir='ltr' id='par_1_49' title="bbox 479 2945 2046 3021">
     <span class='ocr_line' id='line_1_49' title="bbox 479 2945 2046 3021; baseline -0.003 -17"><span class='ocrx_word' id='word_1_317' title='bbox 479 2949 698 3021; x_wconf 73' lang='lat' dir='ltr'><strong>iacebat</strong></span> <span class='ocrx_word' id='word_1_318' title='bbox 737 2948 904 3004; x_wconf 85' lang='lat' dir='ltr'><strong>insito</strong></span> <span class='ocrx_word' id='word_1_319' title='bbox 947 2945 1130 3002; x_wconf 90' lang='lat' dir='ltr'><strong>calore</strong></span> <span class='ocrx_word' id='word_1_320' title='bbox 1177 2945 1291 3015; x_wconf 86' lang='lat' dir='ltr'><strong>jam</strong></span> <span class='ocrx_word' id='word_1_321' title='bbox 1344 2947 1562 3016; x_wconf 90' lang='lat' dir='ltr'><strong>penitus</strong></span> <span class='ocrx_word' id='word_1_322' title='bbox 1614 2946 1938 3017; x_wconf 86' lang='lat' dir='ltr'><strong>refrigerato</strong></span> <span class='ocrx_word' id='word_1_323' title='bbox 1990 2953 2046 3002; x_wconf 93' lang='lat' dir='ltr'><strong>et</strong></span> 
     </span>
    </p>
   </div>
   <div class='ocr_carea' id='block_1_50' title="bbox 481 3037 2041 3107">
    <p class='ocr_par' dir='ltr' id='par_1_50' title="bbox 481 3037 2041 3107">
     <span class='ocr_line' id='line_1_50' title="bbox 481 3037 2041 3107; baseline -0.003 -10"><span class='ocrx_word' id='word_1_324' title='bbox 481 3042 772 3097; x_wconf 78' lang='lat' dir='ltr'><strong>exstincto.</strong></span> <span class='ocrx_word' id='word_1_325' title='bbox 801 3037 1266 3107; x_wconf 82' lang='lat' dir='ltr'><strong>Quemadmodum</strong></span> <span class='ocrx_word' id='word_1_326' title='bbox 1289 3047 1472 3095; x_wconf 90' lang='lat' dir='ltr'><strong>autem</strong></span> <span class='ocrx_word' id='word_1_327' title='bbox 1489 3039 1871 3094; x_wconf 83' lang='lat' dir='ltr'><strong>violentissimi</strong></span> <span class='ocrx_word' id='word_1_328' title='bbox 1898 3038 2041 3093; x_wconf 88' lang='lat' dir='ltr'><strong>venti</strong></span> 
     </span>
    </p>
   </div>
   <div class='ocr_carea' id='block_1_51' title="bbox 482 3127 2044 3200">
    <p class='ocr_par' dir='ltr' id='par_1_51' title="bbox 482 3127 2044 3200">
     <span class='ocr_line' id='line_1_51' title="bbox 482 3127 2044 3200; baseline -0.001 -13"><span class='ocrx_word' id='word_1_329' title='bbox 482 3148 605 3188; x_wconf 92' lang='lat' dir='ltr'><strong>cum</strong></span> <span class='ocrx_word' id='word_1_330' title='bbox 648 3132 835 3196; x_wconf 77' lang='lat' dir='ltr'><strong>locum</strong></span> <span class='ocrx_word' id='word_1_331' title='bbox 875 3131 980 3186; x_wconf 86' lang='lat' dir='ltr'><strong>sibi</strong></span> <span class='ocrx_word' id='word_1_332' title='bbox 1022 3130 1275 3184; x_wconf 91' lang='lat' dir='ltr'><strong>idoneum</strong></span> <span class='ocrx_word' id='word_1_333' title='bbox 1322 3127 1574 3200; x_wconf 81' lang='lat' dir='ltr'><strong>perflant,</strong></span> <span class='ocrx_word' id='word_1_334' title='bbox 1640 3137 1832 3200; x_wconf 89' lang='lat' dir='ltr'><strong>postea</strong></span> <span class='ocrx_word' id='word_1_335' title='bbox 1882 3130 2044 3186; x_wconf 87' lang='lat' dir='ltr'><strong>arbo-</strong></span> 
     </span>
    </p>
   </div>
   <div class='ocr_carea' id='block_1_52' title="bbox 482 3220 2046 3291">
    <p class='ocr_par' dir='ltr' id='par_1_52' title="bbox 482 3220 2046 3291">
     <span class='ocr_line' id='line_1_52' title="bbox 482 3220 2046 3291; baseline -0.001 -12"><span class='ocrx_word' id='word_1_336' title='bbox 482 3239 604 3279; x_wconf 90' lang='lat' dir='ltr'><strong>rum</strong></span> <span class='ocrx_word' id='word_1_337' title='bbox 633 3222 871 3279; x_wconf 85' lang='lat' dir='ltr'><strong>eulmina</strong></span> <span class='ocrx_word' id='word_1_338' title='bbox 905 3220 1304 3285; x_wconf 89' lang='lat' dir='ltr'><strong>concutientes,</strong></span> <span class='ocrx_word' id='word_1_339' title='bbox 1330 3221 1596 3278; x_wconf 89' lang='lat' dir='ltr'><strong>radicitus</strong></span> <span class='ocrx_word' id='word_1_340' title='bbox 1628 3221 1931 3291; x_wconf 79' lang='lat' dir='ltr'><strong>exstirpant</strong></span> <span class='ocrx_word' id='word_1_341' title='bbox 1990 3230 2046 3277; x_wconf 91' lang='lat' dir='ltr'><strong>et</strong></span> 
     </span>
    </p>
   </div>
   <div class='ocr_carea' id='block_1_53' title="bbox 481 3312 2044 3383">
    <p class='ocr_par' dir='ltr' id='par_1_53' title="bbox 481 3312 2044 3383">
     <span class='ocr_line' id='line_1_53' title="bbox 481 3312 2044 3383; baseline 0 -13"><span class='ocrx_word' id='word_1_342' title='bbox 481 3315 537 3370; x_wconf 86' lang='lat' dir='ltr'><strong>in</strong></span> <span class='ocrx_word' id='word_1_343' title='bbox 563 3323 762 3370; x_wconf 87' lang='lat' dir='ltr'><strong>terram</strong></span> <span class='ocrx_word' id='word_1_344' title='bbox 787 3320 1143 3383; x_wconf 89' lang='lat' dir='ltr'><strong>prosternunt</strong></span> <span class='ocrx_word' id='word_1_345' title='bbox 1176 3330 1190 3367; x_wconf 89' lang='lat'><strong>:</strong></span> <span class='ocrx_word' id='word_1_346' title='bbox 1238 3312 1318 3368; x_wconf 84' lang='lat' dir='ltr'><strong>sic</strong></span> <span class='ocrx_word' id='word_1_347' title='bbox 1368 3312 1438 3368; x_wconf 91' lang='lat' dir='ltr'><strong>ab</strong></span> <span class='ocrx_word' id='word_1_348' title='bbox 1476 3312 1579 3367; x_wconf 88' lang='lat' dir='ltr'><strong>hac</strong></span> <span class='ocrx_word' id='word_1_349' title='bbox 1629 3312 1806 3368; x_wconf 91' lang='lat' dir='ltr'><strong>bieme</strong></span> <span class='ocrx_word' id='word_1_350' title='bbox 1844 3315 2044 3371; x_wconf 88' lang='lat' dir='ltr'><strong>nobilis</strong></span> 
     </span>
    </p>
   </div>
   <div class='ocr_carea' id='block_1_54' title="bbox 479 3403 2042 3477">
    <p class='ocr_par' dir='ltr' id='par_1_54' title="bbox 479 3403 2042 3477">
     <span class='ocr_line' id='line_1_54' title="bbox 479 3403 2042 3477; baseline -0.001 -14"><span class='ocrx_word' id='word_1_351' title='bbox 479 3405 585 3463; x_wconf 75' lang='lat' dir='ltr'><strong>ista</strong></span> <span class='ocrx_word' id='word_1_352' title='bbox 620 3405 900 3461; x_wconf 89' lang='lat' dir='ltr'><strong>beatorum</strong></span> <span class='ocrx_word' id='word_1_353' title='bbox 923 3404 1168 3477; x_wconf 88' lang='lat' dir='ltr'><strong>pugilum</strong></span> <span class='ocrx_word' id='word_1_354' title='bbox 1203 3404 1404 3461; x_wconf 89' lang='lat' dir='ltr'><strong>cohors</strong></span> <span class='ocrx_word' id='word_1_355' title='bbox 1435 3403 1649 3474; x_wconf 89' lang='lat' dir='ltr'><strong>dejecta</strong></span> <span class='ocrx_word' id='word_1_356' title='bbox 1673 3413 1759 3459; x_wconf 84' lang='lat' dir='ltr'><strong>est</strong></span> <span class='ocrx_word' id='word_1_357' title='bbox 1783 3443 1798 3469; x_wconf 92' lang='lat'><strong>,</strong></span> <span class='ocrx_word' id='word_1_358' title='bbox 1831 3406 2042 3462; x_wconf 89' lang='lat' dir='ltr'><strong>nobiles</strong></span> 
     </span>
    </p>
   </div>
   <div class='ocr_carea' id='block_1_55' title="bbox 480 3495 2044 3568">
    <p class='ocr_par' dir='ltr' id='par_1_55' title="bbox 480 3495 2044 3568">
     <span class='ocr_line' id='line_1_55' title="bbox 480 3495 2044 3568; baseline 0.001 -16"><span class='ocrx_word' id='word_1_359' title='bbox 480 3498 730 3554; x_wconf 75' lang='lat' dir='ltr'><strong>videlicet</strong></span> <span class='ocrx_word' id='word_1_360' title='bbox 761 3497 998 3567; x_wconf 83' lang='lat' dir='ltr'><strong>paradisi</strong></span> <span class='ocrx_word' id='word_1_361' title='bbox 1017 3497 1231 3568; x_wconf 68' lang='lat' dir='ltr'><strong>plantae,</strong></span> <span class='ocrx_word' id='word_1_362' title='bbox 1264 3497 1544 3553; x_wconf 86' lang='lat' dir='ltr'><strong>societatis</strong></span> <span class='ocrx_word' id='word_1_363' title='bbox 1579 3495 1831 3552; x_wconf 72' lang='lat' dir='ltr'><strong>humana:</strong></span> <span class='ocrx_word' id='word_1_364' title='bbox 1854 3496 2044 3564; x_wconf 82' lang='lat' dir='ltr'><strong>decus,</strong></span> 
     </span>
    </p>
   </div>
   <div class='ocr_carea' id='block_1_56' title="bbox 2156 1759 3735 1834">
    <p class='ocr_par' dir='ltr' id='par_1_56' title="bbox 2156 1759 3735 1834">
     <span class='ocr_line' id='line_1_56' title="bbox 2156 1759 3735 1834; baseline -0.001 -17"><span class='ocrx_word' id='word_1_365' title='bbox 2156 1764 2252 1818; x_wconf 75' lang='grc' dir='ltr'>τοῦ</span> <span class='ocrx_word' id='word_1_366' title='bbox 2284 1762 2567 1834; x_wconf 82' lang='grc' dir='ltr'>μέλλοντος</span> <span class='ocrx_word' id='word_1_367' title='bbox 2603 1760 2933 1833; x_wconf 79' lang='grc' dir='ltr'>τηλικούτων</span> <span class='ocrx_word' id='word_1_368' title='bbox 2978 1759 3396 1830; x_wconf 85' lang='grc' dir='ltr'>κατευμεγεθεῖν</span> <span class='ocrx_word' id='word_1_369' title='bbox 3424 1760 3735 1831; x_wconf 69' lang='grc' dir='ltr'>ἀλγηδόνων</span> 
     </span>
    </p>
   </div>
   <div class='ocr_carea' id='block_1_57' title="bbox 2162 1852 3728 1928">
    <p class='ocr_par' dir='ltr' id='par_1_57' title="bbox 2162 1852 3728 1928">
     <span class='ocr_line' id='line_1_57' title="bbox 2162 1852 3728 1928; baseline -0.003 -17"><span class='ocrx_word' id='word_1_370' title='bbox 2162 1857 2458 1928; x_wconf 84' lang='grc' dir='ltr'>ίσχύοιμεν.</span> <span class='ocrx_word' id='word_1_371' title='bbox 2489 1855 2751 1924; x_wconf 84' lang='grc' dir='ltr'>Δαίμονες</span> <span class='ocrx_word' id='word_1_372' title='bbox 2782 1854 2838 1907; x_wconf 88' lang='grc' dir='ltr'><strong>δέ</strong></span> <span class='ocrx_word' id='word_1_373' title='bbox 2885 1852 3086 1923; x_wconf 84' lang='grc' dir='ltr'>σφόδρα</span> <span class='ocrx_word' id='word_1_374' title='bbox 3122 1855 3407 1922; x_wconf 81' lang='grc' dir='ltr'>προσεῖχον</span> <span class='ocrx_word' id='word_1_375' title='bbox 3438 1854 3552 1914; x_wconf 88' lang='grc' dir='ltr'>τοῖς</span> <span class='ocrx_word' id='word_1_376' title='bbox 3584 1869 3728 1920; x_wconf 74' lang='grc' dir='ltr'>γινο-</span> 
     </span>
    </p>
   </div>
   <div class='ocr_carea' id='block_1_58' title="bbox 2163 1942 3727 2019">
    <p class='ocr_par' dir='ltr' id='par_1_58' title="bbox 2163 1942 3727 2019">
     <span class='ocr_line' id='line_1_58' title="bbox 2163 1942 3727 2019; baseline -0.003 -19"><span class='ocrx_word' id='word_1_377' title='bbox 2163 1948 2367 2019; x_wconf 81' lang='grc' dir='ltr'>μένοις,</span> <span class='ocrx_word' id='word_1_378' title='bbox 2391 1944 2781 2014; x_wconf 75' lang='grc' dir='ltr'>ἐπιθυμοῦντες</span> <span class='ocrx_word' id='word_1_379' title='bbox 2811 1942 2936 1996; x_wconf 85' lang='grc' dir='ltr'>ίδεῖν</span> <span class='ocrx_word' id='word_1_380' title='bbox 2963 1943 3060 2012; x_wconf 78' lang='grc' dir='ltr'>τὴν</span> <span class='ocrx_word' id='word_1_381' title='bbox 3097 1942 3300 1996; x_wconf 82' lang='grc' dir='ltr'>πτῶσιν</span> <span class='ocrx_word' id='word_1_382' title='bbox 3325 1943 3431 1996; x_wconf 89' lang='grc' dir='ltr'><strong>τῶν</strong></span> <span class='ocrx_word' id='word_1_383' title='bbox 3459 1943 3727 2012; x_wconf 77' lang='grc' dir='ltr'>ἀθλητῶν,</span> 
     </span>
    </p>
   </div>
   <div class='ocr_carea' id='block_1_59' title="bbox 2155 2033 3726 2109">
    <p class='ocr_par' dir='ltr' id='par_1_59' title="bbox 2155 2033 3726 2109">
     <span class='ocr_line' id='line_1_59' title="bbox 2155 2033 3726 2109; baseline -0.004 -16"><span class='ocrx_word' id='word_1_384' title='bbox 2155 2040 2251 2094; x_wconf 75' lang='grc' dir='ltr'>καὶ</span> <span class='ocrx_word' id='word_1_385' title='bbox 2281 2039 2382 2109; x_wconf 81' lang='grc' dir='ltr'>τὴν</span> <span class='ocrx_word' id='word_1_386' title='bbox 2409 2036 2546 2108; x_wconf 82' lang='grc' dir='ltr'>πρὸς</span> <span class='ocrx_word' id='word_1_387' title='bbox 2571 2036 2697 2099; x_wconf 77' lang='grc' dir='ltr'>τοὺς</span> <span class='ocrx_word' id='word_1_388' title='bbox 2729 2033 3004 2098; x_wconf 74' lang='grc' dir='ltr'>κινδύνους</span> <span class='ocrx_word' id='word_1_389' title='bbox 3035 2033 3294 2106; x_wconf 79' lang='grc' dir='ltr'>ἄνανδρον</span> <span class='ocrx_word' id='word_1_390' title='bbox 3338 2033 3726 2104; x_wconf 79' lang='grc' dir='ltr'>ἀπαγόρευσιν.</span> 
     </span>
    </p>
   </div>
   <div class='ocr_carea' id='block_1_60' title="bbox 2163 2125 3732 2200">
    <p class='ocr_par' dir='ltr' id='par_1_60' title="bbox 2163 2125 3732 2200">
     <span class='ocr_line' id='line_1_60' title="bbox 2163 2125 3732 2200; baseline -0.003 -17"><span class='ocrx_word' id='word_1_391' title='bbox 2163 2130 2228 2182; x_wconf 83' lang='grc' dir='ltr'><strong>Ἦ</strong></span> <span class='ocrx_word' id='word_1_392' title='bbox 2252 2130 2308 2183; x_wconf 84' lang='grc' dir='ltr'><strong>δέ</strong></span> <span class='ocrx_word' id='word_1_393' title='bbox 2331 2129 2480 2193; x_wconf 73' lang='grc' dir='ltr'>ἐλπὶς</span> <span class='ocrx_word' id='word_1_394' title='bbox 2508 2127 2684 2182; x_wconf 76' lang='grc' dir='ltr'>αὐτῶν</span> <span class='ocrx_word' id='word_1_395' title='bbox 2710 2126 3076 2200; x_wconf 79' lang='grc' dir='ltr'>κατῃσχύνθη,</span> <span class='ocrx_word' id='word_1_396' title='bbox 3095 2125 3182 2180; x_wconf 82' lang='grc' dir='ltr'><strong>διὰ</strong></span> <span class='ocrx_word' id='word_1_397' title='bbox 3210 2127 3301 2178; x_wconf 67' lang='grc' dir='ltr'>τὸν</span> <span class='ocrx_word' id='word_1_398' title='bbox 3328 2125 3732 2196; x_wconf 77' lang='grc' dir='ltr'>ἐνδυναμοῦντα</span> 
     </span>
    </p>
   </div>
   <div class='ocr_carea' id='block_1_61' title="bbox 2152 2217 3729 2290">
    <p class='ocr_par' dir='ltr' id='par_1_61' title="bbox 2152 2217 3729 2290">
     <span class='ocr_line' id='line_1_61' title="bbox 2152 2217 3729 2290; baseline -0.003 -16"><span class='ocrx_word' id='word_1_399' title='bbox 2152 2220 2305 2275; x_wconf 86' lang='grc' dir='ltr'>Θεόν.</span> <span class='ocrx_word' id='word_1_400' title='bbox 2347 2219 2611 2273; x_wconf 89' lang='grc' dir='ltr'>Ἒϐλεπον</span> <span class='ocrx_word' id='word_1_401' title='bbox 2642 2219 2750 2290; x_wconf 80' lang='grc' dir='ltr'><strong>γὰρ</strong></span> <span class='ocrx_word' id='word_1_402' title='bbox 2771 2219 2897 2282; x_wconf 77' lang='grc' dir='ltr'>τοὺς</span> <span class='ocrx_word' id='word_1_403' title='bbox 2929 2218 3438 2289; x_wconf 83' lang='grc' dir='ltr'>ἀκρωτηριασμοὺς,</span> <span class='ocrx_word' id='word_1_404' title='bbox 3470 2217 3565 2270; x_wconf 54' lang='grc' dir='ltr'><strong>καὶ⁸</strong></span> <span class='ocrx_word' id='word_1_405' title='bbox 3602 2219 3729 2281; x_wconf 76' lang='grc' dir='ltr'>τοὺς</span> 
     </span>
    </p>
   </div>
   <div class='ocr_carea' id='block_1_62' title="bbox 2157 2310 3730 2381">
    <p class='ocr_par' dir='ltr' id='par_1_62' title="bbox 2157 2310 3730 2381">
     <span class='ocr_line' id='line_1_62' title="bbox 2157 2310 3730 2381; baseline -0.001 -15"><span class='ocrx_word' id='word_1_406' title='bbox 2157 2313 2317 2376; x_wconf 74' lang='grc' dir='ltr'>ἰδίους</span> <span class='ocrx_word' id='word_1_407' title='bbox 2338 2313 2586 2376; x_wconf 75' lang='grc' dir='ltr'>ἕκαστος,</span> <span class='ocrx_word' id='word_1_408' title='bbox 2633 2312 2729 2364; x_wconf 80' lang='grc' dir='ltr'><strong>καὶ</strong></span> <span class='ocrx_word' id='word_1_409' title='bbox 2755 2313 2881 2375; x_wconf 77' lang='grc' dir='ltr'>τοὺς</span> <span class='ocrx_word' id='word_1_410' title='bbox 2922 2310 3161 2381; x_wconf 79' lang='grc' dir='ltr'>ἀλλήλων</span> <span class='ocrx_word' id='word_1_411' title='bbox 3204 2311 3254 2363; x_wconf 83' lang='grc' dir='ltr'>οἱ</span> <span class='ocrx_word' id='word_1_412' title='bbox 3281 2311 3500 2373; x_wconf 84' lang='grc' dir='ltr'>πάντες.</span> <span class='ocrx_word' id='word_1_413' title='bbox 3542 2312 3600 2364; x_wconf 83' lang='grc'><strong>’0</strong></span> <span class='ocrx_word' id='word_1_414' title='bbox 3629 2313 3730 2380; x_wconf 81' lang='grc' dir='ltr'>μὲν</span> 
     </span>
    </p>
   </div>
   <div class='ocr_carea' id='block_1_63' title="bbox 2150 2399 3730 2474">
    <p class='ocr_par' dir='ltr' id='par_1_63' title="bbox 2150 2399 3730 2474">
     <span class='ocr_line' id='line_1_63' title="bbox 2150 2399 3730 2474; baseline 0.001 -20"><span class='ocrx_word' id='word_1_415' title='bbox 2150 2403 2326 2456; x_wconf 79' lang='grc' dir='ltr'>ἔκειτο</span> <span class='ocrx_word' id='word_1_416' title='bbox 2353 2402 2510 2466; x_wconf 79' lang='grc' dir='ltr'>ποδὸς</span> <span class='ocrx_word' id='word_1_417' title='bbox 2551 2401 2584 2474; x_wconf 80' lang='grc' dir='ltr'>ἢ</span> <span class='ocrx_word' id='word_1_418' title='bbox 2613 2401 2888 2455; x_wconf 82' lang='grc' dir='ltr'>δακτύλων</span> <span class='ocrx_word' id='word_1_419' title='bbox 2908 2401 3312 2472; x_wconf 78' lang='grc' dir='ltr'>περιρρυέντων</span> <span class='ocrx_word' id='word_1_420' title='bbox 3330 2417 3343 2430; x_wconf 75' lang='grc' dir='ltr'><strong><em>ο</em></strong></span> <span class='ocrx_word' id='word_1_421' title='bbox 3366 2399 3525 2464; x_wconf 78' lang='grc' dir='ltr'>ἄλλος</span> <span class='ocrx_word' id='word_1_422' title='bbox 3550 2401 3730 2455; x_wconf 75' lang='grc' dir='ltr'>ἔκειτο</span> 
     </span>
    </p>
   </div>
   <div class='ocr_carea' id='block_1_64' title="bbox 2147 2490 3723 2566">
    <p class='ocr_par' dir='ltr' id='par_1_64' title="bbox 2147 2490 3723 2566">
     <span class='ocr_line' id='line_1_64' title="bbox 2147 2490 3723 2566; baseline 0.001 -20"><span class='ocrx_word' id='word_1_423' title='bbox 2147 2495 2246 2564; x_wconf 80' lang='grc' dir='ltr'>τῆς</span> <span class='ocrx_word' id='word_1_424' title='bbox 2302 2493 2542 2565; x_wconf 80' lang='grc' dir='ltr'>ἐμφύτου</span> <span class='ocrx_word' id='word_1_425' title='bbox 2596 2493 2926 2566; x_wconf 84' lang='grc' dir='ltr'>θερμότητος</span> <span class='ocrx_word' id='word_1_426' title='bbox 2960 2490 3399 2562; x_wconf 75' lang='grc' dir='ltr'>καταψυχθείσης</span> <span class='ocrx_word' id='word_1_427' title='bbox 3425 2493 3504 2555; x_wconf 84' lang='grc' dir='ltr'><strong>είς</strong></span> <span class='ocrx_word' id='word_1_428' title='bbox 3544 2493 3723 2556; x_wconf 86' lang='grc' dir='ltr'>τέλος.</span> 
     </span>
    </p>
   </div>
   <div class='ocr_carea' id='block_1_65' title="bbox 2149 2584 3725 2657">
    <p class='ocr_par' dir='ltr' id='par_1_65' title="bbox 2149 2584 3725 2657">
     <span class='ocr_line' id='line_1_65' title="bbox 2149 2584 3725 2657; baseline 0.001 -19"><span class='ocrx_word' id='word_1_429' title='bbox 2149 2586 2358 2657; x_wconf 81' lang='grc' dir='ltr'>Ὥσπερ</span> <span class='ocrx_word' id='word_1_430' title='bbox 2379 2586 2502 2657; x_wconf 72' lang='grc' dir='ltr'>δέιοι</span> <span class='ocrx_word' id='word_1_431' title='bbox 2525 2586 2873 2656; x_wconf 81' lang='grc' dir='ltr'>σφοδρότατοι</span> <span class='ocrx_word' id='word_1_432' title='bbox 2889 2584 2994 2638; x_wconf 90' lang='grc' dir='ltr'><strong>τῶν</strong></span> <span class='ocrx_word' id='word_1_433' title='bbox 3019 2585 3255 2655; x_wconf 83' lang='grc' dir='ltr'>ἀνέμων,</span> <span class='ocrx_word' id='word_1_434' title='bbox 3274 2584 3436 2638; x_wconf 80' lang='grc' dir='ltr'>τόπον</span> <span class='ocrx_word' id='word_1_435' title='bbox 3464 2587 3725 2640; x_wconf 83' lang='grc' dir='ltr'>ἐπιπνεύ-</span> 
     </span>
    </p>
   </div>
   <div class='ocr_carea' id='block_1_66' title="bbox 2148 2674 3727 2752">
    <p class='ocr_par' dir='ltr' id='par_1_66' title="bbox 2148 2674 3727 2752">
     <span class='ocr_line' id='line_1_66' title="bbox 2148 2674 3727 2752; baseline -0.002 -18"><span class='ocrx_word' id='word_1_436' title='bbox 2148 2697 2341 2744; x_wconf 87' lang='grc' dir='ltr'>σαντες</span> <span class='ocrx_word' id='word_1_437' title='bbox 2373 2679 2650 2752; x_wconf 86' lang='grc' dir='ltr'>σύμφυτον</span> <span class='ocrx_word' id='word_1_438' title='bbox 2674 2718 2690 2744; x_wconf 97' lang='grc'><strong>,</strong></span> <span class='ocrx_word' id='word_1_439' title='bbox 2723 2674 2843 2731; x_wconf 74' lang='grc' dir='ltr'>εἶτα</span> <span class='ocrx_word' id='word_1_440' title='bbox 2864 2678 2932 2730; x_wconf 79' lang='grc' dir='ltr'>τὰ</span> <span class='ocrx_word' id='word_1_441' title='bbox 2954 2675 3132 2746; x_wconf 70' lang='grc' dir='ltr'>ὑψηλά</span> <span class='ocrx_word' id='word_1_442' title='bbox 3161 2675 3269 2728; x_wconf 91' lang='grc' dir='ltr'><strong>τῶν</strong></span> <span class='ocrx_word' id='word_1_443' title='bbox 3296 2676 3522 2748; x_wconf 79' lang='grc' dir='ltr'>δένδρων</span> <span class='ocrx_word' id='word_1_444' title='bbox 3552 2696 3727 2731; x_wconf 81' lang='grc' dir='ltr'>κατα-</span> 
     </span>
    </p>
   </div>
   <div class='ocr_carea' id='block_1_67' title="bbox 2149 2768 3723 2842">
    <p class='ocr_par' dir='ltr' id='par_1_67' title="bbox 2149 2768 3723 2842">
     <span class='ocr_line' id='line_1_67' title="bbox 2149 2768 3723 2842; baseline -0.002 -16"><span class='ocrx_word' id='word_1_445' title='bbox 2149 2773 2445 2837; x_wconf 89' lang='grc' dir='ltr'>σείσαντες,</span> <span class='ocrx_word' id='word_1_446' title='bbox 2498 2774 2578 2836; x_wconf 78' lang='grc' dir='ltr'><strong>είς</strong></span> <span class='ocrx_word' id='word_1_447' title='bbox 2611 2771 2714 2842; x_wconf 80' lang='grc' dir='ltr'>γῆν</span> <span class='ocrx_word' id='word_1_448' title='bbox 2781 2769 3149 2840; x_wconf 80' lang='grc' dir='ltr'>καταφέρουσι</span> <span class='ocrx_word' id='word_1_449' title='bbox 3189 2768 3491 2838; x_wconf 67' lang='grc' dir='ltr'>πρόρριζαθ</span> <span class='ocrx_word' id='word_1_450' title='bbox 3546 2769 3723 2832; x_wconf 79' lang='grc' dir='ltr'>οὔτως</span> 
     </span>
    </p>
   </div>
   <div class='ocr_carea' id='block_1_68' title="bbox 2147 2860 3722 2937">
    <p class='ocr_par' dir='ltr' id='par_1_68' title="bbox 2147 2860 3722 2937">
     <span class='ocr_line' id='line_1_68' title="bbox 2147 2860 3722 2937; baseline -0.002 -20"><span class='ocrx_word' id='word_1_451' title='bbox 2147 2863 2487 2937; x_wconf 87' lang='grc' dir='ltr'>ἐστορέ[σ]θη</span> <span class='ocrx_word' id='word_1_452' title='bbox 2506 2864 2656 2935; x_wconf 85' lang='grc' dir='ltr'>παρὰ</span> <span class='ocrx_word' id='word_1_453' title='bbox 2671 2862 2763 2917; x_wconf 82' lang='grc' dir='ltr'>τοῦ</span> <span class='ocrx_word' id='word_1_454' title='bbox 2779 2863 3042 2933; x_wconf 84' lang='grc' dir='ltr'>χειμῶνος</span> <span class='ocrx_word' id='word_1_455' title='bbox 3065 2863 3097 2932; x_wconf 86' lang='grc' dir='ltr'>ή</span> <span class='ocrx_word' id='word_1_456' title='bbox 3121 2860 3226 2914; x_wconf 88' lang='grc' dir='ltr'><strong>τῶν</strong></span> <span class='ocrx_word' id='word_1_457' title='bbox 3245 2860 3528 2930; x_wconf 86' lang='grc' dir='ltr'>μακαρίων</span> <span class='ocrx_word' id='word_1_458' title='bbox 3543 2862 3722 2932; x_wconf 59' lang='grc' dir='ltr'>παράω</span> 
     </span>
    </p>
   </div>
   <div class='ocr_carea' id='block_1_69' title="bbox 2145 2948 3722 3025">
    <p class='ocr_par' dir='ltr' id='par_1_69' title="bbox 2145 2948 3722 3025">
     <span class='ocr_line' id='line_1_69' title="bbox 2145 2948 3722 3025; baseline -0.004 -17"><span class='ocrx_word' id='word_1_459' title='bbox 2145 2955 2330 3022; x_wconf 77' lang='grc' dir='ltr'>ταξις·</span> <span class='ocrx_word' id='word_1_460' title='bbox 2361 2953 2431 3007; x_wconf 85' lang='grc' dir='ltr'><strong>τὰ</strong></span> <span class='ocrx_word' id='word_1_461' title='bbox 2457 2955 2652 3025; x_wconf 80' lang='grc' dir='ltr'>εὐγενῆ</span> <span class='ocrx_word' id='word_1_462' title='bbox 2691 2952 2834 3023; x_wconf 84' lang='grc' dir='ltr'><strong>φυτά</strong></span> <span class='ocrx_word' id='word_1_463' title='bbox 2870 2950 2964 3005; x_wconf 81' lang='grc' dir='ltr'>τοῦ</span> <span class='ocrx_word' id='word_1_464' title='bbox 3012 2950 3360 3022; x_wconf 82' lang='grc' dir='ltr'>παραδείσου,</span> <span class='ocrx_word' id='word_1_465' title='bbox 3394 2948 3486 3002; x_wconf 78' lang='grc' dir='ltr'>τοῦ</span> <span class='ocrx_word' id='word_1_466' title='bbox 3530 2950 3722 3018; x_wconf 82' lang='grc' dir='ltr'>γένους</span> 
     </span>
    </p>
   </div>
   <div class='ocr_carea' id='block_1_70' title="bbox 2145 3040 3721 3116">
    <p class='ocr_par' dir='ltr' id='par_1_70' title="bbox 2145 3040 3721 3116">
     <span class='ocr_line' id='line_1_70' title="bbox 2145 3040 3721 3116; baseline -0.004 -18"><span class='ocrx_word' id='word_1_467' title='bbox 2145 3045 2207 3099; x_wconf 86' lang='grc' dir='ltr'><strong>τδ</strong></span> <span class='ocrx_word' id='word_1_468' title='bbox 2231 3044 2677 3116; x_wconf 83' lang='grc' dir='ltr'>ἐγκαλλὼπισμα,</span> <span class='ocrx_word' id='word_1_469' title='bbox 2699 3046 2754 3098; x_wconf 77' lang='grc' dir='ltr'>αἱ</span> <span class='ocrx_word' id='word_1_470' title='bbox 2770 3042 2915 3115; x_wconf 76' lang='grc' dir='ltr'>ῥίζαι</span> <span class='ocrx_word' id='word_1_471' title='bbox 2930 3044 3029 3114; x_wconf 78' lang='grc' dir='ltr'>τῆς</span> <span class='ocrx_word' id='word_1_472' title='bbox 3050 3041 3318 3114; x_wconf 80' lang='grc' dir='ltr'>ἡμετέρας</span> <span class='ocrx_word' id='word_1_473' title='bbox 3335 3040 3682 3111; x_wconf 74' lang='grc' dir='ltr'>βλαστήσεως</span> <span class='ocrx_word' id='word_1_474' title='bbox 3705 3085 3721 3105; x_wconf 88' lang='lat'><strong>,</strong></span> 
     </span>
    </p>
   </div>
   <div class='ocr_carea' id='block_1_71' title="bbox 2144 3129 3722 3205">
    <p class='ocr_par' dir='ltr' id='par_1_71' title="bbox 2144 3129 3722 3205">
     <span class='ocr_line' id='line_1_71' title="bbox 2144 3129 3722 3205; baseline -0.008 -13"><span class='ocrx_word' id='word_1_475' title='bbox 2144 3139 2196 3192; x_wconf 79' lang='grc' dir='ltr'>οἱ</span> <span class='ocrx_word' id='word_1_476' title='bbox 2251 3136 2462 3191; x_wconf 86' lang='grc' dir='ltr'>Παύλου</span> <span class='ocrx_word' id='word_1_477' title='bbox 2513 3136 2749 3199; x_wconf 87' lang='grc' dir='ltr'>ὁπλῖται,</span> <span class='ocrx_word' id='word_1_478' title='bbox 2802 3135 2850 3188; x_wconf 77' lang='grc' dir='ltr'>οἱ</span> <span class='ocrx_word' id='word_1_479' title='bbox 2900 3131 3140 3205; x_wconf 79' lang='grc' dir='ltr'>Χριστοῦ</span> <span class='ocrx_word' id='word_1_480' title='bbox 3183 3131 3503 3204; x_wconf 85' lang='grc' dir='ltr'>δορυφόροι,</span> <span class='ocrx_word' id='word_1_481' title='bbox 3535 3133 3584 3184; x_wconf 79' lang='grc' dir='ltr'>οἱ</span> <span class='ocrx_word' id='word_1_482' title='bbox 3612 3129 3722 3182; x_wconf 67' lang='grc' dir='ltr'><strong>τῶν</strong></span> 
     </span>
    </p>
   </div>
   <div class='ocr_carea' id='block_1_72' title="bbox 2150 3222 3720 3301">
    <p class='ocr_par' dir='ltr' id='par_1_72' title="bbox 2150 3222 3720 3301">
     <span class='ocr_line' id='line_1_72' title="bbox 2150 3222 3720 3301; baseline -0.006 -18"><span class='ocrx_word' id='word_1_483' title='bbox 2150 3228 2348 3301; x_wconf 83' lang='grc' dir='ltr'>βωμῶν</span> <span class='ocrx_word' id='word_1_484' title='bbox 2375 3227 2674 3282; x_wconf 79' lang='grc' dir='ltr'>καταλυταὶ</span> <span class='ocrx_word' id='word_1_485' title='bbox 2693 3267 2712 3292; x_wconf 83' lang='grc'><strong>,</strong></span> <span class='ocrx_word' id='word_1_486' title='bbox 2739 3227 2790 3280; x_wconf 85' lang='grc' dir='ltr'>οἱ</span> <span class='ocrx_word' id='word_1_487' title='bbox 2829 3225 2940 3279; x_wconf 87' lang='grc' dir='ltr'><strong>τῶν</strong></span> <span class='ocrx_word' id='word_1_488' title='bbox 2982 3223 3314 3294; x_wconf 85' lang='grc' dir='ltr'>Ἐκκλησιῶν</span> <span class='ocrx_word' id='word_1_489' title='bbox 3333 3222 3604 3292; x_wconf 69' lang='grc' dir='ltr'>οἰκοδόμοι</span> <span class='ocrx_word' id='word_1_490' title='bbox 3629 3263 3645 3288; x_wconf 93' lang='grc'><strong>,</strong></span> <span class='ocrx_word' id='word_1_491' title='bbox 3671 3223 3720 3273; x_wconf 79' lang='lat' dir='ltr'><strong>oi</strong></span> 
     </span>
    </p>
   </div>
   <div class='ocr_carea' id='block_1_73' title="bbox 2149 3314 3720 3394">
    <p class='ocr_par' dir='ltr' id='par_1_73' title="bbox 2149 3314 3720 3394">
     <span class='ocr_line' id='line_1_73' title="bbox 2149 3314 3720 3394; baseline -0.006 -19"><span class='ocrx_word' id='word_1_492' title='bbox 2149 3321 2290 3376; x_wconf 88' lang='grc' dir='ltr'><strong>κατά</strong></span> <span class='ocrx_word' id='word_1_493' title='bbox 2317 3320 2605 3394; x_wconf 77' lang='grc' dir='ltr'>βαρϐάρων</span> <span class='ocrx_word' id='word_1_494' title='bbox 2631 3319 2933 3374; x_wconf 87' lang='grc' dir='ltr'>ὁπλιτεύειν</span> <span class='ocrx_word' id='word_1_495' title='bbox 2955 3317 3422 3389; x_wconf 73' lang='grc' dir='ltr'>ἀπογραψάμενοι,</span> <span class='ocrx_word' id='word_1_496' title='bbox 3456 3315 3554 3368; x_wconf 76' lang='grc' dir='ltr'>καὶ</span> <span class='ocrx_word' id='word_1_497' title='bbox 3579 3314 3720 3385; x_wconf 75' lang='grc' dir='ltr'>πρός</span> 
     </span>
    </p>
   </div>
   <div class='ocr_carea' id='block_1_74' title="bbox 2147 3406 3720 3485">
    <p class='ocr_par' dir='ltr' id='par_1_74' title="bbox 2147 3406 3720 3485">
     <span class='ocr_line' id='line_1_74' title="bbox 2147 3406 3720 3485; baseline -0.006 -19"><span class='ocrx_word' id='word_1_498' title='bbox 2147 3413 2240 3466; x_wconf 84' lang='grc' dir='ltr'>τὸν</span> <span class='ocrx_word' id='word_1_499' title='bbox 2269 3412 2443 3467; x_wconf 81' lang='grc' dir='ltr'>κοινὸν</span> <span class='ocrx_word' id='word_1_500' title='bbox 2469 3412 2661 3485; x_wconf 87' lang='grc' dir='ltr'>ἐχθρὸν</span> <span class='ocrx_word' id='word_1_501' title='bbox 2689 3411 2789 3482; x_wconf 76' lang='grc' dir='ltr'>τῆς</span> <span class='ocrx_word' id='word_1_502' title='bbox 2811 3409 3224 3482; x_wconf 83' lang='grc' dir='ltr'>ἁνθρωπότητος</span> <span class='ocrx_word' id='word_1_503' title='bbox 3252 3407 3344 3462; x_wconf 74' lang='grc' dir='ltr'>τὸν</span> <span class='ocrx_word' id='word_1_504' title='bbox 3371 3406 3556 3476; x_wconf 82' lang='grc' dir='ltr'>ἀγῶνα</span> <span class='ocrx_word' id='word_1_505' title='bbox 3569 3406 3720 3458; x_wconf 78' lang='grc' dir='ltr'>τελέο</span> 
     </span>
    </p>
   </div>
   <div class='ocr_carea' id='block_1_75' title="bbox 2152 3518 2363 3564">
    <p class='ocr_par' dir='ltr' id='par_1_75' title="bbox 2152 3518 2363 3564">
     <span class='ocr_line' id='line_1_75' title="bbox 2152 3518 2363 3564; baseline 0.009 -10"><span class='ocrx_word' id='word_1_506' title='bbox 2152 3518 2363 3564; x_wconf 88' lang='grc' dir='ltr'>σαντες.</span> 
     </span>
    </p>
   </div>
   <div class='ocr_carea' id='block_1_76' title="bbox 481 3585 3706 3664">
    <p class='ocr_par' dir='ltr' id='par_1_76' title="bbox 481 3585 3706 3664">
     <span class='ocr_line' id='line_1_76' title="bbox 481 3585 3706 3664; baseline -0.001 -21"><span class='ocrx_word' id='word_1_507' title='bbox 481 3587 698 3644; x_wconf 84' lang='lat' dir='ltr'><strong>radices</strong></span> <span class='ocrx_word' id='word_1_508' title='bbox 721 3595 922 3643; x_wconf 63' lang='lat' dir='ltr'><strong>nostra;</strong></span> <span class='ocrx_word' id='word_1_509' title='bbox 949 3587 1370 3659; x_wconf 83' lang='lat' dir='ltr'><strong>germinationis</strong></span> <span class='ocrx_word' id='word_1_510' title='bbox 1389 3625 1408 3654; x_wconf 95' lang='lat'><strong>,</strong></span> <span class='ocrx_word' id='word_1_511' title='bbox 1438 3585 1596 3642; x_wconf 88' lang='lat' dir='ltr'><strong>Pauli</strong></span> <span class='ocrx_word' id='word_1_512' title='bbox 1621 3587 1824 3644; x_wconf 90' lang='lat' dir='ltr'><strong>milites</strong></span> <span class='ocrx_word' id='word_1_513' title='bbox 1854 3627 1870 3652; x_wconf 88' lang='lat'><strong>,</strong></span> <span class='ocrx_word' id='word_1_514' title='bbox 1893 3587 2098 3646; x_wconf 90' lang='lat' dir='ltr'><strong>Christi</strong></span> <span class='ocrx_word' id='word_1_515' title='bbox 2121 3592 2404 3658; x_wconf 88' lang='lat' dir='ltr'><strong>satellites,</strong></span> <span class='ocrx_word' id='word_1_516' title='bbox 2471 3605 2760 3647; x_wconf 81' lang='lat' dir='ltr'><strong>eversores</strong></span> <span class='ocrx_word' id='word_1_517' title='bbox 2823 3591 3075 3646; x_wconf 85' lang='lat' dir='ltr'><strong>altarium</strong></span> <span class='ocrx_word' id='word_1_518' title='bbox 3137 3591 3524 3664; x_wconf 82' lang='lat' dir='ltr'><strong>(ethnicorum)</strong></span> <span class='ocrx_word' id='word_1_519' title='bbox 3551 3629 3570 3656; x_wconf 92' lang='lat'><strong>,</strong></span> <span class='ocrx_word' id='word_1_520' title='bbox 3615 3590 3706 3643; x_wconf 76' lang='lat' dir='ltr'><strong>Ec-</strong></span> 
     </span>
    </p>
   </div>
   <div class='ocr_carea' id='block_1_77' title="bbox 479 3681 3713 3753">
    <p class='ocr_par' dir='ltr' id='par_1_77' title="bbox 479 3681 3713 3753">
     <span class='ocr_line' id='line_1_77' title="bbox 479 3681 3713 3753; baseline 0.001 -15"><span class='ocrx_word' id='word_1_521' title='bbox 479 3682 769 3738; x_wconf 86' lang='lat' dir='ltr'><strong>clesiarum</strong></span> <span class='ocrx_word' id='word_1_522' title='bbox 813 3681 1194 3746; x_wconf 69' lang='lat' dir='ltr'><strong>aedificatores,</strong></span> <span class='ocrx_word' id='word_1_523' title='bbox 1262 3683 1358 3752; x_wconf 93' lang='lat' dir='ltr'><strong>qui</strong></span> <span class='ocrx_word' id='word_1_524' title='bbox 1398 3682 1722 3753; x_wconf 86' lang='lat' dir='ltr'><strong>conscripti,</strong></span> <span class='ocrx_word' id='word_1_525' title='bbox 1787 3691 1847 3737; x_wconf 93' lang='lat' dir='ltr'><strong>ut</strong></span> <span class='ocrx_word' id='word_1_526' title='bbox 1892 3695 2082 3740; x_wconf 91' lang='lat' dir='ltr'><strong>contra</strong></span> <span class='ocrx_word' id='word_1_527' title='bbox 2145 3686 2416 3742; x_wconf 75' lang='lat' dir='ltr'><strong>barbaros</strong></span> <span class='ocrx_word' id='word_1_528' title='bbox 2453 3686 2770 3753; x_wconf 87' lang='lat' dir='ltr'><strong>militarent,</strong></span> <span class='ocrx_word' id='word_1_529' title='bbox 2827 3694 3102 3742; x_wconf 89' lang='lat' dir='ltr'><strong>certamen</strong></span> <span class='ocrx_word' id='word_1_530' title='bbox 3153 3687 3412 3743; x_wconf 85' lang='lat' dir='ltr'><strong>adversus</strong></span> <span class='ocrx_word' id='word_1_531' title='bbox 3465 3701 3713 3742; x_wconf 76' lang='lat' dir='ltr'><strong>commu-</strong></span> 
     </span>
    </p>
   </div>
   <div class='ocr_carea' id='block_1_78' title="bbox 479 3772 1738 3844">
    <p class='ocr_par' dir='ltr' id='par_1_78' title="bbox 479 3772 1738 3844">
     <span class='ocr_line' id='line_1_78' title="bbox 479 3772 1738 3844; baseline 0.002 -17"><span class='ocrx_word' id='word_1_532' title='bbox 479 3789 603 3828; x_wconf 87' lang='lat' dir='ltr'><strong>nem</strong></span> <span class='ocrx_word' id='word_1_533' title='bbox 632 3772 858 3828; x_wconf 89' lang='lat' dir='ltr'><strong>humani</strong></span> <span class='ocrx_word' id='word_1_534' title='bbox 881 3774 1095 3844; x_wconf 85' lang='lat' dir='ltr'><strong>generis</strong></span> <span class='ocrx_word' id='word_1_535' title='bbox 1118 3774 1332 3829; x_wconf 83' lang='lat' dir='ltr'><strong>hostem</strong></span> <span class='ocrx_word' id='word_1_536' title='bbox 1362 3774 1738 3833; x_wconf 88' lang='lat' dir='ltr'><strong>confecerunt.</strong></span> 
     </span>
    </p>
   </div>
   <div class='ocr_carea' id='block_1_79' title="bbox 546 3862 2044 3936">
    <p class='ocr_par' dir='ltr' id='par_1_79' title="bbox 546 3862 2044 3936">
     <span class='ocr_line' id='line_1_79' title="bbox 546 3862 2044 3936; baseline 0 -16"><span class='ocrx_word' id='word_1_537' title='bbox 546 3862 901 3936; x_wconf 82' lang='lat' dir='ltr'><strong>Nequaquam</strong></span> <span class='ocrx_word' id='word_1_538' title='bbox 932 3879 1098 3936; x_wconf 87' lang='lat' dir='ltr'><strong>porro</strong></span> <span class='ocrx_word' id='word_1_539' title='bbox 1135 3864 1438 3921; x_wconf 85' lang='lat' dir='ltr'><strong>inevitabili</strong></span> <span class='ocrx_word' id='word_1_540' title='bbox 1483 3866 1677 3922; x_wconf 89' lang='lat' dir='ltr'><strong>mortis</strong></span> <span class='ocrx_word' id='word_1_541' title='bbox 1713 3865 2044 3922; x_wconf 90' lang='lat' dir='ltr'><strong>necessitate</strong></span> 
     </span>
    </p>
   </div>
   <div class='ocr_carea' id='block_1_80' title="bbox 475 3955 2044 4028">
    <p class='ocr_par' dir='ltr' id='par_1_80' title="bbox 475 3955 2044 4028">
     <span class='ocr_line' id='line_1_80' title="bbox 475 3955 2044 4028; baseline 0.001 -16"><span class='ocrx_word' id='word_1_542' title='bbox 475 3956 1016 4028; x_wconf 87' lang='lat' dir='ltr'><strong>constringebantur,</strong></span> <span class='ocrx_word' id='word_1_543' title='bbox 1101 3955 1200 4012; x_wconf 91' lang='lat' dir='ltr'><strong>sed</strong></span> <span class='ocrx_word' id='word_1_544' title='bbox 1233 3956 1289 4012; x_wconf 88' lang='lat' dir='ltr'><strong>in</strong></span> <span class='ocrx_word' id='word_1_545' title='bbox 1343 3970 1534 4011; x_wconf 88' lang='lat' dir='ltr'><strong>eorum</strong></span> <span class='ocrx_word' id='word_1_546' title='bbox 1569 3963 1843 4028; x_wconf 90' lang='lat' dir='ltr'><strong>potestate</strong></span> <span class='ocrx_word' id='word_1_547' title='bbox 1893 3956 2044 4014; x_wconf 90' lang='lat' dir='ltr'><strong>salus</strong></span> 
     </span>
    </p>
   </div>
   <div class='ocr_carea' id='block_1_81' title="bbox 475 4047 2041 4120">
    <p class='ocr_par' dir='ltr' id='par_1_81' title="bbox 475 4047 2041 4120">
     <span class='ocr_line' id='line_1_81' title="bbox 475 4047 2041 4120; baseline 0.001 -18"><span class='ocrx_word' id='word_1_548' title='bbox 475 4056 616 4114; x_wconf 88' lang='lat' dir='ltr'><strong>erat,</strong></span> <span class='ocrx_word' id='word_1_549' title='bbox 648 4048 696 4104; x_wconf 90' lang='lat' dir='ltr'><strong>si</strong></span> <span class='ocrx_word' id='word_1_550' title='bbox 747 4063 806 4104; x_wconf 92' lang='lat' dir='ltr'><strong>se</strong></span> <span class='ocrx_word' id='word_1_551' title='bbox 850 4047 1081 4105; x_wconf 92' lang='lat' dir='ltr'><strong>emolliri</strong></span> <span class='ocrx_word' id='word_1_552' title='bbox 1130 4047 1532 4120; x_wconf 86' lang='lat' dir='ltr'><strong>permisissent.</strong></span> <span class='ocrx_word' id='word_1_553' title='bbox 1586 4048 1849 4104; x_wconf 84' lang='lat' dir='ltr'><strong>Balneum</strong></span> <span class='ocrx_word' id='word_1_554' title='bbox 1891 4048 2041 4104; x_wconf 91' lang='lat' dir='ltr'><strong>enim</strong></span> 
     </span>
    </p>
   </div>
   <div class='ocr_carea' id='block_1_82' title="bbox 475 4137 2040 4210">
    <p class='ocr_par' dir='ltr' id='par_1_82' title="bbox 475 4137 2040 4210">
     <span class='ocr_line' id='line_1_82' title="bbox 475 4137 2040 4210; baseline 0.001 -18"><span class='ocrx_word' id='word_1_555' title='bbox 475 4151 588 4192; x_wconf 90' lang='lat' dir='ltr'><strong>non</strong></span> <span class='ocrx_word' id='word_1_556' title='bbox 622 4137 810 4208; x_wconf 90' lang='lat' dir='ltr'><strong>procul</strong></span> <span class='ocrx_word' id='word_1_557' title='bbox 843 4137 1102 4205; x_wconf 89' lang='lat' dir='ltr'><strong>distabat,</strong></span> <span class='ocrx_word' id='word_1_558' title='bbox 1135 4140 1281 4210; x_wconf 91' lang='lat' dir='ltr'><strong>quod</strong></span> <span class='ocrx_word' id='word_1_559' title='bbox 1315 4138 1500 4194; x_wconf 89' lang='lat' dir='ltr'><strong>dedita</strong></span> <span class='ocrx_word' id='word_1_560' title='bbox 1547 4153 1710 4210; x_wconf 88' lang='lat' dir='ltr'><strong>opera</strong></span> <span class='ocrx_word' id='word_1_561' title='bbox 1738 4139 1860 4193; x_wconf 93' lang='lat' dir='ltr'><strong>loco</strong></span> <span class='ocrx_word' id='word_1_562' title='bbox 1910 4154 2040 4210; x_wconf 87' lang='lat' dir='ltr'><strong>sup-</strong></span> 
     </span>
    </p>
   </div>
   <div class='ocr_carea' id='block_1_83' title="bbox 475 4230 2040 4303">
    <p class='ocr_par' dir='ltr' id='par_1_83' title="bbox 475 4230 2040 4303">
     <span class='ocr_line' id='line_1_83' title="bbox 475 4230 2040 4303; baseline 0.001 -20"><span class='ocrx_word' id='word_1_563' title='bbox 475 4230 624 4300; x_wconf 90' lang='lat' dir='ltr'><strong>plicii</strong></span> <span class='ocrx_word' id='word_1_564' title='bbox 657 4231 898 4285; x_wconf 88' lang='lat' dir='ltr'><strong>vicinum</strong></span> <span class='ocrx_word' id='word_1_565' title='bbox 926 4240 1077 4298; x_wconf 89' lang='lat' dir='ltr'><strong>erat;</strong></span> <span class='ocrx_word' id='word_1_566' title='bbox 1105 4231 1274 4300; x_wconf 84' lang='lat' dir='ltr'><strong>jauua</strong></span> <span class='ocrx_word' id='word_1_567' title='bbox 1309 4231 1551 4303; x_wconf 89' lang='lat' dir='ltr'><strong>patebat,</strong></span> <span class='ocrx_word' id='word_1_568' title='bbox 1583 4240 1636 4286; x_wconf 94' lang='lat' dir='ltr'><strong>et</strong></span> <span class='ocrx_word' id='word_1_569' title='bbox 1675 4231 2040 4286; x_wconf 82' lang='lat' dir='ltr'><strong>circumstan-</strong></span> 
     </span>
    </p>
   </div>
   <div class='ocr_carea' id='block_1_84' title="bbox 474 4321 2036 4393">
    <p class='ocr_par' dir='ltr' id='par_1_84' title="bbox 474 4321 2036 4393">
     <span class='ocr_line' id='line_1_84' title="bbox 474 4321 2036 4393; baseline 0 -18"><span class='ocrx_word' id='word_1_570' title='bbox 474 4331 557 4375; x_wconf 89' lang='lat' dir='ltr'><strong>tes</strong></span> <span class='ocrx_word' id='word_1_571' title='bbox 581 4321 910 4376; x_wconf 89' lang='lat' dir='ltr'><strong>invitabant:</strong></span> <span class='ocrx_word' id='word_1_572' title='bbox 943 4337 1070 4376; x_wconf 87' lang='lat' dir='ltr'><strong>nam</strong></span> <span class='ocrx_word' id='word_1_573' title='bbox 1101 4331 1389 4393; x_wconf 84' lang='lat' dir='ltr'><strong>tyrannus,</strong></span> <span class='ocrx_word' id='word_1_574' title='bbox 1424 4322 1830 4393; x_wconf 90' lang='lat' dir='ltr'><strong>persecutionis</strong></span> <span class='ocrx_word' id='word_1_575' title='bbox 1863 4329 1916 4376; x_wconf 89' lang='lat' dir='ltr'><strong>et</strong></span> <span class='ocrx_word' id='word_1_576' title='bbox 1939 4337 2036 4375; x_wconf 88' lang='lat' dir='ltr'><strong>va-</strong></span> 
     </span>
    </p>
   </div>
   <div class='ocr_carea' id='block_1_85' title="bbox 474 4411 2038 4486">
    <p class='ocr_par' dir='ltr' id='par_1_85' title="bbox 474 4411 2038 4486">
     <span class='ocr_line' id='line_1_85' title="bbox 474 4411 2038 4486; baseline 0.003 -20"><span class='ocrx_word' id='word_1_577' title='bbox 474 4413 571 4466; x_wconf 63' lang='lat' dir='ltr'><strong>ria:</strong></span> <span class='ocrx_word' id='word_1_578' title='bbox 596 4411 954 4481; x_wconf 88' lang='lat' dir='ltr'><strong>improbitatis</strong></span> <span class='ocrx_word' id='word_1_579' title='bbox 978 4419 1126 4468; x_wconf 86' lang='lat' dir='ltr'><strong>sator</strong></span> <span class='ocrx_word' id='word_1_580' title='bbox 1157 4425 1211 4469; x_wconf 91' lang='lat' dir='ltr'><strong>et</strong></span> <span class='ocrx_word' id='word_1_581' title='bbox 1235 4423 1450 4478; x_wconf 91' lang='lat' dir='ltr'><strong>auctor,</strong></span> <span class='ocrx_word' id='word_1_582' title='bbox 1501 4429 1669 4486; x_wconf 88' lang='lat' dir='ltr'><strong>prope</strong></span> <span class='ocrx_word' id='word_1_583' title='bbox 1727 4421 2038 4483; x_wconf 83' lang='lat' dir='ltr'><strong>transgres-</strong></span> 
     </span>
    </p>
   </div>
   <div class='ocr_carea' id='block_1_86' title="bbox 339 4501 2036 4580">
    <p class='ocr_par' dir='ltr' id='par_1_86' title="bbox 339 4501 2036 4580">
     <span class='ocr_line' id='line_1_86' title="bbox 339 4501 2036 4580; baseline 0 -24"><span class='ocrx_word' id='word_1_584' title='bbox 339 4529 348 4538; x_wconf 91' lang='lat'><strong>-</strong></span> <span class='ocrx_word' id='word_1_585' title='bbox 441 4501 650 4580; x_wconf 11' lang='lat' dir='ltr'><strong>.sionis</strong></span> <span class='ocrx_word' id='word_1_586' title='bbox 673 4516 855 4557; x_wconf 90' lang='lat' dir='ltr'><strong>escam</strong></span> <span class='ocrx_word' id='word_1_587' title='bbox 906 4501 1112 4574; x_wconf 82' lang='lat' dir='ltr'><strong>frigore</strong></span> <span class='ocrx_word' id='word_1_588' title='bbox 1153 4504 1270 4573; x_wconf 90' lang='lat' dir='ltr'><strong>jam</strong></span> <span class='ocrx_word' id='word_1_589' title='bbox 1332 4505 1636 4576; x_wconf 89' lang='lat' dir='ltr'><strong>compactis</strong></span> <span class='ocrx_word' id='word_1_590' title='bbox 1683 4513 2036 4576; x_wconf 83' lang='lat' dir='ltr'><strong>apposuerat,</strong></span> 
     </span>
    </p>
   </div>
   <div class='ocr_carea' id='block_1_87' title="bbox 472 4590 2035 4661">
    <p class='ocr_par' dir='ltr' id='par_1_87' title="bbox 472 4590 2035 4661">
     <span class='ocr_line' id='line_1_87' title="bbox 472 4590 2035 4661; baseline 0.003 -18"><span class='ocrx_word' id='word_1_591' title='bbox 472 4590 733 4654; x_wconf 87' lang='lat' dir='ltr'><strong>suadens,</strong></span> <span class='ocrx_word' id='word_1_592' title='bbox 768 4600 826 4644; x_wconf 93' lang='lat' dir='ltr'><strong>ut</strong></span> <span class='ocrx_word' id='word_1_593' title='bbox 860 4602 1055 4661; x_wconf 86' lang='lat' dir='ltr'><strong>sponte</strong></span> <span class='ocrx_word' id='word_1_594' title='bbox 1080 4608 1178 4646; x_wconf 90' lang='lat' dir='ltr'><strong>sua</strong></span> <span class='ocrx_word' id='word_1_595' title='bbox 1219 4593 1286 4648; x_wconf 89' lang='lat' dir='ltr'><strong>ad</strong></span> <span class='ocrx_word' id='word_1_596' title='bbox 1316 4595 1661 4648; x_wconf 88' lang='lat' dir='ltr'><strong>curationem</strong></span> <span class='ocrx_word' id='word_1_597' title='bbox 1687 4601 1740 4648; x_wconf 94' lang='lat' dir='ltr'><strong>et</strong></span> <span class='ocrx_word' id='word_1_598' title='bbox 1770 4593 2035 4649; x_wconf 86' lang='lat' dir='ltr'><strong>medelam</strong></span> 
     </span>
    </p>
   </div>
   <div class='ocr_carea' id='block_1_88' title="bbox 469 4680 2033 4753">
    <p class='ocr_par' dir='ltr' id='par_1_88' title="bbox 469 4680 2033 4753">
     <span class='ocr_line' id='line_1_88' title="bbox 469 4680 2033 4753; baseline 0.004 -23"><span class='ocrx_word' id='word_1_599' title='bbox 469 4687 846 4749; x_wconf 87' lang='lat' dir='ltr'><strong>properarent,</strong></span> <span class='ocrx_word' id='word_1_600' title='bbox 879 4680 1126 4736; x_wconf 87' lang='lat' dir='ltr'><strong>imitatus</strong></span> <span class='ocrx_word' id='word_1_601' title='bbox 1154 4681 1412 4736; x_wconf 87' lang='lat' dir='ltr'><strong>nimirum</strong></span> <span class='ocrx_word' id='word_1_602' title='bbox 1458 4693 1666 4753; x_wconf 87' lang='lat' dir='ltr'><strong>patrem</strong></span> <span class='ocrx_word' id='word_1_603' title='bbox 1707 4698 1892 4745; x_wconf 88' lang='lat' dir='ltr'><strong>suum,</strong></span> <span class='ocrx_word' id='word_1_604' title='bbox 1940 4683 2033 4753; x_wconf 88' lang='lat' dir='ltr'><strong>qui</strong></span> 
     </span>
    </p>
   </div>
   <div class='ocr_carea' id='block_1_89' title="bbox 469 4767 2036 4842">
    <p class='ocr_par' dir='ltr' id='par_1_89' title="bbox 469 4767 2036 4842">
     <span class='ocr_line' id='line_1_89' title="bbox 469 4767 2036 4842; baseline 0.003 -20"><span class='ocrx_word' id='word_1_605' title='bbox 469 4767 539 4822; x_wconf 85' lang='lat' dir='ltr'><strong>ad</strong></span> <span class='ocrx_word' id='word_1_606' title='bbox 568 4768 698 4840; x_wconf 81' lang='lat' dir='ltr'><strong>ligni</strong></span> <span class='ocrx_word' id='word_1_607' title='bbox 732 4769 879 4824; x_wconf 89' lang='lat' dir='ltr'><strong>vetiti</strong></span> <span class='ocrx_word' id='word_1_608' title='bbox 913 4779 1132 4841; x_wconf 88' lang='lat' dir='ltr'><strong>gustum</strong></span> <span class='ocrx_word' id='word_1_609' title='bbox 1170 4774 1379 4842; x_wconf 89' lang='lat' dir='ltr'><strong>primos</strong></span> <span class='ocrx_word' id='word_1_610' title='bbox 1406 4784 1663 4842; x_wconf 87' lang='lat' dir='ltr'><strong>parentes</strong></span> <span class='ocrx_word' id='word_1_611' title='bbox 1718 4772 2036 4828; x_wconf 81' lang='lat' dir='ltr'><strong>fraudulen—</strong></span> 
     </span>
    </p>
   </div>
   <div class='ocr_carea' id='block_1_90' title="bbox 471 4857 2036 4934">
    <p class='ocr_par' dir='ltr' id='par_1_90' title="bbox 471 4857 2036 4934">
     <span class='ocr_line' id='line_1_90' title="bbox 471 4857 2036 4934; baseline 0.003 -21"><span class='ocrx_word' id='word_1_612' title='bbox 471 4867 553 4914; x_wconf 91' lang='lat' dir='ltr'><strong>ter</strong></span> <span class='ocrx_word' id='word_1_613' title='bbox 587 4857 800 4916; x_wconf 85' lang='lat' dir='ltr'><strong>induxit</strong></span> <span class='ocrx_word' id='word_1_614' title='bbox 837 4861 876 4916; x_wconf 86' lang='grc'><strong>¹.</strong></span> <span class='ocrx_word' id='word_1_615' title='bbox 911 4859 1110 4916; x_wconf 75' lang='lat' dir='ltr'><strong>Verum</strong></span> <span class='ocrx_word' id='word_1_616' title='bbox 1146 4862 1221 4915; x_wconf 90' lang='lat' dir='ltr'><strong>illi</strong></span> <span class='ocrx_word' id='word_1_617' title='bbox 1269 4861 1643 4918; x_wconf 81' lang='lat' dir='ltr'><strong>fortitudinem</strong></span> <span class='ocrx_word' id='word_1_618' title='bbox 1685 4864 1856 4934; x_wconf 85' lang='lat' dir='ltr'><strong>magis</strong></span> <span class='ocrx_word' id='word_1_619' title='bbox 1907 4879 2036 4918; x_wconf 78' lang='lat' dir='ltr'><strong>exa-</strong></span> 
     </span>
    </p>
   </div>
   <div class='ocr_carea' id='block_1_91' title="bbox 467 4954 2032 5026">
    <p class='ocr_par' dir='ltr' id='par_1_91' title="bbox 467 4954 2032 5026">
     <span class='ocr_line' id='line_1_91' title="bbox 467 4954 2032 5026; baseline 0.001 -20"><span class='ocrx_word' id='word_1_620' title='bbox 467 4959 721 5016; x_wconf 89' lang='lat' dir='ltr'><strong>cuerunt,</strong></span> <span class='ocrx_word' id='word_1_621' title='bbox 748 4967 858 5007; x_wconf 91' lang='lat' dir='ltr'><strong>non</strong></span> <span class='ocrx_word' id='word_1_622' title='bbox 899 4954 1069 5024; x_wconf 88' lang='lat' dir='ltr'><strong>ignari</strong></span> <span class='ocrx_word' id='word_1_623' title='bbox 1097 4954 1439 5010; x_wconf 90' lang='lat' dir='ltr'><strong>tolerantiam</strong></span> <span class='ocrx_word' id='word_1_624' title='bbox 1490 4965 1620 5010; x_wconf 88' lang='lat' dir='ltr'><strong>tunc</strong></span> <span class='ocrx_word' id='word_1_625' title='bbox 1659 4955 2032 5026; x_wconf 83' lang='lat' dir='ltr'><strong>probationem</strong></span> 
     </span>
    </p>
   </div>
   <div class='ocr_carea' id='block_1_92' title="bbox 465 5041 2035 5113">
    <p class='ocr_par' dir='ltr' id='par_1_92' title="bbox 465 5041 2035 5113">
     <span class='ocr_line' id='line_1_92' title="bbox 465 5041 2035 5113; baseline 0.002 -19"><span class='ocrx_word' id='word_1_626' title='bbox 465 5041 703 5111; x_wconf 90' lang='lat' dir='ltr'><strong>operari,</strong></span> <span class='ocrx_word' id='word_1_627' title='bbox 736 5041 956 5112; x_wconf 90' lang='lat' dir='ltr'><strong>quando</strong></span> <span class='ocrx_word' id='word_1_628' title='bbox 1009 5043 1136 5112; x_wconf 89' lang='lat' dir='ltr'><strong>quis</strong></span> <span class='ocrx_word' id='word_1_629' title='bbox 1181 5043 1423 5098; x_wconf 90' lang='lat' dir='ltr'><strong>abstinet</strong></span> <span class='ocrx_word' id='word_1_630' title='bbox 1454 5045 1520 5098; x_wconf 90' lang='lat' dir='ltr'><strong>ab</strong></span> <span class='ocrx_word' id='word_1_631' title='bbox 1547 5045 1669 5113; x_wconf 90' lang='lat' dir='ltr'><strong>ejus</strong></span> <span class='ocrx_word' id='word_1_632' title='bbox 1703 5043 1783 5098; x_wconf 85' lang='lat' dir='ltr'><strong>rei</strong></span> <span class='ocrx_word' id='word_1_633' title='bbox 1843 5059 1946 5099; x_wconf 89' lang='lat' dir='ltr'><strong>usu</strong></span> <span class='ocrx_word' id='word_1_634' title='bbox 1979 5051 2035 5098; x_wconf 93' lang='lat' dir='ltr'><strong>et</strong></span> 
     </span>
    </p>
   </div>
   <div class='ocr_carea' id='block_1_93' title="bbox 466 5131 2036 5207">
    <p class='ocr_par' dir='ltr' id='par_1_93' title="bbox 466 5131 2036 5207">
     <span class='ocr_line' id='line_1_93' title="bbox 466 5131 2036 5207; baseline 0.003 -22"><span class='ocrx_word' id='word_1_635' title='bbox 466 5131 772 5198; x_wconf 89' lang='lat' dir='ltr'><strong>commodo,</strong></span> <span class='ocrx_word' id='word_1_636' title='bbox 809 5149 929 5204; x_wconf 67' lang='lat' dir='ltr'><strong>quae</strong></span> <span class='ocrx_word' id='word_1_637' title='bbox 958 5133 1013 5188; x_wconf 90' lang='lat' dir='ltr'><strong>in</strong></span> <span class='ocrx_word' id='word_1_638' title='bbox 1043 5149 1140 5190; x_wconf 81' lang='lat' dir='ltr'><strong>sua</strong></span> <span class='ocrx_word' id='word_1_639' title='bbox 1173 5145 1444 5206; x_wconf 84' lang='lat' dir='ltr'><strong>patestate</strong></span> <span class='ocrx_word' id='word_1_640' title='bbox 1471 5138 1573 5192; x_wconf 88' lang='lat' dir='ltr'><strong>sita</strong></span> <span class='ocrx_word' id='word_1_641' title='bbox 1602 5144 1686 5192; x_wconf 89' lang='lat' dir='ltr'><strong>est</strong></span> <span class='ocrx_word' id='word_1_642' title='bbox 1711 5155 1724 5191; x_wconf 89' lang='lat'><strong>:</strong></span> <span class='ocrx_word' id='word_1_643' title='bbox 1757 5136 1902 5207; x_wconf 92' lang='lat' dir='ltr'><strong>quod</strong></span> <span class='ocrx_word' id='word_1_644' title='bbox 1936 5152 2036 5190; x_wconf 88' lang='lat' dir='ltr'><strong>su-</strong></span> 
     </span>
    </p>
   </div>
   <div class='ocr_carea' id='block_1_94' title="bbox 466 5223 2032 5299">
    <p class='ocr_par' dir='ltr' id='par_1_94' title="bbox 466 5223 2032 5299">
     <span class='ocr_line' id='line_1_94' title="bbox 466 5223 2032 5299; baseline 0.003 -23"><span class='ocrx_word' id='word_1_645' title='bbox 466 5223 771 5292; x_wconf 87' lang='lat' dir='ltr'><strong>perioribus</strong></span> <span class='ocrx_word' id='word_1_646' title='bbox 789 5227 949 5280; x_wconf 89' lang='lat' dir='ltr'><strong>annis</strong></span> <span class='ocrx_word' id='word_1_647' title='bbox 977 5226 1220 5280; x_wconf 86' lang='lat' dir='ltr'><strong>divinum</strong></span> <span class='ocrx_word' id='word_1_648' title='bbox 1241 5226 1517 5283; x_wconf 88' lang='lat' dir='ltr'><strong>Danielem</strong></span> <span class='ocrx_word' id='word_1_649' title='bbox 1553 5229 1730 5299; x_wconf 80' lang='lat' dir='ltr'><strong>egisse</strong></span> <span class='ocrx_word' id='word_1_650' title='bbox 1754 5229 2032 5299; x_wconf 85' lang='lat' dir='ltr'><strong>proditqu</strong></span> 
     </span>
    </p>
   </div>
   <div class='ocr_carea' id='block_1_95' title="bbox 463 5313 2030 5391">
    <p class='ocr_par' dir='ltr' id='par_1_95' title="bbox 463 5313 2030 5391">
     <span class='ocr_line' id='line_1_95' title="bbox 463 5313 2030 5391; baseline 0.005 -24"><span class='ocrx_word' id='word_1_651' title='bbox 463 5320 568 5367; x_wconf 88' lang='lat' dir='ltr'><strong>est.</strong></span> <span class='ocrx_word' id='word_1_652' title='bbox 594 5313 726 5368; x_wconf 85' lang='lat' dir='ltr'><strong>Nam</strong></span> <span class='ocrx_word' id='word_1_653' title='bbox 759 5333 882 5372; x_wconf 93' lang='lat' dir='ltr'><strong>cum</strong></span> <span class='ocrx_word' id='word_1_654' title='bbox 916 5325 1230 5372; x_wconf 90' lang='lat' dir='ltr'><strong>moneretur</strong></span> <span class='ocrx_word' id='word_1_655' title='bbox 1260 5326 1318 5372; x_wconf 93' lang='lat' dir='ltr'><strong>ut</strong></span> <span class='ocrx_word' id='word_1_656' title='bbox 1347 5320 1568 5388; x_wconf 89' lang='lat' dir='ltr'><strong>opipara</strong></span> <span class='ocrx_word' id='word_1_657' title='bbox 1601 5323 1856 5391; x_wconf 85' lang='lat' dir='ltr'><strong>lautaque</strong></span> <span class='ocrx_word' id='word_1_658' title='bbox 1873 5335 2030 5375; x_wconf 91' lang='lat' dir='ltr'><strong>escu-</strong></span> 
     </span>
    </p>
   </div>
   <div class='ocr_carea' id='block_1_96' title="bbox 463 5402 2029 5477">
    <p class='ocr_par' dir='ltr' id='par_1_96' title="bbox 463 5402 2029 5477">
     <span class='ocr_line' id='line_1_96' title="bbox 463 5402 2029 5477; baseline 0.008 -19"><span class='ocrx_word' id='word_1_659' title='bbox 463 5405 609 5460; x_wconf 89' lang='lat' dir='ltr'><strong>lenta</strong></span> <span class='ocrx_word' id='word_1_660' title='bbox 645 5419 696 5460; x_wconf 83' lang='lat' dir='ltr'><strong>et</strong></span> <span class='ocrx_word' id='word_1_661' title='bbox 741 5409 1033 5463; x_wconf 79' lang='lat' dir='ltr'><strong>poculenta</strong></span> <span class='ocrx_word' id='word_1_662' title='bbox 1083 5418 1342 5477; x_wconf 88' lang='lat' dir='ltr'><strong>sumeret,</strong></span> <span class='ocrx_word' id='word_1_663' title='bbox 1382 5411 1508 5468; x_wconf 85' lang='lat' dir='ltr'><strong>odio</strong></span> <span class='ocrx_word' id='word_1_664' title='bbox 1559 5424 1613 5469; x_wconf 89' lang='lat' dir='ltr'><strong>et</strong></span> <span class='ocrx_word' id='word_1_665' title='bbox 1669 5402 2029 5470; x_wconf 75' lang='lat' dir='ltr'><strong>detestatione</strong></span> 
     </span>
    </p>
   </div>
   <div class='ocr_carea' id='block_1_97' title="bbox 538 5581 1041 5656">
    <p class='ocr_par' dir='ltr' id='par_1_97' title="bbox 538 5581 1041 5656">
     <span class='ocr_line' id='line_1_97' title="bbox 538 5581 1041 5656; baseline -0.004 -15"><span class='ocrx_word' id='word_1_666' title='bbox 538 5583 558 5616; x_wconf 90' lang='grc'>¹</span> <span class='ocrx_word' id='word_1_667' title='bbox 588 5581 718 5641; x_wconf 86' lang='lat' dir='ltr'><strong>Gen.</strong></span> <span class='ocrx_word' id='word_1_668' title='bbox 761 5601 840 5650; x_wconf 87' lang='grc' dir='ltr'>ιιι,</span> <span class='ocrx_word' id='word_1_669' title='bbox 874 5588 898 5642; x_wconf 82' lang='lat' dir='ltr'><strong>l</strong></span> <span class='ocrx_word' id='word_1_670' title='bbox 925 5603 1041 5656; x_wconf 87' lang='lat' dir='ltr'><strong>sqq.</strong></span> 
     </span>
    </p>
   </div>
   <div class='ocr_carea' id='block_1_98' title="bbox 2231 3858 3714 3939">
    <p class='ocr_par' dir='ltr' id='par_1_98' title="bbox 2231 3858 3714 3939">
     <span class='ocr_line' id='line_1_98' title="bbox 2231 3858 3714 3939; baseline 0.005 -25"><span class='ocrx_word' id='word_1_671' title='bbox 2231 3858 2470 3929; x_wconf 82' lang='grc' dir='ltr'>Ἐγίνετο</span> <span class='ocrx_word' id='word_1_672' title='bbox 2501 3859 2556 3914; x_wconf 82' lang='grc' dir='ltr'>δὲ</span> <span class='ocrx_word' id='word_1_673' title='bbox 2578 3859 2762 3923; x_wconf 78' lang='grc' dir='ltr'>αὐτοῖς</span> <span class='ocrx_word' id='word_1_674' title='bbox 2793 3859 2852 3913; x_wconf 78' lang='grc' dir='ltr'>οὐ</span> <span class='ocrx_word' id='word_1_675' title='bbox 2881 3859 3015 3931; x_wconf 83' lang='grc' dir='ltr'>πρὸς</span> <span class='ocrx_word' id='word_1_676' title='bbox 3041 3859 3160 3931; x_wconf 86' lang='grc' dir='ltr'>βίαν</span> <span class='ocrx_word' id='word_1_677' title='bbox 3212 3862 3304 3915; x_wconf 74' lang='grc' dir='ltr'>καὶ</span> <span class='ocrx_word' id='word_1_678' title='bbox 3342 3863 3714 3939; x_wconf 87' lang='grc' dir='ltr'>ἀπαραίτητον</span> 
     </span>
    </p>
   </div>
   <div class='ocr_carea' id='block_1_99' title="bbox 2146 3951 3743 4033">
    <p class='ocr_par' dir='ltr' id='par_1_99' title="bbox 2146 3951 3743 4033">
     <span class='ocr_line' id='line_1_99' title="bbox 2146 3951 3743 4033; baseline 0.003 -25"><span class='ocrx_word' id='word_1_679' title='bbox 2146 3952 2394 4024; x_wconf 82' lang='grc' dir='ltr'>ἀνάγκην</span> <span class='ocrx_word' id='word_1_680' title='bbox 2446 3953 2475 4006; x_wconf 83' lang='grc' dir='ltr'><strong>ὁ</strong></span> <span class='ocrx_word' id='word_1_681' title='bbox 2529 3951 2778 4019; x_wconf 85' lang='grc' dir='ltr'>θάνατος,</span> <span class='ocrx_word' id='word_1_682' title='bbox 2818 3952 2954 4006; x_wconf 86' lang='grc' dir='ltr'>ἀλλὰ</span> <span class='ocrx_word' id='word_1_683' title='bbox 2999 3953 3093 4006; x_wconf 78' lang='grc' dir='ltr'><strong>καὶ</strong></span> <span class='ocrx_word' id='word_1_684' title='bbox 3143 3953 3288 4024; x_wconf 80' lang='grc' dir='ltr'>μάλα</span> <span class='ocrx_word' id='word_1_685' title='bbox 3325 3959 3614 4028; x_wconf 80' lang='grc' dir='ltr'>πρόχειρος</span> <span class='ocrx_word' id='word_1_686' title='bbox 3643 3955 3743 4033; x_wconf 77' lang='grc' dir='ltr'><strong>ἦν·</strong></span> 
     </span>
    </p>
   </div>
   <div class='ocr_carea' id='block_1_100' title="bbox 2145 4045 3709 4124">
    <p class='ocr_par' dir='ltr' id='par_1_100' title="bbox 2145 4045 3709 4124">
     <span class='ocr_line' id='line_1_100' title="bbox 2145 4045 3709 4124; baseline 0.005 -24"><span class='ocrx_word' id='word_1_687' title='bbox 2145 4045 2242 4100; x_wconf 76' lang='grc' dir='ltr'>καὶ</span> <span class='ocrx_word' id='word_1_688' title='bbox 2287 4045 2375 4100; x_wconf 87' lang='grc' dir='ltr'><strong>ἐπ’</strong></span> <span class='ocrx_word' id='word_1_689' title='bbox 2408 4045 2654 4112; x_wconf 81' lang='grc' dir='ltr'>ἐξουσίας</span> <span class='ocrx_word' id='word_1_690' title='bbox 2687 4047 2721 4115; x_wconf 84' lang='grc' dir='ltr'>ἡ</span> <span class='ocrx_word' id='word_1_691' title='bbox 2771 4046 3031 4119; x_wconf 89' lang='grc' dir='ltr'>σωτηρία,</span> <span class='ocrx_word' id='word_1_692' title='bbox 3075 4048 3123 4100; x_wconf 85' lang='grc' dir='ltr'><strong>εί</strong></span> <span class='ocrx_word' id='word_1_693' title='bbox 3179 4049 3271 4100; x_wconf 83' lang='grc' dir='ltr'>καὶ</span> <span class='ocrx_word' id='word_1_694' title='bbox 3309 4050 3709 4124; x_wconf 80' lang='grc' dir='ltr'>μαλακισθῆναι</span> 
     </span>
    </p>
   </div>
   <div class='ocr_carea' id='block_1_101' title="bbox 2145 4135 3709 4213">
    <p class='ocr_par' dir='ltr' id='par_1_101' title="bbox 2145 4135 3709 4213">
     <span class='ocr_line' id='line_1_101' title="bbox 2145 4135 3709 4213; baseline 0.004 -23"><span class='ocrx_word' id='word_1_695' title='bbox 2145 4137 2280 4209; x_wconf 83' lang='grc' dir='ltr'>πρὸς</span> <span class='ocrx_word' id='word_1_696' title='bbox 2294 4137 2394 4208; x_wconf 77' lang='grc' dir='ltr'>τὴν</span> <span class='ocrx_word' id='word_1_697' title='bbox 2421 4136 2668 4190; x_wconf 73' lang='grc' dir='ltr'>ἔνστασιν</span> <span class='ocrx_word' id='word_1_698' title='bbox 2705 4135 3096 4209; x_wconf 70' lang='grc' dir='ltr'>ἠϐουλήθησαν.</span> <span class='ocrx_word' id='word_1_699' title='bbox 3129 4139 3363 4210; x_wconf 84' lang='grc' dir='ltr'>Λουτρὸν</span> <span class='ocrx_word' id='word_1_700' title='bbox 3389 4139 3497 4212; x_wconf 78' lang='grc' dir='ltr'><strong>γὰρ</strong></span> <span class='ocrx_word' id='word_1_701' title='bbox 3534 4137 3604 4213; x_wconf 83' lang='grc' dir='ltr'>ἦν</span> <span class='ocrx_word' id='word_1_702' title='bbox 3647 4147 3709 4198; x_wconf 84' lang='grc' dir='ltr'><strong>ἐκ</strong></span> 
     </span>
    </p>
   </div>
   <div class='ocr_carea' id='block_1_102' title="bbox 2140 4224 3708 4300">
    <p class='ocr_par' dir='ltr' id='par_1_102' title="bbox 2140 4224 3708 4300">
     <span class='ocr_line' id='line_1_102' title="bbox 2140 4224 3708 4300; baseline 0.001 -20"><span class='ocrx_word' id='word_1_703' title='bbox 2140 4226 2236 4282; x_wconf 80' lang='grc' dir='ltr'>τοῦ</span> <span class='ocrx_word' id='word_1_704' title='bbox 2261 4225 2548 4295; x_wconf 85' lang='grc' dir='ltr'>σύνεγγυς,</span> <span class='ocrx_word' id='word_1_705' title='bbox 2579 4225 2714 4296; x_wconf 80' lang='grc' dir='ltr'>ὅπερ</span> <span class='ocrx_word' id='word_1_706' title='bbox 2759 4224 2993 4292; x_wconf 76' lang='grc' dir='ltr'>ἐγειτνία</span> <span class='ocrx_word' id='word_1_707' title='bbox 3033 4226 3154 4278; x_wconf 82' lang='grc' dir='ltr'>κατ’</span> <span class='ocrx_word' id='word_1_708' title='bbox 3184 4226 3419 4278; x_wconf 85' lang='grc' dir='ltr'>ἐπίνοιαν</span> <span class='ocrx_word' id='word_1_709' title='bbox 3449 4227 3528 4297; x_wconf 84' lang='grc' dir='ltr'><strong>τῷ</strong></span> <span class='ocrx_word' id='word_1_710' title='bbox 3558 4229 3708 4300; x_wconf 82' lang='grc' dir='ltr'>τόπῳ</span> 
     </span>
    </p>
   </div>
   <div class='ocr_carea' id='block_1_103' title="bbox 2142 4313 3708 4387">
    <p class='ocr_par' dir='ltr' id='par_1_103' title="bbox 2142 4313 3708 4387">
     <span class='ocr_line' id='line_1_103' title="bbox 2142 4313 3708 4387; baseline 0.003 -19"><span class='ocrx_word' id='word_1_711' title='bbox 2142 4317 2241 4387; x_wconf 87' lang='grc' dir='ltr'>τῆς</span> <span class='ocrx_word' id='word_1_712' title='bbox 2265 4315 2568 4387; x_wconf 81' lang='grc' dir='ltr'>τιμωρίας·</span> <span class='ocrx_word' id='word_1_713' title='bbox 2606 4314 2700 4368; x_wconf 74' lang='grc' dir='ltr'>καὶ</span> <span class='ocrx_word' id='word_1_714' title='bbox 2724 4315 2756 4384; x_wconf 80' lang='grc' dir='ltr'>ἡ</span> <span class='ocrx_word' id='word_1_715' title='bbox 2776 4313 2912 4385; x_wconf 87' lang='grc' dir='ltr'>θύρα</span> <span class='ocrx_word' id='word_1_716' title='bbox 2943 4313 3202 4384; x_wconf 79' lang='grc' dir='ltr'>ὴνέῳκτο,</span> <span class='ocrx_word' id='word_1_717' title='bbox 3229 4317 3323 4369; x_wconf 73' lang='grc' dir='ltr'>καὶ</span> <span class='ocrx_word' id='word_1_718' title='bbox 3356 4319 3708 4386; x_wconf 83' lang='grc' dir='ltr'>παρεστῶτες</span> 
     </span>
    </p>
   </div>
   <div class='ocr_carea' id='block_1_104' title="bbox 2133 4405 3708 4482">
    <p class='ocr_par' dir='ltr' id='par_1_104' title="bbox 2133 4405 3708 4482">
     <span class='ocr_line' id='line_1_104' title="bbox 2133 4405 3708 4482; baseline 0.001 -21"><span class='ocrx_word' id='word_1_719' title='bbox 2133 4408 2379 4461; x_wconf 84' lang='grc' dir='ltr'>ἐκάλουν.</span> <span class='ocrx_word' id='word_1_720' title='bbox 2411 4407 2675 4476; x_wconf 81' lang='grc' dir='ltr'>Σοφιστὴς</span> <span class='ocrx_word' id='word_1_721' title='bbox 2701 4407 2809 4478; x_wconf 80' lang='grc' dir='ltr'><strong>γὰρ</strong></span> <span class='ocrx_word' id='word_1_722' title='bbox 2841 4405 2915 4459; x_wconf 89' lang='grc' dir='ltr'><strong>ῶν</strong></span> <span class='ocrx_word' id='word_1_723' title='bbox 2941 4405 3178 4475; x_wconf 81' lang='grc' dir='ltr'>διωγμοῦ</span> <span class='ocrx_word' id='word_1_724' title='bbox 3210 4408 3302 4460; x_wconf 82' lang='grc' dir='ltr'>καὶ</span> <span class='ocrx_word' id='word_1_725' title='bbox 3329 4411 3582 4480; x_wconf 85' lang='grc' dir='ltr'>ποικίλης</span> <span class='ocrx_word' id='word_1_726' title='bbox 3610 4414 3708 4482; x_wconf 76' lang='grc' dir='ltr'><strong>ρᾳ-</strong></span> 
     </span>
    </p>
   </div>
   <div class='ocr_carea' id='block_1_105' title="bbox 2131 4497 3707 4571">
    <p class='ocr_par' dir='ltr' id='par_1_105' title="bbox 2131 4497 3707 4571">
     <span class='ocr_line' id='line_1_105' title="bbox 2131 4497 3707 4571; baseline -0.006 -18"><span class='ocrx_word' id='word_1_727' title='bbox 2131 4499 2402 4571; x_wconf 84' lang='grc' dir='ltr'>διουργίας</span> <span class='ocrx_word' id='word_1_728' title='bbox 2429 4499 2459 4551; x_wconf 83' lang='grc' dir='ltr'><strong>ό</strong></span> <span class='ocrx_word' id='word_1_729' title='bbox 2486 4499 2766 4568; x_wconf 87' lang='grc' dir='ltr'>τύραννος,</span> <span class='ocrx_word' id='word_1_730' title='bbox 2809 4498 2976 4566; x_wconf 80' lang='grc' dir='ltr'>ἐγγὺς</span> <span class='ocrx_word' id='word_1_731' title='bbox 3008 4498 3067 4549; x_wconf 80' lang='grc' dir='ltr'>τὸ</span> <span class='ocrx_word' id='word_1_732' title='bbox 3103 4497 3290 4569; x_wconf 78' lang='grc' dir='ltr'>δέλεαρ</span> <span class='ocrx_word' id='word_1_733' title='bbox 3321 4499 3418 4568; x_wconf 79' lang='grc' dir='ltr'>τῆς</span> <span class='ocrx_word' id='word_1_734' title='bbox 3448 4503 3707 4570; x_wconf 73' lang='grc' dir='ltr'>παραδά-</span> 
     </span>
    </p>
   </div>
   <div class='ocr_carea' id='block_1_106' title="bbox 2135 4587 3706 4660">
    <p class='ocr_par' dir='ltr' id='par_1_106' title="bbox 2135 4587 3706 4660">
     <span class='ocr_line' id='line_1_106' title="bbox 2135 4587 3706 4660; baseline 0.002 -15"><span class='ocrx_word' id='word_1_735' title='bbox 2135 4609 2270 4655; x_wconf 91' lang='grc' dir='ltr'>σεως</span> <span class='ocrx_word' id='word_1_736' title='bbox 2297 4593 2407 4653; x_wconf 89' lang='grc' dir='ltr'>τοῖς</span> <span class='ocrx_word' id='word_1_737' title='bbox 2470 4589 2833 4660; x_wconf 77' lang='grc' dir='ltr'>πηγνυμένοις</span> <span class='ocrx_word' id='word_1_738' title='bbox 2874 4587 3172 4660; x_wconf 83' lang='grc' dir='ltr'>παρέθηκε,</span> <span class='ocrx_word' id='word_1_739' title='bbox 3220 4591 3310 4642; x_wconf 76' lang='grc' dir='ltr'><strong>καὶ</strong></span> <span class='ocrx_word' id='word_1_740' title='bbox 3356 4592 3706 4649; x_wconf 81' lang='grc' dir='ltr'>συνεϐούλευε</span> 
     </span>
    </p>
   </div>
   <div class='ocr_carea' id='block_1_107' title="bbox 2136 4679 3706 4755">
    <p class='ocr_par' dir='ltr' id='par_1_107' title="bbox 2136 4679 3706 4755">
     <span class='ocr_line' id='line_1_107' title="bbox 2136 4679 3706 4755; baseline 0.005 -23"><span class='ocrx_word' id='word_1_741' title='bbox 2136 4681 2271 4752; x_wconf 84' lang='grc' dir='ltr'>πρὸς</span> <span class='ocrx_word' id='word_1_742' title='bbox 2295 4680 2392 4752; x_wconf 83' lang='grc' dir='ltr'>τὴν</span> <span class='ocrx_word' id='word_1_743' title='bbox 2416 4679 2708 4751; x_wconf 87' lang='grc' dir='ltr'>θεραπείαν</span> <span class='ocrx_word' id='word_1_744' title='bbox 2740 4679 3123 4749; x_wconf 82' lang='grc' dir='ltr'>αὐτομολῆσαι,</span> <span class='ocrx_word' id='word_1_745' title='bbox 3159 4679 3233 4744; x_wconf 82' lang='grc' dir='ltr'>ὡς</span> <span class='ocrx_word' id='word_1_746' title='bbox 3265 4683 3293 4735; x_wconf 83' lang='grc' dir='ltr'><strong>ὁ</strong></span> <span class='ocrx_word' id='word_1_747' title='bbox 3331 4684 3510 4755; x_wconf 74' lang='grc' dir='ltr'>πατὴρ</span> <span class='ocrx_word' id='word_1_748' title='bbox 3537 4687 3706 4740; x_wconf 82' lang='grc' dir='ltr'>αὑτοῦ</span> 
     </span>
    </p>
   </div>
   <div class='ocr_carea' id='block_1_108' title="bbox 2136 4762 3707 4841">
    <p class='ocr_par' dir='ltr' id='par_1_108' title="bbox 2136 4762 3707 4841">
     <span class='ocr_line' id='line_1_108' title="bbox 2136 4762 3707 4841; baseline 0.005 -19"><span class='ocrx_word' id='word_1_749' title='bbox 2136 4771 2262 4833; x_wconf 80' lang='grc' dir='ltr'>τοὺς</span> <span class='ocrx_word' id='word_1_750' title='bbox 2291 4769 2745 4839; x_wconf 75' lang='grc' dir='ltr'>πρωτοπλάστους</span> <span class='ocrx_word' id='word_1_751' title='bbox 2774 4771 2852 4832; x_wconf 85' lang='grc' dir='ltr'><strong>είς</strong></span> <span class='ocrx_word' id='word_1_752' title='bbox 2874 4769 2970 4841; x_wconf 77' lang='grc' dir='ltr'>τήν</span> <span class='ocrx_word' id='word_1_753' title='bbox 2998 4770 3183 4839; x_wconf 76' lang='grc' dir='ltr'>γεῦσιν</span> <span class='ocrx_word' id='word_1_754' title='bbox 3225 4762 3316 4824; x_wconf 67' lang='grc' dir='ltr'><strong>τοῦ</strong></span> <span class='ocrx_word' id='word_1_755' title='bbox 3349 4773 3524 4839; x_wconf 80' lang='grc' dir='ltr'>ξύλου.</span> <span class='ocrx_word' id='word_1_756' title='bbox 3563 4779 3707 4830; x_wconf 84' lang='grc' dir='ltr'><strong>Οἱδέ</strong></span> 
     </span>
    </p>
   </div>
   <div class='ocr_carea' id='block_1_109' title="bbox 2137 4861 3707 4933">
    <p class='ocr_par' dir='ltr' id='par_1_109' title="bbox 2137 4861 3707 4933">
     <span class='ocr_line' id='line_1_109' title="bbox 2137 4861 3707 4933; baseline 0.008 -24"><span class='ocrx_word' id='word_1_757' title='bbox 2137 4862 2256 4916; x_wconf 83' lang='grc' dir='ltr'>τότε</span> <span class='ocrx_word' id='word_1_758' title='bbox 2289 4862 2381 4914; x_wconf 72' lang='grc' dir='ltr'>καὶ</span> <span class='ocrx_word' id='word_1_759' title='bbox 2406 4861 2603 4932; x_wconf 75' lang='grc' dir='ltr'>μᾶλλον</span> <span class='ocrx_word' id='word_1_760' title='bbox 2625 4861 2722 4932; x_wconf 76' lang='grc' dir='ltr'>τὴν</span> <span class='ocrx_word' id='word_1_761' title='bbox 2767 4861 3015 4932; x_wconf 85' lang='grc' dir='ltr'>ἀνδρείαν</span> <span class='ocrx_word' id='word_1_762' title='bbox 3042 4863 3311 4916; x_wconf 81' lang='grc' dir='ltr'>ἐπέτεινον</span> <span class='ocrx_word' id='word_1_763' title='bbox 3329 4903 3345 4930; x_wconf 95' lang='grc'><strong>,</strong></span> <span class='ocrx_word' id='word_1_764' title='bbox 3395 4865 3594 4930; x_wconf 80' lang='grc' dir='ltr'>εἰδότες</span> <span class='ocrx_word' id='word_1_765' title='bbox 3630 4869 3707 4933; x_wconf 83' lang='grc' dir='ltr'>ὡς</span> 
     </span>
    </p>
   </div>
   <div class='ocr_carea' id='block_1_110' title="bbox 2137 4952 3705 5028">
    <p class='ocr_par' dir='ltr' id='par_1_110' title="bbox 2137 4952 3705 5028">
     <span class='ocr_line' id='line_1_110' title="bbox 2137 4952 3705 5028; baseline 0.004 -22"><span class='ocrx_word' id='word_1_766' title='bbox 2137 4955 2399 5026; x_wconf 89' lang='grc' dir='ltr'>καρτερία</span> <span class='ocrx_word' id='word_1_767' title='bbox 2457 4952 2752 5024; x_wconf 80' lang='grc' dir='ltr'>τηνικαῦτα</span> <span class='ocrx_word' id='word_1_768' title='bbox 2794 4953 3020 5025; x_wconf 84' lang='grc' dir='ltr'>παρέχει</span> <span class='ocrx_word' id='word_1_769' title='bbox 3043 4953 3140 5024; x_wconf 83' lang='grc' dir='ltr'>τὴν</span> <span class='ocrx_word' id='word_1_770' title='bbox 3172 4954 3420 5024; x_wconf 81' lang='grc' dir='ltr'>βάσανον,</span> <span class='ocrx_word' id='word_1_771' title='bbox 3448 4960 3609 5028; x_wconf 83' lang='grc' dir='ltr'>ἡνίκα</span> <span class='ocrx_word' id='word_1_772' title='bbox 3637 4961 3705 5014; x_wconf 83' lang='grc' dir='ltr'>ἂν</span> 
     </span>
    </p>
   </div>
   <div class='ocr_carea' id='block_1_111' title="bbox 2134 5045 3702 5118">
    <p class='ocr_par' dir='ltr' id='par_1_111' title="bbox 2134 5045 3702 5118">
     <span class='ocr_line' id='line_1_111' title="bbox 2134 5045 3702 5118; baseline 0.003 -21"><span class='ocrx_word' id='word_1_773' title='bbox 2134 5046 2497 5117; x_wconf 87' lang='grc' dir='ltr'>προκειμένης</span> <span class='ocrx_word' id='word_1_774' title='bbox 2534 5047 2590 5098; x_wconf 87' lang='grc' dir='ltr'><strong>ἐν</strong></span> <span class='ocrx_word' id='word_1_775' title='bbox 2637 5045 2856 5116; x_wconf 78' lang='grc' dir='ltr'>ἐξουσίᾳ</span> <span class='ocrx_word' id='word_1_776' title='bbox 2890 5047 2986 5115; x_wconf 67' lang='grc' dir='ltr'>τῆς</span> <span class='ocrx_word' id='word_1_777' title='bbox 3023 5046 3372 5111; x_wconf 88' lang='grc' dir='ltr'>ἀπολαύσεως</span> <span class='ocrx_word' id='word_1_778' title='bbox 3407 5051 3658 5118; x_wconf 82' lang='grc' dir='ltr'>φείσηται</span> <span class='ocrx_word' id='word_1_779' title='bbox 3687 5071 3702 5084; x_wconf 75' lang='grc' dir='ltr'><strong>ο</strong></span> 
     </span>
    </p>
   </div>
   <div class='ocr_carea' id='block_1_112' title="bbox 2131 5137 3705 5210">
    <p class='ocr_par' dir='ltr' id='par_1_112' title="bbox 2131 5137 3705 5210">
     <span class='ocr_line' id='line_1_112' title="bbox 2131 5137 3705 5210; baseline 0.003 -19"><span class='ocrx_word' id='word_1_780' title='bbox 2131 5137 2268 5208; x_wconf 81' lang='grc' dir='ltr'>ὅπερ</span> <span class='ocrx_word' id='word_1_781' title='bbox 2319 5139 2377 5190; x_wconf 90' lang='grc' dir='ltr'><strong>ἐν</strong></span> <span class='ocrx_word' id='word_1_782' title='bbox 2409 5139 2522 5200; x_wconf 84' lang='grc' dir='ltr'>τοῖς</span> <span class='ocrx_word' id='word_1_783' title='bbox 2566 5137 2853 5209; x_wconf 85' lang='grc' dir='ltr'>ἀνωτέροις</span> <span class='ocrx_word' id='word_1_784' title='bbox 2880 5138 3090 5206; x_wconf 86' lang='grc' dir='ltr'>χρόνοις</span> <span class='ocrx_word' id='word_1_785' title='bbox 3115 5140 3313 5210; x_wconf 85' lang='grc' dir='ltr'>Δανιὴλ</span> <span class='ocrx_word' id='word_1_786' title='bbox 3356 5143 3384 5194; x_wconf 79' lang='grc' dir='ltr'><strong>ὁ</strong></span> <span class='ocrx_word' id='word_1_787' title='bbox 3417 5141 3705 5209; x_wconf 82' lang='grc' dir='ltr'>θεσπέσιος</span> 
     </span>
    </p>
   </div>
   <div class='ocr_carea' id='block_1_113' title="bbox 2093 5215 3703 5303">
    <p class='ocr_par' dir='ltr' id='par_1_113' title="bbox 2093 5215 3703 5303">
     <span class='ocr_line' id='line_1_113' title="bbox 2093 5215 3703 5303; baseline 0.004 -21"><span class='ocrx_word' id='word_1_788' title='bbox 2093 5215 2108 5228; x_wconf 73' lang='grc'><strong>’</strong></span> <span class='ocrx_word' id='word_1_789' title='bbox 2131 5227 2832 5299; x_wconf 82' lang='grc' dir='ltr'>πεποιηκὼςέπιδέδεικται.</span> <span class='ocrx_word' id='word_1_790' title='bbox 2855 5223 3341 5300; x_wconf 83' lang='grc' dir='ltr'>Παρακαλούμενος</span> <span class='ocrx_word' id='word_1_791' title='bbox 3365 5233 3473 5303; x_wconf 78' lang='grc' dir='ltr'><strong>γὰρ</strong></span> <span class='ocrx_word' id='word_1_792' title='bbox 3493 5234 3703 5302; x_wconf 73' lang='grc' dir='ltr'>ἄφθονα</span> 
     </span>
    </p>
   </div>
   <div class='ocr_carea' id='block_1_114' title="bbox 2129 5321 3704 5394">
    <p class='ocr_par' dir='ltr' id='par_1_114' title="bbox 2129 5321 3704 5394">
     <span class='ocr_line' id='line_1_114' title="bbox 2129 5321 3704 5394; baseline 0.003 -19"><span class='ocrx_word' id='word_1_793' title='bbox 2129 5323 2222 5376; x_wconf 80' lang='grc' dir='ltr'>καὶ</span> <span class='ocrx_word' id='word_1_794' title='bbox 2251 5321 2379 5392; x_wconf 81' lang='grc' dir='ltr'>ἡδέα</span> <span class='ocrx_word' id='word_1_795' title='bbox 2405 5323 2525 5374; x_wconf 83' lang='grc' dir='ltr'>σῖτα</span> <span class='ocrx_word' id='word_1_796' title='bbox 2582 5322 2675 5375; x_wconf 76' lang='grc' dir='ltr'>καὶ</span> <span class='ocrx_word' id='word_1_797' title='bbox 2727 5323 2866 5376; x_wconf 82' lang='grc' dir='ltr'>ποτὰ</span> <span class='ocrx_word' id='word_1_798' title='bbox 2902 5323 3343 5394; x_wconf 83' lang='grc' dir='ltr'>προσφέρεσθαι,</span> <span class='ocrx_word' id='word_1_799' title='bbox 3391 5325 3538 5394; x_wconf 87' lang='grc' dir='ltr'>μίσει</span> <span class='ocrx_word' id='word_1_800' title='bbox 3607 5329 3704 5380; x_wconf 75' lang='grc' dir='ltr'>καὶ</span> 
     </span>
    </p>
   </div>
   <div class='ocr_carea' id='block_1_115' title="bbox 2133 5412 3703 5491">
    <p class='ocr_par' dir='ltr' id='par_1_115' title="bbox 2133 5412 3703 5491">
     <span class='ocr_line' id='line_1_115' title="bbox 2133 5412 3703 5491; baseline 0.001 -23"><span class='ocrx_word' id='word_1_801' title='bbox 2133 5414 2448 5484; x_wconf 84' lang='grc' dir='ltr'>ἀποστροφῇ</span> <span class='ocrx_word' id='word_1_802' title='bbox 2476 5413 2584 5467; x_wconf 83' lang='grc' dir='ltr'><strong>τῶν</strong></span> <span class='ocrx_word' id='word_1_803' title='bbox 2608 5412 2986 5483; x_wconf 84' lang='grc' dir='ltr'>εἰδωλοθύτων,</span> <span class='ocrx_word' id='word_1_804' title='bbox 2999 5416 3097 5491; x_wconf 81' lang='grc' dir='ltr'>τὴν</span> <span class='ocrx_word' id='word_1_805' title='bbox 3118 5417 3534 5487; x_wconf 80' lang='grc' dir='ltr'>σπερμοφαγίαν</span> <span class='ocrx_word' id='word_1_806' title='bbox 3559 5419 3703 5490; x_wconf 72' lang='grc' dir='ltr'>ἠγάο</span> 
     </span>
    </p>
   </div>
  </div>
