3850 6416
164 230 261 286 731

1259 234 1327 290 ΙΝ
1384 235 1883 304 QUADRAGINTA
1926 238 2325 302 MARTYRES.

3320 253 3425 319 78‘).

158 363 305 417 πησε
329 360 346 377 ⁸
370 346 464 401 καὶ
489 345 759 416 νηστεύων
784 348 955 419 ἤνθει,
975 358 1066 402 και
1083 348 1284 403 ἀσιτῶν
1305 350 1445 423 ὑπὲρ
1471 354 1597 417 τοὺς
1621 366 1719 425 τρυ

1851 368 2067 419 eorum,
2099 375 2221 429 quae
2272 361 2431 417 idolis
2485 364 2761 420 immolata
2798 367 3033 438 fuera‘nt,
3088 371 3425 442 leguminum

157 439 378 506 φῶντας
424 435 691 507 εὖσαρκος
718 434 824 509 ἦν·
891 438 1026 492 Θεοῦ
1084 440 1194 510 γὰρ
1247 440 1406 496 τοῦτο
1442 443 1615 513 δῶρον
1653 446 1745 511 ἐξ·

155 531 395 599 αἰρετον,
426 531 541 591 τοῖς
561 533 775 594 πιστοῖς
800 530 1009 595 δούλοις
1030 533 1088 584 ἐν
1111 535 1231 597 ταῖς
1257 534 1506 604 ἀπορίαις
1524 535 1595 589 τὰ
1610 540 1742 607 παρ’

154 621 349 674 ἐλπίδα
383 622 727 693 χαρίζεσθαι.

226 806 375 877 Πλὴν
407 806 595 877 ἐπειδὴ
632 809 745 870 τοῖς
779 806 1004 877 ὑψηλοῖς
1042 807 1150 861 τῶν
1178 808 1521 879 πραγμάτων
1549 809 1599 861 οί
1621 809 1742 877 φθό-

149 910 235 952 νοι
265 901 753 970 παραπεπήγασιν,
775 896 1115 952 ἐκινδύνευσε
1140 899 1448 971 λωϐηθῆναι
1479 900 1541 953 τὺ
1562 901 1741 970 μακά-

150 1007 270 1061 ριον
306 988 613 1058 σύνταγμα,
640 988 734 1042 καὶ
760 989 956 1061 μικροῦ
988 990 1219 1053 δέοντος,
1250 990 1613 1062 ἀπωλέσαμεν
1642 994 1741 1063 τῆς

144 1081 422 1152 τετάρτης
448 1081 667 1146 δεκάδος
686 1081 748 1135 τὸ
777 1082 1067 1152 πλήρωμα.
1104 1077 1197 1145 Εἷς
1222 1081 1330 1154 γὰρ
1355 1082 1739 1155 ἀπαγορεύσας

142 1172 241 1229 διὰ
254 1175 347 1229 τὸν
370 1174 603 1246 κρυμὸν,
631 1174 768 1246 πρὸς
789 1173 937 1244 αὑτῷ
961 1173 1039 1245 τῷ
1051 1174 1191 1227 τέλει
1209 1174 1312 1245 τῆς
1339 1175 1515 1245 νίκης,
1556 1176 1734 1247 οἴμοιί

142 1264 279 1328 τοὺς
326 1265 429 1336 μὲν
464 1263 868 1335 συστρατιώτας
896 1263 1075 1332 ἀφῆκε
1100 1305 1114 1328 ,
1137 1264 1204 1333 τῇ
1236 1263 1401 1337 τέχνῃ
1434 1265 1490 1319 δὲ
1520 1268 1615 1319 τοῦ
1645 1286 1739 1321 τυ-

142 1357 350 1426 ράννου
392 1355 779 1428 προσεχώρησε
828 1354 906 1424 τῷ
962 1353 1201 1425 λουτρῷ,
1256 1355 1359 1425 ἤδη
1395 1356 1495 1426 τῆς
1537 1357 1736 1429 σαρκὸς

143 1448 528 1521 μαρανθείσης
560 1447 885 1519 φεισάμενος
908 1447 937 1499 ὁ
964 1445 1227 1514 φιλόζωος
1246 1464 1261 1479 ο
1293 1448 1393 1520 τῆς
1420 1465 1478 1501 τε
1508 1451 1616 1521 γὰρ
1646 1450 1733 1502 ἐλ-

136 1540 304 1606 πίδος
337 1541 579 1608 ἐξέπεσε,
608 1540 701 1593 καὶ
728 1541 828 1608 τῆς
867 1539 1207 1611 προσκαίρου
1234 1538 1379 1611 ζωῆς
1408 1541 1511 1595 οὐκ
1539 1543 1733 1596 ἐπέτυ-

136 1649 264 1703 χεν,
326 1632 487 1694 εὐθὺς
537 1629 962 1701 ἐπιτελευτήσας
1004 1633 1071 1702 τῇ
1122 1630 1465 1702 παραϐάσειο
1534 1634 1732 1698 Ἰούδας

1845 462 1999 501 esum
2024 449 2207 519 elegit,
2237 451 2606 524 jejunansque
2638 455 2869 514 ﬂorebat
2892 468 2945 514 ct
2968 463 3205 531 vigebat,
3236 473 3292 520 et
3313 468 3425 522 cibi

1844 547 2038 609 expers
2085 542 2325 597 habitior
2367 552 2421 599 et
2461 548 2842 617 cerpulentior
2879 554 3205 622 apparebat,
3254 573 3421 629 quam

1845 630 1920 684 illi
1941 672 1955 694 ,
1985 633 2080 701 qui
2112 634 2167 688 in
2203 635 2415 690 deliciis
2445 638 2699 693 vivebant
2722 644 2742 674 ’
2775 661 2788 695 ε
2829 643 2921 698 Dei
2952 648 3097 700 enim
3128 656 3211 702 est
3244 650 3421 706 ﬁdeli-

1844 720 1945 776 bus
1973 725 2148 780 servis
2182 726 2299 781 suis
2328 727 2460 781 talia
2487 728 2629 783 dona
2654 741 2850 800 praeter
2877 749 3026 804 spem
3055 740 3326 796 conferre.

1913 810 2203 881 Czeterum,
2245 816 2374 885 quia
2411 818 2711 887 grandibus
2736 823 2933 892 emptis
2972 826 3110 880 livor
3138 830 3418 889 adhaerere

1843 902 2002 967 solet,
2034 905 2339 973 perieulum
2363 914 2506 971 erat,
2541 923 2610 963 ne
2652 910 2812 966 beata
2866 915 2970 969 ista
3009 919 3209 975 cohors
3262 933 3418 979 trun-

1842 1004 2085 1059 curetur,
2111 1004 2165 1051 et
2191 997 2302 1066 jam
2348 998 2482 1053 inihi
2534 1016 2624 1057 res
2647 1012 2785 1067 erat,
2821 1013 2880 1059 ut
2929 1020 3139 1077 quarta:
3192 1012 3415 1071 deeadis

1840 1088 2245 1158 complementa
2302 1092 2630 1161 privaretur.
2675 1094 2828 1152 Unus
2880 1100 3024 1155 enim
3076 1104 3183 1158 sub
3235 1106 3412 1175 ipsum

1838 1180 2083 1234 Victoriae
2111 1181 2427 1247 articulum,
2460 1185 2805 1254 impatientia
2828 1187 3049 1260 frigoris
3099 1200 3409 1255 succubuit.

1838 1268 1937 1325 llei
1974 1271 2140 1325 mihi!
2175 1273 2590 1332 (Iommilitonea
2624 1291 2756 1333 suos
2797 1280 3063 1351 deseruit,
3098 1294 3152 1340 et
3182 1289 3411 1345 subdola

1838 1360 2056 1430 tyranni
2086 1369 2205 1417 arte
2237 1365 2474 1419 accessit
2507 1364 2575 1419 ad
2611 1367 2888 1437 balneum,
2924 1374 3078 1428 carni
3120 1376 3230 1445 jam
3263 1382 3413 1436 tabe-

1836 1450 1994 1506 i‘acta:
2022 1466 2254 1521 parcens
2286 1468 2474 1511 amore
2502 1454 2667 1525 hujus
2699 1458 2853 1515 vitae:
2904 1477 3031 1517 nam
3077 1474 3132 1519 et
3165 1483 3260 1538 spe
3311 1486 3410 1526 sua

1834 1543 2059 1608 excidit,
2090 1552 2146 1598 et
2185 1545 2472 1600 mortalem
2510 1547 2653 1603 hanc
2678 1551 2846 1606 vitam
2880 1568 2991 1609 non
3038 1567 3122 1613 est
3151 1561 3407 1632 adeptus,

1836 1636 1888 1687 in
1922 1635 2039 1704 ipsa
2067 1639 2505 1707 transgressione
2528 1642 2766 1697 animam
2802 1647 3090 1717 exhalans,
3135 1655 3408 1710 miseran-

133 1721 330 1783 ἄθλιος
354 1722 411 1772 ἐν
439 1721 550 1784 τοῖς
583 1718 853 1791 μάρτυσιν
872 1760 887 1787 ,
933 1719 1055 1773 οὔτε
1100 1721 1365 1792 μαθητὴς,
1395 1722 1518 1777 οὔτε
1560 1723 1719 1778 πλού-

1830 1725 1935 1781 dus
1959 1725 2131 1782 Iudas
2157 1729 2299 1784 inter
2328 1741 2619 1803 martyres,
2650 1743 2705 1789 et
2744 1752 2920 1808 neque
2954 1714 3279 1814 discipulus,
3307 1764 3408 1804 ne-

134 1828 284 1875 σιος,
312 1810 406 1866 καί¹
436 1812 571 1883 πρός
595 1827 658 1880 γε
679 1811 772 1864 τὸν
813 1810 1004 1883 βρόχον
1026 1812 1463 1883 ἐφελκυσάμενος
1483 1830 1497 1843 ’
1527 1817 1620 1869 καὶ
1651 1816 1726 1886 μὴ

130 1904 399 1975 θαυμάσῃ
432 1904 639 1975 μηδείς.
663 1904 901 1975 Σύνηθες
934 1904 1045 1975 γάρ
1070 1905 1148 1975 τῷ
1179 1905 1409 1977 διαόόλῳ
1441 1907 1581 1961 κατὰ
1617 1909 1727 1961 τῶν

130 1995 567 2048 ὑποκυπτόντων
590 1993 740 2063 αὐτῷ
775 1995 836 2047 τὸ
864 1994 1271 2066 τοιουτότροπον
1310 1995 1687 2067 ῥᾳδιούργημα
1708 2010 1722 2024 ·

128 2089 328 2159 ἀπατᾷ
370 2090 466 2141 καὶ
511 2087 795 2140 κολακεύει
836 2087 1116 2150 ποικίλως,
1152 2088 1238 2141 ἵνα
1262 2087 1424 2161 ῥίψῃ·
1454 2089 1616 2159 ῥίψας
1636 2087 1721 2153 δὲ,

129 2179 303 2243 εὐθὺς
335 2179 678 2249 ἐπεμϐαίνει,
714 2180 810 2233 καὶ
836 2178 931 2232 τοῦ
962 2178 1214 2249 κειμένου
1241 2180 1534 2252 καταγελᾷ.
1577 2181 1725 2234 Ἑπι-

128 2272 391 2341 κωμάζει
412 2271 470 2326 δέ
490 2274 557 2343 τῇ
591 2272 846 2343 συμφορᾷ
872 2273 970 2343 τὴν
990 2270 1271 2343 αἰσχύνην,
1291 2273 1387 2325 καὶ
1406 2275 1472 2343 τῇ
1493 2271 1725 2347 αἰσχύνῃ

126 2364 229 2417 τοῦ
261 2363 639 2427 δελεασθέντος
677 2364 1045 2435 εὐφραίνεται.
1090 2365 1182 2418 Διὸ
1226 2365 1321 2419 καὶ
1361 2367 1390 2419 ὁ
1420 2366 1724 2436 Ψαλμῳδὸς

128 2455 334 2527 ἐχθρὸν
367 2454 462 2509 καὶ
508 2454 799 2527 ἐκδικητὴν
832 2458 1239 2529 προσηγόρευσε
1259 2495 1277 2521 ,
1309 2456 1371 2510 τὸ
1399 2456 1497 2510 τοῦ
1520 2458 1720 2529 τρόπου

130 2545 476 2616 παλίμϐολον
513 2546 581 2599 ἐκ
604 2546 703 2616 τῆς
728 2547 836 2599 τῶν
864 2546 1142 2618 ὀνομάτων
1178 2548 1458 2620 σημαίνων
1483 2549 1722 2602 ἐναντιό-

130 2651 322 2709 τητος.
366 2636 693 2709 Ἀνθρώπων
724 2638 835 2710 γὰρ
879 2641 1084 2704 ἐκεῖνος
1120 2640 1373 2694 οὐδέποτε
1405 2640 1614 2709 γίνεται
1638 2641 1722 2695 ἐν·

132 2728 364 2791 σπονδός
385 2744 448 2782 τε
473 2727 569 2782 καὶ
596 2728 771 2798 φίλιος
794 2746 809 2759 ο
840 2729 1261 2800 ὑποκρίνεταιδὲ
1282 2730 1403 2783 τότε
1432 2731 1493 2784 τὸ
1520 2732 1717 2801 φίλιον,

128 2823 264 2875 ὅταν
294 2818 444 2890 αὐτῷ
485 2810 687 2891 θελήσῃ
731 2824 1069 2892 προσωπεῖον
1114 2822 1332 2893 ἀπάτης
1373 2822 1717 2877 ἐνδύσασθαι.

146 2913 291 2966 Ἀλλ’
323 2915 351 2967 ό
388 2916 485 2985 τῆς
537 2912 821 2977 ἀσθενείας
852 2914 952 2984 τῆς
973 2914 1247 2987 ἡμετέρας
1274 2915 1589 2988 ἐπίκουρος,
1625 2917 1718 2969 καὶ

126 3006 245 3060 τῶν
269 3006 514 3074 ἀγαθῶν,
546 3007 641 3060 καὶ
667 3006 859 3076 λόγων,
890 3008 983 3061 κα)⁸
1015 3007 1266 3079 πράξεων
1293 3009 1557 3080 γεωργὸς,
1586 3001 1712 3079 εὗρε

129 3098 275 3153 κατὰ
296 3098 389 3151 τὸν
430 3098 677 3170 Ἀϐραὰμ
701 3099 880 3170 ἐαυτῷ
912 3099 1180 3171 πρόϐατον
1204 3102 1284 3165 εἰς
1305 3101 1496 3155 θυσίαν
1522 3102 1587 3155 ἐκ
1604 3101 1714 3155 τῶν

128 3190 517 3261 πολεμούντων
557 3193 756 3245 οἰκεῖον
778 3230 795 3257 ,
833 3194 897 3245 ἐκ
938 3192 1046 3246 τῶν
1088 3191 1549 3265 βλασφημούντων
1576 3196 1716 3265 ὁμο-

124 3280 369 3352 λογητὴν
393 3320 409 3346 ,
469 3280 562 3332 καὶ
623 3281 689 3333 ἐκ
732 3279 825 3333 τοῦ
870 3280 1247 3352 συντάγματος
1276 3281 1385 3335 τῶν
1412 3281 1714 3335 διωκόντων

128 3374 411 3446 μάρτυρα.
449 3366 543 3437 Εἷς
566 3372 675 3442 γάρ
694 3372 803 3426 τῶν
825 3373 926 3443 τῆς
953 3374 1265 3443 τυραννίδος
1300 3374 1527 3445 δημίων,
1549 3376 1715 3428 ὀπτα-

124 3467 256 3529 σίας
275 3465 523 3536 ἁγγέλων
556 3466 804 3532 ἀξιωθεὶς
845 3468 956 3522 τῶν
992 3469 1255 3524 ἐλθόντων
1283 3470 1376 3523 ἐπὶ
1404 3471 1529 3533 τοὺς
1570 3470 1714 3541 μάρ-

121 3570 322 3631 τυρας,
391 3560 485 3613 καὶ¹
549 3559 944 3631 περιλαμφθεὶς
968 3564 1035 3633 τῇ
1084 3562 1374 3633 ἐπιφανείᾳ
1404 3562 1513 3616 τῶν
1544 3563 1715 3631 ἁγίων

121 3651 480 3723 πνευμάτων,
512 3649 589 3715 ὥς
626 3665 757 3707 ποτε
785 3652 996 3717 Παῦλος
1019 3655 1085 3725 τῇ
1104 3652 1230 3725 δόξῃ
1258 3653 1517 3725 Χριστοῦ,
1552 3654 1714 3726 ἡνίκα

120 3743 226 3815 τὴν
246 3743 342 3799 ἐπὶ
364 3743 653 3815 Δαμασκὸν
672 3742 985 3815 ἐπορεύετο,
1011 3744 1172 3811 εὐθὺς
1190 3746 1289 3819 τὴν
1307 3745 1533 3818 γνώμην
1587 3764 1713 3818 μετ-

122 3835 305 3901 έθετο,
327 3837 423 3890 καὶ
442 3835 738 3907 γυμνώσας
765 3837 955 3893 ἑαυτὸν
984 3838 1085 3909 τῆς
1107 3839 1353 3912 ἐσθῆτος,
1376 3842 1489 3904 τοῖς
1511 3852 1713 3910 πηγνυ-

123 3926 320 3998 μένοις
348 3927 737 3999 συνανεμίχθη.
758 3929 946 3985 Πάντα
972 3929 1031 3984 δὲ
1060 3930 1121 3985 ἐν
1158 3931 1317 4006 ὀλίγῃ
1344 3931 1537 4004 καιροῦ
1565 3934 1709 4004 ῥοπῇ

121 4015 372 4087 συνάψας
394 4016 631 4087 ἐγένετο,
679 4019 1033 4092 προσήλυτος,
1075 4022 1430 4097 ὁμολογητὴς,
1476 4026 1705 4098 μάρτυς,

119 4104 461 4179 λουσάμενος
490 4110 549 4164 ἐν
581 4111 660 4182 τῷ
691 4111 805 4181 ίδίῳ
834 4112 1027 4183 αἵματι
1055 4113 1129 4167 τδ
1144 4113 1242 4185 τῆς
1280 4115 1708 4185 παλιγγενεσίας

118 4198 372 4271 λουτρὸν,
403 4200 597 4271 αἵματι
641 4199 720 4271 τῷ
775 4202 1240 4272 νεκρωθέντι,καὶ
1283 4207 1358 4280 μὴ
1410 4206 1660 4278 ῥεύσαντι
1689 4224 1706 4240 ο

117 4291 265 4363 ἀνὴρ
312 4292 666 4365 στεφανίτης,
700 4295 837 4367 ἀνὴρ
888 4295 986 4349 τοῦ
1037 4298 1236 4363 παντὸς
1269 4298 1418 4366 ἄξιος
1455 4319 1470 4333 ο
1508 4305 1576 4374 τῇ
1616 4301 1707 4355 τοῦ

1829 1833 1936 1887 que
1967 1820 2281 1889 opulentus,
2323 1830 2375 1876 et
2417 1823 2485 1876 ad
2536 1826 2790 1896 laqueum
2847 1836 3103 1889 tractus:
3165 1852 3267 1891 nec
3324 1847 3407 1896 est

1828 1911 1971 1980 quod
1998 1914 2124 1982 quis
2154 1914 2400 1971 miretur.
2442 1914 2717 1973 Usitatum
2749 1928 2836 1975 est
2868 1922 3086 1981 diabolo
3141 1928 3396 1997 hujusce-

1828 2004 1977 2059 modi
2001 2005 2294 2062 artificium
2335 2016 2524 2063 contra
2569 2011 2716 2077 illos,
2769 2031 2908 2084 quos
2958 2019 3064 2074 sibi
3122 2022 3397 2095 subjugat.

1827 2094 2038 2167 Decipit
2081 2110 2147 2153 a‘c
2202 2114 2341 2156 vane
2391 2102 2688 2168 blanditur,
2757 2115 2816 2161 ut
2877 2120 3218 2181 prosternat;
3275 2094 3399 2171 eum

1830 2190 2150 2259 prostravit,
2182 2192 2446 2264 evestigio
2491 2196 2780 2265 ineQuitat,
2835 2200 3220 2277 iacentemque
3274 2203 3403 2265 irri-

1824 2281 1936 2347 det,
1969 2291 2025 2337 et
2082 2282 2511 2341 insultabundus
2540 2286 2842 2345 calamitati
2875 2294 3140 2362 pudorem
3175 2307 3229 2354 et
3264 2315 3399 2357 con-

1826 2372 2103 2428 fusionem
2131 2375 2474 2445 superaddit,
2526 2384 2582 2433 et
2610 2377 2907 2448 ignominia
2944 2399 3040 2453 per
3063 2400 3246 2444 escam
3292 2392 3401 2445 cir-

1823 2466 2097 2521 cumventi
2124 2469 2384 2524 exsultat.
2413 2469 2595 2536 Quare
2644 2487 2673 2524 a
2702 2470 3132 2550 Psalmographo
3183 2499 3401 2556 quoque

1822 2556 2081 2614 inimicus
2101 2568 2154 2616 et
2193 2561 2340 2616 ultor
2384 2564 2689 2633 appellatus
2723 2575 2808 2621 est
2833 2567 2873 2630 ³,
2917 2569 3120 2641 ingenii
3164 2579 3399 2633 mutabi-

1822 2650 2027 2705 litatem
2054 2651 2375 2709 diversitate
2407 2658 2689 2713 nominum
2725 2661 3077 2731 signiﬁcans:
3110 2667 3202 2723 ille
3248 2672 3395 2726 enim

1822 2754 1946 2793 cum
1981 2741 2298 2799 hominibus
2340 2754 2620 2817 nunquam
2680 2749 2860 2809 fte'dus
2916 2757 3065 2813 serio
3119 2760 3241 2826 init,
3302 2772 3398 2818 aut

1821 2832 2119 2888 amicitiam
2150 2835 2301 2890 colit.
2335 2835 2493 2892 Tune
2525 2852 2655 2896 vero
2688 2844 2932 2899 animum
2961 2848 3197 2905 amieum
3223 2852 3394 2909 simu.

1820 2926 1915 2990 lat,
1963 2927 2185 2996 quando
2242 2929 2347 2984 sibi
2406 2930 2612 2985 larvam
2678 2933 2899 2992 fallendi
2962 2942 3136 3010 gratia
3190 2945 3389 3001 induit.

1820 3015 2019 3073 Verum
2049 3028 2255 3077 nostra)
2294 3019 2628 3081 inﬁrmitatis
2666 3025 2903 3095 adjutor,
2936 3030 3312 3105 bonorumque
3338 3049 3396 3093 et

1820 3125 2132 3165 sermonum
2188 3120 2243 3169 et
2277 3112 2552 3169 actionum
2594 3117 2886 3186 plantator,
2923 3123 3126 3192 reperit
3179 3124 3283 3180 sibi
3324 3129 3394 3182 ad

1816 3202 2110 3258 Ahrahami
2142 3205 2450 3276 exemplum
2478 3208 2747 3262 oviculam
2770 3210 2839 3265 ad
2870 3214 3397 3274 sacriﬁciumdome—

1817 3294 2046 3349 Stieam:
2078 3309 2142 3350 ex
2178 3295 2685 3367 blasphemantibus
2709 3301 3077 3369 conﬁtentem,
3113 3314 3168 3361 et
3197 3323 3265 3362 ex
3298 3324 3393 3363 eo-

1817 3402 1937 3441 rum
1990 3386 2219 3451 ordine,
2265 3388 2359 3458 qui
2420 3398 2801 3459 persecutores
2853 3402 3034 3457 erant,
3072 3404 3387 3470 martyrem.

1815 3478 2051 3544 Quidam
2081 3479 2226 3534 enim
2279 3494 2347 3535 ex
2395 3482 2706 3552 tyrannidis
2762 3485 3128 3554 administris,
3177 3492 3391 3547 visione

1814 3571 2127 3642 angelorum
2173 3571 2241 3626 ad
2295 3580 2564 3644 martyres
2622 3575 2954 3631 venientium
3011 3579 3289 3650 dignatus,
3338 3596 3391 3639 et

1814 3661 2185 3718 circumfusus
2244 3676 2529 3719 sacrorum
2581 3666 2875 3737 spirituum
2907 3671 3268 3741 apparitione,
3329 3684 3389 3731 ut

1812 3752 1940 3805 olim
1967 3750 2177 3807 Paulus
2206 3748 2496 3824 maiestate
2520 3755 2748 3822 Christi,
2789 3760 3013 3829 quando
3061 3761 3385 3821 Damascum

1812 3843 2286 3914 proﬁciscebatur,
2333 3847 2516 3901 statim
2560 3857 2796 3904 mentem
2839 3853 3092 3919 mutavit,
3135 3863 3189 3909 et
3220 3856 3388 3913 vesti-

1812 3932 2009 3988 mentis
2038 3933 2278 4005 seipsum
2318 3944 2527 3992 exuens
2561 3936 2763 4008 frigore
2800 3942 3073 3998 concretis
3126 3961 3248 4001 sese
3291 3952 3385 4001 att-

1810 4022 2032 4077 miscuit
2075 4021 2113 4074 ‘.
2175 4021 2241 4076 Et
2287 4024 2486 4093 exiguo
2539 4027 2801 4097 temporis
2856 4042 3134 4086 momento
3198 4038 3383 4091 omnia

1811 4112 1989 4169 factus
2025 4118 2129 4177 est,
2169 4115 2495 4186 proselytus,
2540 4117 2844 4186 confessor,
2881 4132 3111 4194 martyr,
3153 4125 3382 4185 abluens

1809 4206 2030 4275 proprio
2086 4207 2351 4277 sanguine
2404 4210 2836 4279 regenerationis
2895 4213 3193 4282 lavacrum,
3250 4235 3382 4290 pru«

1810 4297 1951 4367 prio,
1985 4296 2230 4367 inquam,
2281 4299 2547 4370 sanguine
2580 4308 2799 4357 mortuo
2824 4342 2841 4366 ,
2895 4319 3002 4358 non
3032 4302 3219 4363 ﬂuido.
3284 4306 3382 4365 Vir

118 4383 263 4438 Θεοῦ
306 4384 600 4457 Ἐκκλησία
625 4386 694 4440 δι’
722 4387 929 4441 ἐκεῖνον
962 4387 1069 4460 ἔχω
1094 4390 1220 4453 τοὺς
1256 4398 1330 4461 μ’.
1358 4391 1457 4446 Διὰ
1476 4392 1567 4445 τὸν
1592 4410 1709 4461 γενο

1825 4402 2066 4443 :oronam
2096 4389 2448 4459 promeritus,
2482 4392 2565 4445 vir
2598 4390 2745 4447 omni
2778 4390 2987 4450 honore
3014 4396 3244 4469 dignus:
3284 4418 3381 4471 per

118 4480 276 4530 ναῖον
337 4477 401 4531 οὐ
449 4476 667 4543 κολοῦδς
697 4477 730 4549 ἡ
763 4479 870 4533 τῶν
922 4479 1216 4552 μαρτύρων
1242 4482 1568 4554 παράταξις.
1602 4484 1702 4538 Διά

1825 4481 1957 4535 llum
2012 4480 2177 4536 habet
2226 4480 2473 4536 Ecclesia
2530 4481 2627 4538 Dei
2677 4488 3073 4558 quadraginta;
3108 4506 3204 4559 per
3235 4493 3380 4549 hunc

116 4567 219 4621 τὸν
262 4568 602 4640 προσήλυτον
652 4568 860 4623 τελείαν
903 4570 1108 4642 ἄγομεν
1148 4572 1233 4625 ἐπ’
1254 4573 1472 4645 ἀριθμῷ
1510 4575 1702 4647 τελείῳ

1825 4587 2125 4643 generosum
2156 4589 2265 4629 non
2301 4584 2385 4629 est
2417 4575 2608 4629 mutila
2641 4584 2941 4649 martyrum
2969 4588 3206 4636 caterva.
3249 4583 3381 4640 Pro—

118 4661 455 4731 πανήγυριν.
490 4661 547 4715 ὐ
584 4661 643 4714 δὲ
692 4660 937 4726 διάϐολος
981 4663 1173 4735 χαρίεν
1214 4663 1414 4719 ἔπαθεν
1468 4668 1701 4738 πρᾶγμα

119 4753 220 4807 καί⁵
275 4753 512 4821 γέλωτος
542 4752 691 4820 ἄξιον
713 4771 727 4784 ·
752 4753 829 4817 ὡς
842 4753 950 4825 γὰρ
970 4754 1195 4809 ἔκλεπτε
1226 4756 1317 4809 τὸν
1334 4758 1701 4831 στρατιώτην,

116 4844 363 4916 ἐσυλήθη
382 4846 473 4900 τὸν
492 4843 724 4916 διώκτην
771 4847 865 4899 καὶ
892 4848 1103 4917 δήμιον.

118 5046 121 5047 ⁷
189 5024 329 5082 Εἶτα
347 5028 399 5081 τί
420 5027 489 5081 τὰ
516 5027 608 5081 ἐπί
634 5026 879 5094 τούτοις;
908 5029 971 5083 Οἱ
1004 5029 1105 5100 μὲν
1129 5031 1516 5103 τρισμακάριοι
1542 5033 1702 5102 ἔφθαο

113 5140 243 5186 σαν,
280 5122 416 5174 ὅπου
446 5120 724 5174 ἔσπευδον.
760 5122 819 5176 '0
851 5122 908 5176 δὲ
939 5122 1038 5193 τῆς
1065 5125 1333 5197 τιμωρίας
1371 5124 1579 5198 κύριος,
1599 5128 1701 5180 οὐκ

112 5212 367 5282 ἐνεγκὼν
402 5214 642 5278 ἀνεκτῶς
666 5213 775 5267 τῶν
815 5213 1107 5286 μαρτύρων
1134 5216 1232 5288 τὴν
1261 5216 1436 5288 νίκην,
1462 5221 1569 5281 τοῖς
1610 5235 1697 5271 νε-

114 5310 275 5377 κροῖς
308 5306 564 5377 ἐπολέμει
587 5306 800 5378 σώμασι
835 5321 851 5337 ’
886 5306 1145 5371 κελεύσας
1169 5311 1301 5381 πυρὶ
1330 5312 1699 5382 παραδοθῆναι

114 5401 220 5464 τὰς
249 5398 427 5463 οἰκίας
454 5400 564 5453 τῶν
589 5399 758 5469 ἁγίων
782 5399 987 5470 ψυχῶν,
1018 5401 1111 5454 καὶ
1133 5400 1200 5454 δι’
1228 5402 1344 5465 ἐνὸς
1380 5403 1701 5472 πράγματος

118 5494 374 5564 ἐμιμεῖτο
415 5492 584 5564 ἄγρια
628 5490 791 5564 θηρία
831 5493 923 5545 καὶ
961 5492 1191 5563 πικροὺς
1219 5493 1435 5565 ἄνδρας.
1477 5494 1556 5545 Τὰ
1601 5493 1698 5563 μὲν

269 5673 407 5730 Dan.
447 5691 509 5741 ιι,
552 5674 587 5729 4
620 5690 743 5745 sqq.
789 5674 841 5730 ,³
875 5673 1020 5731 Psal.
1060 5691 1177 5741 vm,
1215 5675 1269 5729 ’5.

1803 4674 1926 4734 pter
1970 4664 2119 4720 hunc
2167 4666 2499 4737 proselytmn
2541 4667 2836 4737 perfectam
2880 4672 3093 4741 agimus
3138 4675 3380 4743 perfecto

1807 4768 2037 4811 numero
2076 4760 2415 4829 panegyrim.
2448 4757 2513 4812 Et
2541 4757 2765 4814 diabolo
2805 4777 2894 4817 res
2945 4764 3124 4834 lepida
3157 4774 3212 4819 et
3262 4768 3379 4822 risu

1807 4849 1970 4921 digna
2004 4850 2253 4905 accidit:
2289 4851 2419 4904 dum
2464 4852 2612 4906 enim
2663 4853 2888 4908 militem
2930 4854 3230 4912 suil‘uratus
3270 4869 3376 4924 est,

1807 4942 1991 4997 amisit
2019 4951 2422 5011 persecutorem
2448 4950 2501 4997 et
2518 4942 2850 4999 carniﬁcem.

1877 5032 2017 5100 Quid
2047 5048 2176 5088 vero
2208 5042 2331 5103 post
2369 5034 2527 5087 haec?
2558 5030 2669 5090 Ter
2700 5035 2844 5091 beati
2885 5037 2958 5091 illi
2992 5050 3378 5108 pervenerunt,

1806 5142 1916 5196 quo
1956 5125 2345 5196 properabant.
2397 5126 2469 5179 At
2498 5128 2755 5197 supplicii
2798 5144 2998 5199 praeses
3033 5130 3383 5200 impatienter

1808 5218 1990 5275 ferens
2021 5227 2323 5289 martyrum
2354 5220 2664 5281 victoriam,
2696 5235 2821 5275 eum
2853 5222 3120 5279 cadavere
3177 5224 3378 5278 bellum

1806 5312 2048 5382 gerebat,
2091 5312 2354 5366 mandans
2384 5320 2443 5366 ut
2475 5321 2789 5367 sanctarum
2816 5314 3123 5370 animarum
3176 5317 3383 5371 habita-

1807 5402 1928 5456 cula
1963 5402 2070 5470 igni
2101 5400 2660 5463 traderentur.hacin
2694 5417 2753 5457 re
2780 5411 2834 5457 et
2852 5403 3105 5463 eli'eratas
3140 5407 3377 5467 belluas.

1809 5501 1861 5548 et
1893 5493 2232 5548 truculentos
2273 5492 2521 5550 homines
2558 5494 2824 5560 imitatus,
2849 5511 3081 5566 quarum
3113 5499 3218 5555 illa:
3243 5497 3379 5554 cliu—

1348 5675 1367 5706 ⁸
1399 5676 1523 5731 Act.
1562 5690 1639 5743 Ix,
1672 5674 1694 5726 i
1735 5690 1856 5746 sqq.
