3850 6398
473 211 575 264 785

1738 195 1797 249 S.
1839 190 2169 248 GREGORII
2207 185 2502 247 NYSSENI

3638 199 3740 253 784

466 322 734 393 gientitqu
761 329 940 374 vestes
980 326 1220 383 abjectas
1251 316 1517 378 laceram,
1550 313 1638 368 isti
1657 327 1788 366 vero
1803 310 2046 364 hostium

2161 309 2261 381 γὰρ
2290 308 2398 362 τῶν
2414 308 2757 380 διωκομένων
2775 307 3080 392 ἀνθρώπων
3099 308 3378 378 φυγόντων
3395 308 3495 382 τὴν
3521 309 3740 383 προσ[ο]

467 414 838 470 recedentium
881 413 1077 465 domos
1112 395 1413 464 incendunt
1445 417 1500 462 et
1533 413 1808 460 evertunt.
1856 402 2049 458 Merito

466 512 770 574 martyrum
803 500 1080 568 quiSpiam
1134 513 1259 552 eum
1313 499 1395 551 sic
1451 493 1892 565 compellaverit:
1926 491 2048 545 Non

468 596 724 662 amplius,
755 608 790 644 0
821 591 990 654 fatue,
1037 590 1418 644 crudelitatem
1475 597 1624 641 luam
1678 585 2044 655 pertimesco:

468 685 726 738 timebam
756 682 929 744 enim,
959 679 1222 750 quamdiu
1256 680 1454 732 animae
1473 677 1777 746 congelatis
1815 674 2050 728 aderant

463 785 520 828 et
553 775 791 837 inerant,
822 787 891 826 ne
925 768 1243 840 magnitudo
1262 767 1606 822 cruciatuum
1629 771 1916 834 superaret
1944 760 2060 812 for—

469 867 760 920 titudinem
791 866 1030 933 piorum.
1070 858 1184 914 llac
1241 868 1422 912 autem
1488 855 1783 911 formidine
1819 854 2054 921 dilapsa,

471 967 624 1013 utere
649 957 765 1011 luto
798 956 991 1009 relicto
1023 960 1188 1022 prout
1223 952 1408 1004 voles:
1461 948 1680 1004 etiamsi
1714 961 1934 1001 carnem
1962 959 2056 996 vo-

470 1050 702 1112 raveris,
734 1065 942 1118 susque
964 1047 1140 1116 deque
1173 1046 1382 1100 habebo
1405 1062 1416 1097 :
1447 1051 1655 1112 quanto
1677 1040 1820 1094 enim
1847 1039 2053 1092 rabiem

469 1143 734 1211 majorem
762 1141 998 1201 exseris.
1035 1155 1102 1192 eo
1133 1138 1257 1208 plus
1283 1137 1602 1191 abeuntium
1637 1131 1919 1186 victoriam
1945 1143 2045 1182 co-

470 1249 670 1287 ronas:
715 1247 838 1286 nam
897 1230 1340 1301 adversariorum
1401 1226 1595 1280 validae
1657 1222 2048 1293 impressiones

471 1327 739 1380 victorum
771 1323 1148 1379 fortitudinem
1187 1305 1480 1390 perspicuo
1504 1325 1764 1388 arguunt.

543 1670 614 1721 At
670 1669 802 1738 quid
877 1669 1054 1739 longis
1089 1670 1382 1724 verborum
1413 1671 1738 1740 ambagibus
1799 1671 2047 1725 utimur?

477 1755 773 1822 Comhusla
850 1771 980 1814 sunt
1035 1775 1292 1830 corpora,
1318 1778 1492 1831 eaque
1556 1762 1772 1818 flamma
1811 1766 2044 1833 excepit.

473 1848 698 1906 Cineres
757 1866 888 1906 vero
946 1853 1024 1906 illi
1079 1861 1133 1908 et
1166 1854 1406 1908 incendii
1467 1855 1710 1924 reliquia:
1743 1857 1797 1908 in
1862 1856 2048 1909 orbem

478 1949 746 1994 terrarum
778 1945 851 1995 ita
886 1944 1079 2000 divisa
1121 1956 1272 2010 sunt,
1303 1956 1362 2000 ut
1402 1946 1572 2003 ferme
1610 1948 1864 2017 quazlibet
1921 1963 2049 2016 pro-

475 2033 654 2084 vincia
688 2033 1131 2092 benedictionem
1164 2038 1292 2094 inde
1319 2039 1630 2108 participet.
1670 2039 1854 2094 llabeo
1885 2047 2053 2109 etego

476 2125 800 2193 particulam
835 2123 1011 2192 hujus
1029 2127 1175 2182 sacri
1215 2131 1489 2186 muneris:
1520 2139 1819 2200 etcorpora
1854 2145 2052 2200 parcn-

477 2226 589 2268 tum
627 2227 870 2270 meorum
896 2217 1053 2286 juxta
1085 2217 1279 2274 horum
1311 2222 1544 2275 militum
1576 2222 1838 2293 reliquias
1873 2224 2051 2292 posui,

477 2318 534 2359 ut
575 2316 820 2375 tempore
844 2310 1269 2364 resurrectionis
1297 2325 1422 2364 cum
1454 2313 1880 2381 opitulatoribus
1939 2316 2054 2385 spei

475 2414 529 2453 et
571 2399 782 2453 fiducia:
813 2400 985 2469 plenis
1019 2414 1332 2473 resurgant.
1369 2403 1495 2457 Scio
1527 2406 1671 2460 enim
1699 2407 1824 2462 illos
1871 2422 2052 2473 posse,

426 2540 430 2560 ξ
477 2500 530 2542 et
559 2507 665 2558 qua
707 2490 958 2544 libertate
990 2502 1041 2544 et
1074 2492 1272 2547 fiducia
1291 2495 1431 2564 apud
1455 2494 1624 2550 Deum
1652 2490 2056 2562 valcantﬂlilu-

417 2565 430 2626 ξ
480 2582 605 2636 cida
643 2593 968 2654 argumenta
1001 2585 1109 2639 vidi
1154 2605 1166 2639 :
1201 2603 1264 2642 ex
1308 2587 1507 2657 quibus
1531 2605 1697 2646 unum
1725 2605 2059 2646 commemo-

413 2671 415 2673 ’
481 2692 605 2730 rare
663 2676 837 2741 lubet,
902 2677 1111 2731 clarum
1164 2680 1418 2735 videlicet
1459 2683 1865 2750 testimonium,
1925 2685 2058 2756 quid

481 2769 694 2822 ellicere
731 2781 953 2839 queant.
997 2769 1094 2828 Est
1132 2771 1200 2826 ad
1227 2789 1311 2828 me
1343 2776 1628 2844 pertinens
1659 2777 1836 2844 vicus,
1869 2779 1924 2834 in
1951 2795 2059 2850 quo

480 2861 927 2916 beatissimorum
999 2871 1300 2935 martyrum
1371 2866 1617 2937 reliquiae
1686 2870 2056 2940 requiescunt.

2160 401 2444 470 ριφθεῖσαν
2501 401 2685 464 αὐτοῖς
2713 400 2921 471 ἐσθῆτα
2959 401 3288 472 σπαράττειο
3318 402 3367 453 οί
3394 401 3451 454 δὲ
3474 403 3586 456 τῶν
3615 403 3741 458 δυσ-

2159 492 2340 562 μενῶν
2383 493 2861 562 ἀναχωρησάντων
2897 492 2998 556 τὰς
3041 491 3218 554 οἰκίας
3264 490 3588 561 ἐμπιπρῶσι
3648 495 3742 548 καὶ

2155 580 2509 635 καταλύουσι.
2561 581 2672 634 Καί
2709 599 2794 645 τις
2826 582 2894 636 ἂν
2931 581 3040 656 τῶν
3071 581 3361 655 μαρτύρων
3397 575 3548 633 εἶπεν
3604 582 3742 635 ἐνδί-

2156 689 2266 734 κως
2284 671 2420 742 πρὸς
2447 673 2612 726 αὐτόν
2632 689 2644 701 ”
2664 675 2862 728 Οὐκέτι
2879 691 2995 741 σου,
3027 676 3244 744 μάταιε,
3270 674 3448 728 δειλιῶ
3472 674 3572 745 τὴν
3601 675 3744 746 ώμό-

2153 780 2311 834 τητα.
2341 763 2683 835 Ἐφοϐούμην
2713 765 2823 837 γὰρ
2852 766 3045 836 μέχρις
3073 768 3130 820 αί
3159 767 3329 838 ψυχαὶ
3373 767 3742 839 συμπαρῆσαν

2153 856 2267 918 τοῖς
2293 853 2684 924 πηγνυμένοις,
2705 857 2780 927 μὴ
2811 857 2872 909 τὸ
2911 856 3246 928 ὑπερϐάλλον
3279 858 3377 929 τῆς
3401 857 3642 928 βασάνου
3670 876 3741 910 νι-

2154 949 2297 1017 κήσῃ
2332 947 2431 1018 τὴν
2461 948 2713 1018 ἀνδρείαν
2751 949 2858 1002 τῶν
2886 949 3125 1004 εὐσεϐῶν
3161 967 3174 982 ·
3214 950 3404 1003 τούτου
3433 951 3490 1004 δὲ
3542 949 3742 1020 παρελ-

2155 1038 2338 1102 θόντος
2367 1038 2460 1092 τοῦ
2485 1039 2658 1104 δέους,
2682 1041 2883 1112 χρῆσαι
2921 1039 3000 1111 τῷ
3032 1041 3387 1112 ἀπομείναντι
3430 1040 3614 1111 πηλῷ,
3644 1057 3742 1094 κα-
3801 1087 3808 1091 .

2151 1130 2260 1195 θὼς
2280 1131 2460 1201 βούλει
2485 1149 2499 1162 ο
2526 1132 2630 1186 κᾶν
2649 1133 2933 1205 ἀπογεύσῃ
2955 1133 3064 1186 τῶν
3093 1134 3332 1205 σαρκῶν,
3356 1134 3416 1187 οὑ
3449 1133 3739 1206 φροντίζω.

2155 1222 2307 1293 Ὅσῳ
2338 1223 2448 1294 γάρ
2503 1223 2790 1277 λυσσῶσαν
2824 1222 3091 1286 δεικνύεις
3135 1223 3236 1294 τὴν
3285 1223 3580 1294 ὡμότητα,
3618 1238 3740 1275 τοσ-

2157 1313 2298 1384 ούτῳ
2336 1313 2500 1367 πλέον
2548 1317 2832 1384 στεφανοῖς
2872 1314 2982 1368 τῶν
3027 1313 3371 1368 ἀπελθόντων
3411 1313 3510 1385 τὴν
3561 1311 3738 1383 νίκην.

2153 1405 2220 1457 Δί
2275 1402 2383 1476 γὰρ
2445 1405 2692 1473 γενναῖαι
2744 1402 3042 1474 προσϐολαὶ
3092 1402 3201 1457 τῶν
3251 1401 3739 1471 ἀντιτεταγμένων,

2156 1497 2460 1563 ἀποδείξεις
2491 1498 2738 1568 ἀκριϐεῖς
2774 1497 2875 1568 τῆς
2913 1494 3164 1568 ἀνδρείας
3193 1495 3301 1550 τῶν
3353 1495 3743 1567 κρατησάντων

2082 1599 2123 1652 Β
2152 1590 2419 1658 γίνονται.

2234 1682 2393 1736 Ἀλλὰ
2441 1681 2494 1735 τί
2527 1681 2714 1754 μακρά
2764 1680 3150 1752 διατρίϐομεν;
3201 1679 3468 1751 Ἐφλὲχθη
3515 1679 3590 1736 τὰ
3647 1679 3742 1734 σώ-

2098 1808 2106 1817 -
2153 1791 2320 1846 ματα,
2349 1776 2444 1829 καὶ
2470 1775 2532 1828 τὸ
2559 1774 2670 1845 πῦρ
2689 1773 2829 1828 αύτά
2856 1772 3146 1838 διεδέξατο.
3169 1773 3281 1844 Τὴν
3306 1773 3363 1826 δὲ
3399 1773 3551 1826 κόνιν
3600 1775 3737 1828 ἐκεί-

2151 1884 2270 1937 νην,
2299 1868 2394 1920 καὶ
2418 1867 2519 1938 τῆς
2540 1867 2772 1937 καμίνου
2793 1865 2861 1920 τὰ
2891 1865 3121 1937 λείψανα
3145 1869 3176 1920 ό
3225 1866 3429 1937 κόσμος
3450 1866 3736 1938 ἐμερίσθη·

2153 1958 2250 2012 καὶ
2283 1959 2433 2011 πᾶσα
2493 1957 2565 2027 γῆ
2603 1957 2788 2028 σχεδὸν
2836 1958 2951 2022 τοῖς
3002 1957 3307 2028 ἀγιάσμασι
3353 1955 3566 2020 τούτοις
3599 1957 3742 2010 εὐλο-

2154 2051 2354 2118 γεῖται.
2391 2047 2540 2120 Ἐχω
2565 2049 2722 2118 κάγὼ
2760 2049 2956 2121 μερίδα
2991 2049 3086 2104 τοῦ
3121 2050 3319 2123 δώρου,
3341 2051 3438 2104 καὶ⁸
3462 2050 3576 2104 τῶν
3597 2052 3744 2122 ἐμῶν

2156 2142 2409 2212 πατέρων
2446 2141 2516 2195 τά
2557 2140 2786 2213 σώματα
2809 2145 2924 2208 τοῖς
2965 2142 3074 2196 τῶν
3115 2143 3461 2213 στρατιωτῶν
3515 2143 3746 2215 παρεθέ-

2159 2249 2267 2303 μην
2288 2230 2563 2301 λειψάνοις
2580 2249 2594 2262 ·
2617 2233 2704 2286 ἵνα
2724 2234 2784 2286 ἐν
2803 2232 2880 2304 τῷ
2901 2231 3080 2304 καιρῷ
3103 2233 3203 2304 τῆς
3228 2233 3583 2297 ἀναστάσεως
3604 2235 3747 2304 μετά

2156 2325 2266 2379 τῶν
2317 2326 2808 2398 εύπαρῤησιαστῶν
2846 2326 3057 2398 βοηθῶν
3086 2326 3406 2399 ἐγερθῶσιν.
3446 2323 3580 2382 Οἶδα
3614 2327 3744 2400 γὰρ,

2157 2420 2234 2484 ὡς
2281 2419 2547 2491 ίσχύουσι,
2598 2420 2694 2474 καὶ
2731 2421 2831 2491 τῆς
2881 2421 3195 2494 παρρησίας
3231 2421 3412 2475 αὐτῶν
3462 2423 3566 2492 τῆς
3610 2424 3748 2497 πρὸς

2158 2510 2290 2564 Θεὸν
2339 2514 2591 2583 ἐναργεῖς
2633 2511 2946 2583 ἐθεασάμην
2990 2512 3092 2577 τάς
3146 2512 3446 2579 ἀποδείξεις
3478 2529 3494 2545 ⁸
3533 2515 3632 2568 καὶ
3677 2515 3742 2585 δὴ

2162 2599 2420 2672 βούλομαι
2449 2601 2508 2654 ἓν
2536 2618 2591 2654 τι
2622 2603 2732 2655 τῶν
2755 2603 2834 2665 είς
2855 2599 3040 2674 θαῦμα
3070 2601 3366 2656 τελούντων
3391 2604 3493 2675 τῆς
3523 2604 3746 2658 ἐκείνοιν

2160 2694 2439 2765 ἐνεργείας
2467 2695 2643 2748 εἰπεῖν
2666 2709 2680 2723 '
2710 2693 2915 2768 Κώμης
2939 2695 3041 2764 τῆς
3069 2695 3194 2766 ἐμοὶ⁸
3238 2695 3648 2767 προσηκούσης,
3687 2697 3745 2749 ἐν

2160 2781 2282 2859 ᾖτά
2306 2786 2414 2841 τῶν
2433 2789 2848 2859 τρισμακαρίων
2865 2788 3068 2843 τούτων
3093 2789 3476 2844 ἀναπέπαυται
3495 2789 3741 2860 λείψανα,

2161 2877 2278 2931 ἐστι
2318 2895 2403 2942 τις
2440 2878 2666 2950 πολίχνη
2706 2881 2740 2951 ἡ
2779 2879 2997 2950 γείτων,
3035 2880 3237 2953 Ἴϐωρα
3266 2881 3525 2944 καλοῦσιν
3553 2882 3741 2953 αὐτὴν.

480 2949 597 3006 Non
629 2954 818 3022 procul
849 2953 999 3009 abest
1030 2969 1197 3024 parva
1234 2955 1450 3024 civitas,
1479 2974 1644 3028 quam
1675 2961 1890 3016 lberam
1921 2964 2055 3019 voci-

2177 2970 2264 3023 Ἐν
2289 2969 2353 3049 δῂ
2388 2946 2599 3042 ταύτῃ,
2637 2946 2803 3026 κατὰ*
2826 2972 2919 3026 τὸν
2950 2946 3180 3045 συνήθη⁷
3209 2973 3502 3044 Ῥωμαίοις
3547 2946 3744 3044 νόμον,

482 3052 627 3098 tant.
656 3045 716 3099 In
751 3045 855 3099 hac
890 3060 1016 3100 cum
1054 3061 1124 3101 ex
1168 3056 1384 3116 recepta
1416 3047 1790 3107 Romanorum
1829 3069 2064 3111 consue-

483 3137 673 3192 tudine
703 3151 905 3192 census
931 3137 1161 3193 militum
1191 3141 1590 3208 institueretur,
1613 3144 1833 3215 quidam
1865 3162 1930 3202 ex
1961 3147 2065 3202 mi-

482 3229 672 3284 litibus
699 3229 765 3283 ad
795 3228 1113 3297 praedictum
1147 3231 1326 3288 vicum
1361 3237 1532 3299 venit,
1562 3250 1592 3290 a
1626 3236 1845 3292 tribuno
1867 3237 1935 3294 ad
1969 3254 2065 3294 cu-

485 3321 717 3375 stodiam
750 3322 854 3375 vici
888 3322 1220 3389 destinatus,
1252 3334 1311 3378 ut
1344 3325 1785 3384 commilitonum
1835 3343 2063 3384 suorum

484 3412 798 3468 invasiones
823 3423 876 3469 et
903 3414 1134 3483 injurias
1158 3417 1528 3487 propulsaret,
1561 3433 1702 3489 quas
1730 3420 1932 3476 milites
1969 3437 2064 3494 ru-

485 3496 714 3550 sticanis
736 3497 993 3552 audacter
1041 3499 1244 3556 inferre
1282 3502 1481 3558 solent.
1511 3501 1837 3574 {Egrotabat
1881 3514 2063 3561 autem

487 3589 590 3642 iste
621 3590 792 3643 altero
837 3590 992 3660 pede.
1026 3599 1080 3646 et
1110 3593 1485 3650 claudicabat:
1581 3607 1807 3668 eratque
1849 3599 2064 3656 affectio

485 3681 743 3734 diuturna
773 3691 827 3738 ct
859 3680 1295 3741 immedicabilis.
1327 3685 1498 3743 Porro
1526 3698 1816 3761 postquam
1841 3692 1904 3748 in
1921 3709 2066 3749 mar-

487 3772 626 3843 tyrio
654 3780 707 3828 et
729 3768 783 3828 in
810 3775 929 3830 loco
957 3769 1312 3844 requietionis
1333 3781 1661 3838 Sanctorum
1692 3781 1815 3850 fuit,
1847 3799 2066 3854 preces-

486 3879 591 3934 que
619 3864 684 3919 ad
736 3867 901 3921 Deum
934 3867 1104 3935 fudit,
1139 3869 1465 3928 Sanctorum
1520 3889 1738 3944 quoque
1803 3876 2064 3932 interces-

485 3959 693 4013 sionem
746 3958 1080 4029 imploravit,
1140 3969 1195 4016 et
1226 3978 1354 4019 ecce
1413 3972 1578 4020 noctu
1619 3976 1846 4037 apparet
1889 3969 1938 4024 ei
1980 3969 2065 4024 vir

483 4051 794 4106 veneranda
829 4051 1028 4121 specie,
1060 4063 1114 4108 et
1142 4064 1266 4124 post
1290 4058 1554 4127 alia,qute
1570 4057 2059 4126 dixit,(llaudicas,

485 4141 582 4204 ait,
610 4157 642 4195 ο
668 4142 846 4207 miles,
889 4153 942 4197 et
972 4145 1254 4222 curatione
1298 4149 1464 4218 eges?
1499 4149 1594 4208 sed
1625 4150 1716 4214 da,
1753 4160 1812 4206 ut
1845 4162 2059 4223 tangam

487 4229 700 4300 pedem.
735 4230 804 4286 Et
831 4235 1228 4304 apprehensum
1267 4238 1321 4292 in
1363 4242 1571 4297 somnis
1622 4242 1808 4312 pedem
1845 4243 2061 4301 fortiter

486 4322 730 4378 attraxit.
768 4322 834 4378 Et
867 4339 990 4381 cum
1045 4335 1310 4382 nocturna
1341 4329 1477 4384 visio
1510 4331 1612 4386 hoc
1668 4332 1888 4398 faceret,
1923 4335 2060 4404 vigi-

488 4409 725 4466 lantibus
757 4413 880 4467 talis
910 4414 1182 4472 excitatus
1203 4427 1286 4472 est
1317 4420 1552 4484 sonitus,
1586 4421 1767 4492 qualis
1796 4424 2061 4480 exsistere

484 4502 644 4566 solet,
699 4518 824 4560 osse
850 4522 915 4560 ex
975 4509 1210 4563 naturali
1243 4525 1342 4565 sua
1399 4514 1528 4568 serlc
1564 4516 1799 4581 revulso,
1867 4517 2064 4574 deinde

482 4594 754 4650 violenter
778 4599 1028 4654 restituto
1062 4619 1077 4666 ;
1108 4611 1167 4655 ut
1198 4604 1372 4668 etilli,
1424 4607 1516 4676 qui
1550 4623 1657 4661 una
1690 4607 2054 4676 dormiebant,

483 4687 931 4756 expergefierent,
970 4699 1025 4744 et
1065 4692 1182 4762 ipse
1217 4698 1382 4748 etiam
1431 4697 1587 4752 miles
1632 4698 1923 4756 confestim
1969 4717 2058 4756 so-

483 4792 614 4830 nino
649 4778 976 4848 solveretur,
1009 4797 1284 4854 sanusque
1314 4802 1464 4843 more
1495 4789 1723 4844 aliorum
1761 4790 2057 4848 incederet.

485 4867 599 4924 Hoc
637 4871 959 4928 miraculum
992 4891 1094 4946 ego
1131 4877 1248 4948 ipse
1280 4881 1409 4943 vidi,
1436 4895 1560 4934 cum
1589 4882 1709 4952 ipso
1743 4883 1913 4940 milite
1931 4902 2054 4940 vcr-

483 4971 658 5028 satus,
699 4963 792 5032 qui
827 4965 1028 5035 ubique
1052 4975 1105 5021 et
1163 4969 1303 5040 apud
1331 4985 1520 5027 omnes
1569 4973 1673 5026 hoc
1729 4974 2052 5031 beneficium

481 5067 514 5106 a
550 5055 887 5126 martyribus
925 5066 1207 5127 acceptum
1254 5061 1585 5132 divulgabat,
1616 5071 1670 5118 et
1698 5067 2052 5134 praedicabat,

481 5152 536 5199 et
579 5147 1011 5204 commilitonum
1039 5165 1263 5206 suorum
1298 5155 1688 5226 benignitatem
1719 5159 2052 5216 celebrabat.

556 5326 614 5380 Si
644 5343 774 5384 vero
801 5329 953 5400 quid,
991 5333 1135 5402 quod
1169 5349 1254 5387 me
1299 5337 1565 5404 peculiari
1602 5339 1762 5395 modo
1795 5342 2050 5414 attingat,

482 5433 754 5488 apponere
812 5430 1059 5489 oportet,
1120 5423 1263 5478 haud
1314 5427 1583 5481 omittam.
1615 5429 1844 5494 Quando
1903 5436 2050 5490 cnim

482 5507 718 5577 primum
749 5509 945 5567 festum
976 5513 1118 5569 diem
1144 5517 1214 5570 ob
1243 5517 1502 5588 reliquias
1532 5523 1707 5574 acturi
1737 5538 1976 5590 eramus,
1996 5537 2048 5583 et

481 5613 675 5654 urnam
711 5600 767 5656 in
798 5611 1045 5660 sanctam
1079 5608 1367 5664 ecclesiam
1399 5609 1638 5677 illaturi,
1688 5623 1861 5674 mater
1904 5634 2043 5689 mea,

2165 3061 2466 3129 καταλόγου
2499 3063 2847 3134 στρατιωτῶν
2871 3063 3168 3134 διάγοντος,
3217 3059 3298 3131 εἷς
3333 3083 3420 3131 τις
3458 3065 3570 3120 τῶν
3595 3066 3745 3122 ὁπλι-

2164 3149 2274 3204 τῶν
2294 3150 2386 3203 ἐπὶ
2421 3152 2521 3221 τὴν
2553 3151 2746 3222 κώμην
2764 3153 2865 3224 τὴν
2886 3155 3272 3226 προλεχθεῖσαν
3301 3157 3531 3227 ἀφίκετο
3553 3199 3570 3225 ,
3608 3160 3744 3231 πρὸς

2165 3239 2414 3313 φυλακὴν
2462 3240 2558 3295 τοῦ
2606 3242 2805 3314 χωρίου
2852 3244 3005 3315 παρὰ
3050 3243 3142 3298 τοῦ
3195 3245 3482 3317 ταξιάρχου
3527 3247 3705 3312 δοθείς
3724 3269 3738 3282 ο

2165 3333 2252 3387 ἵνα
2293 3333 2405 3388 τῶν
2457 3334 2872 3406 συστρατιωτῶν
2914 3336 3108 3402 ἐαυτοῦ
3141 3336 3241 3401 τάς
3295 3338 3472 3408 ὁρμὰς
3511 3339 3610 3392 καὶ
3647 3340 3741 3402 τὰς

2165 3424 2351 3497 ὕϐρεις
2380 3426 2646 3499 ἀνείργῃ,
2669 3425 2738 3492 ἀς
2771 3425 3027 3482 εἰώθασιν
3054 3428 3283 3500 ἐπάγειν
3312 3432 3425 3493 τοῖς
3461 3429 3741 3501 ἀγροίκοις

2166 3518 2271 3572 ὑπὸ
2297 3519 2532 3589 θράσους
2574 3522 2624 3574 οἱ
2669 3519 3062 3586 ὁπλιτεύοντες.
3117 3521 3319 3576 Ἐνόσει
3361 3522 3421 3577 δὲ
3455 3517 3613 3588 οὗτος
3653 3525 3742 3578 τὸν

2163 3611 2349 3682 ἕτερον
2377 3614 2492 3665 τοῖν
2536 3611 2738 3677 ποδοῖν,
2770 3615 2866 3667 καὶ
2887 3613 3118 3685 ἐχώλευε
3136 3632 3151 3647 ο
3185 3613 3360 3668 καὶτὸ
3388 3615 3560 3680 πάθος
3594 3617 3743 3687 αὐτῷ

2161 3701 2375 3773 χρόνιον
2403 3703 2500 3757 καὶ
2535 3699 2899 3777 δυσίατον-ἦν.
2947 3706 3100 3759 Ἐπεὶ
3143 3704 3199 3758 δὲ
3229 3706 3380 3771 ἐντὸς
3405 3707 3628 3776 ἐγένετο
3650 3708 3741 3760 τοῦ

2166 3795 2468 3867 μαρτυρίου
2490 3795 2585 3850 καὶ
2611 3797 2710 3868 τῆς
2733 3797 3093 3864 ἀναπαύσεως
3121 3797 3228 3854 τῶν
3257 3798 3452 3866 ἁγίων,
3492 3801 3586 3853 καὶ
3607 3800 3741 3870 Θεῷ

2165 3884 2629 3958 προσευξάμενος,
2669 3889 2769 3960 τὴν
2806 3889 2914 3944 τῶν
2946 3891 3116 3960 ἁγίων
3145 3893 3440 3967 πρεσϐείαν
3471 3894 3737 3949 ἐπεκαλέ-

2165 3993 2297 4032 σατο
2320 3995 2335 4009 ·
2373 3979 2591 4052 νύκτωρ
2619 3980 2767 4052 αὐτῷ
2810 3982 3058 4056 φαίνεταί
3088 4001 3172 4048 τις
3201 3985 3342 4057 ἀνὴρ
3371 3986 3738 4060 ἀξιοπρεπὴς,

2164 4070 2256 4124 καί
2305 4087 2428 4124 τινα
2458 4070 2593 4126 ἄλλα
2643 4071 2964 4144 διαλεχθεὶς,
3005 4075 3355 4140 «Χωλεύεις,
3399 4095 3422 4128 ο
3452 4076 3580 4149 ἔφη,
3620 4097 3640 4130 r
3695 4074 3738 4138 ὣ

2164 4162 2490 4233 στρατιῶτα,
2540 4164 2644 4218 καῖ.¹
2690 4165 2773 4218 δεῖ
2814 4183 2895 4220 σοι
2949 4165 3282 4239 θεραπείας;
3325 4168 3464 4224 ἀλλά
3510 4170 3601 4236 δός
3649 4189 3741 4242 μοι

2091 4287 2133 4342 D
2159 4253 2478 4325 ψηλαφῆσαι
2519 4256 2611 4310 τὺν
2664 4257 2820 4312 πόδα.
2855 4276 2874 4309 ι
2922 4258 3233 4329 Λαϐόμενος
3271 4259 3328 4314 δὲ
3357 4261 3491 4334 ὄναρ
3534 4263 3737 4329 αὐτοῦ,

2163 4344 2404 4416 σφοδρῶς
2428 4345 2934 4419 ἐφειλκύσατο.Τῆς
2955 4348 3011 4402 δὲ
3035 4351 3352 4422 νυκτερινῆς
3371 4351 3550 4421 ὅψεως
3582 4355 3740 4408 τοῦτο

2158 4436 2419 4510 ποιούσης
2449 4478 2465 4503 ,
2493 4438 2641 4511 ὕπαρ
2683 4439 2999 4512 τηλικοῦτος
3049 4440 3269 4510 ἐγένετο
3307 4441 3498 4513 ψόφος,
3531 4440 3648 4511 οἷος
3674 4448 3740 4500 ἂν

2157 4529 2585 4598 γένοιτο,όστέου
2608 4532 2707 4602 τῆς
2731 4533 2966 4604 φυσικῆς
2987 4535 3252 4605 ἁρμονίας
3270 4534 3739 4608 ἐξολισθήσαντος,

2158 4615 2278 4674 εἶτα
2318 4621 2506 4691 βιαίως
2536 4623 2983 4694 ἐναρμοσθέντος·
3009 4625 3149 4680 ὥστε
3179 4627 3356 4694 ἀφυπι
3374 4615 3481 4682 ἶσαι
3501 4629 3738 4693 καὶτοὺς

2162 4712 2627 4782 συγκαθεύδοντας
2665 4716 2760 4768 καὶ
2810 4715 2972 4771 αὐτὸν
3000 4716 3090 4771 τὸν
3135 4717 3470 4790 στρατιώτην
3490 4759 3506 4784 ,
3531 4720 3738 4794 διεγερ-

2158 4801 2316 4874 θῆναι
2364 4804 2421 4857 δὲ
2462 4805 2555 4858 τὸν
2606 4805 2891 4877 ἄνθρωπον
2943 4807 3248 4875 εύθὺς,καὶ
3301 4808 3537 4879 βαδίζειν
3568 4812 3737 4880 ὑγιῶς

2157 4894 2298 4948 κατὰ
2326 4895 2508 4964 φύσιν,
2533 4896 2607 4960 ώς
2630 4900 2649 4920 ‘
2677 4897 2885 4953 εἴωθεν.
2908 4899 3124 4972 Ταύτην
3164 4902 3259 4973 τὴν
3292 4901 3738 4976 θαυματουργίαν

2156 4980 2297 5040 εἶδον
2325 4986 2465 5056 ἐγὼ,
2487 4988 2638 5060 αὐτῷ
2685 4989 2764 5062 τῷ
2810 4990 3081 5064 ἀνθρώπῳ
3113 4993 3421 5066 περιτυχὼν
3474 4996 3738 5066 ἐξαγγέλ-

2155 5076 2299 5132 λοντι
2349 5079 2486 5150 πρὸς
2530 5081 2758 5146 πάντας,
2807 5083 2902 5136 καὶ
2955 5083 3276 5156 κηρύττοντι
3307 5087 3406 5158 τὴν
3436 5089 3738 5162 μαρτύρων

2153 5171 2493 5243 εὐεργεσίαν,
2515 5174 2611 5228 καὶ
2653 5175 2754 5245 τὴν
2783 5175 2892 5230 τῶν
2923 5179 3273 5249 στρατιωτῶν
3317 5180 3737 5254 φιλανθρωπίαν

2151 5263 2250 5316 ἀνυ
2259 5262 2499 5333 μνοῦντι.

2222 5355 2286 5408 Εἰ
2325 5356 2380 5409 δέ
2424 5374 2478 5409 τι
2510 5357 2615 5430 χρὴ
2665 5360 2979 5430 προσθεῖναι
3034 5362 3129 5416 καὶ
3161 5362 3269 5418 τῶν
3310 5366 3430 5418 κατ’
3455 5365 3740 5439 ἐξαίρετόν

2160 5462 2250 5514 μοι
2278 5447 2679 5516 προσηκόντων,
2705 5448 2840 5518 ἐρῶ.
2883 5449 3073 5505 Ἡνίκα
3109 5453 3217 5524 γὰρ
3245 5453 3341 5526 τὴν
3373 5457 3466 5509 ἐπὶ
3486 5461 3601 5522 τοῖς
3628 5459 3737 5513 λει-

2155 5537 2343 5604 ψάνοις
2377 5541 2684 5614 πανήγυριν
2709 5542 2806 5612 τὴν
2829 5543 3050 5615 πρώτην
3086 5545 3256 5600 τελεῖν
3282 5548 3605 5620 ἐμέλλομεν,
3636 5553 3737 5606 κάν

2155 5629 2234 5702 τῷ
2262 5630 2400 5705 ἁγίῳ
2443 5634 2594 5708 σηκῷ
2637 5635 2934 5692 ἀναπαύειν
2969 5637 3067 5709 τὴν
3115 5640 3380 5710 λάρνακα,
3409 5645 3442 5715 ἡ
3479 5646 3665 5718 μήτηρ
3701 5646 3734 5717 ἠ
