  <div class='ocr_page' id='page_1' title='image "/cluster/home/n/w/nwhite01/storage/ocr_20150623/46/hvd.32044014713994/398.png"; bbox 0 0 3850 6430; ppageno 0'>
   <div class='ocr_carea' id='block_1_1' title="bbox 125 354 235 410">
    <p class='ocr_par' dir='ltr' id='par_1_1' title="bbox 125 354 235 410">
     <span class='ocr_line' id='line_1_1' title="bbox 125 354 235 410; baseline -0.009 0"><span class='ocrx_word' id='word_1_1' title='bbox 125 354 235 410; x_wconf 83' lang='lat'><strong>785</strong></span> 
     </span>
    </p>
   </div>
   <div class='ocr_carea' id='block_1_2' title="bbox 125 554 1714 642">
    <p class='ocr_par' dir='ltr' id='par_1_2' title="bbox 125 554 1714 642">
     <span class='ocr_line' id='line_1_2' title="bbox 125 554 1714 642; baseline 0.015 -35"><span class='ocrx_word' id='word_1_2' title='bbox 125 554 342 621; x_wconf 87' lang='grc' dir='ltr'>σμοῦσα</span> <span class='ocrx_word' id='word_1_3' title='bbox 359 556 460 626; x_wconf 80' lang='grc' dir='ltr'>τὴν</span> <span class='ocrx_word' id='word_1_4' title='bbox 483 557 698 628; x_wconf 66' lang='grc' dir='ltr'>ἑορτήν·</span> <span class='ocrx_word' id='word_1_5' title='bbox 719 561 775 630; x_wconf 75' lang='grc' dir='ltr'><strong>ἡ·</strong></span> <span class='ocrx_word' id='word_1_6' title='bbox 795 560 853 612; x_wconf 86' lang='grc' dir='ltr'>δὲ</span> <span class='ocrx_word' id='word_1_7' title='bbox 881 562 1036 632; x_wconf 73' lang='grc' dir='ltr'>ήκειν</span> <span class='ocrx_word' id='word_1_8' title='bbox 1055 581 1122 634; x_wconf 88' lang='grc' dir='ltr'><strong>με</strong></span> <span class='ocrx_word' id='word_1_9' title='bbox 1144 567 1282 637; x_wconf 75' lang='grc' dir='ltr'>πρὸς</span> <span class='ocrx_word' id='word_1_10' title='bbox 1303 568 1400 641; x_wconf 80' lang='grc' dir='ltr'><strong>τὴν</strong></span> <span class='ocrx_word' id='word_1_11' title='bbox 1426 575 1714 642; x_wconf 70' lang='grc' dir='ltr'>μετουσίαν</span> 
     </span>
    </p>
   </div>
   <div class='ocr_carea' id='block_1_3' title="bbox 122 647 1716 731">
    <p class='ocr_par' dir='ltr' id='par_1_3' title="bbox 122 647 1716 731">
     <span class='ocr_line' id='line_1_3' title="bbox 122 647 1716 731; baseline 0.014 -32"><span class='ocrx_word' id='word_1_12' title='bbox 122 647 233 700; x_wconf 86' lang='grc' dir='ltr'><strong>τῶν</strong></span> <span class='ocrx_word' id='word_1_13' title='bbox 265 647 564 718; x_wconf 80' lang='grc' dir='ltr'>δρωμένων</span> <span class='ocrx_word' id='word_1_14' title='bbox 588 651 863 717; x_wconf 72' lang='grc' dir='ltr'>ἐκέλευσε,</span> <span class='ocrx_word' id='word_1_15' title='bbox 889 655 1082 726; x_wconf 76' lang='grc' dir='ltr'>τιόρρω</span> <span class='ocrx_word' id='word_1_16' title='bbox 1108 675 1167 711; x_wconf 85' lang='grc' dir='ltr'><strong>τε</strong></span> <span class='ocrx_word' id='word_1_17' title='bbox 1205 659 1480 731; x_wconf 82' lang='grc' dir='ltr'>διάγοντα,</span> <span class='ocrx_word' id='word_1_18' title='bbox 1512 668 1606 720; x_wconf 72' lang='grc' dir='ltr'>καὶ</span> <span class='ocrx_word' id='word_1_19' title='bbox 1637 668 1716 722; x_wconf 79' lang='grc' dir='ltr'>ἔτι</span> 
     </span>
    </p>
   </div>
   <div class='ocr_carea' id='block_1_4' title="bbox 123 737 1717 828">
    <p class='ocr_par' dir='ltr' id='par_1_4' title="bbox 123 737 1717 828">
     <span class='ocr_line' id='line_1_4' title="bbox 123 737 1717 828; baseline 0.014 -38"><span class='ocrx_word' id='word_1_20' title='bbox 123 737 246 790; x_wconf 81' lang='grc' dir='ltr'>νέον</span> <span class='ocrx_word' id='word_1_21' title='bbox 267 737 418 802; x_wconf 74' lang='grc' dir='ltr'>ὄντα,</span> <span class='ocrx_word' id='word_1_22' title='bbox 433 741 537 794; x_wconf 82' lang='grc' dir='ltr'>κάν</span> <span class='ocrx_word' id='word_1_23' title='bbox 549 743 664 805; x_wconf 82' lang='grc' dir='ltr'>τοῖς</span> <span class='ocrx_word' id='word_1_24' title='bbox 688 741 896 809; x_wconf 81' lang='grc' dir='ltr'>λαῖκοϊς</span> <span class='ocrx_word' id='word_1_25' title='bbox 920 746 1348 820; x_wconf 82' lang='grc' dir='ltr'>ἀριθμούμενον.</span> <span class='ocrx_word' id='word_1_26' title='bbox 1371 748 1471 808; x_wconf 80' lang='grc' dir='ltr'><strong>Οἴα</strong></span> <span class='ocrx_word' id='word_1_27' title='bbox 1492 756 1549 809; x_wconf 84' lang='grc' dir='ltr'>δὲ</span> <span class='ocrx_word' id='word_1_28' title='bbox 1572 759 1717 828; x_wconf 82' lang='grc' dir='ltr'>φιλεῖ</span> 
     </span>
    </p>
   </div>
   <div class='ocr_carea' id='block_1_5' title="bbox 123 829 1713 920">
    <p class='ocr_par' dir='ltr' id='par_1_5' title="bbox 123 829 1713 920">
     <span class='ocr_line' id='line_1_5' title="bbox 123 829 1713 920; baseline 0.014 -39"><span class='ocrx_word' id='word_1_29' title='bbox 123 829 374 920; x_wconf 74' lang='grc' dir='ltr'>γίνεσθαι</span> <span class='ocrx_word' id='word_1_30' title='bbox 407 833 502 886; x_wconf 74' lang='grc' dir='ltr'>ἐπὶ</span> <span class='ocrx_word' id='word_1_31' title='bbox 529 835 822 906; x_wconf 78' lang='grc' dir='ltr'><strong>πράγμασι</strong></span> <span class='ocrx_word' id='word_1_32' title='bbox 872 841 1324 910; x_wconf 73' lang='grc' dir='ltr'><strong>κατεπείγουσιν,</strong></span> <span class='ocrx_word' id='word_1_33' title='bbox 1356 848 1582 920; x_wconf 76' lang='grc' dir='ltr'>ἄσχολος</span> <span class='ocrx_word' id='word_1_34' title='bbox 1615 851 1713 915; x_wconf 87' lang='grc' dir='ltr'>ὣν,</span> 
     </span>
    </p>
   </div>
   <div class='ocr_carea' id='block_1_6' title="bbox 126 919 1714 1012">
    <p class='ocr_par' dir='ltr' id='par_1_6' title="bbox 126 919 1714 1012">
     <span class='ocr_line' id='line_1_6' title="bbox 126 919 1714 1012; baseline 0.015 -40"><span class='ocrx_word' id='word_1_35' title='bbox 126 919 431 992; x_wconf 77' lang='grc' dir='ltr'>βαρύτερον</span> <span class='ocrx_word' id='word_1_36' title='bbox 457 924 488 977; x_wconf 78' lang='grc' dir='ltr'>ὁ</span> <span class='ocrx_word' id='word_1_37' title='bbox 513 924 740 995; x_wconf 81' lang='grc' dir='ltr'>ἀνόητος</span> <span class='ocrx_word' id='word_1_38' title='bbox 767 926 1036 1001; x_wconf 76' lang='grc' dir='ltr'><strong>ἐδεξάμην</strong></span> <span class='ocrx_word' id='word_1_39' title='bbox 1065 931 1164 1004; x_wconf 76' lang='grc' dir='ltr'>τὴν</span> <span class='ocrx_word' id='word_1_40' title='bbox 1199 934 1410 1006; x_wconf 82' lang='grc' dir='ltr'><strong>κλῆσιν,</strong></span> <span class='ocrx_word' id='word_1_41' title='bbox 1460 941 1714 1012; x_wconf 83' lang='grc' dir='ltr'>ὑπομεμ-</span> 
     </span>
    </p>
   </div>
   <div class='ocr_carea' id='block_1_7' title="bbox 119 1013 1716 1104">
    <p class='ocr_par' dir='ltr' id='par_1_7' title="bbox 119 1013 1716 1104">
     <span class='ocr_line' id='line_1_7' title="bbox 119 1013 1716 1104; baseline 0.013 -37"><span class='ocrx_word' id='word_1_42' title='bbox 119 1013 372 1084; x_wconf 80' lang='grc' dir='ltr'>ψάμενος</span> <span class='ocrx_word' id='word_1_43' title='bbox 399 1017 466 1087; x_wconf 72' lang='grc' dir='ltr'>τῇ</span> <span class='ocrx_word' id='word_1_44' title='bbox 495 1017 686 1088; x_wconf 78' lang='grc' dir='ltr'>μητρὶ.</span> <span class='ocrx_word' id='word_1_45' title='bbox 707 1019 788 1073; x_wconf 71' lang='grc' dir='ltr'><strong>ὁτι</strong></span> <span class='ocrx_word' id='word_1_46' title='bbox 821 1021 895 1092; x_wconf 85' lang='grc' dir='ltr'>μὴ</span> <span class='ocrx_word' id='word_1_47' title='bbox 923 1024 1006 1086; x_wconf 84' lang='grc' dir='ltr'><strong>είς</strong></span> <span class='ocrx_word' id='word_1_48' title='bbox 1030 1023 1189 1078; x_wconf 78' lang='grc' dir='ltr'>ἄλλον</span> <span class='ocrx_word' id='word_1_49' title='bbox 1210 1030 1404 1100; x_wconf 80' lang='grc' dir='ltr'>καιρὸν</span> <span class='ocrx_word' id='word_1_50' title='bbox 1422 1032 1716 1104; x_wconf 72' lang='grc' dir='ltr'>ὑπερέθετο</span> 
     </span>
    </p>
   </div>
   <div class='ocr_carea' id='block_1_8' title="bbox 121 1105 1718 1196">
    <p class='ocr_par' dir='ltr' id='par_1_8' title="bbox 121 1105 1718 1196">
     <span class='ocr_line' id='line_1_8' title="bbox 121 1105 1718 1196; baseline 0.014 -39"><span class='ocrx_word' id='word_1_51' title='bbox 121 1105 226 1176; x_wconf 67' lang='grc' dir='ltr'>τὴν</span> <span class='ocrx_word' id='word_1_52' title='bbox 259 1106 602 1177; x_wconf 77' lang='grc' dir='ltr'>πανήγυριν,</span> <span class='ocrx_word' id='word_1_53' title='bbox 635 1108 772 1164; x_wconf 76' lang='grc' dir='ltr'>ἀλλά</span> <span class='ocrx_word' id='word_1_54' title='bbox 802 1128 870 1182; x_wconf 83' lang='grc' dir='ltr'><strong>με</strong></span> <span class='ocrx_word' id='word_1_55' title='bbox 909 1114 1119 1168; x_wconf 81' lang='grc' dir='ltr'>πολλῶν</span> <span class='ocrx_word' id='word_1_56' title='bbox 1147 1119 1524 1191; x_wconf 80' lang='grc' dir='ltr'>ἀποκινήσασα</span> <span class='ocrx_word' id='word_1_57' title='bbox 1556 1142 1718 1196; x_wconf 80' lang='grc' dir='ltr'>φρον-</span> 
     </span>
    </p>
   </div>
   <div class='ocr_carea' id='block_1_9' title="bbox 118 1197 1714 1283">
    <p class='ocr_par' dir='ltr' id='par_1_9' title="bbox 118 1197 1714 1283">
     <span class='ocr_line' id='line_1_9' title="bbox 118 1197 1714 1283; baseline 0.015 -35"><span class='ocrx_word' id='word_1_58' title='bbox 118 1197 306 1262; x_wconf 71' lang='grc' dir='ltr'>τίδων,</span> <span class='ocrx_word' id='word_1_59' title='bbox 337 1198 660 1267; x_wconf 76' lang='grc' dir='ltr'>μεθείλκυσε</span> <span class='ocrx_word' id='word_1_60' title='bbox 690 1202 889 1276; x_wconf 80' lang='grc' dir='ltr'>ταύτῃ,</span> <span class='ocrx_word' id='word_1_61' title='bbox 926 1206 1022 1259; x_wconf 68' lang='grc' dir='ltr'>καὶ</span> <span class='ocrx_word' id='word_1_62' title='bbox 1058 1209 1167 1280; x_wconf 82' lang='grc' dir='ltr'>πρὸ</span> <span class='ocrx_word' id='word_1_63' title='bbox 1194 1213 1322 1280; x_wconf 77' lang='grc' dir='ltr'>μιᾶς</span> <span class='ocrx_word' id='word_1_64' title='bbox 1342 1213 1444 1283; x_wconf 85' lang='grc' dir='ltr'>τῆς</span> <span class='ocrx_word' id='word_1_65' title='bbox 1476 1217 1714 1272; x_wconf 79' lang='grc' dir='ltr'><strong>συνόδου.</strong></span> 
     </span>
    </p>
   </div>
   <div class='ocr_carea' id='block_1_10' title="bbox 135 1289 1717 1380">
    <p class='ocr_par' dir='ltr' id='par_1_10' title="bbox 135 1289 1717 1380">
     <span class='ocr_line' id='line_1_10' title="bbox 135 1289 1717 1380; baseline 0.015 -39"><span class='ocrx_word' id='word_1_66' title='bbox 135 1289 446 1361; x_wconf 78' lang='grc' dir='ltr'>’Δφικόμην</span> <span class='ocrx_word' id='word_1_67' title='bbox 492 1293 573 1356; x_wconf 84' lang='grc' dir='ltr'><strong>είς</strong></span> <span class='ocrx_word' id='word_1_68' title='bbox 615 1293 676 1347; x_wconf 85' lang='grc' dir='ltr'>τὸ</span> <span class='ocrx_word' id='word_1_69' title='bbox 723 1297 928 1367; x_wconf 78' lang='grc' dir='ltr'><strong>χωρίον</strong></span> <span class='ocrx_word' id='word_1_70' title='bbox 953 1316 966 1329; x_wconf 90' lang='grc'><strong>·</strong></span> <span class='ocrx_word' id='word_1_71' title='bbox 1006 1304 1332 1372; x_wconf 77' lang='grc' dir='ltr'><strong>παννυχίδος</strong></span> <span class='ocrx_word' id='word_1_72' title='bbox 1361 1305 1418 1359; x_wconf 77' lang='grc' dir='ltr'>δὲ</span> <span class='ocrx_word' id='word_1_73' title='bbox 1444 1306 1611 1380; x_wconf 80' lang='grc' dir='ltr'>οὒσης</span> <span class='ocrx_word' id='word_1_74' title='bbox 1658 1312 1717 1363; x_wconf 82' lang='grc' dir='ltr'><strong>ἐν</strong></span> 
     </span>
    </p>
   </div>
   <div class='ocr_carea' id='block_1_11' title="bbox 121 1381 1716 1471">
    <p class='ocr_par' dir='ltr' id='par_1_11' title="bbox 121 1381 1716 1471">
     <span class='ocr_line' id='line_1_11' title="bbox 121 1381 1716 1471; baseline 0.014 -39"><span class='ocrx_word' id='word_1_75' title='bbox 121 1381 293 1451; x_wconf 71' lang='grc' dir='ltr'>κήπῳ</span> <span class='ocrx_word' id='word_1_76' title='bbox 315 1421 331 1445; x_wconf 92' lang='grc'><strong>,</strong></span> <span class='ocrx_word' id='word_1_77' title='bbox 367 1381 498 1436; x_wconf 71' lang='grc' dir='ltr'>ἔνθα·</span> <span class='ocrx_word' id='word_1_78' title='bbox 553 1386 650 1438; x_wconf 78' lang='grc' dir='ltr'>καὶ</span> <span class='ocrx_word' id='word_1_79' title='bbox 710 1386 781 1440; x_wconf 81' lang='grc' dir='ltr'><strong>τά</strong></span> <span class='ocrx_word' id='word_1_80' title='bbox 830 1387 1059 1458; x_wconf 76' lang='grc' dir='ltr'>λείψανα</span> <span class='ocrx_word' id='word_1_81' title='bbox 1095 1393 1204 1446; x_wconf 90' lang='grc' dir='ltr'><strong>τῶν</strong></span> <span class='ocrx_word' id='word_1_82' title='bbox 1239 1395 1410 1463; x_wconf 78' lang='grc' dir='ltr'>ἁγίων</span> <span class='ocrx_word' id='word_1_83' title='bbox 1448 1399 1716 1471; x_wconf 84' lang='grc' dir='ltr'>ἐτύγχανε</span> 
     </span>
    </p>
   </div>
   <div class='ocr_carea' id='block_1_12' title="bbox 117 1471 1714 1555">
    <p class='ocr_par' dir='ltr' id='par_1_12' title="bbox 117 1471 1714 1555">
     <span class='ocr_line' id='line_1_12' title="bbox 117 1471 1714 1555; baseline 0.016 -33"><span class='ocrx_word' id='word_1_84' title='bbox 117 1471 470 1543; x_wconf 76' lang='grc' dir='ltr'>ψαλμῳδίαις</span> <span class='ocrx_word' id='word_1_85' title='bbox 502 1477 810 1547; x_wconf 80' lang='grc' dir='ltr'><strong>τιμώμενα,</strong></span> <span class='ocrx_word' id='word_1_86' title='bbox 844 1480 974 1550; x_wconf 76' lang='grc' dir='ltr'>ἐμοὶ·</span> <span class='ocrx_word' id='word_1_87' title='bbox 1029 1483 1254 1555; x_wconf 83' lang='grc' dir='ltr'>πλησίον</span> <span class='ocrx_word' id='word_1_88' title='bbox 1298 1488 1394 1540; x_wconf 84' lang='grc' dir='ltr'><strong>ἐπί</strong></span> <span class='ocrx_word' id='word_1_89' title='bbox 1421 1507 1569 1554; x_wconf 90' lang='grc' dir='ltr'>τινος</span> <span class='ocrx_word' id='word_1_90' title='bbox 1611 1493 1714 1546; x_wconf 77' lang='lat' dir='ltr'><strong>6w-</strong></span> 
     </span>
    </p>
   </div>
   <div class='ocr_carea' id='block_1_13' title="bbox 123 1561 1714 1650">
    <p class='ocr_par' dir='ltr' id='par_1_13' title="bbox 123 1561 1714 1650">
     <span class='ocr_line' id='line_1_13' title="bbox 123 1561 1714 1650; baseline 0.009 -36"><span class='ocrx_word' id='word_1_91' title='bbox 123 1561 322 1630; x_wconf 78' lang='grc' dir='ltr'>ματίου</span> <span class='ocrx_word' id='word_1_92' title='bbox 381 1563 695 1620; x_wconf 69' lang='grc' dir='ltr'><strong>καθεύδοντι</strong></span> <span class='ocrx_word' id='word_1_93' title='bbox 763 1569 1015 1636; x_wconf 78' lang='grc' dir='ltr'>φαίνεται</span> <span class='ocrx_word' id='word_1_94' title='bbox 1070 1571 1205 1643; x_wconf 76' lang='grc' dir='ltr'>δναρ</span> <span class='ocrx_word' id='word_1_95' title='bbox 1272 1575 1396 1644; x_wconf 72' lang='grc' dir='ltr'>ὄψις</span> <span class='ocrx_word' id='word_1_96' title='bbox 1443 1577 1666 1650; x_wconf 85' lang='grc' dir='ltr'>τοιαύτη</span> <span class='ocrx_word' id='word_1_97' title='bbox 1698 1594 1714 1610; x_wconf 77' lang='grc' dir='ltr'><strong>ο</strong></span> 
     </span>
    </p>
   </div>
   <div class='ocr_carea' id='block_1_14' title="bbox 120 1652 1716 1742">
    <p class='ocr_par' dir='ltr' id='par_1_14' title="bbox 120 1652 1716 1742">
     <span class='ocr_line' id='line_1_14' title="bbox 120 1652 1716 1742; baseline 0.01 -37"><span class='ocrx_word' id='word_1_98' title='bbox 120 1652 384 1709; x_wconf 74' lang='grc' dir='ltr'>Ἑδόκουν</span> <span class='ocrx_word' id='word_1_99' title='bbox 403 1654 927 1726; x_wconf 81' lang='grc' dir='ltr'>βούλεσθᾱιείσιέναι</span> <span class='ocrx_word' id='word_1_100' title='bbox 957 1663 1015 1715; x_wconf 87' lang='grc' dir='ltr'><strong>ἐν</strong></span> <span class='ocrx_word' id='word_1_101' title='bbox 1039 1662 1116 1734; x_wconf 82' lang='grc' dir='ltr'>τῷ</span> <span class='ocrx_word' id='word_1_102' title='bbox 1146 1665 1328 1736; x_wconf 82' lang='grc' dir='ltr'>κήπῳ,</span> <span class='ocrx_word' id='word_1_103' title='bbox 1354 1666 1480 1722; x_wconf 80' lang='grc' dir='ltr'>ἔνθα</span> <span class='ocrx_word' id='word_1_104' title='bbox 1511 1667 1657 1742; x_wconf 82' lang='grc' dir='ltr'>ὕπαρ</span> <span class='ocrx_word' id='word_1_105' title='bbox 1683 1671 1716 1741; x_wconf 86' lang='grc' dir='ltr'>ἡ</span> 
     </span>
    </p>
   </div>
   <div class='ocr_carea' id='block_1_15' title="bbox 120 1748 1713 1832">
    <p class='ocr_par' dir='ltr' id='par_1_15' title="bbox 120 1748 1713 1832">
     <span class='ocr_line' id='line_1_15' title="bbox 120 1748 1713 1832; baseline 0.012 -35"><span class='ocrx_word' id='word_1_106' title='bbox 120 1748 392 1817; x_wconf 69' lang='grc' dir='ltr'>παννυχὶς</span> <span class='ocrx_word' id='word_1_107' title='bbox 423 1749 674 1806; x_wconf 73' lang='grc' dir='ltr'><strong>ἐτελεῖτο.</strong></span> <span class='ocrx_word' id='word_1_108' title='bbox 697 1752 979 1825; x_wconf 82' lang='grc' dir='ltr'>Γενομένῳ</span> <span class='ocrx_word' id='word_1_109' title='bbox 1011 1756 1069 1809; x_wconf 78' lang='grc' dir='ltr'><strong>δέ</strong></span> <span class='ocrx_word' id='word_1_110' title='bbox 1115 1775 1206 1827; x_wconf 87' lang='grc' dir='ltr'><strong>μοι</strong></span> <span class='ocrx_word' id='word_1_111' title='bbox 1236 1760 1364 1832; x_wconf 72' lang='grc' dir='ltr'>περὶ</span> <span class='ocrx_word' id='word_1_112' title='bbox 1384 1760 1485 1831; x_wconf 82' lang='grc' dir='ltr'><strong>τήν</strong></span> <span class='ocrx_word' id='word_1_113' title='bbox 1524 1761 1713 1832; x_wconf 83' lang='grc' dir='ltr'>θύραν,</span> 
     </span>
    </p>
   </div>
   <div class='ocr_carea' id='block_1_16' title="bbox 118 1837 1789 1923">
    <p class='ocr_par' dir='ltr' id='par_1_16' title="bbox 118 1837 1789 1923">
     <span class='ocr_line' id='line_1_16' title="bbox 118 1837 1789 1923; baseline 0.011 -35"><span class='ocrx_word' id='word_1_114' title='bbox 118 1837 332 1908; x_wconf 83' lang='grc' dir='ltr'>πλῆθος</span> <span class='ocrx_word' id='word_1_115' title='bbox 351 1838 510 1910; x_wconf 77' lang='grc' dir='ltr'>ὤφθη</span> <span class='ocrx_word' id='word_1_116' title='bbox 531 1843 879 1911; x_wconf 78' lang='grc' dir='ltr'>στρατιωτῶν</span> <span class='ocrx_word' id='word_1_117' title='bbox 913 1847 1198 1919; x_wconf 82' lang='grc' dir='ltr'>προσκαθή</span> <span class='ocrx_word' id='word_1_118' title='bbox 1208 1866 1369 1919; x_wconf 91' lang='grc' dir='ltr'>μενον</span> <span class='ocrx_word' id='word_1_119' title='bbox 1395 1853 1462 1923; x_wconf 85' lang='grc' dir='ltr'>τῇ</span> <span class='ocrx_word' id='word_1_120' title='bbox 1487 1852 1680 1922; x_wconf 78' lang='grc' dir='ltr'><strong>εἰσόδῳ</strong></span> <span class='ocrx_word' id='word_1_121' title='bbox 1697 1870 1710 1885; x_wconf 89' lang='grc'><strong>·</strong></span> <span class='ocrx_word' id='word_1_122' title='bbox 1746 1841 1789 1896; x_wconf 77' lang='grc' dir='ltr'>Β</span> 
     </span>
    </p>
   </div>
   <div class='ocr_carea' id='block_1_17' title="bbox 115 1929 1717 2012">
    <p class='ocr_par' dir='ltr' id='par_1_17' title="bbox 115 1929 1717 2012">
     <span class='ocr_line' id='line_1_17' title="bbox 115 1929 1717 2012; baseline 0.011 -30"><span class='ocrx_word' id='word_1_123' title='bbox 115 1929 326 2000; x_wconf 82' lang='grc' dir='ltr'>ἀθρόον</span> <span class='ocrx_word' id='word_1_124' title='bbox 345 1930 402 1984; x_wconf 82' lang='grc' dir='ltr'>δὲ</span> <span class='ocrx_word' id='word_1_125' title='bbox 435 1933 483 1984; x_wconf 75' lang='lat' dir='ltr'><strong>oi</strong></span> <span class='ocrx_word' id='word_1_126' title='bbox 512 1933 714 1997; x_wconf 84' lang='grc' dir='ltr'>πάντες</span> <span class='ocrx_word' id='word_1_127' title='bbox 737 1934 1145 2006; x_wconf 81' lang='grc' dir='ltr'>διαναστάντες,</span> <span class='ocrx_word' id='word_1_128' title='bbox 1175 1941 1404 2012; x_wconf 76' lang='grc' dir='ltr'>ῥάϐδους</span> <span class='ocrx_word' id='word_1_129' title='bbox 1430 1945 1717 1999; x_wconf 82' lang='grc' dir='ltr'>ἐπανατει-</span> 
     </span>
    </p>
   </div>
   <div class='ocr_carea' id='block_1_18' title="bbox 115 2023 1715 2108">
    <p class='ocr_par' dir='ltr' id='par_1_18' title="bbox 115 2023 1715 2108">
     <span class='ocr_line' id='line_1_18' title="bbox 115 2023 1715 2108; baseline 0.011 -34"><span class='ocrx_word' id='word_1_130' title='bbox 115 2023 343 2092; x_wconf 83' lang='grc' dir='ltr'>νόμενοι</span> <span class='ocrx_word' id='word_1_131' title='bbox 363 2064 378 2087; x_wconf 90' lang='grc'><strong>,</strong></span> <span class='ocrx_word' id='word_1_132' title='bbox 409 2026 504 2078; x_wconf 73' lang='grc' dir='ltr'>καὶ</span> <span class='ocrx_word' id='word_1_133' title='bbox 535 2027 907 2099; x_wconf 78' lang='grc' dir='ltr'>ἀπειλητικῶς</span> <span class='ocrx_word' id='word_1_134' title='bbox 963 2033 1344 2106; x_wconf 80' lang='grc' dir='ltr'>ἐφορμῶντες,</span> <span class='ocrx_word' id='word_1_135' title='bbox 1379 2037 1443 2089; x_wconf 83' lang='grc' dir='ltr'>οὐ</span> <span class='ocrx_word' id='word_1_136' title='bbox 1477 2035 1715 2108; x_wconf 85' lang='grc' dir='ltr'>συνεχώ-</span> 
     </span>
    </p>
   </div>
   <div class='ocr_carea' id='block_1_19' title="bbox 120 2113 1715 2197">
    <p class='ocr_par' dir='ltr' id='par_1_19' title="bbox 120 2113 1715 2197">
     <span class='ocr_line' id='line_1_19' title="bbox 120 2113 1715 2197; baseline 0.011 -34"><span class='ocrx_word' id='word_1_137' title='bbox 120 2130 257 2182; x_wconf 86' lang='grc' dir='ltr'>ρουν</span> <span class='ocrx_word' id='word_1_138' title='bbox 288 2113 390 2182; x_wconf 76' lang='grc' dir='ltr'><strong>τήν</strong></span> <span class='ocrx_word' id='word_1_139' title='bbox 425 2115 630 2169; x_wconf 83' lang='grc' dir='ltr'>εῐσοδον</span> <span class='ocrx_word' id='word_1_140' title='bbox 655 2134 670 2148; x_wconf 76' lang='grc' dir='ltr'><strong><em>ο</em></strong></span> <span class='ocrx_word' id='word_1_141' title='bbox 695 2118 885 2173; x_wconf 68' lang='grc' dir='ltr'>ἔλαϐον</span> <span class='ocrx_word' id='word_1_142' title='bbox 911 2121 955 2174; x_wconf 83' lang='grc' dir='ltr'>δ’</span> <span class='ocrx_word' id='word_1_143' title='bbox 971 2121 1037 2176; x_wconf 82' lang='grc' dir='ltr'>ἂν</span> <span class='ocrx_word' id='word_1_144' title='bbox 1075 2125 1170 2177; x_wconf 73' lang='grc' dir='ltr'>καὶ</span> <span class='ocrx_word' id='word_1_145' title='bbox 1201 2124 1436 2195; x_wconf 81' lang='grc' dir='ltr'>πληγὰς,</span> <span class='ocrx_word' id='word_1_146' title='bbox 1464 2127 1513 2179; x_wconf 82' lang='grc' dir='ltr'><strong>εί</strong></span> <span class='ocrx_word' id='word_1_147' title='bbox 1543 2128 1619 2197; x_wconf 89' lang='grc' dir='ltr'><strong>μή</strong></span> <span class='ocrx_word' id='word_1_148' title='bbox 1649 2145 1715 2197; x_wconf 87' lang='grc' dir='ltr'><strong>με</strong></span> 
     </span>
    </p>
   </div>
   <div class='ocr_carea' id='block_1_20' title="bbox 118 2199 1717 2290">
    <p class='ocr_par' dir='ltr' id='par_1_20' title="bbox 118 2199 1717 2290">
     <span class='ocr_line' id='line_1_20' title="bbox 118 2199 1717 2290; baseline 0.01 -34"><span class='ocrx_word' id='word_1_149' title='bbox 118 2199 226 2268; x_wconf 72' lang='grc' dir='ltr'>εἷς,</span> <span class='ocrx_word' id='word_1_150' title='bbox 245 2205 320 2269; x_wconf 84' lang='grc' dir='ltr'>ὼς</span> <span class='ocrx_word' id='word_1_151' title='bbox 340 2205 576 2270; x_wconf 78' lang='grc' dir='ltr'>ἐδόκουν,</span> <span class='ocrx_word' id='word_1_152' title='bbox 600 2209 1008 2283; x_wconf 83' lang='grc' dir='ltr'>φιλανθρωπότε</span> <span class='ocrx_word' id='word_1_153' title='bbox 1017 2232 1108 2287; x_wconf 87' lang='grc' dir='ltr'><strong>ρος</strong></span> <span class='ocrx_word' id='word_1_154' title='bbox 1134 2215 1451 2289; x_wconf 75' lang='grc' dir='ltr'>ἐξῃτήσατο.</span> <span class='ocrx_word' id='word_1_155' title='bbox 1469 2220 1558 2284; x_wconf 81' lang='grc' dir='ltr'>Ὠς</span> <span class='ocrx_word' id='word_1_156' title='bbox 1574 2219 1631 2273; x_wconf 88' lang='grc' dir='ltr'><strong>δέ</strong></span> <span class='ocrx_word' id='word_1_157' title='bbox 1648 2237 1717 2290; x_wconf 88' lang='grc' dir='ltr'><strong>με</strong></span> 
     </span>
    </p>
   </div>
   <div class='ocr_carea' id='block_1_21' title="bbox 117 2297 1717 2383">
    <p class='ocr_par' dir='ltr' id='par_1_21' title="bbox 117 2297 1717 2383">
     <span class='ocr_line' id='line_1_21' title="bbox 117 2297 1717 2383; baseline 0.011 -34"><span class='ocrx_word' id='word_1_158' title='bbox 117 2298 150 2349; x_wconf 74' lang='grc' dir='ltr'><strong>ό</strong></span> <span class='ocrx_word' id='word_1_159' title='bbox 184 2297 355 2362; x_wconf 77' lang='grc' dir='ltr'>ὕπνος</span> <span class='ocrx_word' id='word_1_160' title='bbox 381 2299 584 2370; x_wconf 83' lang='grc' dir='ltr'>ἀφῆκε,</span> <span class='ocrx_word' id='word_1_161' title='bbox 612 2302 705 2355; x_wconf 73' lang='grc' dir='ltr'>καὶ</span> <span class='ocrx_word' id='word_1_162' title='bbox 756 2299 920 2374; x_wconf 74' lang='grc' dir='ltr'>ἦλθον</span> <span class='ocrx_word' id='word_1_163' title='bbox 965 2308 1045 2370; x_wconf 87' lang='grc' dir='ltr'><strong>είς</strong></span> <span class='ocrx_word' id='word_1_164' title='bbox 1083 2309 1453 2381; x_wconf 69' lang='grc' dir='ltr'>ἀναλογισμὸν</span> <span class='ocrx_word' id='word_1_165' title='bbox 1479 2312 1580 2383; x_wconf 86' lang='grc' dir='ltr'>τῆς</span> <span class='ocrx_word' id='word_1_166' title='bbox 1623 2312 1717 2364; x_wconf 76' lang='grc' dir='ltr'>ἐπὶ</span> 
     </span>
    </p>
   </div>
   <div class='ocr_carea' id='block_1_22' title="bbox 117 2390 1714 2474">
    <p class='ocr_par' dir='ltr' id='par_1_22' title="bbox 117 2390 1714 2474">
     <span class='ocr_line' id='line_1_22' title="bbox 117 2390 1714 2474; baseline 0.009 -32"><span class='ocrx_word' id='word_1_167' title='bbox 117 2393 191 2462; x_wconf 80' lang='grc' dir='ltr'><strong>τῇ</strong></span> <span class='ocrx_word' id='word_1_168' title='bbox 226 2390 417 2463; x_wconf 82' lang='grc' dir='ltr'>κλήσει</span> <span class='ocrx_word' id='word_1_169' title='bbox 471 2393 868 2466; x_wconf 81' lang='grc' dir='ltr'>πλημμελείας,</span> <span class='ocrx_word' id='word_1_170' title='bbox 899 2399 1150 2471; x_wconf 73' lang='grc' dir='ltr'>ᾐσθόμην</span> <span class='ocrx_word' id='word_1_171' title='bbox 1187 2401 1287 2474; x_wconf 85' lang='grc' dir='ltr'>μὲν</span> <span class='ocrx_word' id='word_1_172' title='bbox 1319 2405 1401 2467; x_wconf 88' lang='grc' dir='ltr'><strong>είς</strong></span> <span class='ocrx_word' id='word_1_173' title='bbox 1428 2403 1480 2457; x_wconf 87' lang='grc' dir='ltr'><strong>τί</strong></span> <span class='ocrx_word' id='word_1_174' title='bbox 1520 2403 1714 2473; x_wconf 78' lang='grc' dir='ltr'>ἔφερεν</span> 
     </span>
    </p>
   </div>
   <div class='ocr_carea' id='block_1_23' title="bbox 118 2483 1715 2559">
    <p class='ocr_par' dir='ltr' id='par_1_23' title="bbox 118 2483 1715 2559">
     <span class='ocr_line' id='line_1_23' title="bbox 118 2483 1715 2559; baseline 0.007 -22"><span class='ocrx_word' id='word_1_175' title='bbox 118 2485 156 2554; x_wconf 76' lang='grc' dir='ltr'><strong>ἠ</strong></span> <span class='ocrx_word' id='word_1_176' title='bbox 202 2483 313 2538; x_wconf 87' lang='grc' dir='ltr'><strong>τῶν</strong></span> <span class='ocrx_word' id='word_1_177' title='bbox 361 2487 708 2557; x_wconf 79' lang='grc' dir='ltr'>στρατιωτῶν</span> <span class='ocrx_word' id='word_1_178' title='bbox 761 2489 1022 2559; x_wconf 80' lang='grc' dir='ltr'>ἐπίφοϐος</span> <span class='ocrx_word' id='word_1_179' title='bbox 1072 2494 1308 2549; x_wconf 79' lang='grc' dir='ltr'>ὀπτασία</span> <span class='ocrx_word' id='word_1_180' title='bbox 1337 2513 1352 2527; x_wconf 80' lang='grc' dir='ltr'><strong><em>ο</em></strong></span> <span class='ocrx_word' id='word_1_181' title='bbox 1399 2494 1613 2558; x_wconf 82' lang='grc' dir='ltr'>πολλοῖς</span> <span class='ocrx_word' id='word_1_182' title='bbox 1657 2494 1715 2548; x_wconf 84' lang='grc' dir='ltr'>δὲ</span> 
     </span>
    </p>
   </div>
   <div class='ocr_carea' id='block_1_24' title="bbox 120 2575 1712 2659">
    <p class='ocr_par' dir='ltr' id='par_1_24' title="bbox 120 2575 1712 2659">
     <span class='ocr_line' id='line_1_24' title="bbox 120 2575 1712 2659; baseline -0.004 -15"><span class='ocrx_word' id='word_1_183' title='bbox 120 2575 346 2648; x_wconf 76' lang='grc' dir='ltr'>θρήνοις</span> <span class='ocrx_word' id='word_1_184' title='bbox 363 2577 652 2651; x_wconf 75' lang='grc' dir='ltr'>ὧδυρόμην</span> <span class='ocrx_word' id='word_1_185' title='bbox 673 2581 772 2652; x_wconf 80' lang='grc' dir='ltr'>τὴν</span> <span class='ocrx_word' id='word_1_186' title='bbox 788 2583 1030 2653; x_wconf 78' lang='grc' dir='ltr'>ἐμαυτοῦ</span> <span class='ocrx_word' id='word_1_187' title='bbox 1063 2587 1402 2659; x_wconf 85' lang='grc' dir='ltr'>ματαιότητα</span> <span class='ocrx_word' id='word_1_188' title='bbox 1426 2603 1440 2616; x_wconf 92' lang='grc'><strong>·</strong></span> <span class='ocrx_word' id='word_1_189' title='bbox 1460 2585 1554 2639; x_wconf 72' lang='grc' dir='ltr'>καὶ</span> <span class='ocrx_word' id='word_1_190' title='bbox 1578 2586 1712 2657; x_wconf 75' lang='grc' dir='ltr'>αὐτῇ</span> 
     </span>
    </p>
   </div>
   <div class='ocr_carea' id='block_1_25' title="bbox 119 2668 1712 2750">
    <p class='ocr_par' dir='ltr' id='par_1_25' title="bbox 119 2668 1712 2750">
     <span class='ocr_line' id='line_1_25' title="bbox 119 2668 1712 2750; baseline 0.014 -32"><span class='ocrx_word' id='word_1_191' title='bbox 119 2685 187 2736; x_wconf 90' lang='grc' dir='ltr'><strong>γε</strong></span> <span class='ocrx_word' id='word_1_192' title='bbox 204 2671 272 2740; x_wconf 80' lang='grc' dir='ltr'><strong>τῇ</strong></span> <span class='ocrx_word' id='word_1_193' title='bbox 305 2668 446 2743; x_wconf 78' lang='grc' dir='ltr'>θήκῃ</span> <span class='ocrx_word' id='word_1_194' title='bbox 473 2671 582 2726; x_wconf 88' lang='grc' dir='ltr'><strong>τῶν</strong></span> <span class='ocrx_word' id='word_1_195' title='bbox 605 2671 874 2743; x_wconf 71' lang='grc' dir='ltr'>λειψάνων</span> <span class='ocrx_word' id='word_1_196' title='bbox 899 2677 1097 2748; x_wconf 78' lang='grc' dir='ltr'>πικρὸν</span> <span class='ocrx_word' id='word_1_197' title='bbox 1119 2677 1430 2750; x_wconf 73' lang='grc' dir='ltr'>ἐπέρρευσα</span> <span class='ocrx_word' id='word_1_198' title='bbox 1458 2677 1712 2748; x_wconf 69' lang='grc' dir='ltr'>δάκρυον.</span> 
     </span>
    </p>
   </div>
   <div class='ocr_carea' id='block_1_26' title="bbox 123 2761 1710 2841">
    <p class='ocr_par' dir='ltr' id='par_1_26' title="bbox 123 2761 1710 2841">
     <span class='ocr_line' id='line_1_26' title="bbox 123 2761 1710 2841; baseline 0.005 -28"><span class='ocrx_word' id='word_1_199' title='bbox 123 2761 214 2814; x_wconf 81' lang='grc' dir='ltr'>ἵνα</span> <span class='ocrx_word' id='word_1_200' title='bbox 245 2779 336 2833; x_wconf 89' lang='grc' dir='ltr'><strong>μοι</strong></span> <span class='ocrx_word' id='word_1_201' title='bbox 367 2765 396 2818; x_wconf 87' lang='grc' dir='ltr'><strong>ό</strong></span> <span class='ocrx_word' id='word_1_202' title='bbox 424 2765 558 2829; x_wconf 88' lang='grc' dir='ltr'>Θεός</span> <span class='ocrx_word' id='word_1_203' title='bbox 587 2782 646 2819; x_wconf 89' lang='grc' dir='ltr'><strong>τε</strong></span> <span class='ocrx_word' id='word_1_204' title='bbox 670 2768 915 2838; x_wconf 84' lang='grc' dir='ltr'>εὐμενῶς</span> <span class='ocrx_word' id='word_1_205' title='bbox 939 2767 1170 2841; x_wconf 71' lang='grc' dir='ltr'>ἔχῃ,καὶ</span> <span class='ocrx_word' id='word_1_206' title='bbox 1200 2773 1249 2824; x_wconf 82' lang='grc' dir='ltr'>οἱ</span> <span class='ocrx_word' id='word_1_207' title='bbox 1271 2773 1415 2841; x_wconf 69' lang='grc' dir='ltr'>ἅγιοι</span> <span class='ocrx_word' id='word_1_208' title='bbox 1446 2767 1710 2840; x_wconf 78' lang='grc' dir='ltr'>στρατιῶο</span> 
     </span>
    </p>
   </div>
   <div class='ocr_carea' id='block_1_27' title="bbox 120 2857 1067 2932">
    <p class='ocr_par' dir='ltr' id='par_1_27' title="bbox 120 2857 1067 2932">
     <span class='ocr_line' id='line_1_27' title="bbox 120 2857 1067 2932; baseline 0.01 -25"><span class='ocrx_word' id='word_1_209' title='bbox 120 2872 215 2908; x_wconf 85' lang='grc' dir='ltr'><strong>ται</strong></span> <span class='ocrx_word' id='word_1_210' title='bbox 242 2857 342 2927; x_wconf 82' lang='grc' dir='ltr'>τὴν</span> <span class='ocrx_word' id='word_1_211' title='bbox 373 2858 682 2928; x_wconf 83' lang='grc' dir='ltr'>ἀμνηστίαν</span> <span class='ocrx_word' id='word_1_212' title='bbox 711 2860 1067 2932; x_wconf 87' lang='grc' dir='ltr'>χαρίσωνται.</span> 
     </span>
    </p>
   </div>
   <div class='ocr_carea' id='block_1_28' title="bbox 194 3045 1711 3134">
    <p class='ocr_par' dir='ltr' id='par_1_28' title="bbox 194 3045 1711 3134">
     <span class='ocr_line' id='line_1_28' title="bbox 194 3045 1711 3134; baseline 0.009 -31"><span class='ocrx_word' id='word_1_213' title='bbox 194 3049 386 3104; x_wconf 88' lang='grc' dir='ltr'>Ταῦτα</span> <span class='ocrx_word' id='word_1_214' title='bbox 411 3045 586 3118; x_wconf 77' lang='grc' dir='ltr'>εἷπον,</span> <span class='ocrx_word' id='word_1_215' title='bbox 621 3051 709 3106; x_wconf 82' lang='grc' dir='ltr'>ἵνα</span> <span class='ocrx_word' id='word_1_216' title='bbox 744 3055 1076 3124; x_wconf 85' lang='grc' dir='ltr'>πεισθῶμεν,</span> <span class='ocrx_word' id='word_1_217' title='bbox 1101 3057 1181 3109; x_wconf 80' lang='grc' dir='ltr'>ὅτι</span> <span class='ocrx_word' id='word_1_218' title='bbox 1216 3056 1382 3121; x_wconf 80' lang='grc' dir='ltr'>ζῶσιν</span> <span class='ocrx_word' id='word_1_219' title='bbox 1430 3062 1478 3112; x_wconf 89' lang='grc' dir='ltr'>οἱ</span> <span class='ocrx_word' id='word_1_220' title='bbox 1510 3061 1711 3134; x_wconf 83' lang='grc' dir='ltr'>μάρτυ-</span> 
     </span>
    </p>
   </div>
   <div class='ocr_carea' id='block_1_29' title="bbox 121 3142 1782 3244">
    <p class='ocr_par' dir='ltr' id='par_1_29' title="bbox 121 3142 1782 3244">
     <span class='ocr_line' id='line_1_29' title="bbox 121 3142 1782 3244; baseline -0.001 -38"><span class='ocrx_word' id='word_1_221' title='bbox 121 3159 242 3213; x_wconf 79' lang='grc' dir='ltr'>ρες,</span> <span class='ocrx_word' id='word_1_222' title='bbox 269 3142 366 3244; x_wconf 44' lang='grc' dir='ltr'>καὶ</span> <span class='ocrx_word' id='word_1_223' title='bbox 397 3142 505 3244; x_wconf 63' lang='grc' dir='ltr'>εἰσὶ</span> <span class='ocrx_word' id='word_1_224' title='bbox 539 3143 692 3244; x_wconf 37' lang='grc' dir='ltr'>’Θεοῦ</span> <span class='ocrx_word' id='word_1_225' title='bbox 727 3145 1046 3244; x_wconf 72' lang='grc' dir='ltr'>δορυφόροι,</span> <span class='ocrx_word' id='word_1_226' title='bbox 1095 3147 1190 3201; x_wconf 76' lang='grc' dir='ltr'>καὶ</span> <span class='ocrx_word' id='word_1_227' title='bbox 1220 3148 1498 3220; x_wconf 88' lang='grc' dir='ltr'>πάρεδροι,</span> <span class='ocrx_word' id='word_1_228' title='bbox 1528 3153 1575 3204; x_wconf 81' lang='grc' dir='ltr'>οἱ</span> <span class='ocrx_word' id='word_1_229' title='bbox 1617 3154 1713 3223; x_wconf 83' lang='grc' dir='ltr'>σή·</span> <span class='ocrx_word' id='word_1_230' title='bbox 1740 3187 1782 3244; x_wconf 76' lang='lat' dir='ltr'><strong><em>C</em></strong></span> 
     </span>
    </p>
   </div>
   <div class='ocr_carea' id='block_1_30' title="bbox 123 3233 1713 3315">
    <p class='ocr_par' dir='ltr' id='par_1_30' title="bbox 123 3233 1713 3315">
     <span class='ocr_line' id='line_1_30' title="bbox 123 3233 1713 3315; baseline -0.003 -25"><span class='ocrx_word' id='word_1_231' title='bbox 123 3251 294 3308; x_wconf 80' lang='grc' dir='ltr'>μερον</span> <span class='ocrx_word' id='word_1_232' title='bbox 317 3233 472 3304; x_wconf 78' lang='grc' dir='ltr'>ήμῶν</span> <span class='ocrx_word' id='word_1_233' title='bbox 500 3234 599 3306; x_wconf 83' lang='grc' dir='ltr'>τὴν</span> <span class='ocrx_word' id='word_1_234' title='bbox 631 3233 957 3309; x_wconf 83' lang='grc' dir='ltr'>Ἐκκλησίαν</span> <span class='ocrx_word' id='word_1_235' title='bbox 986 3237 1364 3310; x_wconf 80' lang='grc' dir='ltr'>ὠφελήσαντες</span> <span class='ocrx_word' id='word_1_236' title='bbox 1385 3242 1477 3295; x_wconf 75' lang='grc' dir='ltr'>καὶ</span> <span class='ocrx_word' id='word_1_237' title='bbox 1507 3245 1713 3315; x_wconf 77' lang='grc' dir='ltr'>κοσμή-</span> 
     </span>
    </p>
   </div>
   <div class='ocr_carea' id='block_1_31' title="bbox 121 3319 1714 3406">
    <p class='ocr_par' dir='ltr' id='par_1_31' title="bbox 121 3319 1714 3406">
     <span class='ocr_line' id='line_1_31' title="bbox 121 3319 1714 3406; baseline 0.005 -26"><span class='ocrx_word' id='word_1_238' title='bbox 121 3344 322 3390; x_wconf 84' lang='grc' dir='ltr'>σαντες</span> <span class='ocrx_word' id='word_1_239' title='bbox 351 3344 366 3358; x_wconf 76' lang='grc' dir='ltr'><strong>ο</strong></span> <span class='ocrx_word' id='word_1_240' title='bbox 417 3326 776 3400; x_wconf 87' lang='grc' dir='ltr'>λαμπροτέρα</span> <span class='ocrx_word' id='word_1_241' title='bbox 824 3329 880 3382; x_wconf 85' lang='grc' dir='ltr'>δὲ</span> <span class='ocrx_word' id='word_1_242' title='bbox 918 3331 1013 3384; x_wconf 75' lang='grc' dir='ltr'>καὶ</span> <span class='ocrx_word' id='word_1_243' title='bbox 1045 3319 1248 3400; x_wconf 76' lang='grc' dir='ltr'>μείζων</span> <span class='ocrx_word' id='word_1_244' title='bbox 1278 3332 1416 3405; x_wconf 84' lang='grc' dir='ltr'>αὓτη</span> <span class='ocrx_word' id='word_1_245' title='bbox 1455 3337 1486 3406; x_wconf 85' lang='grc' dir='ltr'>ἡ</span> <span class='ocrx_word' id='word_1_246' title='bbox 1521 3352 1714 3390; x_wconf 87' lang='grc' dir='ltr'>τεσσα-</span> 
     </span>
    </p>
   </div>
   <div class='ocr_carea' id='block_1_32' title="bbox 124 3417 1712 3495">
    <p class='ocr_par' dir='ltr' id='par_1_32' title="bbox 124 3417 1712 3495">
     <span class='ocr_line' id='line_1_32' title="bbox 124 3417 1712 3495; baseline 0.008 -26"><span class='ocrx_word' id='word_1_247' title='bbox 124 3417 366 3488; x_wconf 77' lang='grc' dir='ltr'>ρακοστὴ</span> <span class='ocrx_word' id='word_1_248' title='bbox 395 3417 502 3471; x_wconf 88' lang='grc' dir='ltr'><strong>τῶν</strong></span> <span class='ocrx_word' id='word_1_249' title='bbox 529 3425 581 3489; x_wconf 85' lang='grc' dir='ltr'>μ’</span> <span class='ocrx_word' id='word_1_250' title='bbox 619 3419 914 3492; x_wconf 86' lang='grc' dir='ltr'>μαρτύρων</span> <span class='ocrx_word' id='word_1_251' title='bbox 937 3421 1038 3493; x_wconf 84' lang='grc' dir='ltr'>τὴν</span> <span class='ocrx_word' id='word_1_252' title='bbox 1061 3424 1280 3495; x_wconf 78' lang='grc' dir='ltr'>μνήμην</span> <span class='ocrx_word' id='word_1_253' title='bbox 1309 3424 1528 3495; x_wconf 80' lang='grc' dir='ltr'>ἔχουσα,</span> <span class='ocrx_word' id='word_1_254' title='bbox 1554 3427 1648 3485; x_wconf 75' lang='grc' dir='ltr'>καὶ</span> <span class='ocrx_word' id='word_1_255' title='bbox 1683 3429 1712 3481; x_wconf 80' lang='grc' dir='ltr'><strong>ὁ</strong></span> 
     </span>
    </p>
   </div>
   <div class='ocr_carea' id='block_1_33' title="bbox 123 3511 1712 3590">
    <p class='ocr_par' dir='ltr' id='par_1_33' title="bbox 123 3511 1712 3590">
     <span class='ocr_line' id='line_1_33' title="bbox 123 3511 1712 3590; baseline 0.008 -30"><span class='ocrx_word' id='word_1_256' title='bbox 123 3511 236 3578; x_wconf 82' lang='grc' dir='ltr'>μὴν</span> <span class='ocrx_word' id='word_1_257' title='bbox 279 3511 705 3583; x_wconf 86' lang='grc' dir='ltr'>ἐπιφανέστερος</span> <span class='ocrx_word' id='word_1_258' title='bbox 733 3512 842 3565; x_wconf 90' lang='grc' dir='ltr'><strong>τῶν</strong></span> <span class='ocrx_word' id='word_1_259' title='bbox 901 3513 1108 3585; x_wconf 85' lang='grc' dir='ltr'>μηνῶν,</span> <span class='ocrx_word' id='word_1_260' title='bbox 1128 3515 1222 3569; x_wconf 73' lang='grc' dir='ltr'>καὶ</span> <span class='ocrx_word' id='word_1_261' title='bbox 1242 3516 1271 3569; x_wconf 83' lang='grc' dir='ltr'><strong>ό</strong></span> <span class='ocrx_word' id='word_1_262' title='bbox 1306 3515 1575 3590; x_wconf 81' lang='grc' dir='ltr'>μοχθηρὸς</span> <span class='ocrx_word' id='word_1_263' title='bbox 1597 3537 1712 3590; x_wconf 90' lang='grc' dir='ltr'>χει-</span> 
     </span>
    </p>
   </div>
   <div class='ocr_carea' id='block_1_34' title="bbox 123 3603 1711 3680">
    <p class='ocr_par' dir='ltr' id='par_1_34' title="bbox 123 3603 1711 3680">
     <span class='ocr_line' id='line_1_34' title="bbox 123 3603 1711 3680; baseline 0.008 -25"><span class='ocrx_word' id='word_1_264' title='bbox 123 3603 246 3672; x_wconf 83' lang='grc' dir='ltr'>μὼν</span> <span class='ocrx_word' id='word_1_265' title='bbox 271 3604 455 3656; x_wconf 81' lang='grc' dir='ltr'>οὐκέτι</span> <span class='ocrx_word' id='word_1_266' title='bbox 488 3621 577 3674; x_wconf 92' lang='grc' dir='ltr'><strong>μοι</strong></span> <span class='ocrx_word' id='word_1_267' title='bbox 610 3605 758 3659; x_wconf 86' lang='grc' dir='ltr'>δοκεῖ</span> <span class='ocrx_word' id='word_1_268' title='bbox 785 3607 1016 3676; x_wconf 75' lang='grc' dir='ltr'>χαλεπός,</span> <span class='ocrx_word' id='word_1_269' title='bbox 1045 3623 1058 3636; x_wconf 87' lang='grc'><strong>·</strong></span> <span class='ocrx_word' id='word_1_270' title='bbox 1091 3607 1211 3661; x_wconf 84' lang='grc' dir='ltr'>οὐδὲ</span> <span class='ocrx_word' id='word_1_271' title='bbox 1242 3610 1539 3680; x_wconf 80' lang='grc' dir='ltr'>σχετλιάζω</span> <span class='ocrx_word' id='word_1_272' title='bbox 1570 3614 1711 3668; x_wconf 83' lang='grc' dir='ltr'>κατὰ</span> 
     </span>
    </p>
   </div>
   <div class='ocr_carea' id='block_1_35' title="bbox 117 3695 1712 3777">
    <p class='ocr_par' dir='ltr' id='par_1_35' title="bbox 117 3695 1712 3777">
     <span class='ocr_line' id='line_1_35' title="bbox 117 3695 1712 3777; baseline 0.009 -30"><span class='ocrx_word' id='word_1_273' title='bbox 117 3696 224 3765; x_wconf 83' lang='grc' dir='ltr'>τῆς</span> <span class='ocrx_word' id='word_1_274' title='bbox 255 3696 552 3758; x_wconf 79' lang='grc' dir='ltr'>ἐνεστῶτος</span> <span class='ocrx_word' id='word_1_275' title='bbox 581 3699 776 3771; x_wconf 81' lang='grc' dir='ltr'>καιροῦ</span> <span class='ocrx_word' id='word_1_276' title='bbox 829 3700 1170 3772; x_wconf 80' lang='grc' dir='ltr'>ἀγριότητος.</span> <span class='ocrx_word' id='word_1_277' title='bbox 1218 3695 1386 3767; x_wconf 75' lang='grc' dir='ltr'>Οὗτος</span> <span class='ocrx_word' id='word_1_278' title='bbox 1410 3703 1519 3777; x_wconf 75' lang='grc' dir='ltr'><strong>γὰρ</strong></span> <span class='ocrx_word' id='word_1_279' title='bbox 1549 3707 1712 3762; x_wconf 79' lang='grc' dir='ltr'>ὅπλον</span> 
     </span>
    </p>
   </div>
   <div class='ocr_carea' id='block_1_36' title="bbox 119 3787 1714 3866">
    <p class='ocr_par' dir='ltr' id='par_1_36' title="bbox 119 3787 1714 3866">
     <span class='ocr_line' id='line_1_36' title="bbox 119 3787 1714 3866; baseline 0.009 -27"><span class='ocrx_word' id='word_1_280' title='bbox 119 3787 218 3841; x_wconf 88' lang='grc' dir='ltr'><strong>τοῦ</strong></span> <span class='ocrx_word' id='word_1_281' title='bbox 250 3787 480 3843; x_wconf 86' lang='grc' dir='ltr'>διώκτου</span> <span class='ocrx_word' id='word_1_282' title='bbox 530 3791 840 3861; x_wconf 89' lang='grc' dir='ltr'>γενόμενος,</span> <span class='ocrx_word' id='word_1_283' title='bbox 881 3791 1084 3863; x_wconf 84' lang='grc' dir='ltr'>ταύτην</span> <span class='ocrx_word' id='word_1_284' title='bbox 1121 3811 1210 3864; x_wconf 88' lang='grc' dir='ltr'><strong>μοι</strong></span> <span class='ocrx_word' id='word_1_285' title='bbox 1253 3793 1352 3865; x_wconf 84' lang='grc' dir='ltr'>τὴν</span> <span class='ocrx_word' id='word_1_286' title='bbox 1401 3797 1551 3866; x_wconf 82' lang='grc' dir='ltr'>ἱερὰν</span> <span class='ocrx_word' id='word_1_287' title='bbox 1599 3802 1714 3853; x_wconf 89' lang='grc' dir='ltr'>ἐτε-</span> 
     </span>
    </p>
   </div>
   <div class='ocr_carea' id='block_1_37' title="bbox 119 3879 1712 3954">
    <p class='ocr_par' dir='ltr' id='par_1_37' title="bbox 119 3879 1712 3954">
     <span class='ocr_line' id='line_1_37' title="bbox 119 3879 1712 3954; baseline 0.005 -22"><span class='ocrx_word' id='word_1_288' title='bbox 119 3879 316 3933; x_wconf 85' lang='grc' dir='ltr'>λείωσε</span> <span class='ocrx_word' id='word_1_289' title='bbox 341 3880 618 3949; x_wconf 82' lang='grc' dir='ltr'>φάλαγγα.</span> <span class='ocrx_word' id='word_1_290' title='bbox 651 3883 762 3936; x_wconf 74' lang='grc' dir='ltr'>Καὶ</span> <span class='ocrx_word' id='word_1_291' title='bbox 795 3881 982 3954; x_wconf 84' lang='grc' dir='ltr'>ῶσπερ</span> <span class='ocrx_word' id='word_1_292' title='bbox 1011 3882 1118 3936; x_wconf 85' lang='grc' dir='ltr'><strong>τῶν</strong></span> <span class='ocrx_word' id='word_1_293' title='bbox 1163 3885 1306 3940; x_wconf 75' lang='grc' dir='ltr'>ἑπτὰ</span> <span class='ocrx_word' id='word_1_294' title='bbox 1339 3887 1712 3944; x_wconf 80' lang='grc' dir='ltr'>Μακκαϐαίων</span> 
     </span>
    </p>
   </div>
   <div class='ocr_carea' id='block_1_38' title="bbox 120 3972 1703 4052">
    <p class='ocr_par' dir='ltr' id='par_1_38' title="bbox 120 3972 1703 4052">
     <span class='ocr_line' id='line_1_38' title="bbox 120 3972 1703 4052; baseline 0.006 -28"><span class='ocrx_word' id='word_1_295' title='bbox 120 3973 156 4041; x_wconf 64' lang='grc' dir='ltr'>ἡ</span> <span class='ocrx_word' id='word_1_296' title='bbox 203 3972 409 4043; x_wconf 84' lang='grc' dir='ltr'>μήτηρ,</span> <span class='ocrx_word' id='word_1_297' title='bbox 441 3972 530 4026; x_wconf 82' lang='grc' dir='ltr'>διὰ</span> <span class='ocrx_word' id='word_1_298' title='bbox 577 3972 640 4026; x_wconf 81' lang='grc' dir='ltr'>τὸ</span> <span class='ocrx_word' id='word_1_299' title='bbox 685 3972 862 4044; x_wconf 79' lang='grc' dir='ltr'>ψυχὴν</span> <span class='ocrx_word' id='word_1_300' title='bbox 920 3972 1064 4044; x_wconf 81' lang='grc' dir='ltr'>ἔχειν</span> <span class='ocrx_word' id='word_1_301' title='bbox 1119 3973 1366 4044; x_wconf 80' lang='grc' dir='ltr'>φιλόθεον</span> <span class='ocrx_word' id='word_1_302' title='bbox 1418 3977 1619 4047; x_wconf 79' lang='grc' dir='ltr'>μᾶλλον</span> <span class='ocrx_word' id='word_1_303' title='bbox 1671 3980 1703 4052; x_wconf 84' lang='grc' dir='ltr'>ἢ</span> 
     </span>
    </p>
   </div>
   <div class='ocr_carea' id='block_1_39' title="bbox 120 4063 1712 4143">
    <p class='ocr_par' dir='ltr' id='par_1_39' title="bbox 120 4063 1712 4143">
     <span class='ocr_line' id='line_1_39' title="bbox 120 4063 1712 4143; baseline 0.006 -28"><span class='ocrx_word' id='word_1_304' title='bbox 120 4063 474 4134; x_wconf 77' lang='grc' dir='ltr'>φιλόσαρκον,</span> <span class='ocrx_word' id='word_1_305' title='bbox 511 4063 634 4118; x_wconf 78' lang='grc' dir='ltr'>οὗτε</span> <span class='ocrx_word' id='word_1_306' title='bbox 663 4064 762 4137; x_wconf 78' lang='grc' dir='ltr'>τὴν</span> <span class='ocrx_word' id='word_1_307' title='bbox 793 4066 1069 4137; x_wconf 83' lang='grc' dir='ltr'>Ἀντιόχου</span> <span class='ocrx_word' id='word_1_308' title='bbox 1102 4065 1196 4120; x_wconf 87' lang='grc' dir='ltr'><strong>τοῦ</strong></span> <span class='ocrx_word' id='word_1_309' title='bbox 1222 4068 1485 4140; x_wconf 86' lang='grc' dir='ltr'>τυράννου</span> <span class='ocrx_word' id='word_1_310' title='bbox 1514 4070 1712 4143; x_wconf 86' lang='grc' dir='ltr'>Συρίας</span> 
     </span>
    </p>
   </div>
   <div class='ocr_carea' id='block_1_40' title="bbox 118 4155 1711 4230">
    <p class='ocr_par' dir='ltr' id='par_1_40' title="bbox 118 4155 1711 4230">
     <span class='ocr_line' id='line_1_40' title="bbox 118 4155 1711 4230; baseline 0.006 -23"><span class='ocrx_word' id='word_1_311' title='bbox 118 4155 384 4224; x_wconf 86' lang='grc' dir='ltr'>ὠμότητα</span> <span class='ocrx_word' id='word_1_312' title='bbox 409 4156 832 4228; x_wconf 77' lang='grc' dir='ltr'>κατεμέμψατο,</span> <span class='ocrx_word' id='word_1_313' title='bbox 857 4156 977 4211; x_wconf 73' lang='grc' dir='ltr'>οὔτε</span> <span class='ocrx_word' id='word_1_314' title='bbox 1009 4158 1145 4230; x_wconf 85' lang='grc' dir='ltr'>πρὸς</span> <span class='ocrx_word' id='word_1_315' title='bbox 1178 4159 1278 4224; x_wconf 80' lang='grc' dir='ltr'><strong>τὰς</strong></span> <span class='ocrx_word' id='word_1_316' title='bbox 1332 4161 1582 4226; x_wconf 74' lang='grc' dir='ltr'>κολάσεις</span> <span class='ocrx_word' id='word_1_317' title='bbox 1617 4164 1711 4216; x_wconf 80' lang='grc' dir='ltr'>καὶ</span> 
     </span>
    </p>
   </div>
   <div class='ocr_carea' id='block_1_41' title="bbox 118 4247 1711 4322">
    <p class='ocr_par' dir='ltr' id='par_1_41' title="bbox 118 4247 1711 4322">
     <span class='ocr_line' id='line_1_41' title="bbox 118 4247 1711 4322; baseline 0.006 -23"><span class='ocrx_word' id='word_1_318' title='bbox 118 4248 220 4310; x_wconf 71' lang='grc' dir='ltr'><strong>τὰς</strong></span> <span class='ocrx_word' id='word_1_319' title='bbox 279 4247 570 4318; x_wconf 75' lang='grc' dir='ltr'>συμφορὰς</span> <span class='ocrx_word' id='word_1_320' title='bbox 614 4247 724 4302; x_wconf 86' lang='grc' dir='ltr'><strong>τῶν</strong></span> <span class='ocrx_word' id='word_1_321' title='bbox 779 4249 909 4302; x_wconf 78' lang='grc' dir='ltr'>υἱῶν</span> <span class='ocrx_word' id='word_1_322' title='bbox 945 4249 1299 4322; x_wconf 80' lang='grc' dir='ltr'>ἐδυσχέρανεν</span> <span class='ocrx_word' id='word_1_323' title='bbox 1341 4267 1356 4282; x_wconf 87' lang='grc'><strong>·</strong></span> <span class='ocrx_word' id='word_1_324' title='bbox 1394 4249 1611 4318; x_wconf 78' lang='grc' dir='ltr'>ἐδέξατο</span> <span class='ocrx_word' id='word_1_325' title='bbox 1654 4254 1711 4308; x_wconf 75' lang='grc' dir='ltr'>δὲ</span> 
     </span>
    </p>
   </div>
   <div class='ocr_carea' id='block_1_42' title="bbox 119 4340 1713 4415">
    <p class='ocr_par' dir='ltr' id='par_1_42' title="bbox 119 4340 1713 4415">
     <span class='ocr_line' id='line_1_42' title="bbox 119 4340 1713 4415; baseline 0.005 -24"><span class='ocrx_word' id='word_1_326' title='bbox 119 4341 222 4411; x_wconf 82' lang='grc' dir='ltr'><strong>τήν</strong></span> <span class='ocrx_word' id='word_1_327' title='bbox 265 4340 526 4411; x_wconf 86' lang='grc' dir='ltr'>ἐρημίαν,</span> <span class='ocrx_word' id='word_1_328' title='bbox 566 4340 642 4405; x_wconf 84' lang='grc' dir='ltr'><strong>ὡς</strong></span> <span class='ocrx_word' id='word_1_329' title='bbox 671 4341 1011 4414; x_wconf 81' lang='grc' dir='ltr'>εὐεργεσίαν,</span> <span class='ocrx_word' id='word_1_330' title='bbox 1057 4344 1150 4396; x_wconf 76' lang='grc' dir='ltr'>καὶ</span> <span class='ocrx_word' id='word_1_331' title='bbox 1187 4343 1286 4415; x_wconf 84' lang='grc' dir='ltr'><strong>τὴν</strong></span> <span class='ocrx_word' id='word_1_332' title='bbox 1319 4344 1597 4411; x_wconf 78' lang='grc' dir='ltr'>ἀπαιδίαν,</span> <span class='ocrx_word' id='word_1_333' title='bbox 1637 4347 1713 4410; x_wconf 83' lang='grc' dir='ltr'>ὡς</span> 
     </span>
    </p>
   </div>
   <div class='ocr_carea' id='block_1_43' title="bbox 119 4430 1708 4509">
    <p class='ocr_par' dir='ltr' id='par_1_43' title="bbox 119 4430 1708 4509">
     <span class='ocr_line' id='line_1_43' title="bbox 119 4430 1708 4509; baseline 0.005 -25"><span class='ocrx_word' id='word_1_334' title='bbox 119 4431 409 4502; x_wconf 79' lang='grc' dir='ltr'>βοήθειαν·</span> <span class='ocrx_word' id='word_1_335' title='bbox 443 4430 565 4484; x_wconf 71' lang='grc' dir='ltr'>οὔτε</span> <span class='ocrx_word' id='word_1_336' title='bbox 609 4434 714 4506; x_wconf 82' lang='grc' dir='ltr'>μὴν</span> <span class='ocrx_word' id='word_1_337' title='bbox 744 4435 771 4486; x_wconf 88' lang='grc' dir='ltr'>ὁ</span> <span class='ocrx_word' id='word_1_338' title='bbox 807 4435 1080 4505; x_wconf 78' lang='grc' dir='ltr'>Στέφανος</span> <span class='ocrx_word' id='word_1_339' title='bbox 1113 4433 1465 4506; x_wconf 84' lang='grc' dir='ltr'>λιθαζόμενος</span> <span class='ocrx_word' id='word_1_340' title='bbox 1493 4437 1708 4509; x_wconf 79' lang='grc' dir='ltr'>ἐνόμιζε</span> 
     </span>
    </p>
   </div>
   <div class='ocr_carea' id='block_1_44' title="bbox 426 362 2308 435">
    <p class='ocr_par' dir='ltr' id='par_1_44' title="bbox 426 362 2308 435">
     <span class='ocr_line' id='line_1_44' title="bbox 426 362 2308 435; baseline 0.018 -33"><span class='ocrx_word' id='word_1_341' title='bbox 426 425 433 434; x_wconf 42' lang='grc'><em>.</em></span> <span class='ocrx_word' id='word_1_342' title='bbox 1265 362 1334 417; x_wconf 84' lang='grc' dir='ltr'><strong>ΙΝ</strong></span> <span class='ocrx_word' id='word_1_343' title='bbox 1363 365 1504 432; x_wconf 75' lang='lat' dir='ltr'><strong>QUA</strong></span> <span class='ocrx_word' id='word_1_344' title='bbox 1515 367 1862 429; x_wconf 72' lang='lat' dir='ltr'><strong>DRAGINTA</strong></span> <span class='ocrx_word' id='word_1_345' title='bbox 1904 375 2308 435; x_wconf 73' lang='lat' dir='ltr'><strong>M-ARTYRES.</strong></span> 
     </span>
    </p>
   </div>
   <div class='ocr_carea' id='block_1_45' title="bbox 122 459 1712 568">
    <p class='ocr_par' dir='ltr' id='par_1_45' title="bbox 122 459 1710 568">
     <span class='ocr_line' id='line_1_45' title="bbox 122 459 1710 568; baseline 0.004 -49"><span class='ocrx_word' id='word_1_346' title='bbox 122 465 284 565; x_wconf 47' lang='grc' dir='ltr'><strong>ὲμήὶ·</strong></span> <span class='ocrx_word' id='word_1_347' title='bbox 319 480 460 568; x_wconf 70' lang='grc' dir='ltr'>αυτ-η</span> <span class='ocrx_word' id='word_1_348' title='bbox 489 459 743 568; x_wconf 37' lang='lat' dir='ltr'><strong>quoin»-</strong></span> <span class='ocrx_word' id='word_1_349' title='bbox 767 467 926 568; x_wconf 48' lang='grc' dir='ltr'>ήμτιῖ)</span> <span class='ocrx_word' id='word_1_350' title='bbox 956 469 1075 541; x_wconf 80' lang='grc' dir='ltr'><strong>Θεῷ</strong></span> <span class='ocrx_word' id='word_1_351' title='bbox 1120 474 1428 545; x_wconf 76' lang='grc' dir='ltr'>συνάγουσα</span> <span class='ocrx_word' id='word_1_352' title='bbox 1481 482 1574 536; x_wconf 75' lang='grc' dir='ltr'>καὶ</span> <span class='ocrx_word' id='word_1_353' title='bbox 1619 501 1710 537; x_wconf 82' lang='grc' dir='ltr'>κο-</span> 
     </span>
    </p>
   </div>
   <div class='ocr_carea' id='block_1_46' title="bbox 1816 459 3388 568">
    <p class='ocr_par' dir='ltr' id='par_1_46' title="bbox 1816 489 3388 568">
     <span class='ocr_line' id='line_1_46' title="bbox 1816 489 3388 568; baseline 0.002 -26"><span class='ocrx_word' id='word_1_354' title='bbox 1816 489 2001 559; x_wconf 81' lang='lat' dir='ltr'><strong>(hujus</strong></span> <span class='ocrx_word' id='word_1_355' title='bbox 2027 491 2171 545; x_wconf 84' lang='lat' dir='ltr'><strong>enim</strong></span> <span class='ocrx_word' id='word_1_356' title='bbox 2207 493 2314 547; x_wconf 87' lang='lat' dir='ltr'><strong>vita</strong></span> <span class='ocrx_word' id='word_1_357' title='bbox 2347 508 2472 548; x_wconf 91' lang='lat' dir='ltr'><strong>cum</strong></span> <span class='ocrx_word' id='word_1_358' title='bbox 2512 496 2620 552; x_wconf 90' lang='lat' dir='ltr'><strong>Deo</strong></span> <span class='ocrx_word' id='word_1_359' title='bbox 2650 505 2793 561; x_wconf 86' lang='lat' dir='ltr'><strong>erat,</strong></span> <span class='ocrx_word' id='word_1_360' title='bbox 2823 511 2944 568; x_wconf 72' lang='lat' dir='ltr'><strong>qua:</strong></span> <span class='ocrx_word' id='word_1_361' title='bbox 2973 496 3138 550; x_wconf 88' lang='lat' dir='ltr'><strong>etiam</strong></span> <span class='ocrx_word' id='word_1_362' title='bbox 3171 509 3388 547; x_wconf 85' lang='lat' dir='ltr'><strong>omnem</strong></span> 
     </span>
    </p>
   </div>
   <div class='ocr_carea' id='block_1_47' title="bbox 3293 385 3390 440">
    <p class='ocr_par' dir='ltr' id='par_1_47' title="bbox 3293 385 3390 440">
     <span class='ocr_line' id='line_1_47' title="bbox 3293 385 3390 440; baseline 0.01 -1"><span class='ocrx_word' id='word_1_363' title='bbox 3293 385 3390 440; x_wconf 71' lang='lat'><strong>786</strong></span> 
     </span>
    </p>
   </div>
   <div class='ocr_carea' id='block_1_48' title="bbox 1817 579 3388 660">
    <p class='ocr_par' dir='ltr' id='par_1_48' title="bbox 1817 579 3388 660">
     <span class='ocr_line' id='line_1_48' title="bbox 1817 579 3388 660; baseline 0.001 -27"><span class='ocrx_word' id='word_1_364' title='bbox 1817 579 1959 634; x_wconf 90' lang='lat' dir='ltr'><strong>diem</strong></span> <span class='ocrx_word' id='word_1_365' title='bbox 1993 582 2192 637; x_wconf 85' lang='lat' dir='ltr'><strong>festum</strong></span> <span class='ocrx_word' id='word_1_366' title='bbox 2216 585 2412 639; x_wconf 84' lang='lat' dir='ltr'><strong>eximie</strong></span> <span class='ocrx_word' id='word_1_367' title='bbox 2433 589 2684 660; x_wconf 80' lang='lat' dir='ltr'><strong>ornabat)</strong></span> <span class='ocrx_word' id='word_1_368' title='bbox 2734 589 2900 658; x_wconf 86' lang='lat' dir='ltr'><strong>jussit</strong></span> <span class='ocrx_word' id='word_1_369' title='bbox 2958 603 3044 640; x_wconf 87' lang='lat' dir='ltr'><strong>me</strong></span> <span class='ocrx_word' id='word_1_370' title='bbox 3098 585 3163 638; x_wconf 86' lang='lat' dir='ltr'><strong>ad</strong></span> <span class='ocrx_word' id='word_1_371' title='bbox 3207 594 3388 639; x_wconf 80' lang='lat' dir='ltr'><strong>rerum</strong></span> 
     </span>
    </p>
   </div>
   <div class='ocr_carea' id='block_1_49' title="bbox 1818 677 3388 747">
    <p class='ocr_par' dir='ltr' id='par_1_49' title="bbox 1818 677 3388 747">
     <span class='ocr_line' id='line_1_49' title="bbox 1818 677 3388 747; baseline 0.003 -23"><span class='ocrx_word' id='word_1_372' title='bbox 1818 677 2178 743; x_wconf 83' lang='lat' dir='ltr'><strong>gerendarum</strong></span> <span class='ocrx_word' id='word_1_373' title='bbox 2210 678 2680 747; x_wconf 75' lang='lat' dir='ltr'><strong>participationem</strong></span> <span class='ocrx_word' id='word_1_374' title='bbox 2740 682 2947 737; x_wconf 88' lang='lat' dir='ltr'><strong>venire.</strong></span> <span class='ocrx_word' id='word_1_375' title='bbox 2993 681 3061 732; x_wconf 80' lang='lat' dir='ltr'><strong>At</strong></span> <span class='ocrx_word' id='word_1_376' title='bbox 3093 694 3218 733; x_wconf 88' lang='lat' dir='ltr'><strong>cmn</strong></span> <span class='ocrx_word' id='word_1_377' title='bbox 3264 692 3388 746; x_wconf 89' lang='lat' dir='ltr'><strong>pro-</strong></span> 
     </span>
    </p>
   </div>
   <div class='ocr_carea' id='block_1_50' title="bbox 1816 766 3388 840">
    <p class='ocr_par' dir='ltr' id='par_1_50' title="bbox 1816 766 3388 840">
     <span class='ocr_line' id='line_1_50' title="bbox 1816 766 3388 840; baseline 0.003 -23"><span class='ocrx_word' id='word_1_378' title='bbox 1816 766 1904 818; x_wconf 83' lang='lat' dir='ltr'><strong>cul</strong></span> <span class='ocrx_word' id='word_1_379' title='bbox 1945 767 2216 831; x_wconf 88' lang='lat' dir='ltr'><strong>abessem,</strong></span> <span class='ocrx_word' id='word_1_380' title='bbox 2276 770 2456 825; x_wconf 86' lang='lat' dir='ltr'><strong>adhuc</strong></span> <span class='ocrx_word' id='word_1_381' title='bbox 2508 773 2752 840; x_wconf 81' lang='lat' dir='ltr'><strong>juvenis,</strong></span> <span class='ocrx_word' id='word_1_382' title='bbox 2793 774 2922 828; x_wconf 89' lang='lat' dir='ltr'><strong>etin</strong></span> <span class='ocrx_word' id='word_1_383' title='bbox 2977 773 3248 826; x_wconf 86' lang='lat' dir='ltr'><strong>laicorum</strong></span> <span class='ocrx_word' id='word_1_384' title='bbox 3299 783 3388 822; x_wconf 90' lang='lat' dir='ltr'><strong>or-</strong></span> 
     </span>
    </p>
   </div>
   <div class='ocr_carea' id='block_1_51' title="bbox 1815 857 3389 929">
    <p class='ocr_par' dir='ltr' id='par_1_51' title="bbox 1815 857 3389 929">
     <span class='ocr_line' id='line_1_51' title="bbox 1815 857 3389 929; baseline 0.002 -20"><span class='ocrx_word' id='word_1_385' title='bbox 1815 857 1964 920; x_wconf 89' lang='lat' dir='ltr'><strong>dine,</strong></span> <span class='ocrx_word' id='word_1_386' title='bbox 1997 869 2157 928; x_wconf 92' lang='lat' dir='ltr'><strong>prout</strong></span> <span class='ocrx_word' id='word_1_387' title='bbox 2186 860 2300 915; x_wconf 89' lang='lat' dir='ltr'><strong>ﬁeri</strong></span> <span class='ocrx_word' id='word_1_388' title='bbox 2332 864 2618 918; x_wconf 89' lang='lat' dir='ltr'><strong>consuevit</strong></span> <span class='ocrx_word' id='word_1_389' title='bbox 2644 864 2696 917; x_wconf 86' lang='lat' dir='ltr'><strong>in</strong></span> <span class='ocrx_word' id='word_1_390' title='bbox 2723 863 2886 919; x_wconf 86' lang='lat' dir='ltr'><strong>rebus</strong></span> <span class='ocrx_word' id='word_1_391' title='bbox 2928 862 3270 929; x_wconf 82' lang='lat' dir='ltr'><strong>urgent-ibus.</strong></span> <span class='ocrx_word' id='word_1_392' title='bbox 3297 871 3389 911; x_wconf 91' lang='lat' dir='ltr'><strong>oc-</strong></span> 
     </span>
    </p>
   </div>
   <div class='ocr_carea' id='block_1_52' title="bbox 1817 951 3389 1024">
    <p class='ocr_par' dir='ltr' id='par_1_52' title="bbox 1817 951 3389 1024">
     <span class='ocr_line' id='line_1_52' title="bbox 1817 951 3389 1024; baseline 0.001 -22"><span class='ocrx_word' id='word_1_393' title='bbox 1817 951 2203 1019; x_wconf 88' lang='lat' dir='ltr'><strong>cupationibus</strong></span> <span class='ocrx_word' id='word_1_394' title='bbox 2247 952 2536 1017; x_wconf 89' lang='lat' dir='ltr'><strong>distentus,</strong></span> <span class='ocrx_word' id='word_1_395' title='bbox 2580 956 2802 1024; x_wconf 81' lang='lat' dir='ltr'><strong>gravius</strong></span> <span class='ocrx_word' id='word_1_396' title='bbox 2862 955 3198 1009; x_wconf 83' lang='lat' dir='ltr'><strong>vocationem</strong></span> <span class='ocrx_word' id='word_1_397' title='bbox 3254 951 3389 1006; x_wconf 79' lang='lat' dir='ltr'><strong>insi-</strong></span> 
     </span>
    </p>
   </div>
   <div class='ocr_carea' id='block_1_53' title="bbox 1816 1043 3383 1117">
    <p class='ocr_par' dir='ltr' id='par_1_53' title="bbox 1816 1043 3383 1117">
     <span class='ocr_line' id='line_1_53' title="bbox 1816 1043 3383 1117; baseline 0 -22"><span class='ocrx_word' id='word_1_398' title='bbox 1816 1043 1972 1112; x_wconf 87' lang='lat' dir='ltr'><strong>piens</strong></span> <span class='ocrx_word' id='word_1_399' title='bbox 1999 1044 2206 1114; x_wconf 85' lang='lat' dir='ltr'><strong>accepi,</strong></span> <span class='ocrx_word' id='word_1_400' title='bbox 2234 1047 2612 1103; x_wconf 80' lang='lat' dir='ltr'><strong>subaccusans</strong></span> <span class='ocrx_word' id='word_1_401' title='bbox 2646 1060 2897 1110; x_wconf 87' lang='lat' dir='ltr'><strong>matrem,</strong></span> <span class='ocrx_word' id='word_1_402' title='bbox 2921 1045 3066 1117; x_wconf 89' lang='lat' dir='ltr'><strong>quod</strong></span> <span class='ocrx_word' id='word_1_403' title='bbox 3092 1046 3232 1098; x_wconf 89' lang='lat' dir='ltr'><strong>hanc</strong></span> <span class='ocrx_word' id='word_1_404' title='bbox 3245 1044 3383 1097; x_wconf 85' lang='lat' dir='ltr'><strong>&#39;cele-</strong></span> 
     </span>
    </p>
   </div>
   <div class='ocr_carea' id='block_1_54' title="bbox 1817 1134 3386 1208">
    <p class='ocr_par' dir='ltr' id='par_1_54' title="bbox 1817 1134 3386 1208">
     <span class='ocr_line' id='line_1_54' title="bbox 1817 1134 3386 1208; baseline 0.001 -20"><span class='ocrx_word' id='word_1_405' title='bbox 1817 1134 2068 1188; x_wconf 88' lang='lat' dir='ltr'><strong>britatem</strong></span> <span class='ocrx_word' id='word_1_406' title='bbox 2097 1136 2150 1189; x_wconf 91' lang='lat' dir='ltr'><strong>in</strong></span> <span class='ocrx_word' id='word_1_407' title='bbox 2177 1137 2324 1191; x_wconf 82' lang='lat' dir='ltr'><strong>aliud</strong></span> <span class='ocrx_word' id='word_1_408' title='bbox 2359 1149 2570 1208; x_wconf 89' lang='lat' dir='ltr'><strong>tempus</strong></span> <span class='ocrx_word' id='word_1_409' title='bbox 2619 1155 2728 1193; x_wconf 90' lang='lat' dir='ltr'><strong>non</strong></span> <span class='ocrx_word' id='word_1_410' title='bbox 2779 1139 3125 1202; x_wconf 77' lang='lat' dir='ltr'><strong>distulisset,</strong></span> <span class='ocrx_word' id='word_1_411' title='bbox 3156 1137 3250 1191; x_wconf 88' lang='lat' dir='ltr'><strong>sed</strong></span> <span class='ocrx_word' id='word_1_412' title='bbox 3303 1150 3386 1190; x_wconf 87' lang='lat' dir='ltr'><strong>me</strong></span> 
     </span>
    </p>
   </div>
   <div class='ocr_carea' id='block_1_55' title="bbox 1817 1227 3388 1298">
    <p class='ocr_par' dir='ltr' id='par_1_55' title="bbox 1817 1227 3388 1298">
     <span class='ocr_line' id='line_1_55' title="bbox 1817 1227 3388 1298; baseline 0 -19"><span class='ocrx_word' id='word_1_413' title='bbox 1817 1241 1846 1279; x_wconf 90' lang='lat' dir='ltr'><strong>a</strong></span> <span class='ocrx_word' id='word_1_414' title='bbox 1879 1227 2046 1281; x_wconf 89' lang='lat' dir='ltr'><strong>variis</strong></span> <span class='ocrx_word' id='word_1_415' title='bbox 2098 1229 2330 1298; x_wconf 87' lang='lat' dir='ltr'><strong>negotiis</strong></span> <span class='ocrx_word' id='word_1_416' title='bbox 2384 1231 2719 1285; x_wconf 87' lang='lat' dir='ltr'><strong>abstractum</strong></span> <span class='ocrx_word' id='word_1_417' title='bbox 2775 1231 2880 1286; x_wconf 91' lang='lat' dir='ltr'><strong>huc</strong></span> <span class='ocrx_word' id='word_1_418' title='bbox 2935 1230 3274 1290; x_wconf 78' lang='lat' dir='ltr'><strong>abduxisset,</strong></span> <span class='ocrx_word' id='word_1_419' title='bbox 3334 1235 3388 1280; x_wconf 87' lang='lat' dir='ltr'><strong>et</strong></span> 
     </span>
    </p>
   </div>
   <div class='ocr_carea' id='block_1_56' title="bbox 1817 1318 3383 1393">
    <p class='ocr_par' dir='ltr' id='par_1_56' title="bbox 1817 1318 3383 1393">
     <span class='ocr_line' id='line_1_56' title="bbox 1817 1318 3383 1393; baseline 0.001 -23"><span class='ocrx_word' id='word_1_420' title='bbox 1817 1318 2034 1387; x_wconf 87' lang='lat' dir='ltr'><strong>quidem</strong></span> <span class='ocrx_word' id='word_1_421' title='bbox 2069 1329 2193 1374; x_wconf 87' lang='lat' dir='ltr'><strong>ante</strong></span> <span class='ocrx_word' id='word_1_422' title='bbox 2223 1322 2388 1374; x_wconf 87' lang='lat' dir='ltr'><strong>ullam</strong></span> <span class='ocrx_word' id='word_1_423' title='bbox 2432 1321 2722 1393; x_wconf 86' lang='lat' dir='ltr'><strong>synodum.</strong></span> <span class='ocrx_word' id='word_1_424' title='bbox 2762 1321 2895 1376; x_wconf 82' lang='lat' dir='ltr'><strong>Veni</strong></span> <span class='ocrx_word' id='word_1_425' title='bbox 2930 1337 3059 1391; x_wconf 88' lang='lat' dir='ltr'><strong>ergo</strong></span> <span class='ocrx_word' id='word_1_426' title='bbox 3082 1322 3135 1373; x_wconf 90' lang='lat' dir='ltr'><strong>in</strong></span> <span class='ocrx_word' id='word_1_427' title='bbox 3165 1336 3383 1390; x_wconf 82' lang='lat' dir='ltr'><strong>pagum.</strong></span> 
     </span>
    </p>
   </div>
   <div class='ocr_carea' id='block_1_57' title="bbox 1816 1408 3387 1482">
    <p class='ocr_par' dir='ltr' id='par_1_57' title="bbox 1816 1408 3387 1482">
     <span class='ocr_line' id='line_1_57' title="bbox 1816 1408 3387 1482; baseline 0.001 -19"><span class='ocrx_word' id='word_1_428' title='bbox 1816 1408 2036 1464; x_wconf 87' lang='lat' dir='ltr'><strong>Etcum</strong></span> <span class='ocrx_word' id='word_1_429' title='bbox 2065 1414 2407 1482; x_wconf 79' lang='lat' dir='ltr'><strong>pervigilium</strong></span> <span class='ocrx_word' id='word_1_430' title='bbox 2453 1415 2700 1470; x_wconf 84' lang='lat' dir='ltr'><strong>obirctur</strong></span> <span class='ocrx_word' id='word_1_431' title='bbox 2737 1416 2791 1470; x_wconf 90' lang='lat' dir='ltr'><strong>in</strong></span> <span class='ocrx_word' id='word_1_432' title='bbox 2843 1416 3022 1475; x_wconf 84' lang='lat' dir='ltr'><strong>horto,</strong></span> <span class='ocrx_word' id='word_1_433' title='bbox 3077 1413 3167 1466; x_wconf 89' lang='lat' dir='ltr'><strong>ttbi</strong></span> <span class='ocrx_word' id='word_1_434' title='bbox 3225 1413 3387 1466; x_wconf 88' lang='lat' dir='ltr'><strong>etiam</strong></span> 
     </span>
    </p>
   </div>
   <div class='ocr_carea' id='block_1_58' title="bbox 1818 1500 3386 1577">
    <p class='ocr_par' dir='ltr' id='par_1_58' title="bbox 1818 1500 3386 1577">
     <span class='ocr_line' id='line_1_58' title="bbox 1818 1500 3386 1577; baseline 0 -23"><span class='ocrx_word' id='word_1_435' title='bbox 1818 1500 2144 1557; x_wconf 87' lang='lat' dir='ltr'><strong>Sanctorum</strong></span> <span class='ocrx_word' id='word_1_436' title='bbox 2186 1505 2432 1574; x_wconf 63' lang='lat' dir='ltr'><strong>reliquiae</strong></span> <span class='ocrx_word' id='word_1_437' title='bbox 2481 1507 2707 1577; x_wconf 84' lang='lat' dir='ltr'><strong>psalmis</strong></span> <span class='ocrx_word' id='word_1_438' title='bbox 2769 1507 3203 1568; x_wconf 87' lang='lat' dir='ltr'><strong>honorabantur,</strong></span> <span class='ocrx_word' id='word_1_439' title='bbox 3254 1501 3386 1556; x_wconf 89' lang='lat' dir='ltr'><strong>mihi</strong></span> 
     </span>
    </p>
   </div>
   <div class='ocr_carea' id='block_1_59' title="bbox 1815 1595 3386 1670">
    <p class='ocr_par' dir='ltr' id='par_1_59' title="bbox 1815 1595 3386 1670">
     <span class='ocr_line' id='line_1_59' title="bbox 1815 1595 3386 1670; baseline -0.002 -21"><span class='ocrx_word' id='word_1_440' title='bbox 1815 1596 1870 1650; x_wconf 91' lang='lat' dir='ltr'><strong>in</strong></span> <span class='ocrx_word' id='word_1_441' title='bbox 1903 1596 2086 1650; x_wconf 87' lang='lat' dir='ltr'><strong>vicina</strong></span> <span class='ocrx_word' id='word_1_442' title='bbox 2117 1595 2346 1652; x_wconf 67' lang='lat' dir='ltr'><strong>aedicula</strong></span> <span class='ocrx_word' id='word_1_443' title='bbox 2395 1599 2686 1654; x_wconf 87' lang='lat' dir='ltr'><strong>dormienti</strong></span> <span class='ocrx_word' id='word_1_444' title='bbox 2723 1597 3036 1670; x_wconf 89' lang='lat' dir='ltr'><strong>hujusmodi</strong></span> <span class='ocrx_word' id='word_1_445' title='bbox 3087 1596 3386 1652; x_wconf 88' lang='lat' dir='ltr'><strong>secuudmn</strong></span> 
     </span>
    </p>
   </div>
   <div class='ocr_carea' id='block_1_60' title="bbox 1817 1689 3386 1759">
    <p class='ocr_par' dir='ltr' id='par_1_60' title="bbox 1817 1689 3386 1759">
     <span class='ocr_line' id='line_1_60' title="bbox 1817 1689 3386 1759; baseline -0.002 -19"><span class='ocrx_word' id='word_1_446' title='bbox 1817 1689 2208 1759; x_wconf 78' lang='lat' dir='ltr'><strong>quictemvisio</strong></span> <span class='ocrx_word' id='word_1_447' title='bbox 2225 1692 2402 1745; x_wconf 88' lang='lat' dir='ltr'><strong>oblata</strong></span> <span class='ocrx_word' id='word_1_448' title='bbox 2420 1700 2526 1746; x_wconf 88' lang='lat' dir='ltr'><strong>est:</strong></span> <span class='ocrx_word' id='word_1_449' title='bbox 2563 1691 2802 1746; x_wconf 86' lang='lat' dir='ltr'><strong>Videbar</strong></span> <span class='ocrx_word' id='word_1_450' title='bbox 2835 1693 3039 1745; x_wconf 86' lang='lat' dir='ltr'><strong>intrare</strong></span> <span class='ocrx_word' id='word_1_451' title='bbox 3061 1690 3115 1744; x_wconf 93' lang='lat' dir='ltr'><strong>in</strong></span> <span class='ocrx_word' id='word_1_452' title='bbox 3147 1689 3386 1750; x_wconf 65' lang='lat' dir='ltr'><strong>hort-xm,</strong></span> 
     </span>
    </p>
   </div>
   <div class='ocr_carea' id='block_1_61' title="bbox 1819 1781 3387 1854">
    <p class='ocr_par' dir='ltr' id='par_1_61' title="bbox 1819 1781 3387 1854">
     <span class='ocr_line' id='line_1_61' title="bbox 1819 1781 3387 1854; baseline -0.002 -21"><span class='ocrx_word' id='word_1_453' title='bbox 1819 1781 1911 1835; x_wconf 89' lang='lat' dir='ltr'><strong>ubi</strong></span> <span class='ocrx_word' id='word_1_454' title='bbox 1957 1783 2300 1852; x_wconf 80' lang='lat' dir='ltr'><strong>pervigilium</strong></span> <span class='ocrx_word' id='word_1_455' title='bbox 2344 1784 2624 1853; x_wconf 80' lang='lat' dir='ltr'><strong>agebatur.</strong></span> <span class='ocrx_word' id='word_1_456' title='bbox 2672 1783 2736 1837; x_wconf 83' lang='lat' dir='ltr'><strong>Et</strong></span> <span class='ocrx_word' id='word_1_457' title='bbox 2765 1799 2889 1854; x_wconf 84' lang='lat' dir='ltr'><strong>cum</strong></span> <span class='ocrx_word' id='word_1_458' title='bbox 2917 1783 2983 1837; x_wconf 88' lang='lat' dir='ltr'><strong>ad</strong></span> <span class='ocrx_word' id='word_1_459' title='bbox 3018 1783 3158 1836; x_wconf 84' lang='lat' dir='ltr'><strong>fores</strong></span> <span class='ocrx_word' id='word_1_460' title='bbox 3187 1795 3387 1835; x_wconf 65' lang='lat' dir='ltr'><strong>essem.</strong></span> 
     </span>
    </p>
   </div>
   <div class='ocr_carea' id='block_1_62' title="bbox 1818 1872 3388 1943">
    <p class='ocr_par' dir='ltr' id='par_1_62' title="bbox 1818 1872 3388 1943">
     <span class='ocr_line' id='line_1_62' title="bbox 1818 1872 3388 1943; baseline -0.003 -18"><span class='ocrx_word' id='word_1_461' title='bbox 1818 1873 2068 1943; x_wconf 86' lang='lat' dir='ltr'><strong>apparuit</strong></span> <span class='ocrx_word' id='word_1_462' title='bbox 2125 1873 2412 1927; x_wconf 87' lang='lat' dir='ltr'><strong>multitudo</strong></span> <span class='ocrx_word' id='word_1_463' title='bbox 2464 1874 2691 1927; x_wconf 81' lang='lat' dir='ltr'><strong>militum</strong></span> <span class='ocrx_word' id='word_1_464' title='bbox 2760 1873 2828 1927; x_wconf 85' lang='lat' dir='ltr'><strong>ad</strong></span> <span class='ocrx_word' id='word_1_465' title='bbox 2885 1872 3164 1927; x_wconf 80' lang='lat' dir='ltr'><strong>introitum</strong></span> <span class='ocrx_word' id='word_1_466' title='bbox 3226 1885 3388 1925; x_wconf 85' lang='lat' dir='ltr'><strong>excu-</strong></span> 
     </span>
    </p>
   </div>
   <div class='ocr_carea' id='block_1_63' title="bbox 1818 1963 3388 2034">
    <p class='ocr_par' dir='ltr' id='par_1_63' title="bbox 1818 1963 3388 2034">
     <span class='ocr_line' id='line_1_63' title="bbox 1818 1963 3388 2034; baseline -0.003 -16"><span class='ocrx_word' id='word_1_467' title='bbox 1818 1965 2089 2026; x_wconf 89' lang='lat' dir='ltr'><strong>bantinm,</strong></span> <span class='ocrx_word' id='word_1_468' title='bbox 2147 1965 2240 2033; x_wconf 92' lang='lat' dir='ltr'><strong>qui</strong></span> <span class='ocrx_word' id='word_1_469' title='bbox 2298 1979 2329 2019; x_wconf 90' lang='lat' dir='ltr'><strong>e</strong></span> <span class='ocrx_word' id='word_1_470' title='bbox 2385 1965 2615 2034; x_wconf 84' lang='lat' dir='ltr'><strong>vestigio</strong></span> <span class='ocrx_word' id='word_1_471' title='bbox 2669 1971 3040 2032; x_wconf 78' lang='lat' dir='ltr'><strong>assurgentes,</strong></span> <span class='ocrx_word' id='word_1_472' title='bbox 3099 1963 3388 2031; x_wconf 81' lang='lat' dir='ltr'><strong>virgasque</strong></span> 
     </span>
    </p>
   </div>
   <div class='ocr_carea' id='block_1_64' title="bbox 1817 2051 3384 2123">
    <p class='ocr_par' dir='ltr' id='par_1_64' title="bbox 1817 2051 3384 2123">
     <span class='ocr_line' id='line_1_64' title="bbox 1817 2051 3384 2123; baseline -0.003 -17"><span class='ocrx_word' id='word_1_473' title='bbox 1817 2053 2146 2123; x_wconf 87' lang='lat' dir='ltr'><strong>quatientes,</strong></span> <span class='ocrx_word' id='word_1_474' title='bbox 2184 2061 2238 2107; x_wconf 88' lang='lat' dir='ltr'><strong>et</strong></span> <span class='ocrx_word' id='word_1_475' title='bbox 2265 2054 2586 2108; x_wconf 88' lang='lat' dir='ltr'><strong>minabundi</strong></span> <span class='ocrx_word' id='word_1_476' title='bbox 2622 2053 2677 2108; x_wconf 92' lang='lat' dir='ltr'><strong>in</strong></span> <span class='ocrx_word' id='word_1_477' title='bbox 2719 2069 2809 2108; x_wconf 91' lang='lat' dir='ltr'><strong>me</strong></span> <span class='ocrx_word' id='word_1_478' title='bbox 2839 2054 3130 2118; x_wconf 74' lang='lat' dir='ltr'><strong>irruentes,</strong></span> <span class='ocrx_word' id='word_1_479' title='bbox 3179 2051 3384 2105; x_wconf 83' lang='lat' dir='ltr'><strong>aditum</strong></span> 
     </span>
    </p>
   </div>
   <div class='ocr_carea' id='block_1_65' title="bbox 1817 2141 3387 2214">
    <p class='ocr_par' dir='ltr' id='par_1_65' title="bbox 1817 2141 3387 2214">
     <span class='ocr_line' id='line_1_65' title="bbox 1817 2141 3387 2214; baseline -0.001 -18"><span class='ocrx_word' id='word_1_480' title='bbox 1817 2159 1926 2196; x_wconf 88' lang='lat' dir='ltr'><strong>non</strong></span> <span class='ocrx_word' id='word_1_481' title='bbox 1955 2142 2360 2198; x_wconf 86' lang='lat' dir='ltr'><strong>concedebant:</strong></span> <span class='ocrx_word' id='word_1_482' title='bbox 2399 2144 2530 2214; x_wconf 92' lang='lat' dir='ltr'><strong>quin</strong></span> <span class='ocrx_word' id='word_1_483' title='bbox 2562 2151 2616 2196; x_wconf 87' lang='lat' dir='ltr'><strong>et</strong></span> <span class='ocrx_word' id='word_1_484' title='bbox 2657 2145 2845 2214; x_wconf 83' lang='lat' dir='ltr'><strong>plagas</strong></span> <span class='ocrx_word' id='word_1_485' title='bbox 2879 2143 3239 2212; x_wconf 78' lang='lat' dir='ltr'><strong>accepissem,</strong></span> <span class='ocrx_word' id='word_1_486' title='bbox 3278 2141 3387 2195; x_wconf 90' lang='lat' dir='ltr'><strong>nisi</strong></span> 
     </span>
    </p>
   </div>
   <div class='ocr_carea' id='block_1_66' title="bbox 1817 2232 3390 2302">
    <p class='ocr_par' dir='ltr' id='par_1_66' title="bbox 1817 2232 3390 2302">
     <span class='ocr_line' id='line_1_66' title="bbox 1817 2232 3390 2302; baseline -0.003 -15"><span class='ocrx_word' id='word_1_487' title='bbox 1817 2233 2198 2302; x_wconf 85' lang='lat' dir='ltr'><strong>deprecatione</strong></span> <span class='ocrx_word' id='word_1_488' title='bbox 2241 2237 2426 2298; x_wconf 87' lang='lat' dir='ltr'><strong>unius,</strong></span> <span class='ocrx_word' id='word_1_489' title='bbox 2463 2233 2579 2302; x_wconf 85' lang='lat' dir='ltr'><strong>qui,</strong></span> <span class='ocrx_word' id='word_1_490' title='bbox 2612 2243 2671 2287; x_wconf 88' lang='lat' dir='ltr'><strong>ut</strong></span> <span class='ocrx_word' id='word_1_491' title='bbox 2700 2234 3009 2300; x_wconf 71' lang='lat' dir='ltr'><strong>videbatur,</strong></span> <span class='ocrx_word' id='word_1_492' title='bbox 3049 2234 3261 2288; x_wconf 74' lang='lat' dir='ltr'><strong>caeteris</strong></span> <span class='ocrx_word' id='word_1_493' title='bbox 3294 2232 3390 2286; x_wconf 90' lang='lat' dir='ltr'><strong>bu-</strong></span> 
     </span>
    </p>
   </div>
   <div class='ocr_carea' id='block_1_67' title="bbox 1817 2323 3388 2396">
    <p class='ocr_par' dir='ltr' id='par_1_67' title="bbox 1817 2323 3388 2396">
     <span class='ocr_line' id='line_1_67' title="bbox 1817 2323 3388 2396; baseline 0.001 -17"><span class='ocrx_word' id='word_1_494' title='bbox 1817 2325 2031 2379; x_wconf 89' lang='lat' dir='ltr'><strong>manior</strong></span> <span class='ocrx_word' id='word_1_495' title='bbox 2065 2333 2205 2390; x_wconf 88' lang='lat' dir='ltr'><strong>erat,</strong></span> <span class='ocrx_word' id='word_1_496' title='bbox 2257 2335 2478 2396; x_wconf 88' lang='lat' dir='ltr'><strong>ereptus</strong></span> <span class='ocrx_word' id='word_1_497' title='bbox 2509 2327 2754 2381; x_wconf 84' lang='lat' dir='ltr'><strong>fuissem.</strong></span> <span class='ocrx_word' id='word_1_498' title='bbox 2815 2323 2920 2380; x_wconf 86' lang='lat' dir='ltr'><strong>Ubi</strong></span> <span class='ocrx_word' id='word_1_499' title='bbox 2991 2341 3122 2381; x_wconf 85' lang='lat' dir='ltr'><strong>vero</strong></span> <span class='ocrx_word' id='word_1_500' title='bbox 3161 2339 3388 2392; x_wconf 72' lang='lat' dir='ltr'><strong>smnuus</strong></span> 
     </span>
    </p>
   </div>
   <div class='ocr_carea' id='block_1_68' title="bbox 1816 2417 3385 2489">
    <p class='ocr_par' dir='ltr' id='par_1_68' title="bbox 1816 2417 3385 2489">
     <span class='ocr_line' id='line_1_68' title="bbox 1816 2417 3385 2489; baseline 0 -18"><span class='ocrx_word' id='word_1_501' title='bbox 1816 2434 1902 2473; x_wconf 77' lang='lat' dir='ltr'><strong>me</strong></span> <span class='ocrx_word' id='word_1_502' title='bbox 1923 2419 2166 2488; x_wconf 75' lang='lat' dir='ltr'><strong>reliquit,</strong></span> <span class='ocrx_word' id='word_1_503' title='bbox 2217 2419 2383 2489; x_wconf 91' lang='lat' dir='ltr'><strong>inque</strong></span> <span class='ocrx_word' id='word_1_504' title='bbox 2411 2421 2730 2475; x_wconf 87' lang='lat' dir='ltr'><strong>memoriam</strong></span> <span class='ocrx_word' id='word_1_505' title='bbox 2787 2419 3059 2483; x_wconf 85' lang='lat' dir='ltr'><strong>revocavi,</strong></span> <span class='ocrx_word' id='word_1_506' title='bbox 3093 2434 3214 2488; x_wconf 80' lang='lat' dir='ltr'><strong>quae</strong></span> <span class='ocrx_word' id='word_1_507' title='bbox 3239 2417 3385 2472; x_wconf 84' lang='lat' dir='ltr'><strong>circa</strong></span> 
     </span>
    </p>
   </div>
   <div class='ocr_carea' id='block_1_69' title="bbox 1814 2510 3386 2582">
    <p class='ocr_par' dir='ltr' id='par_1_69' title="bbox 1814 2510 3386 2582">
     <span class='ocr_line' id='line_1_69' title="bbox 1814 2510 3386 2582; baseline 0.001 -19"><span class='ocrx_word' id='word_1_508' title='bbox 1814 2513 2153 2566; x_wconf 78' lang='lat' dir='ltr'><strong>vocationem</strong></span> <span class='ocrx_word' id='word_1_509' title='bbox 2187 2512 2549 2582; x_wconf 85' lang='lat' dir='ltr'><strong>deliquerant,</strong></span> <span class='ocrx_word' id='word_1_510' title='bbox 2593 2521 2706 2566; x_wconf 91' lang='lat' dir='ltr'><strong>tum</strong></span> <span class='ocrx_word' id='word_1_511' title='bbox 2757 2511 2890 2580; x_wconf 90' lang='lat' dir='ltr'><strong>quid</strong></span> <span class='ocrx_word' id='word_1_512' title='bbox 2938 2511 3173 2567; x_wconf 84' lang='lat' dir='ltr'><strong>terriﬁca</strong></span> <span class='ocrx_word' id='word_1_513' title='bbox 3241 2510 3386 2564; x_wconf 62' lang='lat' dir='ltr'><strong>mili»</strong></span> 
     </span>
    </p>
   </div>
   <div class='ocr_carea' id='block_1_70' title="bbox 1814 2601 3383 2672">
    <p class='ocr_par' dir='ltr' id='par_1_70' title="bbox 1814 2601 3383 2672">
     <span class='ocr_line' id='line_1_70' title="bbox 1814 2601 3383 2672; baseline -0.002 -17"><span class='ocrx_word' id='word_1_514' title='bbox 1814 2612 1927 2655; x_wconf 87' lang='lat' dir='ltr'><strong>tum</strong></span> <span class='ocrx_word' id='word_1_515' title='bbox 1954 2602 2226 2672; x_wconf 82' lang='lat' dir='ltr'><strong>apparitio</strong></span> <span class='ocrx_word' id='word_1_516' title='bbox 2260 2603 2363 2657; x_wconf 89' lang='lat' dir='ltr'><strong>sibi</strong></span> <span class='ocrx_word' id='word_1_517' title='bbox 2394 2602 2577 2666; x_wconf 84' lang='lat' dir='ltr'><strong>vellet,</strong></span> <span class='ocrx_word' id='word_1_518' title='bbox 2638 2601 2916 2656; x_wconf 77' lang='lat' dir='ltr'><strong>intellexi:</strong></span> <span class='ocrx_word' id='word_1_519' title='bbox 2973 2601 3158 2656; x_wconf 89' lang='lat' dir='ltr'><strong>multis</strong></span> <span class='ocrx_word' id='word_1_520' title='bbox 3205 2609 3383 2655; x_wconf 87' lang='lat' dir='ltr'><strong>autem</strong></span> 
     </span>
    </p>
   </div>
   <div class='ocr_carea' id='block_1_71' title="bbox 1812 2688 3385 2762">
    <p class='ocr_par' dir='ltr' id='par_1_71' title="bbox 1812 2688 3385 2762">
     <span class='ocr_line' id='line_1_71' title="bbox 1812 2688 3385 2762; baseline -0.003 -17"><span class='ocrx_word' id='word_1_521' title='bbox 1812 2691 2069 2762; x_wconf 87' lang='lat' dir='ltr'><strong>laerymis</strong></span> <span class='ocrx_word' id='word_1_522' title='bbox 2101 2688 2292 2744; x_wconf 83' lang='lat' dir='ltr'><strong>deﬂevi</strong></span> <span class='ocrx_word' id='word_1_523' title='bbox 2320 2706 2498 2745; x_wconf 89' lang='lat' dir='ltr'><strong>meam</strong></span> <span class='ocrx_word' id='word_1_524' title='bbox 2536 2691 2936 2762; x_wconf 87' lang='lat' dir='ltr'><strong>insipientiam,</strong></span> <span class='ocrx_word' id='word_1_525' title='bbox 2972 2690 3259 2760; x_wconf 88' lang='lat' dir='ltr'><strong>ipsamque</strong></span> <span class='ocrx_word' id='word_1_526' title='bbox 3294 2703 3385 2743; x_wconf 90' lang='lat' dir='ltr'><strong>sa-</strong></span> 
     </span>
    </p>
   </div>
   <div class='ocr_carea' id='block_1_72' title="bbox 1810 2782 3384 2855">
    <p class='ocr_par' dir='ltr' id='par_1_72' title="bbox 1810 2782 3384 2855">
     <span class='ocr_line' id='line_1_72' title="bbox 1810 2782 3384 2855; baseline -0.003 -18"><span class='ocrx_word' id='word_1_527' title='bbox 1810 2796 2030 2837; x_wconf 88' lang='lat' dir='ltr'><strong>crarum</strong></span> <span class='ocrx_word' id='word_1_528' title='bbox 2057 2783 2414 2852; x_wconf 87' lang='lat' dir='ltr'><strong>reliquiarum</strong></span> <span class='ocrx_word' id='word_1_529' title='bbox 2442 2783 2652 2836; x_wconf 78' lang='lat' dir='ltr'><strong>thecam</strong></span> <span class='ocrx_word' id='word_1_530' title='bbox 2684 2783 2939 2855; x_wconf 83' lang='lat' dir='ltr'><strong>lacrymis</strong></span> <span class='ocrx_word' id='word_1_531' title='bbox 2967 2782 3167 2836; x_wconf 87' lang='lat' dir='ltr'><strong>amaris</strong></span> <span class='ocrx_word' id='word_1_532' title='bbox 3197 2795 3384 2850; x_wconf 89' lang='lat' dir='ltr'><strong>asper-</strong></span> 
     </span>
    </p>
   </div>
   <div class='ocr_carea' id='block_1_73' title="bbox 1812 2873 3386 2945">
    <p class='ocr_par' dir='ltr' id='par_1_73' title="bbox 1812 2873 3386 2945">
     <span class='ocr_line' id='line_1_73' title="bbox 1812 2873 3386 2945; baseline -0.003 -14"><span class='ocrx_word' id='word_1_533' title='bbox 1812 2877 1880 2937; x_wconf 84' lang='lat' dir='ltr'><strong>si.</strong></span> <span class='ocrx_word' id='word_1_534' title='bbox 1913 2883 1972 2930; x_wconf 91' lang='lat' dir='ltr'><strong>ut</strong></span> <span class='ocrx_word' id='word_1_535' title='bbox 2001 2883 2054 2930; x_wconf 87' lang='lat' dir='ltr'><strong>et</strong></span> <span class='ocrx_word' id='word_1_536' title='bbox 2089 2874 2256 2931; x_wconf 90' lang='lat' dir='ltr'><strong>Deum</strong></span> <span class='ocrx_word' id='word_1_537' title='bbox 2295 2876 2427 2928; x_wconf 91' lang='lat' dir='ltr'><strong>mihi</strong></span> <span class='ocrx_word' id='word_1_538' title='bbox 2471 2875 2845 2945; x_wconf 89' lang='lat' dir='ltr'><strong>propitiarem,</strong></span> <span class='ocrx_word' id='word_1_539' title='bbox 2887 2882 2942 2930; x_wconf 91' lang='lat' dir='ltr'><strong>et</strong></span> <span class='ocrx_word' id='word_1_540' title='bbox 2973 2889 3002 2928; x_wconf 89' lang='lat' dir='ltr'><strong>a</strong></span> <span class='ocrx_word' id='word_1_541' title='bbox 3032 2874 3239 2930; x_wconf 80' lang='lat' dir='ltr'><strong>sanctis</strong></span> <span class='ocrx_word' id='word_1_542' title='bbox 3283 2873 3386 2927; x_wconf 90' lang='lat' dir='ltr'><strong>mi-</strong></span> 
     </span>
    </p>
   </div>
   <div class='ocr_carea' id='block_1_74' title="bbox 1813 2967 3025 3023">
    <p class='ocr_par' dir='ltr' id='par_1_74' title="bbox 1813 2967 3025 3023">
     <span class='ocr_line' id='line_1_74' title="bbox 1813 2967 3025 3023; baseline -0.002 -1"><span class='ocrx_word' id='word_1_543' title='bbox 1813 2968 2001 3023; x_wconf 84' lang='lat' dir='ltr'><strong>litibus</strong></span> <span class='ocrx_word' id='word_1_544' title='bbox 2025 2967 2302 3022; x_wconf 88' lang='lat' dir='ltr'><strong>commissi</strong></span> <span class='ocrx_word' id='word_1_545' title='bbox 2338 2968 2664 3022; x_wconf 89' lang='lat' dir='ltr'><strong>oblivionem</strong></span> <span class='ocrx_word' id='word_1_546' title='bbox 2702 2967 3025 3022; x_wconf 88' lang='lat' dir='ltr'><strong>obtinerem.</strong></span> 
     </span>
    </p>
   </div>
   <div class='ocr_carea' id='block_1_75' title="bbox 1880 3059 3379 3130">
    <p class='ocr_par' dir='ltr' id='par_1_75' title="bbox 1880 3059 3379 3130">
     <span class='ocr_line' id='line_1_75' title="bbox 1880 3059 3379 3130; baseline 0.001 -17"><span class='ocrx_word' id='word_1_547' title='bbox 1880 3059 2005 3114; x_wconf 77' lang='lat' dir='ltr'><strong>llaec</strong></span> <span class='ocrx_word' id='word_1_548' title='bbox 2041 3060 2430 3123; x_wconf 90' lang='lat' dir='ltr'><strong>recensucrim,</strong></span> <span class='ocrx_word' id='word_1_549' title='bbox 2468 3069 2527 3118; x_wconf 86' lang='lat' dir='ltr'><strong>ut</strong></span> <span class='ocrx_word' id='word_1_550' title='bbox 2562 3059 2850 3114; x_wconf 88' lang='lat' dir='ltr'><strong>credamus</strong></span> <span class='ocrx_word' id='word_1_551' title='bbox 2884 3067 3148 3130; x_wconf 85' lang='lat' dir='ltr'><strong>martyres</strong></span> <span class='ocrx_word' id='word_1_552' title='bbox 3175 3060 3379 3122; x_wconf 80' lang='lat' dir='ltr'><strong>vivere,</strong></span> 
     </span>
    </p>
   </div>
   <div class='ocr_carea' id='block_1_76' title="bbox 1813 3151 3380 3222">
    <p class='ocr_par' dir='ltr' id='par_1_76' title="bbox 1813 3151 3380 3222">
     <span class='ocr_line' id='line_1_76' title="bbox 1813 3151 3380 3222; baseline -0.004 -13"><span class='ocrx_word' id='word_1_553' title='bbox 1813 3162 1865 3209; x_wconf 85' lang='lat' dir='ltr'><strong>et</strong></span> <span class='ocrx_word' id='word_1_554' title='bbox 1900 3151 1990 3208; x_wconf 88' lang='lat' dir='ltr'><strong>Dei</strong></span> <span class='ocrx_word' id='word_1_555' title='bbox 2024 3154 2180 3222; x_wconf 89' lang='lat' dir='ltr'><strong>quasi</strong></span> <span class='ocrx_word' id='word_1_556' title='bbox 2217 3153 2509 3221; x_wconf 85' lang='lat' dir='ltr'><strong>stipatores</strong></span> <span class='ocrx_word' id='word_1_557' title='bbox 2544 3161 2599 3206; x_wconf 91' lang='lat' dir='ltr'><strong>et</strong></span> <span class='ocrx_word' id='word_1_558' title='bbox 2627 3167 2939 3207; x_wconf 86' lang='lat' dir='ltr'><strong>assessorcs</strong></span> <span class='ocrx_word' id='word_1_559' title='bbox 2971 3168 3110 3216; x_wconf 88' lang='lat' dir='ltr'><strong>esse,</strong></span> <span class='ocrx_word' id='word_1_560' title='bbox 3151 3151 3240 3222; x_wconf 90' lang='lat' dir='ltr'><strong>qui</strong></span> <span class='ocrx_word' id='word_1_561' title='bbox 3287 3153 3380 3204; x_wconf 90' lang='lat' dir='ltr'><strong>ho-</strong></span> 
     </span>
    </p>
   </div>
   <div class='ocr_carea' id='block_1_77' title="bbox 1814 3243 3381 3320">
    <p class='ocr_par' dir='ltr' id='par_1_77' title="bbox 1814 3243 3381 3320">
     <span class='ocr_line' id='line_1_77' title="bbox 1814 3243 3381 3320; baseline 0 -22"><span class='ocrx_word' id='word_1_562' title='bbox 1814 3244 1902 3299; x_wconf 88' lang='lat' dir='ltr'><strong>die</strong></span> <span class='ocrx_word' id='word_1_563' title='bbox 1947 3243 2205 3320; x_wconf 72' lang='lat' dir='ltr'><strong>Ecclesia:</strong></span> <span class='ocrx_word' id='word_1_564' title='bbox 2248 3252 2301 3297; x_wconf 86' lang='lat' dir='ltr'><strong>et</strong></span> <span class='ocrx_word' id='word_1_565' title='bbox 2347 3245 2714 3298; x_wconf 88' lang='lat' dir='ltr'><strong>emolumento</strong></span> <span class='ocrx_word' id='word_1_566' title='bbox 2761 3255 2813 3298; x_wconf 84' lang='lat' dir='ltr'><strong>et</strong></span> <span class='ocrx_word' id='word_1_567' title='bbox 2864 3252 3184 3298; x_wconf 86' lang='lat' dir='ltr'><strong>ornamento</strong></span> <span class='ocrx_word' id='word_1_568' title='bbox 3230 3251 3381 3300; x_wconf 61' lang='lat' dir='ltr'><strong>sunt.</strong></span> 
     </span>
    </p>
   </div>
   <div class='ocr_carea' id='block_1_78' title="bbox 1814 3332 3384 3405">
    <p class='ocr_par' dir='ltr' id='par_1_78' title="bbox 1814 3332 3384 3405">
     <span class='ocr_line' id='line_1_78' title="bbox 1814 3332 3384 3405; baseline 0 -18"><span class='ocrx_word' id='word_1_569' title='bbox 1814 3334 1935 3405; x_wconf 84' lang='lat' dir='ltr'><strong>lpsa</strong></span> <span class='ocrx_word' id='word_1_570' title='bbox 1964 3349 2095 3389; x_wconf 86' lang='lat' dir='ltr'><strong>vero</strong></span> <span class='ocrx_word' id='word_1_571' title='bbox 2128 3332 2582 3404; x_wconf 85' lang='lat' dir='ltr'><strong>Quadragcsima,</strong></span> <span class='ocrx_word' id='word_1_572' title='bbox 2623 3350 2728 3404; x_wconf 88' lang='lat' dir='ltr'><strong>qua</strong></span> <span class='ocrx_word' id='word_1_573' title='bbox 2775 3334 3132 3404; x_wconf 73' lang='lat' dir='ltr'><strong>quadraginta</strong></span> <span class='ocrx_word' id='word_1_574' title='bbox 3182 3344 3384 3405; x_wconf 84' lang='lat' dir='ltr'><strong>marty-</strong></span> 
     </span>
    </p>
   </div>
   <div class='ocr_carea' id='block_1_79' title="bbox 1813 3426 3381 3497">
    <p class='ocr_par' dir='ltr' id='par_1_79' title="bbox 1813 3426 3381 3497">
     <span class='ocr_line' id='line_1_79' title="bbox 1813 3426 3381 3497; baseline -0.001 -16"><span class='ocrx_word' id='word_1_575' title='bbox 1813 3443 1935 3482; x_wconf 88' lang='lat' dir='ltr'><strong>rum</strong></span> <span class='ocrx_word' id='word_1_576' title='bbox 1965 3428 2231 3488; x_wconf 86' lang='lat' dir='ltr'><strong>memoria</strong></span> <span class='ocrx_word' id='word_1_577' title='bbox 2267 3426 2471 3488; x_wconf 87' lang='lat' dir='ltr'><strong>obitur,</strong></span> <span class='ocrx_word' id='word_1_578' title='bbox 2506 3427 2845 3497; x_wconf 85' lang='lat' dir='ltr'><strong>splendidior</strong></span> <span class='ocrx_word' id='word_1_579' title='bbox 2870 3435 2922 3482; x_wconf 87' lang='lat' dir='ltr'><strong>et</strong></span> <span class='ocrx_word' id='word_1_580' title='bbox 2970 3427 3145 3496; x_wconf 82' lang='lat' dir='ltr'><strong>major</strong></span> <span class='ocrx_word' id='word_1_581' title='bbox 3183 3441 3285 3490; x_wconf 82' lang='lat' dir='ltr'><strong>est,</strong></span> <span class='ocrx_word' id='word_1_582' title='bbox 3322 3435 3381 3482; x_wconf 84' lang='lat' dir='ltr'><strong>et</strong></span> 
     </span>
    </p>
   </div>
   <div class='ocr_carea' id='block_1_80' title="bbox 1814 3516 3382 3595">
    <p class='ocr_par' dir='ltr' id='par_1_80' title="bbox 1814 3516 3382 3595">
     <span class='ocr_line' id='line_1_80' title="bbox 1814 3516 3382 3595; baseline 0.001 -25"><span class='ocrx_word' id='word_1_583' title='bbox 1814 3516 2022 3571; x_wconf 84' lang='lat' dir='ltr'><strong>mensis</strong></span> <span class='ocrx_word' id='word_1_584' title='bbox 2056 3516 2340 3571; x_wconf 81' lang='lat' dir='ltr'><strong>mensibus</strong></span> <span class='ocrx_word' id='word_1_585' title='bbox 2372 3516 2494 3570; x_wconf 86' lang='lat' dir='ltr'><strong>aliis</strong></span> <span class='ocrx_word' id='word_1_586' title='bbox 2521 3516 2806 3582; x_wconf 87' lang='lat' dir='ltr'><strong>illustrior,</strong></span> <span class='ocrx_word' id='word_1_587' title='bbox 2836 3530 3014 3595; x_wconf 54' lang='lat' dir='ltr'><strong>neque</strong></span> <span class='ocrx_word' id='word_1_588' title='bbox 3036 3518 3173 3569; x_wconf 86' lang='lat' dir='ltr'><strong>mala</strong></span> <span class='ocrx_word' id='word_1_589' title='bbox 3209 3517 3382 3572; x_wconf 79' lang='lat' dir='ltr'><strong>hiems</strong></span> 
     </span>
    </p>
   </div>
   <div class='ocr_carea' id='block_1_81' title="bbox 1813 3613 3383 3685">
    <p class='ocr_par' dir='ltr' id='par_1_81' title="bbox 1813 3613 3383 3685">
     <span class='ocr_line' id='line_1_81' title="bbox 1813 3613 3383 3685; baseline -0.001 -16"><span class='ocrx_word' id='word_1_590' title='bbox 1813 3617 2047 3685; x_wconf 85' lang='lat' dir='ltr'><strong>amplius</strong></span> <span class='ocrx_word' id='word_1_591' title='bbox 2091 3615 2221 3668; x_wconf 90' lang='lat' dir='ltr'><strong>mihi</strong></span> <span class='ocrx_word' id='word_1_592' title='bbox 2273 3614 2509 3669; x_wconf 76' lang='lat' dir='ltr'><strong>difﬁcilis</strong></span> <span class='ocrx_word' id='word_1_593' title='bbox 2550 3621 2795 3682; x_wconf 80' lang='lat' dir='ltr'><strong>apparet.</strong></span> <span class='ocrx_word' id='word_1_594' title='bbox 2845 3629 3021 3683; x_wconf 90' lang='lat' dir='ltr'><strong>neque</strong></span> <span class='ocrx_word' id='word_1_595' title='bbox 3061 3613 3269 3682; x_wconf 81' lang='lat' dir='ltr'><strong>amigor</strong></span> <span class='ocrx_word' id='word_1_596' title='bbox 3314 3614 3383 3667; x_wconf 87' lang='lat' dir='ltr'><strong>ob</strong></span> 
     </span>
    </p>
   </div>
   <div class='ocr_carea' id='block_1_82' title="bbox 1811 3701 3385 3777">
    <p class='ocr_par' dir='ltr' id='par_1_82' title="bbox 1811 3701 3385 3777">
     <span class='ocr_line' id='line_1_82' title="bbox 1811 3701 3385 3777; baseline -0.003 -17"><span class='ocrx_word' id='word_1_597' title='bbox 1811 3705 2076 3777; x_wconf 87' lang='lat' dir='ltr'><strong>temporis</strong></span> <span class='ocrx_word' id='word_1_598' title='bbox 2103 3705 2359 3762; x_wconf 84' lang='lat' dir='ltr'><strong>instantis</strong></span> <span class='ocrx_word' id='word_1_599' title='bbox 2389 3704 2816 3759; x_wconf 87' lang='lat' dir='ltr'><strong>inclementiam.</strong></span> <span class='ocrx_word' id='word_1_600' title='bbox 2851 3701 2984 3755; x_wconf 86' lang='lat' dir='ltr'><strong>Nam</strong></span> <span class='ocrx_word' id='word_1_601' title='bbox 3023 3704 3231 3757; x_wconf 89' lang='lat' dir='ltr'><strong>immite</strong></span> <span class='ocrx_word' id='word_1_602' title='bbox 3256 3712 3385 3757; x_wconf 81' lang='lat' dir='ltr'><strong>tem-</strong></span> 
     </span>
    </p>
   </div>
   <div class='ocr_carea' id='block_1_83' title="bbox 1812 3795 3384 3870">
    <p class='ocr_par' dir='ltr' id='par_1_83' title="bbox 1812 3795 3384 3870">
     <span class='ocr_line' id='line_1_83' title="bbox 1812 3795 3384 3870; baseline -0.006 -16"><span class='ocrx_word' id='word_1_603' title='bbox 1812 3814 1939 3870; x_wconf 87' lang='lat' dir='ltr'><strong>pus,</strong></span> <span class='ocrx_word' id='word_1_604' title='bbox 1972 3798 2265 3852; x_wconf 89' lang='lat' dir='ltr'><strong>occasione</strong></span> <span class='ocrx_word' id='word_1_605' title='bbox 2299 3796 2636 3866; x_wconf 88' lang='lat' dir='ltr'><strong>persecutori</strong></span> <span class='ocrx_word' id='word_1_606' title='bbox 2669 3795 3104 3870; x_wconf 82' lang='lat' dir='ltr'><strong>subministrata,</strong></span> <span class='ocrx_word' id='word_1_607' title='bbox 3137 3795 3275 3849; x_wconf 81' lang='lat' dir='ltr'><strong>hanc</strong></span> <span class='ocrx_word' id='word_1_608' title='bbox 3303 3811 3384 3848; x_wconf 86' lang='lat' dir='ltr'><strong>sa-</strong></span> 
     </span>
    </p>
   </div>
   <div class='ocr_carea' id='block_1_84' title="bbox 1812 3867 3380 3958">
    <p class='ocr_par' dir='ltr' id='par_1_84' title="bbox 1812 3867 3380 3958">
     <span class='ocr_line' id='line_1_84' title="bbox 1812 3867 3380 3958; baseline -0.004 -16"><span class='ocrx_word' id='word_1_609' title='bbox 1812 3867 1962 3958; x_wconf 74' lang='lat' dir='ltr'><strong>cram</strong></span> <span class='ocrx_word' id='word_1_610' title='bbox 1997 3897 2272 3942; x_wconf 82' lang='lat' dir='ltr'><strong>catervam</strong></span> <span class='ocrx_word' id='word_1_611' title='bbox 2307 3883 2564 3941; x_wconf 74' lang='lat' dir='ltr'><strong>confecit.</strong></span> <span class='ocrx_word' id='word_1_612' title='bbox 2593 3886 2658 3946; x_wconf 86' lang='lat' dir='ltr'><strong>Et</strong></span> <span class='ocrx_word' id='word_1_613' title='bbox 2688 3867 3143 3955; x_wconf 86' lang='lat' dir='ltr'><strong>quemadmodum</strong></span> <span class='ocrx_word' id='word_1_614' title='bbox 3175 3893 3380 3953; x_wconf 87' lang='lat' dir='ltr'><strong>septem</strong></span> 
     </span>
    </p>
   </div>
   <div class='ocr_carea' id='block_1_85' title="bbox 1812 3973 3384 4043">
    <p class='ocr_par' dir='ltr' id='par_1_85' title="bbox 1812 3973 3384 4043">
     <span class='ocr_line' id='line_1_85' title="bbox 1812 3973 3384 4043; baseline -0.004 -11"><span class='ocrx_word' id='word_1_615' title='bbox 1812 3977 2279 4032; x_wconf 64' lang='lat' dir='ltr'><strong>Macchabaiorum</strong></span> <span class='ocrx_word' id='word_1_616' title='bbox 2337 3982 2547 4036; x_wconf 87' lang='lat' dir='ltr'><strong>mater,</strong></span> <span class='ocrx_word' id='word_1_617' title='bbox 2587 3989 2652 4028; x_wconf 91' lang='lat' dir='ltr'><strong>eo</strong></span> <span class='ocrx_word' id='word_1_618' title='bbox 2672 3976 2816 4043; x_wconf 89' lang='lat' dir='ltr'><strong>quod</strong></span> <span class='ocrx_word' id='word_1_619' title='bbox 2870 3976 3110 4030; x_wconf 89' lang='lat' dir='ltr'><strong>animum</strong></span> <span class='ocrx_word' id='word_1_620' title='bbox 3161 3973 3384 4029; x_wconf 87' lang='lat' dir='ltr'><strong>haberet</strong></span> 
     </span>
    </p>
   </div>
   <div class='ocr_carea' id='block_1_86' title="bbox 1813 4067 3384 4140">
    <p class='ocr_par' dir='ltr' id='par_1_86' title="bbox 1813 4067 3384 4140">
     <span class='ocr_line' id='line_1_86' title="bbox 1813 4067 3384 4140; baseline -0.003 -16"><span class='ocrx_word' id='word_1_621' title='bbox 1813 4069 1986 4140; x_wconf 87' lang='lat' dir='ltr'><strong>magis</strong></span> <span class='ocrx_word' id='word_1_622' title='bbox 2019 4068 2112 4123; x_wconf 85' lang='lat' dir='ltr'><strong>Dei</strong></span> <span class='ocrx_word' id='word_1_623' title='bbox 2161 4082 2324 4138; x_wconf 90' lang='lat' dir='ltr'><strong>quam</strong></span> <span class='ocrx_word' id='word_1_624' title='bbox 2356 4068 2543 4121; x_wconf 87' lang='lat' dir='ltr'><strong>carnis</strong></span> <span class='ocrx_word' id='word_1_625' title='bbox 2573 4075 2870 4132; x_wconf 85' lang='lat' dir='ltr'><strong>amantem,</strong></span> <span class='ocrx_word' id='word_1_626' title='bbox 2905 4083 3078 4136; x_wconf 87' lang='lat' dir='ltr'><strong>neque</strong></span> <span class='ocrx_word' id='word_1_627' title='bbox 3128 4067 3384 4121; x_wconf 78' lang='lat' dir='ltr'><strong>Antiochi</strong></span> 
     </span>
    </p>
   </div>
   <div class='ocr_carea' id='block_1_87' title="bbox 1813 4158 3442 4233">
    <p class='ocr_par' dir='ltr' id='par_1_87' title="bbox 1813 4158 3442 4233">
     <span class='ocr_line' id='line_1_87' title="bbox 1813 4158 3442 4233; baseline -0.004 -18"><span class='ocrx_word' id='word_1_628' title='bbox 1813 4162 2033 4233; x_wconf 87' lang='lat' dir='ltr'><strong>tyranni</strong></span> <span class='ocrx_word' id='word_1_629' title='bbox 2077 4161 2252 4230; x_wconf 70' lang='lat' dir='ltr'><strong>Syriae</strong></span> <span class='ocrx_word' id='word_1_630' title='bbox 2292 4158 2673 4214; x_wconf 88' lang='lat' dir='ltr'><strong>crudelitatem</strong></span> <span class='ocrx_word' id='word_1_631' title='bbox 2703 4160 3017 4224; x_wconf 74' lang='lat' dir='ltr'><strong>accusavit;</strong></span> <span class='ocrx_word' id='word_1_632' title='bbox 3048 4175 3224 4229; x_wconf 88' lang='lat' dir='ltr'><strong>neque</strong></span> <span class='ocrx_word' id='word_1_633' title='bbox 3255 4175 3383 4228; x_wconf 87' lang='lat' dir='ltr'><strong>sup-</strong></span> <span class='ocrx_word' id='word_1_634' title='bbox 3435 4185 3442 4191; x_wconf 92' lang='lat'><strong><em>-</em></strong></span> 
     </span>
    </p>
   </div>
   <div class='ocr_carea' id='block_1_88' title="bbox 1810 4249 3376 4323">
    <p class='ocr_par' dir='ltr' id='par_1_88' title="bbox 1810 4249 3376 4323">
     <span class='ocr_line' id='line_1_88' title="bbox 1810 4249 3376 4323; baseline -0.001 -17"><span class='ocrx_word' id='word_1_635' title='bbox 1810 4252 1971 4323; x_wconf 85' lang='lat' dir='ltr'><strong>plicia</strong></span> <span class='ocrx_word' id='word_1_636' title='bbox 1996 4261 2050 4308; x_wconf 86' lang='lat' dir='ltr'><strong>et</strong></span> <span class='ocrx_word' id='word_1_637' title='bbox 2077 4252 2419 4307; x_wconf 86' lang='lat' dir='ltr'><strong>calamitates</strong></span> <span class='ocrx_word' id='word_1_638' title='bbox 2465 4249 2701 4304; x_wconf 91' lang='lat' dir='ltr'><strong>ﬁliorum</strong></span> <span class='ocrx_word' id='word_1_639' title='bbox 2744 4251 2966 4320; x_wconf 81' lang='lat' dir='ltr'><strong>indigne</strong></span> <span class='ocrx_word' id='word_1_640' title='bbox 3003 4253 3146 4315; x_wconf 90' lang='lat' dir='ltr'><strong>tulit,</strong></span> <span class='ocrx_word' id='word_1_641' title='bbox 3191 4253 3376 4305; x_wconf 33' lang='lat' dir='ltr'><strong>solitu‘</strong></span> 
     </span>
    </p>
   </div>
   <div class='ocr_carea' id='block_1_89' title="bbox 1810 4342 3383 4406">
    <p class='ocr_par' dir='ltr' id='par_1_89' title="bbox 1810 4342 3383 4406">
     <span class='ocr_line' id='line_1_89' title="bbox 1810 4342 3383 4406; baseline -0.001 -10"><span class='ocrx_word' id='word_1_642' title='bbox 1810 4343 1994 4398; x_wconf 89' lang='lat' dir='ltr'><strong>dinem</strong></span> <span class='ocrx_word' id='word_1_643' title='bbox 2017 4359 2178 4405; x_wconf 75' lang='lat' dir='ltr'><strong>,vero,</strong></span> <span class='ocrx_word' id='word_1_644' title='bbox 2225 4350 2284 4397; x_wconf 90' lang='lat' dir='ltr'><strong>ut</strong></span> <span class='ocrx_word' id='word_1_645' title='bbox 2332 4342 2680 4406; x_wconf 88' lang='lat' dir='ltr'><strong>beneﬁcium,</strong></span> <span class='ocrx_word' id='word_1_646' title='bbox 2709 4350 2763 4396; x_wconf 94' lang='lat' dir='ltr'><strong>et</strong></span> <span class='ocrx_word' id='word_1_647' title='bbox 2790 4342 3102 4405; x_wconf 89' lang='lat' dir='ltr'><strong>orbitatem,</strong></span> <span class='ocrx_word' id='word_1_648' title='bbox 3140 4350 3196 4396; x_wconf 88' lang='lat' dir='ltr'><strong>ut</strong></span> <span class='ocrx_word' id='word_1_649' title='bbox 3225 4343 3383 4396; x_wconf 77' lang='lat' dir='ltr'><strong>auxi-</strong></span> 
     </span>
    </p>
   </div>
   <div class='ocr_carea' id='block_1_90' title="bbox 1810 4433 3382 4504">
    <p class='ocr_par' dir='ltr' id='par_1_90' title="bbox 1810 4433 3382 4504">
     <span class='ocr_line' id='line_1_90' title="bbox 1810 4433 3382 4504; baseline -0.003 -14"><span class='ocrx_word' id='word_1_650' title='bbox 1810 4437 1945 4490; x_wconf 90' lang='lat' dir='ltr'><strong>lium</strong></span> <span class='ocrx_word' id='word_1_651' title='bbox 1979 4435 2225 4504; x_wconf 81' lang='lat' dir='ltr'><strong>accepit;</strong></span> <span class='ocrx_word' id='word_1_652' title='bbox 2271 4450 2445 4504; x_wconf 89' lang='lat' dir='ltr'><strong>neque</strong></span> <span class='ocrx_word' id='word_1_653' title='bbox 2479 4433 2791 4504; x_wconf 86' lang='lat' dir='ltr'><strong>Stephanus</strong></span> <span class='ocrx_word' id='word_1_654' title='bbox 2840 4433 3110 4503; x_wconf 77' lang='lat' dir='ltr'><strong>lapidatus</strong></span> <span class='ocrx_word' id='word_1_655' title='bbox 3149 4435 3382 4488; x_wconf 85' lang='lat' dir='ltr'><strong>arbitra-</strong></span> 
     </span>
    </p>
   </div>
   <div class='ocr_carea' id='block_1_91' title="bbox 119 4524 1712 4598">
    <p class='ocr_par' dir='ltr' id='par_1_91' title="bbox 119 4524 1709 4597">
     <span class='ocr_line' id='line_1_91' title="bbox 119 4524 1709 4597; baseline 0.005 -21"><span class='ocrx_word' id='word_1_656' title='bbox 119 4524 462 4594; x_wconf 85' lang='grc' dir='ltr'>βλάπτεσθαι</span> <span class='ocrx_word' id='word_1_657' title='bbox 491 4565 506 4589; x_wconf 91' lang='grc'><strong>,</strong></span> <span class='ocrx_word' id='word_1_658' title='bbox 538 4525 675 4579; x_wconf 80' lang='grc' dir='ltr'>ἀλλὰ</span> <span class='ocrx_word' id='word_1_659' title='bbox 709 4526 907 4597; x_wconf 80' lang='grc' dir='ltr'>μᾶλλον</span> <span class='ocrx_word' id='word_1_660' title='bbox 944 4524 1320 4590; x_wconf 62' lang='grc' dir='ltr'>ζωοποιετσθαι</span> <span class='ocrx_word' id='word_1_661' title='bbox 1341 4546 1354 4559; x_wconf 76' lang='lat'>&#39;</span> <span class='ocrx_word' id='word_1_662' title='bbox 1389 4525 1560 4593; x_wconf 75' lang='grc' dir='ltr'>οὕτως</span> <span class='ocrx_word' id='word_1_663' title='bbox 1615 4532 1709 4584; x_wconf 78' lang='grc' dir='ltr'>καὶ</span> 
     </span>
    </p>
   </div>
   <div class='ocr_carea' id='block_1_92' title="bbox 1816 4524 3380 4598">
    <p class='ocr_par' dir='ltr' id='par_1_92' title="bbox 1816 4525 3380 4598">
     <span class='ocr_line' id='line_1_92' title="bbox 1816 4525 3380 4598; baseline -0.004 -14"><span class='ocrx_word' id='word_1_664' title='bbox 1816 4529 1973 4584; x_wconf 83' lang='lat' dir='ltr'><strong>batur</strong></span> <span class='ocrx_word' id='word_1_665' title='bbox 2007 4538 2067 4583; x_wconf 77' lang='lat' dir='ltr'><strong>se</strong></span> <span class='ocrx_word' id='word_1_666' title='bbox 2101 4527 2245 4593; x_wconf 67' lang='lat' dir='ltr'><strong>laedi,</strong></span> <span class='ocrx_word' id='word_1_667' title='bbox 2282 4527 2380 4582; x_wconf 81' lang='lat' dir='ltr'><strong>sed</strong></span> <span class='ocrx_word' id='word_1_668' title='bbox 2411 4528 2586 4598; x_wconf 87' lang='lat' dir='ltr'><strong>magis</strong></span> <span class='ocrx_word' id='word_1_669' title='bbox 2607 4527 2874 4580; x_wconf 85' lang='lat' dir='ltr'><strong>vivificari</strong></span> <span class='ocrx_word' id='word_1_670' title='bbox 2903 4545 2914 4580; x_wconf 91' lang='lat'>:</span> <span class='ocrx_word' id='word_1_671' title='bbox 2951 4527 3024 4580; x_wconf 88' lang='lat' dir='ltr'><strong>ita</strong></span> <span class='ocrx_word' id='word_1_672' title='bbox 3059 4535 3112 4579; x_wconf 85' lang='lat' dir='ltr'><strong>et</strong></span> <span class='ocrx_word' id='word_1_673' title='bbox 3156 4540 3255 4580; x_wconf 88' lang='lat' dir='ltr'><strong>nos</strong></span> <span class='ocrx_word' id='word_1_674' title='bbox 3287 4525 3380 4579; x_wconf 80' lang='lat' dir='ltr'><strong>Dei</strong></span> 
     </span>
    </p>
   </div>
   <div class='ocr_carea' id='block_1_93' title="bbox 117 4615 1708 4692">
    <p class='ocr_par' dir='ltr' id='par_1_93' title="bbox 117 4615 1708 4692">
     <span class='ocr_line' id='line_1_93' title="bbox 117 4615 1708 4692; baseline 0.004 -24"><span class='ocrx_word' id='word_1_675' title='bbox 117 4618 284 4687; x_wconf 84' lang='grc' dir='ltr'>ἡμεῖς</span> <span class='ocrx_word' id='word_1_676' title='bbox 323 4618 436 4680; x_wconf 88' lang='grc' dir='ltr'>τοῖς</span> <span class='ocrx_word' id='word_1_677' title='bbox 461 4615 749 4688; x_wconf 84' lang='grc' dir='ltr'>θεομάχοις</span> <span class='ocrx_word' id='word_1_678' title='bbox 778 4617 1064 4689; x_wconf 71' lang='grc' dir='ltr'>ὀφείλομεν</span> <span class='ocrx_word' id='word_1_679' title='bbox 1089 4618 1250 4689; x_wconf 76' lang='grc' dir='ltr'>χάριν</span> <span class='ocrx_word' id='word_1_680' title='bbox 1273 4620 1346 4673; x_wconf 82' lang='grc' dir='ltr'>’ἐκ</span> <span class='ocrx_word' id='word_1_681' title='bbox 1369 4621 1469 4692; x_wconf 86' lang='grc' dir='ltr'><strong>τῆς</strong></span> <span class='ocrx_word' id='word_1_682' title='bbox 1499 4620 1708 4691; x_wconf 78' lang='grc' dir='ltr'>ἀγαθῆς</span> 
     </span>
    </p>
   </div>
   <div class='ocr_carea' id='block_1_94' title="bbox 119 4705 1710 4783">
    <p class='ocr_par' dir='ltr' id='par_1_94' title="bbox 119 4705 1710 4783">
     <span class='ocr_line' id='line_1_94' title="bbox 119 4705 1710 4783; baseline 0.002 -21"><span class='ocrx_word' id='word_1_683' title='bbox 119 4709 473 4773; x_wconf 75' lang='grc' dir='ltr'>ἀποϐάσεως,</span> <span class='ocrx_word' id='word_1_684' title='bbox 501 4710 620 4764; x_wconf 83' lang='grc' dir='ltr'>ἀνθ’</span> <span class='ocrx_word' id='word_1_685' title='bbox 645 4705 720 4766; x_wconf 86' lang='grc' dir='ltr'>ὧν</span> <span class='ocrx_word' id='word_1_686' title='bbox 744 4712 875 4783; x_wconf 82' lang='grc' dir='ltr'>ἡμῖν</span> <span class='ocrx_word' id='word_1_687' title='bbox 899 4712 1168 4772; x_wconf 68' lang='grc' dir='ltr'>τοσούτων</span> <span class='ocrx_word' id='word_1_688' title='bbox 1200 4713 1421 4780; x_wconf 84' lang='grc' dir='ltr'>ἀγαθῶν</span> <span class='ocrx_word' id='word_1_689' title='bbox 1442 4713 1710 4783; x_wconf 84' lang='grc' dir='ltr'>κατέστη-</span> 
     </span>
    </p>
   </div>
   <div class='ocr_carea' id='block_1_95' title="bbox 119 4795 1712 4872">
    <p class='ocr_par' dir='ltr' id='par_1_95' title="bbox 119 4795 1712 4872">
     <span class='ocr_line' id='line_1_95' title="bbox 119 4795 1712 4872; baseline 0.003 -20"><span class='ocrx_word' id='word_1_690' title='bbox 119 4818 223 4853; x_wconf 81' lang='grc' dir='ltr'><strong>σαν</strong></span> <span class='ocrx_word' id='word_1_691' title='bbox 264 4798 465 4866; x_wconf 83' lang='grc' dir='ltr'>αἴτιοι,</span> <span class='ocrx_word' id='word_1_692' title='bbox 513 4800 561 4851; x_wconf 88' lang='grc' dir='ltr'><strong>εί</strong></span> <span class='ocrx_word' id='word_1_693' title='bbox 589 4799 682 4852; x_wconf 76' lang='grc' dir='ltr'>καὶ</span> <span class='ocrx_word' id='word_1_694' title='bbox 728 4801 801 4870; x_wconf 84' lang='grc' dir='ltr'>μὴ</span> <span class='ocrx_word' id='word_1_695' title='bbox 834 4795 1499 4872; x_wconf 54' lang='grc' dir='ltr'>σκοπῷεὺἐργπούντων</span> <span class='ocrx_word' id='word_1_696' title='bbox 1524 4841 1538 4865; x_wconf 90' lang='grc'><strong>,</strong></span> <span class='ocrx_word' id='word_1_697' title='bbox 1577 4802 1712 4856; x_wconf 76' lang='grc' dir='ltr'>ἀλλὰ</span> 
     </span>
    </p>
   </div>
   <div class='ocr_carea' id='block_1_96' title="bbox 117 4891 1711 4968">
    <p class='ocr_par' dir='ltr' id='par_1_96' title="bbox 117 4891 1711 4968">
     <span class='ocr_line' id='line_1_96' title="bbox 117 4891 1711 4968; baseline 0.001 -22"><span class='ocrx_word' id='word_1_698' title='bbox 117 4891 507 4962; x_wconf 84' lang='grc' dir='ltr'>πολεμούντων</span> <span class='ocrx_word' id='word_1_699' title='bbox 537 4893 820 4963; x_wconf 84' lang='grc' dir='ltr'>ἐνήργουν.</span> <span class='ocrx_word' id='word_1_700' title='bbox 853 4892 1215 4965; x_wconf 80' lang='grc' dir='ltr'>Εὐεργετοῦσι</span> <span class='ocrx_word' id='word_1_701' title='bbox 1245 4895 1353 4967; x_wconf 80' lang='grc' dir='ltr'>γὰρ</span> <span class='ocrx_word' id='word_1_702' title='bbox 1391 4896 1484 4948; x_wconf 75' lang='grc' dir='ltr'>καὶ</span> <span class='ocrx_word' id='word_1_703' title='bbox 1525 4895 1711 4968; x_wconf 74' lang='grc' dir='ltr'>ἐχθροὶ</span> 
     </span>
    </p>
   </div>
   <div class='ocr_carea' id='block_1_97' title="bbox 119 4984 1708 5058">
    <p class='ocr_par' dir='ltr' id='par_1_97' title="bbox 119 4984 1708 5058">
     <span class='ocr_line' id='line_1_97' title="bbox 119 4984 1708 5058; baseline 0.002 -20"><span class='ocrx_word' id='word_1_704' title='bbox 119 4988 199 5058; x_wconf 78' lang='grc' dir='ltr'>μὴ</span> <span class='ocrx_word' id='word_1_705' title='bbox 253 4985 500 5046; x_wconf 86' lang='grc' dir='ltr'>θέλοντες</span> <span class='ocrx_word' id='word_1_706' title='bbox 529 5026 542 5048; x_wconf 92' lang='grc'><strong>,</strong></span> <span class='ocrx_word' id='word_1_707' title='bbox 579 4985 688 5037; x_wconf 89' lang='grc' dir='ltr'><strong>τῶν</strong></span> <span class='ocrx_word' id='word_1_708' title='bbox 741 4984 980 5055; x_wconf 83' lang='grc' dir='ltr'>γνησίων</span> <span class='ocrx_word' id='word_1_709' title='bbox 1023 4986 1192 5055; x_wconf 83' lang='grc' dir='ltr'>φίλων</span> <span class='ocrx_word' id='word_1_710' title='bbox 1235 4987 1338 5040; x_wconf 73' lang='grc' dir='ltr'>οὐκ</span> <span class='ocrx_word' id='word_1_711' title='bbox 1391 4987 1708 5058; x_wconf 83' lang='grc' dir='ltr'>ἀτιμότερα.</span> 
     </span>
    </p>
   </div>
   <div class='ocr_carea' id='block_1_98' title="bbox 131 5076 1710 5150">
    <p class='ocr_par' dir='ltr' id='par_1_98' title="bbox 131 5076 1710 5150">
     <span class='ocr_line' id='line_1_98' title="bbox 131 5076 1710 5150; baseline 0.001 -20"><span class='ocrx_word' id='word_1_712' title='bbox 131 5077 434 5145; x_wconf 80' lang='grc' dir='ltr'>Ὠφέλησεν</span> <span class='ocrx_word' id='word_1_713' title='bbox 469 5079 498 5129; x_wconf 87' lang='grc' dir='ltr'><strong>ό</strong></span> <span class='ocrx_word' id='word_1_714' title='bbox 525 5076 772 5140; x_wconf 77' lang='grc' dir='ltr'>διὰὅολος</span> <span class='ocrx_word' id='word_1_715' title='bbox 809 5077 901 5130; x_wconf 82' lang='grc' dir='ltr'>τὸν</span> <span class='ocrx_word' id='word_1_716' title='bbox 951 5077 1071 5130; x_wconf 81' lang='grc' dir='ltr'><strong>’1ὼὸ</strong></span> <span class='ocrx_word' id='word_1_717' title='bbox 1119 5078 1340 5148; x_wconf 84' lang='grc' dir='ltr'>μᾶλλον,</span> <span class='ocrx_word' id='word_1_718' title='bbox 1373 5079 1406 5150; x_wconf 85' lang='grc' dir='ltr'>ἢ</span> <span class='ocrx_word' id='word_1_719' title='bbox 1459 5079 1710 5149; x_wconf 71' lang='grc' dir='ltr'>ἔϐλαψεν.</span> 
     </span>
    </p>
   </div>
   <div class='ocr_carea' id='block_1_99' title="bbox 116 5169 1713 5244">
    <p class='ocr_par' dir='ltr' id='par_1_99' title="bbox 116 5169 1713 5244">
     <span class='ocr_line' id='line_1_99' title="bbox 116 5169 1713 5244; baseline 0.001 -21"><span class='ocrx_word' id='word_1_720' title='bbox 116 5171 438 5241; x_wconf 77' lang='grc' dir='ltr'>Εὐεργέτης</span> <span class='ocrx_word' id='word_1_721' title='bbox 481 5171 509 5224; x_wconf 86' lang='grc' dir='ltr'>ὁ</span> <span class='ocrx_word' id='word_1_722' title='bbox 563 5169 816 5239; x_wconf 72' lang='grc' dir='ltr'>βασιλεὺς</span> <span class='ocrx_word' id='word_1_723' title='bbox 867 5169 975 5223; x_wconf 86' lang='grc' dir='ltr'><strong>τῶν</strong></span> <span class='ocrx_word' id='word_1_724' title='bbox 1036 5172 1336 5242; x_wconf 80' lang='grc' dir='ltr'>Ἀσσυρίων</span> <span class='ocrx_word' id='word_1_725' title='bbox 1384 5172 1476 5225; x_wconf 86' lang='grc' dir='ltr'><strong>τοῦ</strong></span> <span class='ocrx_word' id='word_1_726' title='bbox 1517 5172 1713 5244; x_wconf 76' lang='grc' dir='ltr'>Δανιὴλ</span> 
     </span>
    </p>
   </div>
   <div class='ocr_carea' id='block_1_100' title="bbox 115 5260 1713 5334">
    <p class='ocr_par' dir='ltr' id='par_1_100' title="bbox 115 5260 1713 5334">
     <span class='ocr_line' id='line_1_100' title="bbox 115 5260 1713 5334; baseline 0.001 -21"><span class='ocrx_word' id='word_1_727' title='bbox 115 5261 361 5328; x_wconf 84' lang='grc' dir='ltr'>ἐγένετο.</span> <span class='ocrx_word' id='word_1_728' title='bbox 388 5261 499 5315; x_wconf 80' lang='grc' dir='ltr'>Καὶ</span> <span class='ocrx_word' id='word_1_729' title='bbox 539 5261 588 5313; x_wconf 81' lang='grc' dir='ltr'><strong>οί</strong></span> <span class='ocrx_word' id='word_1_730' title='bbox 612 5265 759 5332; x_wconf 77' lang='grc' dir='ltr'>τρεῖς</span> <span class='ocrx_word' id='word_1_731' title='bbox 793 5260 980 5326; x_wconf 82' lang='grc' dir='ltr'>παῖδες</span> <span class='ocrx_word' id='word_1_732' title='bbox 1026 5264 1092 5332; x_wconf 81' lang='grc' dir='ltr'>τῇ</span> <span class='ocrx_word' id='word_1_733' title='bbox 1129 5263 1346 5334; x_wconf 81' lang='grc' dir='ltr'>καμίνῳ</span> <span class='ocrx_word' id='word_1_734' title='bbox 1393 5263 1552 5334; x_wconf 75' lang='grc' dir='ltr'>χάριν</span> <span class='ocrx_word' id='word_1_735' title='bbox 1581 5263 1713 5333; x_wconf 84' lang='grc' dir='ltr'>ὀμο-</span> 
     </span>
    </p>
   </div>
   <div class='ocr_carea' id='block_1_101' title="bbox 115 5352 1715 5424">
    <p class='ocr_par' dir='ltr' id='par_1_101' title="bbox 115 5352 1715 5424">
     <span class='ocr_line' id='line_1_101' title="bbox 115 5352 1715 5424; baseline 0 -18"><span class='ocrx_word' id='word_1_736' title='bbox 115 5353 486 5419; x_wconf 77' lang='grc' dir='ltr'>λογείτωσανο</span> <span class='ocrx_word' id='word_1_737' title='bbox 518 5354 612 5406; x_wconf 75' lang='grc' dir='ltr'>καὶ</span> <span class='ocrx_word' id='word_1_738' title='bbox 656 5352 909 5424; x_wconf 72' lang='grc' dir='ltr'>πρισθεὶς</span> <span class='ocrx_word' id='word_1_739' title='bbox 941 5355 971 5406; x_wconf 86' lang='grc' dir='ltr'>ὁ</span> <span class='ocrx_word' id='word_1_740' title='bbox 1007 5353 1234 5418; x_wconf 79' lang='grc' dir='ltr'>Ἡσαΐας</span> <span class='ocrx_word' id='word_1_741' title='bbox 1274 5355 1398 5417; x_wconf 86' lang='grc' dir='ltr'>τοὺς</span> <span class='ocrx_word' id='word_1_742' title='bbox 1431 5353 1715 5424; x_wconf 77' lang='grc' dir='ltr'>Ἐϐραίους</span> 
     </span>
    </p>
   </div>
   <div class='ocr_carea' id='block_1_102' title="bbox 116 5445 1712 5517">
    <p class='ocr_par' dir='ltr' id='par_1_102' title="bbox 116 5445 1712 5517">
     <span class='ocr_line' id='line_1_102' title="bbox 116 5445 1712 5517; baseline 0 -18"><span class='ocrx_word' id='word_1_743' title='bbox 116 5445 386 5515; x_wconf 84' lang='grc' dir='ltr'>ὑμνείτω.</span> <span class='ocrx_word' id='word_1_744' title='bbox 435 5446 546 5498; x_wconf 74' lang='grc' dir='ltr'><strong>Καὶ</strong></span> <span class='ocrx_word' id='word_1_745' title='bbox 597 5446 870 5517; x_wconf 80' lang='grc' dir='ltr'>Ζαχαρίας</span> <span class='ocrx_word' id='word_1_746' title='bbox 920 5445 1121 5512; x_wconf 79' lang='grc' dir='ltr'>μεταξὺ</span> <span class='ocrx_word' id='word_1_747' title='bbox 1171 5445 1264 5498; x_wconf 87' lang='grc' dir='ltr'><strong>τοῦ</strong></span> <span class='ocrx_word' id='word_1_748' title='bbox 1304 5445 1431 5499; x_wconf 90' lang='grc' dir='ltr'>ναοῦ</span> <span class='ocrx_word' id='word_1_749' title='bbox 1472 5448 1567 5499; x_wconf 78' lang='grc' dir='ltr'>καὶ</span> <span class='ocrx_word' id='word_1_750' title='bbox 1618 5446 1712 5499; x_wconf 87' lang='grc' dir='ltr'><strong>τοῦ</strong></span> 
     </span>
    </p>
   </div>
   <div class='ocr_carea' id='block_1_103' title="bbox 119 5537 1716 5609">
    <p class='ocr_par' dir='ltr' id='par_1_103' title="bbox 119 5537 1716 5609">
     <span class='ocr_line' id='line_1_103' title="bbox 119 5537 1716 5609; baseline 0 -19"><span class='ocrx_word' id='word_1_751' title='bbox 119 5538 519 5609; x_wconf 79' lang='grc' dir='ltr'>θυσιαστηρίου</span> <span class='ocrx_word' id='word_1_752' title='bbox 554 5539 786 5608; x_wconf 71' lang='grc' dir='ltr'>σφαγεὶς</span> <span class='ocrx_word' id='word_1_753' title='bbox 815 5537 1029 5608; x_wconf 84' lang='grc' dir='ltr'>τιμάτω</span> <span class='ocrx_word' id='word_1_754' title='bbox 1075 5538 1200 5600; x_wconf 81' lang='grc' dir='ltr'>τοὺς</span> <span class='ocrx_word' id='word_1_755' title='bbox 1232 5537 1552 5608; x_wconf 80' lang='grc' dir='ltr'>αὐτόχειρας</span> <span class='ocrx_word' id='word_1_756' title='bbox 1573 5555 1585 5567; x_wconf 87' lang='grc'>·</span> <span class='ocrx_word' id='word_1_757' title='bbox 1623 5540 1716 5591; x_wconf 75' lang='grc' dir='ltr'>καὶ</span> 
     </span>
    </p>
   </div>
   <div class='ocr_carea' id='block_1_104' title="bbox 132 5629 1715 5701">
    <p class='ocr_par' dir='ltr' id='par_1_104' title="bbox 132 5629 1715 5701">
     <span class='ocr_line' id='line_1_104' title="bbox 132 5629 1715 5701; baseline 0 -19"><span class='ocrx_word' id='word_1_758' title='bbox 132 5630 396 5698; x_wconf 86' lang='grc' dir='ltr'>Ἰωάννης</span> <span class='ocrx_word' id='word_1_759' title='bbox 421 5630 520 5688; x_wconf 75' lang='grc' dir='ltr'><strong>τὴν</strong></span> <span class='ocrx_word' id='word_1_760' title='bbox 542 5629 782 5701; x_wconf 77' lang='grc' dir='ltr'>κεφαλὴν</span> <span class='ocrx_word' id='word_1_761' title='bbox 803 5629 1161 5699; x_wconf 71' lang='grc' dir='ltr'>ἀποτμηθεὶς,</span> <span class='ocrx_word' id='word_1_762' title='bbox 1187 5629 1482 5699; x_wconf 79' lang='grc' dir='ltr'>εὐεργέτην</span> <span class='ocrx_word' id='word_1_763' title='bbox 1510 5647 1715 5701; x_wconf 85' lang='grc' dir='ltr'>κηρυτ-</span> 
     </span>
    </p>
   </div>
   <div class='ocr_carea' id='block_1_105' title="bbox 115 5720 1716 5792">
    <p class='ocr_par' dir='ltr' id='par_1_105' title="bbox 115 5720 1716 5792">
     <span class='ocr_line' id='line_1_105' title="bbox 115 5720 1716 5792; baseline -0.001 -17"><span class='ocrx_word' id='word_1_764' title='bbox 115 5724 267 5775; x_wconf 82' lang='grc' dir='ltr'>τέτω</span> <span class='ocrx_word' id='word_1_765' title='bbox 306 5720 555 5792; x_wconf 81' lang='grc' dir='ltr'>Ἡρώδην</span> <span class='ocrx_word' id='word_1_766' title='bbox 577 5738 589 5751; x_wconf 90' lang='grc'><strong>·</strong></span> <span class='ocrx_word' id='word_1_767' title='bbox 625 5723 718 5775; x_wconf 72' lang='grc' dir='ltr'>καὶ</span> <span class='ocrx_word' id='word_1_768' title='bbox 742 5723 788 5775; x_wconf 84' lang='lat' dir='ltr'><strong>oi</strong></span> <span class='ocrx_word' id='word_1_769' title='bbox 821 5721 1104 5775; x_wconf 77' lang='grc' dir='ltr'>ἀπόστολοι</span> <span class='ocrx_word' id='word_1_770' title='bbox 1147 5722 1277 5783; x_wconf 82' lang='grc' dir='ltr'>τοὺς</span> <span class='ocrx_word' id='word_1_771' title='bbox 1304 5720 1571 5790; x_wconf 83' lang='grc' dir='ltr'>δήσαντας</span> <span class='ocrx_word' id='word_1_772' title='bbox 1623 5721 1716 5775; x_wconf 72' lang='grc' dir='ltr'>καὶ</span> 
     </span>
    </p>
   </div>
   <div class='ocr_carea' id='block_1_106' title="bbox 121 5812 1716 5885">
    <p class='ocr_par' dir='ltr' id='par_1_106' title="bbox 121 5812 1716 5885">
     <span class='ocr_line' id='line_1_106' title="bbox 121 5812 1716 5885; baseline -0.001 -17"><span class='ocrx_word' id='word_1_773' title='bbox 121 5813 502 5885; x_wconf 80' lang='grc' dir='ltr'>μαστίξαντας</span> <span class='ocrx_word' id='word_1_774' title='bbox 541 5831 554 5845; x_wconf 88' lang='grc'><strong>·</strong></span> <span class='ocrx_word' id='word_1_775' title='bbox 599 5819 691 5868; x_wconf 70' lang='grc' dir='ltr'>καὶ</span> <span class='ocrx_word' id='word_1_776' title='bbox 749 5815 948 5878; x_wconf 81' lang='grc' dir='ltr'>πάντες</span> <span class='ocrx_word' id='word_1_777' title='bbox 1015 5812 1290 5885; x_wconf 81' lang='grc' dir='ltr'>μάρτυρες</span> <span class='ocrx_word' id='word_1_778' title='bbox 1347 5814 1716 5884; x_wconf 78' lang='grc' dir='ltr'>ἀγαπάτωσαν</span> 
     </span>
    </p>
   </div>
   <div class='ocr_carea' id='block_1_107' title="bbox 1811 4615 3382 4690">
    <p class='ocr_par' dir='ltr' id='par_1_107' title="bbox 1811 4615 3382 4690">
     <span class='ocr_line' id='line_1_107' title="bbox 1811 4615 3382 4690; baseline -0.004 -17"><span class='ocrx_word' id='word_1_779' title='bbox 1811 4618 2284 4690; x_wconf 82' lang='lat' dir='ltr'><strong>oppugnatoribus</strong></span> <span class='ocrx_word' id='word_1_780' title='bbox 2322 4618 2553 4687; x_wconf 85' lang='lat' dir='ltr'><strong>gratiam</strong></span> <span class='ocrx_word' id='word_1_781' title='bbox 2595 4615 2892 4676; x_wconf 88' lang='lat' dir='ltr'><strong>debemus,</strong></span> <span class='ocrx_word' id='word_1_782' title='bbox 2943 4615 3015 4670; x_wconf 91' lang='lat' dir='ltr'><strong>ob</strong></span> <span class='ocrx_word' id='word_1_783' title='bbox 3059 4630 3382 4686; x_wconf 84' lang='lat' dir='ltr'><strong>prosperum</strong></span> 
     </span>
    </p>
   </div>
   <div class='ocr_carea' id='block_1_108' title="bbox 1812 4709 3382 4776">
    <p class='ocr_par' dir='ltr' id='par_1_108' title="bbox 1812 4709 3382 4776">
     <span class='ocr_line' id='line_1_108' title="bbox 1812 4709 3382 4776; baseline -0.006 -6"><span class='ocrx_word' id='word_1_784' title='bbox 1812 4721 2105 4776; x_wconf 84' lang='lat' dir='ltr'><strong>eventum,</strong></span> <span class='ocrx_word' id='word_1_785' title='bbox 2160 4727 2285 4766; x_wconf 89' lang='lat' dir='ltr'><strong>cum</strong></span> <span class='ocrx_word' id='word_1_786' title='bbox 2343 4711 2504 4766; x_wconf 89' lang='lat' dir='ltr'><strong>nobis</strong></span> <span class='ocrx_word' id='word_1_787' title='bbox 2556 4718 2835 4764; x_wconf 84' lang='lat' dir='ltr'><strong>tantorum</strong></span> <span class='ocrx_word' id='word_1_788' title='bbox 2892 4709 3162 4764; x_wconf 86' lang='lat' dir='ltr'><strong>bonorum</strong></span> <span class='ocrx_word' id='word_1_789' title='bbox 3216 4724 3382 4762; x_wconf 85' lang='lat' dir='ltr'><strong>causa</strong></span> 
     </span>
    </p>
   </div>
   <div class='ocr_carea' id='block_1_109' title="bbox 1812 4799 3384 4872">
    <p class='ocr_par' dir='ltr' id='par_1_109' title="bbox 1812 4799 3384 4872">
     <span class='ocr_line' id='line_1_109' title="bbox 1812 4799 3384 4872; baseline -0.005 -12"><span class='ocrx_word' id='word_1_790' title='bbox 1812 4803 1986 4860; x_wconf 77' lang='lat' dir='ltr'><strong>effecti</strong></span> <span class='ocrx_word' id='word_1_791' title='bbox 2028 4811 2180 4870; x_wconf 90' lang='lat' dir='ltr'><strong>sunt,</strong></span> <span class='ocrx_word' id='word_1_792' title='bbox 2213 4803 2319 4858; x_wconf 90' lang='lat' dir='ltr'><strong>etsi</strong></span> <span class='ocrx_word' id='word_1_793' title='bbox 2353 4802 2405 4855; x_wconf 85' lang='lat' dir='ltr'><strong>id</strong></span> <span class='ocrx_word' id='word_1_794' title='bbox 2439 4801 2584 4872; x_wconf 90' lang='lat' dir='ltr'><strong>quod</strong></span> <span class='ocrx_word' id='word_1_795' title='bbox 2625 4801 2878 4871; x_wconf 82' lang='lat' dir='ltr'><strong>agebant,</strong></span> <span class='ocrx_word' id='word_1_796' title='bbox 2911 4816 3019 4854; x_wconf 88' lang='lat' dir='ltr'><strong>non</strong></span> <span class='ocrx_word' id='word_1_797' title='bbox 3069 4800 3252 4853; x_wconf 88' lang='lat' dir='ltr'><strong>animo</strong></span> <span class='ocrx_word' id='word_1_798' title='bbox 3291 4799 3384 4853; x_wconf 88' lang='lat' dir='ltr'><strong>be-</strong></span> 
     </span>
    </p>
   </div>
   <div class='ocr_carea' id='block_1_110' title="bbox 1815 4888 3380 4962">
    <p class='ocr_par' dir='ltr' id='par_1_110' title="bbox 1815 4888 3380 4962">
     <span class='ocr_line' id='line_1_110' title="bbox 1815 4888 3380 4962; baseline -0.004 -15"><span class='ocrx_word' id='word_1_799' title='bbox 1815 4893 2143 4957; x_wconf 84' lang='lat' dir='ltr'><strong>nefaciendi,</strong></span> <span class='ocrx_word' id='word_1_800' title='bbox 2167 4894 2259 4948; x_wconf 88' lang='lat' dir='ltr'><strong>sed</strong></span> <span class='ocrx_word' id='word_1_801' title='bbox 2284 4891 2632 4962; x_wconf 85' lang='lat' dir='ltr'><strong>oppugnandi</strong></span> <span class='ocrx_word' id='word_1_802' title='bbox 2658 4891 2912 4961; x_wconf 76' lang='lat' dir='ltr'><strong>agebant.</strong></span> <span class='ocrx_word' id='word_1_803' title='bbox 2940 4888 3074 4943; x_wconf 85' lang='lat' dir='ltr'><strong>Nam</strong></span> <span class='ocrx_word' id='word_1_804' title='bbox 3097 4897 3150 4943; x_wconf 90' lang='lat' dir='ltr'><strong>et</strong></span> <span class='ocrx_word' id='word_1_805' title='bbox 3174 4889 3380 4949; x_wconf 86' lang='lat' dir='ltr'><strong>hostes,</strong></span> 
     </span>
    </p>
   </div>
   <div class='ocr_carea' id='block_1_111' title="bbox 1815 4982 3384 5054">
    <p class='ocr_par' dir='ltr' id='par_1_111' title="bbox 1815 4982 3384 5054">
     <span class='ocr_line' id='line_1_111' title="bbox 1815 4982 3384 5054; baseline -0.007 -13"><span class='ocrx_word' id='word_1_806' title='bbox 1815 4989 1945 5043; x_wconf 88' lang='lat' dir='ltr'><strong>licet</strong></span> <span class='ocrx_word' id='word_1_807' title='bbox 1982 4987 2254 5047; x_wconf 87' lang='lat' dir='ltr'><strong>nolentes,</strong></span> <span class='ocrx_word' id='word_1_808' title='bbox 2286 4984 2584 5054; x_wconf 89' lang='lat' dir='ltr'><strong>aliquando</strong></span> <span class='ocrx_word' id='word_1_809' title='bbox 2627 4982 2888 5038; x_wconf 85' lang='lat' dir='ltr'><strong>beneﬁcia</strong></span> <span class='ocrx_word' id='word_1_810' title='bbox 2924 4982 3252 5045; x_wconf 84' lang='lat' dir='ltr'><strong>conferunt;</strong></span> <span class='ocrx_word' id='word_1_811' title='bbox 3287 4996 3384 5031; x_wconf 82' lang='lat' dir='ltr'><strong>nec</strong></span> 
     </span>
    </p>
   </div>
   <div class='ocr_carea' id='block_1_112' title="bbox 1815 5070 3384 5146">
    <p class='ocr_par' dir='ltr' id='par_1_112' title="bbox 1815 5070 3384 5146">
     <span class='ocr_line' id='line_1_112' title="bbox 1815 5070 3384 5146; baseline -0.008 -12"><span class='ocrx_word' id='word_1_812' title='bbox 1815 5080 2065 5135; x_wconf 88' lang='lat' dir='ltr'><strong>diabolus</strong></span> <span class='ocrx_word' id='word_1_813' title='bbox 2091 5077 2228 5131; x_wconf 83' lang='lat' dir='ltr'><strong>Jobo</strong></span> <span class='ocrx_word' id='word_1_814' title='bbox 2259 5077 2442 5131; x_wconf 90' lang='lat' dir='ltr'><strong>minus</strong></span> <span class='ocrx_word' id='word_1_815' title='bbox 2487 5074 2714 5146; x_wconf 82' lang='lat' dir='ltr'><strong>profuit,</strong></span> <span class='ocrx_word' id='word_1_816' title='bbox 2759 5088 2920 5142; x_wconf 88' lang='lat' dir='ltr'><strong>quam</strong></span> <span class='ocrx_word' id='word_1_817' title='bbox 2968 5071 3187 5142; x_wconf 82' lang='lat' dir='ltr'><strong>genuini</strong></span> <span class='ocrx_word' id='word_1_818' title='bbox 3225 5070 3384 5122; x_wconf 87' lang='lat' dir='ltr'><strong>amici</strong></span> 
     </span>
    </p>
   </div>
   <div class='ocr_carea' id='block_1_113' title="bbox 1815 5158 3388 5240">
    <p class='ocr_par' dir='ltr' id='par_1_113' title="bbox 1815 5158 3388 5240">
     <span class='ocr_line' id='line_1_113' title="bbox 1815 5158 3388 5240; baseline -0.007 -15"><span class='ocrx_word' id='word_1_819' title='bbox 1815 5171 1956 5240; x_wconf 88' lang='lat' dir='ltr'><strong>ejus.</strong></span> <span class='ocrx_word' id='word_1_820' title='bbox 1982 5167 2302 5224; x_wconf 83' lang='lat' dir='ltr'><strong>Bcnefactor</strong></span> <span class='ocrx_word' id='word_1_821' title='bbox 2330 5166 2568 5220; x_wconf 82' lang='lat' dir='ltr'><strong>Danielis</strong></span> <span class='ocrx_word' id='word_1_822' title='bbox 2618 5165 2720 5218; x_wconf 90' lang='lat' dir='ltr'><strong>fuit</strong></span> <span class='ocrx_word' id='word_1_823' title='bbox 2767 5179 2863 5217; x_wconf 83' lang='lat' dir='ltr'><strong>rex</strong></span> <span class='ocrx_word' id='word_1_824' title='bbox 2919 5161 3290 5229; x_wconf 86' lang='lat' dir='ltr'><strong>Assyriorum.</strong></span> <span class='ocrx_word' id='word_1_825' title='bbox 3322 5158 3388 5214; x_wconf 86' lang='lat' dir='ltr'><strong>Et</strong></span> 
     </span>
    </p>
   </div>
   <div class='ocr_carea' id='block_1_114' title="bbox 1819 5249 3379 5326">
    <p class='ocr_par' dir='ltr' id='par_1_114' title="bbox 1819 5249 3379 5326">
     <span class='ocr_line' id='line_1_114' title="bbox 1819 5249 3379 5326; baseline -0.004 -16"><span class='ocrx_word' id='word_1_826' title='bbox 1819 5267 1927 5311; x_wconf 72' lang='lat' dir='ltr'><strong>tres</strong></span> <span class='ocrx_word' id='word_1_827' title='bbox 1959 5255 2113 5326; x_wconf 90' lang='lat' dir='ltr'><strong>pueri</strong></span> <span class='ocrx_word' id='word_1_828' title='bbox 2146 5257 2387 5308; x_wconf 73' lang='lat' dir='ltr'><strong>inconste</strong></span> <span class='ocrx_word' id='word_1_829' title='bbox 2415 5254 2623 5308; x_wconf 84' lang='lat' dir='ltr'><strong>fornaci</strong></span> <span class='ocrx_word' id='word_1_830' title='bbox 2651 5253 2853 5323; x_wconf 79' lang='lat' dir='ltr'><strong>gratias</strong></span> <span class='ocrx_word' id='word_1_831' title='bbox 2893 5259 3053 5319; x_wconf 84' lang='lat' dir='ltr'><strong>agant</strong></span> <span class='ocrx_word' id='word_1_832' title='bbox 3083 5268 3095 5300; x_wconf 91' lang='lat'>:</span> <span class='ocrx_word' id='word_1_833' title='bbox 3128 5258 3181 5304; x_wconf 90' lang='lat' dir='ltr'><strong>et</strong></span> <span class='ocrx_word' id='word_1_834' title='bbox 3211 5249 3379 5303; x_wconf 82' lang='lat' dir='ltr'><strong>Isaias</strong></span> 
     </span>
    </p>
   </div>
   <div class='ocr_carea' id='block_1_115' title="bbox 1818 5340 3388 5404">
    <p class='ocr_par' dir='ltr' id='par_1_115' title="bbox 1818 5340 3388 5404">
     <span class='ocr_line' id='line_1_115' title="bbox 1818 5340 3388 5404; baseline -0.006 -1"><span class='ocrx_word' id='word_1_835' title='bbox 1818 5364 1969 5404; x_wconf 86' lang='lat' dir='ltr'><strong>serra</strong></span> <span class='ocrx_word' id='word_1_836' title='bbox 2015 5349 2287 5403; x_wconf 85' lang='lat' dir='ltr'><strong>dissectus</strong></span> <span class='ocrx_word' id='word_1_837' title='bbox 2359 5345 2616 5401; x_wconf 63' lang='lat' dir='ltr'><strong>Hebraeos</strong></span> <span class='ocrx_word' id='word_1_838' title='bbox 2666 5344 2927 5398; x_wconf 87' lang='lat' dir='ltr'><strong>dilaudet.</strong></span> <span class='ocrx_word' id='word_1_839' title='bbox 2978 5341 3039 5394; x_wconf 74' lang='lat' dir='ltr'><strong>Et</strong></span> <span class='ocrx_word' id='word_1_840' title='bbox 3091 5340 3388 5394; x_wconf 82' lang='lat' dir='ltr'><strong>Zacharias</strong></span> 
     </span>
    </p>
   </div>
   <div class='ocr_carea' id='block_1_116' title="bbox 1820 5433 3388 5510">
    <p class='ocr_par' dir='ltr' id='par_1_116' title="bbox 1820 5433 3388 5510">
     <span class='ocr_line' id='line_1_116' title="bbox 1820 5433 3388 5510; baseline -0.006 -14"><span class='ocrx_word' id='word_1_841' title='bbox 1820 5444 1962 5496; x_wconf 87' lang='lat' dir='ltr'><strong>inter</strong></span> <span class='ocrx_word' id='word_1_842' title='bbox 1992 5441 2255 5510; x_wconf 87' lang='lat' dir='ltr'><strong>templum</strong></span> <span class='ocrx_word' id='word_1_843' title='bbox 2291 5449 2344 5494; x_wconf 87' lang='lat' dir='ltr'><strong>et</strong></span> <span class='ocrx_word' id='word_1_844' title='bbox 2379 5440 2551 5494; x_wconf 90' lang='lat' dir='ltr'><strong>altare</strong></span> <span class='ocrx_word' id='word_1_845' title='bbox 2575 5445 2848 5492; x_wconf 87' lang='lat' dir='ltr'><strong>mactatus</strong></span> <span class='ocrx_word' id='word_1_846' title='bbox 2879 5449 3012 5490; x_wconf 86' lang='lat' dir='ltr'><strong>suos</strong></span> <span class='ocrx_word' id='word_1_847' title='bbox 3067 5433 3388 5488; x_wconf 77' lang='lat' dir='ltr'><strong>interfecto~</strong></span> 
     </span>
    </p>
   </div>
   <div class='ocr_carea' id='block_1_117' title="bbox 1819 5523 3392 5598">
    <p class='ocr_par' dir='ltr' id='par_1_117' title="bbox 1819 5523 3392 5598">
     <span class='ocr_line' id='line_1_117' title="bbox 1819 5523 3392 5598; baseline -0.009 -8"><span class='ocrx_word' id='word_1_848' title='bbox 1819 5552 1906 5590; x_wconf 89' lang='lat' dir='ltr'><strong>res</strong></span> <span class='ocrx_word' id='word_1_849' title='bbox 1939 5544 2246 5597; x_wconf 87' lang='lat' dir='ltr'><strong>veneretur,</strong></span> <span class='ocrx_word' id='word_1_850' title='bbox 2305 5539 2360 5587; x_wconf 88' lang='lat' dir='ltr'><strong>et</strong></span> <span class='ocrx_word' id='word_1_851' title='bbox 2390 5530 2634 5586; x_wconf 84' lang='lat' dir='ltr'><strong>Joannes</strong></span> <span class='ocrx_word' id='word_1_852' title='bbox 2679 5529 2856 5598; x_wconf 85' lang='lat' dir='ltr'><strong>capite</strong></span> <span class='ocrx_word' id='word_1_853' title='bbox 2888 5535 3176 5581; x_wconf 87' lang='lat' dir='ltr'><strong>truncatus</strong></span> <span class='ocrx_word' id='word_1_854' title='bbox 3221 5523 3392 5580; x_wconf 88' lang='lat' dir='ltr'><strong>Hero-</strong></span> 
     </span>
    </p>
   </div>
   <div class='ocr_carea' id='block_1_118' title="bbox 1818 5615 3391 5690">
    <p class='ocr_par' dir='ltr' id='par_1_118' title="bbox 1818 5615 3391 5690">
     <span class='ocr_line' id='line_1_118' title="bbox 1818 5615 3391 5690; baseline -0.007 -10"><span class='ocrx_word' id='word_1_855' title='bbox 1818 5627 1938 5681; x_wconf 87' lang='lat' dir='ltr'><strong>dem</strong></span> <span class='ocrx_word' id='word_1_856' title='bbox 1977 5641 2076 5679; x_wconf 90' lang='lat' dir='ltr'><strong>ceu</strong></span> <span class='ocrx_word' id='word_1_857' title='bbox 2110 5625 2516 5679; x_wconf 80' lang='lat' dir='ltr'><strong>benefa&#39;ctorem</strong></span> <span class='ocrx_word' id='word_1_858' title='bbox 2554 5637 2714 5677; x_wconf 94' lang='lat' dir='ltr'><strong>suum</strong></span> <span class='ocrx_word' id='word_1_859' title='bbox 2773 5620 3050 5690; x_wconf 70' lang='lat' dir='ltr'><strong>prazdicct,</strong></span> <span class='ocrx_word' id='word_1_860' title='bbox 3082 5627 3137 5674; x_wconf 88' lang='lat' dir='ltr'><strong>et</strong></span> <span class='ocrx_word' id='word_1_861' title='bbox 3156 5615 3391 5688; x_wconf 72' lang='lat' dir='ltr'><strong>apostoli</strong></span> 
     </span>
    </p>
   </div>
   <div class='ocr_carea' id='block_1_119' title="bbox 1819 5713 3393 5788">
    <p class='ocr_par' dir='ltr' id='par_1_119' title="bbox 1819 5713 3393 5788">
     <span class='ocr_line' id='line_1_119' title="bbox 1819 5713 3393 5788; baseline -0.007 -14"><span class='ocrx_word' id='word_1_862' title='bbox 1819 5736 1932 5784; x_wconf 86' lang='lat' dir='ltr'><strong>eos,</strong></span> <span class='ocrx_word' id='word_1_863' title='bbox 1969 5734 1997 5770; x_wconf 89' lang='lat' dir='ltr'><strong>a</strong></span> <span class='ocrx_word' id='word_1_864' title='bbox 2021 5717 2227 5788; x_wconf 89' lang='lat' dir='ltr'><strong>quibus</strong></span> <span class='ocrx_word' id='word_1_865' title='bbox 2257 5717 2572 5786; x_wconf 87' lang='lat' dir='ltr'><strong>ligabautur</strong></span> <span class='ocrx_word' id='word_1_866' title='bbox 2591 5723 2644 5770; x_wconf 89' lang='lat' dir='ltr'><strong>et</strong></span> <span class='ocrx_word' id='word_1_867' title='bbox 2669 5713 3170 5785; x_wconf 83' lang='lat' dir='ltr'><strong>liagellabantur,et</strong></span> <span class='ocrx_word' id='word_1_868' title='bbox 3199 5726 3393 5764; x_wconf 77' lang='lat' dir='ltr'><strong>(nones</strong></span> 
     </span>
    </p>
   </div>
   <div class='ocr_carea' id='block_1_120' title="bbox 1826 5804 3390 5880">
    <p class='ocr_par' dir='ltr' id='par_1_120' title="bbox 1826 5804 3390 5880">
     <span class='ocr_line' id='line_1_120' title="bbox 1826 5804 3390 5880; baseline -0.007 -14"><span class='ocrx_word' id='word_1_869' title='bbox 1826 5819 2092 5878; x_wconf 83' lang='lat' dir='ltr'><strong>martyres</strong></span> <span class='ocrx_word' id='word_1_870' title='bbox 2124 5826 2244 5874; x_wconf 90' lang='lat' dir='ltr'><strong>eos,</strong></span> <span class='ocrx_word' id='word_1_871' title='bbox 2271 5824 2297 5862; x_wconf 88' lang='lat' dir='ltr'><strong>a</strong></span> <span class='ocrx_word' id='word_1_872' title='bbox 2323 5809 2524 5880; x_wconf 87' lang='lat' dir='ltr'><strong>quibus</strong></span> <span class='ocrx_word' id='word_1_873' title='bbox 2551 5807 2987 5878; x_wconf 86' lang='lat' dir='ltr'><strong>persecutionem</strong></span> <span class='ocrx_word' id='word_1_874' title='bbox 3008 5804 3390 5876; x_wconf 70' lang='lat' dir='ltr'><strong>patiebantur,</strong></span> 
     </span>
    </p>
   </div>
  </div>
