3850 6418
503 313 604 369 787

1761 316 1819 371 S.
1859 314 2186 374 GREGORII
2219 315 2507 373 NYSSENI

3637 311 3734 371 788

503 430 766 499 diligant:
804 429 910 486 nisi
947 429 1092 485 enim
1123 428 1202 485 illi
1219 429 1456 486 stadium
1484 433 1851 502 aperuissent,
1891 435 2072 491 haud-
2101 489 2102 495 η

2175 436 2298 500 τοὺς
2317 433 2636 498 διώκονταςο
2653 434 2703 487 εί
2730 433 2805 505 μὴ
2831 433 2939 505 γὰρ
2971 433 3166 487 ἐκεῖνοι
3189 431 3252 487 τδ
3271 431 3484 488 στάδιον
3501 431 3732 503 ἧνοιξαν,

503 535 778 590 quaquam
810 521 1029 576 athletae
1063 520 1439 578 fortitudinem
1467 539 1622 578 suam
1643 525 1819 596 palam
1846 525 2072 581 demon-

504 619 800 670 strassent.
844 609 985 678 Quid
1017 627 1147 668 vero
1193 615 1318 683 quis
1357 614 1423 668 ad
1460 615 1676 670 laudem
1722 631 1934 682 eorum,
1976 618 2070 684 qui

504 702 667 757 nobis
697 716 800 772 pro
831 711 1156 772 argumento
1187 705 1455 774 propositi
1486 713 1648 770 sunt,
1685 706 1860 776 magis
1898 706 2072 761 admi-

504 803 678 857 retur,
707 808 779 848 an
807 794 1236 861 multitudinem,
1258 811 1326 852 an
1354 794 1752 860 fortitudinem,
1779 811 1848 850 an
1893 797 2074 854 since-

505 899 622 938 ram
663 891 717 938 et
746 898 856 938 non
886 881 1124 940 fucatam
1160 885 1547 940 concordiam?
1583 885 1662 942 Ne
1691 901 1820 942 vero
1851 897 2073 957 praeter-

506 989 697 1030 eamus
727 974 939 1045 ingrate
971 975 1206 1045 primum
1245 991 1551 1032 numerum.
1581 975 1716 1031 Nam
1749 978 1844 1048 qui
1891 987 2073 1033 tantos

508 1069 906 1122 intercessores
941 1066 1128 1132 habet,
1165 1067 1212 1122 is
1236 1083 1516 1139 nunquam
1548 1068 1730 1123 inanis
1759 1083 1790 1123 a
1819 1070 2074 1140 precibus

505 1164 560 1210 et
582 1157 834 1211 oratione
868 1155 1058 1220 abibit,
1095 1157 1223 1212 licet
1253 1157 1493 1227 peccatis
1521 1157 1812 1213 admodum
1842 1171 2073 1216 onustus

509 1248 602 1304 sit.
647 1246 821 1314 Cujus
855 1261 1054 1302 sensus
1093 1256 1148 1302 et
1182 1249 1300 1318 spei
1345 1250 1503 1306 testis
1550 1256 1636 1306 est
1674 1251 1790 1320 ipse
1847 1250 1987 1306 Deus
2017 1251 2073 1307 in

507 1340 781 1409 colloquio
809 1353 934 1393 cum
992 1338 1324 1403 Abrahamo,
1378 1340 1597 1410 quando
1643 1356 1744 1412 pro
1775 1340 2072 1400 Sodomitis

508 1432 874 1502 supplicabat,
905 1445 1030 1486 cum
1070 1447 1183 1487 non
1219 1431 1598 1504 quadraginta,
1631 1434 1725 1490 sed
1759 1433 1948 1490 decem
1977 1451 2072 1493 so-

508 1522 785 1577 lummodo
805 1521 988 1592 justos
1019 1522 1089 1576 ad
1127 1521 1366 1578 civitatis
1398 1522 1622 1593 jamjam
1655 1524 1909 1594 peritura:
1938 1541 2073 1580 con-

509 1613 871 1669 servationem
892 1614 1198 1684 requisivit.
1219 1613 1330 1670 Nos
1354 1630 1504 1682 vero,
1521 1615 1679 1686 juxta
1695 1617 2071 1687 Apostolum',

509 1714 714 1759 tantam
754 1705 973 1761 testium
1013 1704 1212 1760 nubem
1235 1705 1626 1762 circumfusam
1661 1707 1941 1775 habentes,
1972 1723 2074 1765 nos

2171 527 2271 579 ούκ
2319 526 2388 580 ἂν
2427 527 2475 579 οί
2528 523 2758 595 ἀθληταὶ
2802 522 2902 594 τὴν
2940 523 3189 592 ἀνδρείαν
3222 522 3634 592 έδημοσίευσαν.
3673 523 3734 576 Τί

2171 616 2215 670 δ’
2235 618 2300 672 ἄν
2326 633 2412 679 τις
2446 614 2607 669 πλέον
2653 613 2918 684 ἀγασθείη
2946 613 3054 667 τῶν
3079 613 3453 684 προκειμένων
3493 614 3626 683 ἡμῖν
3659 617 3736 679 εἰς

2172 709 2445 779 εὐφημίαν
2475 705 2714 778 ἀνδρῶν;
2745 705 2807 760 τὸ
2839 703 3062 776 πλῆθος,
3096 705 3129 775 ἢ
3156 704 3254 775 τὴν
3282 705 3553 775 ἀνδρείαν,
3578 706 3612 775 ἢ
3643 704 3736 775 την

2173 799 2376 870 ἀψευδῆ
2397 797 2711 869 συμφωνίαν
2731 815 2746 863 ;
2768 796 2880 850 Καὶ
2905 796 2978 867 μὴ
3000 795 3357 867 παρέλθωμεν
3377 795 3734 866 ἀναισθήτοις,

2177 891 2310 962 μηδὲ
2343 890 2652 963 ἀχαρίστως
2695 887 2912 961 πρῶτον
2951 888 3044 942 τὸν
3083 886 3332 959 ἀριθμόν.
3375 887 3434 941 '0
3467 887 3580 957 γὰρ
3621 902 3737 939 τοσ-

2172 981 2359 1045 ούτους
2382 980 2520 1051 ἔχων
2553 976 3106 1050 πρεσϐευτὰς,ούποτ’
3127 977 3194 1032 ἂν
3218 978 3497 1049 ἄπρακτος
3517 976 3737 1032 ἀπέλθοι

2173 1072 2479 1144 προσευχῆς
2533 1071 2628 1125 καὶ
2674 1070 2910 1142 δεήσεως
2936 1108 2951 1133 ,
2975 1069 3079 1123 κᾶν
3114 1069 3320 1140 σφόδρα
3369 1068 3738 1140 βεϐαρημένος

2173 1161 2394 1234 ὑπάρχῃ
2426 1161 2538 1225 τοῖς
2567 1160 2950 1232 ἁμαρτήμασι.
2982 1159 3094 1213 Καὶ
3119 1158 3323 1230 ταύτης
3367 1159 3469 1230 τῆς
3504 1157 3739 1222 διανοίας

2172 1253 2266 1307 καὶ
2297 1252 2526 1316 ἐλπίδος,
2541 1252 2749 1322 μάρτυς
2767 1251 2916 1303 ἐστὶν
2946 1252 2976 1304 ὀ
2999 1249 3151 1315 Θεὸς,
3168 1251 3228 1304 ὲν
3246 1251 3312 1322 τῇ
3328 1248 3464 1321 πρὸς
3492 1248 3741 1321 ’Δδραὰμ

2171 1343 2403 1410 διαλέξει
2429 1383 2447 1410 ,
2471 1342 2632 1414 ἡνίκα
2677 1341 2776 1413 τὴν
2812 1341 2950 1414 ὑπὲρ
3006 1341 3306 1412 Σοδομιτῶν
3355 1341 3591 1395 ἱκετείαν
3627 1341 3741 1395 ἑδέ-

2173 1452 2298 1506 χετο
2316 1475 2330 1500 ,
2357 1435 2420 1488 οὐ
2450 1433 2855 1506 τεσσαράκοντα
2891 1433 3153 1499 δικαίους,
3179 1433 3316 1489 ἀλλὰ
3346 1433 3478 1491 δέκα
3502 1433 3742 1505 ζητήσας

2175 1525 2255 1591 είς
2305 1525 2633 1596 παραίτησιν
2695 1522 2904 1587 πόλεως
2954 1522 3255 1596 μελλούσης
3298 1522 3738 1593 ὲξαφανίζεσθαι.

2184 1617 2374 1686 Ἡμεῖς
2424 1615 2503 1682 δὲ,
2535 1615 2677 1671 κατὰ
2700 1615 2791 1669 τὸν
2850 1615 3188 1680 ’Δπόστολον,
3233 1615 3484 1670 τοσοῦτον
3527 1615 3744 1686 ἔχοντες

2177 1703 2556 1777 περικείμενον
2593 1705 2728 1776 ἡμῖν
2785 1703 2947 1774 νέφος
2994 1696 3306 1775 μαρτύρων,
3347 1705 3744 1777 μακαρίσωμεν

507 1797 660 1866 ipsos
689 1795 1046 1865 prmdicemus
1099 1796 1312 1861 beatos,
1346 1813 1440 1867 spe
1470 1797 1800 1867 gaudentes,
1834 1799 2067 1856 orationi

2175 1796 2398 1859 ἑαυτοὺς
2429 1797 2496 1865 τῇ
2532 1794 2706 1849 ἐλπίδι
2725 1795 3031 1867 χαίροντες,
3052 1797 3117 1866 τῇ
3156 1798 3432 1867 προσευχῇ
3459 1812 3744 1868 προσκαρ-

507 1886 809 1949 instantes,
872 1886 1152 1942 memoriis
1203 1897 1518 1942 sanctorum
1567 1889 2066 1946 communicantes:

506 1991 634 2038 nam
670 1977 1027 2049 quadraginta
1073 1986 1340 2048 martyres
1378 1977 1539 2032 validi
1583 1987 1713 2033 sunt
1747 1988 1937 2034 contra
1976 1981 2076 2036 ad-

507 2068 788 2124 versarios
818 2078 1253 2140 propugnatores
1273 2107 1287 2132 ,
1319 2077 1373 2124 et
1405 2068 1509 2129 fide
1546 2069 1699 2140 digni
1725 2070 2074 2128 intercessio-

505 2159 597 2215 nis
631 2157 773 2228 apud
803 2173 1146 2214 communem
1190 2157 1476 2214 Dominum
1545 2159 1834 2228 advocati;
1878 2161 2072 2216 horum

506 2250 761 2322 praesidio
786 2259 962 2306 tectus
982 2249 1332 2313 Christianus
1358 2249 1626 2318 confidat,
1665 2251 1792 2306 licet
1819 2251 2073 2310 diabolus

505 2343 837 2400 tentationes
854 2349 1057 2406 nectat,
1077 2349 1131 2397 et
1157 2342 1407 2397 homines
1430 2342 1662 2412 improbi
1679 2343 1988 2414 insurgant,
2017 2352 2073 2403 et

505 2432 726 2503 tyranni
773 2432 959 2491 furore
1000 2431 1431 2498 excandescant,
1473 2440 1528 2488 et
1565 2448 1716 2489 mare
1771 2435 1986 2499 saeviat,
2018 2443 2074 2489 et

506 2533 654 2586 terra
699 2539 808 2582 non
857 2525 1015 2589 ferat,
1060 2540 1181 2598 quae
1214 2525 1531 2582 hominibus
1564 2525 1708 2582 ferre
1744 2527 1904 2592 solet,
1950 2534 2071 2580 tan.

505 2619 740 2689 demque
775 2619 973 2677 cmlum
1005 2619 1182 2680 minas
1233 2617 1498 2678 intentet:
1554 2617 1622 2673 ad
1670 2634 1886 2675 omnem
1924 2619 2068 2674 enim

507 2709 888 2766 necessitatem
912 2710 968 2770 et
987 2717 1242 2765 eventum
1272 2710 1466 2765 horum
1491 2708 1721 2766 facultas
1742 2717 1796 2766 et
1829 2710 2069 2779 potentia

507 2800 720 2866 sufficit,
755 2808 809 2857 et
833 2799 1052 2857 uberem
1092 2815 1123 2855 a
1156 2799 1380 2857 Christo
1409 2802 1638 2872 gratiam
1655 2802 1874 2874 accipit,
1906 2817 2066 2874 quem

506 2891 657 2953 decet
675 2897 851 2948 omnis
877 2891 1049 2962 gloria
1075 2892 1132 2947 in
1163 2891 1384 2948 saecula.
1412 2892 1607 2948 Amen.

577 3119 598 3149 ⁵
644 3116 808 3174 Hebr.
851 3133 950 3182 xit,
988 3118 1042 3174 1.

2176 1887 2456 1958 τεροῦντες
2482 1926 2498 1952 ,
2525 1888 2646 1950 ταῖς
2699 1887 2937 1958 μνήμαις
2983 1886 3090 1941 τῶν
3127 1886 3294 1954 ἁγίων
3343 1886 3740 1951 κοινωνοῦντες.

2180 1977 2596 2049 Τεσσαράκοντα
2621 1977 2731 2050 γὰρ
2757 1979 3051 2049 μάρτυρες,
3084 1979 3292 2049 ἰσχυροὶ
3333 1978 3432 2049 μὶν
3467 1979 3614 2042 κατὰ
3640 1980 3743 2034 τῶν

2179 2067 2388 2139 ἐχθρῶν
2422 2069 2781 2134 ὑπασπισταὶ,
2809 2068 3109 2134 ἀξιόπιστοι
3141 2069 3198 2124 δὲ
3225 2069 3324 2141 τῆς
3358 2069 3496 2141 πρὸς
3522 2070 3618 2124 τὸν
3652 2074 3745 2124 Δεο

2180 2159 2382 2230 σπότην
2411 2158 2621 2224 ἱκεσίας
2649 2158 2987 2231 παράκλητοι
3011 2175 3026 2190 ’
3061 2159 3200 2230 μετὰ
3228 2159 3327 2230 τῆς
3357 2159 3564 2214 τούτων
3591 2159 3743 2213 ἑλπί-

2175 2252 2264 2314 δος
2287 2250 2699 2324 καταθαῤῥείτω
2726 2252 3068 2322 Χριστιανὸς,
3099 2251 3192 2304 καὶ
3225 2249 3319 2305 τοῦ
3347 2250 3593 2304 διαϐόλου
3627 2267 3746 2304 πει-

2178 2344 2421 2416 ρασμοὺς
2447 2343 2762 2414 ράπτοντος,
2793 2345 2887 2396 καὶ
2917 2341 3217 2415 ἀνθρώπιον
3262 2343 3511 2414 πονηρῶν
3577 2344 3744 2396 ἑπανο

2179 2434 2482 2504 ισταμένων
2520 2475 2536 2501 ,
2577 2435 2672 2492 καὶ
2715 2433 2994 2505 τυράννων
3018 2433 3095 2506 τῷ
3138 2433 3295 2504 θυμῷ
3332 2432 3561 2498 ζεόντων
3604 2475 3620 2499 ,
3655 2435 3746 2492 καὶ

2176 2523 2450 2593 θαλάσσης
2501 2522 2890 2594 ἀγριαινούσης
2917 2561 2932 2588 ,
2961 2523 3055 2580 καὶ
3104 2523 3206 2592 γῆς
3253 2522 3327 2594 μὴ
3377 2523 3682 2594 φερούσης.
3709 2524 3746 2580 ἃ

2175 2615 2368 2684 γεννᾷν
2395 2612 2699 2685 ἀνθρώποις
2731 2613 3020 2678 τέτακται,
3067 2611 3163 2666 καὶ
3187 2610 3414 2688 ούρανοῦ
3459 2612 3746 2684 συμφορὰς

2174 2707 2542 2770 ἀπειλοῦντος.
2582 2705 2726 2777 Πρὸς
2759 2707 2940 2760 πᾶσαν
2985 2705 3094 2778 γὰρ
3127 2705 3332 2777 χρείαν,
3360 2704 3454 2761 καὶ
3483 2704 3748 2776 περίσταο

2176 2815 2260 2850 σιν
2290 2798 2324 2867 ἡ
2351 2795 2554 2850 τούτων
2594 2795 2822 2864 δύναμις
2865 2793 3116 2866 ἐξαρκεῖ,
3166 2793 3262 2848 καὶ
3291 2793 3550 2854 πλουσίαν
3593 2792 3746 2865 παρὰ

2171 2888 2408 2960 Χριστοῦ
2446 2886 2712 2956 λαμϐάνει
2746 2886 2845 2956 τὴν
2873 2887 3032 2959 χάριν
3182 2885 3386 2957 πρέπει
3431 2887 3584 2940 πᾶσα
3619 2885 3747 2957 δόξα

2177 2981 2258 3042 είς
2278 2980 2402 3043 τοὺς
2425 2978 2647 3041 αἰῶνας.
2682 2976 2872 3048 Ἀμήν.

515 3261 3725 3310 W

1757 3432 1986 3522 ΤΟΥ
2105 3433 2480 3532 ΑΥΤΟΥ

1400 3649 2234 3766 ΕΠΙΤΑΦΙΟΣ
2339 3640 2864 3762 ΛΟΓΟΣ

1066 3876 1421 3955 'EthON
1460 3891 2102 3950 ιΔιοΝΑΔΕΑΦοΝ

2175 3890 2315 3945 ΓΟΝ
2361 3891 2648 3951 MEI‘AN
2689 3886 3178 3946 ΒΔΣΙΔΕΙΟΝ.

1852 4245 1978 4337 EJ
2002 4242 2392 4338 USDEM

1460 4483 1988 4602 ORATIO
2086 4471 2784 4605 FUNEBRIS

818 4731 964 4802 QUA
1001 4731 1302 4790 FRATRIS
1339 4731 1453 4791 SUI
1511 4731 1754 4790 BASILII
1791 4729 2008 4788 MAGNI
2046 4730 2322 4789 LAUDES
2359 4731 2448 4789 ET
2494 4726 2862 4787 MEMORIAM
2899 4724 3418 4786 CONCELEBRAT.

1750 4912 2016 4967 Laurentio
2038 4911 2205 4962 Sifano
2227 4911 2523 4974 interprete.

571 5231 780 5270 nonum
821 5216 1082 5286 imposuit
1105 5215 1246 5271 Deus
1268 5215 1515 5270 ordinem
1556 5215 1948 5271 anniversariis
1979 5215 2102 5277 hist

2236 5213 2421 5286 Καλὴν
2468 5212 2732 5284 ἐπέθηκεν
2761 5214 2791 5266 ὁ
2821 5209 2952 5273 Θεὸς
2987 5207 3087 5279 τὴν
3127 5207 3278 5273 τάξιν
3325 5208 3445 5271 ταῖς
3500 5207 3751 5279 ἱτησίοις

501 5309 707 5361 nostris
774 5306 960 5370 feriis,
1031 5321 1168 5375 quas
1234 5320 1330 5376 per
1403 5305 1708 5359 ordinatam
1771 5305 2059 5375 quamdam

2175 5306 2389 5370 ταύταις
2419 5306 2574 5376 ἡμῶν
2603 5306 2831 5376 ἑορταῖς,
2865 5303 2930 5366 ἃς
2957 5302 3044 5355 διά
3069 5317 3209 5363 τινος
3237 5298 3577 5370 τεταγμένης
3612 5301 3749 5354 duo.

501 5398 932 5454 vicissitudinem
963 5407 1017 5452 et
1050 5399 1245 5453 seriem
1273 5397 1356 5452 his
1376 5397 1568 5452 diebus
1593 5405 1646 5451 et
1676 5399 1786 5466 jam
1816 5397 2062 5452 celebra-

2175 5397 2385 5457 λουθίας
2420 5397 2561 5451 κατὰ
2587 5399 2686 5460 τὰς
2731 5396 2940 5466 ἡμέρας
2962 5393 3163 5456 ταύτας
3193 5393 3290 5464 ἤδη
3328 5409 3389 5445 τε
3429 5392 3746 5463 ἠγάγομεν,

498 5490 703 5553 vimus,
735 5497 789 5544 et
839 5505 1029 5546 rursus
1076 5490 1437 5544 celebramus.
1483 5488 1630 5544 Ordo
1669 5498 1848 5544 autem
1904 5489 2064 5545 nobis

2175 5489 2265 5542 καὶ
2302 5488 2462 5542 πάλιν
2487 5490 2708 5558 ἄγομεν.
2767 5491 2826 5541 Ἦ
2857 5488 2914 5540 δὲ
2942 5486 3091 5551 τάξις
3119 5488 3249 5556 ἡμῖν
3282 5488 3396 5538 ἐστι
3429 5485 3538 5538 τῶν
3575 5503 3747 5537 πνευ-

500 5577 866 5647 spiritualium
894 5579 1270 5633 celebritatum
1308 5591 1470 5649 atque
1487 5588 1854 5634 conventuum
1877 5579 1922 5634 is
1952 5587 2060 5645 est,

2175 5578 2414 5650 ματικῶν
2460 5581 2838 5649 πανηγύρεων,
2879 5579 2944 5649 ἣν
2975 5579 3066 5632 καὶ
3105 5581 3133 5631 ὁ
3167 5578 3339 5648 μέγας
3368 5576 3583 5640 Παῦλος
3637 5577 3747 5629 ἐδί-

499 5682 659 5738 quem
688 5684 916 5738 magnus
944 5669 1108 5724 etiam
1137 5668 1337 5725 Paulus
1380 5671 1586 5732 docuit,
1631 5685 1866 5739 superne
1899 5679 2061 5740 atque

2175 5671 2340 5737 δαξεν,
2378 5671 2581 5725 ἄνωθεν
2607 5671 2716 5724 τῶν
2753 5670 3005 5724 τοιούτων
3041 5669 3140 5740 τὴν
3167 5667 3367 5736 γνῶσιν
3399 5669 3560 5737 ἔχων.
3601 5668 3746 5737 Φησὶ

500 5759 720 5818 cmlitus
754 5759 1021 5828 ejusmodi
1051 5776 1234 5816 rerum
1275 5762 1639 5833 cognitionem
1672 5761 1920 5829 adeptus.
1969 5762 2059 5819 Ait

2175 5767 2274 5835 γὰρ
2301 5767 2524 5834 ἐκεῖνος,
2564 5767 2622 5827 ὲν
2655 5766 2887 5839 πρώτοις
2919 5765 3015 5838 μὲν
3044 5765 3168 5826 τοὺς
3199 5760 3522 5825 ἀποστόλους
3548 5777 3616 5818 τε
3653 5759 3752 5814 καὶ
