3850 6420
158 322 268 378 789

1263 320 1328 375 IN
1369 320 1655 378 LAUDEM
1704 320 2007 381 FRATRIS
2044 326 2313 383 BASILII.

3322 334 3427 390 790

153 433 285 497 τοὺς
344 432 628 504 προφήτας
684 432 964 502 τετάχθαι,
1016 435 1145 507 ’μετ’
1203 435 1447 499 ἐκείνους
1506 436 1563 489 δὲ
1616 437 1726 498 τοὺς

1844 438 1987 491 enim
2018 439 2127 507 ille,
2162 440 2217 493 in
2246 441 2436 510 primis
2464 440 2685 511 quidem
2721 442 2999 513 apostolos
3029 453 3085 499 et
3123 446 3426 517 prophetas

152 523 424 594 ποιμένας
455 523 549 576 καὶ
578 523 949 588 διδασκάλους.
980 525 1276 596 Συμϐαίνει
1298 527 1478 581 τοίνυν
1503 529 1569 598 τῇ
1606 528 1742 580 ἀπο-

154 618 382 687 στολικῇ
413 615 585 687 ταύτῃ
628 616 931 688 ἀκολουθίᾳ]
962 619 994 688 ή
1041 619 1193 683 τάξις
1222 619 1333 673 τῶν
1373 618 1467 673 τοῦ
1496 619 1741 674 ἐνιαυτοῦ

141 693 541 779 πανηγύρεων.
585 707 746 761 Ἀλλά
777 708 875 779 τὴν
921 712 1143 782 πρώτην
1173 711 1235 764 ού
1271 711 1587 783 συναριθμῶ
1624 716 1744 777 ταῖς

150 798 365 861 ἄλλαις.
424 798 490 851 Ἦ
542 798 649 871 γάρ
688 798 781 852 ἐπὶ
829 802 896 870 τῇ
945 801 1231 874 θεοφανείᾳ
1279 802 1373 856 τοῦ
1423 804 1743 874 μονογενοῦς

153 890 290 943 Υίοῦ
321 892 501 962 χάρις,
543 893 576 963 ἡ
605 893 691 946 διὰ
720 894 818 965 τῆς
850 896 914 947 ὲκ
953 894 1234 965 Παρθένου
1265 897 1574 966 γεννήσεως
1609 898 1743 950 ἀνα-

150 980 429 1052 δειχθεῖσα
461 981 539 1052 τῷ
568 982 778 1054 κόσμῳ,
813 984 909 1054 οὐχ
932 984 1119 1049 ἁπλῶς
1144 986 1291 1039 ἐστιν
1333 984 1461 1055 ἁγία
1500 990 1741 1057 πανήγυ-

155 1090 266 1145 ρις,
317 1072 432 1125 ἀλλ’
476 1073 605 1142 ἁγία
639 1075 829 1142 ἁγίων,
875 1076 968 1128 καὶ
1009 1078 1319 1150 πανήγυρις
1355 1079 1736 1150 πανηγύρεων.

154 1164 372 1218 υύκοῦν
409 1165 507 1229 τὰς
537 1167 652 1236 μετ’
686 1167 857 1236 αὐτὴν
889 1168 1283 1241 ἀριθμήσωμεν
1308 1186 1322 1199 ·
1364 1171 1585 1240 Πρῶτον
1611 1176 1740 1243 ἡμῖν

151 1255 447 1308 ἀπόστολοί
496 1273 555 1308 τε
591 1257 685 1309 καὶ
724 1261 999 1329 προφῆται
1030 1260 1128 1330 τῆς
1170 1263 1544 1332 πνευματικῆς
1588 1280 1741 1334 χορο-

155 1346 390 1408 στασίας
418 1345 772 1418 κατήρξαντο.
807 1347 889 1401 Τὰ
933 1348 1025 1402 δύο
1057 1349 1167 1421 γὰρ
1195 1350 1410 1415 πάντως
1457 1353 1585 1423 περὶ
1612 1355 1741 1416 τοὺς

152 1439 355 1501 αὐτούς
384 1439 502 1492 ἐστι
539 1439 873 1510 χαρίσματα,
911 1439 971 1493 τό
1012 1457 1071 1493 τε
1114 1442 1470 1497 ἀποστολικὺν
1501 1442 1737 1514 πνεῦμα,

152 1533 252 1583 καὶ
299 1530 358 1583 τὸ
410 1531 509 1601 τῆς
558 1531 913 1603 προφητείας.
968 1534 1090 1588 Εἰσὶ
1125 1533 1181 1586 δὲ
1225 1528 1403 1588 οὗτοι·
1450 1536 1736 1605 Στέφανος,

151 1621 385 1691 Πέτρος,
420 1622 690 1686 Ἰάκωϐος,
735 1623 1266 1695 Ίωάννης,Παῦλος’
1300 1623 1420 1681 εἶτα
1454 1629 1591 1699 μετά
1614 1629 1741 1683 τού-

149 1725 284 1772 τους
312 1708 550 1779 φυλάξας
589 1711 688 1780 τὴν
721 1712 913 1765 ἑαυτοῦ
946 1713 1118 1779 τάξιν,
1156 1715 1372 1788 ἐξάρχει
1402 1720 1501 1788 τῆς
1530 1719 1737 1792 παρούο

154 1815 257 1870 σης
290 1804 423 1871 ἡμῖν
453 1802 811 1875 πανηγύρεως
851 1806 880 1857 ὁ
907 1806 1111 1877 ποιμὴν
1136 1808 1231 1860 καὶ
1270 1808 1609 1874 διδάσκαλος.
1641 1810 1737 1875 Τίς

150 1886 347 1960 οὖτος;
393 1895 545 1947 Εἴπω
591 1895 652 1947 τὸ
702 1895 891 1966 ὄνομα,
926 1898 959 1969 ἢ
1007 1898 1167 1972 ἀρκεῖ
1202 1901 1234 1971 ἡ
1278 1900 1437 1973 χάρις
1475 1902 1598 1955 ἀντὶ
1641 1901 1735 1956 τοῦ

150 1984 420 2053 ὀνόματος
454 1985 622 2052 δεῖξαι
652 1988 744 2040 τὸν
772 1989 972 2058 ἄνδρα;
996 1990 1324 2046 Διδάσκαλον
1353 1992 1462 2064 γὰρ
1494 1994 1587 2047 καὶ
1619 2011 1736 2048 ποι-

155 2076 297 2146 μένα
348 2078 486 2147 μετά
532 2079 658 2143 τοὺς
684 2081 1013 2146 ἀποστόλους
1048 2083 1304 2149 ἀκούσας,
1342 2085 1568 2157 ἐνόησας
1602 2086 1736 2141 πάν-

147 2185 263 2232 τως
293 2168 385 2223 τὸν
421 2169 557 2241 μετά
589 2172 715 2236 τοὺς
762 2174 1091 2239 ἀποστόλους
1142 2176 1375 2247 ποιμένα
1420 2194 1480 2230 τε
1514 2180 1608 2231 καὶ
1654 2179 1734 2232 δι-

147 2260 417 2313 δάσκαλον
441 2276 457 2290 ’
490 2262 680 2317 τοῦτον
706 2262 849 2333 λέγω
869 2305 885 2329 ,
919 2265 980 2318 τὸ
1011 2266 1201 2331 σκεῦος
1232 2267 1332 2338 τῆς
1364 2269 1612 2341 ἐκλογῆς,
1644 2270 1735 2324 τὸν

148 2352 359 2422 ὑψηλὸν
390 2351 489 2424 βίῳ
533 2372 593 2407 τε
632 2355 726 2410 καὶ
771 2356 912 2425 λόγῳ
945 2359 1242 2423 Βασίλειον,
1291 2361 1382 2414 τὸν
1418 2362 1630 2415 ἀστεῖον
1656 2360 1734 2433 τῷ

148 2442 272 2513 Θεῷ
296 2444 360 2495 ἐκ
379 2444 704 2515 γεννήσεως,
731 2445 822 2501 τὸν
844 2450 956 2511 τοῖς
981 2449 1136 2519 ἡθεσι
1169 2450 1350 2505 πολιὸν
1375 2452 1439 2505 ὲκ
1463 2454 1730 2519 νεότητος,

145 2535 242 2588 τὸν
268 2536 627 2591 παιδευθέντα
661 2542 759 2608 μὲν
791 2540 932 2594 κατὰ
958 2542 1197 2595 Μωῦσέα
1244 2543 1391 2616 πάσῃ
1437 2544 1597 2617 σοφίᾳ
1622 2546 1732 2599 τῶν

148 2628 349 2694 ἔξωθεν
381 2628 555 2699 λόγων
576 2672 591 2697 ,
622 2634 734 2694 τοῖς
759 2631 814 2684 δὲ
845 2634 1007 2703 ἱεροῖς
1038 2632 1360 2704 γράμμασιν
1394 2637 1460 2689 ὲκ
1500 2636 1732 2707 βρέφους

150 2719 244 2770 καὶ
278 2718 441 2790 μέχρι
471 2721 567 2791 τῆς
591 2720 920 2787 τελειώσεως
951 2728 1317 2797 συντραφέντα
1348 2730 1441 2783 καὶ
1471 2732 1731 2805 συναυξη-

146 2809 313 2863 θέντα
362 2812 456 2865 καὶ
490 2815 911 2885 συνακμάσαντα
930 2832 945 2848 ·
977 2817 1099 2872 ὅθεν
1130 2819 1392 2875 διδάσκων
1420 2825 1595 2878 πάντα
1633 2826 1729 2879 άν-

144 2903 368 2972 θρωπον
417 2905 475 2956 ὲν
509 2905 658 2979 πάσῃ
690 2908 851 2979 σοφίᾳ
882 2912 947 2980 τῇ
1000 2910 1120 2983 θείᾳ
1149 2930 1208 2966 τε
1255 2915 1348 2967 καὶ
1391 2918 1456 2987 τῇ
1508 2916 1726 2984 ἔξωθεν,

145 2989 260 3045 οἷόν
289 3011 373 3057 τις
396 2995 651 3066 ἀριστεὺς
676 2999 975 3069 περιδέξιος
1003 3001 1071 3054 δι’
1100 3004 1367 3075 ἑκατέρας
1396 3007 1728 3074 παιδεύσεως

1845 531 2173 586 constitutos
2206 540 2259 586 et
2281 531 2564 588 ordinatos
2582 549 2726 599 esse,
2754 545 2877 605 post
2909 536 3032 590 illos
3067 552 3198 592 vero
3234 550 3425 609 pasto-

1844 636 1935 677 res
1955 631 2008 677 et
2042 622 2297 679 doctores
2325 626 2363 676 ⁸.
2415 625 2681 679 Convenit
2726 626 2892 696 igitur
2925 628 3062 681 ordo
3092 621 3421 685 solemnium

1845 723 2212 768 conventuum
2236 727 2290 770 et
2315 716 2692 771 celebritatum
2723 733 2848 771 eum
2873 721 3174 788 apostolica
3202 721 3303 778 hac
3336 739 3425 778 or-

1843 806 2143 862 dinatione.
2172 807 2277 861 Sed
2314 812 2543 878 primam
2583 810 2961 864 celebritatem
2999 829 3106 867 una
3137 829 3261 869 cum
3296 817 3423 871 aliis

1843 914 1951 952 non
1980 914 2229 955 numero.
2258 898 2392 953 Nam
2433 917 2554 971 qua:
2599 913 2823 971 propter
2867 903 3105 958 divinam
3158 906 3422 977 unigeniti

1844 986 1967 1042 Filii
1996 992 2393 1060 apparitionem
2418 1033 2430 1053 ,
2477 1007 2573 1061 per
2618 1001 2833 1062 partum
2871 992 3107 1061 Virginis
3138 1010 3169 1049 a
3217 997 3421 1052 mundo

1845 1078 2116 1136 festivitas
2170 1083 2424 1136 instituta
2468 1090 2576 1145 est,
2607 1098 2670 1136 ea
2719 1099 2829 1137 non
2870 1085 3195 1155 simpliciter
3230 1098 3419 1142 sancta

1843 1170 2132 1224 celebritas
2161 1180 2265 1235 est,
2303 1171 2396 1226 sed
2429 1179 2621 1227 sancta
2652 1180 2994 1235 sanctarum,
3033 1186 3087 1228 et
3131 1175 3419 1232 celebritas

1842 1263 2241 1317 celebritatum.
2288 1264 2457 1334 Igitur
2493 1279 2588 1320 eas
2634 1280 2757 1335 qua:
2798 1266 2938 1320 hanc
2976 1277 3415 1335 consequuntur,

1842 1372 2217 1411 numeremus.
2260 1355 2504 1410 Primum
2563 1357 2727 1413 nobis
2767 1358 2997 1427 apostoli
3046 1370 3099 1414 et
3140 1361 3420 1430 propheta:

1842 1450 2144 1519 spiritualis
2186 1459 2361 1506 cmtns
2401 1450 2618 1506 initium
2660 1450 2931 1507 fecerunt.
2992 1450 3236 1523 Utraque
3271 1453 3416 1508 enim

1840 1556 2067 1611 prorsus
2107 1542 2252 1596 circa
2302 1543 2523 1597 eosdem
2581 1552 2710 1596 sunt
2766 1542 2930 1606 dona,
2979 1552 3033 1599 et
3084 1545 3419 1613 apostolicus

1841 1631 2089 1702 spiritus,
2135 1643 2189 1686 et
2239 1632 2469 1703 spiritus
2528 1634 2847 1703 prophetize.
2887 1635 3028 1689 Sunt
3079 1644 3259 1690 autem
3318 1636 3413 1691 hi:

1842 1723 2172 1793 Stephanus.
2230 1724 2444 1789 Petrus,
2497 1726 2766 1787 Jacobus.
2837 1727 3109 1793 Joannes,
3165 1727 3412 1797 Paulus;

1838 1815 2034 1871 deinde
2072 1825 2197 1885 post
2229 1817 2330 1872 hos
2360 1829 2687 1874 conservato
2722 1820 2914 1875 ordine
2948 1836 3049 1878 suo
3074 1861 3088 1884 ,
3132 1830 3319 1893 pastor
3358 1829 3415 1878 et

1836 1907 2098 1977 magister
2122 1916 2443 1977 praesentem
2479 1909 2639 1965 nobis
2666 1910 3039 1966 celebritatem
3072 1910 3411 1981 auspicatur.

1837 1996 1973 2063 Quis
2017 2005 2102 2053 est
2148 1998 2283 2052 hic?
2324 1997 2510 2054 Dicam
2557 2015 2779 2064 nomen,
2836 2016 2904 2054 an
2963 2001 3200 2057 nominis
3237 2002 3410 2057 vicem

1837 2088 2013 2159 gratia
2050 2097 2213 2159 atque
2244 2088 2515 2144 festivitas
2561 2089 2780 2161 supplet
2806 2091 2874 2146 ad
2904 2092 3084 2145 virum
3114 2091 3412 2147 ostenden-

1833 2180 2159 2235 dum?Cum
2193 2183 2338 2235 enim
2378 2181 2446 2235 de
2496 2183 2755 2251 magistro
2806 2190 2969 2253 atque
3014 2191 3231 2253 pastore
3287 2191 3412 2254 post

1834 2273 2111 2342 apostolos
2154 2272 2467 2336 audiveris,
2498 2273 2813 2329 intellexisti
2856 2290 3083 2343 prorsus
3135 2289 3259 2329 eum
3317 2276 3409 2345 qui

1833 2366 2111 2435 apostolos
2132 2366 2491 2436 consequitur
2521 2374 2707 2436 pastor
2739 2375 2793 2422 et
2824 2366 3034 2421 doctor.
3065 2369 3223 2422 Hunc
3258 2367 3408 2434 dico,

1832 2454 1925 2524 qui
1957 2471 2051 2510 vas
2096 2465 2182 2510 est
2232 2457 2540 2519 electionis,
2599 2457 2886 2513 sublimem
2927 2458 3078 2512 illum
3127 2468 3183 2513 et
3216 2460 3326 2512 vita
3356 2468 3412 2513 et

1834 2560 2088 2601 sermone
2139 2547 2423 2613 Basilium,
2472 2560 2686 2617 gratum
2739 2559 2795 2602 et
2842 2558 3121 2619 acceptum
3191 2549 3302 2604 Deo
3377 2565 3407 2602 a

1832 2640 2139 2701 nativitate,
2194 2640 2287 2709 qui
2322 2640 2568 2697 moribus
2609 2656 2781 2696 canus
2829 2642 2898 2697 ab
2936 2642 3266 2710 juventute,
3314 2642 3407 2712 qui

1832 2732 1974 2785 sicut
2001 2730 2210 2802 Moyses
2245 2741 2286 2797 ί,
2312 2732 2562 2786 eruditus
2607 2732 2707 2786 fuit
2738 2733 2885 2787 omni
2925 2732 3195 2802 sapientia
3243 2742 3408 2804 atque

1832 2823 2057 2877 scientia
2084 2830 2437 2876 externarum
2474 2823 2911 2890 disciplinarum,
2938 2825 3116 2879 sacris
3148 2838 3281 2879 vero
3308 2825 3398 2879 lit-

1830 2916 1963 2970 teris
1992 2915 2060 2968 ab
2089 2915 2315 2968 infantia
2346 2932 2521 2984 usque
2551 2917 2616 2969 ad
2652 2915 3039 2985 perfectionem
3067 2925 3121 2972 et
3150 2932 3408 2973 consum-

1830 3008 2128 3061 mationem
2160 3008 2485 3070 innutritus,
2514 3023 2618 3061 una
2662 3008 2869 3071 erevit,
2920 3009 2975 3062 in
3012 3008 3198 3063 adulta
3242 3018 3407 3079 atque

145 3084 261 3146 τοῖς
305 3084 779 3156 ἀντιτεταγμένοις
822 3089 1012 3142 ἑαυτὸν
1054 3093 1409 3163 ἀνθοπλίζων,
1442 3098 1724 3171 ὑπεραίρει

1830 3100 2151 3154 conﬁrmata
2183 3107 2343 3153 aetate
2390 3114 2498 3152 una
2547 3111 2799 3155 versatus
2844 3109 2949 3163 est,
3012 3101 3157 3156 unde
3196 3101 3405 3156 docens

144 3172 214 3225 δι’
263 3174 589 3245 ἀμφοτέρων
629 3178 755 3241 τοὺς
800 3182 1285 3250 προσπαλαίοντας,
1342 3188 1623 3261 ὑπερέχων
1667 3196 1726 3247 ὲν

1830 3205 2042 3245 omnem
2076 3190 2350 3243 hominem
2397 3190 2451 3243 in
2500 3191 2648 3243 omni
2698 3191 2965 3260 sapientia
3013 3201 3123 3246 tam
3177 3203 3401 3246 externa

148 3265 399 3336 ἐκατέρῳ
443 3268 569 3332 τοὺς
605 3270 663 3322 ὲν
715 3270 925 3344 θατέρῳ
968 3274 1088 3329 τινὰ
1144 3279 1286 3333 κατά
1330 3281 1429 3351 τῆς
1473 3284 1729 3355 ἀληθείας

148 3358 305 3428 ἰσχὺν
349 3359 494 3430 ἔχειν
543 3362 881 3433 νομίζοντας,
913 3368 1040 3432 τοὺς
1084 3369 1184 3440 μὲν
1230 3374 1293 3425 ὲκ
1324 3374 1421 3446 τῆς
1466 3378 1728 3446 αἱρέσεως

144 3450 245 3513 τὰς
273 3450 315 3501 Γ
319 3451 497 3521 ραφάς
529 3455 1015 3526 προϐαλλομένους,
1062 3464 1181 3527 ταῖς
1223 3464 1463 3535 Γραφαϊς
1496 3470 1728 3543 ἀνατρέ-

379 3650 499 3698 εως.
565 3636 630 3690 Ἦ
676 3638 734 3692 δὲ
779 3642 920 3696 κατὰ
990 3643 1099 3699 τῶν
1140 3648 1447 3707 ἀντιπάλων
1478 3654 1600 3725 νίκη
1656 3657 1717 3710 ού

144 3723 355 3778 πτῶσιν
402 3727 573 3781 ἐποίει
612 3729 721 3783 τῶν
751 3735 1090 3805 ἡττημένων,
1138 3739 1253 3794 ἀλλ’
1286 3723 1599 3803 ἀνάστασινξ
1653 3751 1716 3804 οι

140 3819 253 3888 γὰρ
287 3819 586 3890 ἡττώμενοι
616 3824 713 3893 τῆς
738 3825 1013 3897 ἀληθείας,
1041 3833 1257 3902 νικηταὶ
1281 3836 1373 3887 καὶ
1406 3842 1718 3907 στεφανῖται

142 3908 284 3961 κατὰ
314 3912 412 3979 τῆς
443 3912 647 3983 πλάνης
675 3916 768 3969 καὶ
804 3916 895 3969 τοῦ
933 3918 1158 3988 ψεύδους
1176 3924 1431 3991 ἐγίνοντο.

1825 3300 1987 3354 quam
2024 3284 2233 3346 divina,
2258 3283 2426 3363 veluti
2462 3283 2546 3336 vir
2585 3284 2806 3353 quidam
2857 3284 3013 3339 fortis
3048 3295 3101 3339 et
3136 3294 3397 3339 strenuus

1823 3378 2057 3432 bellator
2090 3376 2454 3440 ambidexter,
2484 3391 2583 3446 per
2616 3385 2905 3447 utramque
2929 3377 3293 3432 eruditionem
3344 3380 3398 3431 in

1823 3468 2168 3523 adversarios
2200 3482 2322 3523 sese
2345 3483 2590 3534 armans,
2614 3483 2712 3538 per
2740 3477 3027 3540 utramque
3052 3471 3400 3540 disciplinain

1824 3562 1998 3615 vincit
2025 3561 2383 3623 reluctantes.
2407 3572 2641 3632 utraque
2682 3571 2960 3617 armatura
2991 3565 3308 3634 praecedens
3348 3573 3403 3619 et

1827 3669 2095 3723 superans
2115 3669 2231 3719 eos,
2253 3654 2345 3724 qui
2374 3669 2471 3724 per
2488 3654 2808 3709 alterutram
2829 3658 3093 3712 adversus
3118 3658 3399 3713 veritatem

1826 3748 2039 3817 aliquas
2068 3748 2214 3801 vires
2236 3746 2438 3801 habere
2468 3762 2527 3802 se
2563 3747 2861 3818 putabant,
2908 3763 3005 3804 eos
3039 3749 3258 3819 quidem
3302 3751 3399 3820 qui

1825 3840 1893 3894 de
1944 3840 2322 3894 haereticorum
2370 3841 2642 3896 sententia
2697 3842 3001 3912 scripturas
3050 3844 3395 3913 proferrent,

1828 3932 2132 4000 Scripturis
2169 3939 2419 3987 evertens
2476 3939 2639 4001 atque
2673 3932 3002 4000 eonfutans,
3044 3933 3265 3990 Graecos
3296 3948 3397 3987 au:-

142 4010 252 4053 tem
280 4017 343 4055 ac
373 4003 602 4071 gentiles
655 4022 749 4075 per
783 4024 936 4064 suam
978 4012 1220 4082 ipsorum
1254 4019 1506 4079 irretiens
1538 4036 1699 4096 atque
1734 4029 2037 4098 illaqueans
2085 4025 2474 4080 eruditionem.
2529 4023 2637 4079 Sed
2688 4025 2919 4080 victoria
2958 4026 3024 4082 de
3065 4028 3395 4083 adversariis

141 4106 252 4145 "0"
305 4094 518 4147 Γιιίιιθιῐι
558 4097 644 4160 iis.
684 4099 775 4168 qui
822 4102 952 4157 Victi
1000 4114 1207 4173 essent,
1265 4111 1560 4183 afferebat,
1615 4094 1719 4175 sed
1761 4094 2237 4176 resurrectionem.
2314 4117 2417 4183 Qui
2471 4118 2616 4172 enim
2683 4118 2898 4173 veritati
2968 4121 3396 4176 succumbebant

136 4186 425 4239 victoriam
482 4197 539 4272 et
573 4204 833 4245 coronam
871 4194 938 4250 de
983 4211 1171 4254 errore
1208 4208 1371 4272 atque
1414 4210 1699 4267 mendacio
1737 4211 2069 4268 referebant.

210 4272 411 4327 Τοῦτον
447 4270 541 4329 οὖν
587 4276 783 4348 ἔχομεν
818 4281 910 4335 καὶ
956 4284 1116 4353 ἡμεῖς
1144 4287 1239 4340 νῦν
1281 4270 1373 4343 τὸν
1412 4294 1718 4354 διατιθέντα

132 4369 274 4436 ἡμῖν
426 4369 706 4461 παροῦσαν
732 4374 1055 4446 πανήγυριν,
1078 4379 1169 4433 τὸν
1193 4382 1412 4452 γνήσιον
1435 4386 1718 4461 ὑποφήτην

1894 4296 2047 4352 Hune
2079 4296 2245 4367 igitur
2267 4296 2532 4353 habemus
2564 4313 2710 4353 nunc
2735 4299 2899 4354 etiam
2941 4317 3067 4365 nos,
3113 4305 3208 4375 qui
3255 4320 3395 4362 eon-

1821 4388 2012 4442 stituat
2044 4388 2205 4443 nobis
2228 4395 2551 4457 praesentem
2586 4390 2982 4459 celebritatem,
3007 4398 3302 4464 genuinum
3339 4409 3395 4455 et

133 4458 231 4510 τοῦ
252 4457 391 4511 Πνεύ
400 4476 585 4528 ματος,
607 4460 699 4515 τὸν
716 4467 960 4531 γενναῖον
980 4468 1073 4520 τοῦ
1098 4467 1138 4521 Χ
1152 4472 1331 4540 ριστοῦ
1360 4457 1714 4551 στρατιώτην,

1830 4496 2007 4534 verum
2033 4480 2344 4534 ministrum
2372 4487 2424 4535 et
2456 4481 2809 4552 interpretem
2831 4484 3081 4553 spiritus,
3105 4497 3390 4545 strenuum

131 4549 227 4601 τὸν
261 4548 641 4620 μεγαλόφωνον
668 4554 882 4624 κήρυκα
913 4556 1005 4609 τοῦ
1043 4562 1308 4633 σωτηρίου
1338 4548 1708 4639 κηρύγματος,

133 4640 227 4691 τὸν
258 4640 564 4731 ἀγωνιστῄν
599 4660 658 4695 τε
705 4646 801 4697 καὶ
833 4648 1117 4719 πρόμαχον
1163 4654 1262 4724 τῆς
1305 4656 1444 4729 ὑπὲρ
1474 4661 1710 4731 Χριστοῦ

133 4725 562 4801 παρῤησίαςδῷ
594 4733 663 4787 τά
693 4734 918 4807 δεύτερα
952 4740 1089 4807 μετά
1138 4743 1264 4807 τοὺς
1311 4725 1638 4816 ἀποστόλους
1682 4755 1710 4807 ὁ

131 4820 326 4889 χρόνος
371 4820 551 4874 δίδωσι
604 4823 780 4893 μόνον.
830 4826 894 4879 Εί
955 4828 1062 4899 γάρ
1099 4831 1238 4885 κατά
1276 4834 1369 4889 τὸν
1420 4838 1581 4892 αὐτὸν
1632 4840 1709 4912 τῷ

130 4910 333 4981 Παύλῳ
358 4912 546 4981 χρόνον
595 4914 853 4986 μετέσχεν
882 4917 977 4971 τοῦ
998 4920 1336 4993 ἀνθρωπίνου
1388 4927 1502 4997 βίου
1546 4910 1707 4985 Bazai-

124 4999 295 5063 λειος,
335 5000 507 5066 οὕτως
550 5003 616 5056 ἂν
660 5007 878 5072 πάντως
921 5014 1234 5085 συνεγράφη
1268 5016 1347 5088 τῷ
1397 5020 1592 5091 Παύλῳ
1637 5024 1714 5086 ὼς

126 5091 417 5155 Σιλουανδς
438 5094 532 5146 καλ⁵
552 5095 812 5166 Τιμόθεος
831 5115 846 5128 ’
870 5101 962 5153 καὶ
983 5102 1065 5155 ὅτι
1085 5105 1183 5157 οὐκ
1212 5105 1316 5170 ἔξω
1335 5109 1434 5179 τῆς
1459 5111 1711 5181 ἀληθείας

126 5182 486 5254 στοχάζομαι,
522 5186 718 5240 οὑτωσὶ⁸
741 5190 832 5244 τὸν
865 5190 1021 5260 λόγον
1065 5199 1487 5270 κατανοήσωμεν
1513 5219 1526 5233 ·
1564 5205 1710 5277 Παρ-

122 5276 292 5328 είσθω
350 5276 410 5329 τὸ
464 5280 810 5349 προτερεύειν
853 5284 979 5347 τοὺς
1026 5284 1212 5353 ἁγίους
1256 5288 1335 5359 τῷ
1380 5293 1573 5364 χρόνῳ.
1640 5276 1703 5349 Ἦ

120 5367 235 5436 γὰρ
284 5368 377 5421 τοῦ
430 5370 620 5440 χρόνου
675 5372 837 5441 φύσις
872 5375 930 5427 ἐν
977 5375 1054 5445 τῷ
1095 5383 1444 5450 παρῳχηκότι
1483 5386 1575 5438 κα)⁸
1624 5388 1700 5458 τῷ

123 5459 396 5526 μέλλοντι,
450 5461 585 5531 πρὸς
614 5463 816 5536 ἀρετήν
852 5483 910 5518 τε
956 5470 1048 5520 καὶ
1098 5470 1291 5523 κακίαν
1338 5476 1535 5543 ὁμοίως
1567 5478 1696 5549 ἔχει,

115 5548 250 5603 οὔτε
276 5551 432 5604 τοῦτο
458 5551 611 5619 οὖσα,
643 5555 765 5609 οὔτε
792 5558 851 5611 τὸ
876 5558 1059 5630 ἕτερον
1084 5577 1099 5592 ·
1140 5562 1198 5615 ἐν
1236 5567 1345 5635 γάρ
1386 5548 1697 5641 προαιρέσει

197 5729 218 5761 ¹
255 5727 274 5781 l
307 5729 436 5782 Cur.
474 5747 569 5789 xu,
600 5731 687 5785 ‘28.
769 5736 787 5765 '
816 5734 932 5789 .\ct.
972 5752 1063 5802 γη,
1098 5737 1187 5793 9.2.

1817 4572 2020 4627 Christi
2084 4572 2346 4635 militem,
2409 4589 2671 4628 sonorum
2725 4583 2780 4631 et
2832 4578 3075 4633 vocalem
3132 4582 3392 4638 salutaris

1818 4663 2075 4731 prseconii
2100 4673 2263 4732 atque
2294 4662 2707 4732 praedicationis
2733 4679 3064 4733 praeconem.
3086 4668 3255 4725 libere
3291 4686 3391 4741 pro

1814 4753 2036 4809 Christo
2074 4755 2350 4825 loquendo
2381 4756 2779 4824 decertantem,
2803 4766 2858 4812 et
2889 4759 2943 4812 in
2971 4762 3262 4831 principiis
3293 4780 3388 4831 puu

1814 4857 1973 4911 gnam
1996 4845 2227 4898 cientem
2253 4863 2265 4897 :
2296 4845 2383 4899 cui
2413 4846 2685 4901 secundas
2723 4855 2847 4916 post
2886 4850 3168 4917 apostolos
3200 4860 3383 4919 partes

1813 4943 2030 5007 tempus
2087 4937 2263 4991 solum
2287 4937 2398 4990 dat.
2449 4936 2583 4991 Nam
2638 4940 2683 4993 si
2739 4939 2927 4994 endem
2965 4950 3231 5013 tempore,
3278 4962 3387 5013 quo

1809 5024 2046 5087 Paulus.
2093 5031 2216 5083 vitze
2255 5027 2533 5097 particeps
2582 5028 2834 5084 humana:
2888 5029 3081 5086 luisset
3126 5032 3383 5099 Basilius,

1810 5120 1971 5173 sicuti
2013 5117 2282 5188 Sylvanus
2317 5130 2369 5173 et
2393 5120 2746 5177 Timotheus:
2769 5125 2842 5176 ita
2866 5139 3093 5192 prorsus
3125 5140 3230 5177 una
3257 5140 3380 5178 cum

1809 5209 1982 5263 Paulo
2049 5210 2355 5265 litterarum
2405 5215 2778 5267 monumentis
2842 5214 3154 5269 celebratus
3212 5225 3380 5270 esset.

1808 5299 1986 5370 Atque
2010 5311 2070 5356 ut
2100 5302 2458 5374 intelligatur,
2484 5305 2629 5373 quod
2663 5309 3037 5375 conjecturam
3070 5307 3320 5363 faciendo
3350 5325 3379 5363 a

1808 5394 2035 5448 veritate
2066 5410 2175 5448 non
2211 5396 2426 5461 aberro,
2473 5398 2576 5453 hoc
2614 5400 2774 5453 modo
2809 5402 3072 5453 rationem
3108 5401 3376 5457 ineamus.

1806 5484 2264 5543 Prretermittatur
2295 5505 2356 5545 ea
2394 5492 2592 5554 oratio,
2624 5506 2730 5560 qua
2766 5490 3091 5560 explicetur,
3129 5492 3220 5562 qui
3252 5510 3381 5549 san-

1806 5578 1899 5644 cti,
1933 5595 2070 5649 quos
2105 5590 2326 5639 sanctos
2373 5592 2614 5653 tempore
2658 5584 3051 5640 antecesserint
3089 5587 3381 5659 (temporis
