3850 6404
459 256 556 313 ⁸191

1701 251 1760 306 S.
1786 250 2116 306 GREBORII
2154 249 2446 306 NYSSEM

3621 255 3726 309 799.

453 372 602 428 enim
621 374 817 427 natura
837 370 892 425 in
913 370 1189 440 praeterito
1209 377 1266 426 et
1290 370 1500 437 futuro,
1519 371 1665 442 quod
1690 373 1756 428 ad
1783 373 2039 426 virtutem

2144 372 2206 424 τὸ
2251 371 2475 442 ἀγαθὸν,
2527 370 2628 425 οὐκ
2677 370 2735 424 ἐν
2781 371 2975 444 χρόνῳ.
3023 369 3165 424 Ἀλλ’
3203 369 3541 436 ἐξεταζέσθω
3586 370 3726 442 πρὸς

453 472 508 516 σει
561 462 756 517 vitium
814 461 1033 525 attinet,
1065 463 1260 517 eodem
1298 463 1459 516 modo
1517 479 1639 520 sese
1690 463 1875 527 habet,
1913 479 2040 518 cum

454 570 637 623 neque
686 554 816 618 hoc,
849 570 1029 624 neque
1067 555 1407 608 contrarium
1442 555 1546 610 sit:
1601 557 1655 610 in
1690 557 1861 612 libero
1895 557 2040 612 enim

456 646 692 701 arbitrio
719 653 887 716 atque
919 651 1204 716 proposito
1235 647 1555 709 voluntatis,
1577 663 1684 702 non
1714 648 1770 702 in
1797 659 2042 717 tempore

455 735 662 792 bouum
693 736 996 804 consistit),
1028 745 1085 790 at
1121 737 1260 814 ﬁdes
1299 754 1424 791 curn
1462 738 1599 804 lide,
1627 754 1751 793 cum
1795 741 2043 795 oratione

457 826 637 879 oratio
660 823 1180 898 conferatur.‘.Nam
1223 828 1270 881 si
1319 829 1446 898 quis
1490 829 1678 896 justus
1736 829 2042 885 aestimator

459 916 622 969 luerit
653 917 709 970 in
739 916 1094 972 conferendis
1149 919 1290 972 inter
1345 936 1403 973 se
1447 919 1750 983 miraculis,
1806 922 2044 990 reperiet

458 1021 622 1060 uuam
660 1007 716 1060 in
748 1009 1020 1063 ambobus
1043 1011 1299 1080 gratiam,
1335 1025 1456 1081 qua:
1487 1028 1553 1066 cx
1597 1012 1788 1068 eodem
1843 1013 2040 1081 spiritu

453 1097 608 1166 juxta
661 1101 1102 1155 convenientiam
1143 1111 1308 1172 atque
1344 1103 1750 1173 proportionem
1789 1104 1910 1159 lidei
1946 1121 2041 1158 ex-

457 1191 677 1248 sisteret
706 1193 762 1247 in
811 1201 1063 1263 utroque.
1103 1193 1262 1261 Quod
1302 1195 1346 1248 si
1385 1203 1631 1266 tempore
1664 1194 1866 1250 Paulus
1905 1211 2041 1265 prae-

457 1282 629 1346 cedit,
660 1295 716 1339 et
747 1285 937 1341 multis
964 1287 1226 1342 aetatibus
1252 1297 1376 1358 post
1399 1287 1638 1344 Basilius
1661 1289 1940 1344 exhibitus
1979 1305 2044 1345 ac

458 1375 776 1446 designatus
815 1386 940 1433 est:
979 1376 1178 1434 divina:
1213 1380 1712 1436 administrationis
1744 1398 1907 1452 quam
1945 1382 2044 1436 ho-

457 1467 668 1522 minum
699 1469 874 1539 gratia
906 1472 1173 1541 suscepit,
1216 1487 1356 1541 opus
1387 1471 1549 1536 dicis,
1585 1489 1693 1527 non
1734 1472 1894 1528 all'ers
1917 1489 2045 1542 pro-

458 1559 742 1615 bationem
771 1560 920 1615 circa
948 1560 1205 1614 virtutem
1229 1561 1638 1618 diminutionis.
1659 1561 1793 1616 Nam
1811 1571 1866 1617 ct
1893 1563 2046 1636 Moy-

458 1667 548 1707 ses
580 1651 1136 1722 multistemporihus
1159 1654 1430 1724 posterior
1452 1655 1796 1710 Ahrahamo:
1825 1654 2045 1711 Samuel

2141 463 2239 534 τὴν
2284 463 2466 517 πίστιν
2492 465 2528 534 ή
2564 463 2768 528 πίστις,
2818 463 2914 516 καὶ
2955 463 3092 533 πρὸς
3125 462 3216 516 τὸν
3262 463 3418 530 λόγον
3459 464 3488 515 6
3533 462 3723 531 λόγος’

2141 553 2360 624 εὑρήσει
2377 551 2485 624 γάρ
2505 553 2533 607 ὃ
2549 570 2612 622 γε
2640 553 2864 617 δικαίως
2887 553 2951 607 ὲκ
2983 552 3328 625 παραλλήλου
3358 553 3727 619 ἀντεξετάζων

2140 641 2209 694 τά
2239 641 2511 712 θαύματα,
2565 642 2693 714 μίαν
2734 643 2822 696 ἐπ’
2853 643 3179 715 ἀμφοτέρων
3223 641 3320 714 τὴν
3350 643 3509 715 χάριν
3539 646 3604 696 ὲκ
3631 644 3726 697 τοῦ

2141 733 2304 786 αὑτοῦ
2337 734 2651 804 Πνεύματος
2677 736 3031 806 ὲγγινομένην
3060 736 3118 788 ἐν
3156 735 3400 806 ἐκατέρῳ
3429 735 3570 789 κατά
3631 736 3728 807 τὴν

2142 826 2432 894 ἀναλογίαν
2480 827 2577 897 τῆς
2624 827 2882 892 πίστεως.
2939 827 3002 880 Εἰ
3045 827 3103 880 δὲ
3142 828 3374 898 προήκει
3419 827 3499 899 τῷ
3550 827 3729 900 χρόνῳ

2144 918 2373 984 Παῦλος,
2405 919 2500 972 καὶ⁸
2543 918 2763 982 πολλαῖς
2809 918 3036 990 ὕστερον
3065 922 3276 988 γενεαῖς
3311 919 3592 992 ἀνεδείχθη
3626 921 3730 973 Βα-

2144 1011 2361 1075 σίλειος,
2410 1011 2510 1081 τῆς
2546 1011 2696 1075 θείας
2747 1011 2883 1082 ὑπὲρ
2925 1011 3034 1065 τῶν
3082 1011 3382 1082 ἀνθρώπιον
3417 1013 3730 1084 οίκονομίας

2142 1101 2320 1169 λέγεις
2375 1101 2437 1154 τὸ
2490 1101 2669 1172 ἔργον,
2723 1101 2824 1154 οὐκ
2870 1100 3142 1167 ἀπόδειξιν
3193 1101 3292 1172 τῆς
3342 1103 3464 1157 κατ’
3523 1103 3730 1176 ἀρετὴν

2143 1193 2486 1257 ἐλαττώσεως
2511 1211 2525 1224 ·
2577 1195 2699 1247 ἐπεὶ
2729 1194 2823 1249 καὶ
2855 1193 3086 1266 Μωῦσῆς
3111 1192 3204 1246 τοῦ
3245 1193 3496 1265 Ἀϐραάμ
3515 1195 3731 1259 πολλοῖς

2143 1283 2354 1356 χρόνοις
2413 1289 2912 1356 μεταγενέστερος,
2967 1287 3062 1340 καὶ
3105 1287 3357 1358 Σαμουὴλ
3422 1287 3730 1354 Μωῦσέως,

2144 1376 2238 1429 καὶ
2278 1376 2470 1429 τούτου
2535 1377 2750 1440 Ἠλίας·
2815 1371 3069 1431 κάκείθου
3109 1379 3139 1431 6
3195 1377 3368 1447 μέγας
3439 1378 3729 1447 Ἰωάννης,

2145 1471 2239 1523 καὶ
2294 1470 2431 1540 μετά
2499 1470 2752 1540 Ἰωάννην
2837 1469 3082 1534 Παῦλοςο
3160 1473 3256 1524 καὶ
3325 1471 3465 1543 μετά
3538 1470 3730 1525 τοῦτον

2148 1547 2444 1624 Βασίλειος.
2511 1562 2722 1632 Ὥσπερ
2783 1559 2876 1616 οὖν
2929 1565 2987 1616 ὲν
3035 1565 3146 1628 τοῖς
3195 1564 3530 1635 προάγουσιν
3575 1563 3729 1618 οὐδὲν

2147 1655 2176 1706 6
2218 1653 2407 1727 χρόνος
2454 1653 2824 1724 δευτερεύων,
2884 1655 2966 1718 εἰς
3017 1653 3115 1726 τὴν
3158 1657 3297 1710 κατά
3364 1657 3500 1710 Θεὸν
3569 1657 3730 1723 δόξαν

460 1743 668 1815 Moyse,
697 1754 752 1800 et
803 1745 906 1799 hoc
949 1744 1130 1801 Elias:
1167 1755 1222 1801 et
1260 1747 1356 1801 illo
1396 1763 1630 1818 magnus
1682 1747 1953 1812 Joannes,
1986 1757 2039 1804 et

2142 1747 2267 1808 τοὺς
2317 1746 2503 1814 ἁγίους
2542 1746 2884 1818 ἠλάττωσεν·
2933 1747 3074 1802 οὕτω
3123 1750 3220 1803 καὶ
3256 1749 3351 1804 νῦν
3393 1750 3452 1802 ὲν
3506 1748 3584 1821 τῷ
3629 1750 3728 1821 τῆς

457 1847 583 1913 post
606 1835 873 1892 Joannem
900 1835 1129 1903 Paulus,
1152 1848 1207 1894 et
1232 1851 1358 1910 post
1387 1841 1533 1896 hunc
1549 1841 1810 1898 Basilius.
1844 1841 2045 1909 Quem-

459 1928 756 1984 admodum
808 1929 977 1999 igitur
1026 1931 1079 1984 iu
1133 1931 1573 2002 praecedentibus
1628 1934 1767 1988 nihil
1827 1941 2045 2005 tempus

460 2023 760 2091 posterius,
793 2021 943 2092 quod
983 2022 1183 2078 attinet
1227 2024 1293 2078 ad
1333 2025 1562 2094 gloriam
1593 2041 1714 2095 quae
1752 2040 1880 2081 cum
1933 2025 2046 2082 Deo

458 2111 755 2181 conjuncta
805 2121 912 2176 est,
987 2115 1199 2170 sanctis
1245 2115 1705 2172 iucommodavit:
1763 2120 1836 2172 ita
1878 2120 2044 2172 etiam

459 2220 608 2260 nunc
646 2205 699 2259 in
723 2204 1123 2275 disceptatione
1163 2207 1421 2272 virtutis,
1472 2209 1648 2264 artatis
1695 2209 2044 2264 Commodum

461 2298 686 2354 silentio
710 2303 1181 2368 praetermittatur.
1225 2299 1364 2355 Nam
1409 2302 1486 2366 id,
1529 2311 1590 2356 ut
1628 2302 1792 2358 modo
1821 2303 2044 2358 diceba-

459 2403 606 2455 mus,
643 2389 1002 2457 providentia:
1032 2391 1254 2456 divinae,
1305 2407 1412 2462 qua
1461 2393 1772 2448 consulitur
1807 2395 2044 2449 homini-

458 2481 588 2540 lius.
615 2481 864 2535 continet
896 2481 1448 2540 demonstrationem.
1481 2485 1574 2540 Ille
1609 2486 1777 2551 enim,
1809 2487 1925 2556 qui,
1985 2493 2044 2540 ut

456 2573 637 2642 inquit
656 2572 922 2642 propheta
945 2613 959 2634 ,
988 2588 1076 2628 res
1113 2589 1308 2630 omnes
1338 2577 1492 2630 novit
1549 2588 1841 2648 antequam
1891 2579 2042 2633 exsi-

455 2665 664 2728 stant“,
722 2674 779 2718 et
817 2665 1081 2719 malitiam
1125 2663 1329 2722 diaboli
1388 2668 1554 2722 simul
1608 2683 1735 2723 cum
1785 2670 2043 2725 aetatibus

457 2756 738 2815 hominum
767 2757 988 2812 extendi
1022 2767 1186 2828 atque
1216 2758 1433 2814 traduci
1458 2768 1515 2814 et
1536 2759 1604 2814 ad
1630 2762 1791 2816 linem
1818 2775 2044 2832 pergere

456 2847 873 2912 animadvertit,
905 2852 1327 2906 convenientem
1368 2858 1424 2905 et
1455 2854 1926 2908 accommodatam
1973 2851 2043 2906 ad

455 2943 728 3012 cujusque
778 2945 958 3000 aetatis
1014 2945 1266 2998 morbum
1325 2945 1654 3001 medicinam
1713 2955 1907 3016 parat,
1976 2961 2045 3002 ne

453 3036 766 3099 curationis
795 3044 1075 3106 expertem
1109 3039 1256 3091 sinat
1290 3053 1411 3094 esse
1444 3039 1697 3094 morbum
1733 3039 2040 3102 hominum,

2146 1834 2344 1907 ἀρετῆς
2403 1835 2547 1904 λόγῳ
2593 1836 2887 1890 σιωπάσθω
2937 1838 3006 1892 τά
3051 1839 3317 1911 πρεσϐεῖα
3363 1839 3458 1894 τοῦ
3508 1843 3725 1913 χρόνον.

2147 1929 2220 1982 Τὸ
2245 1929 2354 2000 γὰρ
2395 1928 2654 1994 τοιοῦτον,
2702 1929 2882 1994 καθὼς
2910 1927 3142 2002 ἔφαμεν,
3183 1932 3282 2004 τῆς
3324 1932 3462 2006 ὑπὲρ
3494 1932 3606 1986 τῶν
3633 1933 3726 1987 ἀν-

2147 2022 2379 2094 θρώπων
2409 2022 2504 2077 τοῦ
2531 2023 2664 2076 Θεοῦ
2692 2023 3030 2094 προμηθείας
3059 2024 3158 2095 τὴν
3186 2024 3459 2092 ἀπόδειξιν
3493 2025 3628 2096 ἔχει.
3674 2027 3729 2080 ’0

2145 2115 2255 2185 γάρ
2303 2114 2458 2180 εἰδὼς
2502 2115 2571 2169 τὰ
2619 2115 2796 2169 πάντα
2847 2117 2971 2188 πρὶν
2999 2118 3264 2186 γενέσεως
3310 2118 3509 2180 αὐτῶν,
3546 2118 3728 2182 καθώς

2146 2223 2311 2276 φησιν
2341 2207 2370 2258 6
2403 2207 2687 2278 προφήτης
2712 2246 2728 2269 ,
2767 2207 2862 2260 καὶ
2901 2207 3000 2279 τὴν
3049 2208 3446 2277 συνδιεξιοῦσαν
3481 2213 3603 2272 ταῖς
3635 2211 3727 2263 ἀνο

2146 2299 2447 2369 θρωπίναις
2497 2302 2712 2369 γενεαῖς
2751 2300 2845 2353 τοῦ
2889 2300 3135 2356 διαϐόλου
3178 2301 3375 2356 κακίαν
3425 2303 3728 2367 κατανοῶν,

2146 2392 2454 2463 πρόσφορον
2501 2408 2560 2444 τε
2610 2391 2703 2444 καὶ
2733 2391 3064 2464 κατάλληλον
3094 2392 3174 2464 τῷ
3205 2393 3328 2448 καθ’
3361 2393 3600 2463 ἑκάστην
3633 2409 3727 2461 γεο

2145 2483 2274 2536 νεάν
2304 2483 2700 2556 ἀρρωστήματι
2731 2484 2822 2537 τὸν
2857 2484 3038 2556 ἰατρὸν
3072 2483 3368 2556 ἐτοιμάζει,
3409 2484 3487 2548 ὡς
3531 2484 3599 2539 ἂν
3653 2484 3727 2554 μὴ

2143 2572 2517 2645 ἀθεράπευτον
2550 2575 2782 2646 περιίδοι
2814 2573 2924 2627 τῶν
2965 2573 3268 2645 ἀνθρώπων
3307 2573 3407 2646 τήν
3451 2573 3630 2639 νόσον,
3660 2572 3728 2626 δι’

2144 2665 2381 2741 ἐρημίαν
2427 2665 2537 2720 τῶν
2573 2665 2969 2736 διορθουμένων
3005 2664 3452 2738 κατακρατοὼαν
3503 2665 3603 2718 τοῦ
3632 2664 3726 2732 γέ-

2145 2774 2286 2821 νους.
2319 2756 2521 2812 Τούτου
2545 2758 2705 2828 χάριν
2729 2757 3130 2830 ἐπικρατούσης
3148 2756 3276 2811 ποτὲ
3294 2755 3392 2828 τῆς
3418 2755 3727 2824 Χαλδαῖκῆς

2145 2849 2486 2920 φιλοσοφίας,
2536 2851 2586 2904 οἳ
2629 2849 2728 2922 τὴν
2785 2849 2894 2904 τῶν
2936 2849 3104 2904 ὄντων
3151 2848 3328 2903 αἰτίαν
3383 2850 3440 2901 ὲν
3477 2851 3545 2920 τῇ
3598 2850 3728 2920 ποιᾷ

2145 2943 2357 3012 κινήσει
2399 2941 2507 2995 τῶν
2549 2941 2775 3022 ἄστρων,
2807 2940 3100 3013 ὡρίζοντο,
3137 2939 3490 3010 ὑπερκεῖσθαι
3519 2938 3575 2992 δέ
3604 2957 3726 2992 τινα

2145 3033 2254 3088 τῶν
2299 3033 2639 3104 φαινομένων
2670 3032 2899 3104 δύναμιν
2928 3031 3217 3104 ποιητικὴν
3261 3031 3369 3084 τῶν
3407 3029 3578 3083 ὄντων
3625 3030 3726 3084 οὐκ

451 3131 551 3198 qui
583 3130 628 3185 si
668 3129 834 3191 desit,
875 3145 904 3182 a
934 3145 1044 3198 quo
1092 3139 1341 3195 sanetur,
1385 3133 1637 3202 subigere
1692 3132 1830 3188 solet
1869 3140 1924 3186 et
1982 3133 2039 3187 in

2147 3125 2349 3197 ᾤοντοο
2381 3128 2502 3180 τότε
2533 3127 2624 3179 τὸν
2663 3125 2913 3197 Ἀϐραὰμ
2939 3124 3333 3183 ἀναδείκνυσιν,
3359 3123 3416 3187 ὃς
3449 3121 3729 3194 ἐπιϐάθρα

458 3229 788 3292 potestatem
823 3236 982 3278 suam
1005 3221 1252 3291 redigere
1281 3238 1457 3293 genus
1500 3224 1823 3278 humanum.
1864 3222 2042 3294 Hujus

458 3313 536 3368 rei
583 3312 784 3383 gratia,
836 3326 960 3365 cum
1001 3313 1214 3381 vigeret
1264 3327 1328 3367 ac
1382 3314 1708 3384 praevaleret
1747 3313 2046 3384 aliquando

459 3404 813 3475 philosophia
838 3404 1243 3468 Chaldaeorum,
1273 3407 1366 3476 qui
1402 3421 1587 3462 rerum
1609 3421 1808 3463 causas
1833 3423 1864 3462 a
1893 3415 2044 3464 certo

466 3495 708 3566 quodam
724 3505 873 3552 motu
890 3497 1128 3552 siderum
1143 3499 1381 3568 pendere
1392 3499 1708 3555 statuebant
1725 3543 1739 3566 ,
1755 3517 1856 3556 nec
1870 3502 2042 3556 virtu-

463 3598 572 3643 tem
622 3585 916 3655 quamdam
949 3589 1227 3644 sideribus
1249 3591 1641 3660 apparentibus
1663 3592 1956 3660 praesidere
1977 3608 2043 3648 ac

457 3691 696 3747 praeesse
718 3678 1005 3747 putabant,
1029 3695 1152 3750 qua:
1181 3695 1366 3735 rerum
1397 3682 1769 3750 quarumlibet
1791 3681 2040 3740 eﬂectrix

456 3777 774 3825 essetztum
814 3770 1191 3826 Abrahamum
1245 3772 1490 3835 exhibet.
1535 3773 1629 3842 qui
1671 3775 1831 3844 quasi
1890 3777 2040 3829 scala

458 3877 593 3916 usus
638 3861 911 3932 ejusmodi
955 3863 1274 3935 disciplina,
1330 3864 1681 3934 investigavit
1726 3867 1900 3931 illum,
1945 3866 2040 3936 qui

456 3967 555 4020 per
589 3967 701 4017 res,
733 3968 857 4024 quae
885 3953 1164 4018 videntur,
1222 3955 1565 4026 intelligitur,
1605 3970 1670 4010 ac
1716 3955 1919 4026 (quasi)
1953 3957 2039 4008 via

458 4041 604 4109 ﬁdei,
635 4059 756 4114 qua;
781 4052 867 4101 est
891 4045 948 4100 in
977 4061 1103 4102 eum
1131 4046 1224 4116 qui
1254 4061 1444 4102 revera
1484 4045 1628 4102 Deus
1658 4055 1762 4110 est,
1806 4047 2040 4117 posteris

456 4139 692 4202 exstitit,
725 4153 850 4196 cum
878 4141 997 4210 ipse
1037 4141 1232 4194 relicto
1278 4139 1457 4210 patrio
1496 4155 1702 4203 errore,
1755 4149 1920 4209 atque
1951 4155 2036 4203 ea,

455 4241 579 4297 qua:
599 4237 865 4281 sensuum
911 4227 1299 4284 instrumentis
1344 4242 1468 4283 esse
1517 4227 1722 4282 dicitur
1775 4243 1896 4282 cum
1951 4243 2036 4290 ea,

457 4333 582 4388 quae
605 4325 832 4388 apparet
859 4317 914 4372 in
945 4318 1111 4373 astris
1140 4331 1421 4384 creatura,
1454 4319 1803 4389 cognatione,
1838 4319 1945 4374 dux
1970 4320 2039 4373 ad

455 4425 577 4465 eam
612 4410 770 4464 ﬁdem
804 4409 1021 4465 fuisset.
1052 4409 1256 4466 Deinde
1290 4426 1414 4465 cum
1446 4410 1690 4482 Aﬁgyptii
1725 4428 1790 4466 ex
1838 4429 2036 4484 sugge-

2147 3220 2215 3289 τῇ
2241 3217 2462 3290 τοιαύτῃ
2491 3218 2769 3272 παιδεύσει
2794 3217 3157 3288 χρησάμενος,
3185 3217 3484 3288 ἀνεζήτησε
3522 3215 3618 3269 τὸν
3643 3216 3730 3269 διὰ

2132 3309 2255 3363 τῶν
2314 3311 2604 3381 ὁρωμένων
2662 3309 2966 3379 νοούμενον.
3032 3309 3142 3362 Καὶ
3184 3308 3302 3372 ὁδὸς
3361 3311 3476 3371 τοῖς
3526 3307 3727 3378 ἑφεξῆς

2145 3401 2362 3470 ἐγένετο
2394 3401 2628 3464 πίστεως
2657 3404 2754 3472 τῆς
2792 3403 2873 3462 εἰς
2918 3401 3008 3455 τὸν
3031 3402 3198 3465 ὅντως
3225 3401 3352 3454 ὅντα
3378 3399 3534 3462 Θεὸν,
3564 3401 3727 3464 αὐτὸς

2146 3493 2283 3563 πρὸς
2313 3493 2516 3564 ταύτην
2545 3493 3015 3564 καθηγησάμενος,
3047 3491 3134 3546 διὰ
3163 3492 3257 3546 τοῦ
3288 3491 3607 3546 καταλιπεῖν
3631 3492 3729 3562 τὴν

2145 3583 2403 3655 πατρῴαν
2429 3585 2664 3655 ἀπάτην,
2693 3585 2786 3636 καὶ
2808 3583 2906 3654 τὴν
2932 3582 3040 3636 τῶν
3063 3582 3429 3654 αἰσθητηρίων
3464 3583 3605 3654 πρὸς
3629 3586 3727 3656 τήν

2143 3675 2474 3746 φαινομένην
2505 3674 2677 3728 κτίσιν
2726 3673 3068 3742 συγγένειαν.
3106 3669 3239 3727 Εἶτα
3269 3672 3396 3729 τῶν]
3409 3675 3725 3741 Αἰγυπτίων

2141 3767 2420 3838 δαιμονίαν
2451 3765 2572 3820 τινά
2601 3768 2696 3820 καὶ
2731 3769 2994 3840 γοητικὴν
3021 3769 3212 3837 σοφίαν
3237 3766 3636 3839 ἐξευρηκότων,
3667 3769 3725 3832 ἐξ

2143 3859 2442 3929 ὑποθήκης,
2487 3853 2661 3928 οἶμαι,
2697 3857 2790 3912 τοῦ
2837 3859 3094 3922 ποικίλως
3124 3859 3191 3911 δι’
3222 3859 3436 3929 ἀπάτης
3486 3861 3727 3913 καταϐυσ

2142 3951 2399 4016 οίζοντος,
2435 3951 2674 4015 ἀνέδειξε
2702 3951 2794 4004 τὸν
2824 3951 3062 4006 Μωῦσέα
3095 3951 3172 4022 τῷ
3202 3952 3593 4023 ὑπερϐάλλοντι
3626 3955 3724 4024 τῆς

2144 4041 2333 4112 σοφίας
2373 4039 2471 4110 τὴν
2503 4041 2803 4108 Αἰγυπτίαν
2852 4041 3068 4113 ἀπάτην
3109 4041 3517 4110 ὲξαφανίσοντα.
3572 4043 3724 4096 Ἐπιο

2139 4133 2394 4202 γινώσκει
2424 4132 2480 4185 δὲ
2512 4132 2728 4196 πάντως
2755 4133 2847 4186 τὸν
2869 4134 3026 4203 λόγον
3051 4136 3080 4188 6
3107 4134 3204 4204 τὴν
3239 4135 3277 4186 Γ
3282 4136 3460 4205 ραφην
3495 4136 3724 4189 ἐπιστά-

2141 4242 2320 4295 μενος,
2363 4224 3076 4295 πῶς,ἀντεπιδεικνυμένων
3117 4228 3229 4289 τοῖς
3268 4227 3432 4287 θείοις
3471 4227 3723 4297 σημείοις

2137 4316 2245 4370 τῶν
2278 4319 2490 4389 γοήτων
2517 4318 2614 4381 τάς
2637 4317 2770 4382 ἰδίας
2797 4317 3032 4382 ἀπάτας,
3056 4319 3324 4390 ὑπερέσχε
3353 4319 3494 4372 κατά
3518 4319 3725 4391 κράτος

2139 4409 2403 4477 Μωῦσῆς,
2442 4409 2532 4462 διὰ
2568 4409 2667 4479 τῆς
2703 4407 2907 4463 ἄνωθεν
2942 4410 3251 4480 συμμαχίας
3275 4410 3374 4480 τὴν
3414 4410 3720 4478 Αίγυπτίαν

457 4503 660 4566 stione,
684 4503 902 4573 Opinor,
933 4503 1075 4573 ejus,
1105 4504 1198 4572 qui
1229 4519 1323 4573 per
1350 4505 1533 4558 varias
1564 4505 1782 4558 fraudes
1811 4504 1828 4571 (
1861 4504 2032 4557 homi-

2143 4501 2294 4569 ἰσχὺν
2324 4476 2506 4552 πᾶσαν
2544 4476 2894 4567 ἐξαφανίσας.
2928 4476 3088 4563 Νοεῖς
3211 4476 3368 4552 τοῦτο
3394 4476 3502 4553 διάν
3524 4517 3586 4552 τε
3614 4502 3720 4554 τῶν

457 4595 602 4666 nes)
638 4596 928 4666 demergit,
961 4595 1268 4650 mirabilem
1303 4597 1596 4664 quamdam
1634 4605 1689 4649 et
1718 4596 2027 4664 praestigia-

456 4689 648 4743 tricem
691 4689 1044 4743 calliditatem
1088 4687 1449 4752 invenissent,
1497 4687 1747 4748 exhibuit
1785 4686 2029 4757 Moysen,

465 4779 550 4848 cui
605 4779 889 4848 sapientiae
940 4781 1260 4835 excellentia
1341 4778 1722 4850 [Egyptiorum
1781 4778 2026 4833 fraudum

457 4870 754 4935 expelleret
788 4877 842 4922 et
858 4867 1122 4922 aboleret.
1142 4869 1404 4938 Agnoscit
1437 4876 1616 4921 autem
1656 4880 1885 4935 prorsus
1915 4880 2028 4918 rem

457 4971 690 5026 gestam,
741 4959 809 5014 de
859 4974 966 5029 qua
1024 4961 1238 5028 loquor,
1297 4961 1391 5030 qui
1449 4957 1790 5027 Scripturam
1844 4958 2027 5019 novit,

455 5052 732 5123 quomodo
771 5067 894 5108 cum
945 5053 1372 5123 praestigiatores
1406 5051 1482 5105 illi
1513 5051 1717 5106 divinis
1762 5050 1934 5120 signis
1963 5067 2028 5104 cx

456 5145 690 5199 adverso
749 5159 972 5198 suarum
1028 5143 1282 5197 fraudum
1361 5142 1639 5212 specimen
1706 5143 2028 5210 praeberent,

457 5233 671 5304 Moyses
715 5235 974 5290 omnibus
1004 5235 1180 5288 modis
1209 5233 1458 5304 superior
1493 5233 1683 5297 fuerit,
1711 5241 1763 5288 et
1800 5247 2033 5299 superne

456 5329 661 5380 auxilio
721 5329 890 5382 misso
953 5343 1144 5383 onmcs
1209 5326 1500 5397 Egyptias
1560 5327 1705 5401 vires
1754 5325 2030 5379 delcverit.

2139 4589 2334 4652 ἄλλων,
2369 4593 2463 4646 καὶ
2495 4589 2574 4660 τῷ
2613 4589 2720 4644 τῶν
2750 4591 2962 4661 ῥάϐδων
2992 4591 3295 4661 αίνίγματι.
3343 4592 3636 4663 Προϊόντος
3662 4592 3717 4645 δὲ

2137 4680 2230 4733 τοῦ
2282 4681 2496 4750 χρόνου,
2548 4681 2644 4734 καὶ
2703 4681 2810 4735 τῶν
2871 4681 3218 4753 Ἰσραηλιτῶν
3259 4683 3327 4736 δι’
3359 4681 3626 4753 ἀναρχίας
3661 4685 3718 4735 ἐν

2135 4772 2575 4844 δημοκρατορικῇ
2608 4773 2868 4844 συγχύσει
2911 4773 3246 4844 πλημμελῶς
3271 4774 3649 4844 διακειμένων,
3689 4775 3716 4826 6

2140 4861 2394 4934 Σαμουὴλ
2418 4863 2792 4932 ἀναφαίνεται,
2820 4862 3037 4934 κρατῶν
3060 4862 3128 4915 δι’
3153 4861 3343 4914 ἑαυτοῦ
3362 4861 3421 4914 τὸ
3449 4861 3712 4931 ὑπήκοον,

2141 4957 2234 5008 καὶ
2265 4957 2362 5026 τῆς
2405 4957 2542 5026 πρὸς
2571 4956 2697 5018 τοὺς
2725 4955 3054 5024 ἀλλοφύλους
3096 4953 3372 5024 ἐπιμιξίας
3398 4955 3709 5025 ἀπείργων·

2139 5044 2257 5100 εἷτα
2302 5047 2438 5117 πρὸς
2486 5046 2759 5118 βασιλείας
2806 5047 3138 5101 κατάστασιν
3183 5047 3280 5116 τὴν
3318 5046 3584 5117 ἀναρχίαν
3620 5064 3714 5116 με-

2137 5140 2501 5203 τασκευάσας,
2539 5139 2884 5210 συνήθροισεν
2915 5139 3046 5192 αὐτὸ
3085 5139 3212 5210 περὶ
3258 5138 3419 5192 ἑαυτὸ
3454 5139 3517 5192 τὸ
3556 5139 3715 5191 ἀλλό-

2140 5235 2341 5301 φυλον,
2382 5234 2481 5304 τῆς
2527 5233 2809 5303 βασιλικῆς
2853 5233 3169 5296 δυναστείας
3215 5232 3508 5302 νομοθέτης
3560 5232 3715 5301 γενό-

2143 5343 2322 5395 μενος.

456 5417 718 5488 lntelligis
750 5429 929 5474 autem
963 5421 1068 5474 hoc
1101 5435 1223 5474 cum
1253 5435 1348 5490 per
1387 5419 1522 5473 alias
1557 5434 1662 5481 res,
1695 5429 1804 5472 tum
1839 5433 1933 5486 per
1962 5417 2236 5485 virgarum
2260 5416 2509 5486 aenigma.
2542 5416 2808 5474 Processu
2837 5417 3032 5472 deinde
3061 5418 3338 5488 temporis,
3379 5432 3505 5472 cum
3547 5417 3714 5471 etiam

456 5506 826 5573 lsraelitarum
872 5525 960 5564 res
1000 5525 1096 5580 per
1129 5524 1251 5564 cum
1301 5516 1526 5573 statum,
1563 5523 1672 5578 quo
1710 5506 1910 5560 nullius
1955 5503 2088 5558 certi
2137 5505 2488 5575 magistratus
2537 5505 2766 5577 imperio
2815 5506 3254 5575 continebantur,
3304 5505 3355 5559 in
3395 5507 3713 5577 promiscua

528 5691 700 5757 903p.
729 5710 846 5759 χιιι,
885 5694 970 5747 42.

3276 5598 3306 5613 ὀ
