3850 6458
144 304 252 363 793

1257 315 1325 371 IN
1364 314 1646 373 LAUDEM
1680 317 1984 376 FRATRIS
2028 320 2286 379 BASILII.
3291 326 3397 382 794

147 427 334 499 populi
377 433 541 498 atque
590 426 822 485 confusa
871 436 1140 500 potestate
1181 430 1322 486 male
1364 445 1486 486 sese
1522 432 1818 500 haberent,
1861 434 2092 503 Samuel,
2131 436 2365 499 exsistit,
2400 435 2493 506 qui
2540 451 2637 507 per
2689 451 2810 493 sese
2843 436 3092 493 subditos
3126 437 3181 492 in
3221 437 3397 494 omcio

144 521 475 583 contineret,
508 530 558 573 et
599 535 627 572 a
662 522 1058 576 consuetudine
1104 529 1265 592 atque
1297 525 1625 580 commercio
1662 527 2086 600 alienigenarum
2134 531 2477 600 prohiberet,
2512 530 2705 587 deinde
2746 547 2869 587 cum
2906 532 3055 586 illum
3104 533 3395 588 confusum

146 614 374 678 statum,
405 624 516 684 quo
546 614 729 668 nullus
768 621 953 670 certus
997 616 1344 686 magistratus
1386 626 1524 684 erat,
1566 618 1633 673 ad
1670 622 2114 678 constitutionem
2162 623 2313 695 regni
2359 623 2709 689 traduxisset,
2750 624 3034 679 duodecim
3057 624 3231 681 tribus
3261 640 3397 680 con-

146 709 395 779 gregavit
433 710 488 764 in
531 725 720 772 unum,
762 718 815 763 et
850 712 1058 782 regium
1100 712 1387 783 imperium
1416 713 1532 783 lege
1570 716 1676 768 lata
1708 718 1909 772 sanxit.

219 802 376 857 Μετά
396 802 567 857 ταῦτα
586 802 641 857 δέ
664 803 881 869 πολλαῖς
902 803 1027 859 ὒστε
1037 823 1125 876 ρον
1147 807 1379 875 γενεαῖς,
1399 808 1488 861 ὅτε
1517 808 1720 879 Ἀχαὰὸ
1748 860 1755 873 4

1894 811 2206 868 Secundum
2272 813 2387 867 haec
2447 812 2637 868 multis
2723 822 2849 883 post
2917 820 3214 875 aetatibus,
3269 828 3393 867 cum

149 897 379 962 ἐκεῖνος,
416 897 478 951 τὸ
534 900 840 967 γυναικεῖον
893 892 1243 971 ἀνδράποδον,
1304 901 1463 965 αύτός
1512 910 1573 954 τε
1619 902 1727 955 τῶν

152 990 425 1064 πατρῴων
452 991 659 1064 ἀπέστη
692 991 927 1063 θεσμῶν,
958 994 1177 1062 γυναικὶ
1202 993 1436 1068 χλιδώσῃ
1478 988 1730 1049 δεδουλω-

157 1081 342 1153 μένος,
370 1083 463 1136 καὶ
492 1084 592 1155 τὴν
628 1082 738 1137 τῶν
771 1082 1002 1138 εἰδώλων
1030 1085 1239 1155 πλάνην
1266 1084 1334 1139 δι’
1363 1085 1577 1157 ἐκείνης
1608 1088 1731 1140 ἐπι-

156 1177 527 1247 σπασάμενος,
575 1160 980 1248 ωναπέστησεν
1031 1177 1208 1249 ἐαυτῷ
1255 1177 1346 1231 τὸν
1392 1178 1732 1249 Ἰσραηλίτην

155 1266 287 1322 λαόν
305 1284 319 1298 ’
342 1267 463 1321 τότε
482 1267 858 1322 ἀναδείκνυσιν
875 1269 903 1321 6
923 1264 1054 1333 Θεὸς
1071 1270 1161 1321 τὸν
1195 1262 1379 1322 Ἠλίαν
1408 1269 1732 1340 ἀντίρροπον

156 1358 352 1431 ἔχοντα
399 1355 478 1428 τῷ
532 1356 749 1428 μεγέθει
794 1352 894 1431 τῆς
936 1359 1090 1413 νόσου
1128 1357 1244 1413 τῶν
1288 1357 1587 1431 ἀνθρώπων
1635 1359 1734 1429 τὴν

156 1446 567 1519 θεραπεύουσαν
603 1447 851 1518 δύναμιν,
880 1448 1069 1520 ἄνδρα,
1117 1450 1175 1502 ἐν
1205 1449 1474 1521 ὑπεροψίᾳ
1514 1444 1613 1521 τῆς
1644 1450 1735 1503 θε-

161 1539 396 1606 ραπείας
438 1538 531 1592 τοῦ
565 1537 834 1610 σώματος,
881 1538 1176 1610 αὐχμῶντα
1206 1536 1266 1593 τὸ
1294 1539 1603 1611 πρόσωπον,
1641 1542 1735 1595 καὶ

155 1629 239 1699 τῷ
271 1626 465 1700 πλήθει
494 1624 605 1681 τῶν
634 1627 775 1682 ίδίων
823 1628 1022 1698 τριχῶν
1069 1630 1444 1699 σκιαζόμενον,
1496 1626 1736 1700 ἰδιαστήν

156 1721 242 1793 τῷ
282 1721 405 1792 βίῳ,
445 1722 639 1792 σεμνὸν
672 1720 947 1793 προσιδεῖν
971 1721 1028 1774 ἐν
1065 1721 1274 1792 ἀμειδεῖ
1321 1719 1398 1793 τῷ
1440 1720 1736 1793 προσώπῳ,

157 1812 259 1868 καὶ
296 1812 717 1883 συννενευμένον
741 1812 819 1885 τῷ
850 1812 1139 1884 βλέμματι,
1169 1813 1397 1885 δέρματι
1438 1814 1627 1885 αἰγείῳ
1650 1831 1738 1866 το-

161 1906 356 1962 σοῦτον
370 1904 463 1961 τοῦ
491 1907 740 1977 σώματος
766 1905 1137 1977 σκέπ[τ]οντα,
1156 1907 1277 1960 ὅσον
1305 1906 1737 1979 εὐπρεπέστερόν

160 2001 281 2054 ἐστι
307 2000 734 2070 καλυπτόμενον,
759 2000 836 2070 τῷ
857 1998 913 2052 δέ
931 1999 1101 2070 λοιπῷ
1122 1998 1582 2071 διακαρτεροῦντα
1608 1998 1741 2069 πρὸς

158 2100 255 2154 τὸν
281 2097 440 2168 ἀέρα,
474 2094 568 2148 καὶ
593 2090 748 2145 οὐδὲν
777 2089 912 2160 πρὸς
936 2089 1033 2160 τὴν
1057 2091 1122 2142 ἐκ
1162 2089 1254 2143 τοῦ
1287 2088 1522 2152 θάλπους
1558 2106 1615 2141 τε
1648 2088 1741 2141 καὶ

1830 904 2071 967 Achaab,
2099 904 2348 960 mulieris
2379 902 2512 958 illud
2546 903 2904 972 mancipium,
2941 911 2995 958 et
3024 903 3142 973 ipse
3185 904 3397 975 patrios

1831 996 1974 1051 ritus
2025 1012 2309 1051 sacrorum
2369 994 2725 1061 deseruisset,
2765 995 2981 1049 mulieri
3039 995 3281 1050 delicatae
3334 1010 3398 1048 ac

1832 1088 1981 1143 molli
2017 1088 2289 1143 obnoxius
2329 1086 2527 1151 factus,
2558 1097 2611 1141 et
2652 1101 2749 1157 per
2782 1086 2930 1140 illam
2971 1088 3143 1141 ascito
3169 1088 3398 1142 simula-

1833 1195 2051 1234 crorum
2105 1194 2310 1245 errore,
2382 1178 2449 1232 ad
2502 1179 2746 1234 eamdem
2805 1192 2988 1232 secum
3039 1178 3397 1233 defectionem

1834 1272 2194 1327 lsraeliticum
2227 1272 2487 1342 populum
2530 1271 2810 1332 traxisset,
2853 1279 2981 1323 tunc
3011 1269 3155 1325 Deus
3184 1271 3403 1324 exhibet
3437 1268 3451 1281 '

1835 1361 2030 1428 Eliam,
2067 1362 2160 1432 qui
2212 1360 2575 1432 magnitudini
2626 1361 2905 1414 hominum
2940 1361 3113 1415 morbi
3148 1375 3307 1431 pares
3334 1360 3404 1415 ad

1835 1453 2140 1508 sanandum
2171 1451 2320 1506 vires
2354 1452 2597 1514 haberet,
2625 1455 2828 1515 virum,
2853 1452 2943 1521 qui
2973 1451 3310 1506 curationem
3349 1459 3407 1507 et

1836 1544 2042 1599 cultum
2088 1543 2337 1613 corporis
2388 1543 2713 1613 despiceret,
2771 1542 2912 1597 facie
2970 1543 3264 1612 squalenti,
3307 1543 3403 1612 qui

1837 1618 2188 1691 multitudine
2228 1651 2455 1691 suorum
2501 1636 2735 1689 crinium
2795 1636 3248 1699 obumbrantur,
3308 1634 3409 1705 qui

1838 1729 2100 1799 peculiari
2128 1729 2289 1783 modo
2329 1729 2545 1783 vivendi
2581 1737 2845 1794 uteretur,
2877 1738 3102 1798 aspectu
3132 1742 3406 1783 veneran-

1838 1821 1992 1883 dum,
2025 1821 2178 1875 vultu
2212 1820 2356 1875 tristi
2404 1835 2471 1875 ac
2526 1820 2672 1875 risus
2728 1822 2957 1889 experti,
2992 1820 3184 1875 obtutu
3218 1819 3408 1876 oculo-

1840 1929 1961 1967 rum
1994 1922 2146 1968 recto
2179 1921 2234 1967 et
2259 1912 2448 1967 eodem
2479 1927 2586 1981 quo
2618 1912 2941 1968 intendisset
2963 1911 3226 1982 vergenti,
3272 1911 3410 1979 pelle

1842 2005 2068 2075 caprina
2098 2013 2308 2059 tantum
2331 2003 2397 2059 de
2412 2020 2645 2075 corpore
2673 2012 2965 2074 tegentem,
2988 2011 3255 2074 quantum
3282 2004 3411 2057 abs-

1842 2097 2003 2152 condi
2039 2097 2212 2168 magis
2256 2098 2516 2152 decorum
2561 2105 2669 2161 est,
2716 2098 2923 2167 reliqua
2964 2105 3118 2167 parte
3161 2096 3412 2166 corporis

161 2191 369 2264 κρύους
396 2183 707 2257 ἀνωμαλίαν
737 2181 1212 2255 ἐπιστρεφόμενον.
1247 2178 1341 2242 ὐς
1357 2180 1649 2249 ἀναφανεὶς
1667 2176 1743 2248 τῷ

1858 2190 1913 2244 ιιι
1936 2204 2063 2244 aera
2098 2189 2503 2259 perdurantem,
2534 2197 2591 2244 et
2624 2189 2760 2243 nihil
2803 2190 3147 2258 iniquitatem
3178 2195 3233 2244 et
3271 2187 3414 2254 inju-

160 2279 297 2351 λαῷ,
330 2282 396 2350 τῇ
424 2295 481 2331 τε
527 2276 614 2329 διὰ
666 2274 760 2327 τοῦ
805 2272 965 2344 λιμοῦ
1015 2272 1235 2343 μάστιγι
1287 2270 1607 2341 σωφρονίζει
1652 2268 1741 2321 τὸν

176 2372 418 2445 Ἰσραὴλ,
469 2368 721 2439 καθάπερ
760 2364 866 2420 τινὶ
925 2363 1163 2435 σκυτάλῃ
1208 2366 1271 2435 τῇ
1306 2363 1529 2435 τοιαύτῃ
1560 2361 1739 2432 πληγῇ

163 2463 269 2536 τῆς
297 2462 520 2527 ἀταξίας
557 2460 649 2513 τοῦ
686 2456 815 2511 λαοῦ
844 2455 1253 2525 καθαπτόμενος
1273 2469 1287 2482 ’
1323 2454 1461 2525 μετά
1489 2452 1659 2508 ταῦτα
1688 2454 1745 2507 δὲ

165 2556 264 2611 καὶ
288 2551 368 2624 τῷ
397 2550 525 2622 θείῳ
570 2546 705 2619 πυρὶ
749 2546 828 2616 τῷ
869 2545 997 2616 περὶ
1043 2543 1141 2616 τὴν
1184 2545 1491 2615 ἱερουργίαν
1520 2560 1746 2613 γεγενη-

168 2644 318 2717 μένῳ
339 2639 630 2713 θεραπεύει
661 2634 757 2708 τὴν
784 2634 914 2706 περὶ
940 2635 1008 2689 τὰ
1040 2633 1233 2688 εἴδωλα
1254 2634 1425 2688 νόσον.
1468 2628 1603 2686 Εἶτα
1627 2635 1744 2704 μετ’

167 2739 377 2792 ἐκεῖνον
412 2732 567 2794 ἄλλος
600 2730 806 2790 ἐκεῖνος
847 2725 1059 2798 χρόνοις
1098 2724 1321 2795 ὕστερον
1351 2723 1589 2778 πλείοσιν
1615 2726 1748 2779 ἁνα-

168 2832 444 2903 φαίνεται,
494 2829 523 2881 ὁ
568 2828 626 2880 ἐν
673 2822 941 2893 πνεύματι
994 2820 1088 2873 καὶ⁴
1138 2817 1360 2889 δυνάμει
1425 2812 1605 2871 Ἠλίου
1660 2817 1748 2871 διὰ

170 2923 443 2996 Ζαχαρίου
495 2921 592 2974 καὶ
657 2914 934 2971 Ἐλισάὸετ
983 2911 1324 2982 ἐπιδημήσας
1369 2910 1446 2981 τῷ
1481 2904 1600 2981 βίῳ,
1654 2911 1748 2962 καὶ

173 3020 323 3074 ἆπαν
374 3015 435 3067 τὸ
491 3012 642 3074 ἔθνος
700 3006 1136 3077 ἐξεκκλησιάζων
1192 3006 1249 3057 ἐν
1300 3005 1365 3073 τῇ
1418 3005 1606 3073 ἐρήμῳ
1661 3000 1751 3054 διὰ

173 3108 553 3182 κηρύγματος,
604 3104 698 3155 καὶ
739 3101 799 3154 τὸ
830 3097 921 3151 ἐπὶ
964 3095 1040 3168 τῷ
1077 3097 1268 3166 αἵματι
1304 3093 1412 3148 τῶν
1458 3093 1752 3165 προφητῶν

171 3203 396 3272 λύθρον,
429 3199 520 3252 καὶ
549 3195 617 3249 τά
644 3184 960 3249 παντοδαπὰ
984 3190 1287 3261 μιάσματα,
1318 3186 1409 3240 καὶ
1436 3186 1506 3239 τὰ
1536 3184 1754 3239 ποικίλα

171 3297 275 3368 τῆς
299 3286 573 3363 ἁμαρτίας
592 3286 766 3357 δεσμά
786 3302 798 3313 ·
828 3278 907 3347 οἷς
934 3276 1294 3353 ὑποδημάτων
1318 3280 1472 3351 δίκην
1503 3279 1644 3333 κατὰ
1663 3279 1755 3331 τὸν

171 3386 371 3460 χρόνον
408 3384 609 3437 ἐκεῖνον
648 3380 791 3441 ἄπας
846 3379 874 3428 6
920 3376 1045 3438 λαὸς
1097 3374 1397 3428 ἐνεδέδετοο
1458 3374 1638 3427 πάντα
1687 3372 1757 3427 τὰ

172 3476 403 3533 τοιαῦτα
439 3472 513 3544 τῷ
546 3489 605 3525 τε
632 3469 944 3542 κηρύγματι
972 3465 1072 3537 τῆς
1103 3463 1387 3536 μετανοίας
1408 3460 1633 3529 ἐκλύων,
1664 3464 1756 3517 καὶ

173 3570 259 3641 τῷ
288 3563 729 3640 περιρραντηρίῳ
777 3559 928 3614 ὕδατι
960 3560 1102 3613 κατά
1136 3557 1228 3611 τὸν
1253 3556 1525 3627 Ἰορδάνην
1554 3554 1757 3609 ἐκπλύ-

174 3682 312 3729 ww,
333 3665 389 3715 ἐν
404 3658 579 3714 ούδενὶ
604 3657 665 3709 τὸ
685 3655 903 3708 ἔλαττον
930 3651 1038 3705 τῶν
1060 3652 1117 3703 ἐν
1145 3651 1312 3721 ἀρετῇ
1335 3647 1756 3719 προωδευκότων

175 3762 242 3814 ἐν
272 3758 386 3818 τοῖς
418 3751 559 3807 κατά
593 3749 722 3803 Θεὸν
766 3746 1091 3809 ἐπεδείξατο.
1136 3743 1200 3796 Τί
1243 3742 1298 3795 δὲ
1344 3742 1481 3813 μετά
1516 3739 1702 3795 τοῦτον
1730 3743 1759 3795 6

178 3847 399 3909 Παῦλος
428 3843 565 3914 πρὸς
596 3841 657 3894 τὸ
686 3838 985 3909 ἀκρότατον
1013 3835 1112 3904 τῆς
1145 3834 1287 3888 κατὰ
1318 3833 1451 3887 Θεὸν
1478 3831 1759 3906 προκοπῆς

180 3940 523 4011 ἀναδραμεῖν
564 3932 809 4003 ἐκωλύθη
836 3927 1165 4000 δευτερεύων
1191 3925 1270 3995 τῷ
1305 3926 1513 3997 χρόνῳ;
1546 3926 1645 3978 οὐκ
1674 3927 1763 3976 εύ-

182 4033 285 4094 θὺς
335 4027 571 4100 ἐραστὴς
620 4021 715 4076 τοῦ
760 4020 904 4073 θείου
963 4015 1190 4078 κάλλους
1229 4015 1463 4083 ἐγένετο,
1513 4013 1604 4067 τοῦ
1652 4016 1764 4075 τοῖς

179 4121 490 4194 ὀφθαλμοῖς
547 4112 1016 4185 ἐναστράψαντος,
1072 4106 1208 4178 ὁμοῦ
1263 4105 1341 4177 τῷ
1391 4107 1509 4194 τάςη
1544 4103 1766 4167 λεπίδας

182 4193 482 4273 ἀποϐαλεῖν
533 4208 640 4261 τῶν
700 4203 983 4275 ὀμμάτων,
1044 4201 1099 4255 αἲ
1164 4197 1427 4269 σύμϐολον
1480 4193 1621 4269 ἦσαν
1672 4194 1764 4249 τοῦ

186 4301 549 4378 περικαρδίω
576 4296 964 4367 καλύμματος,
999 4290 1027 4349 ὃ
1076 4289 1451 4360 περικείμενον
1483 4287 1560 4359 τῷ
1592 4287 1768 4358 διορα-

184 4396 329 4468 τικῷ
355 4393 464 4448 τῶν
497 4388 763 4444 Ἰουδαίων
784 4382 992 4455 ψυχῶν,
1014 4380 1338 4450 τυφλώττειν
1359 4379 1554 4442 αὐτοὺς
1591 4395 1768 4448 παρα-

188 4486 449 4549 σκευάζει
472 4482 606 4552 πρὸς
636 4479 733 4548 τὴν
754 4477 1009 4548 ἀλήθειαν
1029 4492 1043 4540 ;
1072 4473 1185 4525 Οὐκ
1203 4472 1388 4540 ἐπειδὴ
1410 4471 1488 4540 τῷ
1519 4469 1766 4541 μυστικῷ

186 4577 404 4650 λουτρῷ
428 4574 520 4628 τὸν
543 4573 639 4643 τῆς
674 4569 894 4639 ἀγνοίας
932 4583 987 4619 τε
1024 4565 1117 4617 καὶ
1146 4564 1359 4632 ἀπάτης
1392 4562 1562 4633 ῥύπον
1603 4565 1771 4616 ἐναπ-

190 4672 366 4731 έθετο,
414 4664 574 4727 εὐθὺς
608 4661 743 4731 πρὸς
791 4658 851 4711 τὸ
902 4656 1169 4725 θειότερον
1217 4653 1620 4725 μετεσκευάσθη
1674 4656 1773 4725 τὴν

191 4762 381 4833 φύσιν,
417 4757 511 4810 καὶ
541 4749 650 4807 οἷον
686 4751 842 4813 ἐκδὺς
884 4749 983 4821 τὴν
1018 4748 1248 4817 παχεῖαν
1284 4745 1485 4815 ταύτην
1518 4747 1611 4800 καὶ
1644 4763 1775 4818 σαρ-

1784 3525 1873 3585 (ἒξ

1844 2282 1982 2338 riam
2007 2281 2091 2336 vel
2118 2290 2287 2337 aestus
2320 2281 2401 2336 vel
2431 2280 2652 2351 lrigoris
2679 2292 2983 2345 curantem,
3019 2281 3112 2351 qui
3141 2294 3266 2334 cum
3312 2293 3413 2348 po-

1844 2375 1972 2443 pulo
2000 2373 2281 2428 exhibitus
2309 2381 2477 2437 esset,
2526 2373 2759 2442 primum
2810 2373 3021 2443 ﬂagello
3050 2371 3211 2428 lamis
3244 2370 3416 2427 Israe-

1844 2465 1948 2520 lem
1982 2466 2047 2520 ad
2098 2464 2388 2520 sanitatem
2429 2464 2664 2527 reducit,
2705 2465 2873 2517 veluti
2917 2463 3130 2519 scutica
3178 2464 3413 2532 quadam

1844 2556 2116 2625 ejusmodi
2142 2558 2300 2627 plaga
2335 2564 2495 2627 atque
2536 2570 2696 2625 pmna
2734 2557 3084 2611 insolentiam
3123 2556 3307 2626 populi
3351 2570 3419 2610 ac

1846 2649 2208 2720 petulantiam
2228 2649 2548 2715 incessens;
2581 2649 2776 2703 deinde
2804 2648 3211 2711 etiamydivino
3241 2650 3293 2702 in
3324 2662 3418 2702 sa-
3516 2694 3523 2697 .

1846 2740 2057 2796 oriﬁcio
2107 2740 2220 2810 igni
2275 2740 2513 2794 excitato
2552 2778 2567 2801 ,
2614 2747 2771 2793 curat
2807 2739 3056 2793 morbum
3095 2739 3420 2793 simulacro-

1846 2847 1968 2889 rum
1999 2831 2199 2887 cultus.
2238 2830 2439 2885 Deinde
2465 2830 2768 2886 secundum
2793 2829 2944 2883 illum
2972 2828 3112 2883 alius
3151 2828 3241 2882 ille
3269 2842 3422 2883 com-

1851 2924 2102 2994 pluribus
2134 2920 2475 2991 temporibus
2501 2928 2623 2991 post
2652 2919 2891 2980 exsistit,
2924 2919 3018 2988 qui
3050 2918 3103 2973 in
3136 2918 3331 2987 spiritu
3367 2925 3423 2972 et

1850 3015 2054 3070 virtute
2086 3012 2216 3066 Elia:
2246 3028 2341 3082 per
2375 3010 2696 3064 Zachariam
2752 3018 2807 3064 et
2858 3009 3188 3065 Elisabetam
3221 3009 3424 3078 produ-

1852 3114 2000 3171 ctus,
2038 3113 2091 3160 ct
2117 3105 2170 3158 in
2200 3104 2311 3158 vita
2336 3110 2585 3158 versatus
2610 3109 2717 3166 est,
2750 3110 2913 3170 atque
2956 3100 3267 3154 universam
3294 3116 3426 3169 gen-

1853 3206 1963 3252 tem
1999 3198 2055 3251 in
2092 3195 2387 3252 solitudine
2440 3209 2535 3264 per
2586 3192 3024 3263 praedicationem
3061 3191 3151 3261 (ad
3191 3190 3270 3261 se)
3299 3205 3427 3245 evo-

1853 3304 1987 3345 cans
2020 3306 2035 3344 :
2081 3295 2138 3344 et
2166 3286 2355 3343 sordes
2384 3285 2456 3340 ob
2487 3285 2806 3354 sanguinem
2838 3284 3226 3353 prophetarum
3270 3282 3428 3351 (θαυ-

1858 3381 2005 3451 sum)
2048 3386 2383 3442 contractas,
2413 3384 2469 3431 et
2506 3375 2835 3445 multiplicia
2865 3374 3102 3445 piacula,
3138 3374 3430 3441 variosque

1858 3473 2067 3546 peccati
2103 3471 2299 3536 nodos,
2339 3469 2539 3541 quibus
2574 3468 3068 3523 calceamentorum
3117 3464 3172 3517 in
3208 3461 3427 3517 modum

1861 3568 1917 3620 in
1978 3564 2073 3619 illo
2119 3571 2366 3631 tempore
2426 3558 2717 3612 universus
2766 3556 3004 3627 populus
3044 3553 3346 3624 implicitus
3376 3556 3433 3605 et

1856 3656 2097 3727 illigatus
2125 3663 2242 3708 erat
2272 3670 2285 3705 :
2321 3650 2502 3705 omnia
2532 3646 2801 3716 ejusmodi
2830 3646 2993 3707 mala,
3017 3660 3142 3699 cum
3170 3642 3433 3714 praedica-

1858 3749 2008 3804 tione
2040 3743 2377 3817 pmnitentize
2409 3742 2752 3804 dissolveret,
2788 3747 2843 3794 et
2879 3752 3035 3808 aqua:
3062 3736 3433 3805 cireumsper—
3464 3811 3471 3821 ο

1859 3840 2015 3895 sione
2045 3837 2111 3893 ad
2142 3834 2436 3892 Jordanem
2478 3834 2705 3894 elucret,
2743 3832 2797 3887 in
2842 3831 2993 3886 nulla
3031 3846 3091 3884 re
3124 3829 3305 3884 divina
3336 3828 3437 3881 ini-

1861 3946 1967 3984 nus
1996 3928 2272 4000 praestitit,
2325 3939 2488 3997 quam
2538 3925 2615 3979 illi
2657 3924 2749 3994 qui
2804 3923 2859 3977 in
2909 3921 3171 3977 exercitio
3216 3920 3436 3973 virtutis

1865 4032 1994 4079 ante
2024 4038 2149 4078 eum
2177 4020 2415 4073 luerunt.
2453 4014 2593 4081 Quid
2625 4016 2754 4068 item
2791 4022 2915 4083 post
2945 4013 3090 4066 hunc
3112 4010 3334 4075 Paulus,
3370 4024 3437 4064 eo

1864 4116 2009 4187 quod
2050 4125 2288 4181 tempore
2324 4109 2591 4179 posterior
2618 4117 2781 4170 esset,
2815 4105 2879 4159 ad
2907 4119 3180 4159 summum
3208 4102 3436 4171 gradum

1866 4205 2040 4261 divini
2072 4215 2399 4273 progressus
2426 4206 2481 4252 et
2512 4195 2835 4251 incrementi
2875 4192 3103 4248 evadere
3129 4191 3438 4262 prohibitus

1867 4297 1984 4354 est?
2016 4310 2200 4349 annon
2250 4292 2500 4363 protinus
2529 4290 2728 4345 divina‘
2750 4286 3202 4358 pulchritudinis,
3230 4299 3349 4353 quae
3384 4284 3439 4337 in

1870 4389 2045 4446 oculis
2076 4388 2198 4457 ejus
2244 4383 2554 4449 refulserat,
2606 4390 2815 4436 amator
2837 4379 3067 4445 exstitit,
3113 4378 3445 4447 simulatque

1873 4484 1942 4538 ab
1976 4481 2152 4536 oculis
2194 4494 2451 4549 squamas
2496 4475 2721 4546 rejccit?
2751 4490 2872 4543 quae
2932 4486 3173 4542 squama:
3224 4471 3441 4539 signum

1874 4582 2036 4630 erant
2070 4569 2393 4642 tegumenti,
2430 4583 2538 4638 quo
2578 4581 2674 4620 cor
2706 4565 2869 4637 (ejus)
2895 4563 3193 4617 obductum
3223 4559 3400 4614 fuerat
3428 4575 3443 4609 :

1877 4682 1988 4739 quo
2021 4670 2339 4735 legumento
2397 4659 2709 4715 Judazorum
2762 4657 3067 4711 animarum
3121 4655 3266 4709 acies
3322 4667 3446 4721 per-

1877 4758 2117 4830 spectiva
2150 4755 2387 4811 obducta
2429 4760 2593 4822 atque
2631 4750 2891 4821 obligata,
2923 4763 3100 4803 caecos
3141 4762 3235 4802 eos
3267 4744 3448 4799 eﬂ‘ecit

193 4856 344 4921 κώδη
393 4848 701 4922 περιϐολὴν,
743 4846 925 4907 αὐτοῖς
970 4845 1082 4906 τοῖς
1119 4840 1384 4912 οὐρανίοις
1421 4839 1632 4904 ἀδύτοις
1678 4842 1755 4894 ἐπι

1879 4850 1945 4905 ad
1973 4845 2299 4903 veritatem?
2329 4858 2511 4897 nonne
2565 4851 2919 4912 posteaquam
2978 4839 3169 4894 sordes
3210 4852 3347 4906 quas
3380 4850 3445 4889 ex

194 4945 517 5020 εχωρίαζεν,
543 4940 693 4995 οὐδὲν
708 4936 872 5009 βαρού
882 4953 1035 5006 μενος
1054 4934 1130 5005 τῷ
1142 4933 1373 5003 ἐφολκίῳ
1390 4932 1485 4986 τοῦ
1505 4932 1771 5004 σώματος,

197 5044 293 5097 καὶ
318 5039 469 5101 ἐντὸς
496 5034 714 5103 ἐγένετο
746 5031 844 5102 τῆς
874 5028 1023 5092 θείας
1050 5028 1144 5079 τοῦ
1178 5024 1505 5099 παραδείσου
1526 5027 1771 5095 φυτείας,

197 5133 319 5188 ἐκεῖ
356 5128 456 5200 τὴν
496 5128 733 5199 ἄρρητον
768 5118 1153 5191 μυσταγωγίαν
1188 5115 1336 5187 παρὰ
1376 5115 1474 5185 τῆς
1521 5114 1775 5184 ἀληθείας

206 5222 596 5291 εελειούμενος,
637 5213 887 5269 κάκεῖθεν
916 5211 1207 5282 λαμὸάνων
1237 5210 1327 5263 τοῦ
1356 5208 1511 5277 λόγου
1543 5209 1641 5279 τὴν
1688 5207 1776 5261 δύ-

204 5333 369 5386 ναμιν
395 5315 473 5376 είς
498 5310 743 5379 ὑπακοὴν
760 5307 861 5376 τῆς
890 5305 1123 5366 πίστεως
1150 5304 1207 5355 ἐν
1238 5303 1370 5355 πᾶσι
1396 5305 1506 5363 τοῖς
1531 5299 1773 5369 ἐθνεσιν;

201 5410 371 5463 Ὅθεν
398 5404 594 5477 μικροῦ
622 5403 730 5455 δεῖν
754 5402 852 5470 τῆς
879 5397 1200 5467 οἰκουμένης
1237 5394 1417 5465 πάσης
1442 5393 1619 5466 πατὴρ
1641 5393 1785 5462 γίνε-

210 5525 317 5570 ται,
366 5503 457 5557 διὰ
501 5500 609 5553 τῶν
653 5494 1037 5566 πνευματικῶν
1082 5493 1284 5545 ὠδίνων
1312 5494 1389 5557 εἰς
1426 5493 1539 5561 φῶς
1574 5493 1784 5558 ἐνάγων

204 5600 335 5659 τοὺς
358 5597 426 5649 δι’
459 5592 623 5647 αὑτοῦ
651 5588 1057 5663 μορφουμένους
1090 5587 1228 5639 κατὰ
1255 5586 1486 5655 Χριστὸν
1512 5586 1589 5648 εἰς
1628 5586 1782 5637 εύσέ-

204 5692 385 5744 δειαν.
416 5686 479 5741 Εί
522 5685 704 5738 τοίνυν
732 5683 826 5735 ἐπὶ
854 5680 963 5734 τῶν
995 5678 1168 5733 ἄλλων
1210 5678 1399 5745 ἁγίων,
1433 5679 1465 5747 ἡ
1510 5677 1651 5731 κατὰ
1694 5678 1784 5731 τὸν

207 5783 405 5854 χρόνον
435 5779 587 5846 τάξις
618 5778 767 5831 οὐδὲν
797 5780 896 5847 τῆς
925 5772 1064 5827 κατὰ
1090 5770 1222 5825 Θεὸν
1247 5771 1527 5841 προκοπῆς
1554 5772 1794 5840 ὴλάττω-

1882 4940 2188 5012 ignorantia
2246 4946 2409 5006 atque
2453 4950 2642 4989 errore
2689 4939 3070 4995 contraxerat,
3106 4932 3161 4985 in
3214 4929 3451 4999 mystico

1884 5036 2102 5087 lavacro
2128 5030 2404 5099 deposuit,
2451 5028 2704 5096 protinus
2745 5026 2811 5079 ad
2850 5024 3219 5093 augustiorem
3258 5020 3451 5074 cundia

1883 5128 2085 5180 tionem
2129 5129 2322 5176 natura
2370 5117 2794 5173 transformatus
2838 5127 2939 5181 est,
3000 5124 3051 5169 et
3108 5113 3254 5168 velut
3286 5118 3452 5165 exuto

1883 5219 1987 5273 hoc
2021 5230 2207 5270 crasso
2246 5220 2408 5281 atque
2442 5225 2643 5265 carneo
2674 5211 2875 5263 amictu
2920 5210 2972 5261 in
3017 5206 3152 5275 ipsis
3184 5206 3449 5258 malorum

1887 5310 2068 5382 adytis
2098 5303 2457 5362 versabatur?
2502 5300 2567 5355 Et
2616 5302 2749 5357 nihil
2794 5298 3041 5369 corporei
3080 5292 3453 5365 impedimenti

1887 5403 2128 5475 pondere
2179 5400 2447 5465 tardatus,
2498 5398 2663 5452 etiam
2722 5398 2865 5449 intra
2926 5392 3163 5447 divinam
3210 5387 3453 5459 paradisi

1885 5498 2247 5554 consitionem
2301 5493 2667 5565 perveniebat,
2700 5500 2754 5544 et
2785 5488 2893 5540 illic
2935 5499 3135 5539 arcana
3168 5495 3453 5537 sacrorum

1886 5591 2176 5660 disciplina
2238 5604 2268 5642 a
2327 5586 2555 5640 veritate
2598 5583 2936 5641 initiabatur,
2990 5586 3153 5649 atque
3206 5572 3357 5629 illinc
3387 5570 3453 5624 ad

1886 5681 2247 5741 obediendum
2286 5680 2407 5735 lidei
2448 5680 2501 5732 in
2532 5676 2787 5731 omnibus
2813 5672 3068 5743 gentibus
3098 5670 3209 5723 vim
3241 5679 3453 5721 sermo-

1902 5776 1987 5832 nis
2016 5772 2348 5843 accipiebat?
2372 5769 2525 5825 Unde
2550 5768 2718 5824 totius
2750 5762 3141 5837 propemodum
3171 5758 3322 5817 orbis
3348 5766 3455 5810 tcr-
