3850 6392
450 275 564 354 795'
1683 295 1742 352 s.
1777 292 2102 352 cnecoau
2129 288 2417 349 russam
3582 285 3697 345 796

450 428 636 469 rarum
663 419 816 483 pater
829 412 1074 480 exsistit,
1107 428 1204 484 per
1231 413 1546 484 spirituales
1571 414 1788 472 labores
1813 424 1868 471 et
1892 431 2017 486 par-
2045 465 2049 474 .

2153 427 2231 477 εν,
2272 409 2549 480 ὁμοτίμως
2580 405 2795 474 ἑκάστῳ
2819 404 2918 476 τῆς
2960 402 3179 474 χάριτος
3211 400 3347 473 πρὸς
3386 401 3486 473 τὴν
3525 402 3704 457 τελει-

452 515 545 560 tus
577 519 672 558 eos
706 503 799 573 qui
847 519 944 574 per
993 503 1172 574 ipsum
1217 503 1285 558 ad
1339 504 1707 560 Christianam
1759 507 2013 576 pietatem

2152 520 2288 574 τητα
2334 499 2728 571 συνεργούσης·
2779 497 3001 559 εἰκότως
3043 492 3329 565 τολμῶμεν
3376 493 3594 548 καὶτὸν
3641 496 3700 547 ἐν

451 595 786 658 formantur,
843 595 898 649 itt
949 594 1126 650 lucem
1184 595 1510 666 producens.
1567 595 1626 651 Si
1667 597 1832 667 igitur
1876 597 2016 652 ratio

2155 594 2188 664 ᾗ
2226 590 2346 645 καθ’
2381 591 2526 661 ἡμᾶς
2574 589 2736 659 γενεᾷ
2782 586 2876 640 τοῦ
2920 585 3054 638 Θεοῦ
3094 585 3400 656 ἄνθρωπον,
3445 583 3508 636 τδ
3556 585 3700 656 μέγα

456 684 722 755 temporis
755 685 809 739 in
839 685 1054 738 caeteris
1077 685 1282 740 sanctis
1305 685 1441 739 nihil
1469 685 1616 756 quod
1653 686 1919 755 pertineat
1949 684 2016 739 ad

2152 681 2314 742 κεῦος
2329 681 2426 751 τῆς
2447 679 2719 751 ἀληθείας,
2752 677 3050 742 Βασίλειον,
3077 678 3189 739 τοῖς
3212 675 3529 745 ὀνομαστοῖς
3558 677 3702 729 ἐκεί-

451 777 694 831 divinum
761 777 1154 831 incrementum
1224 783 1388 846 atque
1446 792 1793 846 progressum
1841 777 2020 831 immi-

2152 790 2239 837 νοις
2267 772 2439 841 ἁγίοις
2463 770 2775 842 ἐναρίθμιον
2805 764 2945 823 εἶναι
2983 768 3180 836 λέγειν,
3209 765 3358 820 οὐδὲν
3389 765 3490 836 τῆς
3517 783 3700 837 χρονι-

454 869 595 931 nuit,
625 883 690 924 eo
724 867 870 938 quod
901 868 1108 937 pariter
1163 875 1218 922 et
1272 884 1340 923 ex
1396 883 1552 937 :equo
1609 869 1781 939 gratia
1823 885 2022 924 unum-

2152 867 2231 939 ιῆς
2273 864 2591 928 ἀκολουθίας
2631 862 2753 917 οῦτε
2799 863 2900 932 τὴν
2941 860 3151 932 ὑψηλὴν
3193 859 3399 914 ἐκείνου
3435 859 3573 930 πρὸς
3609 859 3701 911 τὸν

451 974 725 1029 quemque
763 958 1046 1029 adjuvaret
1105 959 1173 1014 ad
1225 959 1611 1029 perfectionem
1645 977 1658 1013 :
1694 975 1801 1013 non
1836 961 2026 1014 imme-

2152 957 2260 1011 ὶεὸν
2286 955 2600 1027 ἐπιθυμίαν,
2641 954 2765 1008 οὔτε
2795 953 2893 1023 τὴν
2939 951 3087 1006 θείαν
3109 950 3269 1023 χάριν
3299 951 3435 1024 πρὸς
3465 949 3562 1020 τὴν
3604 950 3701 1020 τῆς

455 1052 561 1103 ι·ἱιο
585 1048 852 1104 audemus
877 1049 1042 1103 etiam
1102 1063 1248 1111 eum,
1297 1048 1390 1119 qui
1450 1058 1640 1103 nostra
1694 1057 1853 1104 aetate
1902 1048 2022 1113 fuit,

2152 1048 2306 1120 μυχῆς
2338 1046 2612 1101 τελείωσιν
2649 1044 3042 1116 ἐμποδιζούσης
3067 1055 3082 1072 ⁸
3119 1044 3194 1106 ὡς
3223 1042 3288 1096 ἂν
3313 1041 3388 1113 μὴ
3427 1042 3520 1112 τῆς
3553 1040 3703 1103 θείας

458 1141 740 1196 hominem
767 1141 1034 1206 divinum,
1067 1155 1324 1210 magnum
1351 1139 1485 1195 illud
1511 1140 1759 1196 veritatis
1788 1156 1893 1197 das
1917 1140 2020 1195 Ba-

2157 1139 2431 1209 ἱκονομίας
2455 1139 2483 1191 ό
2513 1137 2713 1200 σκοπός
2754 1153 2808 1188 τι
2847 1134 3247 1206 παραϐλαϐείη,
3281 1135 3317 1205 ἦ
3345 1151 3398 1186 τι
3423 1133 3576 1205 παρά
3601 1133 3702 1202 τὴν

415 1208 667 1298 ἐῖΙίιιηι,
725 1233 944 1303 inclytis
997 1233 1108 1286 illis
1141 1231 1350 1287 sanctis
1383 1231 1850 1287 annumerandum
1898 1247 2022 1288 esse

2152 1228 2218 1283 ὀὗ
2237 1208 2425 1301 χρόνου
2450 1228 2627 1282 αἰτίαν
2658 1225 2984 1297 ἐλαττωθείη
3011 1225 3112 1295 τῆς
3139 1223 3267 1296 παρ’
3293 1221 3457 1276 αὐτοῦ
3487 1239 3702 1276 συνεισο

451 1321 663 1390 dicere,
701 1325 904 1394 quippe
942 1339 1066 1378 cum
1110 1322 1373 1395 temporis
1410 1322 1728 1378 vicissitudo
1755 1324 1891 1378 nihil
1920 1323 2022 1377 im-

2152 1322 2430 1394 ›ερομένης
2473 1319 2789 1397 συμμαχίας
2831 1317 2970 1388 πρὸς
3009 1317 3070 1370 τὸ
3106 1316 3419 1386 μυστήριον.
3479 1314 3702 1377 Πάντως

457 1415 642 1484 pediat
663 1415 747 1469 vel
776 1413 1010 1470 sublime
1031 1413 1176 1469 illius
1203 1428 1332 1484 erga
1367 1410 1536 1468 Deum
1581 1413 1820 1467 studium
1860 1421 2025 1482 atque

2152 1418 2186 1468 ἑὲ
2229 1416 2404 1478 οὐδεὶς
2454 1415 2639 1482 ἀγνοεῖ
2681 1413 2771 1467 τὸν
2817 1411 3016 1466 σκοπὸν
3048 1411 3149 1481 τῆς
3191 1409 3330 1464 κατὰ
3373 1409 3465 1462 τὸν
3510 1406 3698 1478 χρόνον

459 1504 811 1571 desiderium,
853 1506 936 1560 vel
981 1506 1221 1560 divinam
1257 1505 1490 1575 gratiam
1533 1505 1601 1559 ad
1638 1505 1878 1560 animam
1904 1520 2028 1576 per-

2152 1508 2316 1562 τοῦτον
2347 1505 2440 1560 τοῦ
2475 1503 2795 1559 διδασκάλου
2818 1502 2978 1575 ἡμῶν
3008 1501 3350 1567 ἀναδείξεως.

455 1591 600 1649 fecte
639 1602 693 1650 et
722 1594 970 1651 absolute
1010 1594 1363 1649 excolendam
1415 1601 1470 1648 et
1523 1591 1920 1658 exornandam,
1990 1609 2058 1650 ne
2090 1610 2197 1664 quo
2236 1599 2398 1650 modo
2449 1595 2535 1651 vel
2585 1593 2759 1650 divini
2815 1592 3032 1648 consilii
3095 1588 3588 1662 dispositionisque
3623 1585 3705 1641 in-

455 1685 633 1739 tentio
661 1693 823 1756 atque
871 1687 1209 1756 propositum
1254 1686 1565 1755 sugilletur,
1591 1685 1677 1739 vel
1716 1686 1921 1756 aliquid
1947 1685 2016 1741 de
2074 1687 2222 1742 illius
2255 1687 2460 1742 auxilio
2515 1695 2677 1758 atque
2727 1685 3002 1757 praesidio,
3047 1684 3194 1755 quod
3255 1681 3324 1737 ad
3388 1680 3704 1752 mysterium

461 1773 942 1840 considerabatur,
1009 1783 1232 1846 propter
1283 1774 1545 1846 temporis
1595 1789 1820 1830 causam
1860 1784 2206 1844 extenuetur,
2247 1785 2302 1834 et
2338 1778 2527 1833 leviori
2567 1792 2730 1848 quam
2779 1791 2878 1846 par
2931 1786 3036 1840 est.
3072 1784 3348 1832 momento
3384 1775 3706 1830 aestimetur.

461 1860 631 1917 Nemo
656 1870 835 1919 autem
872 1880 1100 1935 prorsus
1130 1865 1364 1935 ignorat,
1382 1879 1491 1936 quo
1517 1864 1754 1920 consilio
1782 1865 1835 1920 in
1870 1865 1974 1921 hoc
1999 1873 2243 1940 tempore
2270 1877 2569 1940 praeceptor
2595 1875 2781 1924 noster
2809 1866 3127 1938 designatus
3143 1875 3197 1922 et
3225 1866 3503 1922 exhibitus
3535 1866 3630 1938 sit,

532 1953 894 2026 Posteaquam
915 1957 1058 2011 enim
1081 1955 1362 2010 hominum
1390 1956 1608 2012 insania
1631 1956 1781 2012 circa
1801 1958 2028 2013 simula-

2211 1962 2427 2034 Ἐπειδὴ
2455 1963 2561 2033 γάρ
2581 1964 2617 2034 ἡ
2651 1962 2779 2035 περὶ
2810 1962 2879 2017 τά
2925 1962 3115 2016 εἴδωλα
3133 1960 3240 2015 τῶν
3266 1961 3569 2033 ἀνθρώπων
3599 1979 3708 2033 μα-

462 2061 683 2100 crorum
715 2047 922 2102 cultum
963 2047 1348 2116 praedicatione
1376 2047 1583 2104 Christi
1622 2048 1891 2104 exstincta
1927 2057 2034 2112 est,

466 2146 522 2190 et
567 2137 748 2193 omnia
786 2137 899 2208 jam
943 2136 1169 2193 delubra
1217 2149 1535 2209 caetera-que
1577 2155 1685 2200 res.
1731 2156 1851 2211 qum
1895 2156 2037 2196 vano

465 2229 803 2284 dementium
857 2228 1009 2282 cultu
1057 2228 1322 2284 celebrari
1385 2245 1450 2284 ac
1503 2227 1838 2299 frequentari
1895 2232 2036 2286 sole-

473 2321 642 2386 bant,
690 2319 886 2374 dirutaa
923 2328 1084 2389 atque
1129 2335 1161 2374 e
1206 2319 1384 2374 medio
1420 2320 1649 2375 sublatae
1693 2329 1870 2386 erant,
1911 2336 2034 2376 cum

473 2429 572 2484 per
615 2413 928 2469 universum
969 2427 1105 2482 pene
1150 2419 1422 2467 terrarum
1489 2415 1674 2468 orbem
1739 2414 2036 2469 habitatum

473 2507 786 2579 praedicatio
809 2507 1027 2577 pietatis
1057 2514 1112 2560 et
1134 2506 1249 2561 veri
1277 2504 1374 2560 Dei
1411 2505 1592 2560 cultus
1621 2514 1784 2575 atque
1816 2505 2036 2576 religio-

472 2604 563 2656 nis
588 2600 938 2670 pervasisset,
965 2597 1104 2654 adeo
1128 2610 1186 2652 ut
1208 2599 1254 2653 is
1275 2597 1369 2667 qui
1395 2596 1603 2654 fraudis
1626 2598 1876 2654 humanae
1896 2599 2042 2669 prin-

472 2695 713 2763 cipatum
746 2700 801 2748 et
841 2691 1128 2762 imperium
1179 2698 1361 2755 tenet,
1395 2705 1458 2745 ex
1503 2691 1757 2746 omnibus
1793 2691 2040 2761 partibus

474 2787 626 2839 orbis
661 2793 931 2840 terrarum
967 2782 1176 2838 Christi
1207 2781 1427 2838 nomine
1458 2783 1818 2852 expelleretur
1862 2790 1916 2838 et
1946 2799 2041 2838 cx-

477 2877 829 2930 turbarctur:
872 2874 1062 2930 solerti
1088 2882 1141 2930 et
1173 2873 1369 2928 callido
1404 2873 1659 2928 nimirum
1686 2874 1752 2928 ad
1780 2875 2040 2929 malitiam

477 2968 748 3023 inventori
809 2966 1034 3021 malitiae
1098 2973 1262 3034 atque
1324 2964 1580 3035 nequitia:
1627 2966 1917 3021 scelestum
1986 2973 2042 3021 et

477 3057 781 3127 improbum
817 3054 1104 3110 consilium
1140 3068 1248 3107 non
1284 3052 1485 3118 defuit,
1521 3069 1630 3124 quo
1662 3069 1758 3124 per
1796 3052 2040 3109 fraudem

478 3149 658 3202 denuo
697 3146 993 3201 obnoxium
1043 3143 1147 3198 sibi
1195 3143 1447 3199 redderet
1493 3159 1662 3214 genus
1711 3145 2040 3210 humanum;

479 3235 577 3292 sed
614 3237 718 3292 sub
767 3245 1030 3305 praetextu
1069 3249 1135 3289 ac
1167 3234 1348 3303 specie
1380 3233 1786 3289 Christianismi
1819 3235 2044 3291 simula-

2140 2053 2227 2106 νία
2275 2052 2352 2124 τῷ
2403 2052 2716 2123 κηρύγματι
2761 2051 2855 2106 τοῦ
2903 2051 3138 2124 Χριστοῦ
3190 2051 3522 2122 κατεσϐέσθη
3550 2091 3567 2112 ,
3618 2053 3710 2105 καὶ

2139 2144 2316 2197 πάντα
2339 2139 2407 2216 ἦν
2430 2147 2487 2198 ἐν
2515 2144 2776 2216 ἐρειπίοις
2804 2145 2903 2215 ἤδη
2929 2144 3023 2198 καί
3055 2141 3344 2214 ἀφανισμῷ
3369 2141 3439 2197 τά
3465 2143 3574 2196 τῶν
3608 2160 3710 2214 μα-

2138 2235 2305 2290 ταίων
2340 2235 2677 2307 σεϐάσματα,
2717 2235 3013 2304 διά’πάσης
3043 2235 3225 2308 σχεδδν
3260 2237 3360 2306 τῆς
3386 2234 3710 2306 οἰκουμένης

2139 2325 2232 2380 τοῦ
2282 2326 2633 2397 κηρύγματος
2680 2327 2780 2396 τῆς
2817 2325 3098 2389 εὐσεϐείας
3133 2326 3513 2396 φοιτήσαντος,
3565 2325 3709 2378 ὥστε

2139 2418 2230 2471 τὸν
2258 2417 2652 2490 ἐπικρατοῦντα
2690 2417 2789 2488 τῆς
2819 2417 3163 2490 ἀνθρωπίνης
3185 2416 3400 2487 ἀπάτης
3437 2418 3708 2487 πανταχόο

2143 2507 2234 2561 θεν
2261 2507 2627 2580 ἐξείργεσθαι,
2662 2506 2737 2579 τῷ
2762 2508 2854 2561 τοῦ
2881 2507 3117 2579 Χριστοῦ
3153 2507 3377 2578 ὀνόματι
3404 2510 3504 2578 τῆς
3532 2507 3712 2561 οίκου-

2147 2599 2313 2670 μένης
2338 2599 2751 2671 ἐξελαυνόμενον
2771 2615 2786 2630 ⁸
2821 2600 2981 2670 σοφὸς
3013 2600 3070 2654 δὲ
3098 2601 3179 2665 είς
3207 2599 3402 2654 κακίαν
3442 2597 3517 2653 ὣν
3541 2601 3570 2654 ὁ
3613 2601 3712 2670 τῆς

2145 2690 2340 2754 κακίας
2388 2691 2649 2762 εὑρετὴς,
2694 2693 2794 2745 οὐκ
2829 2691 3107 2763 ἠπόρησεν
3162 2692 3405 2764 πονηρᾶς
3447 2691 3710 2757 ἐπινοίας,

2094 2844 2095 2847 η
2146 2779 2286 2832 ὥστε
2331 2779 2490 2834 πάλιν
2547 2781 2852 2852 ὑποχείριον
2901 2781 3122 2850 ποιῆσαι
3167 2781 3234 2836 δι’
3280 2781 3495 2851 ἀπάτης
3536 2781 3712 2852 ἑαυτῷ

2143 2870 2206 2924 τὸ
2251 2871 2589 2942 ἀνθρώπινον
2612 2889 2626 2904 ο
2658 2872 2772 2926 ἀλλ’
2804 2873 2862 2927 ἐν
2907 2873 3254 2944 προσχήματι
3282 2874 3707 2944 Χριστιανισμοῦ

2145 2963 2242 3034 τὴν
2275 2964 2717 3036 είδωλολατρείαν
2767 2964 2910 3019 κατά
2962 2964 3024 3019 τὸ
3067 2964 3290 3037 λεληθὸς
3341 2967 3710 3037 ἐπανήγαγεν,

2145 3056 2339 3122 πείσας
2371 3059 2482 3122 τοῖς
2513 3057 2662 3123 ἰδίοις
2700 3057 2992 3130 σοφίσμασι
3035 3059 3162 3123 τοὺς
3191 3057 3325 3131 πρὸς
3351 3060 3514 3114 αὐτὸν
3537 3059 3712 3132 ὁρῶνο

2147 3165 2242 3213 τας
2274 3149 2348 3220 μὴ
2375 3149 2674 3220 ἀποστῆναι
2703 3153 2800 3222 τῆς
2827 3150 3054 3215 κτίσεως
3072 3191 3087 3217 ,
3134 3151 3270 3206 ἀλλά
3296 3151 3501 3224 ταύτην
3541 3170 3684 3224 προσ
3708 3185 3715 3194 -

2149 3242 2328 3294 κυνεῖν
2385 3241 2486 3315 καὶ
2517 3240 2718 3310 ταύτην
2769 3241 3056 3306 σέϐεσθαι,
3099 3243 3193 3296 καὶ
3227 3242 3359 3297 Θεὸν
3398 3243 3458 3296 τὸ
3508 3244 3718 3315 ποίημα

478 3343 701 3386 crcrum
726 3328 932 3382 cultum
963 3326 1194 3381 latenter
1219 3325 1452 3388 reduxit,
1480 3341 1604 3381 cum
1633 3325 1750 3381 suis
1777 3341 2048 3382 commen-

2152 3309 2462 3401 οἴεσθαι,’τῇ
2494 3329 2586 3383 τοῦ
2611 3309 2742 3384 Υίοῦ
2773 3332 2960 3403 κλήσει
2995 3332 3414 3404 ὀνομαζόμενον.
3441 3335 3505 3387 Ei
3552 3309 3718 3388 ﬁsus):

479 3425 556 3480 tis
603 3431 654 3479 et
699 3422 1015 3491 imposturis
1071 3422 1432 3490 persuasisset
1475 3422 1565 3487 iis,
1599 3422 1696 3491 qui
1739 3422 1807 3476 ad
1867 3423 2044 3494 ipsum

485 3511 841 3586 spectabant,
903 3528 973 3568 ne
1023 3512 1321 3569 deficerent
1368 3528 1398 3567 a
1447 3520 1722 3578 creatura,
1778 3516 1874 3569 sed
1927 3530 2048 3572 eam

481 3611 774 3665 adorarent
792 3616 847 3664 et
868 3616 1279 3671 venerarentur,
1305 3607 1584 3677 Deumque
1600 3617 1904 3662 creaturam
1927 3624 2051 3666 esse

424 3757 431 3763 _
482 3711 762 3773 putarent,
791 3716 912 3773 qua:
957 3699 1081 3756 Filii
1111 3700 1332 3755 nomine
1377 3706 1683 3755 vocaretur.
1724 3698 1878 3766 Quod
1909 3701 1954 3756 si
1981 3715 2050 3756 ex

484 3796 648 3852 rebus
679 3812 798 3867 quae
830 3810 940 3850 non
971 3802 1178 3857 essent,
1211 3800 1458 3849 creatura
1493 3793 1755 3864 producta
1784 3801 1887 3860 est,
1927 3799 1981 3847 et
2019 3807 2050 3846 a

483 3891 667 3945 divina
705 3889 966 3957 essentia,
991 3894 1260 3959 quantum
1305 3887 1373 3942 ad
1419 3886 1694 3958 propriam
1742 3885 1920 3956 ipsius
1965 3894 2052 3939 at-

485 3985 624 4038 tinet
650 3991 940 4044 naturam,
982 3979 1159 4035 aliena
1200 3978 1292 4042 sit,
1341 3979 1612 4035 neminem
1655 3991 1774 4032 eam
1811 3991 1922 4032 rem
1952 3975 2051 4032 de-

486 4079 616 4132 bere
649 4090 864 4138 curare,
900 4073 995 4128 sed
1035 4072 1240 4128 Christi
1290 4071 1508 4126 nomine
1561 4077 1825 4125 creatura:
1877 4069 2052 4140 impo-

489 4171 620 4228 sito,
657 4168 798 4221 hanc
827 4167 1080 4229 adorare,
1119 4164 1263 4218 hanc
1311 4161 1511 4223 colere.
1546 4162 1601 4215 in
1641 4160 1750 4215 hac
1781 4176 1930 4230 spem
1965 4175 2054 4215 sa-

487 4261 621 4314 lutis
655 4259 816 4312 fixam
851 4257 1071 4320 habere,
1097 4255 1168 4312 ab
1196 4255 1300 4309 hac
1324 4253 1590 4324 judicium
1619 4262 1954 4323 exspectare.
1990 4252 2054 4305 Et

488 4361 550 4404 ut
578 4365 693 4405 rem
721 4348 1031 4405 summatim
1058 4345 1411 4416 complectar,
1443 4359 1567 4398 cum
1615 4344 1904 4399 invasisset
1927 4355 2056 4412 apo-

491 4452 633 4496 stata
657 4441 907 4495 homines
946 4439 1116 4494 totius
1168 4437 1386 4493 malitiae
1438 4452 1550 4494 sua:
1591 4451 1838 4506 capaces,
1866 4435 2053 4488 Arium

494 4537 713 4604 inquam
742 4540 796 4586 et
825 4529 1065 4592 Aetium,
1098 4528 1446 4592 Eunomium,
1477 4527 1800 4590 Eudoxium,
1831 4541 1894 4580 ae
1916 4541 2056 4597 prae-

491 4637 576 4682 ter
619 4627 718 4681 hos
761 4625 966 4679 multos
1003 4624 1170 4680 etiam
1220 4622 1380 4686 alios,
1421 4636 1518 4690 per
1572 4629 1667 4674 eos
1713 4617 2052 4674 deiicientem

488 4720 600 4788 jam
632 4717 1051 4773 simulacrorum
1095 4714 1326 4774 cultum,
1381 4712 1523 4767 sicut
1563 4712 1768 4766 dictum
1803 4718 1906 4774 est,
1953 4724 2054 4766 no-

493 4812 640 4865 mine
668 4807 1072 4864 Christianismi
1119 4806 1300 4860 denuo
1340 4802 1592 4867 reduxit,
1641 4808 1803 4872 atque
1854 4802 2058 4857 invale-

497 4901 683 4956 scebat
722 4898 984 4953 adversus
1020 4896 1269 4952 homines
1303 4894 1549 4956 morbus,
1596 4893 1691 4962 qui
1745 4900 2053 4946 creaturam

495 4993 667 5062 magis
689 5005 850 5060 quam
876 4996 1180 5044 creatorem
1233 4985 1506 5047 colebant,
1538 4983 1676 5039 adeo
1716 4992 1775 5039 ut
1801 4984 1963 5038 etiam
1993 4983 2058 5038 il-

495 5087 603 5140 lius
644 5081 909 5152 temporis
934 5081 1324 5151 imperatorum
1356 5077 1558 5131 auxilio
1590 5074 1742 5130 fraus
1769 5075 2056 5130 conﬁrma-

496 5185 667 5236 retur,
703 5183 754 5227 et
788 5187 977 5227 omnes
1025 5169 1355 5225 excellentes
1399 5167 1754 5237 magistratus
1781 5175 1833 5221 et
1857 5165 2059 5234 princi-

495 5278 652 5338 patus
682 5280 778 5336 pro
810 5265 914 5320 hoc
943 5262 1133 5317 morbo
1159 5267 1582 5330 propugnarent.
1606 5257 1849 5326 Cumque
1869 5271 2060 5310 omnes

496 5355 885 5427 propemodum
931 5355 1180 5408 homines
1231 5351 1296 5403 ad
1346 5349 1398 5404 id
1435 5349 1578 5418 quod
1632 5349 1845 5418 vigebat
1892 5355 1946 5401 et
1975 5346 2060 5399 in-

497 5448 806 5503 valescebat
846 5447 1047 5500 malum
1089 5441 1321 5498 traducti
1377 5448 1562 5495 essent
1598 5453 1613 5492 :
1653 5447 1781 5492 tunc
1833 5451 2060 5506 magnus

500 5558 528 5593 a
577 5543 683 5593 lico
713 5539 967 5600 Basilius,
1022 5535 1480 5606 qnmnadmodnm
1533 5540 1776 5597 tempore
1823 5527 2060 5582 Achaabi

500 5629 670 5690 Elias,
696 5627 981 5682 exhibetur
1025 5665 1039 5689 ,
1094 5641 1156 5678 ac
1210 5623 1538 5685 sacerdotio,
1587 5620 1728 5689 quod
1781 5618 1891 5687 jam
1918 5633 2058 5686 quo-

501 5719 790 5774 damtnodo
815 5719 1111 5787 collapsum
1155 5725 1314 5786 atque
1351 5715 1651 5784 ncg|ectum
1692 5720 1829 5776 erat,
1869 5724 2060 5765 susce-

2150 3420 2224 3492 μὴ
2251 3421 2420 3476 ὅντων
2445 3422 2592 3476 ἐστὶν
2621 3424 2655 3495 ἠ
2697 3423 2904 3489 κτίσις,
2934 3424 3028 3478 καὶ⁸
3051 3425 3150 3497 τῆς
3175 3424 3326 3489 θείας
3349 3426 3539 3491 οὐσίας
3577 3427 3718 3482 κατά

2147 3512 2246 3583 τὴν
2278 3512 2409 3565 ἰδίαν
2457 3513 2812 3584 ἠλλοτρίωται
2839 3514 3020 3584 φύσιν,
3054 3516 3257 3588 μηδένα
3289 3517 3557 3572 ποιεῖσθαι
3597 3514 3719 3572 τού-

2146 3619 2240 3655 του
2285 3601 2478 3670 λόγον,
2513 3603 2648 3656 ἀλλά
2696 3603 2759 3658 τὸ
2791 3604 2885 3658 τοῦ
2929 3606 3164 3676 Χριστοῦ
3212 3608 3383 3680 ὄνομα
3431 3609 3720 3674 ἐπιθέντας

2148 3697 2212 3765 τῇ
2258 3695 2429 3748 κτίσει
2458 3694 2660 3766 ταύτην
2699 3699 3023 3767 προσκυνεῖν
3047 3737 3062 3760 .
3095 3697 3268 3771 ταύτῃ
3296 3697 3577 3769 λατρεύειν
3601 3739 3616 3762 ,
3663 3702 3720 3753 ἐν

2147 3785 2319 3859 ταύτῃ
2348 3787 2446 3850 τὰς
2470 3787 2687 3850 ἐλπίδας
2722 3788 2821 3859 τῆς
2850 3789 3120 3859 σωτηρίας
3149 3788 3314 3860 ἔχειν.
3341 3790 3490 3862 παρά
3517 3791 3720 3861 ταύτης

2150 3875 2434 3947 ἀναμένειν
2471 3873 2568 3946 τὴν
2610 3874 2812 3947 κρίσιν.
2851 3877 2959 3930 Kal.
2991 3877 3109 3942 ὅλος
3143 3877 3397 3949 ἐμπεσὼν
3426 3879 3455 3931 ό
3483 3881 3722 3934 ἀποστά-

2149 3982 2249 4036 της
2279 3965 2586 4036 ἀνθρώποις
2616 3967 2796 4019 πᾶσαν
2823 3966 2986 4020 αὐτοῦ
3025 3967 3123 4038 τὴν
3144 3969 3343 4023 κακίαν
3370 3970 3574 4033 ἱκανοῖς
3619 3989 3724 4040 χω-

2157 4057 2336 4127 ρῆσαι,
2379 4057 2570 4129 Ἀρείῳ
2597 4073 2656 4110 τε
2692 4057 2836 4126 λέγω
2859 4059 2954 4112 καὶ⁹
2997 4059 3183 4130 Ἀετίῳ
3206 4103 3221 4126 ,
3247 4062 3496 4132 Εὑνομίῳ
3523 4101 3539 4127 ,
3563 4063 3724 4123 Εὑδα-

2154 4147 2251 4220 ξίῳ
2275 4189 2290 4214 ,
2340 4148 2435 4202 καὶ
2480 4148 2616 4219 πρὸς
2642 4148 2851 4211 τούτοις
2888 4149 2983 4203 καὶ
3039 4151 3252 4215 πολλοῖς
3293 4151 3510 4215 ἄλλοις,
3554 4153 3624 4206 δι’
3651 4151 3724 4208 ὧν

2154 4241 2508 4294 ἐκλείπουσαν
2542 4240 2644 4310 ήδη
2675 4239 2774 4311 τὴν
2815 4239 3254 4310 είδωλολατρείαν
3287 4241 3446 4294 πάλιν
3472 4280 3488 4303 ,
3541 4241 3725 4306 καθὼς

2155 4334 2401 4404 εἴρηται,
2441 4331 2535 4385 τοῦ
2576 4331 3002 4403 Χριστιανισμοῦ
3046 4333 3387 4403 ἐπανήγαγεν
3412 4373 3427 4396 ,
3467 4333 3563 4387 καὶ⁸
3597 4351 3726 4388 κατ-

2154 4425 2373 4496 εκράτει
2405 4423 2513 4478 τῶν
2540 4423 2837 4496 ἀνθρώπων
2865 4425 2898 4494 ἡ
2929 4423 3098 4487 νόσος,
3117 4423 3225 4478 τῶν
3245 4425 3417 4478 κτίσει
3442 4424 3727 4496 λατρευόν-

2156 4535 2263 4572 των
2291 4515 2442 4587 παρά
2488 4516 2579 4569 τὸν
2609 4516 2869 4570 κτίσαντα
2894 4557 2908 4577 ,
2945 4516 3020 4580 ὡς
3061 4517 3153 4569 καὶ
3201 4519 3266 4588 τῇ
3296 4518 3581 4588 συμμαχία
3618 4518 3726 4570 τῶν

2157 4610 2276 4664 τότε
2319 4607 2581 4680 βασιλέων
2618 4607 2716 4678 τὴν
2749 4607 2964 4678 ἀπάτην
2993 4606 3392 4678 κρατύνεσθαι,
3423 4608 3517 4660 καὶ
3545 4609 3725 4671 πάσας

2159 4700 2256 4764 τὰς
2283 4697 2648 4770 ὑπερεχούσας
2683 4698 2857 4769 ἀρχὰς
2885 4697 2984 4765 τῆς
3014 4697 3267 4768 τοιαύτης
3313 4698 3724 4769 ὑπερμάχεσθαι

2161 4791 2337 4845 νόσου.
2383 4792 2495 4844 Καὶ
2541 4790 2756 4843 πάντων
2803 4789 2998 4861 μικροῦ
3027 4791 3135 4844 δεῖν
3167 4790 3466 4859 ἀνθρώπων
3498 4791 3635 4862 ﬁgo;
3667 4793 3725 4844 τὸ

2161 4881 2487 4954 ἐπικρατοῦν
2560 4879 2956 4950 μετατεθέντων
2985 4920 3000 4943 ,
3062 4881 3181 4934 τότε
3240 4880 3390 4952 παρά
3439 4880 3535 4934 τοῦ
3592 4881 3724 4934 Θεοῦ

2161 4973 2530 5027 ἀναδείκνυται
2559 4972 2587 5024 ό
2633 4970 2804 5041 μέγας
2837 4969 3147 5033 Βασίλειος,
3196 4969 3443 5040 καθάπερ
3493 4970 3586 5022 ἐπὶ
3633 4971 3725 5023 τοῦ

2176 5063 2378 5134 Ἀχαάϐ
2419 5065 2447 5114 ὁ
2492 5062 2709 5124 Ἠλίας·
2745 5062 2839 5114 καὶ
2889 5060 2988 5130 τῆς
3039 5061 3333 5131 ἱερωσύνης
3386 5062 3487 5131 ἤδη
3529 5061 3729 5132 τρόπον

2163 5159 2284 5212 τινὰ
2342 5155 2688 5218 πεπτωκυίας
2747 5151 3308 5221 ἀντιλαμϐανόμενος,
3360 5151 3547 5222 ὥσπερ
3609 5154 3729 5208 τινὰ

2163 5248 2352 5319 λύχνον
2383 5245 2726 5301 ἐκλελοιπότα
2774 5243 2865 5295 τὸν
2904 5243 3000 5311 τῆς
3038 5241 3270 5304 πίστεως
3317 5240 3470 5310 λόγον
3514 5240 3605 5293 διὰ
3632 5241 3729 5310 τῆς

2165 5339 2475 5408 ἐνοικούσης
2514 5335 2664 5406 αὐτῷ
2689 5334 2909 5405 χάριτος
2937 5331 3248 5400 ἀναλάμψαι
3269 5330 3428 5384 πάλιν
3453 5331 3729 5400 ἐποίησεν.

2167 5433 2276 5484 Kal.
2320 5427 2429 5483 οἷόν
2474 5445 2558 5492 τις
2605 5425 2806 5497 πυρσὸς
2854 5427 2965 5487 τοῖς
3021 5423 3235 5493 νύκτωρ
3269 5421 3734 5491 διαπλανωμένοις

2167 5521 2308 5573 κατά
2339 5521 2399 5573 τὸ
2428 5520 2657 5585 πέλαγος
2688 5516 3018 5585 ὑπερφανεὶς
3041 5513 3496 5583 τῆςἘκκλησίας,
3523 5515 3731 5575 πάντας

2168 5613 2303 5683 πρὸς
2345 5613 2443 5680 τὴν
2475 5609 2685 5662 εὐθεῖαν
2716 5608 2833 5662 ὁδὸν
2875 5608 3203 5678 ἐπέστρεψεν
3230 5645 3244 5666 .
3280 5606 3544 5674 ὑπάρχοις
3596 5621 3732 5672 συμ-

2169 5706 2496 5776 πλεκόμενος
2530 5746 2543 5769 ,
2597 5701 2987 5774 στρατηλάταις
3039 5700 3400 5771 συμμίσγων,
3457 5696 3731 5767 βασιλεῦσι
