3850 6442
216 325 326 383 797

1332 323 1401 379 ΙΝ
1448 323 1733 380 LAUDBM
1788 325 2093 382 FRATRIS
2132 327 2394 384 BASILII.

3372 335 3475 392 798

217 436 757 509 παρρησιαζόμενος,
787 436 874 490 ἐπ’
899 436 1215 507 ἐκκλησίαις
1238 436 1396 507 βοιῖιν,
1426 440 1553 504 τοὺς
1580 439 1799 511 πόῤῥω-

1903 446 2017 508 pto.
2053 446 2316 511 tanquam
2348 441 2650 506 lucernam,
2686 454 2810 511 quae
2853 438 3166 504 defecisset,
3202 440 3470 498 rationein

215 529 309 583 θεν
334 528 729 600 ἀφεστηκότας,
757 528 876 583 καθ’
902 529 1194 599 ὁμοιότητα
1224 528 1458 596 Παύλου,
1484 529 1552 583 δι’
1583 530 1793 583 ἐπιστο-

210 620 322 673 λῶν
351 620 761 692 προσαγόμενος
782 659 798 685 ,
826 620 1110 691 ἐκφεύγων
1134 616 1233 686 τὰς
1267 620 1376 675 τῶν
1410 622 1791 693 συμπλεκομέ-

210 730 320 766 νων
348 711 550 777 λαὸἀς,
586 713 684 765 οὐκ
709 711 847 783 ἔχων
874 712 1006 766 ὅπου
1041 712 1287 785 κρατηθῇ
1332 714 1483 785 παρά
1504 714 1613 767 τῶν
1639 714 1790 769 ἀντι-

207 801 419 855 πάλων.
450 801 731 872 Κρείττων
766 801 863 872 μὲν
901 801 1012 875 γάρ
1038 797 1108 873 ἦν
1138 802 1246 856 τῶν
1273 803 1651 874 δημευόντων,
1687 805 1789 858 αὑ-

207 892 305 957 τὸς
336 893 524 946 ἐαυτὸν
549 893 636 946 διὰ
672 895 773 964 τὴν
812 892 1001 948 ἐλπίδα
1037 894 1140 966 τῆς
1184 894 1460 965 βασιλείας
1489 895 1786 968 δημεύσας.

203 983 317 1036 Τοῦ
347 983 488 1037 κατά
528 983 629 1054 τὴν
672 983 887 1055 ἐξορίαν
931 985 1095 1055 φόϐου
1126 986 1440 1056 ἀπήλλακτο
1464 1026 1480 1049 ,
1527 987 1658 1057 μίαν
1685 1004 1790 1043 πα·-

202 1074 367 1145 τρίδα
396 1073 719 1146 ἀνθρώπων,
744 1075 837 1130 τὸν
865 1076 1193 1148 παράδεισον
1218 1074 1357 1132 εἶναι
1389 1078 1579 1147 λέγων,
1607 1080 1792 1134 πᾶσαν

202 1164 263 1218 δὲ
317 1166 418 1236 τὴν
458 1166 563 1235 γῆν
608 1167 686 1231 ώς
714 1168 903 1240 κοινὴν
937 1169 1037 1239 τῆς
1070 1168 1285 1239 φύσεως
1315 1169 1527 1242 ἐξορίαν
1554 1170 1784 1241 βλέπων.

216 1259 280 1312 Ὀ
315 1259 374 1313 δὲ
422 1259 543 1314 καθ’
577 1260 789 1333 ἡμέραν
842 1260 1204 1332 ἀποθνήσκων
1226 1301 1243 1325 ,
1279 1262 1374 1316 καὶ
1422 1262 1651 1317 πάντοτε
1697 1261 1790 1317 διά

205 1352 533 1423 νεκρώσεως
551 1350 694 1407 ἑκὼν
723 1353 1112 1426 δαπανώμενος
1130 1393 1145 1419 ,
1181 1356 1311 1409 πότε
1332 1356 1400 1411 ἂν
1429 1356 1667 1429 ἐφοϐήθη
1695 1357 1787 1410 τὸν

203 1444 440 1500 θάνατον
484 1445 577 1498 τὸν
605 1447 757 1517 παρά
783 1447 894 1500 τῶν
938 1447 1147 1519 ἐχθρῶν
1195 1446 1617 1518 ἀπειλούμενον;
1650 1441 1695 1517 ᾧ
1721 1466 1787 1517 γε

204 1554 275 1589 συ
285 1537 467 1609 μφορά
490 1534 560 1609 ἦν
590 1538 651 1591 τὸ
680 1537 754 1610 μὴ
792 1538 1049 1603 πολλάκις
1075 1538 1333 1593 δύνασθαι
1356 1540 1482 1604 τοὺς
1505 1540 1614 1594 τῶν
1643 1558 1787 1612 μαρ-

200 1631 390 1703 τύρων
436 1628 656 1698 ἀγῶνας
701 1630 842 1702 ὑπὲρ
870 1630 971 1703 τῆς
1009 1630 1265 1702 ἀληθείας
1296 1632 1668 1702 μιμήσασθαι,
1705 1634 1787 1685 ἐνὶ

1893 530 2017 587 ﬁdei
2051 547 2148 602 per
2167 533 2564 587 inhabitantem
2589 534 2646 587 in
2672 549 2732 589 se
2756 534 2987 603 gratiam
3016 533 3262 588 relucere
3290 533 3474 588 denuo

1892 620 2047 676 fecit.
2078 620 2143 675 Et
2171 637 2296 677 cum
2320 623 2485 678 veluti
2509 621 2594 676 fax
2625 630 2791 676 noctu
2816 620 3133 677 errantibus
3169 637 3264 691 per
3296 637 3468 682 mare.

1891 712 2151 771 Ecclesiae
2181 715 2326 770 bono
2364 713 2731 785 apparuisset,
2765 729 2957 769 omnes
2990 713 3059 767 ad
3091 721 3296 769 rectam
3325 715 3469 768 viam

1889 808 2183 871 convertit,
2212 820 2337 861 cum
2377 804 2651 877 praefectis
2694 812 2749 861 et
2790 805 3114 875 praesidibus
3147 803 3469 878 conﬂigens,

1889 912 2014 953 cum
2064 895 2389 952 ductoribus
2425 897 2707 966 copiarum
2736 895 3121 965 congrediens,
3174 896 3318 966 apud
3366 896 3469 949 im-

1889 1000 2172 1061 peratores
2205 989 2376 1044 libere
2424 989 2675 1059 loquens,
2718 987 2775 1041 in
2818 987 3180 1042 concionibus
3204 995 3260 1043 et
3291 986 3468 1042 eccle-

1888 1083 1989 1138 siis
2037 1083 2305 1146 clamans,
2357 1096 2476 1146 eos,
2540 1082 2635 1151 qui
2663 1080 2851 1150 procul
2899 1080 3174 1142 abessent,
3221 1080 3470 1148 exemplo

1887 1175 2045 1230 Pauli
2094 1189 2190 1245 per
2240 1174 2501 1243 epistolas
2565 1172 2869 1228 concilians
2920 1178 3088 1242 atque
3142 1171 3467 1242 adiungens,

1886 1265 2156 1336 ell‘ugiens
2209 1274 2264 1320 et
2313 1265 2526 1321 evitans
2586 1262 2997 1334 conﬂigentium
3053 1263 3465 1333 prehensiones,

1887 1372 2011 1413 cum
2049 1356 2186 1412 nihil
2219 1357 2276 1412 in
2313 1371 2375 1413 se
2405 1356 2649 1419 haberet,
2684 1371 2794 1425 quo
2828 1363 3107 1411 teneretur
3143 1362 3199 1409 et
3223 1356 3469 1413 vincere-

1886 1456 1980 1505 tur
2027 1448 2096 1504 ab
2133 1447 2490 1504 adversariis.
2525 1446 2742 1503 Fortior
2792 1445 2938 1501 enim
2983 1453 3037 1501 et
3087 1443 3293 1499 ﬁrmior
3327 1451 3467 1505 erat,

1886 1556 2052 1613 quam
2108 1551 2168 1595 ut
2216 1540 2286 1596 ab
2337 1541 2428 1605 iis,
2463 1540 2558 1611 qui
2588 1542 2727 1594 bona
2757 1540 2876 1608 ejus
2904 1538 3272 1609 publicarant,
3322 1536 3469 1590 vinci

1888 1649 1952 1688 ac
1985 1633 2165 1704 subigi
2193 1641 2401 1704 posset,
2444 1648 2570 1687 cum
2625 1632 2741 1703 ipse
2779 1647 2840 1688 se
2879 1631 3037 1686 bonis
3064 1639 3288 1701 propter
3314 1645 3467 1700 spem

202 1721 427 1792 θανάτῳ
473 1719 883 1792 ὑπεζευγμένης
932 1725 1031 1793 τῆς
1081 1720 1334 1791 φύσεως·
1390 1724 1447 1788 ὃς
1481 1742 1629 1793 ποτε,
1680 1725 1788 1779 τῶν

1903 1726 2059 1781 futuri
2112 1727 2264 1798 regni
2298 1727 2638 1781 mulctasset.
2667 1725 2751 1780 Ab
2778 1725 2955 1781 exsilii
2988 1733 3133 1779 metu
3158 1723 3295 1779 liber
3329 1730 3468 1784 erat,

201 1815 471 1887 ὑπάρχων
502 1814 610 1867 τινὶ
633 1814 692 1867 τὸ
718 1808 872 1886 ἦπαρ
898 1814 1124 1879 ἐξοίσειν
1146 1816 1308 1870 αὐτοῦ
1330 1816 1438 1871 τῶν
1471 1816 1789 1889 σπλάγχνων

201 1905 673 1977 καταπληκτικῶς
699 1905 1052 1977 ἀπειλήσαντι
1075 1948 1091 1973 ,
1146 1907 1461 1978 μειδιάματι
1491 1909 1589 1981 τὴν
1625 1910 1785 1963 ἀπαί-

201 2000 399 2055 δευτον
422 1999 650 2070 ἀπειλὴν
680 1993 1101 2071 καταχλευάζων
1150 2001 1321 2074 φησί’
1361 2002 1534 2073 Χάριν
1572 2004 1790 2075 είσομαί

204 2110 295 2146 σοι
339 2092 437 2163 τῆς
488 2092 876 2163 προαιρέσεως.
921 2093 1033 2146 Καὶ
1064 2092 1173 2164 γάρ
1215 2094 1276 2146 οὐ
1311 2096 1543 2167 μετρίως
1575 2096 1700 2168 ἀνιᾷ
1730 2098 1790 2151 τὸ

201 2178 365 2255 ἧπαρ
437 2185 549 2245 τοῖς
599 2183 925 2253 σπλάγχνοις
978 2184 1310 2254 ἐγκείμενον.
1371 2186 1646 2242 Ἐκϐαλὼν
1697 2185 1789 2243 οὖν

206 2276 367 2341 αὐτὸ,
396 2274 580 2339 καθὼς
605 2274 906 2345 ἠπείλησας
928 2315 944 2341 ,
972 2276 1065 2329 τοῦ
1093 2276 1385 2342 λυποῦντος
1410 2278 1789 2353 ἐλευθερώσεις

205 2368 275 2420 τὸ
308 2368 491 2439 σῶμα.

208 2447 396 2509 tyrum
450 2453 547 2509 pro
594 2445 822 2494 veritate
872 2439 1173 2493 certamina
1228 2439 1454 2506 imitari,
1503 2456 1630 2497 cum
1686 2445 1781 2500 uni
1820 2452 1983 2505 morti
2030 2452 2297 2508 duntaxat
2347 2464 2542 2508 natura
2583 2453 2823 2508 obnoxia
2867 2452 2939 2507 sit

1892 1820 2037 1891 quod
2072 1834 2235 1874 unam
2268 1818 2498 1889 patriam
2530 1816 2809 1871 hominum
2850 1824 3100 1872 censeret
3144 1829 3268 1870 esse
3312 1826 3472 1884 para-

1894 1909 2072 1963 disum
2095 1948 2111 1971 ,
2149 1914 2315 1979 atque
2347 1922 2562 1962 omnem
2596 1915 2795 1963 terram
2841 1907 2996 1976 quasi
3053 1919 3343 1959 commune
3375 1916 3472 1956 na-

1895 2006 2031 2053 turae
2055 1996 2307 2052 exsilium
2338 2004 2632 2067 spectaret.
2669 1995 2772 2063 Qui
2801 2004 2983 2051 autem
3015 1993 3261 2065 quotidie
3291 2008 3472 2047 more-

1892 2098 2067 2151 retur,
2103 2103 2167 2142 ac
2194 2103 2289 2158 per
2323 2088 2797 2157 mortiﬁcationem
2830 2102 3049 2157 semper
3081 2087 3277 2141 lubens
3306 2085 3473 2141 absu-

1895 2189 2155 2244 meretur,
2209 2179 2429 2251 quando
2485 2180 2703 2235 tandem
2755 2187 3008 2243 mortem,
3044 2193 3207 2248 quam
3262 2177 3470 2232 inimici

1894 2271 2265 2335 minabantur,
2298 2279 2541 2326 metuere
2566 2269 2873 2340 potuisset?
2902 2269 2992 2323 cui
3034 2268 3255 2339 quidem
3289 2268 3471 2323 clades

1897 2373 2062 2433 atque
2096 2364 2382 2418 calamitas
2414 2372 2552 2429 erat,
2608 2362 2751 2432 quod
2781 2377 2890 2416 non
2931 2376 3074 2431 saepe
3109 2369 3295 2432 posset
3327 2374 3474 2413 mar-

2990 2468 3003 2503 :
3062 2453 3155 2522 qui
3214 2451 3472 2523 praelecto

208 2529 435 2583 cumam
496 2528 790 2599 διίίιιιθηάο
849 2544 909 2585 se
958 2530 1117 2600 ίθευτ
1179 2530 1299 2600 eius
1381 2531 1450 2587 de
1515 2534 1822 2595 visceribus
1886 2552 2204 2616 erepturum
2251 2545 2491 2600 terrendi
2542 2560 2709 2600 causa
2756 2544 2983 2598 minanti
3016 2542 3351 2600 subridendo
3382 2542 3468 2595 in-

210 2624 403 2679 sulsas
449 2630 613 2690 atque
667 2632 952 2693 protervas
1007 2623 1184 2678 minas
1228 2623 1484 2679 diludens
1520 2666 1536 2690 ,
1584 2626 1825 2685 Gratiam
1861 2634 1981 2700 tibi,
2011 2635 2210 2705 inquit,
2232 2634 2397 2705 hujus
2418 2636 2713 2692 voluntatis
2738 2642 2900 2705 atque
2942 2635 3207 2705 propositi
3248 2634 3469 2688 nomine

209 2716 453 2771 habebo.
505 2715 716 2772 Etenim
774 2716 921 2771 haud
971 2717 1321 2773 mediocriter
1364 2720 1654 2775 molestum
1710 2732 1794 2780 est
1824 2724 1982 2795 jecur
2008 2728 2311 2785 visceribus
2335 2729 2679 2785 incumbens.
2710 2728 2767 2783 Si
2799 2727 3026 2798 ejeceris
3092 2742 3221 2797 ergo
3307 2727 3462 2792 illud,

212 2818 277 2864 ut
320 2808 572 2874 minaris,
629 2825 689 2864 re
722 2809 948 2863 molesta
1000 2817 1164 2879 atque
1207 2810 1397 2866 odiosa
1423 2827 1625 2883 corpus
1654 2815 1996 2875 liberaveris.

286 2906 354 2958 Τί
378 2903 555 2958 τοίνυν
583 2902 749 2958 αὐτοῦ
769 2902 833 2956 τὸ
864 2902 983 2975 μεθ’
1005 2903 1223 2973 ἐτέρους
1245 2905 1434 2973 ἁγίους
1463 2907 1796 2980 ἐπιδημῆσαι

1972 2913 2113 2979 Quid
2146 2913 2313 2984 igitur
2346 2912 2566 2968 illiusin
2586 2911 2753 2968 rebus
2779 2911 2983 2968 divinis
3006 2910 3354 2983 splendorem
3386 2919 3473 2965 at-

207 2997 294 3068 τῷ
335 2995 436 3067 βίῳ
483 2992 913 3065 κατασμικρύνει
959 2993 1059 3063 τὴν
1098 2993 1239 3047 κατὰ
1266 2994 1399 3069 Θεὸν
1424 2996 1794 3069 εὐδοκίμησιν,

1903 3020 2007 3075 que
2045 3004 2431 3059 claritudinem
2467 3002 2745 3057 imminuit
2771 3042 2786 3067 ,
2818 3002 2965 3073 quod
3000 3011 3124 3073 post
3167 3000 3309 3056 alios
3341 3016 3475 3057 san-

208 3088 293 3149 ῶς
329 3086 416 3140 διὰ
444 3081 602 3138 τοῦτο
631 3085 739 3138 τῶν
767 3087 859 3138 ἐπὶ
888 3090 1000 3152 τοῖς
1032 3089 1206 3157 ἁγίοις
1235 3091 1436 3161 ἑορτῶν
1479 3092 1686 3148 ἐλάττω
1711 3095 1797 3148 δο⁴

210 3179 335 3231 κεῖν
361 3170 501 3229 εἶναι
531 3176 630 3243 τὴν
656 3177 750 3229 ἐπὶ
787 3177 963 3249 τούτῳ
989 3181 1324 3251 πανήγυριν;
1356 3183 1637 3254 Σκόπησον
1661 3185 1794 3257 γὰρ,

211 3267 265 3320 εί
303 3266 472 3329 δοκεῖ,
506 3265 641 3336 πρὸς
677 3265 774 3320 ἕνα
804 3269 926 3322 τινὰ
947 3269 1055 3322 τῶν
1085 3272 1463 3340 προλαόόντων
1504 3273 1673 3343 ἁγίων
1705 3277 1799 3331 τὸν

210 3359 413 3412 τούτου
442 3359 554 3428 βίον
579 3358 964 3425 ἀντεξετάζων.
1007 3362 1292 3433 Ἦγάπησε
1324 3364 1415 3417 τὸν
1438 3366 1571 3419 Θεὸν
1599 3370 1627 3421 ό
1654 3368 1800 3421 Παῦ-

212 3454 332 3515 λος·
360 3451 516 3505 τοῦτο
544 3451 653 3523 γὰρ
688 3451 753 3524 δὴ
779 3452 889 3507 τῶν
915 3454 1135 3523 ἀγαθῶν
1159 3456 1219 3508 τὸ
1247 3458 1539 3525 κεφάλαιον
1563 3498 1577 3522 ,
1604 3459 1668 3513 τὸ
1701 3460 1800 3529 τῆς

211 3544 445 3613 ἀγάπης
492 3543 634 3610 λέγω
663 3562 675 3574 ·
741 3544 834 3612 ἀφ’
888 3538 956 3616 ἦς
1014 3547 1162 3599 πᾶσα
1226 3548 1449 3613 πίστις,
1506 3550 1597 3603 καὶ
1648 3551 1801 3615 ἐλπὶς

214 3639 396 3699 πᾶσα,
430 3637 524 3690 καὶ
568 3636 627 3689 τὸ
655 3635 714 3701 ἐξ
738 3636 1018 3707 ὑπομονῆς
1043 3640 1509 3711 προσδοκώμενον,
1545 3644 1636 3696 καὶ
1665 3643 1724 3697 τὸ
1744 3644 1801 3696 ἐν

216 3726 387 3779 σι’-,ειῑντ)⁸
416 3725 567 3796 καλῷ
587 3727 977 3797 ἀμετάπτωτον
1002 3768 1016 3790 ,
1040 3730 1133 3782 κα)⁸
1161 3730 1220 3784 τὸ
1249 3732 1386 3801 μετά
1414 3733 1613 3796 παντὸς
1642 3751 1797 3787 πνευ-

221 3816 459 3888 ματικοῦ
502 3819 839 3888 χαρίσματος
877 3819 938 3873 τὸ
967 3820 1129 3875 πλέον
1158 3821 1323 3892 ἔχειν.
1374 3824 1510 3876 Ἀλλ’
1539 3822 1803 3888 ἐξετάσω-

222 3928 330 3981 μεν
359 3911 525 3964 πόσον
561 3906 628 3978 ἦν
661 3911 719 3964 ἐν
768 3912 964 3983 Παύλῳ
1010 3913 1111 3983 τῆς
1158 3915 1294 3985 πρὸς
1323 3915 1455 3968 Θεὸν
1496 3916 1715 3986 ἀγάπης
1744 3917 1803 3970 τὸ

225 4002 448 4072 μέτρον.
489 4000 664 4071 Ἐρεῖς
694 4000 934 4064 πάντως.
967 4003 1050 4056 ὅτι
1104 4002 1164 4068 ἐξ
1193 4004 1320 4074 ὅλης
1354 4004 1581 4075 καρδίας
1624 4007 1717 4059 καὶ
1745 4007 1804 4072 ἐξ

222 4095 358 4163 ὅλης
380 4094 559 4164 ψυχῆς
581 4135 595 4159 ,
618 4096 711 4151 καὶ
736 4097 797 4161 ἐξ
820 4095 948 4167 ὅλης
973 4096 1071 4165 τῆς
1097 4096 1332 4157 διανοίας
1361 4098 1524 4151 αὐτοῦ
1551 4096 1807 4167 ἠγάπησε

222 4185 381 4238 Θεὸν.
413 4185 613 4241 Τοῦτον
670 4186 779 4257 γάρ
834 4186 999 4239 ἔδωκε
1053 4187 1143 4239 τὸν
1194 4187 1490 4257 ἀκρότατον
1533 4191 1633 4258 τῆς
1671 4187 1807 4257 πρὸς

224 4270 365 4332 Θεόν
395 4279 615 4349 ἀγάπης
645 4280 770 4350 ὅρον
818 4280 846 4333 ὁ
877 4279 1059 4348 νόμος.
1092 4278 1299 4331 Οὐκοῦν
1326 4280 1355 4331 ὁ
1406 4281 1584 4333 πᾶσαν
1613 4278 1806 4331 ἑαυτοῦ

1898 3103 2019 3149 etos
2052 3094 2108 3148 in
2151 3094 2263 3147 vita
2312 3091 2453 3147 fuit?
2485 3100 2545 3146 ut
2574 3091 2783 3147 idcirco
2816 3091 3113 3147 celebritas
3142 3096 3305 3160 atque
3338 3105 3472 3145 con-

1902 3196 2133 3251 ventus,
2168 3185 2260 3255 qui
2302 3184 2451 3239 illius
2486 3183 2711 3239 nomine
2733 3183 2951 3253 agitur,
2987 3182 3171 3237 minor
3210 3181 3476 3237 habeatur

1902 3277 2055 3334 feriis
2079 3317 2095 3342 ,
2138 3293 2257 3348 ηοω
2288 3285 2607 3333 sanctorum
2636 3275 2870 3331 aliorum
2900 3274 3133 3332 honoris
3171 3281 3337 3345 atque
3360 3289 3476 3329 inc-

1902 3372 2088 3426 morire
2117 3372 2290 3441 gratia
2320 3370 2715 3426 celebrantur?
2744 3368 3048 3425 Considera
3076 3368 3223 3423 enim
3245 3406 3261 3432 ,
3317 3367 3365 3423 si
3394 3365 3476 3419 vi.

1901 3460 2061 3516 detur
2087 3502 2101 3526 ,
2138 3470 2302 3531 atque
2345 3459 2624 3531 perpende
2652 3474 2799 3521 rem,
2851 3474 2977 3515 cum
3017 3473 3128 3514 uno
3161 3456 3350 3528 aliquo
3381 3472 3479 3511 su-

1904 3554 2138 3622 perioris
2190 3554 2368 3608 :etatis
2428 3560 2625 3608 sancto
2682 3550 2850 3621 hujus
2908 3553 3075 3606 vitam
3126 3564 3473 3621 comparans.

1904 3642 2103 3697 Dilexit
2132 3642 2302 3697 Deum
2363 3641 2592 3698 Paulus.
2646 3640 2704 3697 ld
2743 3642 2888 3696 enim
2918 3640 3178 3696 nimirum
3205 3641 3477 3711 bonorum

1903 3743 2068 3804 caput
2101 3741 2185 3789 est
2217 3752 2230 3788 :
2268 3734 2621 3801 dilectionis,
2678 3734 2942 3802 inquam,
2993 3733 3199 3788 bonum
3234 3751 3249 3787 :
3303 3747 3331 3785 a
3371 3745 3479 3801 qua

1906 3826 2197 3881 dilectione
2230 3825 2607 3895 proﬁciscitur
2635 3831 2815 3881 omnis
2843 3824 2979 3880 ﬁdes
3009 3832 3064 3879 et
3096 3824 3278 3879 omnis
3316 3837 3477 3893 spes,

1904 3927 1960 3975 et
2005 3918 2058 3972 id
2089 3918 2233 3988 quod
2265 3933 2360 3988 per
2385 3917 2707 3988 patientiam
2744 3924 3099 3987 exspectatur
3128 3916 3331 3970 bonum
3354 3955 3370 3981 ,
3423 3924 3481 3970 et

1907 4014 1963 4067 in
2020 4012 2168 4067 omni
2206 4013 2351 4067 bono
2383 4012 2657 4067 stabilitas
2700 4018 2865 4079 atque
2913 4009 3265 4073 constantia,
3315 4015 3371 4062 et
3422 4007 3478 4063 in

1906 4103 2051 4157 omni
2084 4102 2352 4173 spirituali
2388 4100 2535 4155 dono
2558 4101 2907 4156 commodum
2940 4109 3102 4168 atque
3140 4097 3475 4168 praestantia.

1910 4193 2016 4248 Sed
2045 4202 2360 4249 scrutemur
2382 4232 2397 4255 ,
2447 4201 2688 4263 quantus
2729 4192 2785 4247 in
2811 4190 2979 4246 Paulo
3004 4190 3317 4246 dilectionis
3349 4204 3479 4259 erga

1910 4285 2081 4340 Deum
2116 4283 2334 4338 modus.
2376 4283 2535 4339 Dices
2559 4284 2821 4346 omnino,
2857 4282 3001 4354 quod
3032 4288 3107 4337 cx‘
3132 4292 3246 4337 toto
3281 4280 3479 4345 corde,

225 4372 330 4442 τὴν
360 4371 589 4442 καρδίαν
618 4389 678 4424 τε
720 4372 813 4425 καὶ
842 4371 941 4443 τὴν
968 4370 1143 4441 ψυχὴν
1170 4373 1261 4424 καὶ
1289 4371 1385 4442 τὴν
1412 4372 1648 4425 διάνοιαν
1673 4373 1799 4425 ἀνα-

1909 4386 1967 4432 et
1993 4392 2055 4432 ex
2111 4384 2224 4429 tota
2252 4376 2435 4431 anima
2461 4415 2475 4438 ,
2511 4384 2566 4431 et
2594 4392 2660 4431 ex
2713 4382 2827 4430 tota
2862 4381 3044 4430 mente
3099 4388 3198 4430 sua
3232 4373 3484 4442 diligeret

229 4465 347 4526 θεὶς
378 4464 455 4534 τῷ
497 4464 643 4535 Θεῷ,
690 4464 953 4535 καὶπρὸς
1002 4465 1128 4518 ἄλλο
1173 4466 1339 4535 μηδὲν
1389 4465 1498 4518 τῶν
1531 4463 1671 4517 κατὰ
1717 4463 1808 4515 τὸν

232 4557 350 4627 βίον
374 4556 562 4609 τοῦτον
608 4556 1054 4626 σπουδαζομένων
1096 4556 1407 4627 ἐπιρρεπῶς
1448 4555 1806 4625 διακείμενος,

229 4650 291 4701 ἐν
321 4646 399 4717 τῷ
426 4646 711 4717 ἀκροτάτῳ
745 4647 951 4715 γίνεται
977 4647 1077 4717 τῆς
1106 4646 1326 4717 ἀγάπης
1351 4646 1481 4717 ὅρῳ.
1508 4646 1569 4697 Ei
1593 4644 1691 4715 μὲν
1717 4640 1809 4697 οὖν

230 4741 350 4810 ἔχει
374 4757 459 4803 τις
498 4739 666 4806 δεῖξαι
694 4740 785 4793 τὸν
815 4739 909 4792 τοῦ
945 4739 1265 4793 διδασκάλου
1306 4738 1418 4809 βίον
1456 4738 1584 4809 περί
1610 4755 1663 4791 τι
1702 4738 1809 4791 τῶν

232 4832 379 4887 κατά
421 4832 512 4885 τὸν
541 4832 743 4903 κόσμον
772 4832 960 4887 τοῦτον
1007 4831 1453 4903 σπουδαζομένων
1491 4832 1681 4902 ἔχοντα
1714 4830 1811 4900 τὴν

235 4926 447 4997 ῥοπὴν,
480 4919 591 4978 οἷον
642 4925 768 4997 περὶ
801 4925 1059 4991 πλοῦτον,
1113 4925 1145 4995 ἢ
1179 4924 1493 4980 δυναστείαν
1522 4965 1537 4989 ,
1570 4924 1603 4994 ἦ
1651 4923 1812 4993 κενῆς

234 5016 398 5085 δόξης
451 5016 745 5086 ἐπιθυμίαν
784 5016 913 5086 (τὰς
940 5016 1047 5086 γὰρ
1099 5014 1672 5086 ἀνδραποδωδεστέρας
1724 5014 1811 5066 ἐπ’

179 5090 194 5115 ³
234 5104 390 5173 αὐτῷ
417 5104 525 5157 τῶν
555 5104 775 5174 ἡδονῶν,
801 5105 923 5158 οὐδὲ
948 5104 1126 5173 λέγειν
1146 5105 1293 5172 ἀξιον
1314 5105 1459 5167 εἰκός
1488 5102 1678 5173 ἐστιν).
1708 5105 1736 5157 ὃ
1763 5120 1813 5155 τι

234 5199 307 5252 ἂν
347 5197 551 5250 τούτων
606 5196 800 5267 εὑρεθῇ
835 5195 1264 5267 σπουδαζόμενον
1288 5239 1303 5260 ,
1352 5194 1701 5249 ἐλαττοῦσθαι
1728 5195 1815 5248 λέ·-

234 5307 359 5358 γειν
387 5288 468 5341 δεῖ
512 5289 630 5341 κατ’
659 5290 834 5342 ἐκεῖνο
879 5290 979 5359 τῆς
1027 5288 1163 5358 πρὸς
1199 5288 1290 5340 τὸν
1327 5288 1459 5340 Θεὸν
1508 5288 1727 5355 ἀγάπης
1755 5284 1815 5337 τὸ

242 5381 447 5451 μέτρον
471 5421 486 5446 ,
515 5381 612 5451 τῆς
639 5380 1037 5451 ἐπιθυμητικῆς
1069 5379 1231 5433 αὑτοῦ
1267 5380 1557 5443 διαθέσεως
1591 5380 1697 5433 ἀπὸ
1721 5380 1813 5432 τοῦ

238 5470 381 5523 Θεοῦ
427 5470 563 5541 πρὸς
602 5469 671 5523 τὰ
718 5470 890 5541 ὑλώδη
928 5470 1343 5540 μεταρῤυείσης.
1381 5471 1442 5523 Εἰ
1494 5469 1551 5522 δὲ
1600 5471 1816 5523 πάντων

239 5567 450 5620 τούτων
471 5569 565 5618 καί⁸
590 5563 696 5616 τῶν
724 5564 978 5617 τοιούτων
1006 5563 1195 5633 ἐχθρός
1227 5580 1309 5625 τις
1340 5559 1406 5632 ἦν
1429 5563 1519 5615 καλ⁸
1539 5562 1815 5633 πολέμιος,

243 5659 513 5728 πρότερον
555 5656 651 5727 μὲν
681 5655 773 5709 τοῦ
802 5655 930 5709 ἰδίου
962 5654 1075 5723 βίου
1099 5656 1277 5708 πᾶσαν
1312 5652 1567 5725 ἐξορίζων
1595 5654 1694 5724 τὴν
1728 5657 1820 5724 ἐμ-

1915 4467 2104 4523 Deum.
2138 4466 2295 4523 llune
2323 4468 2470 4522 enim
2517 4482 2793 4522 summum
2850 4465 3166 4521 dilectionis
3218 4463 3483 4519 adversus

1909 4560 2077 4615 Deum
2108 4559 2402 4615 terminum
2434 4558 2527 4613 dat
2563 4559 2668 4613 lex.
2703 4558 2843 4630 Ergo
2882 4559 2975 4629 qui
3002 4574 3164 4613 omne
3190 4572 3289 4613 cor
3318 4573 3482 4614 suum

1910 4663 1964 4708 et
2005 4650 2240 4705 animam
2274 4660 2328 4706 et
2357 4660 2593 4706 mentem
2630 4650 2737 4707 Deo
2783 4651 3012 4715 dicavit,
3058 4658 3112 4706 et
3145 4650 3213 4705 ad
3276 4650 3484 4704 nullam

1911 4759 2027 4800 rem
2060 4744 2221 4797 aliam
2252 4758 2442 4799 earum
2476 4759 2596 4815 qua:
2622 4759 2719 4814 per
2753 4744 2895 4798 hanc
2922 4744 3091 4797 vitam
3121 4752 3481 4812 expetuntur,

1914 4834 2143 4889 allectus
2188 4842 2353 4903 atque
2402 4850 2711 4905 propensus
2770 4824 2899 4899 est,
2948 4834 3002 4888 in
3051 4848 3311 4904 supremo
3346 4832 3486 4888 dile-

1913 4927 2112 4980 etionis
2144 4926 2315 4996 gradu
2350 4928 2623 4982 consistit.
2668 4926 2961 4982 Enimvero
3001 4927 3047 4982 si
3096 4931 3221 4996 quis
3257 4925 3487 4979 demon-

1916 5028 2095 5073 suare
2144 5026 2365 5087 potest,
2425 5018 2570 5087 quod
2633 5028 2939 5088 praeceptor
2981 5018 3213 5087 (noster)
3264 5017 3320 5070 in
3375 5017 3487 5070 vita

1917 5110 1981 5162 ad
2026 5124 2138 5163 rem
2191 5109 2432 5178 aliquam
2465 5125 2655 5164 earum
2697 5127 2819 5180 quae
2863 5126 2959 5180 per
3021 5111 3166 5164 hunc
3223 5108 3486 5163 mundum

1915 5206 2277 5268 expetuntur,
2328 5215 2630 5269 propensus
2673 5208 2728 5255 et
2757 5201 3057 5256 inclinatus
3105 5207 3290 5263 esset,
3325 5208 3386 5251 ut
3420 5197 3489 5252 ad

1917 5290 2136 5344 divitias
2190 5297 2245 5343 et
2278 5292 2615 5360 potentiam,
2662 5301 2758 5345 aut
2800 5306 2956 5346 vana:
3005 5290 3195 5360 gloria:
3241 5288 3488 5343 studium

1921 5382 2118 5453 (magis
2157 5383 2301 5435 extim
2340 5383 2573 5439 serviles
2606 5383 2661 5438 in
2713 5399 2780 5441 eo
2808 5384 3118 5453 voluptates
3150 5397 3219 5436 ne
3247 5396 3492 5435 comme-

1919 5488 2137 5528 morare
2167 5473 2386 5543 quidem
2433 5492 2651 5545 aequum
2686 5491 2832 5538 esse,
2882 5481 3317 5529 consentaneum
3358 5476 3489 5537 est),

1920 5579 2309 5634 quamcunque
2343 5566 2535 5621 harum
2579 5582 2762 5620 rerum
2791 5566 3068 5635 expetisse
3116 5562 3490 5634 deprehende-

1922 5666 2047 5722 tur,
2080 5674 2143 5712 ea
2178 5658 2361 5714 dicere
2402 5675 2459 5714 re
2491 5659 2749 5712 convenit
2790 5656 3035 5710 imminui
3082 5654 3303 5711 modum
3358 5670 3488 5723 erga

244 5750 398 5820 παθῆ
430 5751 553 5822 περὶ
582 5749 756 5804 ταῦτα
783 5749 1048 5812 διάθεσιν,
1083 5747 1270 5801 ἔπειτα
1300 5748 1355 5801 δὲ
1388 5748 1478 5800 καὶ
1510 5748 1608 5817 τὴν
1642 5746 1799 5817 κοινηη

1932 5749 2099 5803 Deum
2140 5750 2450 5805 dilectionis
2475 5786 2489 5813 ,
2526 5748 2670 5818 quod
2707 5748 2825 5814 ejus
2855 5747 3069 5803 all‘ectio
3115 5744 3433 5816 cupiditatis
3456 5759 3488 5797 a
