3850 6414
443 285 548 346 799

1687 293 1746 349 S.
1769 291 2097 351 GREGORII
2128 295 2422 354 NYSSENI

3575 299 3681 357 800

441 397 557 451 Deo
600 395 668 453 ad
702 411 793 454 res
816 396 1132 454 materiales
1163 397 1416 454 traducta
1460 408 1631 457 esset.
1667 402 1765 458 Sin
1821 413 2002 461 autem

2117 407 2262 480 ζωὴν
2314 407 2660 482 ἐκκαθαίρων
2707 409 2784 482 τῷ
2830 428 2890 464 τε
2921 411 3226 484 ’διδακτικῷ
3263 411 3406 482 λόγῳ
3466 411 3560 466 καὶ
3602 412 3679 484 τῷ

441 488 637 544 harum
670 497 722 544 et
753 488 1026 559 ejusmodi
1056 503 1238 545 rerum
1269 491 1529 548 inimicus
1561 501 1618 546 et
1649 493 1827 548 hostis
1849 505 2008 564 erat,

440 581 588 650 quod
622 581 777 651 prius
802 579 1027 650 quidem
1064 595 1095 637 e
1134 581 1244 634 vita
1275 595 1376 635 sua
1411 596 1628 637 omnem
1673 584 1930 638 vitiosum
1957 596 2013 640 et

440 671 659 726 mollem
715 671 863 726 circa
903 671 1006 727 has
1062 687 1152 727 res
1189 671 1442 728 adlectum
1493 674 1716 743 ejiceret
1746 715 1762 739 ,
1815 675 2013 732 deinde

440 772 784 818 communem
809 779 1029 835 quoque
1055 765 1222 819 vitam
1244 805 1259 828 ,
1294 772 1414 820 tum
1434 780 1687 822 sermone
1716 767 2007 835 doctrinm,

396 892 404 899 -
441 864 554 908 tum
579 871 679 910 suo
703 857 952 926 exemplo
982 867 1350 928 expurgaret:
1389 859 1740 929 perspicuum
1795 859 1966 916 fuerit
1989 900 2006 926 ,

439 945 584 1014 quod
617 945 770 1000 illum
800 962 928 1018 erga
968 947 1137 1004 Deum
1159 947 1474 1004 dilectionis
1528 951 1750 1005 modum
1782 951 1835 1006 in
1887 967 2011 1008 sese

441 1036 705 1102 habebat,
739 1053 851 1109 quo
903 1041 1139 1110 amplius
1197 1050 1393 1096 natura
1455 1054 1562 1097 non
1599 1043 1870 1113 capiebat.
1904 1044 2008 1111 Qui

438 1127 585 1182 enim
647 1144 714 1184 ex
774 1138 894 1184 toto
947 1133 1153 1197 corde,
1195 1141 1250 1187 et
1307 1150 1374 1188 ex
1435 1142 1548 1189 tota
1607 1136 1789 1189 anima
1845 1145 2010 1205 atque

439 1225 621 1275 mente
650 1219 820 1276 Deum
857 1222 1071 1294 diligit,
1114 1225 1208 1294 qui
1246 1225 1422 1295 possit
1463 1225 1530 1279 ad
1578 1226 1844 1296 majorem
1873 1227 2008 1281 dile-

439 1309 640 1368 ctionis
669 1315 914 1379 modum,
944 1316 1037 1385 qui
1075 1317 1254 1371 locum
1281 1333 1389 1372 non
1420 1317 1642 1382 habeat,
1669 1320 2006 1374 contendere

440 1411 611 1472 atque
634 1404 815 1459 eniti?
842 1405 1078 1462 Proinde
1109 1408 1153 1462 si
1187 1423 1357 1463 unum
1407 1407 1667 1480 perfectae
1719 1409 2005 1465 eharitatis

439 1504 603 1565 atque
624 1496 934 1553 dilectionis
962 1499 1257 1555 terminum
1286 1515 1413 1556 esse
1441 1501 1737 1557 didicimus
1764 1540 1780 1566 ,
1810 1515 2007 1571 nempe

437 1601 562 1639 eunt
584 1625 599 1651 ,
631 1587 725 1657 qui
771 1604 837 1642 ex
876 1597 994 1644 toto
1027 1590 1190 1646 corde
1225 1591 1334 1647 Deo
1365 1591 1581 1648 dicatus
1613 1599 1669 1646 et
1713 1603 2008 1648 consecra-

2114 499 2235 550 καθ’
2265 499 2458 552 ἑαυτὸν
2499 500 2885 571 ὑποδείγματι·
2917 501 3075 571 δῆλον
3123 502 3190 554 ἂν
3239 503 3321 574 εἴη
3345 544 3360 566 ,
3383 503 3462 555 ὅτι
3510 504 3680 555 ἐκεῖνο

2112 589 2210 660 τῆς
2235 589 2369 660 πρὸς
2391 590 2484 645 τὸν
2511 593 2642 646 Θεὸν
2668 594 2887 665 ἀγάπης
2915 594 2975 648 τὸ
3007 594 3203 666 μέτρον
3229 591 3372 665 εἶχεν
3403 596 3464 646 ἐν
3485 594 3677 664 ἐαυτῷ,

2111 675 2172 734 οὗ
2191 680 2254 734 τὸ
2281 680 2440 737 πλέον
2465 683 2564 736 οὐκ
2595 683 2790 755 ἐχώρει
2821 686 2856 755 ἡ
2880 684 3061 754 φύσις.
3089 685 3150 738 '0
3179 685 3288 756 γάρ
3317 685 3376 750 ἐξ
3399 686 3528 756 ὅλης
3555 703 3678 757 καρ-

2109 769 2228 834 δίας
2265 789 2328 826 τε
2365 774 2458 827 καὶ
2504 774 2681 845 ψυχῆς
2719 775 2814 828 καὶ
2844 774 3077 838 διανοίας
3116 776 3207 830 τὸν
3251 775 3383 829 Θεὸν
3431 775 3674 844 ἀγαπῶν,

2111 861 2231 926 πῶς
2262 862 2328 918 ἀν
2356 864 2668 939 ὑπερτιθειη
2702 867 2838 935 πρὸς
2877 867 2937 920 τὸ
2981 868 3141 921 πλέον
3191 868 3290 938 τῆς
3321 867 3542 939 ἀγάπης
3583 867 3676 939 μί-

2108 965 2255 1019 τρον,
2289 951 2318 1005 ὃ
2347 951 2526 1023 χώραν
2552 953 2652 1007 οὐκ
2683 955 2796 1025 ἔχει
2824 971 2838 1018 ;
2873 955 3081 1009 Οὐκοῦν
3123 956 3172 1008 εί
3205 957 3298 1009 ἕνα
3342 957 3442 1026 τῆς
3473 957 3680 1020 τελείας

2109 1039 2328 1110 ἀγάπης
2352 1042 2476 1113 ὅρον
2503 1041 2798 1113 ἐμάθομεν,
2829 1042 2922 1095 τὸν
2969 1042 3029 1107 ἐξ
3056 1043 3185 1113 ὅλης
3218 1043 3444 1114 καρδίας
3471 1042 3679 1114 τῷθεῷ

2109 1130 2499 1202 ἀνακείμενον,
2541 1133 2772 1203 ἠγάπων
2808 1133 2865 1187 δὲ
2902 1133 3116 1197 Παῦλος
3171 1133 3262 1186 καὶ
3303 1133 3582 1198 Βασίλειος
3621 1135 3680 1186 ἐν

2109 1220 2204 1291 ὅλῃ
2235 1221 2427 1293 καρδίᾳ
2448 1222 2526 1294 τῷ
2549 1223 2672 1294 Θεῷ
2697 1223 3042 1295 ἀνακείμενοι
3066 1266 3082 1289 ,
3112 1224 3170 1278 ἐν
3196 1224 3392 1294 μέτρον
3420 1219 3558 1277 εἶναι
3582 1224 3678 1295 τῆς

2108 1309 2330 1382 ἀγάπης
2360 1311 2419 1364 ἐν
2453 1312 2782 1384 ἀμφοτέροις
2811 1316 2986 1368 εἰπεῖν
3014 1331 3099 1378 τις
3143 1314 3418 1384 τολμήσας
3443 1354 3459 1376 ,
3490 1315 3588 1366 οὐκ
3613 1316 3682 1366 ἂν

2109 1401 2344 1472 ἁμάρτοι
2380 1403 2481 1474 τῆς
2502 1403 2780 1474 ἀληθείας.
2829 1403 2988 1457 Ἀλλά
3023 1405 3129 1476 μὴν
3155 1404 3373 1458 πάντων
3407 1404 3517 1457 τῶν
3546 1405 3677 1474 ἀγα-

2109 1489 2215 1543 θῶν
2239 1489 2458 1561 μείζονα
2485 1490 2583 1562 τὴν
2609 1491 2829 1563 ἀγάπην
2873 1493 2902 1546 ὃ
2932 1509 2993 1544 τε
3031 1493 3351 1557 ’Δπὸστολος
3377 1493 3524 1560 λέγει
3544 1531 3561 1557 ,
3591 1494 3678 1546 καὶ

2105 1581 2426 1652 ἐπιψηφίζει
2459 1583 2520 1636 τὸ
2546 1583 2749 1654 ὑψηλὸν
2776 1584 3126 1654 Εύαγγέλιον.
3164 1586 3224 1638 '0
3255 1585 3354 1656 μὲν
3391 1581 3485 1638 οὖν
3524 1586 3678 1638 Ἀπό-

439 1682 526 1729 tus
580 1676 700 1750 sit:
759 1691 822 1731 ac
859 1677 1161 1748 diligebant
1220 1679 1420 1737 Paulus
1479 1689 1535 1736 et
1599 1681 1835 1737 Basilius
1887 1689 2002 1737 toto

2108 1674 2294 1738 στολος
2325 1675 2661 1745 προφητείας
2685 1675 2856 1746 αὐτὴν
2887 1677 2983 1728 καὶ
3004 1674 3258 1746 γνώσεως
3285 1677 3680 1746 προτιμοτέραν

433 1764 600 1820 corde
633 1763 744 1820 Deo
770 1766 936 1822 dicati
971 1777 1138 1839 atque
1169 1769 1374 1825 addicti
1409 1771 1497 1824 :si
1537 1771 1664 1842 quis
1713 1771 1862 1826 ausit
1921 1771 2002 1826 di-

2104 1765 2298 1833 λέγων,
2337 1767 2571 1828 πίστεως
2599 1765 2656 1818 δὲ
2687 1765 3037 1838 παγιωτέραν
3061 1805 3078 1832 ,
3103 1765 3196 1818 καὶ
3219 1765 3432 1828 ἐλπίδος
3463 1766 3680 1837 διαρκε-

433 1869 596 1919 eere,
645 1857 791 1926 quod
849 1874 993 1914 unus
1055 1868 1204 1916 esset
1259 1861 1315 1915 in
1356 1862 1625 1918 ambobus
1689 1863 2002 1918 dilectionis

2104 1857 2300 1928 στέραν
2322 1897 2336 1921 ,
2369 1859 2465 1912 καὶ
2509 1857 2738 1912 πάντοτε
2770 1860 2828 1911 ἐν
2851 1858 2930 1929 τῷ
2984 1856 3133 1927 αὐτῷ
3173 1855 3530 1927 διαμένουσαν
3558 1896 3573 1919 ,
3612 1851 3680 1929 ἦς

433 1948 630 2004 modus
664 1959 829 2020 atque
855 1965 1138 2018 mensura,
1182 1967 1213 2006 ιι
1261 1944 1502 2010 veritate
1554 1971 1664 2010 non
1701 1956 1999 2010 aberrabit.

2104 1949 2232 2003 ἄνευ
2281 1950 2537 2020 ἀνόνητον
2569 1947 2706 2003 εἶναι
2759 1952 2868 2004 πᾶν
2914 1946 2976 2003 τὸ
3007 1949 3094 2002 ἐπ’
3127 1947 3333 2018 ἀγαθοῦ
3380 1948 3678 2011 σπουδαζό-

432 2033 724 2093 Enimvero
759 2039 909 2108 quod
959 2039 1205 2097 charitas
1239 2051 1404 2112 atque
1435 2041 1662 2098 dilectio
1715 2045 1891 2115 major
1932 2045 2002 2101 sit

2106 2056 2267 2107 μενον
2285 2057 2299 2069 ο
2331 2042 2359 2093 6
2389 2040 2445 2093 δὲ
2478 2041 2683 2110 Κύριος
2726 2042 2903 2095 πάντα
2930 2042 3127 2112 νόμον,
3159 2040 3257 2094 καὶ
3284 2039 3463 2093 πάντα
3488 2039 3556 2093 τά
3583 2057 3681 2110 μυο

431 2128 685 2184 omnibus
706 2129 868 2184 bonis
889 2169 906 2196 ,
937 2145 1061 2185 cum
1089 2132 1385 2200 Apostolus
1408 2133 1545 2188 dicit
1568 2133 1591 2165 ⁸
1611 2173 1626 2198 ,
1673 2142 1789 2188 tum
1826 2135 2002 2190 subii.

2106 2131 2302 2201 στήρια
2339 2129 2409 2184 τά
2459 2131 2774 2202 προφητικά
2824 2130 2918 2184 τοῦ
2979 2130 3223 2184 τοιούτου
3285 2129 3533 2197 ἐξάπτων
3585 2147 3681 2200 χαη

432 2218 539 2273 mis
588 2218 866 2291 Evangelii
924 2221 1178 2278 doctrina
1237 2225 1558 2294 comprobat
1588 2233 1756 2295 atque
1803 2226 2004 2281 contir-

433 2319 567 2364 mat.
596 2308 664 2364 Et
688 2312 988 2382 Apostolus
1043 2314 1268 2385 quidem
1299 2317 1586 2387 prophetia
1618 2326 1783 2388 atque
1820 2319 2001 2374 scien-

431 2402 513 2456 tia
546 2405 985 2473 praastantiorem
1018 2421 1083 2461 ac
1112 2407 1505 2472 praeferendam
1547 2424 1667 2464 eam
1694 2425 1819 2466 esse
1845 2409 2000 2477 dicit,

433 2482 705 2551 tidesvero
753 2497 1068 2553 solidiorem
1102 2497 1546 2570 firmioremque,
1580 2508 1634 2555 et
1683 2516 1780 2573 spe
1837 2501 2004 2557 dura-

429 2585 679 2643 biliorem
705 2589 1380 2660 magisquesuﬂicien‘tem
1415 2632 1431 2660 ,
1461 2600 1517 2648 et
1559 2608 1777 2664 semper
1804 2595 1862 2649 in
1903 2609 2000 2650 eo-

429 2680 550 2736 dem
587 2689 734 2738 statu
766 2692 1174 2752 permanentem
1198 2723 1214 2748 ,
1275 2683 1394 2739 sine
1419 2700 1531 2756 qua
1576 2687 1844 2758 quidquid
1899 2701 2004 2758 pro

429 2773 576 2830 bono
597 2783 948 2845 exspectatur
979 2817 994 2841 ,
1037 2777 1234 2832 inutile
1265 2777 1405 2832 sit”:
1457 2777 1723 2834 Dominus
1775 2788 1958 2836 autem
1982 2819 2001 2846 ,

427 2875 646 2921 omnem
692 2867 861 2937 legem
914 2877 970 2924 et
1003 2869 1186 2923 omnia
1249 2869 1508 2942 mysteria
1556 2870 1876 2940 prophetica
1935 2887 2000 2926 ex

431 2956 538 3011 hoc
565 2955 716 3011 dono
749 2958 988 3026 pendere
1040 2959 1231 3016 dicens
1253 2960 1274 2992 ⁸
1299 3000 1315 3025 ,
1375 2961 1697 3016 charitatem
1755 2962 2001 3017 omnium

429 3045 699 3100 bonorum
730 3047 941 3116 primas
995 3056 1184 3105 tenere
1239 3050 1405 3105 etiam
1463 3053 1580 3120 ipse
1623 3053 1888 3106 censet".
1942 3051 2000 3107 Si

2107 2223 2368 2294 ρίσματος
2389 2262 2404 2287 ,
2437 2224 2653 2278 πάντων
2686 2223 2987 2294 πρωτεύειν
3010 2223 3110 2294 τὴν
3143 2223 3362 2294 ἀγάπην
3396 2223 3492 2277 καὶ
3515 2224 3676 2288 αὐτὸς

2101 2313 2476 2383 ἀποφαίνεται.
2499 2315 2560 2368 Ei
2588 2309 2681 2368 οὖν
2710 2315 2769 2368 ἐν
2791 2314 2868 2386 τῷ
2891 2316 3205 2384 ὑπερέχοντι
3234 2315 3328 2368 καὶ
3365 2314 3680 2384 περιληπτι·

2103 2404 2185 2474 κῷ
2210 2405 2318 2458 τῶν
2351 2406 2796 2478 κατορθωμάτων
2838 2407 2938 2459 οὐκ
2985 2406 3336 2461 ἀπολείπεται
3368 2405 3462 2459 τοῦ
3514 2407 3681 2476 μεγά-

2101 2497 2195 2551 λου
2229 2497 2441 2552 Παύλου
2467 2515 2480 2529 ·
2509 2500 2618 2569 ἀρα
2673 2498 2766 2552 καὶ
2814 2499 2872 2551 ἐν
2923 2501 3036 2562 τοῖς
3075 2496 3254 2562 ἀλλοις
3305 2499 3473 2552 πᾶσιν
3494 2538 3509 2563 ,
3540 2492 3616 2552 ὧν
3644 2499 3678 2568 ὴ

2101 2589 2288 2661 ἀγάπη
2339 2589 2694 2660 καθηγεῖται,
2741 2590 2837 2644 καὶ
2873 2591 2974 2644 ὅσα
3024 2591 3089 2644 ἐκ
3140 2590 3344 2662 ταύτης
3392 2591 3677 2668 ἐκφύεται,

2102 2684 2318 2746 πάντως
2339 2683 2439 2736 οὐκ
2469 2682 2688 2736 ἔλαττον
2712 2682 2849 2754 ἔχων
2875 2683 3299 2754 ἀναφανήσεται.
3346 2683 3558 2754 Ὠσπερ
3571 2683 3680 2753 γὰρ

2100 2777 2131 2828 6
2155 2774 2255 2844 τῆς
2281 2773 2627 2846 ἀνθρωπίνης
2656 2773 2870 2843 φύσεως
2904 2775 3144 2845 μετέχων
3169 2812 3184 2837 ,
3237 2775 3294 2826 ἐν
3341 2773 3511 2827 πᾶσιν
3559 2777 3678 2827 ἐστι

2100 2870 2213 2930 τοῖς
2259 2868 2360 2938 τῆς
2391 2867 2606 2937 φύσεως
2638 2868 2920 2938 ίδῖώμασιν
2943 2881 2958 2896 ο
2991 2866 3164 2930 οὕτως
3201 2867 3298 2920 καὶ
3326 2867 3356 2919 6
3388 2865 3448 2920 τὸ
3475 2865 3679 2919 τέλειον

2101 2962 2199 3029 τῆς
2223 2959 2442 3030 ἀγάπης
2480 2961 2539 3012 ὲν
2569 2958 2745 3028 ἐαυτῷ
2784 2956 3133 3029 κατορθώσας
3155 2999 3171 3024 ,
3215 2959 3393 3012 πάντα
3420 2959 3520 3011 ὅσα
3556 2974 3675 3010 συν-

2101 3047 2384 3119 θεωρετται
2408 3049 2580 3122 ταύτῃ
2613 3047 2722 3102 τῶν
2761 3048 2978 3118 ἀγαθῶν
3005 3048 3139 3120 εἴδη,
3177 3049 3313 3120 μετά
3335 3047 3430 3101 τοῦ
3465 3065 3681 3118 πρωτοο

428 3136 598 3208 igitur
623 3138 679 3193 in
705 3112 770 3194 eo
801 3141 946 3210 quod
1010 3142 1155 3196 inter
1181 3157 1268 3198 res
1316 3112 1612 3212 praeclaras
1661 3149 1719 3198 et
1765 3144 1998 3201 eximias

2104 3112 2270 3192 τύπου
2314 3139 2422 3193 τῶν
2477 3112 2916 3210 κατορθωμάτων
2961 3112 3278 3210 ἐχειίνέῐτε
3324 3140 3432 3211 γὰρ
3495 3112 3679 3201 πίστις

428 3227 636 3284 eminet
687 3238 852 3300 atque
907 3232 1177 3298 excellit,
1236 3247 1301 3288 ac
1340 3233 1583 3302 reliquas
1635 3233 2002 3304 comprehen-

2104 3231 2248 3285 ἐστὶν
2293 3232 2326 3302 ἡ
2376 3230 2652 3296 σώζουσα,
2685 3232 2794 3284 εἴτε
2850 3231 2940 3285 διὰ
2979 3231 3080 3302 τῆς
3120 3231 3334 3295 ἐλπίδος
3371 3229 3678 3302 σωζόμεθα,

429 3317 592 3372 dendi
623 3319 732 3374 vim
769 3320 966 3386 habet,
1004 3320 1176 3377 Paulo
1221 3338 1330 3378 non
1381 3322 1609 3379 inferior
1661 3333 1793 3380 est:
1838 3325 2002 3379 nimi-

2104 3322 2212 3384 εἴτε
2242 3323 2310 3376 δι’
2337 3322 2616 3393 ὑπομονῆς
2647 3322 2744 3394 τὴν
2773 3321 2932 3394 χάριν
2965 3322 3396 3394 ἀπεκδεχόμεθα,
3427 3323 3462 3392 ἡ
3486 3322 3679 3392 ἀγάπη

429 3423 552 3464 rum
579 3411 746 3466 etiam
773 3412 830 3467 in
856 3413 978 3469 aliis
1011 3415 1269 3471 omnibus
1327 3415 1524 3480 bonis,
1586 3430 1821 3487 quorum
1872 3416 2002 3472 eha-

2104 3414 2279 3468 πάντα
2304 3414 2565 3478 πιστεύει,
2593 3413 2688 3467 καὶ
2717 3412 2895 3468 πάντα
2930 3413 3179 3478 ἐλπίζει,
3209 3413 3304 3467 καὶ
3328 3412 3506 3467 πάντα
3541 3414 3680 3467 ὁπο-

425 3501 566 3557 ritas
591 3501 795 3571 primas
827 3512 1008 3569 tenet,
1039 3520 1102 3559 ac
1127 3521 1485 3576 quacumque
1513 3521 1583 3562 ex
1633 3506 1739 3561 hac
1765 3505 2002 3576 pendent

2104 3505 2279 3569 αὲνει,
2296 3503 2479 3568 καθώς
2502 3521 2664 3574 φησιν
2689 3505 2717 3557 ὁ
2741 3503 3080 3569 ’Δπόστολος.
3097 3505 3207 3559 Καὶ
3229 3504 3300 3558 τά
3322 3503 3456 3559 ἀλλα
3476 3505 3679 3568 πάντα,

430 3599 486 3646 et
511 3591 811 3658 exsistunt,
841 3596 1068 3650 omnino
1095 3597 1432 3665 posteriores
1455 3603 1640 3666 partes
1658 3595 1802 3651 ferre
1826 3605 1884 3653 et
1912 3597 2001 3652 in-

2104 3596 2190 3651 ῐνα
2226 3596 2300 3668 μὴ
2326 3597 2396 3650 τά
2442 3595 2565 3650 καθ’
2594 3596 2822 3649 ἕκαστον
2860 3596 3109 3665 λέγοντες
3147 3595 3506 3667 διατρίϐωμεν
3529 3634 3546 3659 ,
3579 3595 3681 3664 τῆς

433 3681 601 3738 terior
626 3688 752 3738 esse
803 3699 914 3739 non
943 3685 1242 3742 videbitur.
1269 3687 1736 3753 Quemadmodum
1768 3687 1915 3743 enim
1954 3689 2002 3745 is

2104 3686 2242 3752 κατά
2287 3685 2383 3756 τὴν
2417 3686 2637 3756 ἀγάπην
2673 3683 2829 3756 ῥίζης
2865 3684 3151 3756 βλάστημα
3176 3685 3418 3754 γίνεται,
3451 3685 3553 3738 ὅσα
3601 3682 3680 3753 τῷ

431 3771 523 3839 qui
561 3771 810 3828 humanae
838 3783 1046 3830 naturae
1074 3776 1348 3847 particeps
1378 3785 1482 3841 est,
1512 3792 1704 3834 omnes
1742 3777 1999 3833 humana:

2104 3779 2200 3849 τῆς
2246 3776 2448 3848 ἀρετῆς
2501 3777 2644 3846 λόγῳ
2695 3776 3057 3841 σπουδάζεται
3080 3793 3097 3810 ο
3153 3775 3293 3832 ὥστε
3337 3776 3442 3830 τὸν⁵
3473 3775 3682 3846 ταύτην

432 3872 642 3920 naturae
671 3866 1034 3936 proprietates
1069 3869 1278 3924 habet:
1315 3869 1394 3924 ita
1441 3869 1610 3925 etiam
1658 3870 1707 3925 is
1746 3870 1839 3941 qui
1873 3885 2001 3941 per-

2104 3867 2289 3939 ἐχοντα
2306 3907 2323 3933 ,
2357 3867 2580 3938 μηδενὸς
2607 3866 2800 3931 ἐνδεῶς
2838 3866 2983 3938 ἐχειν
3017 3867 3124 3921 τῶν
3148 3867 3342 3924 ἄλλων.

428 3952 631 4009 fectam
671 3955 994 4013 eharitatem
1041 3957 1097 4013 in
1135 3973 1256 4014 sese
1316 3957 1555 4015 coniecit
1599 3967 1655 4016 et
1696 3967 1985 4016 assecutus
2045 3967 2178 4022 est,
2234 3972 2424 4012 omnes
2477 3971 2821 4028 quaecunque
2857 3973 2968 4012 una
3025 3972 3152 4013 cum
3193 3958 3296 4014 hac
3358 3967 3681 4028 spectantur

424 4051 485 4100 et
551 4047 1138 4116 comprehenduntur,
1188 4049 1460 4104 bonorum
1508 4049 1714 4106 formas
1759 4067 1885 4106 cum
1943 4049 2211 4121 primario
2285 4048 2685 4119 principalique
2737 4050 2882 4104 bono
2927 4057 3098 4104 tenet.
3149 4047 3277 4104 Sive
3341 4050 3487 4104 enim
3539 4048 3680 4102 ﬁdes

428 4143 513 4192 est
539 4151 658 4207 quae
678 4148 890 4206 servat,
912 4140 1027 4196 sive
1050 4154 1148 4211 per
1179 4155 1330 4212 spem
1358 4156 1643 4199 servamur
1669 4181 1686 4207 ,
1727 4143 1844 4198 sive
1873 4158 1972 4212 per
2025 4141 2345 4213 patientiam
2397 4142 2630 4212 gratiam
2696 4151 3081 4211 exspectamus
3099 4181 3116 4207 ,
3187 4141 3429 4199 charitas
3488 4143 3678 4198 omnia

425 4229 636 4294 credit,
669 4238 724 4286 et
752 4232 936 4287 omnia
961 4242 1177 4304 sperat,
1226 4242 1282 4290 et
1359 4235 1542 4290 omnia
1595 4235 1828 4301 suffert,
1881 4244 1943 4292 ut
1969 4237 2144 4306 inquit
2193 4233 2489 4304 Apostolus
2515 4232 2557 4287 ⁸.
2620 4233 2799 4304 Atque
2860 4234 3068 4303 reliqua
3141 4233 3323 4287 omnia
3366 4248 3435 4287 ne
3483 4234 3678 4304 singu-

430 4323 583 4378 latim
615 4324 797 4378 omnia
826 4327 1200 4381 enumerando
1261 4335 1480 4397 tempus
1541 4333 1824 4393 teramus,
1867 4327 2158 4382 eharitatis
2209 4325 2416 4380 radicis
2458 4339 2681 4396 germen
2737 4334 2792 4380 et
2855 4325 3114 4382 surculus
3187 4326 3483 4389 exsistunt,
3525 4344 3681 4396 qum-

425 4431 651 4486 cunque
685 4416 895 4473 ratione
924 4419 1150 4475 virtutis
1187 4429 1519 4492 expetuntur
1547 4439 1561 4476 :
1603 4421 1741 4477 adeo
1780 4429 1840 4476 ut
1865 4421 1961 4492 qui
1997 4421 2140 4476 hanc
2164 4419 2382 4482 haheat,
2424 4419 2577 4473 nullo
2605 4419 2712 4473 alio
2743 4418 2892 4473 bono
2914 4426 3118 4474 careat.

501 4507 655 4564 Hanc
687 4509 853 4580 igitur
897 4525 1022 4566 cum
1056 4527 1287 4584 magnus
1320 4514 1557 4572 Basilius
1601 4515 1863 4582 haberet,
1910 4530 2002 4586 per

2180 4513 2394 4584 Ταύτην
2425 4513 2564 4583 ἔχων
2593 4515 2622 4566 ὁ
2654 4513 2826 4583 μέγας
2863 4511 3168 4575 Βασίλειος,
3202 4507 3410 4573 οὐδενὸς
3438 4509 3546 4580 ἄρα
3570 4510 3684 4564 τῶν

427 4615 550 4658 eam
579 4602 788 4658 nullius
819 4605 946 4659 boni
975 4621 1173 4676 expers
1191 4617 1330 4662 erat.
1368 4608 1526 4676 Quod
1561 4610 1607 4666 si
1638 4610 1821 4664 omnia
1837 4609 1999 4665 habe

2104 4604 2323 4674 ἀγαθῶν
2349 4604 2414 4658 δι’
2447 4605 2616 4676 αὐτῆς
2653 4604 2996 4659 ἀπελείπετο.
3027 4604 3092 4657 El
3117 4603 3176 4656 δὲ
3201 4601 3381 4655 πάντα
3407 4597 3556 4672 εἶχεν
3575 4644 3591 4667 ,
3620 4606 3684 4656 ἐν

429 4693 560 4760 bat,
610 4692 666 4748 in
700 4696 848 4750 nulla
896 4711 956 4753 re
1015 4714 1240 4768 prorsus
1271 4701 1496 4757 inferior
1523 4711 1660 4757 erat.
1696 4701 1806 4757 Sed
1853 4701 1998 4756 dicet

2104 4698 2277 4753 οὐδενὶ
2308 4698 2524 4760 πάντως
2564 4696 2862 4766 ἠλάττωτο.
2903 4694 3042 4748 Ἀλλ’
3074 4695 3191 4765 ἐρεῖ
3212 4709 3297 4757 τις
3317 4691 3534 4756 πάντως
3552 4733 3568 4757 ,
3595 4694 3681 4746 ὅτι

426 4787 627 4858 aliquis
661 4787 910 4858 prorsus,
944 4793 1094 4860 quod
1125 4792 1342 4847 tertium
1373 4794 1574 4850 caelum
1615 4793 1811 4849 viderit
1859 4793 1948 4847 ille
1977 4832 1994 4857 ,

423 4885 481 4933 et
513 4886 704 4949 raptus
731 4879 805 4935 sit
833 4880 886 4936 in
913 4885 1252 4952 paradisum,
1275 4893 1327 4940 et
1355 4887 1624 4940 audiverit
1657 4899 1854 4940 arcana
1883 4899 1998 4939 ver-

429 4968 522 5032 ba,
557 4986 676 5040 quae
705 4971 910 5028 homini
940 4990 1048 5029 non
1084 4974 1249 5030 liceat
1297 4978 1595 5046 proferre’.
1646 4978 1714 5030 At
1767 4991 1868 5031 nec
1906 4975 1998 5030 ille

425 5061 646 5130 quidem
668 5102 684 5127 ,
713 5063 857 5132 quod
892 5075 1125 5132 constet,
1155 5083 1252 5138 per
1281 5084 1504 5123 carnem
1564 5069 1706 5122 hanc
1728 5067 1999 5138 ejusmodi

425 5153 661 5218 gratiam
709 5156 957 5224 accepit;
1015 5173 1126 5211 non
1169 5160 1313 5213 enim
1368 5161 1509 5215 celat
1545 5160 1997 5230 ambiguitatem,

426 5241 557 5296 dum
597 5243 769 5301 dicit:
799 5245 920 5303 Sive
949 5249 1001 5302 in
1029 5266 1264 5318 torpore,
1303 5254 1497 5315 nescio,
1553 5253 1658 5306 sive
1685 5262 1839 5307 extra
1878 5268 1998 5305 cor-

422 5347 544 5399 pus,
586 5335 814 5405 ignoro;
859 5337 998 5394 Deus
1027 5345 1188 5397 novit.
1243 5342 1418 5398 Etiam
1461 5343 1528 5398 de
1583 5345 1688 5398 hoc
1735 5344 1996 5398 audacter

427 5425 626 5494 aliquis
660 5429 842 5486 dicere
870 5435 1043 5502 possit
1063 5438 1240 5506 ,quod
1272 5437 1324 5491 in
1361 5453 1588 5508 corpore
1616 5439 1834 5509 quidem
1860 5437 1995 5493 nihil

428 5516 697 5583 eiusmodi
728 5522 944 5592 viderit,
977 5527 1070 5583 sed
1100 5529 1421 5600 incorporea
1476 5540 1529 5586 et
1561 5546 1621 5585 ea
1656 5547 1776 5600 qua:
1814 5537 1997 5585 mente

2101 4787 2281 4856 τρίτον
2321 4785 2546 4856 οὐρανὸν
2580 4780 2716 4838 εἶδεν
2763 4785 2968 4846 ἐκεῖνος
2988 4823 3006 4849 ,
3048 4783 3142 4838 καὶ
3175 4782 3399 4853 ἡρπάγη
3455 4783 3535 4844 είς
3586 4782 3683 4834 τὸν

2103 4879 2450 4950 παράδεισον,
2480 4878 2575 4931 καὶ
2600 4877 2829 4948 ἤκουσεν
2855 4875 3068 4948 ἄρρητα
3091 4876 3332 4946 ῥήματα,
3363 4873 3399 4927 ἂ
3426 4873 3526 4926 οὐκ
3557 4873 3682 4938 ἐξὸν

2098 4970 2367 5042 ἀνθρώπῳ
2411 4969 2661 5038 λαλῆσαι.
2711 4967 2850 5020 Ἀλλ’
2906 4965 3027 5020 οὐδὲ
3077 4967 3280 5028 ἐκεῖνος
3308 4964 3559 5034 φανερῶς
3591 4964 3684 5018 διὰ

2098 5068 2198 5135 τῆς
2245 5063 2444 5134 σαρκὸς
2480 5061 2681 5129 ταύτης
2710 5059 2808 5130 τὴν
2837 5056 3092 5128 τοιαύτην
3124 5057 3285 5128 χάριν
3326 5057 3568 5122 ἐδέξατο.
3600 5056 3679 5108 Ub

2100 5158 2206 5229 γὰρ
2256 5155 2649 5226 ἐπικρύπτεται
2695 5153 2794 5225 τὴν
2841 5151 3167 5223 ἀμφιϐολίαν
3198 5152 3368 5220 λέγων
3393 5170 3406 5183 ο
3443 5153 3580 5206 Εἴτε
3609 5153 3684 5204 ἐν

2099 5248 2324 5317 σώματι
2361 5249 2472 5301 οὐκ
2523 5243 2693 5310 οῖδα,
2743 5245 2863 5298 sits
2891 5245 3066 5310 ἐκτὸς
3110 5245 3215 5298 τοῦ
3248 5244 3520 5314 σώματος
3565 5248 3683 5300 οὐκ

2101 5339 2250 5396 οῖδα·
2277 5343 2309 5393 ό
2335 5339 2478 5405 Θεὸς
2503 5339 2685 5393 οἶδεν.
2717 5337 2828 5392 Καὶ
2858 5339 2985 5409 περὶ
3010 5337 3200 5391 τούτου
3234 5337 3510 5410 τολμήσας
3532 5337 3681 5390 εἴποι

2101 5450 2184 5495 τις
2222 5431 2287 5485 ἂν
2307 5471 2321 5495 ,
2359 5431 2439 5483 ὅτι
2469 5432 2525 5483 ὲν
2556 5430 2767 5500 σώματι
2811 5427 3050 5482 τοιοῦτον
3082 5430 3179 5498 μὲν
3226 5429 3378 5482 οὐδὲν
3409 5423 3583 5490 εἶδεν,
3611 5430 3679 5497 τῇ

2101 5523 2159 5576 δὲ
2188 5520 2462 5590 ἀσωμάτῳ
2504 5520 2600 5594 καὶ
2627 5521 2790 5590 νοητῇ
2825 5518 3029 5589 θεωρίᾳ
3069 5518 3168 5570 οὐκ
3205 5516 3352 5570 ἐστιν
3396 5517 3426 5569 ὃ
3454 5533 3506 5570 τι
3551 5513 3683 5568 τού·-

501 5624 522 5654 ⁸
548 5624 720 5710 lnCor.
751 5647 869 5699 xm,
906 5635 992 5692 i3.
1070 5638 1091 5670 ⁸
1118 5638 1249 5694 ibid.
1279 5639 1301 5693 1
1333 5654 1454 5710 sqq.
1531 5640 1552 5672 ⁸
1587 5639 1782 5695 Matth.
1815 5655 1951 5706 xxii,
1982 5637 2070 5695 40.
2148 5639 2166 5670 ⁶¹
2211 5633 2398 5690 Matth.
2432 5632 2648 5700 xxv,35
2679 5647 2800 5703 sqq.
2876 5629 2939 5684 ⁸1
2972 5632 3096 5686 Cor.
3135 5645 3256 5695 xm,
3289 5630 3343 5683 7.
3421 5631 3442 5662 ⁹
3469 5627 3511 5682 ΙΙ
3543 5629 3674 5683 Cor.

432 5709 529 5759 ιιι,
556 5695 590 5749 ‘2.
619 5713 738 5768 sqq.
