3850 6480
159 333 256 390 τοι

1283 337 1345 391 ΙΝ
1385 334 1668 393 LAUDEM
1712 331 2016 391 FRATRIS
2055 338 2325 397 BASILH.

3318 338 3427 405 θοι

158 467 265 503 των
295 448 509 519 ἀφῆκεν
541 449 785 505 ἀθέατον.
814 451 1043 521 Μάρτυς
1072 452 1129 503 δὲ
1170 451 1377 505 τούτων
1429 455 1458 505 6
1487 454 1617 523 παρ’
1646 452 1743 504 αὑ-

1845 455 2145 522 peragitur,
2178 457 2639 528 contemplatione
2671 458 2807 515 nihil
2855 460 3046 517 harum
3080 474 3263 519 rerum
3314 464 3426 532 sit,

158 541 252 597 τοῦ
283 542 552 610 λόγος,ὃν
573 560 631 595 τε
663 545 747 613 ἐφ’
779 543 970 597 ἑαυτοῦ
1000 544 1219 616 διεξῄει,
1240 546 1336 599 καὶ
1358 545 1417 597 ὃν
1448 544 1741 598 κατέλιπεν

154 636 214 687 ὲν
244 636 691 705 συγγράμμασιν.
742 636 977 701 Ἐκεῖνος
1003 637 1112 690 ἀπὸ
1155 635 1539 708 Ἰεροσολύμων
1566 636 1660 691 ἐπὶ
1682 636 1743 689 τὸ

168 726 466 797 Ἰλλυρικὸν
500 728 559 779 ὲν
592 727 777 798 κύκλῳ
815 727 1137 798 περιελθὼν,
1170 731 1304 783 πᾶσι
1328 730 1439 792 τοῖς
1462 728 1550 781 διὰ
1578 728 1742 799 μέσου

155 817 247 870 τὸν
277 819 629 886 εὐαγγελικὸν
670 818 906 889 ἐκήρυξε
951 819 1107 888 λόγον
1132 837 1146 851 ο
1180 821 1274 874 καὶ
1302 822 1330 873 6
1365 820 1557 875 τούτου
1588 820 1744 889 λόγος

155 910 254 963 καὶ
282 910 343 963 τὸ
372 912 631 981 κήρυγμα
670 913 854 966 πᾶσαν
910 912 1109 982 μικροῦ
1137 913 1249 967 δεῖν
1290 914 1390 984 τὴν
1418 914 1744 984 οἰκουμένην

154 1001 434 1067 διέλαϐεν,
482 1003 569 1057 ἐπ’
607 1002 729 1073 ἴσης
754 1005 867 1066 τοῖς
899 1003 1114 1058 Παύλου
1140 1004 1318 1073 λόγοις
1344 1005 1497 1077 παρά
1527 1006 1743 1061 πάντων

154 1095 252 1149 καὶ
279 1096 411 1148 αὐτὸ
447 1094 902 1167 σπουδαζόμενον.
940 1096 1231 1168 Παρείσθω
1254 1097 1321 1151 »δὲ
1369 1098 1440 1153 τά
1466 1097 1628 1153 λοιπά
1674 1099 1743 1152 δι’

154 1180 230 1239 ὧν
269 1190 298 1241 6
329 1187 444 1257 βίος
474 1186 664 1241 τούτου
700 1188 838 1258 πρὸς
862 1186 953 1241 τὸν
998 1187 1208 1247 ἐκείνου
1239 1188 1603 1261 συμφέρεται,
1632 1181 1744 1241 οἷον

154 1279 481 1351 ἐσταυρώθη
512 1278 589 1350 τῷ
620 1280 811 1350 κόσμῳ
851 1280 1057 1343 ἐκεῖνος
1078 1321 1093 1345 ,
1140 1281 1235 1334 καὶ
1260 1279 1435 1350 τούτῳ
1464 1283 1493 1334 6
1518 1280 1740 1351 κόσμος.

171 1370 472 1441 Ἐνέκρωσε
518 1373 578 1423 τὸ
606 1370 765 1442 σῶμα
793 1372 1033 1436 ἐκεῖνος,
1067 1371 1348 1425 ἐτελείωσε
1376 1372 1470 1426 καὶ
1500 1366 1652 1435 οὗτος
1685 1373 1743 1425 ὲν

151 1463 413 1536 ἀσθενείᾳ
433 1465 532 1537 τὴν
557 1464 805 1535 δύναμιν.
830 1465 1064 1537 Χριστὸς
1084 1460 1154 1536 ἦν
1183 1465 1244 1519 τὸ
1270 1466 1369 1536 ζῇν
1388 1467 1743 1538 ἀμφοτέροις,

153 1558 256 1610 καὶ
300 1555 502 1627 ὁμοίως
532 1557 779 1627 ἑκατέρῳ
826 1556 1017 1629 κέρδος
1045 1559 1074 1611 ὁ
1115 1556 1377 1624 θάνατος,
1408 1557 1503 1612 καὶ
1550 1574 1741 1630 προτι-

155 1646 366 1716 μοτέρα
396 1645 491 1699 τοῦ
518 1644 935 1717 πεπλανημένον
969 1645 1085 1716 βίου
1112 1648 1146 1716 ή
1181 1646 1319 1718 πρὸς
1350 1647 1442 1700 τὸν
1466 1647 1744 1718 Δεσπότην

152 1737 436 1800 ἀνάλυσις.
488 1737 559 1789 Ἣ
599 1737 691 1791 καὶ
735 1736 827 1790 τὸν
877 1737 1129 1808 Ἰωάννην
1175 1736 1619 1809 ἀντιπαραδεὶξαι
1663 1738 1743 1809 τῷ

1844 546 1989 614 quod
2038 549 2398 619 contemplari
2425 560 2588 621 atque
2620 552 2972 610 considerare
2994 555 3423 624 praetermiserit.

1843 637 2023 698 Testis
2062 640 2255 699 barum
2310 657 2495 698 rerum
2529 654 2616 701 est
2665 645 2838 716 ipsius
2880 648 3098 715 oratio,
3143 657 3258 705 tum
3308 664 3374 703 ea
3407 688 3427 715 ,

1842 747 2009 801 quam
2070 732 2185 801 ipse
2234 734 2571 803 proferebat,
2612 746 2726 791 tum
2776 752 2841 793 ea
2886 753 3050 809 quam
3084 740 3307 811 reliquit
3370 741 3428 796 in

1842 820 2092 891 scriptis.
2132 821 2225 877 Ille
2255 822 2324 877 ab
2363 822 2721 895 Jerosolymis
2746 843 2922 898 usque
2967 828 3034 884 ad
3077 828 3427 900 lllyricumin

1844 912 2036 967 orbem
2066 913 2400 970 circumiens
2434 916 2688 972 omnibus
2737 918 2792 971 in
2824 917 3005 977 medio
3042 918 3431 979 habitantibus

1842 1002 2229 1074 Evangelicum
2253 1021 2558 1065 sermonem
2593 1009 2931 1078 praedicavit,
2972 1020 3029 1066 et
3060 1011 3224 1081 hujus
3251 1013 3431 1067 oratio

1846 1105 2009 1163 atque
2035 1095 2353 1165 praedicatio
2378 1111 2595 1152 omnem
2630 1100 3019 1169 propemodum
3045 1109 3312 1155 terrarum
3334 1117 3430 1156 or-

1840 1187 1968 1242 bem
2004 1188 2254 1257 amplexa
2283 1196 2388 1254 est,
2428 1204 2556 1245 cum
2584 1191 2753 1245 etiam
2803 1191 2918 1260 ipsa
2963 1207 3118 1262 asque
3160 1207 3227 1248 ac
3273 1192 3429 1251 Pauli

1844 1290 2128 1335 sermones
2173 1279 2243 1335 ab
2275 1279 2531 1337 omnibus
2582 1280 2911 1350 probaretur
2956 1291 3010 1337 et
3061 1292 3428 1352 expeteretur.

1844 1367 2182 1425 Omittantur
2234 1371 2446 1442 reliqua
2477 1411 2493 1436 ,
2527 1373 2727 1443 quibus
2758 1372 2925 1444 hujus
2956 1374 3066 1428 vita
3117 1390 3243 1430 cum
3282 1375 3432 1430 illius

1845 1460 1957 1514 vita
2003 1462 2258 1517 convenit
2302 1471 2465 1533 atque
2509 1464 2846 1528 concordat,
2904 1464 3160 1520 videlicet
3226 1465 3433 1520 mundo

1846 1550 2140 1606 cruciﬁxus
2173 1559 2255 1607 est
2299 1552 2430 1619 ille,
2477 1562 2529 1607 et
2567 1552 2693 1608 huic
2738 1552 2998 1609 mundus.
3057 1554 3273 1626 Corpus
3339 1557 3432 1610 ille

1846 1639 2221 1704 mortilicavit,
2253 1642 2661 1697 consummavit
2701 1651 2866 1713 atque
2890 1644 3121 1713 perfecit
3144 1644 3307 1701 etiam
3342 1646 3433 1700 hic

1846 1730 1992 1787 vires
2021 1748 2118 1803 per
2152 1731 2549 1789 inﬁrmitatem.
2591 1733 2846 1791 Christus
2881 1735 3102 1805 utrique
3118 1736 3235 1792 vita
3268 1747 3425 1793 erat:

151 1830 460 1901 διδασκάλῳ
495 1828 676 1892 δοκεῖς
720 1828 882 1882 Ἀλλά
914 1829 976 1883 τὸ
1012 1829 1110 1900 μὲν
1132 1829 1485 1902 προτερεύειν
1506 1830 1740 1894 ἐκεῖνον,

1845 1832 1900 1879 et
1942 1824 2161 1895 utrique
2193 1825 2445 1881 similiter
2475 1841 2573 1891 pro
2624 1826 2781 1883 lucro
2855 1844 3028 1895 mors,
3055 1837 3111 1886 et
3132 1829 3206 1885 ad
3238 1829 3429 1885 Domi-

150 1925 235 1995 τῷ
283 1925 342 1976 ὲν
390 1924 667 1994 γεννητοῖς
716 1922 992 1991 γυναικῶν
1042 1923 1135 1978 καὶ
1187 1923 1570 1994 περισσότερον
1601 1923 1745 1994 ἔχειν

148 2017 251 2070 τοῦ
290 2018 567 2086 προφήτου
597 2014 695 2083 τῆς
743 2013 893 2076 θείας
945 2014 1128 2084 φωνῆς
1167 2013 1587 2086 μαρτυρούσης,
1644 2032 1748 2085 μα-

150 2108 277 2169 νία-ς
307 2105 373 2159 ἂν
404 2106 492 2177 εἴη
524 2106 619 2159 καὶ
651 2104 905 2169 ἀσεϐείας
949 2104 1066 2177 ἅμα
1096 2104 1257 2160 ἄλλον
1302 2106 1739 2178 ἀντιπαρεξαγα-

149 2200 276 2267 γείν
308 2196 384 2268 τῷ
422 2196 648 2267 τοιούτῳ
696 2197 796 2269 βίῳ
823 2197 911 2251 διά
939 2197 1282 2269 συγκρίσεως
1309 2215 1323 2228 ο
1369 2198 1506 2252 ἀλλά
1534 2199 1630 2253 τοῦ
1653 2216 1748 2254 το-

153 2293 356 2346 σούτου
378 2293 477 2346 καὶ
500 2291 744 2347 τοιούτου
767 2292 865 2346 καὶ
896 2291 957 2345 τὸ
982 2292 1216 2347 κατόπιν
1251 2293 1425 2347 ἐλθεῖν
1443 2335 1458 2359 ,
1482 2294 1580 2364 τῆς
1607 2294 1749 2348 ἀνωο

147 2388 305 2442 τάτω
340 2388 740 2458 μακαριότητος
786 2386 886 2456 τὴν
938 2386 1214 2452 ἀπόδειξιν
1262 2386 1399 2457 ἔχει.
1429 2388 1645 2442 Ούτωσὶ
1687 2388 1748 2443 δὲ

148 2479 248 2532 τὸν
278 2478 436 2546 λόγον
466 2480 894 2549 κατανοήσωμεν
919 2494 932 2508 ·
961 2478 1076 2531 Ούκ
1128 2472 1198 2547 ἦν
1230 2476 1356 2530 οὒτε
1393 2478 1453 2531 ὲν
1484 2477 1748 2548 μαλακοῖς

155 2571 397 2641 ἱματίοις
427 2573 456 2624 6
494 2569 783 2638 Ἰωάννης,
834 2566 959 2622 οὔτε
1018 2568 1262 2639 κάλαμος
1304 2564 1373 2639 ἦν
1405 2569 1625 2638 ἀνέμοις
1655 2572 1746 2624 ὲν-

154 2662 538 2733 σαλευόμενος.
592 2659 899 2723 Ἠσπάζετο
924 2660 981 2714 δὲ
1013 2660 1120 2733 πρὸ
1150 2660 1257 2714 τῶν
1291 2662 1625 2732 οἰκουμένων
1648 2662 1748 2732 τὴν

152 2753 386 2825 ῑρημον,
415 2752 510 2808 καὶ
539 2752 701 2807 πάλιν
744 2755 855 2816 τοῖς
877 2753 1213 2823 οίκουμένοις
1238 2755 1745 2827 ὲπεχωρίαζεν.νΜή

152 2865 243 2910 τις
272 2846 380 2917 ἀρα
412 2845 706 2915 ἐπισκήψει
730 2844 809 2915 τῷ
832 2845 976 2916 λόγῳ
998 2886 1012 2909 ,
1047 2847 1098 2899 εἰ
1125 2844 1285 2899 τοῦτο
1311 2848 1745 2919 προσμαρτυρή-

155 2957 244 2993 σει
279 2938 374 2993 καὶ
399 2938 478 3010 τῷ
503 2939 810 3009 διδασκάλῳ
842 2938 1057 3010 ήμῶνηή
1085 2937 1331 3009 ἀλήθεια,
1357 2938 1434 3003 ὡς
1463 2940 1522 2993 ὲν
1538 2938 1748 3004 τούτοις

152 3034 320 3088 αὐτὸν
344 3032 439 3086 τοῦ
489 3031 724 3102 μεγάλου
763 3032 1011 3086 Ἰωάννου
1059 3031 1134 3103 μὴ
1191 3031 1613 3097 ἀπολείπεσθαι;
1652 3032 1749 3097 Τίς

152 3128 259 3180 οὒκ
292 3120 432 3180 οἶδεν
476 3126 626 3187 ὅπως
675 3124 926 3194 μαλακήν
970 3141 1031 3177 τε
1074 3124 1169 3177 καὶ
1222 3123 1607 3195 τεθρυμμένην
1654 3126 1747 3179 τοῦ
1768 3158 1816 3214 ε

156 3218 278 3289 βίου
308 3217 513 3271 δίαιταν
545 3216 809 3287 πολεμίαν
839 3217 1086 3287 ἡγήσατο
1104 3257 1119 3280 ,
1165 3218 1223 3269 ὲν
1254 3216 1417 3270 παντὶ
1452 3217 1515 3269 τὸ
1551 3234 1745 3289 καρτε-

1848 1934 1978 1974 num
2016 1920 2284 1975 resolutio
2328 1918 2480 1975 falsa:
2519 1920 2646 1977 vitae
2669 1921 3082 1991 praeferebatur.
3145 1923 3229 1979 An
3261 1926 3430 1981 etiam

1846 2008 2112 2067 Joannem
2146 2026 2273 2068 cum
2318 2013 2582 2083 magistro
2604 2014 2859 2070 conferre
2895 2023 3061 2086 atque
3109 2030 3433 2087 comparare

1838 2102 2162 2172 ,placet?At
2192 2119 2317 2158 cum
2342 2104 2529 2159 divina
2559 2120 2662 2161 vox
2703 2114 2957 2174 testatur,
2991 2106 3136 2177 quod
3163 2107 3254 2163 ille
3275 2109 3433 2178 prin-

1847 2195 2086 2266 cipatum
2121 2205 2345 2263 teneat,
2394 2204 2684 2268 propterea
2728 2197 2875 2270 quod
2924 2198 3068 2253 inter
3114 2210 3274 2256 natos
3312 2217 3432 2256 mu-

1846 2287 2045 2344 lierum
2081 2289 2246 2344 etiam
2276 2289 2511 2359 amplius
2542 2299 2597 2345 et
2651 2291 3010 2349 excellentius
3059 2291 3190 2362 quid
3232 2293 3434 2349 habeat

1849 2394 2011 2450 quam
2052 2380 2341 2451 propheta,
2374 2380 2592 2437 insania
2632 2382 2794 2437 simul
2842 2391 2899 2437 et
2952 2383 3203 2455 impietas
3266 2383 3434 2440 fuerit

1851 2472 2019 2525 alium
2053 2487 2119 2526 ex
2150 2472 2382 2527 adverso
2416 2473 2791 2542 comparando
2844 2488 3122 2543 opponere
3156 2475 3432 2545 ejusmodi

1846 2565 1993 2620 vitaz.
2023 2564 2129 2619 Sed
2156 2566 2302 2620 tanti
2335 2579 2398 2619 ac
2426 2566 2550 2622 talis
2580 2566 2684 2620 viri
2714 2566 2798 2621 vel
2824 2582 2857 2620 a
2887 2576 3038 2638 tergo
3060 2569 3297 2631 venisse,
3337 2584 3432 2627 su-

1840 2672 2055 2728 ptemae
2085 2656 2441 2713 beatitudinis
2480 2658 2727 2713 continet
2763 2657 3308 2716 demonstrationem.
3333 2661 3431 2716 At-

1846 2763 1953 2820 que
1983 2748 2089 2803 hoc
2138 2747 2302 2803 modo
2342 2749 2611 2804 rationem
2654 2749 2893 2805 ineundo
2920 2789 2936 2813 ,
2971 2766 3085 2806 rem
3107 2752 3427 2809 considere-

1846 2855 1970 2899 mus
2000 2849 2165 2911 atque
2208 2840 2633 2910 perpendamus.
2668 2839 2857 2913 Neque
2883 2843 3141 2898 mollibus
3184 2844 3432 2901 vestibus

1845 2932 2086 2990 Joannes
2109 2941 2229 2989 erat
2252 2934 2509 2998 amictus,
2544 2949 2721 3004 neque
2741 2936 2953 2990 arundo
2980 2945 3118 3004 erat,
3145 2950 3267 3006 quae
3297 2952 3433 2992 ven-

1849 3027 1923 3083 tis
1967 3027 2287 3098 agitaretur.
2321 3026 2656 3083 Prteferebat
2712 3028 2839 3083 item
2888 3029 3240 3085 solitudinem
3295 3030 3432 3085 locis

1853 3120 2017 3177 cultis
2060 3129 2115 3176 et
2145 3118 2407 3175 habitatis
2435 3160 2450 3185 ,
2478 3128 2534 3174 et
2556 3129 2747 3175 contra
2781 3119 2834 3173 in
2875 3120 3137 3175 habitatis
3171 3132 3227 3175 et
3265 3122 3432 3177 cultis

1849 3213 1986 3269 locis
2008 3213 2351 3268 versabatur.
2369 3209 2510 3266 Num
2530 3211 2656 3281 quis
2679 3211 2847 3282 igitur
2867 3211 3078 3267 refellat
3104 3212 3428 3279 orationem,

157 3310 315 3383 ρικὸν
344 3309 437 3365 καὶ
465 3308 733 3383 ἀνδρῶδες
763 3309 871 3380 πρὸ
903 3309 1012 3363 τῶν
1033 3309 1206 3379 ἡδέων
1236 3307 1550 3379 θηρώμενος
1569 3349 1584 3371 ,
1609 3306 1743 3380 ἡλίῳ

1847 3304 1893 3359 si
1933 3304 2135 3359 veritas
2160 3302 2327 3357 etiam
2363 3302 2467 3357 hoc
2493 3302 2756 3373 magistro
2784 3311 2980 3358 nostro
3028 3309 3339 3370 attestatur,
3367 3311 3432 3360 ut

155 3400 499 3471 θαλπόμενος
528 3437 543 3463 ,
578 3398 738 3470 κρύει
772 3397 1258 3469 παραϐαλλόμενος
1278 3439 1295 3461 ,
1341 3399 1617 3469 νηστείαις
1650 3401 1743 3453 καὶ

1849 3397 1906 3449 in
1946 3393 2033 3449 his
2076 3407 2277 3463 magno
2303 3391 2515 3447 Joanne
2545 3407 2657 3446 non
2686 3390 2912 3447 inferior
2945 3391 3064 3446 sit?
3093 3392 3230 3460 Quis
3282 3393 3430 3451 enim

154 3491 512 3563 ἐγκρατείαις
556 3490 993 3561 καταγυμνάζων
1043 3490 1104 3543 τὸ
1139 3490 1333 3561 σῶμα,
1362 3493 1485 3554 ταῖς
1530 3491 1743 3547 πόλεσιν

1847 3490 2084 3559 ignorat,
2118 3484 2579 3556 quemadmodum
2616 3484 2830 3540 mollem
2876 3495 2929 3540 et
2964 3484 3255 3541 delicatum
3305 3485 3431 3543 vitae

154 3586 233 3648 ὼς
261 3585 326 3638 ἐν
352 3582 965 3653 ὲρήμοιςὲνδιατρίϐων
995 3580 1165 3651 (οὐδὲν
1202 3584 1283 3645 εἰς
1316 3580 1519 3653 ἀρετὴν
1558 3584 1625 3637 ἐκ
1647 3583 1743 3653 τῆς

1845 3582 2055 3636 cultum
2084 3580 2309 3634 noxium
2343 3585 2399 3632 et
2430 3576 2690 3633 infestum
2723 3577 3049 3648 judicaret,‘.t
3085 3577 3139 3632 in
3191 3576 3341 3631 omni
3370 3592 3430 3631 re

156 3674 450 3745 συντυχίας
487 3671 1015 3744 παραϐλαπτόμενος
1038 3671 1094 3741 ),
1136 3674 1230 3725 καὶ
1262 3672 1447 3737 πόλεις
1476 3672 1573 3736 τάς
1617 3673 1743 3744 ὲρη‹

1849 3670 2229 3728 fortitudinem
2272 3678 2437 3740 atque
2474 3669 2720 3724 laborum
2777 3679 2834 3724 et
2864 3669 3238 3726 molestiarum
3295 3669 3431 3725 tole-

157 3770 291 3838 μίας
322 3765 769 3837 ἀπεργαζόμενος
795 3782 809 3829 ;
842 3762 977 3819 Οὔτε
1008 3763 1117 3834 γάρ
1149 3765 1182 3834 ἡ
1237 3763 1375 3835 μετὰ
1404 3764 1512 3819 τῶν
1536 3764 1743 3821 πολλῶν

1847 3764 2086 3821 rantiam
2116 3762 2292 3837 magis
2326 3776 2488 3833 quam
2525 3777 2615 3818 res
2636 3762 2910 3833 iucundas
2933 3770 3171 3825 sectans.
3200 3761 3268 3817 ad
3297 3761 3431 3819 solis

154 3858 409 3930 διαγωγὴ
464 3858 567 3929 τῆς
605 3855 871 3929 ἀκριϐοῦς
917 3874 972 3909 τι
1022 3856 1118 3909 καὶ
1165 3855 1443 3924 ἀσφαλοῦς
1472 3857 1743 3922 πολιτείας

1845 3868 2037 3915 aesmnt
2067 3857 2320 3921 duratus.
2342 3856 2528 3928 frigori
2553 3872 2613 3912 se
2636 3870 2939 3927 exponens,
2960 3854 3187 3925 jejuniis
3212 3861 3267 3909 et
3292 3862 3430 3909 tem-

154 3949 504 4022 παρέτρεψεν
528 3966 542 3981 ·
578 3946 725 4014 οὔτε,
758 3948 807 4001 εἰ
836 3946 973 4017 πρὸς
1008 3946 1199 4000 ἑαυτὸν
1233 3947 1325 4001 ἐπὶ
1356 3948 1455 4018 τὴν
1488 3949 1743 4020 ἐσχατιὰν

1846 3954 2094 4019 perantia
2149 3968 2351 4023 corpus
2396 3950 2707 4008 exercendo
2755 3951 3046 4022 subigens,
3093 3950 3150 4007 in
3198 3948 3428 4007 urbibus

152 4040 439 4113 ἐχώρησεν
466 4079 481 4105 ,
539 4038 892 4110 γυμνωθῆναι
939 4037 1049 4091 τῶν
1080 4038 1172 4091 ἐπ’
1212 4038 1448 4111 ὠφελείᾳ
1482 4040 1743 4096 συνόντων

1845 4045 2007 4116 quasi
2072 4044 2129 4099 in
2185 4042 2577 4101 solitudinibus
2615 4056 2843 4097 versans
2890 4038 3081 4111 (quod
3141 4039 3427 4096 hominum

151 4130 353 4197 οἷόςτε
381 4128 451 4205 ἦν
470 4149 483 4164 ·
517 4131 657 4186 ὥστε
679 4131 772 4185 xa't
807 4130 901 4184 ἐπὶ
933 4129 1149 4195 τούτου,
1179 4130 1301 4184 καθ’
1333 4132 1626 4203 ὁμοιότητα
1652 4132 1743 4187 τοῦ

1845 4151 2178 4209 congressus
2211 4136 2360 4191 illius
2392 4135 2647 4191 virtutem
2676 4134 2815 4191 nihil
2850 4133 3109 4203 lmderet)
3144 4140 3198 4190 et
3230 4148 3295 4188 ex
3337 4148 3428 4189 so-

152 4224 492 4280 Βαπτιστοῦ.
524 4223 679 4277 πόλιν
718 4224 818 4293 τὴν
848 4222 1054 4295 ἔρημον
1080 4222 1334 4291 γενέσθαι
1377 4240 1743 4296 στενοχωρου-

1847 4224 2172 4280 litudinibus
2228 4224 2395 4280 urbes
2435 4224 2694 4279 efﬁciens.
2742 4222 2930 4294 Neque
2962 4223 3107 4283 enim
3169 4223 3374 4280 idcirco
3406 4265 3426 4291 ,

156 4319 331 4389 μένην
372 4322 487 4381 τοῖς
524 4316 893 4388 ἐπιρρέουσιν.
936 4314 1012 4368 Τὸ
1061 4313 1120 4368 δὲ
1171 4314 1247 4387 μὴ
1296 4313 1540 4383 κάλαμον
1583 4317 1743 4371 αὐτὸν

1845 4315 1992 4388 quod
2021 4331 2143 4373 cum
2166 4315 2516 4383 multitudine
2556 4325 2996 4379 conversaretur.
3029 4316 3328 4389 quidquam
3356 4316 3427 4374 de

151 4410 295 4467 εἶναι
359 4410 430 4464 δι’
488 4396 739 4474 εὐκολίας
792 4407 931 4480 πρὸς
995 4406 1095 4471 τὰς
1156 4407 1404 4471 ἐναντίας
1451 4407 1743 4479 ὑπολήψεις

1848 4414 2041 4461 exacto
2072 4414 2127 4462 et
2157 4414 2319 4461 cauto
2360 4407 2486 4461 vita:
2531 4406 2787 4464 instituto
2830 4406 3201 4474 immutabat;
3248 4423 3428 4478 neque

154 4505 648 4579 μετακλινόμενον,
686 4502 924 4557 δείκνυσι
962 4500 1024 4554 τὸ
1059 4502 1117 4557 ὲν
1154 4501 1290 4554 πᾶσι
1324 4503 1432 4564 τοῖς
1465 4501 1616 4571 παρά
1652 4501 1743 4555 τὸν

1852 4497 1898 4553 si
1938 4511 2187 4552 seorsum
2229 4497 2285 4552 in
2349 4497 2697 4555 solitudinem
2738 4497 3088 4565 secessisset,
3136 4498 3331 4553 nudari
3362 4512 3430 4554 ac

152 4599 271 4669 βίον
299 4595 646 4668 κεκριμένοις
677 4594 826 4666 αύτῷ
854 4594 1263 4665 ἀμετάπτωτον.
1306 4592 1538 4663 Ἥρεσεν
1568 4594 1627 4662 ἐξ
1644 4596 1743 4669 ἀρ..

1849 4588 2032 4644 deseri
2064 4598 2279 4660 poterat
2317 4591 2386 4645 ab
2416 4590 2483 4646 iis
2526 4590 2618 4661 qui
2662 4591 2913 4647 utilitatis
2942 4591 3114 4662 gratia
3138 4630 3155 4657 ,
3196 4606 3430 4649 consueo

149 4690 258 4761 χῆς
282 4690 317 4759 ἡ
350 4686 704 4758 ἀκτημοσύνη
722 4701 737 4717 ο
764 4684 938 4756 πέτρα
962 4701 1049 4744 τις
1078 4683 1328 4747 ἄσειστος
1356 4685 1388 4754 ή
1416 4684 1595 4756 κρίσις
1626 4687 1743 4757 ἐγέ-

1849 4676 2040 4733 tudine
2087 4687 2249 4748 atque
2302 4679 2560 4734 convictu
2630 4680 2751 4749 ejus
2790 4682 3121 4749 utebantur,
3173 4683 3309 4738 adeo
3371 4691 3430 4738 ut

149 4797 294 4835 νετο.
349 4778 646 4849 Ἐπεθύμει
704 4775 794 4831 διὰ
828 4775 1199 4846 καθαρότητος
1236 4775 1622 4846 προσεγγίζειν
1666 4779 1743 4851 τῷ

1846 4770 2010 4825 etiam
2044 4769 2211 4842 hujus
2249 4778 2517 4841 tempore,
2563 4771 3027 4844 quemadmodum
3068 4773 3126 4828 in
3172 4773 3281 4827 vita
3326 4772 3430 4827 Ba-

148 4872 275 4943 Θεῷ
299 4889 315 4903 ⁸
354 4872 482 4941 ὅρος
514 4864 584 4942 ἦν
612 4872 645 4940 ή
685 4866 950 4939 ἐπιθυμία
983 4866 1122 4938 αὕτη
1147 4905 1163 4929 ,
1190 4866 1252 4919 οὐ
1286 4865 1549 4938 κάλαμος,
1583 4869 1745 4924 Οὐδέ-

150 4981 287 5019 ποτε
318 4962 427 5034 γὰρ
457 4961 596 5033 πρὸς
635 4961 734 5024 τὰς
769 4960 1082 5023 ἀντιπνοίας
1116 4959 1227 5012 τῶν
1273 4960 1594 5031 πειρασμῶν
1642 4962 1746 5015 ὑπ-

148 5056 419 5111 εκλίνετο.
459 5054 571 5125 Τῆς
614 5052 671 5105 δὲ
707 5051 846 5124 πρὸς
879 5052 972 5106 τὸν
1006 5051 1139 5106 Θεὸν
1183 5052 1404 5122 ἀγάπης
1455 5054 1516 5108 τὸ
1556 5055 1750 5125 πάγιον

152 5148 321 5217 μόνου
356 5140 427 5215 ἦν
466 5144 561 5198 τοῦ
600 5144 925 5198 Ἀποστόλου
960 5143 1047 5197 διὰ
1066 5142 1174 5197 τῶν
1204 5144 1351 5198 ἰδίων
1381 5144 1554 5213 λόγων
1583 5147 1748 5201 ἐνδεί-

149 5236 351 5301 ξασθαι
380 5276 394 5298 .
427 5235 505 5307 τῷ
538 5236 677 5307 μήτε
712 5236 813 5307 τὴν
850 5234 1023 5307 ζωὴν,
1068 5236 1205 5307 μήτε
1238 5235 1329 5290 τὸν
1352 5236 1579 5291 θάνατον
1609 5278 1625 5303 ,
1668 5239 1743 5312 μὴ

146 5328 465 5391 ἐνεστῶτα,
517 5327 592 5400 μὴ
628 5327 924 5399 μέλλοντα,
975 5329 1115 5399 μήτε
1154 5326 1277 5382 τινὰ
1324 5329 1500 5382 κτίσιν
1548 5331 1741 5402 ἑτέραν

144 5419 415 5473 δύνασθαι
451 5420 619 5474 αὑτοῦ
651 5419 748 5492 τὴν
777 5418 1007 5491 καρδίαν
1031 5419 1140 5473 ἀπὸ
1176 5419 1275 5490 τῆς
1314 5420 1450 5488 πρὸς
1480 5421 1570 5474 τὸν
1607 5421 1741 5476 Θεὸν

146 5508 380 5581 ἀγάπης
416 5509 797 5581 παρώσασθαι.
847 5510 1003 5565 Οὕτω
1034 5511 1128 5563 καὶ
1181 5510 1241 5563 ὲν
1288 5512 1422 5562 πᾶσι
1469 5513 1583 5576 τοῖς
1618 5514 1737 5567 κατ’

146 5600 358 5673 ἀρετὴν
390 5599 539 5672 αὺτῷ
583 5602 964 5673 κεκριμένοις,
993 5600 1243 5671 οὐδαμῶς
1289 5599 1619 5672 καλαμώδης
1657 5621 1742 5667 τις

143 5689 219 5764 ἦν
269 5693 369 5748 καὶ
401 5693 653 5758 ἀϐέϐαιος
700 5695 797 5765 τὴν
840 5694 1078 5748 διάνοιαν
1102 5734 1119 5759 ,
1171 5692 1308 5746 ἀλλά
1352 5692 1438 5745 διὰ
1470 5695 1685 5748 πάντων
1712 5699 1741 5750 6

145 5788 269 5859 βίος
304 5781 420 5858 εἶχε
464 5786 526 5841 τὸ
581 5788 638 5841 ὲν
683 5790 794 5853 τοῖς
838 5787 1021 5852 καλοῖς
1062 5784 1471 5859 ἀμετάπτωτον.
1514 5785 1738 5861 Παρρη-

1847 4866 2130 4937 ριίειω,ει
2160 4865 2458 4922 solitudine
2474 4866 2610 4923 urbs
2630 4867 2953 4931 elﬁceretur,
2977 4883 3097 4937 qua:
3124 4866 3427 4922 conﬂuente

1850 4957 2202 5012 multitudine
2228 4966 2629 5015 coarctaretur.
2661 4959 2818 5026 Quod
2848 4968 3030 5015 autem
3065 4960 3277 5019 arundo
3313 4976 3426 5016 non

1847 5057 2016 5114 esset,
2047 5065 2169 5120 quae
2198 5049 2357 5107 facile
2400 5053 2466 5107 ad
2500 5055 2808 5109 contrarias
2854 5055 3138 5125 opiniones
3185 5054 3427 5123 impelle-

1846 5148 2021 5207 retur,
2053 5152 2378 5213 argumento
2418 5152 2505 5201 est
2529 5161 2616 5208 ea,
2646 5162 2811 5217 quam
2836 5147 3027 5202 habuit
3064 5147 3119 5201 in
3167 5146 3425 5202 omnibus

1845 5236 2040 5299 rebus,
2071 5252 2209 5306 quas
2238 5252 2338 5307 per
2394 5238 2562 5293 vitam
2598 5254 2720 5293 cum
2750 5240 2955 5310 judicio
2998 5237 3338 5307 suscepisset
3372 5247 3427 5293 et

1842 5328 2198 5391 instituisset,
2233 5332 2547 5386 constantia
2607 5340 2771 5402 atque
2808 5330 3105 5387 ﬁrmitudo.
3138 5331 3427 5388 Placuerat

1845 5418 1915 5473 ab
1940 5418 2099 5474 initio
2145 5419 2284 5474 nihil
2310 5422 2609 5492 quidquam
2662 5423 2943 5494 possidere
2975 5462 2991 5487 ,
3023 5431 3079 5479 et
3130 5437 3421 5493 pauperem

1845 5528 2017 5568 esse:
2075 5521 2336 5583 tanquam
2402 5524 2555 5586 petra
2608 5516 2831 5571 immota
2873 5526 3038 5585 atque
3094 5515 3422 5570 inconcussa

1846 5603 2047 5658 stabile
2085 5618 2149 5659 ac
2180 5603 2396 5659 ﬁrmum
2431 5605 2484 5660 id
2527 5605 2794 5675 judicium
2824 5606 2944 5660 fuit.
2981 5605 3421 5676 Concupiscebat

1846 5711 1941 5766 per
1984 5695 2275 5765 puritatem
2327 5698 2771 5768 appropinquare
2808 5697 2918 5754 Deo
2950 5716 2963 5753 ε
3001 5712 3160 5754 mons
3195 5705 3311 5753 erat
3357 5712 3423 5752 ea

1851 5786 2144 5862 cupiditas,
2194 5804 2305 5846 non
2328 5789 2563 5847 arundo.
2596 5789 2888 5863 Nunquam
2923 5791 3071 5849 enim
3127 5791 3194 5848 ad
3242 5798 3421 5847 tenta-
