3850 6442
471 287 579 348 803

1740 279 1796 338 S.
1830 277 2157 337 GHEGOHII
2197 278 2493 337 NYSSENI

3621 299 3712 356 804

471 407 683 462 tiouum
719 404 947 476 spiritus
1000 405 1259 460 adversos
1301 404 1644 461 ﬂectebatur.
1695 403 1869 457 Porro
1911 402 2040 457 dile-

2155 400 2396 466 σιάζεται
2426 403 2560 474 πρὸς
2586 404 2670 458 τὸν
2707 405 2957 479 Ἡρώδην
2988 410 3239 483 Ἰωάννης
3257 457 3270 477 ,
3298 415 3390 467 καὶ
3420 408 3570 481 οὗτος
3592 419 3714 487 πρὸς

471 498 675 553 etionis
706 513 833 568 erga
879 497 1045 552 Deum
1081 502 1224 568 (qua:
1257 498 1311 551 in
1361 498 1561 554 Basilio
1604 498 1728 567 fuit)
1787 508 2047 554 constan~

474 591 603 645 tiam
635 596 687 643 et
722 588 1115 652 ﬁrmitudinem
1167 590 1318 645 solus
1366 590 1663 660 Apostolus
1698 590 1816 645 suis
1862 588 2047 644 verbis

473 681 783 751 exprimere
838 690 893 734 et
961 681 1206 737 indicare
1263 689 1470 752 posset,
1540 688 1828 751 propterea
1901 679 2048 750 quod

474 787 652 841 neque
682 771 810 836 vita,
842 788 1018 842 neque
1056 788 1205 828 mors
1231 813 1246 837 ,
1298 788 1474 841 neque
1517 773 1826 843 praesentia,
1869 787 2048 840 neque

475 861 679 928 futura,
721 878 898 933 neque
932 864 1037 917 alia
1076 864 1257 934 aliqua
1285 873 1537 918 creatura
1563 879 1593 917 a
1627 863 1925 919 dilectione
1952 863 2047 920 Dei

474 971 573 1011 cor
601 958 723 1025 ejus
746 956 1025 1012 dimovere
1056 966 1219 1026 atque
1253 956 1547 1011 deturbare
1580 963 1766 1026 posset
1798 957 1861 1010 ¹⁰.
1892 956 2046 1012 Adeo

456 1047 635 1102 etiam
672 1048 726 1101 in
751 1048 1005 1103 omnibus
1034 1088 1048 1109 ,
1081 1064 1203 1117 qua:
1231 1062 1353 1102 cum
1408 1047 1610 1101 virtute
1670 1046 2002 1102 instituisset
2030 1089 2045 1114 ,

475 1152 541 1191 ac
582 1137 686 1191 sibi
712 1137 973 1192 sectanda
1003 1152 1123 1192 esse
1146 1137 1470 1207 judicasset,
1496 1150 1843 1206 nequaquam
1880 1151 2048 1190 arun-

458 1230 673 1285 dineus
698 1230 944 1300 quidam,
989 1240 1043 1284 et
1080 1229 1262 1283 animo
1307 1228 1493 1288 mobili
1534 1242 1598 1281 ac
1636 1238 1819 1282 mente
1858 1228 2050 1282 incon-

476 1324 646 1378 stanti
687 1332 849 1379 erat:
883 1323 977 1378 sed
1031 1332 1125 1393 per
1172 1322 1352 1376 omnia
1402 1323 1514 1375 vita
1546 1319 1711 1391 (ejus)
1768 1320 1822 1374 in
1886 1320 2049 1375 rebus

474 1416 755 1486 praeclaris
777 1415 1142 1470 constantiam
1168 1415 1223 1469 in
1248 1429 1306 1470 se
1328 1413 1565 1467 habebat
1591 1420 1644 1467 et
1674 1412 2048 1467 stabilitatem.

476 1507 669 1564 Libere
696 1515 751 1563 et
788 1508 1019 1578 ingenue
1060 1506 1299 1575 loquitur
1329 1505 1469 1574 apud
1496 1503 1762 1559 Herodem
1785 1503 2048 1569 Joannes,

475 1601 605 1655 item
658 1600 745 1653 hic
775 1600 916 1669 apud
961 1597 1262 1652 Valentem.
1306 1597 1700 1667 Comparemus
1734 1604 1915 1652 autem
1952 1595 2050 1650 ad-

474 1691 708 1746 iuvicem
752 1691 947 1745 borum
998 1690 1238 1743 virorum
1308 1688 1626 1758 dignitates.
1687 1688 1783 1742 Ille
1825 1688 2043 1758 quidem

472 1784 647 1854 partis
701 1782 988 1853 cujusdam
1022 1782 1327 1837 Palaestinae
1386 1781 1611 1836 decreto
1666 1780 2038 1835 Romanorum

472 1876 799 1947 permissum
848 1876 953 1931 sibi
991 1875 1354 1945 principatum
1403 1875 1635 1945 adeptus
1695 1883 1836 1939 erat,
1878 1874 2041 1944 hujus

472 1984 600 2023 vero
634 1969 843 2039 imperii
875 1969 1139 2024 terminus
1167 1979 1286 2023 erat
1323 1976 1471 2022 totus
1501 1968 1894 2038 propemodum
1918 1982 2045 2022 cur-

472 2076 569 2115 sus
617 2060 750 2115 solis
789 2074 819 2113 a
870 2060 1068 2115 linihus
1115 2058 1357 2115 Persidis
1403 2059 1472 2113 ad
1521 2058 1814 2113 Britannos
1873 2075 2046 2129 usque

472 2155 754 2225 pertinens
798 2162 851 2207 et
907 2162 1206 2208 extremam
1237 2151 1437 2207 Oceani
1492 2167 1667 2207 oram.
1711 2156 1809 2212 iAc
1846 2153 2043 2224 lingua:

471 2246 688 2315 quidem
719 2246 940 2301 libertas
968 2246 1230 2301 adversus
1262 2245 1527 2301 Herodem
1559 2245 1610 2299 id
1642 2246 1835 2316 agebat
1876 2254 2043 2316 atque

450 2354 536 2393 eo
552 2338 855 2409 spectabat,
883 2354 948 2392 ne
966 2345 1158 2392 contra
1187 2337 1331 2406 leges
1350 2335 1440 2390 ille
1469 2344 1716 2406 peccaret
1743 2338 1797 2391 in
1822 2337 2044 2392 mulier-

454 2429 592 2483 cula
604 2428 862 2499 quadam,
876 2427 967 2483 sed
984 2427 1356 2498 cupiditatem,
1371 2434 1557 2497 utpote
1572 2427 1782 2499 legibus
1803 2427 2042 2495 vetitam,

472 2521 530 2575 in
566 2536 625 2575 se
661 2528 962 2575 coerceret.
984 2520 1053 2572 At
1084 2517 1347 2573 adversus
1378 2516 1659 2573 Valentem
1692 2518 2043 2588 praeceptoris

470 2613 668 2684 linguae
717 2613 939 2667 libertas
983 2626 1231 2681 quaenam
1264 2611 1434 2666 erat?
1481 2610 1552 2665 Ut
1602 2611 1849 2675 illaesam,
1898 2611 2044 2665 inta-

467 2716 611 2761 ctam
646 2714 700 2760 et
722 2704 1061 2774 impollutam
1095 2705 1301 2761 sineret
1325 2719 1449 2761 esse
1481 2704 1662 2767 ﬁdem,
1689 2704 1780 2759 cui
1813 2704 1861 2760 si
1890 2704 2043 2759 ﬁeret

470 2800 674 2870 injuria
700 2838 716 2863 ,
750 2800 921 2855 totius
949 2799 1102 2854 orbis
1147 2809 1419 2854 terrarum
1448 2799 1633 2854 scelus
1659 2807 1822 2869 atque
1850 2801 2043 2870 piacu-

469 2893 581 2947 lum
611 2890 917 2947 exsisteret.
962 2891 1218 2946 Conferat
1258 2890 1427 2961 igitur
1464 2906 1653 2961 aequus
1683 2906 1867 2946 rerum
1900 2890 2043 2945 aesti-

467 2992 646 3039 mator
686 2992 739 3039 et
789 2980 1158 3055 principatum
1195 2998 1321 3037 cum
1352 2984 1661 3054 principatu
1696 3023 1711 3047 ,
1755 2991 1811 3038 et
1844 2983 2041 3053 lingua:

2149 493 2445 548 Οὐάλεντα.
2483 497 2952 570 Ἀντεξετάσωμεν
2982 501 3039 554 δὲ
3078 503 3215 575 πρὸς
3251 503 3454 575 ἄλληλα
3494 508 3599 561 τῶν
3629 510 3713 562 ἀν-

2146 584 2289 654 δρῶν
2315 586 2517 641 τούτων
2545 589 2612 642 τά
2642 589 2945 660 ἀξιώματα.
2982 593 3041 646 '0
3081 594 3179 664 μὲν
3228 596 3428 668 μέρους
3451 598 3594 663 τινὸς
3622 600 3711 669 τῆς

2148 675 2511 749 Παλαιστίνης
2550 678 2714 751 ψήφῳ
2751 682 3032 753 Ῥωμαίων
3058 686 3159 757 τὴν
3184 686 3497 743 δυναστείαν
3530 691 3711 762 κεκλή-

2152 784 2310 838 ρωτο·
2336 767 2526 822 τούτου
2559 769 2615 823 δὲ
2661 772 2761 842 τῆς
2789 774 2964 845 ἀρχῆς
2996 777 3119 847 ὄρος
3146 772 3215 847 ἦν
3239 777 3356 842 ὅλος
3388 780 3583 851 μικροῦ
3611 782 3710 835 δεῖν

2147 859 2176 910 6
2202 857 2295 910 τοῦ
2323 858 2475 928 ἡλίου
2514 860 2712 932 δρόμος
2734 905 2748 929 ,
2797 866 2861 917 ὲκ
2899 865 3005 918 τῶν
3046 868 3145 937 τῆς
3170 870 3429 940 Περσίδος
3452 873 3610 944 ὅρων,
3640 875 3711 935 εἰς

2148 947 2482 1019 Βρεττανούς
2513 966 2572 1004 τε
2620 951 2713 1003 καὶ
2762 952 2830 1005 τά
2876 952 3080 1023 ἔσχατα
3115 954 3213 1007 τοῦ
3252 956 3505 1010 Ὠκεανοῦ
3544 976 3709 1029 παρα-

2147 1038 2359 1092 τείνων.
2401 1040 2511 1093 Καὶ
2537 1040 2636 1111 τῆς
2687 1042 2785 1111 μὲν
2822 1041 2958 1114 πρὸς
3002 1044 3094 1097 τὸν
3131 1045 3374 1116 Ἡρώδην
3412 1050 3711 1120 παρρησίας

2147 1125 2216 1201 ἦν
2265 1134 2293 1184 6
2345 1133 2582 1196 σκοπὸς.
2633 1130 2707 1204 μὴ
2758 1139 3096 1207 παρανομεῖν
3132 1139 3271 1191 κατά
3305 1140 3527 1207 γυναίου
3555 1142 3707 1205 τινὸς,

2149 1222 2285 1275 ἀλλά
2319 1222 2568 1287 κολάζειν
2594 1224 2678 1294 ἐφ’
2713 1226 2907 1279 ἑαυτοῦ
2930 1227 3028 1299 τὴν
3049 1228 3363 1300 ἐπιθυμίαν,
3388 1231 3464 1295 ὡς
3490 1235 3710 1305 ἀπειρη-

2152 1315 2324 1385 μένην
2354 1317 2433 1386 τῷ
2478 1316 2647 1387 νόμῳ.
2682 1319 2747 1371 'H
2776 1318 2833 1372 δὲ
2871 1319 3006 1392 πρὸς
3043 1321 3314 1376 Οὐάλεντα
3347 1323 3439 1377 τοῦ
3472 1324 3709 1379 διδασκά-

2149 1406 2240 1459 λου
2271 1408 2551 1479 παρρησία
2597 1408 2681 1471 τίς
2708 1404 2775 1479 ἦν
2801 1426 2815 1474 ;
2851 1410 3083 1463 ’Ᾱσυλόν
3129 1429 3187 1464 τε
3214 1414 3308 1465 καὶ
3336 1414 3597 1483 ἀμίαντον
3620 1416 3709 1485 τὴν

2150 1498 2333 1551 πίστιν
2369 1501 2484 1569 ὲᾷν,
2523 1494 2591 1571 ἧς
2636 1501 2668 1569 ή
2700 1502 3012 1572 παρανομία
3052 1504 3232 1573 πάσης
3264 1505 3363 1576 τῆς
3400 1507 3706 1576 οἰκουμένης

2148 1593 2279 1661 ἀγος
2325 1595 2553 1663 ἐγίνετο.
2600 1596 2885 1651 Ἀντιθέτω
2910 1599 3088 1651 τοίνυν
3116 1603 3145 1653 ό
3182 1603 3388 1667 δίκαιος
3419 1605 3529 1657 τῶν
3579 1625 3706 1677 πρα-

2148 1687 2373 1755 γμάτων
2403 1688 2692 1761 ἐξεταστὴς
2735 1692 2834 1761 τήν
2877 1709 2936 1744 τε
2964 1692 3279 1749 δυναστείαν
3307 1699 3375 1767 τῇ
3406 1698 3705 1769 δυναστεία,

2149 1781 2243 1833 καὶ
2292 1780 2382 1833 τὸν
2436 1782 2636 1835 σκοπὸν
2680 1784 2779 1853 τῆς
2824 1787 3136 1856 παρρησίας
3185 1788 3387 1861 ταύτης
3433 1792 3571 1863 πρὸς
3618 1796 3711 1861 τὴν

2144 1874 2453 1944 παρρησίαν
2490 1874 2720 1945 ἐκείνην.
2766 1876 2910 1929 Ἑκεί
2931 1877 3155 1949 μὲνγὰρ
3188 1882 3246 1933 ὲν
3283 1880 3359 1950 τῷ
3390 1881 3601 1952 σώματι
3623 1884 3707 1937 τοῦ

2155 1962 2393 2034 Ἡρώδου
2436 1965 2499 2018 τὸ
2540 1966 2670 2033 ἄγος
2721 1968 3115 2037 περιωρίζετο·
3166 1971 3401 2026 ἐνταῦθα
3432 1973 3490 2025 δὲ
3539 1975 3708 2045 πάσης

2143 2048 2211 2125 ἦν
2241 2054 2424 2109 ἀδικία
2447 2055 2548 2125 τῆς
2574 2056 2917 2127 ἀνθρωπίνης
2945 2058 3156 2127 φύσεως
3173 2102 3188 2125 ,
3216 2063 3247 2131 ἡ
3278 2063 3591 2133 παρανομία
3616 2065 3709 2133 τῆς

2145 2147 2399 2211 πίστεως.
2432 2147 2665 2212 Ἐκεῖνος
2701 2148 2859 2218 μέχρι
2891 2149 3117 2204 θανάτου
3150 2152 3373 2222 ἐμμένει
3404 2157 3472 2223 τῇ
3505 2157 3709 2226 παρρη-

2146 2242 2238 2312 σίᾳ
2260 2256 2275 2272 ο
2310 2241 2406 2294 καὶ
2439 2241 2617 2312 τούτῳ
2668 2242 2839 2313 πέρας
2886 2244 2984 2314 τῆς
3015 2245 3324 2315 παρρησίας
3358 2245 3541 2317 ἐξορία
3571 2248 3709 2316 γίνε⁸

2144 2342 2232 2386 ται
2255 2372 2270 2396 ,
2297 2332 2452 2386 τοῦτο
2480 2331 2574 2387 τοῦ
2606 2334 2865 2405 βασιλέως
2890 2334 3011 2388 ἀντί
3037 2336 3133 2405 τῆς
3165 2336 3509 2391 ὲπιθανατίου
3533 2338 3709 2409 ψήφου

2144 2424 2623 2489 καταδικάσαντος.
2675 2426 2836 2480 Ἀλλά
2868 2428 2962 2480 καὶ
3008 2428 3258 2498 Ἰωάννης
3292 2428 3576 2483 ἀποθανὼν
3613 2430 3710 2502 ζῇν

2144 2516 2459 2571 ἐπιστεύετο
2476 2534 2491 2549 ⁸
2519 2518 2610 2572 καὶ
2635 2518 2897 2590 Βασιλείῳ
2928 2521 3057 2591 παρ’
3091 2520 3269 2573 αὐτῶν
3310 2520 3418 2573 τῶν
3442 2523 3647 2593 ἐχθρῶν
3672 2525 3704 2594 fl

2142 2610 2245 2681 τῆς
2269 2602 2483 2682 ἕξορίας
2521 2611 2812 2665 ἀναλύεται
2840 2612 3019 2682 ψῆφος
3036 2651 3051 2677 ,
3080 2611 3232 2665 οὐδὲν
3256 2610 3344 2665 διὰ
3361 2612 3458 2682 τῆς
3482 2612 3708 2684 ἀπειλῆς

2147 2703 2530 2776 μαλακισθέντι
2568 2704 2697 2775 περὶ
2744 2702 2844 2774 τὴν
2874 2703 3140 2758 ἔνστασιν.
3172 2699 3318 2776 Ἆρα
3342 2704 3711 2777 τολμήσαιμεν

2142 2796 2237 2849 καὶ
2266 2795 2359 2849 ἐπὶ
2392 2794 2481 2849 τὸν
2510 2794 2712 2866 ὑψηλὸν
2754 2794 2939 2847 Ἠλίαν
2985 2794 3249 2864 ἀναϐῆναι
3281 2794 3358 2864 τῷ
3404 2795 3548 2864 λόγῳ
3573 2838 3589 2861 ,
3619 2799 3709 2850 καὶ

2141 2886 2310 2951 δεῖξαι
2338 2886 2429 2939 τὸν
2473 2884 2594 2939 καθ’
2627 2885 2777 2955 ἡμᾶς
2823 2883 3141 2937 διδάσκαλον
3189 2885 3322 2956 πρὸς
3354 2888 3453 2957 τὴν
3500 2889 3710 2941 ἐκείνου

2144 2978 2302 3050 χάριν
2328 2976 2408 3049 τῷ
2454 2977 2554 3048 βίῳ
2600 2976 2679 3047 τῷ
2716 2976 2835 3030 καθ’
2877 2977 3068 3030 ἑαυτὸν
3115 2976 3501 3048 ὁμοιούμενον;
3552 2980 3710 3035 Ἀλλά

467 3078 733 3133 libertatis
764 3077 929 3146 hujus
979 3076 1318 3147 pr0positum
1350 3090 1473 3131 cum
1522 3076 1612 3132 illa
1653 3086 1935 3145 comparet
1967 3077 2032 3131 li-

2142 3072 2239 3142 τὴν
2297 3069 2396 3141 μὲν
2444 3070 2537 3123 ἐπὶ
2584 3068 2678 3121 τοῦ
2718 3068 2970 3157 φλογίνου
3016 3069 3259 3140 ἀρματος
3289 3069 3576 3140 διφρείαν,
3619 3073 3710 3126 καὶ

466 3168 697 3223 hertate.
744 3164 878 3219 Nam
912 3165 1023 3221 illic
1060 3165 1277 3234 quidem
1330 3180 1563 3236 corpore
1606 3164 1839 3221 Herodis
1861 3166 2041 3222 scelus

466 3257 1027 3314 circumscribebatur
1049 3274 1062 3310 :
1083 3256 1174 3311 hic
1203 3272 1334 3311 vero
1362 3256 1585 3311 violatio
1616 3255 1742 3311 ﬁdei
1769 3255 1837 3311 ad
1868 3258 2040 3312 totius

466 3351 718 3406 humanae
747 3356 955 3403 natura:
986 3347 1246 3417 iujuriam
1283 3345 1643 3402 redundabat.
1669 3347 1764 3402 llle
1793 3345 1860 3401 ad
1887 3362 2039 3402 mor-

466 3448 580 3496 tem
627 3453 805 3509 usque
862 3444 1175 3508 perseverat
1221 3436 1277 3491 in
1316 3437 1564 3492 libertate
1615 3439 1887 3493 sermonis
1914 3477 1929 3503 ,
1985 3447 2041 3494 et

467 3533 599 3588 huic
630 3530 755 3585 linis
785 3530 980 3599 lingua:
1007 3528 1274 3583 libertatis
1324 3529 1575 3583 exsilium
1607 3528 1827 3585 exsistit
1856 3569 1871 3595 ,
1913 3545 2037 3585 eum

468 3625 763 3694 imperator
797 3622 937 3676 hanc
988 3634 1205 3691 pinnam
1283 3621 1338 3674 in
1390 3636 1514 3675 eum
1569 3620 1692 3675 loco
1747 3622 2041 3678 mortiferae

467 3714 754 3773 sententiae
786 3712 1087 3769 statuisset.
1116 3711 1186 3764 At
1212 3712 1355 3766 enim
1378 3709 1619 3770 Joannes
1651 3723 1778 3784 post
1807 3724 2039 3771 mortem

465 3808 651 3864 vivere
704 3804 1026 3860 credebatur
1052 3802 1291 3859 :Basilio
1343 3804 1472 3858 item
1517 3804 1585 3859 ab
1622 3804 1864 3860 inimicis
1902 3806 2037 3876 ipsis

468 3897 741 3955 sententia
796 3897 973 3952 exsilii
1029 3895 1366 3951 rescinditur
1394 3934 1409 3959 ,
1438 3910 1562 3950 cum
1592 3905 1818 3968 propter
1856 3898 2036 3955 minas

451 3991 641 4047 nihilo
670 3988 955 4044 remissior
980 3995 1036 4043 et
1055 3986 1275 4059 segnior
1298 3985 1478 4042 factus
1508 3994 1653 4043 esset
1678 3987 1746 4042 ad
1776 3989 2038 4046 resisten-

448 4081 619 4136 ‘dum.
655 4078 736 4133 Au
766 4077 930 4133 etiam
956 4077 1278 4133 audebimus
1311 4077 1376 4132 ad
1406 4076 1693 4133 sublimem
1727 4078 1899 4134 Eliam
1922 4095 2038 4137 ser-

454 4186 628 4226 .mone
659 4168 953 4225 ascendere
977 4207 993 4233 ,
1032 4175 1087 4223 et
1113 4166 1406 4222 ostendere
1456 4176 1705 4223 nostrum
1757 4168 2036 4226 doctorem

467 4277 579 4320 suae
613 4263 736 4317 vitae
787 4260 1039 4316 instituto
1082 4259 1229 4313 illius
1272 4258 1460 4331 gratia:
1493 4261 1825 4317 assimilari?
1855 4261 2039 4317 Enim-

467 4370 599 4410 vero
626 4362 686 4407 ut
723 4354 779 4408 in
822 4354 1071 4407 ﬂammeo
1119 4366 1285 4406 curru
1332 4352 1517 4407 sedeat
1552 4361 1718 4423 atque
1766 4355 2032 4420 vehatur,

465 4456 520 4501 et
553 4448 737 4517 igneos
770 4460 940 4516 equos
983 4443 1328 4511 moderetur,
1360 4452 1414 4499 et
1439 4445 1507 4500 ad
1529 4460 1648 4500 eam
1686 4458 2029 4516 potestatem,

466 4556 588 4610 qua:
619 4553 828 4609 superae
864 4538 1121 4609 praesidet
1148 4552 1333 4593 rerum
1363 4550 1596 4607 naturae,
1640 4544 1986 4613 transmigret
2013 4584 2030 4611 ,

466 4643 627 4683 nemo
679 4628 913 4698 postulet
960 4628 1030 4682 ab
1082 4628 1319 4683 humana
1367 4637 1562 4684 natura
1625 4632 1768 4701 (nam
1803 4648 1904 4687 nec
1943 4634 2035 4690 ille

466 4721 685 4791 quidem
721 4722 861 4775 intra
889 4721 1152 4777 terminos
1197 4732 1251 4777 et
1297 4723 1497 4779 limites
1545 4733 1755 4778 natura:
1799 4740 2032 4782 manens

467 4815 670 4869 illacsus
719 4814 772 4867 in
808 4814 917 4884 igni
954 4816 1428 4877 conservabatur,
1472 4832 1594 4871 cum
1650 4829 1884 4873 terreum
1924 4820 2031 4875 hoc

466 4904 681 4977 pondus
704 4903 886 4958 divina
912 4904 962 4957 vi
991 4905 1058 4959 ad
1085 4920 1202 4959 eam
1236 4907 1534 4970 levitatem,
1567 4924 1687 4977 quae
1712 4910 1766 4963 in
1797 4911 2031 4967 sublime

467 4996 719 5059 ferretur,
739 4993 1169 5062 traul‘ormaret),
1193 5011 1367 5065 neque
1388 4997 1557 5067 (vero)
1580 5001 1720 5069 quod
1743 5017 1845 5057 suo
1865 5005 2033 5060 verbo

465 5081 632 5136 veluti
667 5082 805 5135 clavi
837 5088 1082 5137 uteretur
1104 5084 1224 5153 ejus
1277 5083 1552 5143 facultatis
1575 5127 1590 5152 ,
1620 5105 1740 5159 quae
1777 5092 1845 5147 de
1888 5097 2029 5150 cmlo

465 5174 932 5244 suppeditabatur,
973 5183 1028 5230 et
1056 5178 1309 5246 aperiens
1339 5181 1560 5251 quando
1591 5184 1789 5249 vellet,
1826 5196 1880 5242 et
1911 5204 2033 5243 rur-

464 5283 561 5322 sus
586 5266 866 5330 claudens,
896 5282 1019 5321 cum
1050 5268 1099 5321 id
1151 5269 1331 5326 facere
1364 5275 1703 5332 commodius
1729 5292 1852 5333 esse
1881 5282 2029 5338 vide.

2141 3162 2239 3233 τὴν
2272 3162 2378 3215 τῶν
2423 3160 2659 3231 πυρίνων
2692 3162 2973 3231 ἡνιόχησιν
3020 3160 3235 3229 ἵππων,
3297 3164 3392 3215 καὶ
3421 3163 3518 3233 τὴν
3573 3164 3710 3234 πρὸς

2138 3253 2201 3307 τὸ
2235 3251 2624 3324 ὑπερκείμενον
2654 3253 2753 3322 τῆς
2784 3254 2896 3306 ἀνω
2925 3251 3132 3323 λήξεως
3158 3254 3533 3326 μεταχώρησιν
3559 3297 3574 3320 ,
3610 3274 3711 3328 μηα

2139 3346 2251 3409 δεὶς
2298 3346 2596 3399 ἀπαιτείτω
2638 3344 2737 3417 τὴν
2782 3344 3127 3415 ἀνθρωπίνην
3179 3346 3360 3415 φύσιν.
3408 3348 3542 3401 Οὐδὲ
3603 3350 3709 3418 γὰρ

2141 3440 2345 3501 ἐκεῖνος
2393 3440 2451 3490 ὲν
2496 3439 2609 3500 τοῖς
2656 3438 2804 3508 ὅροις
2844 3437 3019 3508 μένων
3064 3437 3166 3508 τῆς
3214 3439 3459 3507 φύσεως,
3494 3441 3712 3512 ἀπαθής

2139 3533 2199 3584 ὲν
2230 3531 2307 3602 τῷ
2342 3531 2474 3601 πυρὶ
2516 3529 2835 3595 διεσώζετο,
2887 3531 3022 3601 πρὸς
3067 3530 3128 3584 τὸ
3170 3531 3449 3602 ἀνωφερὲς
3502 3550 3566 3585 τε
3618 3535 3711 3587 καὶ

2139 3623 2339 3692 κοῦφον
2371 3622 2492 3694 θείᾳ
2523 3621 2750 3691 δυνάμει
2786 3620 3206 3691 μεταακευάζων
3253 3621 3315 3673 τὸ
3353 3621 3616 3692 ἐμϐριθές
3653 3639 3712 3676 τε

2138 3718 2232 3770 καὶ
2260 3716 2467 3787 γήϊνον,
2502 3712 2627 3785 μήθ’
2648 3714 2730 3766 ὅτι
2760 3712 2853 3765 τὸν
2874 3712 3066 3765 ἑαυτοῦ
3101 3712 3255 3780 λόγον
3283 3704 3393 3765 οἶόν
3414 3728 3535 3769 τινα
3566 3714 3714 3768 κλεῖν

2138 3809 2374 3862 ἐποιεῖτο
2416 3806 2515 3878 τῆς
2570 3805 2627 3871 ἐξ
2675 3804 2904 3875 ούρανοῦ
2960 3803 3261 3876 χορηγίας,
3311 3803 3485 3868 ἀνιείς
3524 3821 3590 3858 τε
3624 3806 3711 3859 ὅτε

2140 3899 2380 3971 βούλοιτο
2404 3937 2420 3962 ,
2454 3898 2549 3953 καὶ
2593 3897 2898 3951 ἀποκλείων
2930 3897 3092 3951 πάλιν
3141 3898 3266 3950 κατ’
3302 3895 3553 3962 ἐξουσίαν
3574 3938 3591 3963 ,
3622 3899 3711 3952 ὅτε

2136 3992 2295 4047 τοῦτο
2320 3991 2583 4061 πράττειν
2621 3990 2843 4059 ἄμεινον
2867 3988 3024 4059 ῷετο.
3077 3988 3237 4043 Ἀλλά
3264 3989 3359 4044 καὶ
3387 3988 3448 4042 τὸ
3493 3992 3578 4053 είς
3612 4006 3714 4043 πο·-

2136 4084 2231 4138 λὺν
2268 4084 2429 4137 αὑτὸν
2464 4082 2745 4154 διαρκέσαι
2794 4081 2989 4153 χρόνον
3042 4081 3336 4146 ἀπόσιτον,
3381 4082 3480 4152 μιᾷ
3531 4085 3711 4154 τροφῇ

2136 4175 2230 4228 τοῦ
2266 4174 2560 4247 ὲγκρυφίου
2594 4171 2800 4225 ἐκείνου
2832 4169 3077 4241 όλυρίτου
3120 4171 3177 4222 ὲν
3209 4170 3379 4240 ὁμοίῳ
3410 4171 3509 4241 τὴν
3547 4170 3714 4223 δύνα-

2140 4285 2233 4339 μιν
2256 4266 2420 4319 αὐτοῦ
2444 4263 2773 4327 διασώζοντα
2796 4262 2988 4333 μέχρις
3012 4261 3234 4332 ἡμερῶν
3259 4260 3678 4331 τεσσαράκοντα
3697 4279 3714 4294 ·

2139 4357 2417 4430 παρείσθω
2462 4355 2557 4409 καὶ
2600 4354 2757 4408 τοῦτο
2782 4394 2797 4418 ,
2830 4355 2906 4417 ὠς
2937 4355 3118 4425 μεῖζον
3150 4354 3183 4425 ἢ
3216 4354 3357 4408 κατά
3397 4353 3712 4425 ἄνθρωπον.

2066 4414 2114 4471 D
2144 4414 2378 4520 Ἀπορος
2403 4448 2512 4519 γὰρ
2541 4450 2605 4518 τῇ
2634 4414 2950 4519 ἀνθρωπίνη
2986 4414 3143 4513 φύσει
3168 4414 3277 4498 τῶν
3307 4445 3444 4516 ὑπὲρ
3475 4414 3645 4516 φύσιν
3680 4449 3715 4517 ή

2133 4547 2384 4617 μίμησις.
2417 4540 2666 4609 Σιγάσθω
2689 4540 2747 4593 δὲ
2792 4539 2927 4610 μετά
2950 4538 3157 4592 τούτων
3178 4540 3206 4591 δ
3235 4556 3293 4591 τε
3334 4538 3541 4610 βραχὺς
3569 4543 3716 4594 έκεῖ-

2128 4654 2218 4701 νος
2244 4637 2337 4690 τοῦ
2375 4633 2605 4705 ἀλεύρου
2654 4631 2895 4703 κέραμος
2914 4673 2928 4697 ,
2962 4631 3057 4684 καὶ
3103 4632 3131 4682 6
3154 4629 3249 4684 τοῦ
3275 4631 3453 4684 ἐλαίου
3485 4634 3715 4703 καμψάι

2129 4745 2262 4800 κηςο
2290 4727 2527 4797 διαρκῶν
2575 4723 2833 4791 ἑκάτερος
2865 4721 3001 4791 πρὸς
3032 4722 3131 4787 τὴν
3180 4722 3367 4791 χρείαν
3409 4723 3467 4774 ὲν
3495 4726 3567 4793 τῇ
3612 4728 3717 4795 τῆς

2129 4820 2335 4891 τροφῆς
2362 4816 2611 4889 χορηγίᾳ,
2634 4816 2738 4868 καὶ
2770 4813 2936 4867 παντὶ
2958 4813 3053 4866 τοῦ
3082 4812 3239 4882 λιμοῦ
3270 4812 3347 4883 τῷ
3371 4814 3550 4885 χρόνῳ
3580 4831 3716 4883 συμ.

2134 4912 2470 4983 παρατείνων
2503 4908 2600 4978 τὴν
2624 4907 2804 4977 χάριν,
2836 4906 2914 4968 είς
2934 4902 3027 4973 ἐτη
3054 4904 3177 4973 τρία
3207 4904 3301 4957 καὶ
3326 4904 3497 4973 μῆνας
3517 4906 3607 4969 ἒξ.
3633 4906 3716 4960 Τά

2134 5006 2243 5076 γὰρ
2267 5004 2361 5073 τῆς
2394 5000 2597 5055 ἄνωθεν
2624 4996 2901 5068 ἐνεργείας
2944 4994 3212 5065 θαύματα,
3258 4994 3567 5058 ἰδιάζουσαν
3620 5000 3717 5052 ἐπὶ

2134 5100 2242 5152 τῶν
2270 5097 2444 5167 ἔργων
2469 5092 2581 5163 ἔχει
2607 5090 2704 5162 τὴν
2738 5090 2985 5160 δύναμιν.
3018 5090 3128 5141 Καὶ
3147 5091 3245 5142 οὐκ
3270 5089 3334 5143 ἄν
3356 5107 3437 5152 τις
3467 5091 3720 5159 εὐλόγως

2136 5190 2450 5263 ἀνθρωπίνῃ
2482 5187 2641 5256 φύσει
2678 5184 2778 5246 τὰς
2810 5183 3065 5247 τοιαύτας
3090 5183 3513 5254 θαυματοποιίας
3563 5184 3724 5251 λογίο-

2137 5300 2306 5339 σαιτο.

465 5369 636 5412 retur.
679 5358 1011 5424 Quinetiam,
1042 5361 1191 5427 quod
1216 5361 1282 5415 ad
1316 5365 1549 5419 multum
1581 5367 1672 5423 ille
1705 5377 1922 5443 tempus
1962 5376 2201 5432 inediam
2271 5374 2563 5431 toleraret,
2617 5382 2726 5423 uno
2771 5366 2897 5421 cibo
2963 5365 3310 5421 subcinericii
3367 5366 3516 5421 illius
3581 5367 3723 5420 hor-

464 5454 647 5509 deaeei
683 5456 841 5523 panis
881 5455 934 5509 in
965 5458 1081 5526 pari
1115 5458 1436 5515 habitudine
1468 5462 1614 5519 vires
1664 5481 1796 5523 suas
1846 5470 1913 5525 ad
1978 5471 2339 5543 quadraginta
2388 5481 2564 5535 usque
2611 5465 2728 5519 dies
2776 5476 3114 5518 conservans
3164 5499 3181 5527 ,
3257 5463 3725 5532 pmterrnittatur

465 5551 628 5605 etiam
667 5550 791 5617 hoc,
847 5562 1034 5625 utpote
1080 5546 1299 5627 majus,
1335 5573 1497 5628 quam
1544 5560 1781 5618 humana
1845 5567 2030 5638 capiat
2091 5577 2312 5623 natura.
2355 5562 2555 5619 Earum
2589 5561 2736 5618 enim
2770 5574 2987 5629 rerum,
3035 5570 3176 5637 ‘qua‘.
3225 5564 3487 5628 superant
3550 5568 3723 5612 natu-

540 5730 587 5763 “
623 5730 783 5788 Rom.
807 5752 926 5796 vm.
958 5737 1047 5792 58.
