3850 6464
176 269 283 324 805

1247 264 1317 322 IN
1350 260 1633 323 LAUDEM
1672 260 1974 320 FRATRIS
2012 263 2277 321 BASlLll.

3278 262 3386 320 806

158 400 297 450 ram,
326 383 560 439 imitatio
584 382 834 438 humana:
871 389 1081 438 natura:
1109 381 1367 454 impedita
1411 390 1518 438 est.
1547 379 1776 436 Silentio
1816 389 2167 451 praetereatur
2223 385 2351 439 item
2410 398 2533 439 cum
2565 382 2654 439 his
2716 389 2771 438 et
2820 382 3052 454 exiguus
3094 380 3187 438 ille
3246 381 3381 437 fari-

156 492 239 530 na:
277 492 498 541 urceus,
528 484 589 532 et
610 490 728 540 vas,
774 491 883 552 quo
924 477 1104 532 oleum
1137 475 1813 544 continebatur:quorum
1870 482 2163 544 utrumque
2208 477 2463 539 tamhoc,
2494 492 2654 548 quam
2726 476 2837 541 ille,
2904 472 3050 545 quod
3117 473 3186 528 ad
3251 488 3381 542 sup-

155 568 542 637 peditationem
576 568 773 622 attinet
804 567 1071 631 alimenti,
1102 567 1169 622 ad
1215 567 1598 623 necessitatem
1662 565 1981 632 suﬂiciebat,
2024 582 2121 637 per
2168 584 2327 623 omne
2373 576 2587 638 tempus
2623 567 2783 623 lamis
2842 566 3163 622 beneﬁcium
3218 564 3380 620 simul
3440 571 3451 579 '

155 676 461 731 prorogaus
508 668 563 715 et
602 660 903 716 extendens
943 661 1009 714 ad
1046 675 1221 715 annos
1248 668 1361 715 tres
1398 666 1455 714 et
1504 672 1720 715 menses
1754 673 1871 712 sex.
1908 657 2040 713 Nam
2103 675 2314 731 superae
2358 660 2686 729 operationis
2714 658 2977 713 miracula
3045 658 3375 728 peculiarem

152 757 206 809 in
243 754 502 823 operibus
546 753 654 807 vim
698 752 916 808 habent.
959 752 1070 808 Nec
1119 762 1264 809 recte
1308 753 1434 823 quis
1475 750 1747 821 ejusmodi
1787 751 2044 807 miriﬁcas
2088 754 2433 822 operationes
2473 752 2833 827 assignaverit
2863 751 3112 805 humana:
3142 757 3376 804 naturae.

219 844 356 896 Τίνα
387 839 477 897 οῦν
511 844 657 896 ἐστιν
685 845 783 897 ὅσα
811 842 905 897 τοῦ
948 844 1263 898 διδασκάλου
1296 844 1451 915 ἡμῶν
1478 844 1615 917 πρὸς
1645 840 1711 897 τά

1884 844 2015 909 Quae
2053 854 2182 899 sunt
2232 845 2397 915 igitur
2422 845 2595 899 nostri
2644 842 2997 914 praeceptoris
3030 842 3192 909 bona,
3255 857 3378 911 qua:

150 936 207 986 ἐν
254 933 330 1004 τῷ
374 935 625 1005 προφήτῃ
680 933 1024 1005 θεωρούμενα
1079 933 1177 1003 τὴν
1227 933 1509 987 κοινωνίαν
1565 932 1717 1003 ἐχει;

149 1027 317 1095 Ζῆλος
334 1026 589 1089 πίστεως,
611 1026 900 1097 δυσμένεια
924 1025 1063 1080 κατά
1078 1024 1185 1079 τῶν
1207 1025 1554 1088 ἀθετούντων,
1586 1026 1721 1095 ἀγά-

149 1136 225 1185 πη
247 1116 380 1187 πρὸς
400 1119 490 1170 τὸν
513 1118 665 1180 Θεὸν,
687 1117 945 1188 ἐπιθυμία
960 1116 1052 1170 τοῦ
1071 1116 1222 1181 ὄντος
1239 1117 1403 1181 ὄντως
1419 1118 1553 1189 πρὸς
1571 1118 1719 1172 οὐδὲν

147 1208 257 1261 τῶν
278 1209 477 1262 ύλικῶν
500 1209 863 1280 ἀπορρέουσα,
886 1207 997 1279 ζωὴ
1015 1209 1101 1263 διὰ
1122 1210 1333 1264 πάντων
1355 1210 1716 1282 ἐξητασμένη,

148 1300 263 1370 βίος
296 1300 705 1372 κατεσκληκὼς,
738 1301 953 1372 βλέμμα
980 1304 1058 1373 τῷ
1087 1305 1222 1373 τόνῳ
1250 1303 1349 1375 τῆς
1380 1302 1555 1372 ψυχῆς
1593 1320 1719 1356 συν-

62 1410 68 1420 '
143 1393 474 1463 τεινόμενον,
518 1392 781 1463 σεμνότης
830 1395 1239 1465 ἀνεπιτήδευτος
1265 1411 1280 1426 ο
1332 1396 1529 1466 ἡσυχία
1559 1394 1716 1462 λόγου

144 1485 530 1554 ἐνεργεστέρα,
581 1485 800 1555 φροντὶς
832 1485 1093 1556 περὶτῶν
1121 1485 1506 1557 ἐλπιζομένων,
1548 1502 1717 1540 κατα-

144 1574 409 1643 φρόνησις
446 1574 551 1626 τῶν
583 1573 890 1646 ὁρωμένων,
915 1576 1174 1648 ὁμοτιμία
1204 1577 1340 1650 πρὸς
1371 1580 1479 1632 πᾶν
1506 1576 1569 1631 τὸ
1598 1595 1717 1647 φαι-

138 1664 388 1733 νόμενον,
437 1663 544 1718 εἴτε
569 1682 652 1729 τις
680 1664 787 1718 τῶν
814 1667 1131 1739 ὑπερόγκων
1160 1669 1218 1722 ἐν
1247 1668 1516 1739 ἀξιώματι
1542 1670 1716 1742 τύχοι,

137 1757 255 1810 εἴτε
271 1756 380 1809 τῶν
406 1757 673 1811 ταπεινῶν
692 1775 753 1812 τε
776 1758 870 1812 καὶ
893 1760 1319 1833 ἀπερριμμένων
1341 1763 1711 1833 προφαίνοιτο.

138 1848 332 1901 Ταῦτά
375 1851 489 1901 ἐστι
534 1849 630 1902 καὶ
660 1849 728 1903 τὰ
769 1849 1025 1917 τοιαῦτα,
1072 1852 1130 1904 ἐν
1159 1850 1239 1916 οἷς
1269 1856 1517 1924 μιμεῖται
1548 1855 1578 1908 6
1617 1855 1713 1909 τοῦ

136 1938 460 1992 διδασκάλου
498 1938 610 2009 βίος
641 1940 709 1993 τὰ
735 1939 828 1993 τοῦ
877 1939 1058 1994 Ἠλίου
1100 1941 1368 2013 θαύματα.
1423 1945 1487 1998 El
1530 1944 1588 1998 δέ
1630 1963 1715 2009 τις

137 2031 407 2101 προφέρει
430 2029 537 2083 τῶν
566 2031 968 2103 τεσσαράκοντα
996 2033 1215 2104 ἡμερῶν
1236 2033 1333 2105 τὴν
1358 2035 1591 2101 ἀσιτίαν,
1619 2037 1712 2089 καὶ

136 2122 304 2192 ἡμεῖς
328 2122 418 2176 τοῦ
442 2122 758 2176 διδασκάλου
781 2123 878 2194 τὴν
906 2123 993 2177 διά
1021 2124 1221 2189 παντὸς
1246 2125 1340 2179 τοῦ
1377 2126 1491 2196 βίου
1533 2128 1709 2196 ὀλιγο-

138 2213 321 2266 σιτίαν
352 2214 852 2285 ἀντιπροσοίσομεν.
884 2214 1181 2279 Γειτνιάζει
1210 2216 1317 2286 γάρ
1350 2233 1465 2279 πως
1490 2217 1567 2287 τῷ
1594 2218 1713 2270 ἀσί-

134 2322 220 2376 τῳ
249 2305 310 2358 τὸ
341 2304 652 2373 όλιγόσιτον,
698 2306 791 2359 καὶ
820 2305 1050 2375 μάλιστα
1087 2306 1212 2360 ὅταν
1238 2306 1297 2360 τὸ
1333 2308 1431 2377 μὲν
1463 2310 1520 2361 ἐν
1547 2308 1712 2379 ὀλίγῳ

135 2398 370 2467 γένηται
402 2398 598 2469 χρόνῳ,
626 2397 688 2450 τὸ
723 2397 780 2450 δὲ
808 2398 943 2470 πρὸς
972 2398 1145 2452 πάντα
1166 2398 1424 2472 διαρκέσῃ
1449 2399 1541 2453 τὸν
1574 2398 1705 2469 βίον.

142 2488 357 2551 Ἀλλως
400 2505 459 2541 τε
502 2489 662 2541 κάκεῖ
706 2487 804 2558 μὲν
841 2490 869 2541 6
900 2488 1149 2560 όλυρίτης
1178 2489 1381 2553 ἐκεῖνος
1408 2489 1709 2561 ἐγκρυφίας

135 2579 412 2649 διεκράτει
466 2578 559 2632 τοῦ
592 2579 869 2651 προφήτου
918 2579 1007 2633 τὸν
1050 2580 1222 2645 τόνον,
1256 2579 1392 2649 ἔχων
1414 2597 1466 2633 τι
1494 2574 1709 2644 πάντως

137 2674 198 2725 ἐν
232 2670 412 2740 ἐαυτῷ
454 2670 711 2733 τοιοῦτον,
752 2663 796 2738 ᾧ
825 2671 1165 2740 συνετηρεῖτο
1208 2668 1301 2723 τοῦ
1346 2687 1709 2741 προσενεγκα-

141 2761 309 2831 μένου
345 2761 443 2831 τὴν
472 2761 676 2833 τροφὴν
720 2760 921 2831 ταύτην
951 2761 985 2832 ή
1017 2760 1261 2831 δύναμις.
1294 2762 1599 2832 Τεκμήριον
1626 2761 1704 2827 δέ,

136 2853 221 2905 ὅτι
266 2853 386 2922 οὐχ).
433 2852 541 2905 τῶν
584 2852 867 2923 ὁμοφύλων
908 2869 990 2915 τις
1039 2851 1185 2922 αὑτῷ
1228 2853 1572 2923 σιτοποιήσας
1610 2852 1708 2924 τὴν

134 2944 344 3017 τροφὴν
366 2943 727 3013 παρεθήκατο,
778 2942 890 2997 ἀλλ’
919 2942 1212 3014 ἀγγελικῆς
1238 2943 1588 3015 παρασκευῆς
1618 2945 1707 2996 ἐν-

136 3035 406 3107 εφορήθη.
432 3034 590 3087 Ὅθεν
610 3033 754 3105 αύτῷ
788 3035 998 3106 πλήρης
1022 3053 1081 3089 τε
1114 3036 1209 3089 καὶ
1233 3036 1613 3100 ἀδιάπνευστος
1639 3031 1707 3108 ἦν

134 3127 171 3195 ἡ
213 3127 302 3179 διὰ
343 3126 440 3197 τῆς
488 3124 693 3195 τροφῆς
744 3126 956 3197 ἐκείνης
999 3127 1319 3199 ἐγγινομένη
1364 3127 1441 3199 τῷ
1495 3129 1706 3199 σώματι

132 3217 389 3287 δύναμις.
462 3216 723 3270 Ἐνταῦθα
772 3216 827 3270 δὲ
881 3220 1029 3272 οὐδὲν
1081 3219 1556 3290 καινοτομηθείσης
1606 3220 1707 3290 τῆς

136 3307 452 3377 συνηθείας,
486 3308 680 3380 μέτρον
714 3309 813 3380 τῆς
841 3310 1048 3379 τροφῆς
1074 3312 1102 3364 6
1127 3310 1379 3382 λογισμὸς
1409 3306 1496 3382 ἦν,
1521 3310 1706 3365 τοσοῦ-

134 3415 232 3450 τον
260 3396 517 3467 παρέχων
548 3397 625 3469 τῷ
658 3396 888 3469 σώματι,
918 3400 1016 3469 οὐχ
1044 3400 1165 3453 ὅσον
1191 3403 1225 3470 ἡ
1248 3399 1406 3469 φύσις
1434 3401 1702 3468 ἐϐούλετο,

132 3489 254 3541 ἀλλ’
285 3489 410 3540 ὅσον
436 3490 464 3541 6
490 3490 587 3559 τῆς
616 3490 936 3560 ἐγκρατείας
964 3490 1301 3544 ὲνεκελεύετο
1336 3492 1516 3561 νόμος.
1560 3492 1625 3546 Ἦ
1647 3492 1703 3545 δὲ
1732 3530 1774 3588 C

138 3579 410 3651 ἱερωσύνη
434 3578 527 3633 τοῦ
552 3580 890 3646 διδασκάλου,
924 3584 1167 3652 μιμεῖται
1193 3581 1261 3636 τὰ
1291 3582 1388 3653 τῆς
1416 3583 1708 3655 ἱερωσύνης

132 3670 233 3723 τοῦ
266 3672 546 3742 προφήτου
578 3671 868 3741 αἰνίγματα
888 3712 902 3736 ,
950 3671 1037 3725 διά
1081 3672 1176 3725 τοῦ
1217 3673 1518 3743 τρισσεύειν
1547 3675 1604 3728 ἐν
1630 3673 1709 3746 τῷ

132 3763 283 3833 λόγῳ
310 3764 411 3833 τῆς
440 3762 693 3826 πίστεως,
723 3763 783 3815 τὸ
813 3764 1057 3833 οὐράνιον
1081 3764 1190 3835 πῦρ
1215 3765 1349 3837 πρὸς
1374 3765 1473 3827 τὰς
1503 3767 1711 3837 ἱερουρ-

133 3854 267 3921 γίας
302 3851 659 3922 ἐφελκομένη.
712 3851 830 3924 Πῦρ
856 3852 912 3905 δὲ
944 3851 1042 3924 τὴν
1074 3852 1166 3906 τοῦ
1213 3854 1367 3921 ἁγίου
1400 3855 1711 3926 Πνεύματος

134 3944 370 4014 δύναμιν
402 3942 679 3997 καλεῖσθαι
712 3943 949 4014 πολλαχῆ
984 3943 1132 4015 παρά
1168 3944 1267 4014 τῆς
1292 3946 1513 4016 Γραφῆς
1541 3946 1711 4000 ἐδιδά-

136 4037 375 4106 χθημεν.
410 4034 626 4107 Αύχμδν
670 4035 726 4088 δὲ
761 4038 863 4107 γῆς
906 4036 935 4088 6
974 4034 1284 4099 διδάσκαλος
1334 4035 1457 4089 οὔτε
1500 4036 1708 4101 ἔλυσεν,

135 4127 267 4181 οὔτε
302 4128 595 4197 ἐπήγαγεν.
641 4126 787 4179 Ἐκεῖ
811 4126 867 4179 δὲ
906 4128 934 4179 6
976 4127 1147 4197 μέγας
1176 4128 1478 4199 προφήτης,
1505 4126 1710 4198 πλήξας

135 4222 207 4289 τῇ
244 4218 467 4288 μάστιγι
505 4217 606 4287 τῆς
643 4216 940 4288 ἀνομϐρίας
971 4216 1069 4288 τὴν
1106 4218 1229 4287 γῆν,
1261 4219 1289 4270 6
1320 4218 1479 4280 αὐτὸς
1502 4218 1596 4271 καὶ
1628 4218 1712 4270 ία-

137 4312 271 4381 τρδς
299 4309 393 4363 τοῦ
422 4310 735 4380 τραύματος
762 4308 988 4378 γίνεται,
1024 4309 1320 4380 ἐφάμιλλον
1362 4311 1427 4380 τῇ
1459 4307 1710 4379 ἀλγηδόνι

135 4403 243 4471 τῆς
293 4402 555 4471 μάστιγος
599 4400 697 4471 τὴν
730 4402 793 4453 ἐκ
822 4400 920 4470 τῆς
967 4399 1260 4471 θεραπείας
1302 4401 1481 4453 ἄνεσιν
1529 4400 1710 4465 αὐτοῖς

139 4492 521 4563 χαριζόμενος.
581 4492 641 4544 Ei
668 4492 724 4544 δὲ
768 4494 869 4561 χρή
908 4509 960 4544 τι
989 4493 1082 4544 καὶ
1114 4492 1248 4562 πρὸς
1277 4491 1432 4544 τοῦτο
1459 4490 1551 4544 τοῦ
1586 4492 1708 4545 καθ’

138 4585 295 4653 ἡμᾶς
334 4581 513 4635 Ἠλίου
543 4580 724 4651 θαῦμα
749 4583 923 4633 εἰπεῖν
950 4597 962 4610 ο
994 4580 1115 4651 θεία
1142 4580 1386 4651 βουλήσει
1411 4581 1508 4651 τῆς
1534 4582 1711 4635 τοιαύ-

136 4692 245 4745 της
271 4672 401 4725 ποτέ
432 4673 712 4742 συμφορᾶς
750 4671 1150 4742 ἀπειληθείσης,
1194 4671 1289 4724 καὶ
1320 4670 1481 4742 ξηροῦ
1513 4672 1711 4737 παντὸς

134 4763 238 4816 τοῦ
284 4762 561 4833 χειμερίου
594 4761 782 4834 καιροῦ
817 4761 1280 4833 παραδραμόντος,
1324 4762 1415 4814 καὶ
1443 4762 1708 4832 μηδεμιᾶς

1819 951 1941 991 cum
1966 937 2055 1001 iis,
2084 952 2204 1006 quae
2232 937 2285 991 in
2307 937 2566 1007 propheta
2595 943 2911 997 cernuntur,
2934 934 3373 989 communionem

1819 1038 1874 1082 et
1907 1029 2216 1083 societatem
2245 1028 2521 1082 habeant?
2546 1028 2711 1080 Amor
2736 1034 2789 1081 et
2812 1026 3050 1081 studium
3079 1025 3375 1080 vehemens

1817 1134 1945 1189 erga
1974 1118 2157 1183 fidem,
2186 1119 2369 1173 odium
2400 1118 2661 1173 adversus
2699 1100 3055 1187 aspernantes
3086 1124 3139 1170 et
3185 1131 3375 1186 repro-

1819 1213 2029 1274 bantes,
2063 1212 2280 1267 dilectio
2306 1226 2432 1281 erga
2465 1209 2653 1272 Deum,
2686 1208 2925 1264 studium
2965 1216 3018 1262 et
3043 1207 3373 1262 desiderium

1816 1304 1955 1373 ejus,
1988 1304 2234 1373 quivere
2254 1310 2416 1373 atque
2454 1301 2628 1370 reipsa
2661 1310 2763 1363 est,
2794 1301 2860 1355 ad
2891 1300 3089 1353 nullam
3120 1314 3230 1354 rem
3259 1314 3375 1351 ma-

1817 1394 2057 1448 terialetn
2088 1392 2312 1447 eﬂluens
2344 1400 2504 1461 atque
2544 1391 2867 1457 deﬂectens;
2903 1391 3012 1444 vita
3057 1405 3153 1459 per
3191 1390 3373 1443 omnia

1816 1496 2005 1540 exacta
2036 1493 2198 1553 atque
2224 1485 2514 1553 exquisita,
2545 1484 2722 1537 victus
2755 1482 2962 1548 aridus,
3004 1482 3150 1536 acies
3182 1482 3375 1536 oculo-

1815 1592 1934 1631 rum
1972 1586 2026 1631 et
2079 1575 2299 1631 obtutus
2328 1576 2521 1629 anima:
2569 1575 2738 1644 vigori
2794 1588 2913 1643 par,
2964 1574 3202 1643 gravitas
3264 1588 3371 1627 nou

1814 1666 2082 1730 aﬂ'ectata,
2115 1666 2387 1721 silentium
2434 1680 2683 1721 sermone
2710 1663 2997 1727 eﬂicacius,
3032 1679 3161 1719 cura
3212 1674 3374 1734 atque

1813 1758 2194 1826 contemplatio
2224 1772 2403 1813 rerum
2434 1772 2617 1811 carum
2645 1772 2765 1828 quae
2788 1765 3098 1826 sperantur,
3131 1766 3374 1811 contem-

1812 1854 1937 1917 ptus
1964 1861 2150 1901 earum
2198 1861 2319 1916 qua:
2350 1846 2620 1908 videntur,
2678 1861 2800 1900 cum
2854 1846 3108 1916 quisquis
3158 1846 3375 1902 oblatus

1812 1946 1976 2002 esset,
2005 1936 2119 1992 sive
2158 1936 2210 1990 in
2246 1935 2527 1991 excellenti
2555 1936 2816 2007 dignitate
2850 1935 2986 1991 forte
3012 1937 3368 1998 constitutus,

1811 2031 1926 2085 sive
1950 2045 2015 2084 ex
2046 2029 2342 2083 humilibus
2365 2042 2418 2083 et
2446 2029 2672 2098 abjectis
2700 2043 2821 2084 esse
2846 2040 3150 2099 appareret,
3182 2027 3369 2084 eadem

1812 2121 2120 2192 dignatione
2148 2123 2440 2192 exciperet,
2488 2132 2543 2176 et
2577 2122 2629 2176 in
2659 2121 2846 2176 eodem
2893 2122 3098 2176 honore
3126 2121 3367 2176 haberet.

1815 2212 1941 2268 llaec
1971 2223 2023 2268 et
2060 2212 2328 2282 ejusmodi
2358 2220 2505 2279 sunt,
2554 2212 2609 2266 in
2648 2213 2845 2283 quibus
2888 2213 3232 2283 praeceptoris
3263 2214 3371 2269 vita

1815 2305 2076 2361 miracula
2109 2305 2239 2361 Elim
2278 2305 2537 2361 imitatur.
2575 2303 2730 2370 Quod
2761 2304 2805 2359 si
2835 2304 2959 2375 quis
3003 2303 3210 2374 profert
3237 2319 3373 2374 qua-

1814 2395 2060 2464 draginta
2086 2393 2294 2449 dierum
2319 2393 2578 2458 inediam,
2609 2402 2664 2448 et
2692 2410 2793 2450 nos
2823 2409 2918 2465 per
2952 2409 3167 2451 omnem
3203 2396 3369 2449 vitam

1814 2485 2059 2554 magistri
2111 2485 2164 2538 in
2211 2484 2334 2539 cibo
2364 2483 2753 2555 parcimoniam
2790 2493 2982 2539 contra
3039 2486 3093 2540 in
3133 2486 3371 2541 medium

1814 2576 2119 2631 aﬂ‘eremus.
2156 2574 2344 2631 Vicina
2402 2576 2544 2632 enim
2599 2575 2999 2645 quodammodo
3040 2587 3126 2632 est
3179 2577 3371 2632 inediae

1813 2667 1919 2720 cibi
1969 2667 2236 2737 exiguitas
2281 2677 2335 2722 et
2381 2668 2717 2739 parcimonia
2749 2668 2947 2731 victus,
3011 2682 3075 2722 ac
3113 2668 3369 2732 maxime,

1812 2774 1934 2814 cum
1968 2759 2098 2813 illud
2126 2760 2342 2830 quidem
2382 2760 2576 2831 exiguo
2618 2770 2856 2832 tempore
2888 2759 3090 2815 factum
3120 2762 3210 2826 sit,
3266 2761 3373 2816 bec

1811 2866 1940 2905 vero
1978 2867 2075 2921 per
2117 2867 2331 2906 omnem
2376 2853 2541 2907 vitam
2571 2852 2869 2909 duraverit.
2894 2852 3159 2908 Praeterea
3207 2854 3369 2908 etiam

1812 2943 1923 2997 illic
1975 2943 2190 3012 quidem
2242 2942 2577 3019 hordeaceus
2609 2943 2700 2998 ille
2756 2944 3159 3000 subcinericius
3212 2945 3371 3015 panis

1811 3034 2087 3105 propheta:
2117 3034 2354 3105 vigorem
2408 3042 2461 3090 et
2486 3035 2628 3091 vires
2678 3036 3056 3099 conservabat,
3103 3051 3171 3091 eo
3222 3038 3371 3107 quod

1811 3141 2036 3197 prorsus
2066 3125 2269 3194 aliquid
2302 3125 2567 3195 ejusmodi
2597 3127 2652 3180 in
2683 3142 2803 3183 sese
2835 3127 3077 3190 haberet,
3109 3143 3218 3199 quo
3248 3128 3372 3198 qui-

1810 3232 2025 3287 cunque
2055 3217 2236 3271 cibum
2270 3216 2413 3272 hunc
2447 3217 2786 3288 sumpsisset,
2815 3218 2961 3274 vires
2992 3217 3111 3289 ejus
3143 3233 3369 3275 conser-

1810 3316 2085 3363 varentur.
2121 3309 2289 3376 Cujus
2335 3308 2411 3364 rei
2462 3316 2835 3381 argumentum
2887 3317 2996 3373 est,
3055 3313 3199 3380 quod
3258 3327 3369 3366 non

1810 3401 2149 3470 popularium
2194 3400 2390 3468 aliquis
2435 3399 2481 3455 ei
2521 3417 2713 3470 panem
2765 3400 3070 3456 confectum
3118 3418 3215 3473 pro
3247 3404 3370 3459 cibo

1811 3496 2152 3555 apposuerat,
2183 3488 2276 3542 sed
2306 3488 2375 3543 ab
2406 3489 2610 3558 angelis
2639 3499 2830 3559 parato
2860 3491 2985 3545 cibo
3010 3493 3240 3549 satiatus
3262 3504 3368 3552 est.

1810 3579 1967 3634 Unde
1998 3580 2161 3634 etiam
2202 3579 2373 3650 plenae
2402 3587 2563 3649 atque
2591 3580 2810 3651 integrae
2832 3582 3139 3649 manebant,
3183 3592 3235 3639 et
3260 3602 3368 3641 non

1806 3668 2095 3724 ellluebant
2132 3677 2294 3741 atque
2336 3671 2685 3740 exspirabant
2711 3688 2807 3736 eae,
2839 3688 2960 3743 quae
2981 3689 3076 3743 per
3106 3675 3255 3730 illum
3287 3676 3368 3731 ci-

1806 3763 1934 3817 bum
1971 3767 2185 3832 corpori
2238 3763 2381 3817 vires
2431 3762 2895 3834 ingenerarentur.
2938 3764 3038 3820 llic
3066 3782 3196 3822 vero
3241 3782 3366 3822 cum

1807 3851 1941 3905 nihil
1969 3851 2036 3906 de
2059 3851 2335 3906 consuetis
2368 3852 2721 3907 innovaretur
2756 3862 2810 3909 et
2836 3856 3235 3919 immutaretur,
3275 3872 3361 3911 ra.

1807 3943 1885 3994 tio
1924 3942 2101 3995 cibum
2144 3942 2540 4008 moderabatur,
2593 3954 2800 3999 tantum
2835 3947 3049 4017 corpori
3098 3932 3375 4017 praebens,

1808 4048 1915 4087 non
1948 4041 2209 4101 quantum
2263 4044 2457 4088 natura
2491 4036 2666 4103 vellet,
2713 4036 2808 4092 sed
2855 4045 3118 4107 quantum
3162 4048 3366 4111 tempe-

1810 4126 1998 4178 rantia:
2028 4125 2112 4179 lex
2137 4125 2372 4194 juberet.
2405 4124 2575 4180 Porro
2623 4128 2984 4183 sacerdotium
3020 4134 3367 4202 praeceptoris

1807 4216 2082 4288 propheta:
2128 4215 2416 4272 sacerdotii
2467 4218 2750 4287 aenigmata
2792 4221 3055 4287 imitatur,
3112 4237 3207 4292 per
3260 4223 3366 4280 hoc

1807 4307 1950 4376 quod
1980 4314 2090 4363 tres
2117 4322 2376 4377 personas
2400 4310 2453 4362 in
2480 4310 2690 4365 ratione
2714 4309 2835 4364 tidei
2869 4312 3053 4376 tradit,
3082 4305 3367 4369 caelestem

1809 4400 1985 4469 ignem
2021 4399 2088 4453 ad
2142 4399 2406 4455 sacriﬁcia
2460 4402 2700 4457 eiiciens.
2734 4401 2912 4473 lgnem
2964 4412 3142 4459 autem
3191 4406 3366 4462 sancti

1810 4490 2043 4561 Spiritus
2075 4491 2326 4545 virtutem
2361 4492 2540 4545 vocari
2586 4492 2639 4545 in
2685 4493 2870 4547 multis
2899 4492 3193 4564 Scriptura:
3232 4498 3367 4553 locis

1808 4584 2121 4638 didicimus.
2160 4581 2447 4638 Uredinem
2494 4598 2622 4638 vero
2654 4592 2815 4654 atque.
2862 4584 3158 4641 siccitatem
3211 4598 3369 4642 terra:

1808 4675 2065 4743 magister
2093 4689 2267 4743 neque
2300 4674 2538 4735 sustulit,
2571 4689 2744 4743 neque
2780 4674 3012 4729 induxit.
3036 4676 3149 4730 Illic
3187 4686 3367 4731 autem

1808 4781 2035 4835 magnus
2092 4765 2350 4836 propheta
2405 4781 2525 4819 cum
2578 4765 2830 4819 imbrium
2880 4769 3118 4836 penuriae
3161 4768 3369 4839 ﬂagello

136 4853 377 4926 καρπῶν
403 4852 836 4924 ὑποφαινομένης
866 4853 1071 4916 ἐλπίδος
1096 4869 1111 4885 ο
1146 4852 1263 4905 τότε
1294 4852 1611 4923 προσπεσὼν
1631 4853 1709 4925 τῷ

1811 4866 2011 4912 terram
2042 4858 2403 4920 verberasset,
2455 4859 2569 4926 ipse
2600 4874 2816 4928 quoque
2846 4860 3087 4916 medicus
3130 4862 3368 4917 vulneris

134 4944 263 5014 Θεῷ
294 4945 326 4996 6
366 4941 719 5007 διδάσκαλος,
774 4943 933 5013 μέχρι
979 4941 1080 5012 τῆς
1126 4942 1357 5013 ἀπειλῆς
1399 4943 1492 4997 τὸν
1548 4944 1709 5012 φόϐον

135 5037 393 5105 ἔστησεν,
428 5034 602 5095 λιταῖς
638 5033 698 5086 τδ
719 5032 869 5086 Θεῖον
900 5034 1280 5104 ἱλεωσάμενος,
1312 5035 1403 5088 καὶ
1430 5035 1596 5098 λύσας
1622 5035 1710 5088 διὰ

134 5124 465 5197 προσευχῶν
495 5123 591 5194 τὴν
623 5123 722 5193 τῆς
751 5124 1051 5195 ἀνομϐρίας
1077 5127 1394 5197 κατήφειαν.
1428 5126 1589 5179 Ἀλλά
1616 5128 1710 5180 καὶ

131 5220 240 5289 τῆς
294 5218 389 5268 τοῦ
431 5214 589 5285 λιμοῦ
639 5215 1009 5287 παραμυθίας,
1044 5218 1111 5288 ἢν
1142 5219 1234 5270 ἐπὶ
1261 5219 1389 5288 μιᾶς
1417 5218 1711 5284 ἐνεδείξατο

132 5313 319 5380 χήρας
348 5308 376 5360 ὁ
406 5307 584 5377 μέγας
628 5306 831 5371 Ἠλίας,
862 5308 971 5376 ἔχει
1005 5326 1056 5361 τι
1096 5310 1191 5362 καὶ
1221 5310 1249 5362 6
1274 5310 1396 5363 καθ’
1420 5311 1568 5381 ἡμᾶς
1602 5309 1712 5379 βίος

130 5401 232 5453 ἐπὶ
264 5396 360 5450 τοῦ
391 5394 708 5450 διδασκάλου
736 5396 1006 5467 ὁμοίωμα.
1042 5398 1214 5468 Λιμοῦ
1251 5400 1358 5469 γάρ
1390 5416 1517 5451 ποτε
1559 5398 1715 5469 χαλε-

132 5488 246 5542 ποῦ
289 5485 718 5549 καταπονοῦντος
754 5487 924 5557 αὐτήν
950 5504 1008 5539 τε
1038 5489 1139 5559 τὴν
1169 5488 1321 5543 πόλιν
1349 5490 1407 5541 ἐν
1503 5488 1716 5542 διαιτώ-

137 5596 311 5652 μενος
344 5578 669 5647 ἐτύγχανεν,
720 5580 815 5631 καὶ
861 5580 1040 5633 πᾶσαν
1084 5581 1183 5649 τὴν
1234 5581 1595 5634 ύποτελοῦσαν
1646 5582 1714 5651 τῇ

134 5672 301 5725 πόλει
350 5667 554 5741 χώραν,
596 5667 694 5731 τάς
734 5669 926 5724 ἐαυτοῦ
972 5671 1193 5741 κτήσεις
1230 5671 1580 5742 ἀποδόμενος,
1624 5672 1716 5726 καὶ

1809 4951 2043 5012 exsistit,
2082 4951 2345 5005 cruciatui
2396 4951 2586 5020 ﬂagelli
2628 4966 2727 5021 par
2771 4960 2823 5006 et
2868 4954 3219 5024 aequipollens
3265 4954 3371 5007 lar-

1811 5042 1960 5109 giens
1988 5039 2067 5093 eis
2106 5039 2407 5093 curationis
2457 5041 2697 5096 levamen
2751 5049 2913 5110 atque
2954 5042 3365 5111 mitigationem.

1812 5130 1963 5197 Quod
2018 5130 2060 5184 si
2114 5131 2274 5183 etiam
2321 5129 2584 5185 adversus
2617 5131 2719 5187 hoc
2774 5133 2947 5188 nostri
2979 5132 3105 5186 Elite
3154 5134 3369 5201 aliquod

1813 5219 2133 5273 miraculum
2162 5217 2404 5287 proferre
2448 5229 2681 5290 oportet.
2728 5237 2850 5276 cum
2889 5222 3068 5276 divina
3094 5223 3372 5279 voluntate

1812 5310 2075 5379 ejusmodi
2104 5311 2385 5366 calamitas
2413 5313 2704 5381 aliquando
2730 5315 2851 5367 coeli
2884 5316 3045 5368 minis
3069 5316 3371 5383 significata

1810 5401 2117 5455 immineret
2171 5401 2404 5473 (quippe
2450 5412 2622 5459 totum
2673 5412 2887 5475 tempus
2938 5405 3221 5459 hibernum
3277 5423 3374 5477 per

1810 5491 2106 5545 siccitatem
2140 5493 2498 5563 prastcrierat)
2530 5504 2584 5548 et
2630 5493 2777 5547 nulla
2814 5508 2938 5562 spes
2967 5494 3177 5563 frugum
3205 5511 3373 5564 appa-

1811 5589 1973 5645 reret,
2008 5588 2135 5636 tunc
2182 5584 2440 5653 magister
2490 5584 2596 5639 Deo
2641 5584 2954 5655 supplicans
3000 5586 3140 5639 ultra
3197 5587 3373 5643 minas

1811 5681 2070 5731 terrorem
2122 5674 2370 5747 progredi
2425 5691 2621 5747 passus
2652 5690 2759 5731 non
2805 5686 2909 5741 est,
2960 5691 3083 5733 cum
3120 5678 3374 5747 precibus
