3850 6418
477 291 480 296 ·
501 274 608 330 807

1793 275 1854 333 s.
1895 275 2221 334 cnseonn
2251 239 2549 334 nvsssm

3631 276 3729 333 808

503 392 748 448 divinum
782 403 979 443 numen
1016 391 1304 458 placasset,
1355 397 1408 444 et
1435 403 1534 459 per
1559 390 1837 446 orationes
1867 406 2072 447 maero-

2178 396 2252 458 εἰς
2276 393 2481 465 τροφὰς
2520 391 2810 465 διαμείψας
2834 392 2906 447 τὰ
2935 393 3212 465 χρήματα,
3257 393 3346 446 ὅτε
3390 408 3611 446 σπανιον
3643 385 3731 462 ἧν.-

502 497 641 543 rem,
695 481 788 549 qui
849 489 1068 550 prepter
1121 479 1376 534 imbrium
1435 483 1715 550 penuriam
1763 481 2073 555 (homines)

419 557 426 563 ’
505 572 802 635 invaserat,
855 571 1188 625 sustulisset.
1234 570 1548 636 Quinetiam
1595 573 1986 631 consolationis
2021 582 2076 630 et

505 662 788 716 Ievaminis
823 661 876 715 in
901 661 1068 726 fame,
1097 661 1239 732 quod
1273 663 1326 716 in
1357 677 1463 717 una
1488 663 1648 718 vidua
1679 680 1906 735 magnus
1935 681 2074 735 pra:-

425 793 432 802 .
505 751 644 804 stitit
673 748 840 814 Elias,
888 751 1053 806 habet
1084 752 1249 807 etiam
1283 760 1472 806 nostra
1494 760 1626 808 aetas
1655 754 1890 824 aliquam
1919 757 2075 811 simi-

504 840 788 895 litudinem
829 842 887 895 in
929 841 1212 910 magistro.
1243 839 1375 895 Nam
1404 858 1528 896 cum
1563 843 1742 897 fames
1775 845 2070 915 aliquando

506 933 690 1001 gravis
711 941 767 988 et
795 949 935 988 saeva
965 941 1080 986 tam
1112 933 1282 1002 ipsam
1309 934 1521 998 urbem,
1555 934 1610 988 in
1639 949 1744 1005 qua
1771 935 2068 1001 habitabat,

507 1038 669 1092 quam
697 1038 927 1094 omnem
952 1024 1152 1093 ubique
1181 1024 1453 1079 subditam
1483 1026 1754 1095 regionem
1792 1026 2068 1098 alliigeret,

2172 480 2267 533 καὶ
2297 482 2426 544 τοὺς
2469 481 2671 551 σφόδρα
2711 482 3258 552 παρεσκευασμένους
3277 476 3572 553 ’τράπεζαν
3606 479 3701 533 έαυ

2171 574 2281 634 τοῖς
2311 571 2784 642 παραστήσασθαι,
2817 560 3102 644 διήρκεσεν
3135 573 3339 635 ἐκεῖνος
3379 567 3436 624 ἔν
3469 572 3629 624 παντὶ
3656 571 3728 644 τῷ

2171 660 2344 729 χρόνῳ
2367 659 2459 712 τοῦ
2507 657 2665 730 λιμοῦ
2694 659 2930 731 τρέφων,
2977 659 3104 724 τούς
3127 678 3186 712 τε
3233 660 3565 730 πανταχόθεν
3604 663 3702 732 συρ

2173 751 2413 821 ῥέοντας,
2450 752 2544 804 καὶ
2573 751 2673 822 τὴν
2707 751 2923 804 νεολέαν
2962 750 3159 814 παντὸς
3190 749 3283 804 τοῦ
3314 750 3487 820 δήμου
3515 749 3614 819 τῆς
3636 749 3727 803 πό.

2172 843 2328 906 λεως,
2373 843 2448 906 ὡς
2475 843 2570 895 καὶ
2599 845 2712 907 τοῖς
2737 841 2848 895 τῶν
2885 842 3153 896 Ἰουδαίων
3183 841 3370 895 παισὶν
3413 843 3476 894 ὲκ
3502 841 3592 894 τοῦ
3620 841 3727 893 [σου

2174 935 2486 1006 προτιθέναι
2511 935 2608 1005 τῆς
2639 934 3046 1006 φιλανθρωπίας
3071 933 3275 1004 ταύτης
3301 933 3398 1006 τὴν
3430 934 3726 1005 μετουσίαν.

2173 1026 2426 1096 Διαφέρει
2447 1026 2502 1077 δὲ
2532 1026 2747 1086 πάντως
2767 1023 2938 1087 οὐδὲν,
2965 1023 3000 1093 ἢ
3027 1021 3116 1076 διὰ
3145 1023 3434 1093 καμψάκου
3464 1023 3561 1092 τὴν
3587 1021 3715 1074 θείαι

503 1117 740 1173 venditis
776 1118 891 1172 suis
921 1117 1136 1186 praediis
1171 1125 1226 1172 et
1272 1118 1735 1187 possessionibus,
1785 1130 1946 1190 atque
1976 1136 2070 1189 pe-

503 1197 685 1260 cuniis
738 1208 794 1261 in
835 1208 1091 1261 alimenta
1143 1209 1448 1272 conversis,
1497 1223 1620 1262 cum
1677 1209 1841 1263 etiam
1880 1223 2069 1263 rarum

2178 1207 2283 1278 γὰρ
2305 1205 2623 1277 παραμυθία
2643 1205 2750 1259 τῶν
2771 1204 3038 1276 δεομένων
3061 1205 3122 1258 οὐ
3149 1202 3300 1274 ζητεῐ
3321 1203 3382 1257 τὸ
3400 1202 3582 1267 πόθεν,
3601 1201 3729 1259 ἀλ.λῦ

511 1307 677 1364 esset,
707 1308 766 1352 ut
787 1299 885 1366 illi,
916 1299 1006 1370 qui
1037 1300 1191 1354 valde
1213 1299 1317 1354 sibi
1347 1299 1712 1370 providissent
1733 1308 1787 1354 et
1821 1299 2071 1355 instructi

2178 1299 2312 1371 πρὸς
2335 1298 2396 1350 τὸ
2424 1298 2702 1369 γινόμενον
2729 1297 2932 1368 βλέπει.

505 1403 714 1458 essent,
743 1411 806 1450 ea
827 1410 946 1464 qua:
975 1393 1045 1448 ad
1076 1407 1320 1449 mensam
1347 1401 1401 1448 et
1427 1393 1630 1447 victum
1685 1395 1976 1463 pertinent,
2021 1393 2127 1449 sibi
2187 1393 2456 1448 conﬁcere
2505 1401 2561 1448 et
2599 1393 2944 1462 suppeditare
2998 1399 3240 1461 possent.
3293 1391 3384 1446 ille
3432 1406 3529 1464 per
3579 1404 3725 1448 omns

507 1497 724 1558 tempus
772 1488 954 1551 famis,
1006 1501 1130 1541 eum
1167 1500 1262 1540 eos
1297 1485 1391 1554 qui
1445 1487 1684 1557 undique
1713 1485 2070 1552 conﬂuerent,
2109 1494 2224 1540 tum
2269 1479 2610 1556 j'uventutem
2641 1486 2811 1540 totius
2867 1486 3092 1540 urbanae
3119 1486 3302 1556 plebis
3346 1486 3493 1540 alere
3555 1499 3728 1553 perse-

506 1583 738 1645 veravit,
817 1581 954 1636 adeo
1010 1590 1068 1634 ut
1126 1583 1289 1636 etiam
1338 1579 1649 1634 Iudaeorum
1703 1581 1906 1636 liberos
1957 1580 2120 1649 hujus
2153 1579 2502 1654 benignitatis
2554 1587 2608 1635 et
2640 1577 2983 1634 liberalitatis
3021 1594 3086 1634 ex
3125 1594 3281 1648 aequo
3311 1577 3602 1647 participes
3657 1577 3705 1630 ia

506 1684 676 1732 ceret.
700 1673 842 1729 Nihil
876 1683 1055 1728 autem
1088 1688 1317 1744 prorsus
1340 1673 1588 1738 interest,
1631 1680 1814 1726 utrum
1853 1686 1949 1741 per
1977 1685 2073 1725 vas
2109 1671 2371 1726 olearium
2398 1671 2544 1742 quis,
2599 1686 2668 1725 an
2709 1685 2808 1740 per
2851 1670 3088 1740 aliquam
3124 1671 3286 1722 aliam
3347 1671 3628 1724 materiam
3682 1678 3728 1724 et

506 1771 850 1826 occasionem
894 1768 1135 1823 divinum
1169 1767 1479 1822 mandatum
1520 1773 1870 1837 exsequatur.
1895 1765 2208 1822 Consolatio
2271 1767 2414 1822 enim
2458 1766 2816 1836 indigentium
2864 1780 2974 1819 non
3036 1764 3230 1834 quaerit
3285 1763 3428 1818 unde
3467 1762 3729 1834 (sumas),

2174 1115 2412 1187 ἐντολὴν,
2443 1115 2477 1186 ἢ
2505 1115 2592 1170 διά
2617 1133 2760 1178 τινος
2785 1114 2951 1184 ἄλλης
2977 1113 3230 1185 ἀφορμῆς
3256 1112 3625 1184 ἐκπληρῶσαι.
3669 1113 3726 1166 Ἦ

509 1863 605 1918 sed
636 1863 702 1918 ad
737 1863 812 1925 id,
846 1861 989 1931 quod
1026 1863 1101 1925 tit,
1135 1869 1367 1934 spectat.

581 1954 733 2023 Quod
764 1954 807 2007 si
849 1952 1098 2008 sublimis
1129 1959 1320 2021 raptus
1357 1960 1441 2007 est
1470 1949 1638 2015 Elias,
1666 1949 1915 2004 mirabile
1952 1949 2074 2020 qui-

2239 1946 2304 1999 Εί
2333 1945 2390 1998 δὲ
2413 1943 2700 2016 ἀνωφερὴς
2736 1945 2766 1997 6
2807 1942 2986 2006 Ἠλίας
3030 1943 3262 2010 ἐγένετο,
3299 1939 3609 2010 θαυμαστὸν
3642 1943 3728 2011 μὲν

509 2039 630 2093 dem
662 2045 745 2092 est
773 2035 932 2090 etiam
966 2036 1068 2089 hoc
1095 2043 1148 2090 et
1178 2035 1355 2104 majus
1389 2035 1736 2097 miraculum,
1764 2049 1925 2104 quam
1948 2033 2071 2103 quis

511 2131 592 2184 vel
631 2129 876 2183 oratione
913 2127 1205 2197 explicare,
1252 2127 1337 2182 vel
1367 2127 1577 2182 ratione
1627 2126 1845 2198 assequi
1875 2126 2068 2196 possit.

509 2220 890 2278 Verumtamen
919 2233 1017 2273 nec
1043 2219 1210 2273 altera
1239 2217 1518 2288 (quidem)
1547 2217 1758 2288 species
1783 2216 1850 2271 ad
1875 2230 2072 2286 supera

509 2326 707 2366 cursus
759 2310 1090 2378 repudianda
1147 2318 1308 2379 atque
1352 2306 1744 2364 contemnenda
1775 2319 1897 2364 est:
1946 2323 2068 2361 cum

509 2404 634 2473 quis
669 2417 764 2472 per
809 2401 1061 2474 spiritum
1095 2402 1388 2457 virtutibus
1438 2418 1534 2472 pro
1568 2418 1735 2456 curru
1765 2419 1920 2462 usus.
1976 2418 2074 2471 per

509 2494 740 2548 sublime
763 2494 885 2547 vitae
915 2493 1223 2547 institutum
1251 2509 1281 2548 e
1305 2501 1448 2548 terra
1475 2493 1755 2564 (sursum)
1790 2496 1848 2554 in
1874 2495 2072 2549 celum

512 2584 726 2654 migrat.
761 2582 918 2649 Quod
969 2585 1154 2654 utique
1207 2585 1526 2655 magistrum
1574 2597 1886 2645 assecutum
1929 2601 2072 2651 esse,

509 2676 822 2746 quicunque
878 2693 1060 2732 rerum
1121 2677 1188 2731 ab
1239 2694 1304 2733 eo
1347 2687 1621 2750 gestarum
1671 2696 1860 2751 mquus
1911 2680 2076 2735 fuerit

509 2769 829 2834 aestimator,
866 2784 976 2824 non
1004 2771 1240 2840 negabit.
1275 2771 1356 2824 An
1382 2773 1542 2826 etiam
1567 2773 1829 2829 adversus
1852 2774 2076 2831 Samue-

511 2859 616 2913 lem
647 2860 892 2914 oratione
929 2859 1237 2915 audendum
1265 2861 1392 2917 est?
1422 2861 1564 2918 Sane
1594 2864 1650 2918 in
1679 2853 1801 2920 aliis
1823 2865 2075 2922 omnibus

511 2949 718 3019 primas
762 2950 1036 3021 propheta:
1067 2959 1250 3018 partes
1279 2953 1657 3020 concedentes,
1704 2971 1829 3009 cum
1863 2955 2074 3010 duobus

511 3040 860 3108 quihusdam,
909 3056 1031 3109 quae
1074 3042 1141 3095 de
1192 3043 1283 3095 illo
1312 3043 1588 3107 dicuntur,
1626 3045 1788 3099 etiam
1839 3059 1902 3099 ea
1955 3058 2077 3115 quae

509 3130 659 3188 circa
683 3131 1000 3200 magistrum
1043 3140 1291 3187 nostrum
1342 3142 1517 3197 erant,
1562 3135 1854 3190 convenire
1883 3143 2074 3190 osten-

513 3221 724 3276 demus.
762 3221 1031 3277 Divinitus
1078 3225 1205 3278 data
1265 3234 1431 3294 atque
1477 3241 1740 3281 concessa
1791 3227 2076 3297 utriusque

513 3315 770 3368 nativitas
811 3324 948 3370 erat.
1008 3316 1080 3372 Ut
1131 3317 1277 3372 enim
1338 3318 1492 3372 illum
1533 3326 1727 3381 mater,
1786 3320 1860 3372 ita
1911 3304 2149 3375 etiamc

513 3406 660 3459 hunc
697 3413 851 3475 pater
889 3421 921 3460 a
951 3406 1060 3463 Deo
1085 3410 1318 3478 petitum
1375 3412 1699 3479 procreavit.
1731 3408 1976 3480 Cumque
2004 3411 2078 3468 le-

513 3496 611 3551 tali
645 3498 836 3552 morbo
866 3500 1141 3568 quondam
1169 3509 1455 3572 correptus
1475 3509 1623 3556 esset
1651 3502 1816 3557 etiam
1846 3518 1988 3558 nunc
2021 3504 2076 3558 in

514 3595 674 3643 aetate
703 3589 953 3657 juvenili,
987 3605 1082 3659 per
1119 3591 1382 3646 visionem
1430 3593 1484 3647 in
1515 3594 1724 3648 somnis
1760 3601 1911 3662 pater
1941 3594 2079 3649 vidit

516 3677 828 3744 Dominum,
857 3680 950 3750 qui
981 3681 1037 3735 in
1066 3680 1360 3751 Evangelio
1384 3682 1572 3753 regulo
1603 3683 1680 3737 illi
1707 3683 1875 3737 ﬁlium
1903 3685 2077 3738 dona-

516 3771 615 3833 vit,
638 3771 738 3826 sibi
761 3786 1044 3842 apparere,
1071 3781 1126 3828 et
1148 3774 1237 3827 illa
1263 3774 1443 3829 dicere
1464 3774 1530 3827 ad
1564 3791 1642 3841 se,
1681 3791 1801 3847 qua:
1831 3777 1896 3830 ad
1923 3777 2075 3836 illum

517 3858 778 3916 Dominus
799 3863 1028 3928 dixerat,
1053 3879 1266 3933 nempe,
1295 3863 1456 3931 Vade,
1479 3865 1621 3934 ﬁlius
1649 3877 1769 3920 tuus
1793 3868 1912 3920 vivit
1938 3867 2077 3924 ¹¹⁶¹¹.

516 3955 683 4024 Cujus
716 3955 878 4010 ﬁdem
919 3964 973 4011 et
1022 3957 1136 4026 ipse
1180 3956 1422 4014 imitatus
1448 3998 1464 4023 ,
1510 3957 1758 4013 eumdem
1794 3976 1952 4028 quem
1987 3960 2079 4015 ille

517 4047 637 4101 ﬁdei
670 4046 908 4101 fructum
958 4047 1220 4118 percepit,
1267 4047 1599 4120 benignitate
1641 4048 1855 4104 Domini
1902 4051 2081 4106 salute

515 4139 609 4192 iilii
646 4148 881 4208 recepta.

585 4231 762 4298 Atque
796 4230 898 4284 hoc
929 4229 1148 4299 quidem
1185 4245 1353 4284 unum
1381 4243 1506 4284 eum
1540 4231 1820 4288 miraculis
1851 4230 2081 4287 Samue-

516 4319 584 4374 lis
613 4334 1016 4389 comparamus.
1043 4321 1288 4376 Alterum
1321 4337 1468 4386 vero,
1514 4323 1660 4393 quod
1707 4324 1879 4378 forma
1908 4325 2081 4379 sacri-

517 4409 625 4463 ﬁcii
653 4411 842 4465 eadem
865 4411 934 4465 ab
966 4411 1231 4467 ambobus
1262 4413 1510 4468 instituta
1542 4423 1704 4484 atque
1728 4424 1946 4485 peracta
1970 4425 2074 4470 est.

516 4500 778 4556 Paciﬁcas
816 4503 960 4556 enim
996 4511 1222 4571 uterque
1262 4502 1373 4558 Deo
1399 4505 1606 4561 hostias
1643 4506 1984 4571 obtulerunt,
2016 4515 2078 4561 ut

519 4595 704 4648 hostes
756 4592 1196 4663 proﬂigarentur,
1251 4605 1303 4650 et
1349 4596 1638 4651 interirent
1680 4599 2074 4660 sacriﬁcantes.

2177 2037 2268 2090 καὶ
2293 2036 2468 2102 τοῦτο,
2498 2037 2592 2090 καὶ
2617 2036 2756 2106 ὑπὲρ
2785 2035 2938 2104 λόγον
2971 2037 3032 2088 τὸ
3068 2033 3272 2102 θαῦμα.
3304 2031 3449 2103 Πλὴν
3478 2033 3580 2085 οὐκ
3605 2031 3731 2086 ἀπό-

2177 2127 2370 2199 ϐλητον
2414 2127 2508 2181 καὶ
2539 2126 2601 2180 τὸ
2631 2127 2815 2198 ἕτερον
2860 2123 2998 2191 εἶδος
3026 2125 3126 2196 τῆς
3155 2123 3246 2178 ἐπὶ
3275 2121 3335 2175 τὸ
3379 2122 3491 2176 ἄνω
3528 2126 3696 2195 φορᾶς
3715 2165 3730 2187 ς

2175 2221 2303 2273 ὅταν
2341 2237 2425 2282 τις
2471 2218 2560 2273 διὰ
2601 2221 2700 2291 τῆς
2743 2217 2948 2288 ὑψηλῆς
2978 2217 3248 2280 πολιτείας
3280 2216 3386 2269 ἀπὸ
3413 2215 3519 2286 γῆς
3547 2217 3627 2278 εἰς
3653 2217 3730 2268 οὐ·

2180 2309 2336 2381 ρανὺν
2360 2310 2715 2380 ὰνοικίζηται,
2742 2309 2829 2362 διὰ
2856 2308 2950 2361 τοῦ
2978 2307 3291 2379 Πνεύματος
3315 2307 3469 2378 ἅρμα
3492 2306 3592 2371 τὰς
3614 2309 3733 2378 ἀρε-

2177 2400 2276 2463 τὰς
2323 2401 2702 2471 ποιησάμενος.
2738 2400 2913 2470 Ὅπερ
2943 2397 3005 2469 δὴ
3050 2397 3436 2468 κατωρθῶσθαι
3477 2395 3557 2468 τῷ
3601 2397 3736 2451 διδα-

2179 2492 2362 2562 σκάλῳ
2395 2493 2502 2555 πῶς
2531 2493 2560 2544 6
2605 2491 2959 2562 εὐγνωμόνως
2997 2492 3068 2545 τὰ
3115 2493 3232 2545 κατ’
3277 2489 3436 2543 αὑτὸν
3474 2489 3736 2554 ἐξετάζων

2180 2585 2516 2656 σδνθήσεται.
2536 2579 2685 2655 *Αρα
2705 2583 2808 2656 χρὴ
2829 2586 2924 2638 καὶ
2948 2583 3040 2637 τοῦ
3065 2584 3315 2654 Σαμουὴλ
3339 2582 3735 2652 κατατολμῆσαι

2178 2673 2258 2746 τῷ
2298 2673 2474 2746 λόγῳ;
2517 2675 2655 2729 Ἀλλ’
2683 2677 2741 2728 έν
2770 2678 2883 2737 τοῖς
2927 2674 3104 2738 ἄλλοις
3150 2677 3283 2728 πᾶσι
3326 2674 3431 2726 τῶν
3460 2672 3736 2743 πρωτείων

2177 2766 2256 2837 τῷ
2301 2767 2553 2841 προφήτῃ
2598 2768 3122 2838 παραχωρήσαντες,
3169 2767 3303 2838 πρὸς
3340 2766 3430 2820 δύο
3475 2765 3597 2819 τινὰ
3637 2765 3738 2819 τῶν

2179 2859 2307 2929 περὶ
2343 2858 2504 2913 αὐτοῦ
2548 2858 2877 2930 λεγομένων,
2927 2860 3019 2912 καὶ
3049 2859 3116 2912 τὰ
3151 2859 3278 2930 περὶ
3315 2857 3406 2911 τὸν
3427 2857 3739 2912 διδάσκαλον

2177 2953 2210 3023 ἠ
2220 2952 2334 3024 μῶν
2359 2951 2572 3013 οἰκείως
2599 2950 2788 3022 έχοντα
2816 2949 3083 3020 δείξομενο
3111 2950 3394 3013 Θεόσδοτος
3421 2949 3742 3019 ἀμφοτέρων

2179 3045 2213 3116 ή
2255 3046 2504 3114 γέννησις
2532 3038 2616 3114 ἦν.
2677 3042 2764 3105 Ὠς
2790 3041 2897 3114 γὰρ
2925 3045 3129 3096 ἐκεῖνον
3156 3043 3191 3114 ή
3227 3043 3433 3115 μήτηρ,
3474 3042 3619 3105 οὕτω
3651 3044 3740 3102 καὶ

2179 3134 2366 3189 τοῦτον
2395 3134 2453 3200 ἐξ
2498 3134 2761 3204 αἰτήσεως
2794 3131 2941 3196 θείας
2973 3135 3002 3186 6
3043 3132 3221 3204 πατὴρ
3249 3131 3602 3194 ἐτεκνώσατο.
3634 3134 3740 3196 Καὶ

2178 3224 2457 3298 ἀρρωστίᾳ
2511 3224 2639 3278 ποτὲ
2693 3223 3041 3295 συσχεθέντος
3093 3223 3421 3294 έπιθανατίῳ
3463 3224 3542 3278 ἔτι
3578 3227 3636 3278 έν
3667 3225 3739 3292 τῷ

2178 3319 2282 3390 νέῳ
2321 3319 2419 3389 τῆς
2456 3315 2668 3388 ήλικίας
2692 3355 2707 3380 ,
2753 3311 2890 3369 εἶδεν
2929 3317 2958 3369 6
3009 3316 3191 3387 πατὴρ
3233 3316 3558 3384 ἐπιφανέντα
3597 3315 3739 3394 αὑτῴ

2178 3410 2317 3464 κατά
2347 3410 2442 3481 τὴν
2473 3407 2720 3461 ἐνύπνιον
2742 3407 2862 3476 ὄψιν
2891 3407 2982 3460 τὸν
3008 3405 3230 3479 Κύριον,
3258 3406 3347 3460 τὸν
3378 3407 3436 3459 ὲν
3462 3407 3538 3478 τῷ
3567 3408 3740 3470 Εὐαγ-

2176 3499 2339 3570 γελίῳ
2366 3500 2456 3554 τὸν
2494 3500 2658 3553 παῖδα
2680 3498 2756 3570 τῷ
2786 3498 3047 3569 βασιλικῷ
3095 3498 3477 3568 χαρισάμενον,
3517 3501 3740 3556 κάκεῖνα

2175 3591 2394 3644 εἰπόντα
2418 3591 2552 3661 πρὸς
2571 3589 2777 3654 τοῦτον,
2802 3590 2838 3644 ἃ.
2871 3590 3004 3661 πρὸς
3042 3591 3244 3644 ἐκεῖνον
3288 3586 3438 3643 εἶπεν
3462 3591 3491 3642 6
3517 3590 3736 3661 Κύριος,

2175 3683 2257 3736 ὅτι
2283 3683 2565 3752 Πορεύου,
2593 3685 2627 3736 ὀ
2657 3683 2786 3748 υἱός
2813 3696 2927 3735 σου
2956 3680 3041 3749 ζῇ.
3092 3673 3167 3733 UB
3195 3680 3292 3752 τὴν
3313 3682 3498 3735 πίστιν
3524 3684 3622 3736 καὶ
3647 3682 3740 3740 αὑ-

2176 3773 2266 3836 τὸς
2317 3776 2721 3845 μιμησάμενος,
2769 3773 2860 3825 τὸν
2905 3771 3064 3826 αὐτὸν
3093 3774 3186 3830 ἐπὶ
3220 3777 3286 3846 τῇ
3326 3774 3504 3827 πίστει
3534 3776 3738 3844 καρτών

2175 3865 2485 3935 ἐκομίσατο,
2522 3865 2619 3936 τὴν
2648 3863 2739 3918 τοῦ
2776 3863 2891 3916 υίοῦ
2920 3865 3188 3939 σωτηρίαν
3215 3866 3278 3919 ὲκ
3307 3863 3407 3936 τῆς
3439 3865 3739 3936 φιλανθρω-

2179 3957 2312 4020 πίας
2339 3957 2431 4010 τοῦ
2457 3955 2664 4028 Κυρίου
2698 3955 3007 4027 δεξάμενος.

2251 4225 2350 4277 Ἕν
2376 4224 2475 4294 μὲν
2501 4224 2565 4296 δὴ
2606 4223 2765 4277 τοῦτο
2787 4225 2900 4287 τοῖς
2929 4221 3168 4294 θαύμασι
3198 4223 3292 4276 τοῦ
3327 4223 3580 4295 Σαμουὴλ
3615 4223 3739 4280 ἀνα·

2177 4321 2415 4391 τίθεμεν.
2448 4319 2669 4398 ’Ἰαξτερον
2695 4317 2775 4382 δὲ,
2814 4317 2899 4369 ὅτι
2940 4315 3000 4368 τὸ
3049 4311 3184 4381 εἶδος
3221 4317 3318 4386 τῆς
3346 4317 3657 4388 ἱερουργίας
3683 4316 3741 4371 τὸ

2177 4413 2308 4466 αὐτὸ
2335 4415 2446 4476 τοῖς
2472 4409 2564 4464 δύο
2593 4407 3043 4476 συνεσπουδάσθη.
3073 4407 3363 4478 Εἰρηνικὰς
3397 4410 3742 4481 προσήγαγον

2175 4507 2475 4578 ἀμφότεροι
2504 4501 2584 4574 τῷ
2762 4501 2858 4564 τὰς
2890 4501 3097 4566 θυσίας,
3143 4500 3283 4571 ὑπὲρ
3313 4500 3410 4570 τῆς
3444 4499 3556 4553 τῶν
3588 4500 3737 4554 πολε.

2181 4600 2316 4672 μίων
2343 4596 2670 4669 ἀναιρέσεως
2701 4593 3102 4666 ἱερουργοῦντες
3126 4633 3140 4654 ,
3187 4595 3215 4646 6
3247 4591 3343 4664 μὲν
3369 4593 3460 4644 ἐπὶ
3486 4595 3551 4664 τῇ
3580 4611 3740 4646 κατα-

517 4686 608 4739 hic
641 4685 858 4754 quidem
907 4701 1005 4755 pro
1037 4688 1318 4742 eversione
1355 4687 1657 4754 hzcreseon,
1690 4689 1780 4743 ille
1822 4705 1952 4744 vero
1981 4691 2074 4744 ad-

2178 4690 2325 4746 λύσει
2355 4688 2462 4741 τῶν
2484 4687 2766 4759 αἱρέσεων,
2799 4687 2828 4737 ὁ
2857 4683 2914 4736 δὲ
2945 4683 3085 4737 κατὰ
3115 4683 3221 4740 τῶν
3251 4683 3561 4752 ἀλλοφύλων
3584 4684 3740 4738 τοῦτο

514 4793 707 4831 versus
763 4777 1094 4847 alienigenas
1137 4778 1190 4833 id
1247 4795 1435 4851 agens.
1488 4779 1658 4835 Porro
1705 4797 1932 4851 magnus
1987 4783 2076 4838 ille

517 4869 728 4937 Moyses
763 4884 1049 4926 commune
1081 4872 1358 4936 omnibus,
1416 4873 1510 4943 qui
1561 4873 1626 4926 ad
1669 4875 1920 4928 virtutem
1951 4891 2076 4944 spe-

514 4967 683 5023 ctant,
715 4961 1052 5028 propositum
1089 4969 1172 5017 est
1201 4963 1530 5032 exemplum.
1565 4961 1674 5017 Nec
1714 4963 1999 5032 deliquerit
2028 4963 2074 5018 si

514 5053 638 5123 quis
681 5053 934 5107 virtutem
992 5053 1319 5125 legislatoris
1379 5065 1636 5126 tanquam
1694 5072 1918 5128 scopum
1969 5057 2074 5112 sibi

517 5153 803 5214 proponat,
834 5145 898 5199 ad
933 5161 1091 5214 quem
1119 5147 1241 5201 vita:
1279 5164 1391 5202 sua:
1420 5147 1615 5219 dirigat
1639 5149 1903 5203 actiones.
1931 5148 2069 5203 Pro»

513 5237 638 5290 inde
663 5252 823 5292 nemo
859 5251 1084 5305 prorsus
1133 5239 1410 5301 invidebit,
1449 5242 1493 5294 si
1530 5243 1867 5301 ostendatur,
1925 5241 2070 5311 quod

515 5328 774 5398 magister
802 5335 1006 5394 noster,
1054 5330 1110 5384 in
1134 5331 1331 5399 quibus
1362 5341 1566 5401 posset,
1609 5333 1968 5400 legislaturem
2016 5334 2071 5388 in

516 5423 624 5473 vita
666 5422 992 5476 imitaretur.
1040 5423 1095 5476 ln
1135 5424 1332 5493 quibus
1381 5425 1542 5493 igitur
1574 5424 1798 5496 (rebus)
1841 5426 2071 5480 imitatio

513 5511 904 5566 consistebat?
959 5509 1151 5570 Mulier
1210 5512 1455 5581 quaedam
1513 5513 1796 5588 {Egyptios
1853 5530 2069 5587 regens,

589 5688 705 5720 ’Μ’
726 5686 880 5742 Joan.
921 5702 992 5753 tv,
1025 5687 1114 5742 50.

2177 4780 2362 4836 ποιῶν.
2399 4779 2635 4848 Μωῦσῆς
2675 4777 2732 4836 δὲ
2759 4777 2786 4828 6
2817 4776 3024 4847 μέγας,
3071 4774 3245 4833 κοινὸν
3287 4775 3569 4846 πρόκειται
3607 4779 3741 4831 πᾶσι

2173 4876 2284 4936 τοῖς
2318 4871 2453 4942 πρὸς
2485 4867 2680 4941 ἀρετὴν
2709 4867 2904 4941 ὁρῶσιν
2934 4867 3235 4936 ὑπόδειγμα
3258 4883 3271 4896 ·
3309 4867 3401 4919 καὶ
3428 4867 3528 4922 οὐκ
3565 4867 3631 4924 ἄν
3659 4885 3741 4930 τις

2177 4962 2543 5034 πλημμελοίη,
2596 4961 2688 5014 τοῦ
2728 4961 2857 5014 ίδίου
2905 4959 3016 5028 βίου
3049 4958 3246 5013 σκοπὸν
3274 4959 3372 5030 τὴν
3415 4959 3619 5030 ἀρετὴν
3648 4959 3740 5014 τοῦ

2175 5055 2459 5128 νομοθέτου
2490 5052 2827 5122 ποιούμενος.
2884 5051 3091 5107 Οὐκοῦν
3139 5051 3491 5120 ἀνεπίφθονον
3522 5052 3742 5116 πάντως

2179 5149 2262 5218 εἴη
2292 5146 2462 5212 ,δεῖξαι
2486 5145 2576 5200 τὸν
2599 5143 2910 5204 διδάσκαλον
2927 5143 3106 5215 ἡμῶν,
3136 5145 3192 5196 ὲν
3216 5137 3296 5209 οἷς
3322 5138 3428 5207 οἷός
3451 5161 3511 5196 τε
3538 5139 3628 5215 ἦν,
3652 5143 3740 5196 τὸν

2179 5240 2473 5312 νομοθέτην
2500 5239 2589 5295 ἐπὶ
2617 5236 2849 5306 τοῦβίου
2887 5235 3236 5306 μιμούμενον.
3293 5237 3381 5301 Ἑν
3415 5236 3525 5289 τίσι
3565 5237 3742 5289 τοίνυν

2180 5335 2214 5404 ἡ
2246 5332 2472 5402 μίμησις
2507 5326 2615 5401 ἧνς
2657 5329 2927 5399 ’Δρχουσὰ
2974 5346 3056 5390 τις
3105 5329 3212 5382 τῶν
3243 5329 3588 5396 Αἰγυπτίων,
3635 5330 3743 5382 ais-

2182 5423 2518 5493 ποιησαμένη
2585 5421 2672 5473 τὸν
2737 5421 2972 5474 Μωῦσέα
3034 5420 3275 5473 παιδεύει
3323 5421 3422 5490 τὴν
3477 5420 3743 5492 ἐγχώριον

2182 5516 2478 5580 παίδευσιν,
2510 5515 2608 5568 οὐκ
2639 5514 2951 5569 ἀποστάντα
2978 5512 3068 5576 τοῦ
3113 5511 3362 5583 μητρῴου
3386 5510 3596 5583 ,μαζοῶ
3625 5511 3743 5578 ,ἕως
