3850 6462
111 292 222 349 809

1213 287 1277 340 IN
1320 287 1603 344 LAUDMI
1644 285 1942 342 FRATRIS
1979 284 2244 342 BASILII.

3247 287 3354 345 810
3395 301 3427 330 τ·

109 405 224 459 ἔδει
255 407 352 478 τὴν
384 403 607 475 πρώτην
655 403 868 475 ἡλικίαν
899 407 966 474 τῇ
1010 405 1232 476 τοιαύτῃ
1258 406 1429 474 τροφῇ
1461 403 1682 474 τιθηνή-

1804 402 2010 474 lloysen
2038 403 2356 473 adoptatum
2390 403 2692 459 domestica
2726 401 3014 474 disciplina
3062 405 3354 463 instituen-

112 496 334 550 σασθαι.
366 495 535 554 Τοῦτο
557 495 648 549 καὶ
676 494 752 565 τῷ
774 495 1075 566 διδασκάλῳ
1102 498 1416 567 μαρτυρεΗ)
1442 495 1686 565 ἀλήθεια.

125 589 590 659 Ἀνατρεφόμενος
637 589 746 658 γὰρ
789 588 896 641 ὑπὸ
926 589 1026 659 τῆς
1073 588 1177 652 ἔξω
1223 588 1432 656 σοςρίας,
1484 590 1571 641 ἀεὶ
1597 588 1688 642 τοῦ

115 678 296 750 μαζοῦ
348 678 446 746 τῆς
483 677 812 747 Ἐκκλησίας
844 679 1047 748 εἴχετο,
1094 681 1206 741 τοῖς
1255 677 1502 731 ἐντεῦθεν
1543 678 1688 732 διδά-

111 787 293 840 γμασι
324 771 419 841 τὴν
447 769 622 840 ψυχὴν
649 768 826 834 αὔξων
853 771 946 822 καὶ
972 769 1348 841 ἀδρυνόμενος.
1392 771 1692 841 Ἤρνήσατο

115 863 261 931 μετά
293 860 463 914 ταῦτα
511 863 538 912 ὁ
572 861 808 929 Μωῡσῆς
849 861 951 930 τῆς
979 861 1330 930 ψευδωνύμου
1365 863 1565 932 μητρὸς
1591 865 1691 932 τὴν

114 953 517 1023 σεσοφισμέγην
563 954 898 1022 συγγένειαν.
962 955 1095 1007 Οὐδὲ
1155 936 1306 1018 οὗτος
1366 956 1691 1024 παρέμεινεν

111 1045 347 1098 ἐπιπολὺ
376 1044 689 1114 νομίζεσθαι
721 1045 878 1097 τοῦτο
904 1039 946 1112 ᾧ
981 1046 1332 1118 ἐπῃσχύνετο.
1373 1048 1558 1100 Πᾶσαν
1585 1046 1692 1117 γὰρ

111 1134 213 1204 τὴν
233 1135 297 1187 ἐκ
320 1133 427 1189 τῶν
449 1135 645 1200 ἔξωθεν
667 1135 836 1201 λόγων
853 1133 1006 1198 δόξαν
1029 1136 1453 1204 ἀποσεισάμενος
1467 1175 1482 1199 ,
1506 1135 1692 1207 ὥσπερ

110 1229 213 1298 τὴν
242 1228 514 1298 βασιλείαν
546 1229 771 1291 ἐκεῖνος,
805 1227 936 1298 πρὸς
968 1227 1058 1280 τὸν
1093 1227 1346 1280 ταπεινὸν
1377 1227 1692 1296 ἀπηυτομὸ-

114 1325 250 1388 λησε
294 1320 441 1390 βίον,
485 1319 735 1390 καθάπερ
779 1320 872 1373 καὶ
915 1321 1040 1382 τοὺς
1077 1319 1355 1391 Ἑϐραίους
1392 1323 1421 1373 ὁ
1455 1320 1693 1391 Μωῦσῆς

114 1412 549 1482 προτιμοτέρους
585 1409 694 1464 τῶν
732 1411 1041 1479 Αἰγυπτίων
1068 1411 1352 1482 θησαυρῶν
1380 1414 1689 1482 ἐποιήσατο.

115 1505 232 1573 Τῆς
275 1505 330 1557 δὲ
379 1503 592 1572 φύσεως
639 1504 724 1572 ἐφ’
769 1504 999 1556 ἑκάστου
1037 1502 1098 1556 τὸ
1138 1504 1334 1573 ἑαυτῆς
1367 1504 1694 1574 ἐνεργούσης

111 1596 377 1665 (ἑκάστου
410 1595 516 1667 γὰρ
545 1597 577 1664 ἡ
607 1594 742 1666 σὰρξ
775 1594 1031 1665 ἐπιθυμεῖ
1059 1596 1198 1648 κατὰ
1222 1594 1314 1647 τοῦ
1342 1595 1691 1665 πνεύματος),

110 1687 237 1738 οὐδὲ
265 1681 417 1749 οὗτος
445 1685 602 1748 ἐκτὸς
632 1681 701 1758 ἦν
727 1686 826 1756 τῆς
856 1686 949 1739 τοῦ
977 1687 1272 1755 Αἰγυπτίου
1302 1686 1561 1758 λογισμοῦ
1590 1691 1694 1758 μά-

112 1796 244 1846 χης,
278 1777 345 1848 ἢν
371 1778 542 1847 ἐπῆγε
573 1777 652 1848 τῷ
697 1777 1050 1849 καθαρεύοντι
1075 1793 1090 1809 ο
1137 1778 1272 1832 ἀλλὰ
1291 1781 1592 1850 συμμαχῶν
1617 1781 1694 1852 τῷ

113 1869 373 1937 βελτίονι,
422 1871 611 1940 νεκρὸν
643 1871 816 1923 ἐποίει
863 1871 952 1923 τὸν
991 1870 1178 1935 κακῶς
1216 1871 1294 1942 τῷ
1337 1872 1570 1944 Ἑϐραίῳ
1597 1875 1694 1926 ἑπ-

113 1961 490 2033 εγειρόμενον.
507 1962 756 2033 Ἐϐραῖος
784 1961 840 2015 δὲ
863 1961 1143 2031 λογισμὸς,
1171 1965 1198 2016 6
1226 1964 1696 2035 ὲκκεκαθαρμένος

114 2053 213 2104 καὶ
245 2053 562 2122 ἀμόλυντος.
620 2054 678 2106 '0
707 2053 815 2124 γὰρ
843 2053 929 2132 διᾲ
961 2053 1055 2106 τοῦ
1082 2055 1348 2122 νεκρῶσαι
1377 2054 1444 2109 τὰ
1477 2057 1569 2109 ἐπὶ
1595 2057 1696 2127 τῆς

115 2146 223 2214 γῆς
254 2145 392 2214 μέλη
423 2148 488 2215 τῇ
521 2145 666 2218 ψυχῇ
697 2145 999 2217 συμμαχῶν
1028 2149 1272 2216 μιμεῖται
1301 2147 1396 2200 τοῦ
1421 2148 1697 2210 Μωῦσέως

115 2237 219 2307 τὴν
263 2235 562 2305 ἀριστείαν,
611 2236 676 2306 ἣν
710 2237 852 2290 κατά
892 2237 986 2290 τοῦ
1028 2237 1324 2305 Αἰγυπτίου
1372 2240 1693 2310 ἐνήργησεν.

118 2327 513 2398 Παραδραμεῖν
546 2327 601 2381 δὲ
648 2329 912 2398 προσήκει
953 2327 1020 2382 τὰ
1069 2328 1238 2382 πολλὰ
1288 2333 1389 2399 τῆς
1436 2330 1695 2401 ἱστορίας,

118 2419 197 2482 ὠς
224 2420 291 2471 ἂν
325 2419 401 2490 μὴ
433 2417 597 2472 πολὺν
630 2417 784 2489 ὄχλον
828 2421 1022 2488 ἐπάγοι
1044 2422 1110 2490 τῇ
1141 2421 1298 2490 ἀκοῇ,
1343 2421 1404 2473 τὸ
1436 2423 1608 2476 πάντα
1631 2423 1694 2475 δι’

120 2510 409 2581 ἀκριϐείας
439 2509 613 2568 θέλειν
641 2510 984 2575 ἐκτίθεσθαι,
1027 2513 1127 2565 ὅσα
1161 2529 1219 2565 τε
1254 2515 1347 2566 ἐπὶ
1372 2514 1646 2577 Μωῦσέως
1671 2517 1700 2568 ὁ

120 2599 277 2669 λόγος
305 2601 545 2672 κατέχει,
600 2601 692 2654 καὶ
733 2603 790 2654 ἐν
816 2596 896 2665 οἷς
926 2602 1141 2671 ἐγένετο
1178 2603 1273 2656 τοῦ
1314 2603 1630 2660 διδασκάλου
1665 2608 1698 2676 ἡ

121 2694 260 2764 πρὸς
280 2693 373 2746 τὸν
405 2693 698 2765 νομοθέτην
717 2694 994 2766 ὁμοίωσις.
1023 2694 1294 2748 Κατέλιπε
1313 2696 1408 2766 τὴν
1427 2695 1700 2765 Αἴγυπτον

122 2787 265 2856 μετά
293 2785 386 2839 τὸν
419 2784 643 2840 θάνατον
670 2783 763 2836 τοῦ
805 2785 1100 2853 Αἰγυπτίου
1149 2786 1177 2836 ὁ
1216 2786 1440 2855 Μωσῆς,
1475 2788 1568 2840 καὶ
1603 2803 1701 2840 πο-

121 2868 221 2930 λὺν
252 2879 310 2929 ὲν
340 2875 418 2946 τῷ
448 2876 596 2946 μέσῳ
642 2876 826 2947 διῆγεν
874 2876 1062 2947 χρόνον
1104 2877 1189 2944 ἐφ’
1236 2877 1426 2931 ἑαυτοῦ
1463 2878 1698 2943 ίδιάξων.

115 2969 402 3022 ’Κατέλιπε
431 2971 526 3022 καὶ
557 2962 712 3032 οὗτος
739 2969 865 3032 τοὺς
897 2971 954 3022 ἐν
987 2969 1138 3023 ἄστει
1170 2969 1448 3042 θορύϐους,
1483 2971 1576 3025 καὶ
1606 2973 1702 3036 τὰς

1789 495 1919 550 dum
1949 505 2128 561 curat,
2175 512 2205 550 a
2233 496 2495 550 maternis
2528 496 2806 562 uberibus,
2851 497 3089 567 quandin
3119 500 3351 567 primam

1789 595 2000 642 aetatem
2025 587 2294 655 ejusmodi
2321 586 2578 641 alimento
2611 587 2807 641 nutriri
2838 589 3212 652 conveniebat,
3244 605 3354 645 non

1791 681 2155 735 recedentem.
2210 676 2323 733 Hoc
2375 679 2501 733 item
2546 679 2807 748 magistro
2855 680 3061 735 veritas
3098 689 3354 738 testatur.

1789 769 1926 823 Cum
1959 769 2290 824 educaretur
2309 769 2454 823 enim
2488 769 2556 821 ab
2574 777 2792 823 externa
2824 771 3110 839 sapientia,
3141 787 3357 843 semper

1792 862 2054 916 uberibus
2074 859 2330 915 Ecclesiae
2351 860 2678 924 adhaerebat,
2709 861 2856 917 illius
2879 862 3144 919 doctrinis
3172 867 3357 919 animo

1791 968 2048 1009 crescens
2095 961 2258 1023 atque
2296 951 2683 1021 grandescens.
2733 953 3032 1023 Abnegavit
3080 963 3242 1025 atque
3271 972 3356 1010 re-

1791 1045 2039 1114 pudiavit
2087 1055 2279 1116 postea
2307 1044 2520 1116 Moyses
2553 1044 2690 1099 falso
2735 1046 2895 1099 dictae
2939 1048 3130 1102 matris
3172 1049 3354 1103 ﬁctam

1791 1145 1846 1191 ct
1873 1135 2304 1190 commentitiam
2336 1136 2736 1202 cognationem.
2765 1133 2843 1189 Ne
2881 1137 2969 1190 hic
3009 1137 3225 1207 quidem
3261 1139 3356 1192 did

1792 1229 2090 1298 permansit
2123 1229 2176 1282 in
2204 1244 2270 1284 eo
2313 1236 2482 1294 statu,
2521 1237 2582 1282 ut
2608 1228 2924 1297 ejus‘studii
2960 1232 3181 1286 nomine
3215 1233 3356 1287 cele-

1793 1321 2046 1375 braretur
2073 1331 2233 1390 atque
2278 1321 2529 1383 clareret,
2563 1321 2721 1390 cujus
2754 1336 2876 1374 eum
2927 1321 3180 1391 pudebat.
3221 1323 3356 1377 Cum

1792 1413 1937 1467 enim
1965 1427 2184 1467 omnem
2215 1428 2282 1467 ex
2310 1413 2508 1467 litteris
2536 1420 2590 1467 et
2618 1412 2925 1482 disciplinis
2957 1413 3200 1470 externis
3232 1431 3358 1484 par-

1792 1513 1903 1558 tam
1919 1505 2144 1575 gloriam
2160 1503 2516 1574 repudiasset,
2532 1504 2986 1582 quemadmodum
3005 1505 3095 1558 ille
3107 1520 3358 1575 regnum,

1794 1597 1860 1652 ad
1880 1597 2085 1652 humile
2099 1598 2226 1652 vita:
2257 1614 2315 1652 se
2338 1598 2616 1653 transtulit
2635 1598 2941 1652 institutum
2965 1616 2977 1652 :
3001 1598 3358 1667 quemadmo-

1794 1691 1924 1745 dum
1955 1692 2114 1746 et-iam
2140 1690 2350 1762 Moyses
2376 1690 2642 1762 Egyptiis
2682 1690 2953 1745 thesauris
2982 1691 3215 1760 prmtulit
3247 1690 3353 1744 He-

1794 1782 1988 1837 braeos.
2003 1782 2171 1836 Porro
2185 1797 2309 1836 cum
2331 1794 2518 1839 natura
2544 1783 2597 1836 in
2614 1797 2936 1852 unoquoque
2950 1798 3106 1836 suum
3123 1785 3355 1838 oﬂicium

1795 1873 1958 1928 faciat
1974 1875 2426 1944 (uniuscujusque
2441 1875 2584 1928 enim
2602 1889 2728 1928 caro
2745 1875 3080 1944 concupiscit
3099 1875 3358 1931 adversus

1795 1967 2047 2037 spiritum
2067 1966 2143 2037 ⁸³)
2179 1983 2247 2020 ne
2275 1967 2360 2020 hic
2391 1965 2607 2035 quidem
2639 1980 2834 2034 expers
2868 1966 3046 2034 prmlii
3079 1976 3215 2030 erat,
3249 1981 3359 2036 quo

1796 2057 1938 2110 ratio
1972 2071 2106 2124 pura
2135 2056 2203 2110 ab
2223 2055 2478 2127 Egyptia
2503 2056 2713 2109 ratione
2743 2054 3046 2124 petebatur,
3079 2054 3174 2109 sed
3199 2069 3357 2124 opem

1797 2147 1980 2204 ferens
2012 2149 2243 2211 meliori,
2271 2158 2536 2203 mortuam
2570 2147 2803 2204 faciebat
2832 2162 2974 2207 eam,
3009 2162 3130 2216 qua:
3169 2147 3363 2201 adver-

1797 2256 1893 2297 sus
1913 2239 2192 2295 Hebrmam
2216 2239 2360 2295 haud
2391 2248 2540 2296 recte
2569 2239 2908 2311 insurgebat.
2938 2239 3158 2294 Hebraea
3180 2251 3360 2294 autem

1796 2334 1957 2397 ratio,
1985 2340 2285 2403 erpurgata
2311 2339 2394 2388 est
2417 2339 2472 2387 et
2504 2332 2950 2388 incontaminata.
2984 2330 3119 2384 Nam
3144 2331 3237 2401 qui
3267 2347 3364 2401 per

1798 2426 2268 2481 mortificationem
2329 2425 2708 2480 membrorum
2767 2431 3111 2478 terrenorum
3170 2428 3364 2477 anima:

1798 2516 2058 2570 auxilium
2110 2515 2232 2578 fert,
2273 2514 2627 2569 excellentem
2659 2511 3034 2568 fortitudinem
3067 2521 3232 2583 atque
3257 2515 3367 2566 vir-

1798 2619 1970 2664 tutem
2001 2607 2203 2678 Moysis
2251 2621 2414 2677 quam
2449 2605 2714 2661 adversus
2741 2605 3056 2676 Egyptium
3088 2605 3364 2674 praestitit,

1802 2699 2062 2752 imitatur.
2100 2698 2388 2752 Praeterire
2411 2706 2592 2750 autem
2624 2712 2873 2766 magnam
2897 2706 3104 2765 partem
3128 2697 3366 2750 historia:

1762 2859 1772 2866 .
1800 2794 2076 2853 convenit,
2119 2807 2186 2845 ne
2218 2791 2261 2846 si
2296 2791 2420 2860 quis
2451 2790 2631 2844 omnia
2657 2791 2813 2860 plene
2840 2800 3002 2858 atque
3025 2797 3212 2844 exacte
3237 2789 3369 2844 velit

1799 2897 2092 2954 exponere,
2132 2897 2254 2953 qua:
2301 2891 2355 2936 et
2384 2880 2453 2936 de
2489 2880 2672 2952 Moyse
2705 2879 2989 2950 Scriptura
3033 2881 3365 2944 continet“,

1802 2987 1853 3031 et
1908 2976 1963 3030 in
2005 2975 2204 3045 quibus
2236 2974 2474 3043 magistri
2510 2973 2609 3025 fuit
2657 2989 2778 3026 cum
2820 2972 3002 3044 Moyse
3044 2971 3365 3034 similitudo,

122 3061 319 3124 ὑλικὰς
349 3061 552 3124 ταύτας
583 3062 954 3132 περιηχήσεις,
991 3062 1085 3115 καὶ
1110 3057 1176 3132 ἦν
1207 3063 1297 3115 ἐπὶ
1323 3062 1422 3131 τῆς
1448 3065 1700 3134 ἐσχατιᾶς

1806 3085 2055 3140 magnam
2111 3067 2454 3122 auditoribus
2506 3066 2694 3120 aderat
2746 3067 3071 3120 molestiam.
3127 3062 3369 3134 Reliquit

121 3153 582 3223 προσφιλοσοφῶν
641 3151 718 3222 τῷ
750 3151 888 3222 Θεῷ.
935 3153 1310 3224 Κατελὰμφθη
1341 3153 1418 3224 τῷ
1452 3154 1588 3224 φωτὶ
1620 3155 1708 3210 διὰ

121 3248 226 3316 τῆς
253 3245 418 3314 βάτου
445 3245 666 3308 ἐκεῖνος.
694 3243 929 3314 Ἕχομέν
957 3260 1010 3298 τι
1036 3243 1294 3312 συγγενὲς
1320 3244 1418 3314 τῆς
1449 3245 1708 3308 ὀπτασίας

122 3336 330 3407 ταύτης
356 3337 448 3391 καὶ
474 3336 566 3388 ἐπὶ
601 3335 788 3391 τούτου
818 3337 989 3388 εἰπεῖν
1016 3354 1031 3367 ·
1063 3336 1142 3388 ὅτι
1185 3335 1374 3398 νυκτὸς
1407 3334 1593 3405 οὖσης,
1625 3335 1708 3403 γί-

123 3448 277 3484 νεται
308 3429 460 3500 αὐτῷ
492 3429 670 3498 φωτὸς
702 3429 967 3499 ἔλλαμψις
1002 3430 1143 3484 κατὰ
1171 3429 1261 3481 τὸν
1293 3425 1440 3481 οἰκον
1473 3445 1708 3500 προσευ·

124 3524 346 3595 χομένῳ
370 3539 384 3552 ’
429 3521 591 3577 ἄῦλον
619 3521 675 3574 δέ
701 3539 752 3574 τι
775 3521 835 3574 τὸ
866 3519 980 3590 φῶς
1008 3517 1078 3591 ἦν
1102 3522 1296 3582 ἐκεῖνο,
1328 3520 1449 3590 θεία
1479 3520 1703 3591 δυνάμει

125 3615 508 3686 καταφωτίζον
563 3615 624 3669 τὸ
682 3615 922 3684 οἴκημα,
981 3614 1071 3666 ὑπ’
1121 3612 1330 3677 οὐδενὸς
1385 3613 1706 3682 πράγματος

127 3706 319 3762 ὑλικοῡ
349 3706 733 3774 ὲξαπτόμενον.
768 3706 934 3769 Σώζει
961 3704 1050 3756 τὸν
1079 3703 1204 3758 λαὸν
1231 3704 1260 3756 δ
1291 3705 1493 3774 Μωσῆς
1523 3706 1586 3756 ἐκ
1611 3704 1706 3757 τοῦ

125 3799 398 3871 τυράννου
461 3779 783 3869 ῥυσάμενος.
850 3797 1136 3866 Μαρτυρεῖ
1182 3795 1250 3847 τὰ
1303 3796 1392 3847 ἴσα
1443 3794 1536 3846 τοῦ
1583 3796 1705 3848 καθ’

126 3891 280 3960 ἡμᾶς
307 3888 599 3960 νομοθέτου
632 3891 660 3942 ὁ
691 3886 818 3950 λαὸς
859 3881 1011 3949 οὗτος
1032 3926 1046 3950 ,
1077 3879 1137 3940 οὗ
1168 3885 1254 3937 διὰ
1279 3887 1377 3956 τῆς
1407 3882 1704 3955 ἱερωσύνης

126 3986 269 4057 πρὸς
297 3985 397 4054 τὴν
423 3982 754 4054 ἐπαγγελίαν
782 3981 874 4035 τοῦ
907 3980 1041 4034 Θεοῦ
1074 3979 1441 4050 καθηγήσατο.
1560 3977 1567 3984 ’

1809 3160 2097 3232 Αἰεγριιιηι
2131 3158 2344 3229 Moyses
2379 3169 2502 3228 post
2543 3173 2727 3212 necem
2777 3155 3040 3228 Egyptii,
3089 3159 3370 3228 multoque

1809 3251 2096 3319 interiecto
2125 3259 2364 3319 tempore
2389 3263 2635 3302 seorsum
2660 3262 2756 3316 per
2775 3262 2834 3302 se
2853 3249 3099 3316 privatus
3119 3247 3367 3317 degebat.

1810 3341 2053 3410 Reliquit
2081 3341 2242 3393 etiam
2274 3340 2362 3393 hic
2391 3338 2633 3395 urbanos
2663 3339 2948 3403 tumultus,
2979 3347 3033 3393 et
3063 3337 3371 3394 materiales

1810 3428 1911 3482 hos
1949 3428 2210 3496 strepitus
2259 3427 2502 3496 undique
2539 3427 3034 3490 circumsonantes,
3078 3433 3132 3482 et
3167 3436 3285 3482 erat
3316 3428 3370 3482 in

1812 3521 2110 3576 solitudine
2151 3518 2350 3573 divinze
2392 3518 2748 3588 philosophiae
2798 3519 3044 3572 addictus
3067 3519 3131 3572 ¹⁸.
3166 3517 3371 3574 Lumen

1809 3612 1884 3665 illi
1915 3626 2008 3680 per
2031 3611 2225 3663 rubum
2251 3609 2465 3662 alluxit.
2490 3607 2761 3664 Habemus
2787 3610 2990 3679 aliquid
3021 3611 3148 3665 huic
3175 3611 3372 3666 visioni

1809 3710 2097 3774 cognatum
2130 3703 2292 3756 etiam
2329 3701 2382 3754 in
2422 3701 2550 3763 hoc,
2591 3700 2734 3769 quod
2775 3701 3045 3757 dicamus.
3084 3701 3218 3757 Nam
3248 3717 3371 3758 cum

1808 3811 1918 3851 nox
1967 3802 2135 3859 esset,
2189 3793 2388 3848 accidit
2434 3794 2480 3846 ei
2539 3793 2830 3848 illustratio
2868 3803 3028 3865 atque
3060 3794 3370 3864 aﬂulgentia

1806 3887 2030 3941 luminis
2058 3886 2205 3938 domi
2230 3884 2407 3938 oranti
2433 3904 2445 3937 :
2482 3899 2676 3952 expers
2707 3893 2886 3938 autem
2930 3885 3171 3941 materia:
3200 3885 3373 3955 quod-

1819 3977 1946 4032 dam
1996 3976 2179 4030 lumen
2222 3981 2342 4030 erat
2388 3974 2542 4038 illud,
2583 3975 2762 4029 divina
2804 3975 3004 4029 virtute
3041 3975 3371 4029 domicilium

128 4077 474 4138 illuminans,
521 4091 551 4128 a
582 4075 730 4128 nulla
781 4087 839 4127 re
873 4071 1138 4126 materiali
1185 4083 1496 4123 accensum.
1557 4064 1751 4122 Servat
1807 4066 2067 4137 populum
2115 4064 2324 4136 Moyses
2375 4079 2404 4116 a
2453 4073 2683 4134 tyranno
2733 4065 3038 4119 liberatum.
3094 4064 3250 4119 Paria
3306 4064 3374 4117 de

128 4179 326 4226 nostro
378 4167 685 4236 legislatore
738 4169 968 4218 testatur
1030 4161 1118 4214 hic
1167 4159 1420 4234 populus,
1481 4173 1640 4228 quem
1698 4172 1793 4228 per
1829 4155 2192 4213 sacerdotium
2219 4154 2373 4210 duxit
2402 4154 2468 4208 ad
2498 4153 2590 4209 Dei
2623 4154 3056 4224 promissionem.
3112 4184 3116 4188 -

199 4264 316 4316 Καὶ
335 4259 388 4314 τί
415 4259 522 4332 χρὴ
545 4259 613 4313 τὰ
639 4257 760 4312 καθ’
784 4257 1011 4312 ἕκαστον
1039 4255 1239 4324 λέγειν,
1281 4255 1440 4318 ὅσους
1476 4253 1702 4323 διήγαγε

1877 4250 1944 4305 Ει
1987 4250 2119 4320 quid
2165 4264 2304 4319 opus
2352 4258 2437 4304 est
2479 4249 2662 4303 omnia
2716 4248 3026 4318 singulatim
3080 4264 3373 4319 exponere,

127 4356 226 4409 καὶ
270 4347 426 4415 οὗτος
473 4349 558 4404 διὰ
604 4349 698 4402 τοῦ
741 4347 950 4412 ὕδατος,
988 4345 1128 4408 ὅσοις
1170 4344 1257 4397 διὰ
1287 4343 1380 4396 τοῦ
1430 4343 1594 4411 λόγου
1612 4342 1700 4395 τὸν

1805 4359 1966 4416 quam
1990 4343 2202 4418 multo;
2221 4342 2385 4398 etiam
2418 4343 2503 4397 hic
2531 4357 2626 4411 per
2644 4356 2837 4411 aquam
2867 4341 3188 4404 traduxerit,
3212 4357 3374 4413 quam

48 4445 50 4450 ’
131 4448 329 4502 στύλον
357 4443 453 4497 τοῦ
497 4443 666 4514 πυρὸς
707 4439 1084 4510 ἑδᾳδούχησεν,
1129 4438 1284 4499 ὅσους
1316 4439 1386 4506 τῇ
1413 4434 1504 4488 τοῦ
1540 4433 1709 4487 Πνεύ-

132 4554 308 4610 ματος
359 4533 556 4610 νεφέλῃ
606 4532 884 4592 διέσωσεν,
934 4531 1089 4590 ὅσους
1133 4527 1326 4599 ἔθρεψε
1367 4528 1434 4597 τῇ
1485 4524 1712 4594 οὐρανίᾳ

128 4631 333 4701 τροφῇ,
382 4628 530 4690 ὅπως
574 4625 822 4693 ἐμιμεῖτο
863 4623 961 4696 τὴν
1003 4620 1205 4693 πέτραν
1237 4615 1426 4691 ἦποτε
1458 4617 1537 4687 τῷ
1569 4617 1712 4688 ξύλῳ

131 4718 495 4789 ἁνεστομώθη
532 4718 592 4770 τὸ
615 4716 778 4787 ὕδωρ,
811 4714 1105 4776 τουτέστιν,
1136 4708 1168 4786 ᾖ
1198 4729 1328 4766 ποτε
1352 4712 1380 4763 ὁ
1408 4709 1500 4764 τοῦ
1549 4727 1711 4764 σταυ-

133 4812 235 4886 ροῦ
269 4811 441 4874 τύπος
490 4809 582 4862 τοῦ
615 4809 872 4878 στόματος
921 4806 1118 4873 ἔθιγεν,
1167 4806 1316 4866 ὅπως
1347 4800 1559 4864 ὲπότιζε
1586 4802 1712 4863 τοὺς

130 4903 410 4973 διψῶντας
453 4899 546 4954 τοῦ
575 4899 766 4962 ὓδατος
810 4897 1040 4959 ἐκείνου,
1075 4896 1152 4967 τῷ
1194 4895 1384 4964 πλήθει
1411 4895 1509 4963 τῆς
1555 4894 1713 4966 ὲπιῤ-

48 5045 58 5053 .
136 4993 270 5068 ᾂιῆς
305 4995 404 5056 τὰς
431 4992 697 5054 ἀϐύσσους
725 4989 1076 5061 μιμούμενος,
1104 4987 1224 5041 οἷαν
1254 4986 1550 5058 μαρτυρίου
1582 5002 1716 5055 attn-

133 5089 234 5158 νην
253 5129 270 5153 ,
323 5087 419 5142 καὶ
473 5081 795 5154 σωματικῶς
851 5081 949 5151 μὲν
997 5082 1055 5134 ἐν
1101 5079 1179 5149 τῷ
1232 5077 1538 5149 προαστείῳ
1584 5093 1716 5132 κατ-

133 5177 498 5236 εσκευάσατο,
544 5176 668 5244 τοὺς
698 5175 944 5243 πτωχοὺς
972 5170 1052 5241 τῷ
1083 5169 1314 5238 σώματι,
1357 5169 1603 5237 πτωχοὺς
1637 5165 1716 5236 τῷ

135 5271 412 5342 πνεύματι
439 5269 525 5322 διὰ
552 5267 652 5337 τῆς
678 5265 885 5339 ἀγαθῆς
915 5263 1255 5325 διδασκαλίας
1285 5259 1421 5316 εἶναι
1463 5262 1712 5330 ποιήσας,

134 5363 281 5416 ὥστε
311 5362 492 5421 αὐτοῖς
526 5358 778 5429 γενέσθαι
816 5354 1284 5428 μακαριστὴντὴν
1315 5354 1586 5423 πτωχείαν
1617 5353 1714 5421 τῆς

135 5452 405 5523 ἀληθινῆς
443 5451 716 5522 βασιλείας
749 5446 1110 5520 προξενοῦσαν
1138 5446 1238 5517 τὴν
1270 5446 1456 5516 χάριν;
1506 5445 1716 5516 Σκηνὴν

136 5549 193 5600 δὲ
227 5544 411 5616 ἀληθῆ
436 5545 572 5614 πρὸς
599 5543 694 5614 τὴν
726 5543 821 5597 τοῦ
848 5543 983 5596 Θεοῦ
1014 5539 1330 5610 κατοίκησιν
1361 5537 1457 5608 τήν
1485 5540 1715 5592 ἑκάστου

252 5726 301 5761 ⁸⁸
334 5724 514 5780 Galat.
551 5739 604 5786 ν,
644 5724 732 5778 17.
771 5722 1074 5782 "Exod".
1113 5722 1132 5773 t
1171 5737 1290 5790 sqq.

428 5816 699 5878 Pnaoc.
734 5817 850 5877 Gn.
887 5816 1106 5875 XLVI.

1813 4437 1998 4493 multis
2034 4452 2126 4507 per
2159 4450 2464 4491 sermonem
2513 4435 2822 4490 columnam
2867 4434 3009 4506 ignis
3046 4435 3381 4504 praetulerit?

1812 4543 1976 4599 quam
2015 4529 2216 4582 multos
2257 4527 2403 4582 nube
2450 4526 2677 4596 spiritus
2720 4526 3161 4588 conservaverit,
3215 4543 3377 4597 quam

1813 4621 2014 4676 multos
2047 4619 2254 4675 cmlesti
2303 4620 2427 4674 cibo
2476 4619 2713 4673 aluerit?
2765 4618 3036 4688 quomodo
3077 4618 3381 4674 imitaretur

1813 4720 2042 4783 petram,
2086 4712 2142 4766 in
2185 4726 2290 4780 qua
2333 4711 2610 4781 quondam
2657 4711 2806 4782 ligno
2838 4725 2992 4782 aquae
3039 4725 3101 4766 os
3149 4718 3203 4765 et
3243 4727 3379 4766 vena

1813 4813 1998 4875 aperta
2029 4814 2134 4869 est,
2162 4805 2263 4859 hoc
2290 4812 2394 4869 est,
2426 4803 2586 4872 cujus
2611 4802 2885 4872 quondam
2915 4818 2977 4858 os
2999 4803 3183 4857 crucis
3211 4803 3380 4873 figura

1812 4898 2026 4968 tetigit?
2067 4896 2522 4965 quemadmodum
2560 4893 2810 4950 sitientes
2843 4909 2982 4964 aqua
3023 4895 3118 4948 illa
3148 4900 3378 4964 potaret,

1814 4989 2188 5060 magnitudine
2243 4987 2589 5042 abundantia:
2637 4987 2860 5042 imitans
2907 4987 3172 5058 abyssos,
3225 4986 3383 5055 quale

1813 5083 2224 5139 tabernaculum
2259 5080 2580 5145 testimonii,
2606 5087 2661 5134 et
2685 5080 2900 5151 quidem
2941 5078 3296 5149 corporaliter
3327 5079 3381 5131 in

1817 5175 2080 5232 suburhio
2102 5175 2401 5229 fabricatus
2429 5173 2522 5236 sit,
2553 5188 2819 5244 pauperes
2844 5188 3094 5241 corpore,
3118 5185 3386 5240 pauperes

1817 5267 2012 5336 spiritu
2048 5272 2110 5317 ut
2137 5272 2344 5329 essent,
2378 5259 2476 5333 per
2520 5264 2720 5318 bonam
2773 5262 3079 5316 doctrinam
3124 5259 3396 5324 eiliciens,

1818 5359 1956 5419 adeo
1979 5365 2038 5410 ut
2065 5371 2254 5410 eor-um
2285 5363 2500 5425 egestas
2537 5356 2608 5409 ob
2638 5353 3027 5408 beatitudinem
3059 5351 3387 5405 memorabi-

1817 5449 1888 5503 lis
1914 5445 2222 5510 exsisteret,
2255 5452 2444 5514 utpote
2468 5445 2581 5499 veri
2609 5445 2761 5514 regni
2803 5442 3007 5497 donum
3047 5441 3387 5510 gratiamque

1816 5535 2151 5592 concilians!
2206 5532 2640 5591 Tabernacnlum
2685 5541 2862 5589 autem
2920 5547 3127 5596 verum,
3176 5531 3234 5586 in
3279 5541 3392 5601 quo

1374 5717 1605 5778 “Exod.
1638 5733 1723 5780 ιιι,
1765 5714 1789 5770 1
1823 5731 1946 5786 sqq.

2996 5802 3076 5866 20
