3850 6390
428 286 461 317 4
508 253 605 313 8H

1706 249 1764 304 S.
1805 244 2130 303 GREGORII
2169 244 2463 303 NYSSENI

3654 256 3757 314 8ξῖ

514 375 654 430 Deus
687 371 1037 433 inhabitaret,
1064 368 1499 439 uniuscujusque
1540 367 1777 422 animam
1832 377 2080 419 sermone

2185 365 2360 435 ψυχὴν
2391 366 2741 439 ἐδημιούργει
2788 369 2866 440 τῷ
2913 368 3077 441 λόγῳ.
3117 374 3213 428 καὶ
3264 374 3487 438 στύλους
3514 377 3670 439 τινάς
3702 380 3757 430 ἐν

510 465 797 531 elliciebat,
826 463 989 519 etiam
1028 461 1312 516 columnas
1362 458 1630 531 quasdam
1671 465 1962 512 exstruens
2021 456 2077 509 in

508 575 610 614 eo:
648 554 1007 627 cogitationes
1054 561 1109 609 et
1153 553 1396 609 rationes
1449 551 1575 606 dico
1612 550 1921 614 columnas,
1958 562 2079 618 qua:

510 649 788 704 laboribus
849 659 1169 716 oppressam
1230 644 1482 699 virtutem
1544 640 1856 697 suﬂ‘ulciant
1917 647 2080 711 atque

508 746 838 805 sustentent,
864 746 1025 807 atque
1052 737 1216 791 etiam
1246 736 1429 805 pelves
1446 730 1785 803 (conﬁciens)
1809 730 1878 785 ad
1899 731 2080 785 eluen-

507 830 639 886 dum
681 828 876 882 anima:
913 825 1240 897 pollutiones
1292 831 1348 879 et
1398 822 1832 894 inquinamenta,
1876 820 2077 890 quibus

509 938 648 995 aqua
682 937 747 977 ex
779 920 955 976 oculis
988 925 1277 974 emat-ante
1310 916 1485 970 litura:
1520 922 1574 969 et
1608 914 1834 967 macula:
1871 912 2077 967 abster-

508 1020 787 1083 gerentur.
808 1009 982 1078 Quam
1006 1007 1174 1063 multa
1204 1004 1534 1061 candelabra
1562 1005 1617 1057 in
1646 1000 2079 1071 uniuscujusque

509 1104 690 1160 anima
742 1101 1089 1173 imponebat,
1141 1112 1393 1154 sermone
1451 1096 1766 1151 illuminans
1819 1091 2074 1149 occulta!

509 1199 709 1265 Quales
758 1198 1065 1252 orationum
1117 1206 1336 1248 acerras
1370 1198 1424 1247 et
1466 1189 1740 1245 thuribula
1776 1186 2073 1242 eﬂiciebatl

510 1289 701 1361 quales
732 1286 1045 1344 exstruebat
1060 1299 1125 1340 ex
1152 1299 1287 1355 puro
1317 1297 1473 1346 auro,
1497 1288 1553 1337 et
1576 1281 1630 1335 in
1659 1295 1770 1352 quo
1799 1279 1950 1334 fraus
1980 1276 2079 1332 ad-

510 1378 681 1434 hibita
711 1391 818 1431 non
848 1385 1010 1438 esset,
1035 1374 1139 1429 hoc
1157 1382 1259 1436 est,
1283 1386 1349 1427 ex
1384 1385 1509 1426 vera
1533 1380 1583 1427 et
1606 1384 1743 1440 pura
1770 1368 2076 1431 aﬂ‘ectione,

511 1472 602 1527 ubi
641 1484 804 1541 grave
844 1483 997 1523 vanas
1047 1465 1234 1537 gloria:
1279 1462 1557 1534 plumbum
1603 1474 1946 1533 nequaquam
1980 1473 2077 1514 eo-

512 1578 657 1628 rum,
706 1576 829 1631 qua:
877 1558 1085 1622 ﬁerent,
1134 1555 1475 1628 splendorem
1526 1554 1882 1610 obscuraret!
1936 1549 2078 1619 Quid

510 1669 649 1725 opus
688 1662 773 1709 est
808 1664 1235 1706 commemorare
1287 1647 1572 1718 mysticam
1621 1659 1829 1707 arcam,
1860 1643 2076 1714 qualem

513 1712 806 1813 unicuique
862 1740 1157 1795 fabricatus
1186 1741 1277 1803 sit,
1309 1712 1521 1793 tabulas
1563 1712 2082 1793 testamenti'divino
2116 1712 2157 1769 Β

512 1838 683 1908 digito
741 1834 1033 1906 inscriptas
1094 1832 1288 1886 animae
1340 1828 1665 1901 imponens?
1723 1827 1849 1883 Haec
1899 1834 2081 1882 autem

510 1927 636 1983 dico
668 1926 760 1981 illo
791 1924 1112 1995 respiciens,
1135 1920 1278 1992 quod
1308 1920 1739 1990 uniuscujusque
1768 1932 1865 1973 cor
1900 1932 2081 1973 arcam

511 2020 798 2086 eﬂiciebat,
833 2032 952 2089 qua:
1002 2014 1306 2087 spiritualia
1338 2013 1593 2085 mysteria
1623 2010 2083 2082 comprehendere

513 2118 728 2184 posset,
788 2107 1074 2165 continens
1113 2106 1281 2177 legem
1325 2105 1581 2174 scriptam
1611 2144 1626 2170 ,
1676 2119 1799 2174 qua:
1848 2102 2084 2172 Spiritus

512 2203 828 2274 operatione
878 2214 975 2270 per
1025 2212 1191 2269 opera
1241 2195 1675 2251 describeretnr:
1710 2195 1762 2249 id
1809 2196 1953 2250 enim
1988 2209 2085 2266 per

512 2293 738 2363 digitum
769 2289 863 2344 Dei
895 2288 1233 2360 sign'rlicatur
1264 2304 1278 2342 :
1314 2286 1368 2341 in
1402 2302 1507 2357 qua
1536 2301 1661 2342 arca
1695 2286 1859 2342 etiam
1897 2300 2078 2342 sacer-

514 2384 649 2442 dotii
678 2383 826 2455 virga
854 2397 955 2439 suo
986 2394 1199 2451 semper
1234 2376 1414 2434 fructu
1444 2376 1813 2433 eiliorescebat
1840 2392 1933 2447 per
1960 2392 2087 2447 par-

515 2476 887 2548 ticipationem
914 2469 1404 2529 sanctiﬁcationum
1445 2469 1758 2540 germinans
1802 2478 1857 2525 et
1902 2470 2085 2539 repul-

517 2571 718 2634 lulans,
767 2574 822 2622 et
874 2578 1011 2620 urna
1048 2577 1080 2617 a
1124 2576 1323 2618 manna
1371 2577 1645 2633 nunquam
1679 2576 1852 2617 vacua
1905 2560 2084 2616 ﬂebat.

516 2660 673 2717 Tunc
702 2658 846 2714 enim
879 2657 1074 2711 animae
1105 2669 1202 2711 vas
1231 2668 1263 2708 a
1301 2654 1511 2709 caelesti
1565 2654 1688 2708 cibo
1721 2668 1951 2707 vacuum
1991 2653 2084 2717 sit,

516 2768 640 2809 cum
693 2760 973 2823 peccatum
1029 2763 1090 2804 se
1140 2745 1429 2802 insinuans
1475 2744 1809 2799 inﬂuentiam
1878 2758 2089 2797 manna:

516 2840 875 2917 prohibuerit.
906 2839 1100 2894 Manna
1127 2849 1307 2892 autem
1340 2836 1496 2907 panis
1537 2836 1777 2891 caelestis
1804 2843 1908 2889 est.
1945 2834 2085 2900 Quid

517 2950 656 3007 opus
681 2940 766 2989 est
796 2944 1223 2987 commemorare
1248 2942 1357 2997 quo
1396 2936 1554 2997 pacto
1593 2925 1915 2981 sacerdotali
1949 2926 2088 2979 stola

519 3038 643 3080 cum
692 3020 809 3092 ipse
852 3019 1121 3089 exquisite
1154 3026 1208 3073 et
1246 3026 1403 3070 caute
1447 3031 1505 3071 se
1538 3015 1925 3079 circumdaret,
1973 3024 2086 3069 tum

519 3121 745 3170 caeteros
774 3126 875 3166 suo
906 3108 1153 3179 exemplo
1184 3118 1496 3171 exornaret,
1545 3122 1759 3178 semper
1805 3107 1984 3163 ferens
2030 3107 2086 3161 in

520 3212 741 3276 pectore
767 3202 919 3257 illum
950 3208 1225 3263 ornatum,
1252 3198 1340 3253 cui
1369 3211 1564 3254 nomen
1590 3206 1673 3254 est
1703 3206 1755 3253 et
1784 3200 2087 3263 oraculum,

520 3301 576 3351 et
614 3294 915 3358 decretum,
961 3298 1015 3347 et
1057 3289 1282 3354 veritas,
1314 3304 1436 3359 qua:
1468 3288 1650 3344 omnia
1680 3288 1929 3356 relinquo
1961 3286 2087 3342 dili-

521 3386 858 3459 gentioribus
900 3392 954 3439 et
994 3382 1166 3454 magis
1222 3381 1532 3448 industriis,
1563 3391 1620 3436 ut
1665 3395 1729 3437 ea
1776 3395 1871 3452 per
1915 3381 2091 3451 tropi-

522 3494 641 3533 cam
667 3487 723 3534 et
754 3476 1099 3547 allegoricam
1144 3474 1595 3546 significationem
1644 3473 1961 3544 praeceptori
1995 3489 2089 3527 ac-

521 3568 865 3626 commodent
890 3585 903 3623 :
936 3583 1032 3639 per
1064 3582 1185 3639 quae
1215 3581 1336 3621 cum
1366 3566 1482 3636 ipse
1506 3565 1630 3622 talis
1654 3574 1793 3631 erat,
1816 3573 1931 3620 tum
1963 3580 2087 3620 cum

521 3661 645 3718 aliis
702 3667 955 3717 ornatum
1017 3672 1144 3714 eum
1197 3656 1651 3714 communicabat.
1706 3654 2089 3728 Saepenumero

521 3751 1005 3810 animadvertimus
1029 3764 1155 3805 eum
1183 3751 1345 3805 etiam
1375 3748 1516 3803 intra
1548 3748 1833 3820 caliginem
1862 3748 2088 3815 versari,

523 3845 614 3903 ubi
658 3843 803 3900 Deus
848 3853 986 3899 erat.
1018 3840 1154 3897 Nam
1184 3840 1329 3913 quod
1371 3839 1460 3895 alii
1495 3854 1721 3896 cernere
1767 3848 1929 3910 atque
1960 3855 2091 3896 con-

521 3936 767 4007 templari
796 3951 904 3991 non
932 3943 1204 4006 poterant,
1234 3932 1287 3989 id
1334 3932 1409 3987 illi
1437 3930 1687 3988 doctrina
1720 3931 1945 4002 spiritus
1982 3947 2089 4003 qua

519 4031 576 4085 in
599 4028 775 4085 sacris
805 4029 1085 4084 institutus
1106 4033 1244 4091 erat,
1271 4023 1759 4095 comprehensibile
1782 4023 2047 4080 eiiiciebat
2071 4044 2086 4081 :

2184 457 2321 527 αὐτῇ
2370 459 2793 524 κατασκευάζων
2818 475 2831 487 ’
2882 460 3174 532 λογισμοὺς
3208 465 3506 533 λέγωιτοὺς
3536 467 3757 531 στύλους

2181 551 2310 612 τοὺς
2362 551 2425 603 τὸ
2469 552 2727 605 ἐπίπονον
2778 556 2877 625 τῆς
2928 556 3130 625 ἀρετῆς
3183 558 3565 629 ὑπερείδοντας
3599 576 3612 590 ·
3666 564 3757 615 καὶ

2182 640 2450 713 λουτῆρας
2478 642 2739 708 ὡσαύτως
2786 645 2923 717 πρὸς
2952 646 3014 699 τὸ
3049 647 3335 705 ἑκπλύνειν
3362 651 3463 720 τῆς
3488 651 3666 723 ψυχῆς
3695 654 3758 707 τά

2186 736 2489 807 μιάσματα,
2519 736 2597 807 τῷ
2630 738 2694 791 ὲκ
2732 739 2842 791 τῶν
2866 739 3161 811 ὀφθαλμῶν
3189 740 3340 796 ὕδατι
3367 743 3457 796 τόν
3488 744 3756 815 μολυσμὸν

2183 824 2602 890 άποκλύζοντας.
2645 826 2817 892 Ὅσας
2864 829 3087 900 λυχνίας
3135 831 3361 886 ἐνετίθει
3406 836 3476 905 τῇ
3527 835 3752 889 ἑκάστου

2182 920 2350 990 ψυχῇ.
2378 921 2767 986 καταφωτίζων
2785 924 2864 993 τῷ
2891 924 3037 995 λόγῳ
3058 925 3125 979 τά
3154 926 3395 999 κρύφιαί
3426 923 3531 982 Οἷα
3558 928 3628 982 τά
3652 930 3754 981 τῶν

2184 1012 2501 1083 προσευχῶν
2550 1012 2883 1086 θυμιατήριά
2935 1034 2997 1071 τε
3059 1018 3155 1072 καὶ
3212 1020 3573 1092 θυσιαστήρια
3628 1039 3754 1075 κατ-

2184 1103 2499 1169 εσκεύασεν,
2521 1105 2585 1157 ὲκ
2605 1105 2847 1177 καθαροῦ
2877 1108 2971 1161 καὶ
2998 1108 3187 1163 ἀδόλου
3215 1112 3459 1181 χρυσίου,
3482 1113 3754 1166 τουτέστιν

2186 1195 2245 1261 ἐξ
2272 1194 2533 1267 ἀληθινῆς
2575 1213 2635 1249 τε
2680 1198 2777 1252 καὶ
2805 1198 3051 1271 καθαρᾶς
3085 1200 3396 1266 διαθέσεως,
3444 1197 3505 1258 οὗ
3536 1204 3699 1275 μηδὲν
3727 1207 3753 1257 ὁ

2186 1286 2356 1359 βαρὺς
2386 1289 2484 1358 τῆς
2526 1288 2826 1355 κενοδοξίας
2860 1292 3117 1362 μόλυϐδος
3166 1295 3263 1365 τὴν
3305 1294 3622 1367 λαμπηδόνα
3650 1297 3753 1349 τῶν

2184 1379 2480 1449 γινομένων
2509 1381 2873 1452 ήμαύρωσενί
2931 1384 2998 1437 Τί
3042 1385 3123 1438 δεῖ
3162 1385 3341 1454 λέγειν
3368 1386 3467 1458 τὴν
3495 1388 3754 1459 μυστικήν

2184 1472 2435 1536 κιϐωτὸν,
2482 1473 2600 1527 οἵαν
2643 1474 2858 1544 ἑκάστῳ
2909 1476 3252 1547 ἐτεκτήνατο,
3285 1478 3384 1542 τὰς
3416 1478 3631 1542 πλάκας
3661 1480 3754 1549 τῆς

2183 1563 2468 1635 διαθήκης,
2495 1563 2593 1628 τὰς
2617 1564 2697 1636 τῷ
2726 1565 2855 1638 θείῳ
2883 1567 3132 1639 δακτύλῳ
3176 1571 3632 1641 ἐγγεγραμμένας
3674 1572 3754 1623 ὲν-

2185 1656 2353 1721 τιθεὶς
2379 1659 2444 1728 τῇ
2470 1657 2616 1729 ψυχῇ
2644 1675 2659 1723 ;
2688 1658 2844 1725 Λέγω
2871 1659 2927 1713 δὲ
2955 1660 3126 1715 ταῦτα
3159 1664 3295 1733 πρὸς
3324 1666 3499 1717 ἐκεῖνο
3524 1663 3750 1733 βλέπων,

2182 1750 2264 1804 ὃτι
2282 1751 2381 1821 τὴν
2412 1749 2644 1805 ἑκάστου
2669 1751 2895 1823 καρδίαν
2924 1754 3096 1807 ἐποίει
3126 1755 3377 1820 κιϐωτὸν,
3406 1756 3753 1827 περιεκτικὴν

2182 1840 2292 1894 τῶν
2324 1839 2711 1910 πνευματικῶν
2746 1841 3091 1913 μυστηρίων,
3136 1844 3382 1915 γραπτὸν
3412 1844 3642 1915 ἔχουσαν
3669 1846 3753 1898 τὸν

2182 1931 2347 2001 νόμον
2388 1931 2477 1985 διά
2520 1931 2629 1985 τῶν
2687 1931 2864 2005 ἔργων
2896 1934 3383 2005 καταγραφόμενον
3411 1938 3479 2006 τῇ
3508 1936 3753 2007 ἐνεργείᾳ

2182 2021 2276 2077 τοῦ
2310 2022 2625 2093 Πνεύματος
2671 2022 2833 2093 (οὕτω
2880 2024 2991 2095 γὰρ
3025 2026 3054 2078 ὁ
3080 2024 3340 2090 δάκτυλος
3376 2026 3469 2080 τοῦ
3498 2025 3635 2081 Θεοῦ
3668 2028 3752 2097 ἐρ-

2186 2118 2519 2191 μηνεύεται)’
2548 2122 2605 2174 ἐν
2696 2122 2791 2175 καὶ
2815 2121 2915 2192 τῆς
2946 2122 3244 2195 ἱερωσύνης
3265 2124 3299 2194 ή
3333 2122 3525 2196 ῥάϐδος
3550 2124 3639 2176 ἀεὶ
3667 2122 3753 2176 τόν

2186 2210 2317 2265 ίδιον
2347 2212 2555 2282 καρπὸν
2584 2210 2799 2283 ἐξήνθει
2823 2251 2838 2275 ,
2884 2211 2973 2266 διά
3000 2213 3098 2284 τῆς
3128 2213 3414 2284 μετουσίας
3459 2214 3570 2269 τῶν
3602 2215 3753 2281 ἁγια-

2184 2302 2405 2374 σμάτων
2426 2304 2900 2359 ἀναϐλαστάνουσα
2918 2322 2933 2337 ο
2962 2304 3106 2376 καὶή
3132 2306 3365 2376 στάμνος
3384 2306 3485 2359 οὐκ
3508 2304 3755 2360 ὲκενοῦτο

2182 2394 2275 2449 τοῦ
2304 2396 2499 2466 μάννα.
2528 2396 2661 2451 Τότε
2689 2397 2801 2469 γὰρ
2827 2402 2982 2451 κενὸν
3006 2397 3215 2468 γίνεται
3239 2399 3338 2470 τῆς
3368 2398 3545 2469 ψυχῆς
3570 2398 3633 2452 τὸ
3659 2399 3753 2467 ἀγ-

2184 2490 2332 2556 γεῖον
2355 2488 2455 2559 τῆς
2484 2489 2743 2561 οὐρανίας
2768 2491 2995 2562 τροφῆς,
3042 2490 3170 2544 ὅταν
3199 2490 3445 2561 ἁμαρτία
3467 2506 3753 2561 παρεμπε-

2187 2579 2353 2633 σοῦσα
2384 2580 2481 2652 τὴν
2514 2582 2777 2654 ὲπιρροὴν
2824 2582 2921 2637 τοῦ
2970 2581 3145 2653 μάννα
3189 2576 3428 2655 κωλύσῃ.
3480 2582 3672 2636 Μάννα
3700 2581 3753 2635 δέ

2187 2671 2332 2722 ἐστιν
2363 2670 2527 2742 ἄρτος
2551 2671 2818 2743 οὐράνιος.
2867 2671 2933 2724 Τί
2974 2671 3082 2743 χρὴ
3121 2671 3300 2740 λέγειν
3328 2672 3474 2735 ὅπως
3503 2671 3571 2725 δι’
3598 2672 3752 2740 ἀκρι-

2188 2760 2341 2825 ϐείας
2362 2762 2459 2832 τὴν
2487 2763 2763 2835 ἱερατικὴν
2795 2762 2985 2835 στολὴν
3009 2764 3171 2828 αὐτός
3207 2781 3268 2817 τε
3289 2763 3642 2835 περιετίθετο,
3668 2762 3754 2814 καὶ

2187 2855 2516 2924 κατεκόσμει
2533 2854 2659 2918 τοὺς
2686 2855 2877 2919 ἄλλους
2906 2856 2983 2926 τῷ
3014 2856 3136 2911 καθ’
3164 2855 3353 2909 ἑαυτὸν
3380 2854 3754 2924 ὑποδείγματι,

2188 2945 2276 2999 ἀεὶ
2308 2945 2488 3015 φέρων
2513 2945 2603 2999 τὸν
2627 2947 2719 3000 ἐπὶ
2742 2946 2834 3000 τοῦ
2869 2948 3100 3019 στήθους
3127 2948 3349 3018 κόσμον,
3390 2940 3435 3016 ᾧ
3463 2946 3635 3017 ὄνομα
3675 2946 3758 2999 λο-

2114 3062 2157 3122 c
2191 3037 2335 3106 γεῐὸν
2358 3054 2416 3091 τε
2442 3039 2535 3091 καὶ
2561 3037 2811 3109 δήλωσις,
2835 3042 2930 3095 καὶ
2957 3039 3180 3112 άλήθεια
3204 3055 3219 3104 ;
3258 3040 3325 3091 'A
3352 3038 3528 3092 πάντα
3562 3037 3757 3108 παρίη-

2194 3145 2254 3200 μι
2282 3130 2395 3192 τοῖς
2420 3128 2869 3202 φιλοπνωτέροις
2894 3131 3035 3186 κατὰ
3066 3130 3163 3202 τήν
3193 3130 3458 3203 τροπικὴν
3490 3130 3758 3201 σημασξαν

2188 3222 2518 3294 ἐφαρμόζειν
2544 3223 2622 3294 τῷ
2652 3222 2956 3297 διδασκάλῳ
2976 3241 2991 3256 ·
3037 3224 3104 3278 δι’
3133 3216 3209 3279 ὧν
3250 3224 3410 3287 αὑτός
3435 3242 3498 3279 τε
3524 3223 3757 3286 τοιοῦτος

2186 3307 2277 3384 ἦν,
2307 3313 2401 3367 καὶ
2432 3315 2543 3377 τοῖς
2592 3313 2771 3378 άλλοις
2812 3315 3087 3369 ἐκοινώνει
3114 3315 3209 3370 τοῦ
3236 3316 3462 3386 κόσμου.
3500 3316 3759 3379 Πολλάκις

2189 3404 2434 3476 ἔγνωμεν
2475 3405 2637 3460 αὑτὸν
2681 3407 2774 3460 καὶ
2821 3406 2970 3471 ἐντὸς
3012 3406 3107 3461 τοῦ
3131 3408 3331 3477 γνόφου
3360 3407 3669 3479 γενόμενον,
3700 3398 3757 3462 οῦ

2187 3490 2258 3566 ἦν
2299 3498 2329 3550 ό
2370 3494 2523 3560 Θεός.
2580 3496 2654 3550 Tb
2681 3496 2789 3569 γὰρ
2817 3499 2930 3563 τοῖς
2974 3499 3156 3563 ἄλλοις
3190 3498 3522 3571 ἀθεώρητον,
3571 3499 3761 3571 ἐκείνῳ

2187 3585 2391 3657 ληπτὸν
2422 3586 2594 3641 ἐποίει
2622 3589 2656 3659 ή
2689 3590 3044 3660 μυσταγωγία
3068 3590 3159 3644 τοῦ
3186 3589 3535 3661 Πνεύματος.
3566 3591 3643 3654 ὡς
3680 3591 3762 3644 δο-

2188 3679 2305 3731 κεῖν
2343 3677 2492 3742 ἐντὸς
2518 3679 2621 3749 τῆς
2650 3680 2912 3752 περιοχῆς
2939 3675 3078 3735 εἶναι
3110 3680 3203 3734 τοῦ
3234 3682 3456 3750 γνόφου,
3501 3674 3545 3749 ᾧ
3571 3682 3600 3735 ό
3636 3681 3762 3752 περὶ

2186 3769 2281 3824 τοῦ
2324 3770 2458 3824 Θεοῦ
2498 3771 2656 3841 λόγος
2683 3772 3172 3844 ὲναποκρύπτεται.
3206 3773 3469 3834 Πολλάκις
3496 3772 3759 3843 ἀντέστηά

2190 3879 2279 3916 σεν
2327 3864 2517 3945 bat)th
2541 3867 2654 3929 τοῖς
2697 3867 3100 3938 Ἀμαληκίταις,
3146 3867 3296 3939 ὅπλῳ
3320 3865 3665 3938 χρησάμενος
3696 3866 3759 3935 τῇ

2190 3958 2481 4027 προσευχῇ.
2537 3949 2613 4010 Ob
2660 3960 2760 4022 τὰς
2806 3961 2991 4029 χεῖρας
3042 3958 3389 4030 ἐπαίροντος,
3434 3960 3462 4012 ὁ
3516 3956 3760 4027 ἀληθινὸς

2201 4046 2405 4118 Ἰησοῦς
2436 4048 2838 4119 κατηγωνίζετο
2880 4050 2987 4103 τῶν
3016 4050 3308 4121 πολεμίων.
3364 4049 3581 4103 Πολλῶν
3623 4046 3762 4102 κατὰ

519 4123 656 4179 adeo
686 4130 745 4177 ut
790 4122 935 4176 intra
974 4120 1280 4191 amplexum
1329 4117 1579 4187 caliginis
1626 4132 1749 4173 esse
1791 4117 2080 4182 videretur,

2187 4117 2280 4190 τὸν
2301 4138 2529 4210 Βαλαάμ
2551 4117 2754 4195 ἐκεῖνον
2772 4143 2982 4212 γοήτων
3004 4142 3103 4206 τὰς
3131 4117 3462 4213 μαγγανείας
3484 4140 3728 4194 διέλυσεν
3745 4155 3758 4168 ·

518 4217 575 4271 in
608 4229 716 4285 qua
765 4228 946 4270 sermo
989 4212 1057 4268 de
1106 4210 1215 4265 Deo
1241 4210 1564 4263 οοευιιειυτο
1608 4207 1999 4303 διερειιλυιυεηξ
2030 4224 2091 4265 se
2188 4228 2237 4281 οἳ
2261 4229 2381 4300 οὐχὶ
2408 4207 2502 4284 τοο
2530 4207 2962 4303 ἀληθινοῦ-λόγου
2987 4207 3296 4297 ἀκούοντες,
3318 4233 3452 4286 am
3472 4234 3538 4303 τῇ
3576 4230 3762 4284 όνώδει

518 4304 775 4377 opposuit
815 4303 1130 4359 Amalecitis
1174 4316 1271 4371 pro
1315 4311 1473 4357 scuto
1507 4316 1638 4355 usus
1670 4301 1938 4389 or‘atione.
1968 4301 2080 4368 Quo

2188 4289 2506 4394 διδασκαλίᾳ
2551 4289 2661 4377 τιῖλν
2705 4289 2976 4395 δαιμόνων
3022 4289 3353 4395 πειθόμενοι,
3403 4289 3760 4394 άνενέργητον

519 4410 712 4451 manus
772 4394 996 4449 tollente
1063 4407 1221 4447 verus
1283 4390 1443 4447 .lesus
1503 4391 1689 4447 hostes
1722 4379 2080 4449 'devincebat.

2193 4404 2339 4479 εἶχον
2364 4413 2444 4474 εἰς
2474 4379 2670 4466 κακίαν
2695 4412 2756 4466 τὸ
3013 4415 3109 4485 τῆς
3136 4379 3230 4468 τοῦ
3254 4379 3581 4469 διδασκάλου.
3603 4379 3763 4482 exi-xi};

518 4484 809 4543 Multorum
838 4483 1289 4557 praestigiatorum
1338 4492 1391 4538 et
1420 4482 1819 4538 incantatorum
1865 4484 2080 4543 Balaam

2193 4501 2274 4563 εἰς
2299 4502 2548 4571 εὐλογίαν
2575 4503 2671 4574 τὴν
2697 4482 2943 4574 κατάραν
2970 4482 3373 4577 μετατιθείσης.

518 4579 668 4635 illius
717 4577 979 4636 similium
1024 4577 1354 4647 imposturas
1403 4575 1665 4631 discussit
1705 4584 1870 4647 atque
1909 4581 2095 4641 irritas
2148 4586 2275 4646 fecit
2311 4611 2324 4647 :
2360 4597 2452 4664 qui
2503 4611 2630 4650 vero
2677 4598 2917 4662 sermoni
2965 4575 3073 4653 non
3120 4575 3455 4660 οδεάεέηιρε,
3513 4594 3609 4651 sed
3653 4592 3762 4647 asa-

518 4671 660 4726 uina
722 4669 1028 4725 daemonum
1086 4668 1349 4724 doctrinae
1403 4667 1845 4737 obtemperantes
1881 4682 2061 4743 erant,

2185 4682 2351 4739 :ﬂicax
2381 4688 2447 4743 ad
2480 4689 2741 4743 malitiam
2768 4704 2832 4745 os
2865 4690 3155 4758 habebant,
3216 4689 3460 4760 magistri
3511 4688 3762 4759 precibus

520 4763 957 4821 tnaledictionem
988 4759 1429 4817 convertentibus
1465 4760 1516 4813 in
1549 4759 2002 4820 benedictionem.

587 4858 854 4914 Caeterum
891 4855 1005 4910 haec
1052 4869 1082 4909 a
1128 4853 1288 4909 nobis
1326 4868 1421 4923 per
1455 4863 1831 4912 transcursum
1863 4866 1919 4914 et
1945 4875 2080 4916 com-

2263 4860 2446 4919 Ταῦτα
2471 4866 2530 4920 δὲ
2568 4868 2695 4939 παρ’
2723 4869 2756 4939 ή
2766 4866 2882 4938 μῶν
2912 4867 3125 4936 λέγεται
3153 4869 3221 4924 δι’
3248 4870 3546 4945 ἐπιδρομῆς
3581 4892 3640 4928 τε
3674 4877 3764 4931 καὶ

518 4948 775 5021 pendium
808 4946 1106 5002 dicuntur:
1138 4960 1258 5015 quae
1300 4945 1613 5017 singulatim
1658 4948 1973 5021 quicunque
2016 4952 2080 5007 vi

2196 4955 2484 5025 συντομίας
2512 4971 2528 4987 ο
2573 4958 2871 5029 ἐφαρμόσει
2898 4959 2956 5013 δὲ
2980 4961 3046 5031 τῇ
3073 4958 3299 5032 ἀληθείᾳ
3328 4959 3439 5013 τῶν
3464 4964 3765 5031 γεγονότοιν

518 5052 629 5099 tam
670 5040 857 5097 Sancti
904 5053 1015 5095 non
1050 5038 1279 5109 ignorat,
1324 5039 1758 5095 accommodabit
1792 5041 1861 5096 ad
1917 5058 2080 5100 rerun

2192 5042 2262 5098 τὰ
2289 5043 2412 5097 καθ’
2441 5045 2672 5101 ἕκαστον
2712 5051 2741 5102 ό
2793 5051 2867 5120 μὴ
2894 5048 3101 5118 ἀγνοῶν
3142 5049 3236 5104 τοῦ
3297 5050 3476 5120 Ἀγίου
3509 5054 3602 5108 τὸν
3634 5055 3762 5125 βίον,

518 5143 795 5207 gestarum
845 5132 1147 5199 veritatem,
1177 5145 1340 5201 quam
1396 5132 1549 5185 multi
1594 5133 1686 5202 qui
1734 5136 2010 5192 veneﬁciis
2045 5151 2080 5193 e‘

2193 5134 2308 5190 ὅσοι
2329 5135 2416 5190 διά
2442 5139 2791 5210 φαρμακείας
2821 5157 2881 5194 τε
2912 5141 3006 5194 καὶ
3034 5140 3286 5212 γοητείας
3315 5142 3605 5209 ἐπιϐουλάς
3628 5148 3767 5200 κατά

520 5225 984 5289 incantationibus
1048 5222 1310 5279 adversus
1385 5223 1651 5293 quosdam
1723 5224 1954 5283 insidias
2010 5228 2080 5284 in.

2192 5241 2356 5283 τινων
2379 5230 2828 5296 συσκευάσαντες,
2861 5232 3142 5304 ἄπρακτον
3172 5234 3330 5305 ἔσχον
3347 5236 3448 5305 τήν
3481 5239 3762 5309 πονηρίαν,

519 5319 869 5385 struxissent,
910 5317 1246 5375 inetﬁcacem
1301 5316 1704 5387 improbitatem
1760 5319 2080 5390 habuerunt,

2201 5317 2279 5389 μή
2312 5320 2753 5391 συγχωρηθέντες
2782 5320 2886 5375 ὑπὸ
2914 5321 3015 5392 τῆς
3060 5321 3153 5377 τοῦ
3184 5322 3499 5378 διδασκάλου
3531 5325 3766 5387 πίστεως

517 5425 643 5465 cum
690 5425 797 5464 non
840 5409 1029 5464 liceret
1067 5407 1148 5464 eis
1187 5422 1283 5479 per
1316 5407 1475 5463 [idem
1504 5412 1852 5481 praeceptoris
1889 5414 2080 5470 malum

2200 5413 2533 5481 προαγαγεῖν
2572 5411 2636 5466 τὸ
2666 5412 2831 5467 κακὸν
2855 5415 2934 5478 είς
2961 5413 3257 5469 τελείωσιν.
3312 5414 3472 5467 Ἀλλά
3500 5416 3678 5469 πάντα
3700 5418 3761 5469 τά

518 5501 818 5574 producere
848 5500 915 5555 ad
940 5499 1209 5557 effectum.
1263 5501 1369 5557 Sed
1417 5500 1622 5559 relictis
1666 5504 1941 5572 omnibus,
1972 5521 2080 5578 qua

2197 5501 2286 5558 διὰ
2330 5502 2495 5573 μέσου
2528 5504 2841 5561 καταλιπὼν
2864 5544 2881 5571 ,
2928 5504 3023 5560 τοῦ
3066 5506 3254 5571 τέλους
3285 5505 3608 5579 ἀμφοτέρων
3646 5508 3764 5561 ὲπι-

519 5593 699 5650 medio
746 5600 989 5664 tempore
1038 5600 1159 5647 acta
1196 5600 1346 5657 sunt,
1376 5592 1443 5649 de
1488 5593 1594 5649 line
1621 5594 1905 5668 utriusque
1942 5583 2080 5653 com-

2203 5596 2603 5668 μνησθήσομαιο
2647 5597 2850 5669 ’Δφῆκε
2880 5597 2978 5669 μὲν
3004 5598 3094 5651 τὸν
3137 5598 3250 5669 βίον
3291 5598 3546 5669 ἑκάτερος
3570 5615 3585 5630 ·
3635 5616 3764 5671 μνη-

521 5684 854 5744 memorabo.
902 5682 1144 5758 Reliquit
1204 5684 1425 5759 quidem
1488 5695 1717 5759 uterque
1791 5689 2080 5760 saeculum1

2201 5692 2430 5765 μόσυνον
2457 5691 2512 5747 δὲ
2537 5692 2637 5764 τῆς
2683 5693 2821 5758 ιδίας
2862 5693 2990 5748 moi
3016 5692 3114 5748 τὴν
3159 5693 3335 5764 σάρκα
3373 5690 3631 5762 σχέσεως,
3677 5692 3755 5745 οὐο
