3850 6414
513 233 621 288 315

1791 224 1848 278 S.
1886 223 2214 282 GBEGOBll
2254 223 2540 280 NYSSENI

3648 226 3747 280 8l6

513 348 696 402 anima
735 345 1110 410 contenderet,
1157 352 1211 398 et
1248 340 1560 398 sensibilem
1603 340 1788 394 mundi
1823 357 2079 410 superans

2190 341 2563 411 ἐπονομάζειν,
2605 341 2698 393 καὶ
2737 340 2823 394 διὰ
2862 338 2963 408 τῆς
3000 335 3095 391 τοῦ
3130 336 3297 390 τόπου
3325 335 3547 406 εὐφυΐας
3580 338 3748 411 ἐαυτῷ

512 436 842 506 amplexum,
872 449 1088 503 semper
1120 433 1174 487 in
1209 433 1274 488 iis
1297 447 1419 503 quae
1451 433 1786 502 cogitatione
1815 448 1879 486 ac
1913 442 2092 489 mente

512 525 1076 598 comprehenduntur,
1103 524 1486 587 inambularet,
1517 533 1570 577 et
1593 531 1894 592 occupatus
1922 532 2090 590 esset,

510 628 673 689 atque
696 633 801 673 una
831 632 955 675 cum
989 617 1186 672 divinis
1210 615 1509 670 virtutibus
1546 615 1601 670 in
1649 615 1867 671 sublimi
1899 631 2088 672 versa-

510 718 681 772 retur,
732 716 786 764 et
839 708 976 763 nihil
1023 707 1391 777 impedimenti
1442 707 1744 776 corporalis
1795 722 1961 762 onere
2021 706 2090 761 ad

2187 433 2311 496 τοὺς
2349 432 2600 499 ἐπαίνους
2655 428 3134 503 συνερανίζεσθαι;
3186 427 3383 499 ’Υὸρις
3427 427 3535 499 γὰρ
3572 428 3634 482 ἂν
3664 431 3744 501 εἴη

2188 524 2282 577 καὶ
2303 523 2408 575 τῶν
2442 523 2708 594 ἀληθινῶν
2738 523 2976 576 ἐπαίνων
3010 520 3322 582 ἐλάττωσις,
3357 521 3404 572 εἱ
3430 521 3527 589 τῆς
3556 521 3745 591 ἀρετῆς

2187 615 2552 686 προκειμένης
2581 618 2648 686 τῇ
2674 613 2896 684 θεωρίᾳ,
2923 611 3088 683 ὕδωρ,
3115 613 3207 665 καὶ
3231 611 3420 681 φύλλα,
3449 613 3540 664 καὶ⁵
3563 611 3744 680 βῶλος,

2186 706 2278 758 καὶ
2320 705 2388 759 τὰ
2418 706 2638 760 τοιαῦτα
2687 704 3037 775 θαυμάζοιτο.
3107 701 3316 768 ’Δλλως
3362 721 3420 756 τε
3462 706 3567 756 πᾶν
3604 704 3633 756 ὃ
3676 704 3745 774 μὴ

509 800 708 855 mentis
763 798 868 853 iter
927 797 1281 868 impediretur
1324 815 1338 852 :
1376 795 1595 867 quando
1641 798 1908 852 sustineat
1951 813 2010 854 se
2057 814 2079 852 a

2193 800 2566 872 προαιρέσεως
2594 801 2802 868 γίνεται
2845 800 3050 868 κτῆμα,
3080 798 3182 850 κᾶν
3215 798 3294 850 ὃτι
3324 797 3557 868 μάλιστα
3592 799 3746 852 καλὸν

507 900 660 964 parte
695 893 877 962 aliqua
909 900 1063 944 terrae
1091 889 1495 960 cognominare,
1521 896 1575 944 et
1598 904 1693 958 per
1722 888 1825 943 loci
1850 889 2079 943 felicita-

2190 885 2248 965 ᾖ,
2277 891 2532 961 ούδεμίαν
2567 889 2841 960 εὐφημίαν
2870 889 3063 960 ἐκείνῳ
3094 889 3266 960 φέρει,
3297 881 3340 956 ᾧ
3369 894 3509 941 κατὰ
3536 889 3594 941 τὺ
3623 887 3748 940 αὐτὸ

507 991 614 1039 tem
662 991 824 1053 atque
871 981 1313 1036 commoditatem
1370 979 1474 1035 sibi
1521 979 1708 1035 laudes
1751 979 2079 1050 corrogare!

2193 983 2510 1053 συνηνέχθη.
2542 981 2750 1034 Οὐκοῦν
2781 979 3075 1034 σιωπάσθω
3114 981 3310 1050 πατρὶς
3340 979 3434 1032 καὶ
3467 979 3639 1047 γένος,
3661 979 3749 1030 καὶ

506 1075 848 1130 Contumelia
879 1074 1020 1128 enim
1063 1071 1226 1127 fuerit
1266 1079 1319 1126 et
1355 1085 1606 1126 verarum
1647 1071 1866 1126 laudum
1902 1072 2079 1126 immi-

2191 1075 2298 1127 πᾶν
2322 1075 2381 1127 τὸ
2402 1072 2660 1138 τοιοῦτον,
2691 1073 2720 1124 δ
2750 1074 2817 1142 τῇ
2854 1072 3146 1142 αὐτομάτῳ
3169 1071 3424 1141 συντυχία
3445 1075 3553 1136 tot;
3577 1073 3750 1124 ἐπιτυ-

507 1169 681 1230 uutio,
714 1168 759 1223 si
786 1168 986 1220 virtute
1012 1165 1079 1218 ad
1108 1163 1562 1219 considerandum
1593 1165 1893 1234 proposita,
1917 1179 2079 1234 aqua,

2189 1165 2341 1236 χοῦσι
2371 1165 2722 1235 συμφέρεται.
2761 1164 3004 1234 Ἐκείνης
3029 1163 3072 1214 δ’
3103 1165 3168 1218 ἄν
3195 1180 3275 1228 τις
3304 1164 3522 1226 εἰκότως
3549 1164 3634 1215 ἐπ’
3659 1164 3747 1214 αὑ-

507 1256 746 1319 frondes,
791 1263 846 1311 et
895 1255 1080 1317 liores,
1128 1261 1182 1308 et
1229 1253 1399 1324 glebae
1453 1261 1614 1322 atque
1649 1250 1962 1322 huiusmodi
1998 1269 2079 1309 res

2189 1254 2283 1308 τοῦ
2311 1255 2568 1327 μνησθείη
2601 1254 2852 1326 πατρίδος
2878 1272 2937 1306 τε
2959 1254 3052 1307 καὶ
3068 1255 3364 1322 εὐγενείας,
3393 1257 3427 1326 ἡ
3456 1254 3543 1308 διά
3572 1271 3750 1325 προαι-

507 1347 856 1402 admirationi
902 1346 1032 1409 sint,
1067 1359 1192 1399 cum
1239 1344 1444 1415 alioqui
1491 1343 1756 1416 quidquid
1783 1345 1968 1400 libera:
1994 1361 2079 1400 vo-

2195 1346 2401 1420 ρέσεως
2425 1350 2535 1410 τοῖς
2567 1346 2924 1400 ἐσπουδακόσι
2952 1345 3317 1416 προσγίνεται.

504 1437 735 1494 luntatis
764 1437 966 1492 bonum
995 1450 1104 1490 non
1132 1442 1236 1500 est,
1267 1437 1480 1491 etiamsi
1511 1452 1672 1506 quam
1704 1439 1939 1492 maxime
1968 1438 2280 1508 pulchrum,
2349 1439 2698 1494 commodum
2767 1449 2822 1495 ct
2864 1439 3140 1510 egregium
3186 1440 3276 1502 sit,
3329 1438 3528 1500 nullam
3599 1439 3750 1494 fama:

505 1543 560 1589 et
591 1532 826 1588 nominis
863 1530 1388 1586 commendationem
1422 1530 1612 1585 afferat
1655 1532 1752 1595 illi,
1793 1533 1882 1586 cui
1916 1533 2080 1588 simul
2111 1535 2420 1604 contigerit.
2491 1533 2728 1590 Proinde
2777 1535 2996 1590 silentio
3047 1541 3396 1604 praetereatur
3450 1535 3620 1606 patria
3687 1551 3747 1592 ac

507 1641 700 1697 genus,
748 1633 803 1680 et
850 1622 1115 1694 quidquid
1155 1621 1427 1693 ejusmodi
1473 1630 1578 1691 est,
1611 1630 1670 1676 ut
1701 1622 1926 1678 fortuita
1959 1627 2319 1680 concursione
2376 1635 2429 1681 et
2475 1642 2607 1682 casu
2667 1626 2957 1697 quibusvis
3008 1627 3308 1697 contingat.
3369 1624 3517 1680 Illius
3576 1639 3747 1682 autem

507 1719 701 1774 merito
741 1715 865 1788 quis
895 1715 946 1769 in
992 1729 1058 1771 eo
1087 1713 1278 1786 patrias
1321 1721 1482 1786 atque
1509 1713 1814 1772 nobilitatis
1845 1717 2174 1772 mentionem
2202 1716 2412 1785 fecerit,
2452 1734 2574 1790 qua:
2613 1718 2796 1773 liberae
2858 1716 3153 1772 voluntatis
3223 1716 3449 1770 arbitrio
3512 1717 3601 1782 iis,
3657 1715 3746 1788 qui

505 1823 623 1865 eam
654 1807 1037 1880 expetiverint,
1071 1807 1364 1878 contingit.

576 1902 709 1967 Quae
742 1908 828 1957 est
860 1900 1025 1972 igitur
1066 1899 1253 1954 Basilii
1291 1901 1548 1958 nobilitas
1585 1913 1638 1958 et
1687 1901 1958 1957 claritudo
1989 1916 2077 1972 ge-

2247 1901 2344 1965 Τίς
2371 1894 2464 1953 οὗν
2491 1900 2524 1970 ἡ
2567 1896 2847 1952 Βασιλείου
2888 1893 3168 1962 εύγένεια;
3194 1891 3303 1946 Καὶ
3343 1889 3424 1954 τίς
3452 1892 3486 1962 ὴ
3513 1891 3745 1962 πατρίς;

508 1993 692 2049 neris?
731 2008 852 2064 qua:
892 1993 1108 2064 patria?
1141 1993 1219 2048 Ac
1251 2009 1425 2065 genus
1458 1994 1678 2066 quidem
1731 1994 1808 2048 illi
1847 1994 2081 2050 familia-

508 2084 644 2136 ritas
683 2089 736 2136 et
764 2081 1118 2136 necessitudo
1146 2097 1269 2137 cum
1307 2081 1415 2136 Deo
1443 2103 1455 2137 :
1489 2083 1665 2154 patria
1697 2097 1846 2148 vero,
1880 2083 2078 2136 virtus.

509 2173 614 2241 Qui
655 2172 799 2228 enim
831 2170 999 2227 Deum
1045 2172 1268 2242 recepit,
1324 2181 1382 2226 ut
1417 2173 1591 2243 inquit
1642 2171 2080 2243 Evangelium",

510 2270 836 2336 potestatem
873 2262 1052 2328 habet,
1088 2271 1147 2318 ut
1176 2262 1320 2320 ﬁlius
1360 2263 1455 2319 Dei
1504 2264 1616 2318 ﬁat.
1651 2263 1792 2331 Quid
1819 2279 1950 2320 vero
1983 2276 2082 2318 no-

509 2356 676 2412 bilius
703 2363 758 2411 et
805 2353 1126 2426 generosius
1157 2353 1487 2424 cognatione
1525 2370 1648 2409 cum
1695 2354 1804 2411 Dee
1834 2355 1958 2426 quis
1991 2369 2080 2409 re-

509 2449 729 2520 quirat?
769 2447 874 2515 Qui
927 2454 1108 2502 autem
1153 2446 1352 2500 virtute
1391 2447 1652 2518 praeditus
1683 2455 1790 2511 est,
1835 2453 1889 2502 et
1939 2447 2083 2504 hanc

509 2542 662 2608 colit,
706 2550 762 2597 et
805 2555 874 2596 ex
923 2539 1024 2594 hac
1056 2538 1161 2593 sibi
1207 2539 1418 2594 reditus
1447 2538 1688 2605 coniicit,
1718 2547 1771 2594 et
1810 2549 2079 2610 quaestum

511 2634 660 2698 facit,
690 2633 922 2705 patriam
954 2647 1108 2688 suam
1136 2646 1364 2702 prorsus
1399 2631 1570 2688 efﬁcit
1600 2631 1652 2686 id
1688 2631 1742 2686 in
1779 2647 1890 2701 quo
1928 2632 2079 2687 vivit.

512 2725 796 2783 Sobrietas
835 2725 914 2780 illi
966 2739 1066 2796 pro
1126 2723 1412 2779 domicilio
1451 2735 1588 2788 erat,
1643 2724 1910 2794 sapientia
1961 2726 2082 2780 loco

510 2816 732 2889 prsidii;
777 2815 993 2887 justitia
1042 2822 1222 2871 autem
1270 2825 1324 2872 et
1353 2817 1554 2872 veritas
1599 2825 1654 2870 et
1709 2816 1940 2885 puritas,
1981 2831 2082 2887 pro

512 2908 837 2980 Splendidis,
869 2907 1176 2977 magniﬁcis
1208 2917 1373 2978 atque
1401 2907 1646 2963 visendis
1673 2917 1730 2961 et
1761 2907 2076 2978 conspicuis

510 2998 864 3056 aediﬁciorum
903 2998 1245 3052 ornamentis
1272 3014 1285 3049 :
1309 2999 1363 3053 in
1394 2998 1594 3069 quibus
1622 2998 1876 3053 habitans
1908 2997 2081 3070 magis

511 3091 599 3147 his
635 3089 1008 3146 delectabatur
1051 3103 1116 3144 ac
1142 3089 1246 3143 sibi
1292 3089 1566 3158 placebat,
1613 3104 1776 3159 quam
1816 3089 1908 3160 qui
1938 3103 2082 3142 mar-

512 3179 714 3237 moreis
746 3187 800 3236 et
836 3180 1047 3235 auratis
1085 3177 1296 3234 aedibus
1333 3179 1660 3250 gloriantur.
1711 3178 1768 3233 Si
1793 3179 1919 3250 quis
1957 3194 2081 3234 eum

2181 1995 2339 2058 Γένος
2369 1993 2465 2064 μὲν
2506 1988 2655 2058 αὐτῷ
2692 1991 2726 2059 ἠ
2757 1987 2890 2059 πρὸς
2939 1986 3000 2040 τὸ
3031 1985 3183 2040 Θεῖον
3219 1983 3520 2046 οἰκείωσιςο
3557 1984 3748 2052 πατρὶς

2179 2086 2257 2156 δὲ,
2281 2087 2314 2157 ἡ
2344 2083 2532 2157 ἀρετή.
2577 2083 2635 2136 '0
2661 2081 2769 2152 γάρ
2796 2079 2888 2133 τὸν
2914 2078 3048 2131 Θεὸν
3067 2075 3378 2147 δεξάμενος,
3412 2073 3593 2138 καθώς
3620 2091 3746 2144 φησι

2180 2180 2242 2234 τὸ
2276 2175 2628 2247 Εὑαγγέλιον,
2663 2172 2908 2238 ἐξουσίαν
2950 2170 3061 2241 ἔχει
3090 2170 3278 2223 τέκνον
3303 2167 3438 2221 Θεοῦ
3478 2167 3743 2236 γενέσθαι.

2180 2269 2246 2323 Τί
2277 2269 2335 2324 δὲ
2363 2270 2461 2340 τῆς
2491 2265 2626 2337 πρὸς
2657 2263 2788 2318 Θεὸν
2816 2261 3132 2331 συγγενείας
3169 2259 3546 2330 εὐγενέστερον
3577 2259 3642 2312 ἄν
3669 2274 3750 2321 τις

2181 2357 2594 2429 ἐπιξητήσειεν;
2650 2355 2709 2407 '0
2747 2353 2802 2406 δὲ
2859 2354 2917 2405 ἐν
2953 2354 3018 2423 τῇ
3059 2353 3224 2424 ἀρετῇ
3270 2349 3365 2414 ὢν,
3405 2351 3499 2403 καὶ⁵
3548 2348 3748 2415 ταύτην

2179 2447 2459 2521 γεωργῶν,
2508 2447 2600 2500 καὶ
2648 2445 2712 2498 ἐκ
2743 2443 2947 2514 ταύτης
2996 2443 3470 2515 προσοδευόμενος,
3521 2441 3752 2514 πατρίδα

2181 2542 2398 2602 πάντως
2427 2535 2621 2593 ἐαυτοῦ
2653 2538 2881 2590 ποιεῖται
2920 2535 3077 2588 τοῦτο
3105 2528 3149 2604 ᾧ
3176 2535 3497 2605 ἐμϐιοτεύει.
3531 2536 3750 2604 mepe-

2183 2633 2315 2704 σύνη
2343 2628 2410 2703 ἦν
2433 2629 2581 2702 αύτῷ
2605 2629 2666 2683 τὸ
2703 2628 2970 2698 ἐφέστιον,
3002 2629 3162 2698 σοφία
3200 2610 3260 2681 τὸ
3291 2628 3474 2698 κτῆμα
3497 2646 3509 2658 ·
3551 2627 3752 2679 δικαιο-

2183 2722 2317 2794 σύνη
2341 2722 2396 2776 δέ
2420 2721 2514 2775 καὶ
2557 2718 2780 2791 ἀλήθεια
2804 2718 2899 2772 καὶ
2941 2718 3268 2790 καθαρότης,
3291 2719 3360 2773 τά
3390 2717 3619 2789 λαμπρὰ
3658 2719 3752 2774 καὶ

2181 2815 2518 2887 περίϐλεπτα
2541 2809 2649 2866 τῶν
2669 2809 3112 2881 οἰκοδομημάτων
3143 2809 3312 2881 κάλλη
3331 2827 3344 2838 ·
3371 2805 3452 2876 οἷς
3478 2811 3752 2876 ἐνδιαιτώ-

2183 2926 2341 2981 μενος
2371 2903 2704 2978 ἐπηγάλλετο
2732 2902 2911 2966 πλέον,
2956 2901 2990 2973 ἢ
3017 2903 3140 2956 ὅσον
3172 2903 3221 2955 οἱ
3251 2906 3362 2966 τοῖς
3391 2904 3754 2976 μαρμαρίνοις

2181 3017 2239 3054 τε
2268 2999 2360 3054 καὶ
2386 2997 2780 3070 χρυσοπάστοις
2803 2995 2971 3058 οἴκοις
2995 2992 3429 3064 ὲναϐρυνόμενοι.
3457 2995 3525 3048 Et
3539 3013 3622 3057 τις
3646 2995 3754 3056 άπὸ

2181 3091 2436 3162 τοιαύτης
2452 3089 2612 3144 αὐτὸν
2630 3087 2964 3159 ἐγκωμιάζοι
2983 3086 3256 3159 πατρίδος,
3275 3088 3367 3140 καὶ
3390 3087 3495 3140 άπὸ
3509 3088 3751 3142 τοιούτου

2183 3184 2434 3256 σεμνύνοι
2458 3183 2666 3252 γένους,
2684 3179 2860 3251 άληθῆ
2879 3196 2939 3233 τε
2969 3177 3134 3244 λέξει,
3159 3178 3250 3232 καὶ
3270 3177 3376 3231 ἀπὸ
3391 3178 3496 3230 τῶν
3529 3195 3748 3254 κεχαρι-

512 3273 582 3328 ob
631 3272 790 3327 talem
834 3271 1064 3342 patriam
1117 3249 1349 3331 laudet,
1381 3278 1436 3325 et
1482 3269 1553 3325 ob
1601 3249 1871 3340 ejusmodi
1909 3287 2079 3342 genus

2187 3249 2398 3349 σμένων
2409 3249 2556 3347 αύτῷ
2567 3277 2690 3338 τοὺς
2706 3249 2960 3337 ἐπαίνους
2973 3274 3274 3343 ποιήσεταιο
3292 3271 3391 3342 γῆν
3403 3272 3576 3332 demat
3590 3249 3751 3343 αἷμα,

513 3363 764 3419 oratione
793 3361 1030 3418 celebret
1061 3356 1242 3431 'atque
1272 3361 1546 3426 honestet,
1581 3378 1704 3416 cum
1740 3377 1869 3418 vera
1897 3364 2079 3434 dicet;

515 3463 630 3510 tum
662 3454 728 3509 ad
765 3469 855 3510 res
893 3454 945 3509 ei
976 3462 1183 3523 gratas,
1233 3454 1428 3511 laudes
1460 3455 1894 3510 accommodabit
1925 3475 1938 3510 :
1967 3465 2079 3514 ter-

514 3561 631 3602 ram
673 3552 878 3609 autem,
918 3552 972 3600 et
1007 3544 1348 3614 sanguinem,
1373 3552 1427 3598 et
1468 3559 1709 3610 carnem,
1759 3553 1814 3600 et
1839 3545 2076 3614 divitias,

515 3645 568 3693 et
595 3636 955 3708 principatus,
1002 3645 1055 3692 et
1104 3636 1189 3691 his
1222 3636 1382 3693 rebus
1433 3636 1787 3706 conjunctum
1831 3637 2083 3707 splendo-

515 3743 626 3782 rem
659 3737 715 3784 et
749 3726 998 3797 gloriam,
1042 3727 1229 3780 mundi
1259 3726 1473 3788 amicis.
1515 3727 1608 3797 qui
1644 3729 1846 3790 volent.
1888 3728 2080 3784 adesse

513 3817 812 3891 praedicent
850 3825 1014 3889 atque
1059 3825 1350 3874 testentur.
1405 3818 1460 3874 Si
1498 3819 1665 3891 igitur
1692 3821 2080 3876 convenientes

513 3909 590 3966 illi
627 3909 848 3964 laudum
879 3910 1280 3966 celebrationes
1321 3911 1496 3965 oratio
1524 3921 1708 3966 nostra
1739 3926 1934 3982 capere
1970 3926 2078 3966 non

511 4009 691 4074 potest
722 4021 737 4059 :
766 4001 1038 4073 ejusmodi
1073 4002 1254 4058 studia
1284 4003 1588 4058 recusanda
1618 4003 1842 4067 fuerint,
1879 4011 1934 4059 et
1959 4003 2081 4058 lau-

510 4095 792 4150 dationum
841 4100 987 4150 artes
1036 4092 1362 4162 rejiciendae.
1411 4091 1694 4158 Quomodo
1746 4092 1913 4163 igitur
1966 4109 2080 4149 me-

511 4189 738 4240 muriam
768 4185 890 4256 ejus
917 4201 1160 4257 agemus,
1193 4184 1392 4260 aliquis
1421 4182 1652 4239 fortasse
1679 4183 1843 4247 dicet,
1875 4184 1921 4239 si
1953 4200 2078 4240 cum

513 4278 738 4332 laudum
785 4277 1250 4333 celebratiouibus
1286 4275 1338 4329 id
1391 4291 1500 4330 non
1554 4274 1690 4329 ﬁet?
1718 4290 1824 4344 qua
1865 4276 2078 4331 ratione

512 4371 595 4424 lex
645 4367 942 4440 Scriptum
993 4367 1323 4438 implebitur,
1373 4382 1494 4437 quae
1525 4365 1656 4420 dicit
1682 4366 1723 4397 ¹⁶
1761 4368 2077 4422 memoriam

507 4460 782 4530 iustorum
837 4473 961 4513 cum
1012 4458 1232 4512 laudum
1289 4459 1878 4530 celebratiouibusagi
1918 4475 2080 4530 opor-

513 4558 645 4609 tere.
682 4548 728 4603 si
761 4561 857 4618 per
882 4561 1042 4602 veras
1075 4547 1294 4617 quidem
1329 4546 1523 4601 laudes
1555 4563 1736 4602 sermo
1773 4564 2078 4604 accommo-

2186 3371 2282 3426 καὶ
2315 3369 2513 3440 σάρκα,
2543 3367 2636 3421 καὶ
2674 3365 2924 3430 πλοῦτον,
2960 3366 3052 3418 καὶ
3074 3365 3385 3426 δυναστείας
3403 3403 3418 3427 ,
3447 3365 3541 3422 καὶ
3569 3363 3670 3425 τάς
3697 3365 3753 3418 ἐν

2185 3459 2390 3524 τούτοις
2409 3458 2763 3530 περιφανείας
2779 3456 3364 3528 προσμαρτυρείτωσαν
3380 3455 3428 3508 οἱ
3443 3453 3753 3524 βουλόμενοι

2183 3553 2295 3613 τοῖς
2315 3549 2408 3603 τοῦ
2433 3546 2636 3620 κόσμον
2661 3547 2853 3618 φίλοις.
2880 3547 2944 3602 Ei
2968 3542 3060 3599 οὖν
3088 3544 3368 3616 ἀχώρητον
3393 3543 3470 3612 τῷ
3497 3543 3754 3616 ἡμετέρῳ

2183 3643 2326 3713 λόγῳ
2366 3641 2427 3695 τὸ
2457 3637 2696 3712 ἁρμόζον
2738 3640 2929 3708 ἐκείνῳ
2974 3636 3264 3706 ἐγκώμιον,
3294 3635 3656 3707 παραιτητέον
3688 3635 3754 3694 ἂν

2185 3732 2268 3800 εἴη
2303 3729 2402 3792 τάς
2439 3727 2692 3790 τοιαύτας
2741 3725 2994 3790 σπουδάς,
3031 3727 3122 3778 καὶ
3153 3725 3606 3795 παραγράφεσθαι
3645 3723 3753 3776 τῶν

2184 3821 2474 3892 ἐγκωμίων
2500 3820 2599 3882 τάς
2643 3820 2855 3890 τέχνας.
2893 3818 3018 3881 Πῶς
3045 3813 3136 3870 οὖν
3169 3819 3267 3889 τὴν
3306 3819 3398 3871 ἐπ’
3421 3817 3571 3887 αὐτῷ
3611 3819 3752 3888 μνή-

2187 3930 2294 3984 μην
2320 3912 2634 3981 άγάγωμεν,
2659 3911 2788 3973 ἴσως
2825 3910 2942 3980 ἐρεῖ
2979 3927 3082 3972 τις,
3118 3911 3166 3961 εἰ
3210 3908 3282 3980 μὴ
3316 3909 3429 3978 μετ’
3462 3909 3753 3978 ἐγκωμίων

2183 4003 2341 4070 τοῦτο
2380 4003 2709 4072 ποιήσομεν;
2746 3999 2868 4063 Πῶς
2899 4001 2927 4053 ὁ
2955 3999 3115 4068 νόμος
3142 4001 3239 4068 τῆς
3279 3999 3318 4050 Γ
3320 3997 3497 4068 ραφῆς
3530 3991 3753 4068 πληρω-

2185 4097 2433 4167 θήσεται,
2487 4095 2545 4158 ὅς
2583 4111 2735 4165 φησι,
2788 4091 2885 4164 τὴν
2937 4093 3157 4162 μνήμην
3204 4089 3312 4143 τῶν
3357 4089 3578 4142 δικαίων
3635 4089 3754 4160 μετ’

2181 4187 2474 4259 ἐγκωμίων
2503 4188 2584 4241 δεῖ
2623 4185 2890 4255 γενέσθαι,
2934 4186 2982 4236 εὶ
3017 4183 3107 4237 τὸν
3152 4183 3248 4254 μὲν
3274 4182 3362 4241 διά
3395 4182 3503 4241 τῶν
3533 4181 3754 4250 ἀληθῶν

2183 4281 2420 4341 ἐπαίνων
2448 4281 2539 4334 τὸν
2577 4277 2736 4347 λόγον
2775 4277 3070 4350 προσάγειν
3110 4275 3256 4328 ἐστὶν
3279 4276 3579 4344 ἀμήχανον,
3610 4273 3674 4324 τὸ
3698 4274 3754 4325 οε

2182 4373 2269 4427 διὰ
2297 4373 2402 4426 τῶν
2422 4371 2741 4444 κοινοτέρων
2765 4370 3120 4439 ἐφύδριστον;
3155 4367 3293 4420 Ἀλλ’
3323 4367 3466 4420 ἔστιν
3495 4365 3628 4428 ἴσως
3653 4366 3754 4418 οὐκ

2183 4459 2455 4530 άπορῆσαί
2478 4477 2621 4523 τινος
2648 4459 2906 4522 ἐπινοίας.
2932 4458 3006 4522 ὼς
3039 4457 3113 4528 μὴ
3135 4457 3308 4527 πάντη
3335 4456 3441 4510 τῶν
3463 4457 3753 4526 ἡμετέρων

2183 4551 2342 4605 αὑτὸν
2396 4550 2633 4615 ἐπαίνων
2681 4548 3104 4618 καταλειφθῆναι
3151 4547 3467 4618 ἀγέραστον.
3515 4545 3612 4609 Τίς
3660 4541 3753 4598 οὖν

510 4641 626 4696 dari
653 4656 761 4696 non
791 4647 991 4710 potest,
1022 4655 1342 4695 communes
1379 4650 1560 4694 autem
1593 4639 1711 4694 sine
1746 4642 2073 4696 contumelia

2184 4645 2327 4696 ἐστιν
2366 4645 2400 4714 ἡ
2434 4611 2680 4708 ἐπίνοια;
2722 4611 2826 4704 ⁷Τίς
2851 4611 2952 4693 οὐκ
2993 4611 3148 4699 οἶδεν,
3302 4639 3408 4699 πᾶς
3451 4637 3608 4705 λόγος
3643 4637 3754 4689 τῶν

509 4732 925 4786 commemorari
975 4732 1164 4788 laudes
1213 4747 1323 4787 non
1365 4735 1631 4803 possunt?
1679 4735 1781 4789 Sed
1841 4734 2074 4794 fortasse

510 4825 650 4878 ratio
698 4824 880 4894 aliqua
929 4838 1037 4878 non
1086 4822 1281 4890 deerit,
1311 4839 1418 4894 qua
1470 4825 1558 4879 ille
1595 4833 1904 4880 nostrarum
1959 4828 2074 4896 lau-

507 4917 636 4971 dum
683 4917 907 4974 honoris
944 4924 998 4971 et
1041 4917 1249 4986 praemii
1283 4933 1391 4971 non
1423 4918 1639 4987 penitus
1681 4934 1876 4988 expers
1901 4920 2067 4975 relin-

2179 4733 2767 4808 ἔργωνιδιεζευγμένος,
2795 4732 3022 4804 μάταιος
3051 4730 3174 4794 ,καθ’
3208 4730 3397 4782 ἑαυτὸν
3423 4731 3514 4781 καὶ
3549 4728 3755 4781 ἀνυπό-

2180 4844 2404 4893 στατος;
2445 4827 2509 4879 Ἦ
2554 4825 2611 4879 δὲ
2655 4823 2761 4877 τῶν
2808 4822 2982 4894 ἔργων
3021 4821 3180 4892 φύσις
3226 4823 3283 4874 ἐν
3317 4820 3613 4873 ὑποστάσει
3659 4819 3755 4871 καὶ

2180 4918 2404 5004 ἀληθείᾳ
2428 4917 2488 4971 τὸ
2513 4917 2804 4988 λεγόμενον
2831 4915 3120 4968 δείκνυσιν.

508 5023 730 5085 quatur.
759 5013 890 5080 Qua:
920 5014 1088 5084 igitur
1130 5022 1216 5071 est
1255 5016 1432 5072 ratio?
1461 5014 1595 5082 Quis
1636 5016 1869 5087 ignorat,
1918 5018 2064 5088 quod
2117 5017 2299 5078 omnis
2341 5018 2532 5072 oratio
2597 5015 2664 5070 ab
2709 5013 2969 5085 operibus
3037 5011 3311 5082 disjuncta
3360 5020 3499 5072 vana
3550 5023 3651 5076 per
3694 5021 3755 5058 se

507 5111 599 5177 sit,
665 5120 720 5170 et
765 5126 872 5165 non
917 5109 1228 5170 subsistat?
1276 5110 1346 5164 At
1397 5119 1588 5165 natura
1634 5126 1859 5182 operum
1909 5113 1966 5185 in
2021 5113 2329 5179 substantia
2380 5119 2546 5182 atque
2593 5110 2826 5165 veritate
2901 5109 2953 5164 id
3006 5109 3152 5180 quod
3210 5105 3434 5171 dicitur,
3505 5101 3756 5159 ostendit

506 5220 561 5261 et
594 5215 964 5278 repraesentat.

577 5303 747 5372 Igitur
779 5303 1030 5357 oratione
1073 5301 1252 5372 potior
1299 5301 1462 5358 fuerit
1507 5318 1572 5360 ea
1617 5303 1772 5377 laus,
1809 5321 1932 5377 qua:
1961 5321 2074 5376 ,per

505 5411 671 5464 opera
719 5403 1008 5465 prtestetur
1050 5403 1103 5450 et
1139 5402 1580 5464 repraesentetur.
1627 5395 1741 5454 Hoc
1787 5413 1915 5453 vero
1943 5401 2072 5468 quid

505 5487 626 5540 cst?
664 5484 732 5540 Ut
773 5503 867 5556 per
909 5488 1229 5544 memoriam
1284 5487 1431 5544 illius
1475 5488 1587 5541 vita
1637 5496 1830 5546 nostra
1881 5489 2076 5546 melior

576 5659 617 5691 "
642 5657 798 5714 Joan.
832 5675 868 5726 ι,
894 5665 980 5714 12.
1059 5660 1100 5692 ³⁸
1140 5659 1285 5715 Eccl.
1313 5677 1462 5725 uxr,
1495 5661 1579 5716 Η.

2250 5304 2457 5358 Οὐκοῦν
2491 5300 2877 5372 προτιμότερος
2915 5298 2983 5350 ἂν
3018 5297 3101 5367 εῐη
3139 5293 3232 5349 τοῦ
3278 5293 3436 5362 λόγου
3465 5293 3493 5345 ὁ
3526 5291 3617 5344 διὰ
3642 5291 3753 5343 τῶν

2180 5397 2356 5468 ἔργων
2385 5392 2755 5464 πληρούμενος
2780 5389 3016 5452 ἔπαινος.
3042 5385 3208 5440 Τοῦτο
3234 5385 3290 5439 δέ
3309 5387 3424 5437 ἐστι
3448 5386 3531 5449 τί;
3562 5383 3639 5435 Τὸ
3664 5383 3752 5435 διὰ

2180 5489 2277 5554 τῆς
2311 5485 2528 5558 μνήμης
2554 5483 2760 5537 ἐκείνου
2787 5480 2878 5538 τὸν
2911 5479 3023 5551 βίον
3053 5480 3183 5550 ἡμῖν
3209 5475 3458 5547 γενέσθαι
3488 5477 3587 5546 τῆς
3625 5493 3752 5527 συν-
