3850 6456
104 363 207 418 817

1218 370 1287 427 ΙΝ
1325 372 1612 430 ιΑυυΕδι
1653 373 1957 429 ῈΒΛΪίὶὶὸ
1997 373 2256 430 BASlLll.

3257 372 3361 428 8l8

104 482 294 577 ηθείας
327 483 589 577 βελτίονα.
623 487 891 577 καθάπερ
944 492 1054 563 γὰρ
1087 493 1181 547 ἐπὶ
1206 493 1493 548 δακτυλίου
1524 513 1682 565 σφεν-

1806 510 1947 564 luam
1992 510 2117 550 esse
2166 494 2325 561 solet,
2384 493 2665 549 elliciatur.
2709 493 3178 563 Quemadmodum
3214 495 3361 549 enim

104 572 284 642 δόνης,
307 574 761 646 καλλίστης-τινὸς
784 581 841 631 ὲν
860 578 1076 649 γλυφίδι
1098 583 1536 653 προφαινομένης
1560 600 1684 653 μορ-

110 665 235 735 φῆς,
266 668 296 719 ὁ
323 665 651 732 ἔντυπωθεὶς
690 673 755 741 τῇ
792 672 1047 741 σφραγῖδι
1085 674 1253 744 κηρὸς
1285 674 1365 738 είς
1405 676 1596 728 ἑαυτὸν
1626 675 1686 728 τὸ

110 757 428 827 ἐγκείμενον
466 762 531 830 τῇ
558 759 775 830 γλυφίδι
818 762 1013 827 κάλλος
1057 766 1409 837 μετήνεγκεν,
1443 766 1564 820 ὅλον
1593 766 1686 819 τὸν

111 850 432 921 χαρακτῆρα
471 854 571 922 τῆς
601 855 895 924 σφραγῖδος
933 856 1083 920 ίδίοις
1107 858 1299 921 τύποις
1329 858 1687 929 ἁναμαξάμε-

113 960 231 1001 νοςε
268 943 360 995 καὶ
387 943 485 996 οὐκ
511 943 576 997 ἄν
605 962 689 1008 τις
722 944 863 1001 οὕτω
899 946 987 1001 διὰ
1018 948 1111 1002 τοῦ
1135 948 1295 1018 λόγου
1318 948 1416 1020 τῆν
1448 948 1693 1003 εὐδιάθε-

113 1048 206 1084 τον
237 1033 336 1102 τῆς
366 1032 576 1105 γλυφῆς
608 1034 757 1105 ὥραν
790 1038 869 1101 είς
906 1033 1475 1111 ὑπογραφὴναγάγοι,
1503 1040 1578 1104 ὡς
1598 1040 1692 1094 ἐπὶ

116 1123 210 1176 τοῦ
258 1125 429 1195 κηροῦ
461 1126 718 1181 δεικνύων
763 1131 1284 1205 μεμορφωμένου-τὸ
1327 1131 1559 1196 κάλλος·
1601 1131 1695 1184 τὸν

116 1216 278 1270 αὑτὸν
304 1218 521 1289 τρόπον,
551 1221 599 1272 εί
624 1222 653 1273 6
680 1221 779 1290 μὲν
800 1221 941 1293 λόγῳ
968 1222 1108 1294 ψιλῷ
1136 1222 1229 1276 τοῦ
1252 1223 1569 1278 διδασκάλου
1595 1222 1693 1294 τὴν

72 1314 75 1317 ’
116 1310 318 1381 ἀρετὴν
346 1311 729 1381 ὰποσεμνύνοι,
756 1314 940 1384 ἕτερος
973 1315 1030 1369 δὲ
1074 1315 1167 1369 τὸν
1191 1314 1384 1370 ἑαυτοῦ
1427 1315 1539 1386 βίον
1564 1315 1696 1369 καλ-

116 1401 363 1468 λωπίζοι,
401 1402 487 1456 διὰ
513 1403 612 1473 τῆς
649 1406 787 1475 πρὸς
809 1407 1012 1459 ἐκεῖνον
1045 1407 1326 1479 μιμήσεως
1348 1408 1695 1479 ὲνεργότερος

116 1493 185 1547 ἂν
214 1495 298 1563 εἴη
322 1493 415 1548 τοῦ
444 1495 650 1567 ὑψηλοῦ
680 1496 859 1567 λόγου,
891 1500 919 1552 6
940 1497 1028 1552 διὰ
1062 1498 1153 1552 τοῦ
1182 1498 1299 1569 βίου
1325 1498 1696 1573 πληρούμενος

116 1586 360 1650 ἔπαινος.
391 1587 580 1653 Οὕτως
617 1585 729 1655 οὖν,
767 1590 1005 1659 ἀδελφοὶ,
1047 1593 1140 1644 καὶ
1179 1593 1342 1661 ἡμεῖς
1378 1592 1700 1662 μιμησάμε-

116 1697 199 1733 νοι
230 1683 297 1751 τῇ
352 1682 673 1754 σωφροσύνῃ
703 1681 792 1735 τὸν
824 1681 1100 1754 σώφρονα,
1143 1677 1225 1745 οἷς
1266 1680 1547 1752 ποιοῦμεν,
1580 1684 1698 1736 κατ’

116 1774 278 1839 ἀξίαν
323 1775 422 1842 τὴν
461 1775 662 1845 ἀρετὴν
695 1776 1092 1845 ἐπαινένσωμεν.
1120 1776 1215 1828 καὶ
1244 1775 1312 1829 τὰ
1346 1775 1481 1829 ἄλλα
1521 1776 1700 1829 πάντα

1786 601 1912 640 cum
1972 587 2026 641 in
2090 586 2209 654 pala
2277 588 2465 640 annuli
2519 588 2724 658 optima
2782 587 3031 658 qumdam
3090 587 3363 655 insculpta

1791 678 1964 735 forma
1999 687 2249 749 apparet,
2284 679 2463 751 sigillo
2486 679 2752 750 impressa
2785 696 2910 736 cera
2956 681 3181 735 insitum
3216 680 3366 735 scul-

1789 781 1963 843 plura:
2003 771 2257 827 decorem
2311 772 2366 826 in
2402 788 2523 827 sese
2558 771 2840 839 transfert,
2875 780 3043 826 totam
3090 771 3362 843 signaculi

1790 862 2024 933 effigiem
2057 863 2173 920 suis
2201 879 2517 933 expressam
2560 862 2805 918 referens
2854 863 3080 934 figuris;
3110 878 3175 918 ac
3206 876 3373 917 nemo

1790 956 1929 1010 bene
1950 954 2282 1025 dispositum
2308 961 2364 1010 et
2395 953 2756 1009 artificiosum
2784 955 3079 1024 sculptura:
3113 953 3367 1008 decorem

1793 1045 2045 1100 oratione
2081 1045 2156 1099 ita
2196 1044 2536 1115 descriptum
2583 1042 2839 1099 exhibere
2862 1044 3059 1114 possit,
3093 1050 3151 1097 ut
3190 1043 3237 1098 is
3274 1042 3367 1112 qui

1794 1137 1849 1192 in
1879 1151 2009 1191 cera
2040 1135 2277 1192 efﬁctam
2318 1142 2484 1206 atque
2527 1133 2870 1188 efformatam
2902 1131 3369 1203 pulchritudinem

1795 1225 2037 1281 ostendit
2072 1245 2086 1281 :
2117 1226 2306 1282 eodem
2353 1224 2519 1281 modo
2552 1224 2600 1279 si
2630 1224 2773 1279 alius
2803 1223 3023 1294 quidem
3060 1222 3205 1277 nuda
3242 1238 3369 1276 ora-

1742 1388 1747 1391 »
1797 1318 1947 1374 tione
1976 1318 2215 1373 celebret
2262 1317 2521 1373 virtutem
2566 1316 2839 1387 magistri,
2877 1315 3019 1371 alius
3050 1329 3184 1370 vero
3216 1329 3371 1370 suam

1797 1410 1973 1481 ipsius
2013 1410 2177 1464 vitam
2224 1408 2375 1463 illius
2414 1407 2726 1463 imitatione
2776 1413 3026 1470 exornet,
3075 1403 3371 1468 efﬁcacior,

1798 1515 1966 1572 quam
1992 1500 2172 1555 oratio
2208 1498 2487 1565 sublimis,
2539 1499 2705 1556 fuerit
2733 1516 2795 1556 ea
2832 1502 2974 1563 laus,
3013 1514 3134 1571 qua:
3159 1514 3256 1570 per
3288 1498 3373 1551 vi»

1800 1602 1910 1645 tam
1958 1597 2403 1661 repraesentetur.
2454 1589 2546 1646 Sic
2585 1591 2776 1661 igitur.
2809 1591 3036 1655 fratres,
3068 1591 3234 1646 etiam
3274 1607 3382 1646 nos

1801 1682 2097 1737 sobrietate
2140 1682 2386 1736 sobrium
2425 1682 2700 1738 imitantes
2747 1682 2911 1738 faelis
2947 1686 3174 1748 nostris,
3202 1683 3367 1737 virtu-

1802 1780 1910 1826 tem
1945 1788 2045 1843 pro
2089 1772 2357 1843 dignitate
2402 1772 2710 1838 laudemus,
2747 1784 2802 1829 et
2850 1773 3037 1830 itidem
3071 1774 3127 1828 in
3165 1774 3373 1830 cautes-is

116 1866 385 1929 ὡσαύτως
420 1866 482 1919 τὸ
533 1866 717 1937 θαῦμα
760 1866 852 1920 τοῦ
897 1866 1061 1936 σοφοῦ
1097 1869 1152 1920 ὲν
1194 1869 1273 1939 τῇ
1317 1866 1579 1937 μετουσίᾳ.
1601 1866 1701 1934 τῆς

1806 1865 2059 1921 omnibus
2115 1865 2443 1922 miraculum
2494 1867 2757 1937 sapientis
2814 1868 3233 1937 participatione
3290 1883 3373 1922 sa.

117 1959 315 2027 σοφίας
359 1958 683 2031 πληρούσθω
703 1977 716 1989 ο
749 1959 777 2009 6
818 1959 918 2028 τῆς
951 1956 1335 2029 ἀκτημοσύνης
1376 1957 1615 2021 ἔπαινος,
1644 1959 1700 2010 ὲν

114 2050 197 2121 τῷ
230 2051 325 2103 καὶ
356 2052 500 2121 ἡμᾶς
533 2050 783 2120 γενέσθαι
820 2051 917 2120 τῆς
951 2050 1142 2119 ὑλικῆς
1175 2050 1491 2121 περιουσίας
1528 2049 1711 2119 ἀκτή-η

121 2158 329 2210 μοναςο
376 2145 409 2212 ὴ
444 2141 710 2211 ὑπεροψία
752 2140 844 2194 τοῦ
879 2141 1081 2212 κόσμου
1113 2139 1302 2193 τούτου
1346 2139 1421 2210 μὴ
1464 2138 1703 2207 λεγέσθω

121 2226 307 2295 μόνον,
332 2228 411 2280 ὅτι
444 2227 561 2280 ἐστί
586 2245 668 2291 τις
691 2228 949 2298 ἐπαινετὴ
974 2229 1069 2282 καὶ
1096 2227 1339 2294 ἐπίδοξος
1359 2244 1373 2258 ο
1406 2226 1542 2281 ἀλλὰ
1573 2227 1705 2299 μάρ-

118 2333 217 2378 τυς
246 2317 347 2387 τῆς
385 2317 682 2389 ὑπεροψίας
708 2318 816 2371 τῶν
859 2317 1000 2372 κατὰ
1026 2317 1115 2372 τὸν
1150 2318 1354 2387 κόσμον
1404 2314 1702 2379 σπουδαζο-

122 2409 303 2479 μένων
336 2410 364 2462 ό
386 2409 500 2479 βίος
526 2409 683 2463 ἔστω.
707 2408 799 2482 Μὴ
819 2408 943 2477 λέγε
970 2408 1130 2479 μόνον
1150 2409 1232 2462 ὅτι
1255 2405 1333 2479 τῷ
1360 2405 1479 2478 Θεῷ
1500 2407 1704 2470 ἐκεῖνος

120 2502 394 2565 ἀνέκειτο,
433 2501 569 2555 ἀλλὰ
601 2502 801 2565 ἀνάθες
829 2502 923 2557 καὶ
953 2501 1018 2555 σὺ
1045 2499 1271 2555 σεαυτὸν
1292 2497 1535 2570 τῷ.
1576 2497 1704 2569 μήθ’

118 2595 201 2647 ὃτι
233 2593 397 2663 μόνον
438 2588 506 2665 ἦν
544 2593 694 2665 αὐτῷ
726 2593 915 2665 κτῆμα
947 2595 981 2664 ή
1011 2591 1339 2665 ἔλπιζομένη
1374 2592 1702 2656 ἀνάπαυσις,

119 2687 260 2741 ἀλλὰ
288 2688 385 2742 καὶ
425 2672 488 2740 σὺ
519 2686 847 2759 θησαύρισον
882 2684 1091 2757 σεαυτῷ
1135 2685 1323 2739 τοῦτον
1352 2684 1444 2738 τὸν
1476 2682 1707 2736 πλοῦτον

119 2780 316 2851 ὥσπερ
356 2781 563 2844 ἐκεῖνος
586 2795 599 2809 °
630 2780 807 2844 ἔξεστι
833 2780 973 2849 γάρ⁸
1019 2778 1316 2851 μετέθηκεν
1362 2779 1567 2841 ἐκεῖνος
1601 2776 1707 2830 ἀπὸ

119 2877 226 2945 γῆς
257 2875 340 2937 εἰς
380 2873 607 2944 οὐρανὸν
642 2873 703 2925 τὸ
726 2872 1047 2943 πολίτευμα,
1084 2870 1311 2942 μετάθες
1334 2871 1427 2925 καὶ
1463 2870 1546 2924 σύ.
1584 2870 1708 2933 Τοῖς

118 2968 348 3030 ἀσύλοις
367 2967 461 3020 τοῦ
485 2966 715 3039 ούρανοῦ
746 2964 1301 3037 θησαυροφυλακείοις
1326 2964 1417 3017 τὸν
1453 2963 1581 3019 ἴδιον
1625 2965 1710 3016 ὲν-

120 3058 363 3114 απέθετο
397 3057 654 3112 πλοῦτον·
694 3058 932 3129 μίμησαι
957 3057 1046 3110 διὰ
1074 3055 1397 3125 τούτωνκαὶ
1423 3058 1488 3110 σὺ
1515 3054 1605 3109 τὸν
1627 3053 1705 3106 δι-

119 3150 417 3204 ὃάσκαλον.
470 3147 916 3220 Κατηρτισμένος
954 3146 1062 3218 γὰρ
1094 3146 1249 3200 ἔσται
1303 3144 1550 3216 μαθητὴς
1578 3144 1653 3208 ὡς
1682 3146 1711 3197 6

119 3242 451 3304 διδάσκαλος
484 3238 672 3294 αὑτοῦ.
706 3240 817 3294 Καὶ
846 3239 955 3310 γὰρ
979 3240 1035 3291 ὲν
1065 3241 1177 3303 τοῖς
1202 3238 1409 3301 λοιποῖς
1434 3234 1711 3306 ἐπιτηδεύ-

124 3350 320 3405 μασιν,
350 3333 378 3384 6
413 3331 583 3402 ἰατρῷ
626 3330 992 3402 μαθητεύσας,
1026 3331 1059 3402 ἢ
1086 3330 1394 3402 γεωμέτρῃ,
1422 3330 1456 3401 ἢ
1501 3330 1709 3400 ῥήτορι,

119 3425 511 3493 ἁναξιόπιστος
565 3423 855 3494 ἐπαινέτης
880 3424 981 3495 τῆς
1022 3422 1116 3477 τοῦ
1160 3422 1480 3477 διδασκάλου
1520 3422 1713 3493 τέχνης

123 3522 446 3591 γενήσεται,
478 3520 526 3571 εί
562 3516 640 3588 τῷ
671 3518 769 3589 μὲν
800 3517 942 3588 λόγῳ
972 3514 1239 3587 θαυμάζοι
1267 3514 1360 3568 τοῦ
1400 3512 1713 3589 καθηγητοῦ

122 3584 228 3684 τὴν
252 3584 623 3682 -ὲπιστήμην,
656 3584 740 3679 ἐφ’
776 3584 968 3663 ἑαυτοῦ
1023 3584 1093 3662 δὲ’
1115 3606 1349 3661 δεικνύοι
1407 3584 1577 3677 μηδὲν
1621 3602 1715 3657 τοῦ
1755 3584 1771 3615 9

124 3706 412 3777 θαύματος
436 3704 599 3769 ἄξιον.
648 3704 793 3776 Ἐρεῖ
816 3706 924 3776 γάρ
955 3721 1038 3765 τις
1078 3704 1214 3773 πρὸς
1242 3702 1403 3757 αὑτόν
1425 3717 1437 3729 ·
1473 3699 1598 3763 Πῶς
1623 3697 1713 3751 λέ-

137 3816 252 3868 τεις
294 3798 478 3869 ἰατρὸν
501 3797 594 3850 τὸν
626 3796 819 3851 ἑαυτοῦ
859 3796 1195 3861 διδάσκαλον,
1225 3794 1387 3858 αὑτὸς
1429 3792 1717 3863 ἀνιὰτρευ-

124 3906 223 3953 τος
253 3888 365 3954 ὣν;
394 3889 464 3941 ’Ἡ
498 3888 614 3951 πῶς
659 3887 905 3958 μαθητὴν
936 3886 1165 3940 σεαυτὸν
1195 3883 1272 3957 τῷ
1314 3884 1605 3957 γεωμέτρῃ
1633 3881 1721 3934 λέ-

126 3996 276 4048 γεις,
313 3977 556 4049 ἀπείρως
584 3977 681 4049 τῆς
714 3976 1055 4046 γεωμετρίας
1081 3974 1251 4046 ἔχων;
1297 3974 1437 4027 Ἀλλ’
1471 3973 1628 4035 εἴτις
1663 3972 1721 4024 ὲν

125 4068 317 4140 ἑαυτῷ
346 4069 586 4124 δείκνυσι
620 4068 718 4139 τὴν
754 4069 952 4138 τέχνην
1055 4066 1419 4137 ἐμαθήτευσε,
1468 4063 1721 4130 σεμνύνει

125 4166 205 4237 τῇ
240 4163 373 4217 καθ’
398 4162 588 4216 ἑαυτὸν
616 4162 897 4233 ἐπιστήμῃ
922 4160 1013 4213 τὸν
1049 4162 1148 4231 τῆς
1176 4160 1367 4230 τέχνης
1408 4154 1724 4227 καθηγησά-

133 4271 325 4325 μενον.
376 4252 564 4317 Οὕτως
597 4252 692 4307 καὶ
729 4253 891 4323 ἡμεῖς
925 4252 974 4304 οἱ
1007 4249 1285 4305 Βασίλειον
1315 4246 1605 4319 αὐχοῦντες
1644 4246 1723 4297 δι-

1802 1955 2020 2025 νίοιιιίεε
2071 1964 2492 2024 reprzesentetur
2520 1976 2532 2011 :
2566 1957 2685 2013 laus
2718 1959 3077 2028 paupertatis.
3131 1972 3228 2026 per
3254 1956 3381 2023 hoc,

1802 2057 1859 2101 ut
1889 2047 2052 2103 etiam
2083 2062 2185 2103 nos
2214 2047 2615 2118 superﬂuarum
2648 2049 2971 2105 facultatum
3012 2048 3376 2105 materialium

1801 2148 2051 2208 expertes
2103 2139 2275 2195 simus
2320 2158 2335 2206 ;
2386 2150 2734 2213 contemptus
2794 2142 2985 2197 mundi
3048 2142 3213 2212 hujus
3270 2157 3376 2196 non

1804 2233 1967 2287 modo
2011 2232 2229 2287 dicatur
2267 2234 2413 2303 quod
2457 2236 2529 2290 sit
2584 2235 2879 2291 laudabilis
2932 2242 3096 2305 atque
3140 2232 3385 2305 gloriosa-

1803 2323 2050 2394 quaedam
2089 2339 2177 2379 res
2210 2342 2222 2377 :
2258 2326 2350 2381 sed
2383 2341 2569 2383 earum
2604 2341 2813 2390 rerum,
2849 2341 2973 2401 quae
2992 2340 3089 2396 per
3116 2323 3380 2381 mundum

1806 2418 2112 2487 probantur
2160 2425 2215 2472 et
2266 2428 2628 2489 expetuntur,
2688 2417 3118 2489 contemptionis
3169 2432 3233 2472 ac
3288 2416 3380 2474 de-

1807 2508 2109 2578 spicientiae
2156 2512 2312 2567 testis
2361 2513 2436 2568 sit
2489 2512 2622 2566 vita.
2653 2508 2733 2567 Ne
2777 2510 2933 2568 dicas
2988 2510 3192 2577 solum,
3236 2508 3382 2580 quod

1808 2597 1899 2651 ille
1960 2596 2072 2653 Deo
2125 2598 2445 2663 dedicatus,
2496 2607 2551 2654 et
2600 2598 2863 2664 addictus,
2901 2606 3083 2661 esset,
3138 2596 3268 2663 sed,
3324 2603 3383 2650 tu

1807 2705 2044 2760 quoque,
2087 2700 2140 2747 te
2190 2692 2366 2763 ipsum
2416 2692 2528 2749 Deo
2580 2692 2775 2748 dedica
2828 2699 2997 2761 atque
3043 2690 3225 2756 addic,
3284 2704 3389 2746 nec

1809 2782 1956 2852 quod
2004 2782 2180 2837 solum
2221 2784 2270 2839 ei
2313 2784 2516 2839 bonum
2571 2791 2737 2853 atque
2784 2781 3065 2853 possessio
3091 2790 3258 2847 esset,
3297 2794 3387 2847 ea,

1811 2887 1933 2941 qua:
1972 2882 2248 2943 speratur,
2293 2873 2677 2945 requieszsed
2728 2874 2893 2929 etiam
2948 2874 3064 2942 ipse
3113 2887 3389 2943 congrega

1811 2965 1911 3021 tibi
1960 2965 2060 3021 has
2096 2965 2340 3031 divitias,
2379 2965 2839 3038 quemadmodum
2872 2956 2982 3021 ille.
3012 2963 3163 3017 Licet
3194 2964 3338 3019 enim
3369 2981 3383 3017 :

1814 3055 2096 3109 transtulit
2146 3055 2236 3111 ille
2288 3055 2357 3112 de
2408 3065 2553 3113 terra
2600 3053 2729 3109 vita:
2791 3053 3107 3109 institutum
3171 3052 3225 3105 in
3271 3065 3387 3107 coe-

1814 3143 1957 3208 lum,
1989 3141 2227 3198 transfer
2264 3143 2389 3198 item
2427 3152 2506 3205 tu.
2542 3141 2599 3196 In
2646 3139 3017 3198 sacrosanctis
3054 3146 3109 3194 et
3141 3154 3171 3193 a
3204 3138 3387 3194 furum

1813 3232 2020 3303 injuria
2064 3230 2196 3287 tutis
2233 3230 2357 3285 coeli
2407 3228 2623 3286 aerariis
2669 3242 2800 3284 suas
2833 3228 3058 3283 divitias
3086 3226 3386 3297 deposuit:

1814 3318 2031 3374 imitare
2070 3333 2169 3389 per
2222 3318 2337 3371 haec
2388 3316 2554 3371 etiam
2613 3322 2673 3370 tu
2720 3314 3070 3387 magistrum.
3108 3310 3396 3367 Perfectus

1814 3414 1960 3469 enim
2013 3413 2123 3469 erit
2165 3409 2495 3480 discipulus,
2547 3407 2593 3463 si
2630 3409 2701 3465 sit
2739 3408 2886 3463 sicut
2941 3406 3205 3477 magister
3250 3403 3390 3474 ejus.

1817 3505 2030 3562 Etenim
2073 3504 2126 3559 in
2166 3502 2393 3581 reliquis
2418 3515 2640 3572 quoque
2668 3499 2790 3554 vitae
2817 3496 3018 3555 studiis
3052 3503 3219 3568 atque
3243 3510 3394 3551 exer-

1817 3599 1963 3654 citiis
1994 3597 2086 3668 qui
2119 3595 2320 3651 medici
2348 3592 2656 3665 discipulus
2688 3590 2813 3656 fuit,
2843 3599 2939 3646 aut
2963 3597 3276 3661 geometrae,
3301 3595 3397 3641 aut

1817 3693 2079 3757 rhetoris,
2108 3689 2369 3762 indignus
2399 3687 2489 3743 cui
2524 3687 2663 3743 ﬁdes
2686 3685 2956 3743 habeatur
2983 3682 3232 3755 magistri
3260 3681 3400 3737 artis

1818 3785 2074 3842 laudator
2115 3783 2243 3847 erit,
2294 3781 2340 3837 si
2387 3781 2640 3836 oratione
2677 3777 2895 3849 quidem
2938 3776 3223 3834 scientiam
3258 3789 3398 3845 prae-

1820 3875 2065 3947 ceptoris
2095 3872 2441 3939 admiretur;
2478 3871 2534 3925 in
2580 3870 2767 3941 seipso
2795 3882 2928 3923 vero
2974 3866 3110 3921 nihil
3157 3865 3398 3919 admira-

1821 3968 1970 4019 tione
1994 3963 2219 4035 dignum
2244 3961 2517 4016 ostendat.
2550 3959 2702 4015 Dicet
2730 3959 2877 4014 enim
2899 3956 3102 4026 aliquis
3134 3955 3201 4009 ad
3228 3969 3352 4009 eum
3383 3972 3397 4008 :

1823 4057 1925 4123 Qui
1963 4056 2103 4110 dicis
2141 4054 2410 4109 medicum
2450 4061 2604 4106 tuum
2654 4051 2827 4106 fuisse
2877 4049 3226 4119 magistrum,
3272 4060 3409 4101 cum

1825 4148 1943 4218 ipse
1973 4146 2261 4201 medicinae
2294 4145 2524 4215 ignarus
2565 4142 2676 4199 sis?
2719 4141 2827 4196 Aut
2855 4138 3130 4211 quomodo
3160 4145 3215 4194 te
3236 4136 3404 4192 disci-

1825 4240 2011 4313 pulum
2052 4247 2343 4309 geometra:
2377 4234 2542 4301 dicis,
2585 4250 2710 4291 cum
2762 4232 3074 4305 geometriae
3116 4229 3407 4300 imperitus

130 4321 433 4407 δάσκαλον,
478 4343 557 4414 τῷ
597 4342 697 4414 βίῳ
728 4321 991 4414 δείξωμεν
1028 4341 1128 4412 τὴν
1178 4338 1497 4411 μαθητείαν,
1551 4338 1703 4389 ἐκεῖνι

1827 4334 1944 4390 sis?
1974 4329 2173 4387 Verum
2204 4329 2252 4385 si
2284 4329 2409 4401 quis
2443 4328 2494 4382 in
2526 4326 2709 4398 seipso
2741 4323 3019 4395 specimen
3049 4321 3206 4387 artis,
3237 4333 3405 4392 quam

131 4436 442 4506 γινόμενοι,
471 4436 608 4508 ὅπερ
637 4436 799 4490 αὑτὸν
842 4435 1139 4506 ὀνομαστόν
1179 4449 1239 4486 τε
1281 4432 1375 4485 καὶ
1406 4430 1578 4502 μέγαν
1607 4427 1703 4498 Θεᾷ

1827 4424 2104 4487 didicerit,
2127 4422 2274 4486 edat,
2311 4437 2409 4477 sua
2448 4420 2680 4476 scientia
2715 4419 2851 4474 artis
2879 4424 3273 4488 praeceptorem
3308 4429 3407 4470 or-

133 4530 237 4584 καὶ
260 4506 865 4601 ἀνθρώποιςήὲποίησεν,
890 4530 948 4584 ὲν
966 4523 1187 4599 Χριστῷ
1222 4523 1396 4597 Ἰησοῦ
1429 4522 1505 4593 τῷ
1533 4520 1703 4593 Κυρίᾳ

1827 4527 1923 4573 nat
1974 4526 2140 4585 atque
2186 4515 2459 4570 honestat.
2519 4510 2597 4566 Ita
2643 4511 2808 4566 etiam
2867 4525 3006 4574 nos,
3047 4508 3141 4580 qui
3204 4506 3410 4565 Basilio

134 4621 173 4690 ἡ
182 4618 325 4689 μῶν,
428 4619 462 4689 ἡ
489 4618 615 4683 δόξα
651 4598 751 4673 καῖ
769 4617 830 4671 τὸ
869 4598 1090 4690 κράτος,
1119 4615 1199 4680 είς
1224 4615 1350 4680 τοὺς
1388 4614 1591 4677 αῑῶνας
1615 4610 1703 4666 τῶι

1831 4608 2095 4680 magistro
2135 4622 2237 4661 nos
2257 4606 2531 4678 iactamus
2567 4611 2622 4660 et
2659 4602 2985 4675 gloriamur,
3016 4601 3131 4656 vita
3161 4598 3411 4671 discipli—

136 4710 381 4771 αἰώνων.
428 4711 621 4782 Ἀμήν.

1831 4717 1957 4757 nam
1988 4699 2346 4756 ostendamus
2380 4716 2395 4753 :
2426 4696 2493 4751 ad
2531 4695 2666 4751 illud
2702 4694 2973 4750 enitentes
3007 4701 3062 4749 et
3091 4691 3409 4751 evadentes,

139 4801 300 4873 quod
340 4781 524 4871 ipsum
568 4802 778 4861 clarum
827 4805 883 4859 et
925 4813 1185 4871 magnum
1250 4796 1362 4852 Deo
1408 4804 1571 4871 atque
1623 4791 1944 4849 hominibus
1994 4790 2143 4855 fecit,
2186 4805 2282 4861 per
2352 4787 2631 4844 Christum
2681 4783 2865 4841 Jesum
2944 4781 3235 4838 Dominum
3310 4794 3411 4833 no-

143 4908 351 4966 strum,
385 4898 479 4957 cui
516 4897 688 4971 gloria
733 4906 786 4955 et
818 4894 1107 4973 imperium
1156 4896 1214 4955 in
1247 4892 1456 4952 saecula
1485 4889 1834 4947 saeculorum.
1879 4886 2069 4943 Amen.
