3850 6392
509 311 619 371 819

1733 321 1793 377 8.
1833 321 1875 376 G
1890 321 2167 378 ιιΕοοιιιι
2206 323 2248 376 Ν
2261 324 2497 381 YSSENI

514 467 3733 517 34W

1807 637 2480 728 ΤΟΥἈΥΤΟΥ

1605 828 2657 967 ΕΓΚΩΜΙΟΝ

1302 1049 1442 1107 ΕΙΣ
1493 1053 1652 1110 ΤΟΝ
1702 1056 1946 1114 0ΣίοΝ
1995 1061 2325 1143 HATEPA
2377 1064 2607 1120 ΗΜΩΝ
2658 1064 2985 1123 ΕΦΡΔΙΜ.

2088 1244 2162 1261 -ν

1862 1385 2396 1477 EJUSDEM

1209 1595 1592 1712 VITA
1655 1597 2164 1734 ATQUE
2226 1601 3054 1723 ENCOMIUM

1392 1814 1641 1875 SANCTI
1671 1816 1927 1876 PATRlS
1960 1818 2211 1876 NOSTRI
2249 1820 2557 1881 EPHRA‘IM
2598 1822 2877 1900 SYRl(a).

1790 1998 1944 2049 Cardo
1965 1998 2143 2051 Vussio
2167 1998 2469 2066 interprete.

584 2280 893 2339 Recondita
910 2280 975 2338 in
991 2280 1192 2340 divinis
1218 2283 1524 2358 Evangeliis
1549 2287 1872 2360 similitudo,
1898 2311 1986 2352 me
2006 2296 2075 2352 ad

2248 2303 2404 2358 Κινεῐ
2452 2321 2521 2376 με
2548 2306 2685 2377 πρὸς
2711 2308 2811 2379 τὴν
2856 2307 3138 2381 παροῦσαν
3176 2311 3433 2369 ὑπόθεσιν
3475 2318 3508 2389 ἡ
3542 2319 3604 2372 ιν
3632 2323 3746 2385 τοῖς

514 2374 854 2448 propositum
883 2374 1102 2431 dicendi
1124 2387 1505 2448 argumentum
1544 2381 1693 2437 serio
1729 2387 2074 2455 cohortatur,

514 2468 860 2540 linguamque
882 2466 1088 2525 silentii
1125 2466 1281 2526 freno
1305 2472 1657 2528 constrictam
1679 2475 1865 2541 solvit,
1892 2492 1958 2535 ac
1980 2495 2076 2537 co-

510 2560 839 2639 gitationum
878 2560 1105 2617 semitas
1138 2562 1284 2618 velut
1322 2563 1593 2633 spatiosos
1624 2566 1895 2637 quosdam
1928 2584 2076 2626 cam-

511 2667 611 2722 pos
645 2658 892 2725 exsequat
929 2660 1092 2721 atque
1128 2651 1393 2718 adornat,
1435 2669 1769 2726 currumque
1807 2660 2075 2717 orationis

510 2725 577 2797 ad
611 2742 714 2797 iter
751 2742 1171 2812 aggrediendum
1212 2752 1523 2816 promptum
1563 2725 1741 2803 reddit
1770 2756 1827 2805 et
1851 2751 2077 2822 expedi-

510 2841 623 2893 tum
644 2868 659 2893 ,
693 2829 823 2885 dum
857 2830 1003 2891 clara
1029 2847 1164 2887 voce
1197 2832 1346 2888 hisce
1373 2836 1777 2904 quodammodo
1805 2841 2077 2897 exclamat

509 2922 729 2981 verbis;
772 2920 953 2991 Neque
986 2924 1276 2983 accendunt
1312 2922 1584 2980 lucernam
1605 2968 1619 2989 ,
1649 2938 1699 2982 et
1729 2941 1929 2998 ponunt
1957 2948 2074 2987 eam

452 3000 459 3013 ’
508 3010 605 3067 sub
634 3010 842 3083 modio,
873 3009 964 3065 sed
991 3028 1148 3082 super
1175 3012 1583 3083 candelabrum,
1615 3027 1671 3071 ut
1700 3018 1871 3075 luceat
1900 3023 2073 3081 omni-

508 3100 604 3155 bus
628 3101 718 3171 qui
744 3101 799 3157 in
827 3100 983 3162 domo
1010 3111 1133 3158 sunt
1162 3103 1203 3157 ¹.
1239 3102 1381 3168 Quid
1407 3119 1537 3160 vero
1566 3123 1630 3161 ex
1665 3108 1732 3164 iis
1768 3110 2074 3183 intelligen-

507 3190 638 3245 dum
676 3190 775 3256 sit,
818 3191 1103 3264 subjungit
1150 3192 1381 3251 dicens:
1421 3194 1511 3251 Sic
1550 3195 1721 3253 luceat
1761 3201 1853 3256 tua:
1900 3215 2074 3261 vestra

509 3300 688 3339 coram
713 3282 1029 3352 hominibus,
1049 3292 1109 3338 ut
1130 3285 1338 3347 videant
1362 3303 1520 3357 opera
1541 3300 1712 3346 vestra
1735 3292 1891 3352 bona.
1919 3293 2073 3351 Nun-

509 3376 639 3448 quid
671 3376 839 3448 igitur
871 3377 1302 3447 reprehendendi
1331 3380 1523 3436 merito
1546 3383 1786 3452 erimus,
1818 3386 1865 3441 si
1901 3388 2075 3458 negli-

508 3474 698 3539 gentes
726 3474 891 3536 atque
920 3465 1103 3536 ignavi
1132 3466 1351 3523 silentio
1381 3468 1775 3529 involverimus
1806 3474 1941 3530 illud
1960 3516 1975 3539 ,
2013 3474 2070 3535 in

507 3569 620 3625 quo
645 3555 978 3619 celebrando
1008 3572 1233 3629 magnos
1266 3574 1484 3620 sumere
1516 3561 1732 3621 animos
1762 3564 1880 3636 ipse
1911 3582 2071 3622 man-

414 3670 421 3682 -
508 3646 659 3702 davit
688 3645 999 3705 Dominus?
1032 3648 1168 3703 Cum
1200 3650 1346 3706 enim
1377 3653 1553 3709 sancti
1588 3653 1754 3725 hujus
1786 3654 1964 3714 Patris
1992 3658 2074 3712 vi»

507 3748 617 3794 tam
658 3748 919 3810 tanquam
957 3740 1226 3798 illustrem
1266 3758 1330 3799 ac
1368 3745 1485 3801 sole
1520 3745 1946 3818 splendidiorem
1988 3750 2074 3805 fa-

506 3848 625 3889 cem
664 3831 783 3889 orbi
822 3832 1172 3900 accenderit,
1212 3838 1701 3910 exponendamque
1740 3842 1902 3898 nobis
1941 3858 2074 3916 pro-

505 3924 792 3999 posuerit,
826 3940 932 3980 non
966 3923 1104 3991 fert,
1135 3932 1195 3980 ut
1222 3925 1373 3981 illam
1404 3928 1622 3985 silentio
1657 3939 2071 4004 praetereuntes,

505 4016 612 4073 sub
650 4016 833 4073 modio
869 4017 1258 4081 occultemus:
1299 4034 1488 4074 verum
1530 4021 1584 4077 in
1625 4023 1847 4078 sublimi
1888 4025 2072 4097 potius

500 4105 763 4170 Ecclesiae
790 4109 997 4168 vertice
1026 4123 1377 4184 reponamus,
1404 4121 1463 4167 ut
1495 4114 1713 4171 cunctis
1741 4114 1952 4170 eluceat
1975 4115 2071 4186 qui

503 4199 560 4258 in
600 4198 704 4255 hac
741 4200 910 4261 totius
950 4200 1100 4257 orbis
1140 4207 1412 4257 terrarum
1449 4214 1740 4261 versantur
1774 4207 1975 4265 domo:
2017 4215 2072 4266 et

501 4290 597 4361 qui
647 4304 716 4345 ex
759 4290 851 4345 illa
905 4291 1088 4347 lumen
1147 4293 1489 4364 acceperint,
1538 4296 1815 4354 caelestem
1856 4297 2069 4357 Patrem

501 4380 805 4457 glorificent
825 4421 840 4448 ,
871 4390 1035 4461 atque
1063 4382 1393 4443 collaudent.

572 4470 940 4539 Quamobrem
972 4488 1081 4529 non
1110 4474 1190 4529 sic
1221 4482 1507 4546 paternum
1537 4476 1686 4533 illius
1716 4480 2067 4536 metuendum

500 4570 588 4620 est
622 4561 902 4619 vinculum
928 4604 943 4627 ,
986 4572 1047 4620 ut
1086 4564 1262 4635 ipsius
1300 4565 1517 4621 Domini
1560 4568 1873 4625 mandatum
1914 4588 2069 4644 sper-

500 4660 705 4708 natur:
742 4655 874 4733 quin
913 4654 1078 4709 etiam
1114 4656 1287 4733 ipsius
1321 4656 1653 4717 laudationis
1690 4660 1903 4717 initium
1940 4663 2066 4721 inde

497 4744 821 4816 capiendum
850 4745 982 4809 fult,
1009 4748 1225 4803 tametsi
1254 4749 1309 4803 in
1330 4757 1629 4805 extremam
1656 4752 1919 4810 orationis
1943 4771 2068 4828 par-

496 4845 606 4893 tem
647 4854 747 4895 nos
788 4840 931 4895 istud
962 4839 1332 4910 rejecerimus.
1367 4840 1499 4897 Rem
1534 4843 1679 4898 enim
1710 4844 1884 4916 ipsam
1919 4856 2066 4906 recte

497 4932 812 5003 inspicienti
836 4973 852 4998 ,
879 4932 1013 4988 illud
1040 4934 1184 4989 haud
1216 4949 1446 5005 prorsus
1476 4936 1722 4991 videatur
1752 4939 2025 4996 vinculum
2047 4983 2061 5008 ,

2103 3649 2147 3705 Β

2179 2392 2344 2459 θείοις
2378 2396 2727 2467 Εὐαγγελίοις
2769 2402 3085 2475 παραϐολὴ,
3134 2405 3169 2476 ἡ
3199 2404 3293 2459 τοῦ
3334 2405 3529 2479 λύχνου
3576 2427 3739 2481 μυστ.
3847 2392 3850 2461 ἰ

2176 2487 2412 2555 αγωγία,
2442 2488 2536 2542 καὶ
2552 2488 2651 2561 τὴν
2666 2489 2910 2559 γλῶτταν
2932 2493 3093 2565 κημῷ
3112 2494 3210 2565 τῆς
3229 2496 3468 2565 ἀφωνίας
3487 2498 3601 2553 λύει
3625 2500 3744 2554 δου-

2175 2576 2454 2644 λεύουσαν,
2489 2581 2584 2635 καὶ
2613 2581 2713 2646 τὰς
2731 2582 2881 2649 ὁδοὺς
2907 2585 3016 2639 τῶν
3045 2588 3350 2659 νοημάτων,
3377 2590 3453 2654 ὡς
3494 2591 3747 2664 ἱππηλά-

2175 2685 2301 2733 τους
2325 2670 2543 2742 τρίϐους
2571 2675 2943 2745 προομαλίζει,
2973 2678 3067 2732 καὶ
3106 2679 3167 2732 τὸ
3201 2681 3294 2735 τοῦ
3328 2681 3484 2751 λόγου
3524 2682 3743 2736 πολυει-

2175 2758 2429 2845 δέστατον
2448 2762 2600 2834 ἅρμα
2617 2766 2710 2819 ἐπὶ
2726 2766 2996 2839 λεωφόρον
3011 2771 3223 2841 τρέχειν
3236 2771 3352 2826 ὁδὸν
3373 2772 3743 2845 ἑτοιμάξεται,

2175 2843 2279 2905 ὧδέ
2311 2870 2386 2924 πη
2435 2853 2769 2927 διαπρυσίως
2803 2856 3014 2927 βοῶσα·
3071 2863 3151 2916 Οὐ
3206 2868 3442 2918 καίουσι
3485 2843 3743 2934 λύχνον,

2175 2942 2276 2996 καὶ
2306 2944 2572 2999 τιθέασιν
2604 2946 2723 3002 ὑπὸ
2774 2948 2879 3002 τὸν
2903 2949 3135 3018 μόδιον,
3184 2953 3319 3007 ἀλλ’
3360 2954 3457 3009 ἐπὶ
3490 2954 3606 3024 τὴν
3631 2959 3744 3011 ,ιυ-

2174 3036 2374 3104 χνίαν,
2409 3037 2509 3091 καὶ
2532 3035 2752 3107 λάμπει
2788 3038 2937 3095 πᾶσι
2974 3040 3099 3108 τοῖς
3126 3041 3197 3096 ἐν
3220 3043 3296 3112 τῇ
3330 3044 3505 3112 οἰκίᾳ.
3547 3046 3657 3099 Καὶ
3683 3046 3743 3100 τὸ

2174 3128 2239 3179 ὲκ
2264 3127 2455 3182 τούτου
2485 3128 2544 3182 ὲν
2579 3128 2730 3198 βάθει
2762 3131 3046 3203 νοούμενον
3094 3134 3287 3203 ἐπάγει
3329 3134 3594 3205 λέγουσα·
3627 3137 3741 3190 οὗ-
3847 3124 3850 3145 ¹

2174 3234 2287 3285 τως
2316 3218 2606 3288 λαμψάτω
2646 3219 2711 3273 τὸ
2739 3219 2864 3289 φῶς
2908 3221 3075 3291 ὑμῶν
3113 3224 3450 3294 ἔμπροσθεν
3477 3224 3595 3281 τῶν
3639 3227 3745 3282 ἀν-

2176 3305 2423 3375 θρώπων
2442 3349 2457 3372 ,
2484 3307 2645 3375 ὅπως
2674 3309 2843 3364 ἴδωσι
2874 3312 2947 3367 τὰ
2975 3312 3130 3366 καλὰ
3158 3312 3301 3383 ἔργα
3325 3312 3507 3384 ὑμῶν.
3540 3316 3656 3369 Οὐκ
3676 3314 3744 3370 ἂν

2174 3397 2423 3453 ὑπαίτιον
2442 3399 2568 3469 γοῦν
2591 3401 3049 3471 ὲγκαλύπτεσθαι,
3078 3405 3171 3458 καὶ
3194 3405 3415 3476 δειλιᾷν,
3442 3407 3501 3460 ὲν
3534 3400 3615 3471 οἷς
3650 3407 3749 3461 αὖ·

2172 3486 2263 3552 τὸς
2303 3490 2332 3543 ὁ
2376 3489 2649 3561 Δεσπότης
2698 3491 2916 3563 θαρρεῖν
2960 3494 3385 3566 παρηγγύησενς
3441 3498 3538 3560 ’ος
3580 3498 3748 3551 οἱονεὶ

2174 3579 2403 3652 φαιδρὰν
2437 3580 2651 3651 καὶτῆς
2688 3581 2918 3653 ἡλιακῆς
2952 3582 3336 3655 λαμπροτέραν
3362 3585 3573 3655 ἀνάψας
3598 3587 3744 3657 λαμ-

2176 3670 2457 3743 πάδα,τὴν
2497 3670 2593 3725 τοῦ
2628 3673 2987 3744 προκειμένου
3032 3673 3176 3728 Θείου
3226 3675 3434 3749 Πατρὺς
3462 3677 3621 3746 ἡμῶν
3662 3679 3744 3739 εἰς

2173 3762 2421 3835 διήγησιν
2473 3764 2785 3831 πολιτείαν,
2839 3765 2937 3837 οὐχ
2965 3766 3069 3820 ὑπὸ
3100 3765 3191 3821 τὸν
3233 3768 3330 3838 τῆς
3375 3768 3534 3839 σιγῆς
3576 3787 3746 3824 κατα-

2174 3855 2507 3928 κρύπτεσθαι
2537 3856 2739 3928 ταύτην
2774 3857 3020 3928 βούλεται
3061 3860 3271 3929 μόδιον,
3306 3861 3420 3915 ἀλλ’
3461 3860 3576 3915 ἄνω
3608 3878 3744 3933 προ-

2174 3945 2383 4003 κεῖσθαι
2431 3948 2518 3999 ἐπ’
2558 3948 2729 4019 αὐτῆς
2776 3948 2874 4019 τῆς
2933 3948 3423 4021 Ἐκκλησιαστικῆς
3472 3950 3741 4021 κορυφῆς,

2170 4038 2310 4093 ὥστε
2340 4038 2547 4110 φαίνειν
2575 4042 2708 4094 πᾶσι
2731 4043 2841 4105 τοῖς
2868 4041 2927 4095 ὲν
2959 4044 3027 4114 τῇ
3059 4042 3295 4112 κοσμικῇ
3316 4040 3748 4113 περιστρεφομέ-

2171 4148 2283 4195 νοις
2309 4131 2456 4203 οίκίᾳ
2475 4148 2489 4162 ·
2523 4132 2588 4185 ἐκ
2628 4131 2829 4203 ταύτης
2864 4149 2924 4186 τε
2951 4133 3075 4197 τοὺς
3107 4133 3346 4204 ὁρῶντας
3374 4133 3622 4201 δοξάζειν
3648 4134 3744 4188 τὸν

2172 4221 2389 4295 Πατέρα
2416 4223 2506 4277 τὸν
2539 4226 2597 4278 ἐν
2620 4226 2732 4288 τοῖς
2754 4224 3019 4296 οὐρανοῖς.

2240 4480 2355 4533 Οὐκ
2380 4478 2488 4551 ἄρα
2519 4479 2610 4533 τὸν
2639 4480 2900 4551 πατρικὸν
2931 4480 3257 4553 εὐλαϐητέον
3282 4483 3489 4537 ἐκείνου
3512 4484 3740 4555 δεσμὸν,

2168 4573 2250 4627 ὅτι
2274 4572 2597 4637 Δεσποτικὸς
2627 4576 2874 4629 πατεῖται
2896 4573 3093 4646 θεσμός
3119 4591 3132 4606 ⁸
3159 4576 3372 4646 ἀνάγκη
3396 4575 3504 4646 γὰρ
3525 4576 3745 4631 ἐκεῖθεν

2168 4663 2279 4718 τῶν
2304 4664 2538 4719 ἐπαίνων
2570 4664 2753 4724 λαϐεῖν
2778 4665 2876 4733 τὰς
2898 4666 3088 4738 ἀρχὰς,
3113 4667 3215 4721 κᾶν
3247 4670 3281 4739 ἡ
3310 4667 3404 4720 νῦν
3423 4668 3741 4740 παράληψις

2167 4758 2234 4829 τῇ
2257 4755 2406 4819 θέσει
2449 4756 2676 4815 κατόπιν
2707 4757 2818 4811 τῶν
2853 4758 3142 4831 ἐγκωμίων
3178 4758 3503 4834 ἀφώρισται.
3548 4758 3739 4813 Ἐπει-

2168 4846 2343 4919 δήπερ
2372 4844 2449 4917 τῷ
2487 4848 2666 4913 καλῶς
2697 4849 2992 4920 διακρίνειν
3018 4853 3179 4907 εἰδότι
3215 4853 3283 4907 τὰ
3323 4853 3646 4925 πράγματα,
3676 4854 3740 4907 οὗ

2167 4936 2363 5008 δεσμὸς
2387 4939 2593 5003 ἐκεῖνος
2615 4940 2819 5008 ἁπλῶς,
2845 4941 3122 5013 ἁπείργων
3144 4944 3438 5015 ἐγκωμίοις
3462 4944 3739 4997 καταστέ-
3846 4972 3850 4985 ι

496 5022 644 5096 quod
678 5024 977 5080 humanam
1006 5026 1235 5098 gloriam
1258 5038 1597 5084 aversantem
1625 5037 1769 5085 vetet
1797 5046 2065 5091 exornare
2093 5015 2099 5054 ⁴

2174 5005 2289 5100 φειν
2322 5030 2420 5102 τὴν
2468 5005 2813 5104 ἀνθρωπίνην
2854 5005 3553 5108 δόξανάποστρεξρόμενον·
3596 5036 3743 5091 ἀλλὰ

495 5113 784 5170 laudibus:
821 5122 916 5169 aut
945 5130 1079 5172 sane
1105 5115 1387 5174 vinculum
1418 5117 1484 5172 ad
1516 5119 1838 5177 solvendum
1870 5121 2030 5180 facile
2052 5166 2067 5191 ,

2163 5123 2361 5195 δεσμδς
2414 5123 2668 5194 ἄδεσμος,
2722 5126 2815 5179 καὶ
2858 5126 3060 5198 κατοχὴ
3102 5126 3420 5192 ἀκάθεκτος,
3474 5127 3615 5199 πρὸς
3673 5128 3740 5181 τὸ

495 5204 871 5276 obligatioque
906 5204 1219 5273 ejusmodi,
1258 5222 1380 5277 qua:
1413 5207 1479 5263 ad
1521 5210 1623 5264 hoc
1665 5210 1841 5281 ipsum
1882 5214 2069 5284 potius

2174 5215 2404 5271 ἐναντίον
2423 5216 2549 5280 τοὺς
2571 5217 2807 5289 ἐραστὰς
2835 5218 3163 5275 συνωθοῦσα.
3186 5219 3263 5272 Δι’
3290 5212 3365 5273 ὧν
3386 5219 3492 5290 γὰρ
3522 5220 3740 5284 ἐκεῖνος

494 5298 865 5369 praestandum
905 5297 1151 5368 impellat
1183 5308 1451 5363 amantes,
1484 5299 1620 5361 Nam
1650 5317 1718 5359 ex
1752 5296 1951 5375 quibus
1978 5307 2070 5370 ille

2174 5308 2289 5372 τοὺς
2325 5310 2626 5381 ἡμετέρους
2676 5313 2935 5381 ἐκφυγεῖν
2976 5312 3226 5377 ἐπαίνους
3270 5312 3735 5384 κατεστοχάσατο,

493 5385 684 5447 laudes
712 5402 772 5443 se
803 5386 1133 5444 evitaturum
1164 5388 1465 5451 arbitratus
1495 5401 1607 5455 est,
1644 5393 1921 5451 interdicti
1948 5399 2068 5453 vin-

567 5519 585 5551 ‘
627 5519 815 5581 Matth.
856 5539 911 5587 ν,
946 5522 1041 5589 l5,
1075 5523 1182 5592 16;
1217 5522 1349 5578 Luc.
1374 5540 1505 5590 Vill,
1548 5525 1635 5580 l6.

2162 5401 2345 5472 δεσμῷ
2368 5403 2465 5473 τὴν
2499 5404 2809 5476 ἐγχείρησιν
2830 5403 3201 5477 ἀποτειχίσας,
3223 5403 3313 5458 διὰ
3338 5403 3545 5458 τούτων
3570 5406 3739 5476 ἡμεῖς

568 5678 646 5777 ρ)
706 5678 1217 5777 ἔικὲοιοιίοιίοηρηι
1260 5683 1466 5753 frustra
1513 5686 1678 5768 aliqui
1752 5697 1809 5742 ut
1851 5686 2071 5751 dubiam
2096 5689 2402 5758 habuerunt
2432 5711 2473 5765 ;,
2507 5694 2583 5752 cf.
2634 5660 2919 5759 Assemani
2970 5702 3183 5775 tlroteg.
3231 5697 3283 5761 in
3316 5708 3446 5754 tom.
3508 5698 3549 5767 Ι,
3599 5711 3730 5777 opp.

493 5747 667 5816 ειη,
706 5751 762 5807 S.
800 5751 1063 5821 Ephraum,

2147 5897 2203 5909 οι.

3847 2368 3850 2407 l
