3850 6420
135 325 244 384 8‘21

1215 321 1304 378 DE
1341 323 1499 379 VITA
1541 322 1601 382 S.
1643 321 1892 378 PATRIS
1930 319 2239 375 EPHRIEM
2282 319 2459 374 SYRI.

3287 311 3393 369 8‘22

137 441 243 504 τὰς
286 437 536 510 ἀφορμὰς
568 438 676 491 τῶν
710 438 1000 510 ἐγκωμίων
1041 438 1410 510 λαμὸἀνομεν.
1453 440 1718 493 Ἕκαστον

1826 439 1949 493 culo
1978 446 2199 492 nostros
2230 444 2464 491 conatus
2498 435 2826 492 subvertens
2857 441 3022 504 atque
3058 432 3392 501 impediens,

143 532 249 599 μὲν
273 526 367 583 οὖν
399 529 563 582 αὑτοῦ
615 529 992 600 πλεονέκτημα
1041 530 1178 601 πρὸς
1209 531 1462 602 ἀφορμὴν
1499 531 1720 583 ἐπαίνου

137 623 375 688 τελείου,
412 621 646 692 μάλιστα
669 623 726 676 δὲ
752 623 814 676 τὸ
842 623 916 694 μὴ
942 623 1152 694 χαίρειν
1181 623 1404 693 ἐπαίνῳ.
1442 622 1723 676 Ἐϐούλετο

138 715 257 783 γὰρ
279 716 340 767 ού
374 714 569 776 δοκεῖν,
603 713 716 767 ἀλλ’
741 709 879 768 εἶναι
909 713 1161 786 χρηστός,
1187 715 1264 766 Δι’
1286 713 1416 770 αὐτὸ
1436 713 1722 784 τοιγαροῦν

139 809 244 862 καὶ
277 808 457 879 μόνον,
483 808 589 861 κᾶν
623 806 789 877 μηδὲν
831 807 1019 876 ἕτερον
1061 807 1208 871 ἄξιον
1240 807 1521 878 πέπραχεν
1567 806 1724 860 ὲπαί-

137 919 276 965 νων,
328 899 770 973 ἐγκωμιάζεσθαι
815 899 1054 964 δίκαιον,
1091 899 1172 952 ὅτι
1219 899 1471 953 τοσοῦτον
1513 900 1724 972 χαίρειν

138 989 268 1044 εἶπε
304 993 416 1056 τοῖς
463 991 781 1062 ἐγκωμίοις,
810 990 885 1053 ώς
924 990 1018 1042 καὶ
1049 988 1232 1060 δεσμῷ
1280 988 1581 1059 σφραγίσαι
1625 989 1723 1058 τὴν

139 1086 235 1138 ἐπ’
258 1085 442 1148 αὐτοῖς
472 1084 807 1154 ἐπιτίμησιν.
855 1083 1017 1152 Ἡμῖν
1049 1082 1105 1134 δὲ
1132 1081 1288 1134 τοῦτο
1330 1080 1544 1151 πρῶτον
1576 1079 1723 1135 ἀνοί-

139 1193 232 1244 γει
266 1175 362 1231 τοῦ
389 1176 545 1245 λόγου
573 1177 632 1229 τὸ
660 1174 870 1229 στάδιον
890 1214 904 1238 ,
944 1173 1037 1228 καὶ
1062 1174 1398 1245 πληροφορεί
1420 1172 1495 1244 μὴ
1522 1171 1723 1242 βαίνειν

141 1269 428 1334 ἀσκόπως,
468 1268 603 1339 μηδὲ
647 1269 786 1324 κατὰ
817 1269 1062 1339 κρημνοῦ
1089 1265 1369 1336 φέρεσθαι,
1404 1266 1540 1320 ἀλλά
1569 1265 1723 1335 βασι-

141 1359 304 1429 λικὴν
329 1359 535 1415 ὁδεύειν
563 1358 698 1425 ὁδὸν,
733 1356 910 1420 καλῶς
934 1357 1430 1428 ἀναλογιζομένοις,
1457 1358 1644 1429 ὅτιπερ
1674 1359 1724 1410 εί

144 1451 224 1522 μὴ
255 1451 406 1518 ἀξιον
444 1450 679 1504 ἐπαίνων
711 1450 902 1504 ἑαυτὸν
928 1452 958 1503 6
995 1449 1297 1520 θαυμάσιος
1318 1448 1410 1502 τοῦ
1442 1449 1576 1503 Θεοῦ
1607 1465 1726 1502 συν-

139 1543 317 1614 εώρα,
366 1543 466 1597 οὐκ
499 1543 564 1598 ἂν
607 1544 874 1614 εύφημείν
919 1543 1082 1598 αὐτὸν
1113 1545 1344 1616 ἀπεῖργε
1373 1545 1499 1607 τοὺς
1543 1543 1724 1596 θέλον-

141 1653 266 1699 τας.
297 1634 485 1694 Ούδεὶς
517 1634 624 1706 γὰρ
671 1635 744 1705 μὴ
781 1632 1210 1705 θαυμαζόμενος,
1242 1635 1322 1687 ἔτι
1365 1632 1590 1707 περιὼν,
1631 1635 1725 1687 ἐπὶ

145 1727 430 1793 μεγίστοις
460 1726 895 1796 πλεονεκτήμασι
935 1727 1222 1796 παρεγγυᾷ
1268 1728 1380 1789 τοῖς
1406 1725 1720 1796 μετέπειτα,

1823 545 1888 586 ea
1937 531 2096 586 nobis
2141 531 2256 600 ipsa
2306 529 2561 584 laudandi
2615 529 2962 584 occasionem
3021 524 3392 595 suppeditant.

1823 621 1958 676 Cum
1989 622 2134 675 enim
2185 621 2409 690 singulae
2462 621 2736 690 przeclarze
2788 620 2955 674 animi
3013 620 3186 687 ipsius
3237 616 3396 672 dotes

1825 710 2048 764 uberem
2101 709 2168 763 ad
2215 709 2546 764 laudandum
2595 710 2876 764 materiam
2922 709 3242 770 exhibeant,
3280 716 3393 760 tum

1825 802 1959 855 illud
1989 817 2112 856 cum
2144 801 2374 872 primis,
2426 800 2575 871 quod
2630 799 2882 855 laudibus
2940 815 3051 854 non
3103 797 3391 854 abiciatur.

1823 894 2058 965 Optabat
2083 896 2282 964 quippe
2313 909 2422 948 non
2462 893 2664 957 videri,
2702 892 2795 948 sed
2823 892 3002 948 bonus
3039 893 3394 964 potiusesse.

1824 986 1902 1041 Ex
1935 1002 2045 1057 quo
2075 986 2294 1056 quidem
2327 985 2412 1041 vel
2459 985 2615 1049 solo,
2674 984 2803 1039 licet
2848 982 2997 1036 aliud
3056 984 3193 1037 nihil
3237 981 3396 1037 laude

1823 1079 2050 1150 dignum
2099 1077 2472 1149 praestitisset,
2516 1076 2813 1131 collaudari
2865 1075 3112 1144 profecto
3157 1089 3407 1129 mererc-.

1823 1184 1952 1229 tur:
1990 1172 2128 1227 adeo
2160 1171 2307 1227 enim
2346 1169 2602 1225 laudibus
2635 1183 2696 1224 se
2725 1166 2983 1223 delectari
3020 1166 3218 1229 aiebat.
3249 1174 3308 1220 ut
3328 1180 3413 1221 eo.

1823 1266 2044 1322 vinculo
2097 1262 2553 1334 vituperationem
2602 1276 2663 1315 ex
2719 1259 2828 1315 illis
2883 1267 3196 1314 manantem
3245 1258 3416 1313 obsi-..

1825 1373 1995 1430 gnare
2034 1356 2286 1410 maluerit
2325 1361 2489 1424 atque
2531 1353 2755 1408 evitare.
2796 1350 2947 1406 Istud
2990 1365 3120 1406 vero
3160 1349 3396 1418 primum

1823 1460 2026 1506 nostra:
2075 1447 2310 1504 orationi
2363 1446 2601 1502 stadium
2643 1443 2855 1514 aperit,
2901 1451 2956 1498 et
2998 1442 3146 1496 clare
3198 1449 3416 1496 metam.

1823 1542 2102 1606 ostendit,
2139 1539 2206 1594 ad
2238 1554 2400 1609 quam
2439 1538 2676 1608 dirigere
2723 1551 2946 1591 cursum
2991 1541 3275 1604 oporteat:
3328 1545 3397 1584 ne

1825 1643 2032 1690 temere
2063 1631 2478 1703 progredientes
2516 1629 2756 1684 feramur
2792 1627 3128 1699 praecipites,
3165 1623 3261 1680 sed
3299 1638 3396 1693 per

1824 1727 1970 1781 viam
2017 1725 2334 1780 incedentes
2385 1723 2622 1792 regiam,
2654 1721 3067 1776 consideremus
3118 1717 3396 1772 admiran-

141 1815 316 1888 λήθης
357 1815 608 1886 πτώματι
649 1817 744 1887 τήν
787 1815 979 1870 ἑαυτοῦ
1036 1820 1256 1889 μνήμην
1302 1817 1718 1890 παραφανίζειν.

1823 1820 1953 1875 dum
1986 1817 2137 1872 illum
2175 1814 2268 1869 Dei
2310 1814 2485 1867 virum
2526 1811 2930 1883 prohibiturum
2970 1826 3079 1866 non
3121 1809 3290 1866 fuisse
3327 1824 3396 1862 ne

145 1906 294 1977 Πρὸς
317 1907 381 1979 δὴ
418 1907 626 1973 τούτοις
657 1909 771 1962 ἐστι
809 1910 904 1966 καὶ
929 1909 1086 1963 τοῦτο
1130 1913 1334 1965 εἰπεῖν·
1366 1913 1448 1966 ὅτι
1474 1913 1725 1983 καθάπερ

145 1999 363 2063 Παῦλος
387 2003 416 2054 6
443 2002 625 2075 ῥήτωρ
645 2003 743 2070 τῆς
765 2002 1004 2072 χάριτος,
1027 2004 1055 2055 6
1079 2005 1445 2072 νυμφοστόλος
1461 2005 1561 2075 τῆς
1599 2006 1721 2059 Ἑκ-

145 2090 399 2161 κλησίας,
429 2093 489 2146 τὸ
517 2093 608 2146 τοῦ
634 2093 868 2165 Χριστοῦ
901 2095 1093 2165 στόμα,
1126 2095 1226 2148 οὐκ
1258 2095 1504 2150 ἀπώλεσε
1534 2096 1596 2150 τὸ
1626 2114 1726 2152 κα-

143 2180 352 2236 λεῖσθαι
399 2183 737 2250 Ἀπόστολος,
778 2185 867 2239 διὰ
905 2185 967 2238 τὸ
1016 2189 1209 2253 εἰπεῖν,
1243 2189 1366 2242 Οὐκ
1397 2189 1510 2258 εἰμὶ
1556 2189 1726 2256 ἄξιος

144 2275 460 2329 καλεῖσθαι
499 2277 896 2344 Ἀπόστολος⁶
936 2278 1136 2347 μᾶλλον
1186 2280 1284 2350 μὲν
1313 2277 1406 2334 οὖν
1433 2281 1520 2335 διὰ
1561 2281 1720 2336 τοῦτο

143 2363 277 2418 αὐτὸ
305 2364 368 2416 τὸ
402 2367 877 2438 μετριοφρονῆσαι,
913 2371 1100 2438 μεῖζον
1141 2371 1489 2442 ἀπηνέγκατο
1539 2373 1716 2437 κλέος.

143 2450 303 2506 Οὕτω
340 2453 403 2526 δὴ
445 2456 538 2509 καὶ
573 2459 602 2508 6
625 2457 797 2526 μέγας
829 2458 1016 2530 Πατήρ
1055 2460 1234 2530 ήμῶν,
1279 2462 1497 2527 ἀνάξιον
1531 2464 1720 2518 ἑαυτὸν

143 2545 386 2600 ἐπαίνων
435 2547 501 2601 δι’
553 2549 836 2603 εὐλάϐειαν
891 2550 1103 2623 κρίνας,
1168 2552 1315 2618 ἀειος
1366 2555 1719 2627 εὑρεθήσεται

142 2639 286 2693 κατά
313 2639 374 2692 τὸ
399 2641 711 2697 ἀκόλουθον.

1822 1917 2162 1978 laudaretur,
2202 1914 2310 1970 nisi
2352 1912 2608 1967 laudibus
2650 1926 2710 1965 se
2747 1909 2974 1981 dignum
3025 1907 3393 1980 cognovisset.

1821 2008 1958 2064 Nam
1994 2009 2215 2071 nullus,
2256 2005 2364 2060 nisi
2406 2005 2564 2060 valde
2607 2004 2837 2074 insignis
2883 2010 3049 2074 atque
3089 1999 3399 2071 suspicien-

1821 2101 1955 2166 dus,
1991 2115 2116 2155 cum
2156 2098 2338 2154 adhuc
2373 2098 2428 2152 in
2467 2098 2576 2151 vita
2619 2096 2876 2152 maximis
2913 2093 3216 2149 virtutibus
3254 2105 3394 2162 pra:-

1821 2194 1984 2250 cellat
2006 2233 2021 2257 ,
2059 2193 2380 2249 memoriam
2412 2192 2499 2248 sui
2531 2189 2808 2246 oblivione
2838 2188 2978 2258 apud
3012 2192 3264 2257 posteros
3295 2184 3396 2240 de-

1822 2286 1922 2340 leri
1952 2285 2161 2356 jubeat.
2199 2284 2266 2340 Et
2296 2282 2755 2356 quemadmodum
2795 2279 3034 2345 Paulus,
3071 2277 3396 2350 praedicator

1825 2379 2050 2448 gratiae,
2085 2392 2294 2448 auspex
2330 2375 2618 2439 Ecclesiae,
2655 2389 2718 2429 os
2752 2373 2957 2428 Christi
2981 2411 2997 2436 ,
3049 2371 3178 2426 licet
3221 2371 3290 2426 de
3337 2385 3398 2426 se

1826 2471 1945 2540 ipse
1974 2470 2176 2526 dixerit
2205 2488 2219 2524 :
2269 2467 2392 2523 Non
2421 2486 2540 2524 sum
2573 2468 2764 2538 dignus
2798 2466 2978 2522 vocari
3023 2464 3295 2536 apostolus
3331 2465 3352 2496 ²
3378 2481 3406 2528 ;¹

1828 2579 1937 2618 non
1971 2572 2151 2617 tamen
2188 2562 2311 2618 ideo
2342 2561 2519 2617 eil'ecit
2539 2602 2552 2626 ,
2583 2576 2683 2616 cur
2710 2561 2893 2616 minus
2921 2558 3202 2630 apostolus
3235 2571 3414 2613 voca»

1825 2661 2018 2709 retur:
2055 2655 2166 2707 imo
2196 2659 2403 2722 quanto
2445 2653 2564 2722 ipse
2604 2651 2936 2707 submissius
2979 2648 3047 2705 de
3084 2664 3157 2705 se
3186 2647 3412 2711 sensit,

141 2739 302 2787 tanto
329 2735 592 2802 majorem
622 2749 951 2795 consecutus
978 2749 1060 2796 est
1094 2742 1346 2812 gloriam.
1377 2744 1578 2816 Sicque
1607 2764 1837 2820 magnus
1865 2758 2054 2805 noster
2076 2748 2170 2803 hic
2218 2747 2396 2814 Pater,
2459 2748 2717 2818 quoniam
2759 2746 3060 2818 prudenter
3114 2760 3180 2800 ac
3236 2751 3398 2800 cauto

147 2828 393 2895 seipsum
421 2829 681 2887 laudibus
716 2833 998 2904 indignum
1037 2839 1283 2903 censuit,
1325 2840 1446 2895 ideo
1475 2843 1734 2914 deinceps
1774 2845 2030 2901 laudibus
2065 2844 2329 2901 celebrari
2366 2853 2732 2915 promeretur.

226 2924 381 2976 Ἐπεὶ
411 2920 504 2980 οὖν
547 2927 814 2999 ἡμέτερος
854 2931 952 3000 τῆς
986 2933 1314 3005 Ἐκκλησίας
1360 2937 1541 3007 νόμος,
1596 2942 1720 3005 τοὺς

136 3015 264 3106 τῆςᾲ
289 3016 494 3087 ἀρετῆς
526 3019 773 3088 ζηλωτὰς
801 3023 866 3075 ὲκ
897 3023 990 3076 τοῦ
1039 3025 1240 3097 ταύτης
1272 3029 1342 3082 τὰ
1371 3031 1486 3100 εἴδη
1531 3034 1723 3106 μετέρ-

1897 2941 2032 2996 Cum
2063 2955 2193 3013 ergo
2222 2955 2285 2994 ea
2313 2939 2567 2996 Ecclesiae
2601 2947 2806 2994 nostra:
2835 2936 3176 2993 consuetudo
3210 2937 3281 2993 sit
3311 2945 3394 2990 at-

1826 3051 1932 3106 que
1981 3035 2326 3102 institutum,
2386 3043 2445 3088 ut
2503 3034 2722 3089 virtutis
2777 3033 3053 3096 cultores,
3110 3038 3409 3108 propterea

138 3104 338 3174 χεσθαι
372 3110 672 3176 στεφανοῦν
698 3107 806 3165 οἶδε
830 3128 844 3144 ·
871 3114 966 3167 καὶ
1001 3115 1202 3170 τούτων
1227 3118 1341 3172 ὅσοι
1383 3120 1616 3190 μάλιστα

1823 3104 1968 3197 quod
1999 3127 2119 3197 ejus
2157 3136 2344 3199 partes
2377 3127 2610 3197 amplexi
2644 3126 2756 3180 sint
2779 3165 2793 3188 ,
2822 3104 3197 3191 coronentur;
3231 3131 3406 3193 atque

139 3198 388 3269 ταπεινῷ
433 3200 528 3253 τοῦ
572 3205 916 3274 φρονήματος
974 3207 1154 3279 μέτρῳ
1198 3215 1582 3283 πνευματικῶς
1629 3218 1722 3271 ἀν·

137 3286 470 3360 υψώθησαν,
504 3291 643 3345 κατά
679 3293 740 3346 τὸ
774 3293 868 3347 τοῦ
912 3297 1117 3369 Κυρίου
1150 3302 1206 3353 ὲν
1236 3301 1586 3371 Εὑαγγελίοις
1620 3300 1723 3361 ὧδέ

139 3397 263 3443 πως
294 3383 582 3452 εἰρημένον
602 3401 616 3415 ·
655 3385 718 3439 Ὀ
745 3388 1039 3443 ταπεινῶν
1069 3391 1286 3446 ἑαυτὸν
1314 3396 1717 3464 ὑψωθήσεταιο

137 3470 249 3537 ἔξω
307 3475 584 3541 παντελῶς
644 3478 814 3549 ψόγου
863 3481 960 3534 καὶ
1018 3482 1348 3554 σκώμματος
1405 3489 1497 3542 καὶ
1550 3492 1722 3564 αὐτῆς

136 3568 468 3636 τυγχάνουσι
517 3571 911 3644 κατακρίσεως,
945 3577 993 3629 οί
1033 3577 1126 3630 τοῦ
1161 3581 1424 3652 παρόντος
1460 3583 1719 3658 θεοφόρου

135 3659 355 3752 ξΙατρὺς
379 3660 478 3725 τὰς
507 3663 706 3731 ἀρετὰς
751 3666 1175 3738 ἀναγράφοντες,
1213 3674 1305 3726 καὶ
1329 3670 1439 3728 οἷον
1473 3679 1553 3742 είς
1591 3680 1721 3752 στή-

134 3745 238 3818 λην
269 3748 508 3819 ἔμπνουν
531 3753 624 3806 καὶ
649 3753 829 3818 ζῶσαν
860 3757 950 3811 τὸν
973 3760 1182 3814 ἐκείνου
1211 3763 1325 3833 βίον
1354 3769 1486 3837 ήμίν
1509 3745 1721 3838 ἀνεγεί-

135 3855 346 3934 ροντες.
395 3842 503 3934 Καὶ
547 3845 656 3899 τῶν
698 3847 1145 3916 ἐπαγγελθέντων
1186 3856 1216 3906 6
1245 3858 1408 3926 σοφὸς
1444 3859 1719 3934 ἀκροατὴς

134 3929 334 4000 ὲπόψει
379 3933 440 3986 τὸ
476 3934 725 4004 ἀψευδὲς.
762 3941 992 4013 κατόπιν
1029 3944 1121 3997 τοῦ
1149 3944 1309 4014 λόγου
1334 3948 1434 4014 τὰς
1471 3929 1719 4020 ποικίλας

134 4020 306 4074 αὐτοῦ
328 4023 436 4077 τῶν
463 4027 674 4099 ἀρετῶν
702 4031 845 4096 ίδέας
861 4033 1274 4107 ἀναλεγόμενος,
1300 4032 1376 4094 ὧν
1402 4043 1564 4112 ἡμεῖς
1590 4046 1719 4100 καθ-

136 4115 286 4185 άπερ
319 4115 417 4170 ἕνα
453 4120 574 4174 τινά
611 4125 1040 4198 χρυσοκόλλητον
1085 4129 1368 4200 στέφανον,
1401 4135 1718 4206 πολυτίμοις

136 4207 234 4258 καὶ
277 4206 556 4282 διαφόροις
601 4216 1053 4290 περιηνθισμένον
1093 4229 1600 4296 χρυσουργήσαντες
1635 4229 1717 4281 λί-

133 4300 274 4366 θοις,
292 4305 357 4374 τῇ
383 4304 570 4378 νύμφη
595 4309 832 4380 Χριστοῦ
869 4311 1162 4388 Ἐκκλησία
1187 4317 1358 4390 δῶρον
1387 4319 1718 4392 ποθούμενον

78 4407 85 4413 ’
134 4396 618 4468 προσκομίσομενο
663 4402 844 4475 χαίρει
876 4405 985 4477 γὰρ
1015 4409 1127 4471 τοῖς
1168 4408 1429 4475 τοιούτοις
1463 4411 1717 4486 φιλοφρο-

131 4486 348 4540 νεῖσθαι
390 4491 742 4563 χαρίσμασιν,
788 4497 878 4551 ὅτε
928 4499 1115 4570 μνήμη
1145 4499 1368 4555 δικαίων
1414 4503 1717 4577 ἀπαντήσει

129 4581 375 4650 ὲτήσιος.
434 4584 673 4656 Ἐφραῒμ
723 4587 780 4642 δὲ
822 4588 916 4642 νῦν
963 4591 1043 4655 είς
1083 4592 1359 4664 εὐφημίαν
1411 4597 1716 4668 περιήγαγε

130 4671 346 4743 τρέχων
393 4674 422 4727 ό
455 4677 644 4746 χρόνος
665 4694 680 4709 ο
716 4680 810 4735 καὶ
840 4682 956 4746 πῶς
984 4683 1045 4738 ού
1089 4687 1402 4758 περιχαρῶς-
1437 4689 1496 4743 τὸ
1523 4691 1714 4745 τούτου

137 4767 488 4837 μνημόσυνον
522 4771 836 4840 ὑποδέξεται
851 4792 865 4841 ;

217 5040 458 5111 Ἐφραῖμ
484 5043 708 5110 ἐκεῖνον,
734 5045 823 5099 τὸν
858 5047 915 5100 ἐν
949 5051 1082 5104 πᾶσι
1107 5051 1446 5123 Χριστιανῶν
1481 5069 1709 5123 περιφε-

131 5129 365 5200 ρόμενον
391 5131 672 5202 στόμασιν.
712 5136 947 5208 Ἐφραῒμ
978 5139 1120 5208 λέγω
1152 5140 1244 5194 τὸν
1276 5140 1446 5211 Σύρον
1468 5159 1482 5174 ·
1509 5143 1571 5196 οὐ
1601 5143 1710 5214 γάρ

125 5221 190 5274 τὸ
220 5220 378 5289 γένος
423 5224 841 5298 ἐπαισχύνομαι,
873 5221 934 5283 οὗ
971 5233 1082 5296 τοῖς
1122 5233 1343 5304 τρόποις
1371 5233 1710 5302 ἐγκαλλωπί-

125 5316 317 5400 ζομαι.
360 5317 617 5389 Ἐφραῒμ,
645 5315 704 5374 οὗ
739 5322 817 5384 είς
842 5324 1021 5376 πᾶσαν
1050 5323 1150 5395 τὴν
1168 5325 1270 5394 γῆν
1295 5325 1358 5378 τὸ
1391 5325 1591 5395 φέγγος
1611 5326 1706 5381 τοῦ

127 5407 251 5476 βίου
275 5407 371 5462 καὶ
392 5408 494 5479 τῆς
518 5411 746 5482 θεωρίας
772 5413 1072 5484 ἐξέλαμψεν
1094 5431 1110 5446 ·
1138 5417 1167 5468 6
1188 5414 1338 5489 πάσῃ
1365 5419 1430 5488 τῇ
1457 5417 1545 5487 ὑφ’
1570 5417 1706 5488 ἡλίῳ

125 5497 318 5568 σχεδὸν
358 5502 777 5572 γινωσκόμενος,
812 5505 962 5576 παρά
986 5506 1261 5570 τοσούτοις
1306 5525 1366 5560 τε
1403 5509 1702 5579 ἀγνοούμε-

123 5606 239 5657 νος,
275 5593 405 5661 παρ’
439 5593 584 5657 ὅσοις
620 5597 648 5647 6
673 5597 844 5666 μέγας
866 5599 961 5668 τῆς
1005 5598 1329 5670 Ἐκκλησίας
1351 5603 1575 5673 φωστὴρ
1599 5602 1703 5655 Βα-

247 5764 268 5824 ι
295 5767 421 5830 Cor.
454 5785 541 5834 xv,
573 5769 624 5824 9.

1825 3218 1902 3273 illi
1939 3219 2280 3288 potissimum
2303 3260 2317 3284 ,
2350 3219 2442 3289 qui
2481 3219 2552 3273 ob
2584 3218 2844 3273 humilem
2883 3218 2950 3272 de
2980 3215 3177 3286 seipsis
3206 3216 3397 3272 existi-

1824 3312 2119 3366 mationem
2164 3311 2362 3382 spiritu
2405 3312 2666 3366 sublimes
2698 3310 3015 3376 evaserint;
3051 3325 3173 3366 cum
3219 3309 3393 3378 ipsum

1822 3401 1968 3457 dicat
2017 3401 2410 3473 Evangelium:
2445 3401 2551 3468 Qui
2602 3418 2656 3457 se
2707 3401 2990 3468 humiliat,
3025 3400 3396 3456 axaltabitur:

1822 3494 1966 3549 haud
2012 3508 2286 3564 quaquam
2337 3508 2468 3550 sane
2514 3492 2898 3563 vituperandi,
2962 3495 3044 3548 vel
3093 3491 3392 3550 irridendi.

1824 3595 1920 3640 aut
1955 3585 2383 3657 reprehendendi
2442 3595 2597 3648 sunt,
2632 3586 2724 3658 qui
2776 3585 2953 3640 sancti
3005 3584 3169 3653 hujus
3217 3582 3396 3638 Patris

1822 3679 2054 3734 virtutes
2089 3687 2254 3748 atque
2286 3678 2534 3731 encomia
2570 3662 2948 3733 describentes
2970 3719 2985 3744 ,
3021 3677 3199 3747 ipsius
3234 3676 3394 3730 nobis

1820 3772 1988 3826 vitam
2025 3782 2284 3840 tanquam
2326 3771 2668 3840 spirantem,
2705 3778 2758 3824 et
2804 3771 3098 3823 animatam
3151 3769 3391 3837 aliquam

1820 3863 2129 3917 columnam
2180 3862 2415 3933 erigunt.
2460 3863 2591 3929 Quae
2634 3878 2761 3917 vero
2801 3862 3401 3928 commemoravimus,

1819 3967 2177 4023 nequaquam.
2204 3952 2340 4006 falsa
2376 3968 2499 4007 esse
2533 3952 2772 4022 prudens
2810 3953 3029 4006 auditor
3062 3960 3390 4021 cognoscet,

1818 4044 1862 4097 si
1893 4043 1985 4097 ubi
2020 4051 2333 4114 peroratum
2369 4042 2572 4106 fuerit,
2605 4043 2755 4096 varia
2792 4042 2966 4113 ipsius
3003 4042 3267 4096 virtutum
3302 4057 3398 4112 ge-.

1818 4149 1951 4189 nera
1981 4135 2290 4204 collegerit,
2337 4150 2402 4190 ex
2443 4134 2644 4204 quibus
2690 4149 2790 4190 nos
2833 4134 2984 4189 velut
3029 4133 3286 4205 pretiosis
3327 4148 3394 4186 ac

1818 4227 2053 4284 diversis
2099 4227 2337 4297 lapillis,
2385 4241 2630 4296 auroque
2668 4226 2986 4282 distinctam
3035 4234 3393 4283 contexentes

1817 4333 2078 4375 coronam
2099 4362 2114 4385 ,
2151 4325 2364 4389 gratum
2401 4327 2566 4388 atque
2599 4327 2844 4389 optatum
2878 4319 3085 4374 Christi
3131 4318 3393 4375 Ecclesia!

1818 4411 2022 4467 donum
2051 4411 2365 4469 oil'eremus.
2390 4409 2566 4466 Gestit
2589 4411 2790 4482 quippe
2814 4411 2904 4465 illa
2930 4426 2993 4466 ac
3016 4410 3218 4482 gaudet
3237 4411 3393 4480 ejus.

1820 4503 1966 4557 modi
1989 4517 2048 4556 se
2071 4501 2393 4558 muneribus
2419 4499 2694 4565 decorari,
2719 4502 3160 4574 quandocuuque
3187 4505 3391 4560 solem-

1819 4592 1906 4647 nis
1938 4591 2199 4647 memoria
2224 4591 2360 4660 justi
2392 4591 2720 4648 celebranda
2742 4594 3008 4647 occurrit.
3043 4593 3391 4665 Quapropter

1816 4700 1942 4739 cum
1970 4684 2045 4737 ita
2075 4683 2317 4737 circulus
2349 4682 2484 4738 ferat
2518 4683 2680 4748 anni,
2713 4691 2773 4736 ut
2807 4682 2966 4737 hodie
2991 4684 3392 4740 collaudandus

1818 4788 1883 4829 ac
1914 4773 2272 4828 cclcbrandus
2307 4771 2384 4828 sit
2403 4772 2560 4828 nobis
2586 4782 2812 4827 sanctus
2837 4771 3088 4844 Ephrazm
3110 4815 3124 4840 ,
3156 4774 3270 4830 ﬂeri
3298 4791 3392 4830 nev

1817 4868 1971 4938 quit,
1997 4866 2128 4937 quin
2157 4866 2362 4936 ingenti
2386 4880 2510 4920 cum
2532 4864 2736 4936 gaudio
2762 4875 3174 4921 monumentum
3207 4865 3388 4932 istud,

1819 4963 2127 5033 pignusque
2153 4960 2360 5014 amoris
2382 4960 2683 5029 suscipiat,
2711 4967 2767 5016 et
2793 4961 3173 5030 amplectatur.

1887 5053 2132 5121 Ephmm
2161 5051 2325 5122 igitur
2346 5051 2435 5106 ille
2465 5050 2594 5103 mihi
2615 5050 2976 5106 celebrandus
3003 5058 3107 5115 est,
3133 5051 3226 5120 qui
3255 5066 3391 5105 cun-

1816 5144 1919 5200 etis
1945 5142 2275 5199 Christianis
2318 5151 2566 5197 versatur
2595 5143 2648 5197 in
2677 5157 2792 5199 ore.
2824 5141 3072 5211 Ephrazm
3095 5185 3110 5208 ,
3144 5142 3388 5213 inquam,

1819 5235 1990 5308 Syrus
2021 5254 2034 5289 :
2066 5250 2244 5304 neque
2271 5233 2416 5289 enim
2445 5234 2592 5290 illius
2626 5248 2729 5289 nos
2760 5232 2925 5305 pudet
2963 5233 3199 5303 generis,
3226 5234 3388 5302 cujus

1814 5330 2151 5384 illustramur
2199 5325 2462 5381 moribus.
2519 5324 2788 5396 Ephrzem,
2847 5323 3005 5393 cujus
3058 5325 3182 5380 vitae
3228 5334 3392 5395 atque

1812 5419 2076 5474 doctrinae
2105 5416 2364 5487 splendor
2397 5418 2652 5472 universo
2697 5426 2966 5470 terrarum
3000 5415 3179 5470 illuxit
3232 5416 3385 5470 orbi:

1811 5521 1935 5560 nam
1988 5506 2040 5558 in
2075 5504 2224 5560 omni
2259 5503 2371 5561 fere
2400 5504 2538 5567 loco,
2571 5503 2663 5574 qui
2715 5501 3022 5557 illustratur
3052 5520 3081 5556 a
3112 5503 3252 5570 sole,
3287 5517 3388 5557 co,

1807 5601 2118 5671 gnoscitur;
2145 5597 2356 5669 illisque
2380 5597 2756 5654 tantummodo
2783 5597 3106 5669 incognitus.
3123 5581 3388 5667 remanet,
