3850 6390
431 264 536 328 89.3

1641 271 1702 327 S.
1747 269 2078 327 GREGORII
2125 269 2420 328 NYSSENI

3589 276 3698 344 εει

433 398 530 465 qui
566 409 816 465 magnum
845 392 1099 450 Ecciesia‘.
1123 395 1309 451 lumen
1335 393 1393 450 S.
1425 394 1684 449 Basilium
1733 393 2019 464 ignorant;

2141 390 2320 453 τίλειος
2345 407 2359 420 ⁸
2409 391 2668 462 Ἐφρατμ,
2717 394 2747 446 ό
2787 393 2974 464 νοητὸς
3019 393 3189 456 ὅντως
3232 392 3330 463 τῆς
3371 391 3702 461 Ἐκκλησίας

438 485 715 555 prraem,
745 493 906 540 notus
932 483 1022 540 ille
1054 500 1244 540 revera
1278 484 1537 541 Ecclesiae
1569 483 1892 553 Euphrates,
1925 499 2020 536 cu-

431 578 522 646 jus
552 575 710 646 aquis
740 575 964 647 irrigata
990 575 1430 632 Christianorum
1466 575 1780 640 multitudo,
1823 584 2013 630 centu-

435 670 586 740 plum
622 668 747 723 tidei
775 667 1013 723 fructum
1056 669 1326 740 producit.
1359 667 1632 738 Ephrazm,
1669 667 1866 722 fertilis
1927 667 2017 720 i!la

436 759 532 814 Dei
565 761 717 822 vitis,
757 775 882 831 qua:
909 760 1150 814 dulcium
1173 761 1347 817 instar
1365 775 1729 828 racemorum,
1758 759 2021 815 doctrina:

435 853 652 908 fructus
683 852 939 918 all’erens,
993 853 1248 910 Ecclesiae
1304 853 1448 908 filios
1511 852 1696 908 divina
1754 852 2022 907 charitate

438 949 687 1002 nutriens
708 947 1064 1018 explensque,
1091 946 1266 1002 reicit
1289 955 1450 1016 atque
1463 947 1718 1002 oblectat.
1746 945 2018 1016 Ephraam,

438 1038 618 1094 bonus
647 1046 700 1094 et
723 1038 907 1095 ﬁdelis
933 1038 1192 1094 Ecclesiae
1221 1038 1587 1109 dispensator,
1624 1040 1717 1109 qui
1752 1040 2018 1093 virtutum

438 1133 682 1186 rationes
732 1131 1015 1201 aequaliter
1040 1132 1322 1186 conservis
1362 1130 1720 1190 distribuens,
1752 1129 1844 1184 Dei
1869 1129 2025 1183 fami-

440 1225 567 1278 liam
589 1224 1015 1294 prudentissime
1033 1223 1400 1278 administrat.
1419 1221 1592 1294 Cujus
1609 1222 1828 1294 quidem
1851 1237 2024 1294 genus

441 1321 602 1382 atque
616 1315 946 1370 nobilitatem
966 1321 1077 1367 tum
1096 1313 1164 1368 ab
1179 1314 1297 1383 ipso
1314 1325 1664 1383 partam,tum
1680 1329 1709 1368 a
1725 1313 2026 1384 majoribus

441 1415 772 1475 susceptam,
798 1417 1192 1477 parentumque
1209 1408 1458 1478 gloriam,
1476 1423 1540 1462 ac
1551 1415 1752 1474 ortum,
1766 1409 2028 1463 eteducao

443 1503 674 1565 tionem,
690 1511 743 1556 et
760 1503 937 1556 aztatis
951 1502 1371 1565 incrementum,
1388 1511 1446 1556 et
1481 1502 1732 1572 corporis
1770 1502 2023 1568 formam,

441 1594 899 1648 etconditionem.
926 1601 980 1649 et
1013 1602 1180 1658 artes,
1215 1600 1269 1648 et
1299 1594 1505 1662 reliqua
1533 1610 1654 1664 quae
1680 1594 1748 1648 ab
1765 1593 2006 1649 externis

444 1686 802 1755 scriptoribus
817 1693 1074 1756 tanquam
1091 1687 1309 1740 maximi
1330 1688 1586 1741 momenti
1603 1687 1655 1740 in
1669 1685 1921 1742 laudibus
1937 1701 2025 1742 re-

443 1776 654 1829 censeri
692 1777 888 1839 solent,
924 1791 1022 1832 nos
1050 1776 1139 1830 hic
1167 1777 1220 1830 in
1249 1777 1484 1831 medium
1519 1777 1770 1848 proferre
1827 1793 2021 1846 super-
2060 1757 2101 1810 Β

444 1880 740 1922 vaeaneum
769 1869 1140 1923 arbitramur:
1175 1886 1297 1924 cum
1341 1885 1518 1938 neque
1571 1878 1791 1924 sanctos
1845 1869 2023 1924 homi-

442 1973 542 2015 nes
571 1960 638 2014 ab
697 1959 963 2030 ejusmodi
1003 1961 1226 2015 laudare
1265 1962 1431 2016 rebus
1488 1969 1751 2016 statutum
1809 1963 1900 2016 sit.
1958 1961 2025 2016 Et

443 2064 756 2119 quanquam
781 2052 846 2104 ad
865 2051 1009 2105 hunc
1030 2051 1476 2115 collaudandum,
1513 2053 1638 2108 inde
1653 2052 1816 2107 etiam
1851 2054 2024 2108 abun-

2118 483 2428 554 Εὐφράτης,
2454 483 2513 550 ἐξ
2539 480 2602 538 οὗ
2620 485 2683 537 τὸ
2705 485 2817 539 τῶν
2845 485 3054 539 πιστῶν
3075 485 3538 556 καταρδευόμενον
3564 484 3705 554 πλήο

2119 594 2279 648 ρωμα
2311 578 2392 640 είς
2421 577 2614 632 ἑκατὸν
2642 579 2932 634 ἀποδίδωσι
2959 580 3049 633 τὸν
3073 579 3273 650 σπόρον
3301 579 3397 648 τῆς
3419 577 3656 639 πίστεως
3681 591 3698 606 ·

2131 669 2389 741 Ἐφραῒμ,
2417 671 2455 741 ἡ
2501 671 2804 742 πολύφορος
2843 672 2938 726 τοῦ
2992 671 3128 726 Θεοῦ
3167 670 3430 742 ἄμπελος,
3467 672 3500 741 ἡ
3541 670 3702 739 δίκην

2121 759 2364 830 βοτρύων
2417 760 2698 832 γλυκερῶν
2745 763 2990 834 καρποὺς
3039 759 3274 816 ἀνθοῦσα
3333 759 3697 822 διδασκαλίας,

2121 852 2213 904 καί
2253 853 2380 916 τοὺς
2433 854 2532 923 τῆς
2583 853 2908 924 Ἑκκλησίας
2948 852 3245 925 τροφίμους
3274 851 3350 922 τῷ
3400 852 3544 922 κόρῳ
3598 849 3699 921 τῆς

2122 943 2271 1005 θείας
2293 944 2512 1016 ἀγάπης
2532 945 2920 1016 εύφραίνουσα·
2958 945 3218 1016 Ἐφραῒμ,
3246 948 3274 998 6
3299 944 3460 1007 καλὸς
3486 945 3579 998 καὶ
3603 960 3700 998 ut-

2125 1036 2248 1100 στος
2276 1037 2559 1109 οίκονόμος
2587 1038 2688 1109 τῆς
2719 1039 2961 1110 χάριτος,
2989 1042 3020 1094 ό
3054 1039 3178 1102 τοὺς
3211 1038 3400 1106 λόγους
3432 1036 3539 1090 τῶν
3569 1037 3701 1106 aps-

2124 1129 2231 1183 τῶν
2263 1129 2539 1198 ἀναλόγως
2581 1134 2695 1194 τοῖς
2729 1131 3038 1202 ὁμοδούλοις
3084 1128 3438 1202 σιτομετρῶν.
3467 1129 3562 1184 καὶ
3603 1127 3700 1196 τὴν

2123 1222 2450 1293 δεσποτικὴν
2474 1224 2651 1278 οὶκίαν
2689 1224 3139 1295 οίκονομούμενος
3163 1224 3377 1294 άριστα.
3423 1217 3498 1276 Οὖ
3529 1221 3588 1274 τὸ
3613 1220 3704 1286 γέ-

2125 1333 2214 1380 νος
2240 1318 2334 1370 καὶ
2356 1316 2454 1388 τὴν
2480 1317 2854 1388 ὲνεγκαμένην
2887 1318 2980 1372 καὶ
3013 1318 3292 1388 προγόνων
3322 1315 3703 1386 περιφάνειαν,

2127 1408 2222 1462 καὶ
2249 1407 2586 1480 γεννητόρων
2611 1408 2880 1471 εὔκλειαν,
2922 1409 3017 1463 καὶ
3051 1409 3322 1480 γέννησιν,
3347 1406 3442 1460 καὶ
3469 1407 3705 1474 ἀνατροο

2130 1501 2258 1570 φὴν.
2287 1503 2382 1556 καὶ
2411 1503 2639 1574 αὔξησιν
2667 1503 2902 1574 ἡλικίας,
2937 1505 3032 1558 καὶ
3062 1501 3373 1572 σωματικὴν
3401 1499 3706 1570 ἐπιτηδειό-

2129 1609 2290 1663 τητα,
2321 1595 2415 1646 καὶ
2445 1593 2636 1666 τύχην,
2668 1597 2761 1648 καὶ
2794 1595 3010 1664 τέχνας,
3040 1594 3136 1647 καὶ
3164 1594 3233 1646 τά
3277 1591 3439 1645 λοιπὰ
3468 1590 3575 1643 τῶν
3603 1588 3708 1653 ἔξω

2129 1685 2484 1758 λογογράφων
2528 1688 2890 1759 ὲρανιζόμενα
2932 1691 3042 1750 τοῖς
3094 1686 3337 1748 ὲπαίνοις
3380 1682 3700 1754 σεμνολογήο

2135 1797 2300 1850 ματα,
2335 1780 2586 1850 περιττὸν
2625 1783 2708 1843 είς
2744 1780 2908 1850 μέσον
2944 1782 3095 1848 ἄγειν
3126 1778 3596 1848 ὑποτοπήσαντεςο
3624 1775 3708 1827 ὅτι

2135 1871 2208 1941 μὴ
2239 1872 2362 1934 τοὺς
2393 1871 2567 1934 Θείους
2609 1871 2809 1942 ἄνδρας
2844 1873 3006 1943 ἡμεῖς
3043 1874 3107 1924 ἐκ
3136 1869 3244 1923 τῶν
3269 1869 3524 1922 τοιούτων
3549 1869 3708 1920 ὲπαιρ

2130 1967 2241 2016 νεῖν
2272 1963 2716 2035 παρειλήφαμεν·
2740 1965 2844 2019 κᾶν
2877 1967 2942 2017 ἐκ
2968 1963 3281 2034 περιουσίας
3306 1961 3453 2032 αὑτῷ
3481 1957 3710 2014 κάντεῦ-

2131 2054 2222 2108 θεν
2245 2056 2478 2127 ὑπάρχει
2520 2055 2582 2108 τὸ
2617 2057 2948 2123 ἀξιέπαινον,
2981 2056 3039 2122 ἐξ
3077 2049 3154 2109 ὧν
3181 2054 3340 2118 αὐτὸς
3377 2052 3569 2107 ἑαυτὸν
3608 2068 3708 2104 πεο

444 2142 512 2196 de
551 2143 712 2197 nobis
766 2153 1084 2214 argumenta
1134 2153 1449 2214 suppetant,
1509 2160 1618 2199 non
1667 2145 1790 2200 aliis
1837 2153 2017 2200 tamen

2141 2147 2324 2217 ιιφανῆ
2356 2147 2454 2219 βίῳ
2477 2165 2533 2201 τε
2563 2149 2657 2202 καὶ
2681 2148 2824 2220 λόγῳ
2845 2149 3268 2213 κατεσκεύασεν,
3293 2149 3358 2200 ὲκ
3379 2145 3585 2199 τούτων
3611 2144 3707 2197 καὶ

443 2235 549 2290 νίἰε
585 2250 650 2290 ac
677 2235 1008 2300 rationibus,
1035 2250 1198 2304 quam
1249 2235 1452 2304 quibus
1501 2237 1617 2304 ipse
1661 2237 1771 2289 vita
1805 2243 1860 2290 et
1915 2236 2016 2289 do-

2141 2239 2284 2306 jpsi;
2307 2237 2454 2308 αύτῷ
2478 2235 2568 2291 τδν
2588 2238 2682 2291 τοῦ
2711 2239 2870 2308 λόγου
2896 2239 3155 2307 στέφανον
3179 2237 3555 2308 ἀναδήσωμεν.
3581 2235 3704 2288 Τῶν

443 2330 618 2383 ctrina
640 2328 908 2382 illustrem
934 2343 992 2383 se
1019 2327 1275 2391 reddidit,
1307 2341 1567 2381 coronam
1591 2327 1858 2382 orationis
1887 2342 2020 2381 con-

444 2428 717 2475 texamus.
781 2417 936 2474 Verte
989 2422 1190 2489 quippe
1227 2418 1414 2474 laudes
1454 2419 1506 2471 iu
1561 2418 1630 2472 iis
1689 2417 2017 2483 consistunt,

445 2526 568 2580 qua:
597 2511 652 2565 in
693 2511 854 2565 nobis
886 2509 1022 2580 ipsis
1050 2517 1181 2564 sunt
1213 2509 1429 2578 posita;
1463 2517 1626 2577 atque
1662 2507 1772 2564 illis
1815 2507 2021 2562 deben-

2123 2329 2207 2397 ὲτρ⁹
2226 2330 2358 2400 ἡμῖν
2380 2329 2486 2401 γάρ
2505 2331 2554 2382 οί
2579 2330 2809 2392 ἔπαινοι,
2834 2330 3051 2386 καὶτῶν
3073 2327 3432 2396 αὐτεξουσίων
3450 2326 3519 2378 τὰ
3542 2324 3682 2396 γέρα
3696 2367 3709 2378 .

2123 2420 2246 2474 Τῶν
2283 2422 2756 2494 ἀπηριθμημένων
2784 2422 2862 2488 δὲ,
2912 2425 3008 2476 καὶ
3051 2423 3208 2492 ψόγοι
3258 2419 3577 2490 παράλογοι,
3610 2417 3704 2469 καὶ

2123 2512 2390 2582 εὐφημίαι
2419 2515 2772 2586 ἀνάρμοστοι.

443 2615 536 2660 tur
561 2606 958 2674 praamia,qua=:
983 2619 1050 2659 ex
1091 2610 1281 2658 nostra
1344 2599 1774 2670 proﬁciscuntur
1836 2601 2134 2657 voluntate.
2210 2603 2407 2661 Earum
2457 2617 2637 2664 autem
2693 2624 2900 2672 rerum,
2953 2622 3092 2678 quas
3149 2607 3708 2661 commemoravimus

445 2703 501 2752 et
535 2697 965 2766 vituperationes
992 2703 1122 2750 sunt
1151 2694 1323 2758 falsae,
1349 2702 1404 2748 et
1437 2693 1624 2748 laudes
1647 2695 1862 2765 inepta.

517 2793 638 2862 Quo
683 2795 830 2851 enim
862 2804 1026 2864 pacto
1079 2810 1145 2849 ex
1179 2808 1380 2864 genere
1442 2793 1653 2846 laudari
1714 2793 1880 2857 volet,
1934 2794 2026 2861 qui

445 2903 662 2945 omnem
725 2887 912 2942 mundi
964 2887 1306 2942 nobilitatem
1343 2902 1407 2941 ac
1463 2900 1719 2956 pompam
1755 2885 2028 2955 despexit,

447 2991 505 3038 et
549 2997 647 3052 per
675 2982 881 3052 optima
935 2995 1120 3051 Opera.
1161 2978 1254 3034 Dei
1290 2979 1436 3035 illius
1497 2978 1616 3036 ﬁeri
1677 2977 2034 3048 concupivit?

449 3073 738 3140 Quomodo
805 3073 876 3128 ob
900 3073 1132 3143 patriam
1189 3088 1250 3128 se
1297 3071 1540 3140 patiatur
1589 3071 1881 3131 celebrari,
1939 3071 2031 3136 qui

451 3175 624 3221 totum
656 3165 920 3220 mundum
948 3164 1014 3218 ad
1049 3179 1108 3219 se
1138 3164 1412 3234 pertinere
1442 3178 1550 3218 non
1613 3165 1848 3220 censuit.
1912 3165 2035 3232 quia

361 3258 381 3298 ί³
451 3259 912 3329 quematerialem
929 3265 1240 3312 creaturam
1271 3266 1532 3326 tanquam
1562 3255 1842 3308 inimicam
1869 3269 2030 3314 aver-

370 3364 378 3375 '
453 3336 608 3407 saqu
637 3359 742 3415 est,
772 3349 1371 3420 propterimmortalem
1398 3349 1590 3417 quain
1612 3348 1767 3404 cmlis
1801 3347 2035 3416 reposita

453 3451 559 3506 est,
595 3441 1038 3496 beatitudinem?
1077 3441 1187 3494 Aut
1216 3439 1493 3510 quomodo
1521 3439 1792 3509 majorum
1835 3454 2037 3507 paren-

403 3567 407 3574 ι
454 3544 645 3592 tumve
677 3534 1000 3590 celebritate
1029 3535 1356 3596 delectetur,
1383 3534 1478 3602 qui
1521 3535 1768 3603 corporis
1799 3533 2039 3587 all‘eetio-

454 3645 604 3695 nem,
633 3628 920 3699 ipsamque
952 3612 1246 3681 animalem
1306 3625 1492 3680 carnis
1544 3625 1873 3687 tuniculam,
1917 3635 2040 3678 tan.

455 3735 622 3790 quam
653 3719 974 3774 celerrimus
999 3717 1066 3771 ad
1094 3717 1352 3772 virtutem
1377 3731 1578 3772 cursus
1632 3717 2040 3785 impedientem,

457 3826 685 3880 prorsus
724 3809 1139 3881 pessumdedit?
1167 3825 1278 3878 quo
1320 3808 1557 3878 denique
1610 3816 1790 3878 pacto,
1821 3818 1914 3862 aut
1976 3823 2043 3864 ex

459 3905 709 3976 corporis
743 3905 1106 3965 incremento,
1148 3908 1242 3954 aut
1281 3900 1628 3962 educatione,
1669 3909 1762 3953 aut
1787 3915 1850 3953 ex
1906 3899 2044 3952 arti-

459 3999 586 4058 bus,
620 3996 813 4049 aliisve
844 3993 967 4062 ejus
995 3990 1212 4063 generis
1252 3990 1378 4044 vita!
1415 3989 1612 4046 studiis
1675 3987 1925 4056 abiectis,
1987 4003 2045 4044 se

461 4087 716 4142 exornari
743 4087 926 4152 sinat;
967 4084 1057 4154 qui
1082 4083 1196 4153 jam
1235 4081 1359 4137 inde
1382 4096 1410 4136 a
1433 4082 1732 4151 pueritiam
1759 4095 2044 4138 sacrarum

464 4182 876 4252 Scripturarum
910 4177 1265 4233 meditatione
1299 4177 1591 4238 educatus,
1624 4183 2044 4239 etexcrescens,

465 4284 629 4344 atque
658 4289 721 4328 ex
743 4271 1072 4342 perennibus
1095 4271 1280 4340 gratia:
1311 4269 1550 4324 fontibus
1567 4267 1784 4329 bibens,
1812 4268 1880 4323 ad
1897 4285 2050 4323 meo.

465 4380 649 4422 suram
673 4366 847 4420 aetatis
861 4363 1089 4427 Christi,
1114 4371 1173 4418 ut
1197 4377 1320 4419 cum
1334 4361 1597 4432 Apostolo
1622 4361 1835 4431 loquar,
1855 4375 2048 4430 perve-

465 4460 586 4514 nire
603 4457 808 4514 studuit
828 4458 997 4510 ‘itlum
1011 4471 1143 4525 ergo
1157 4433 1472 4510 noverimus
1485 4468 1740 4524 magnum
1761 4453 1906 4508 hunc
1951 4467 2050 4506 no.-

2206 2796 2331 2860 Πῶς
2366 2797 2477 2870 γὰρ
2517 2789 2673 2860 οὗτος
2716 2795 2826 2850 ἀπὸ
2865 2797 3055 2867 γένους
3097 2795 3536 2866 ἐγκωμιάζεσθαι
3577 2811 3713 2848 κατ-

2134 2885 2370 2953 εδέξατο,
2403 2891 2432 2943 6
2465 2890 2646 2943 πᾶσαν
2687 2890 2958 2959 κοσμικὴν
3003 2889 3276 2957 εὐγένειαν
3303 2887 3713 2959 βδελυξάμενος,

2135 2983 2232 3037 καὶ
2259 2979 2448 3035 τέκνον
2484 2979 2620 3034 Θεοῦ
2647 2981 2713 3034 δι’
2739 2980 3061 3050 ἀναλήψεως
3090 2980 3265 3051 ἔργων
3298 2981 3535 3049 ἀρίστων
3560 2977 3714 3048 γενι-

2139 3073 2262 3127 σθαι
2291 3075 2816 3142 κατασπασάμενος;
2855 3073 2925 3126 Ἦ
2955 3070 3075 3136 πῶς
3096 3073 3205 3124 ἀπὸ
3228 3072 3481 3142 πατρίδος
3511 3070 3714 3142 σεμνύ⁹

2137 3165 2342 3227 νεσθαι,
2366 3167 2395 3218 6
2422 3166 2602 3219 πᾶσαν
2643 3165 2742 3235 τὴν
2770 3165 2872 3236 γῆν
2906 3164 3192 3235 ἀλλοτρίαν
3218 3165 3411 3220 ἑαυτοῦ
3434 3164 3717 3236 λογιζόμε-

2137 3277 2258 3324 νος,
2285 3261 2382 3313 καὶ
2410 3260 2486 3322 ὼς
2511 3259 2706 3330 ἔχθραν
2733 3258 2830 3329 τὴν
2861 3260 3051 3328 ύλικὴν
3086 3259 3262 3312 κτίσιν
3307 3260 3718 3330 ἀποστρεφόμεο

2138 3369 2248 3415 νος.
2295 3351 2384 3406 διὰ
2417 3351 2512 3421 τὴν
2551 3353 2608 3404 ὲν
2651 3352 2896 3422 οὐρανοῖς
2929 3353 3297 3424 ἀποκειμένην
3338 3353 3504 3406 ἀΐδιον
3541 3370 3715 3423 μακα-

2144 3445 2395 3517 ριότητα;
2432 3443 2555 3506 Πῶς
2587 3443 2644 3496 δὲ
2683 3444 2844 3499 πάλιν
2882 3445 2975 3498 ἐπὶ
3005 3445 3282 3517 προγόνων
3312 3447 3345 3518 ἦ
3376 3447 3714 3519 γεννητόρων

2141 3535 2390 3606 ήδυνθείη
2423 3535 2660 3607 εὐκλείᾳ,
2687 3535 2716 3587 6
2752 3535 3071 3607 σωματικὴν
3110 3535 3294 3599 ἁπλῶς
3322 3537 3716 3605 καταπατήσας

2141 3627 2536 3699 προσπάθειαν,
2589 3629 2685 3682 καὶ
2736 3627 2868 3682 αὐτὸ
2915 3628 2976 3682 τὸ
3019 3628 3250 3699 ψυχικὸν
3295 3627 3560 3699 χιτώνιον,
3595 3628 3716 3697 ἦτοι

2145 3720 2365 3790 σαρκίον
2422 3719 2776 3791 βαρούμενος,
2811 3719 2886 3784 ὡς
2935 3721 3185 3790 ἐμποδὼν
3238 3720 3386 3791 αὑτῷ
3429 3721 3564 3791 πρὸς
3591 3722 3719 3782 τοὺς

2142 3813 2241 3881 τῆς
2285 3812 2488 3884 ἀρετῆς
2531 3813 2822 3877 ὀξυτάτους
2870 3813 3256 3883 εὑρισκόμενον
3294 3813 3558 3884 δρόμους
3592 3813 3719 3876 Πῶς

2143 3905 2200 3958 δὲ
2233 3905 2371 3966 ὅλως
2396 3906 2460 3958 ἐκ
2507 3904 2820 3975 σωματικῆς
2848 3903 3126 3974 αὐξήσεως
3158 3907 3251 3958 κού⁵
3289 3908 3654 3978 ἀναστροφῆς.
3685 3905 3719 3976 ἢ

2146 3995 2598 4066 ἐπιτηδειότητος,
2624 3994 2657 4064 ἢ
2686 3995 2900 4065 τέχνης,
2927 3996 2960 4065 ἡ
2985 4012 3127 4056 τινος
3160 3995 3322 4065 ἀλλης
3343 3995 3721 4052 καταπτύστου

2147 4089 2426 4160 θελήσειεν
2449 4087 2786 4142 ἐπαινεῖσθαι
2815 4088 2942 4159 περὶ
2972 4087 3060 4140 τὸν
3089 4088 3203 4157 βίον
3235 4087 3506 4158 ἀσχολίας,
3537 4087 3567 4137 6
3590 4104 3723 4156 τρα-

2148 4183 2270 4252 φεὶς
2312 4181 2411 4248 μὲν
2430 4181 2496 4233 ἐκ
2526 4179 2746 4251 πρώτης
2774 4181 3007 4251 ἡλικίας,
3040 4183 3134 4234 καὶ
3159 4180 3412 4252 αὐξηθεὶς
3441 4183 3498 4234 ὲν
3518 4183 3584 4250 τῇ
3616 4181 3725 4233 τῶν

2147 4271 2309 4326 θείων
2344 4270 2540 4340 μελέτῃ
2571 4270 2825 4340 Γραφῶν,
2859 4271 3134 4335 ποτισθεὶς
3156 4271 3210 4324 δὲ
3239 4275 3350 4334 τοῖς
3376 4271 3473 4341 τῆς
3503 4272 3726 4342 χάριτος

2149 4365 2399 4433 ἀεννάοις
2437 4365 2662 4436 ὀχετοῖς,
2685 4367 2776 4420 καὶ
2807 4365 2940 4436 πρὸς
2964 4365 3162 4436 μέτρον
3189 4365 3424 4436 ἡλικίας,
3447 4363 3728 4421 ἀποστολιο

2152 4457 2262 4521 κῶς
2293 4460 2486 4521 εἰπεῖν,
2523 4457 2734 4528 φθάσας
2773 4456 3042 4528 Χριστοῦ;
3090 4457 3302 4522 Είδότες
3347 4453 3439 4512 οὖν
3468 4459 3628 4527 ἡμεῖς
3651 4457 3728 4521 ὡς

467 4560 642 4606 atrum
670 4548 886 4601 Patrem
915 4547 1164 4602 ridiculis
1194 4547 1261 4601 iis
1293 4546 1566 4608 laudibus,
1618 4544 1820 4612 quibus
1873 4545 2034 4598 homi‘

2153 4550 2212 4602 οὐ
2246 4549 2424 4620 χαίρει
2457 4551 2568 4610 τοῖς
2592 4549 2850 4613 τοιούτοις
2886 4553 2915 4603 6
2942 4550 3114 4620 μέγας
3145 4549 3335 4620 Πατὴρ
3365 4549 3517 4619 ἡμῶν
3555 4565 3729 4617 μεγαο

468 4655 569 4694 nes
601 4638 785 4694 sensui
823 4653 887 4691 ac
921 4638 1139 4707 corpori
1193 4637 1360 4691 dediti
1404 4637 1720 4705 capiuntur,
1777 4635 2048 4690 cumulari

473 4731 650 4796 nolle;
675 4745 740 4783 ex
774 4729 1010 4798 propriis
1040 4742 1163 4782 eum
1197 4727 1483 4781 laboribus
1512 4726 1705 4781 saltem
1753 4724 2044 4781 mediocri-

472 4834 556 4878 ter
578 4821 858 4876 celebrare
888 4820 1212 4873 conabimur
1241 4837 1254 4872 :
1311 4834 1490 4888 neque
1528 4821 1674 4872 enim
1713 4820 1892 4874 oratio
1925 4832 2046 4872 eam

473 4915 637 4969 habet
659 4921 933 4977 naturam,
969 4921 1028 4966 ut
1061 4927 1229 4982 supra
1267 4913 1410 4967 vires
1468 4913 1803 4966 intendatur.
1843 4912 2051 4979 Quams-

471 5009 660 5063 obrem
726 5007 1056 5068 adnitamur,
1115 5012 1173 5056 ut
1236 5019 1412 5075 neque
1465 5003 1694 5057 infantia
1745 5005 2050 5074 praepediti,

471 5113 594 5167 quze
632 5097 699 5150 de
730 5112 796 5151 eo
825 5094 1054 5149 dicenda
1083 5102 1234 5157 sunt,
1263 5093 1482 5148 silentio
1514 5094 1902 5158 involvamus;
1957 5108 2051 5148 ne-

473 5205 582 5260 que
607 5206 700 5258 per
733 5188 982 5243 semitam
1010 5186 1247 5256 aliquam
1272 5203 1311 5239 ta
1343 5186 1565 5240 Patrum
1600 5186 1870 5248 institutis
1920 5185 2045 5239 alie-

475 5298 600 5336 nam
638 5281 975 5344 incedentes,
1007 5295 1039 5332 a
1092 5280 1177 5334 via
1225 5278 1578 5333 deﬂectamus
1627 5279 1809 5349 regia:
1866 5292 2052 5332 verum

477 5375 622 5426 inter
671 5383 960 5442 utramque
1017 5382 1480 5434 transcurrentes,
1535 5371 1870 5432 conveniens
1930 5384 2057 5423 ora-

475 5469 613 5523 tioni
644 5476 844 5521 nostrae
869 5472 1358 5536 temperamentum
1392 5463 1771 5516 adhibeamus.

550 5560 873 5626 Cujusmodi
901 5567 1081 5613 autem
1133 5567 1261 5612 sunt
1321 5555 1430 5618 illa,
1485 5570 1606 5623 quae
1634 5554 1702 5608 ad
1757 5561 2058 5608 contexen-

479 5653 605 5707 dam
650 5653 770 5719 ejus
825 5652 1189 5705 laudationem
1246 5649 1403 5703 nobis
1458 5644 1844 5717 preposuimus
1895 5655 2058 5713 atque

482 5742 1057 5814 subjceimus?Aotio
1116 5757 1310 5811 nempe
1363 5748 1416 5795 et
1441 5735 1851 5808 contemplatio,
1915 5754 2055 5808 quas

2152 4640 2424 4706 λύνεσθαι,
2453 4636 2645 4714 οἷσπερ
2676 4645 2724 4696 oi
2769 4645 3087 4712 σωματικοὶ,
3120 4642 3538 4708 καταγελάστοις
3573 4639 3730 4694 ἐπαί-

2153 4749 2284 4797 νοις,
2316 4733 2380 4786 ὲκ
2410 4731 2521 4785 τῶν
2549 4733 2764 4786 οἰκείων
2784 4733 2944 4786 αὐτὸν
2973 4733 3169 4796 πόνων,
3199 4731 3299 4785 κᾶν
3329 4731 3457 4800 γοῦν
3493 4731 3731 4802 μετρίως

2154 4824 2504 4896 πειραθῶμεν
2539 4825 2937 4895 ἀποσεμνῦναι·
2979 4827 3039 4878 ού
3079 4825 3186 4898 γὰρ
3219 4825 3331 4894 ἔχει
3381 4822 3541 4892 φύσιν
3573 4824 3600 4875 6
3636 4821 3721 4875 λό-

2155 4935 2249 4987 γος
2287 4920 2398 4979 τοῖς
2452 4917 2592 4988 ὑπὲρ
2635 4916 2858 4986 δύναμιν
2914 4915 3337 4970 ἐπεκτείνεσοαι.
3387 4916 3472 4976 Ὠς
3510 4913 3575 4966 ἂν
3635 4907 3732 4964 οὖν

2161 5011 2298 5079 μήτε
2325 5008 2418 5062 τὸν
2463 5011 2726 5080 ἡμέτερον
2773 5008 2936 5061 πόθον
2975 5009 3006 5078 ἡ
3056 5008 3268 5076 ἀφωνία
3315 5006 3552 5076 πεδήσῃ,
3602 5003 3730 5074 μήτ’

2153 5097 2220 5162 αὖ
2258 5101 2416 5160 πάλιν
2447 5101 2602 5170 ξένην
2627 5099 2812 5170 τρίϐον
2841 5098 2949 5152 τῶν
2974 5098 3230 5167 Πατέρων
3266 5095 3556 5161 ὁδεύοντες,
3587 5091 3735 5163 βασι-

2155 5194 2310 5264 λικῆς
2337 5193 2782 5264 παρασφαλῶμεν
2810 5192 2951 5257 ὁδοῦ,
2995 5193 3063 5244 τὰ
3090 5189 3456 5262 παρεκτρίϐια
3489 5187 3732 5241 διαθέον-

2157 5301 2267 5347 τες,
2297 5282 2373 5353 τῷ
2401 5281 2608 5353 μετρίῳ
2633 5283 2724 5338 τὸν
2750 5282 2905 5350 λόγον
2936 5282 3410 5351 φιλοτεχνήσομεν.

2233 5550 2299 5602 Τί
2335 5549 2392 5602 δὲ
2429 5548 2498 5606 τὰ
2523 5547 2734 5611 τούτου,
2773 5547 2838 5600 δι’
2867 5539 2941 5602 ὧν
2967 5545 3230 5615 teneam
3259 5543 3351 5598 τὸν
3387 5544 3610 5598 ἔπαινον
3637 5544 3739 5598 ὑπο

2162 5639 2427 5709 εθέμεοα;
2473 5639 2675 5710 Πρᾶξις
2719 5639 2810 5692 καὶ
2837 5639 3057 5708 Θεωρία,
3094 5633 3182 5700 αἷς
3208 5639 3236 5689 6
3261 5637 3402 5690 κατά
3434 5636 3598 5706 μέρος
3628 5637 3735 5689 τῶν

2163 5733 2372 5801 ἀρετῶν
2423 5731 2582 5802 ἐσμὸς
2629 5731 3000 5795 ἐπακολουθεῖ,
3056 5730 3250 5795 πίστις,
3300 5727 3471 5793 ἐλπὶς,
3523 5728 3734 5799 ἀγάπη,
