3850 6422
92 302 210 362 825

1131 310 1218 364 DE
1258 309 1424 365 VITA
1464 311 1523 367 S.
1566 310 1817 369 PATRIS
1855 311 2163 367 EPHRZEM
2203 312 2383 370 SYRI.

3265 312 3370 368 826

94 422 359 477 εὐσέϐεια
389 426 469 489 εἰς
498 426 652 493 Θεὸν,
694 429 890 500 μελέτη
923 430 1032 485 τῶν
1060 431 1218 486 θείων
1249 432 1504 503 Γραφῶν,
1528 435 1679 503 ἁγνι-

1787 434 2053 489 virtntum
2080 448 2310 490 examen
2333 436 2713 508 consequitur,
2745 433 2902 501 fides,
2928 450 3075 507 spes,
3099 434 3365 501 charitas,

96 517 243 587 σμὸς
275 518 455 590 ψυχῆς
480 521 576 572 καὶ
606 520 875 591 σώματος,
913 524 1124 596 δάκρυα
1161 524 1407 596 διηνεκῆ,
1447 525 1691 598 ἐρημικὴ

94 609 407 675 διαδίωσις,
451 614 484 681 ἡ
527 613 591 666 ὲκ
635 615 800 668 τόπου
830 616 909 678 είς
936 617 1101 672 τόπον
1143 616 1511 688 ἀναχώρησις,
1542 617 1693 688 φυγὴ

94 700 212 753 τῶν
244 702 579 768 ὲπιὸλαόῶν,
614 705 927 761 διδασκαλία
966 708 1210 771 ἀένναος,
1240 709 1517 781 προσευχὴ
1547 711 1688 763 ἀκα-

94 792 439 859 τάπαυστος,
473 798 694 867 νηστεία
731 800 824 853 καὶ
864 801 1141 871 ἀγρυπνία
1178 801 1373 873 μέτρον
1403 803 1502 855 οὐκ
1535 801 1689 873 ἐχου-

98 902 217 950 σαι,
261 889 531 958 χαμευνία
576 892 670 945 καὶ
709 893 1098 965 σκληραγωγία
1133 894 1290 963 λόγον
1329 894 1690 965 ὑπερϐαίνου-

97 993 217 1044 σαι,
243 980 600 1053 άκτημοσύνη
622 984 717 1037 καὶ
756 986 1080 1050 ταπείνωσις
1107 988 1184 1048 εἰς
1212 985 1380 1057 ἄκρον
1404 985 1686 1050 ἐλάσασαι,

96 1068 444 1143 ἐλεημοσύνη
467 1074 566 1144 τῆς
595 1076 810 1143 φύσεως
847 1077 1009 1131 αὐτὸν
1033 1078 1133 1148 τῆς
1166 1078 1512 1150 ἀνθρωπίνης
1536 1078 1688 1144 ἐξαί-

102 1178 300 1231 Ρουσαν
349 1164 510 1235 ζῆλος
548 1166 727 1231 ἔνθεος
754 1169 864 1224 τῶν
910 1170 1053 1224 κατὰ
1098 1171 1195 1240 τῆς
1234 1170 1512 1233 εύσεόείας
1563 1169 1689 1222 λυτο

97 1252 323 1307 τῶντων
348 1273 360 1285 ·
393 1258 508 1321 καὶ,
539 1258 725 1323 ἁπλῶς
753 1263 947 1326 εἰπεῖν,
976 1264 1084 1315 πᾶν
1118 1263 1146 1315 ὅ
1169 1280 1219 1315 τι
1249 1263 1391 1316 κατὰ
1419 1261 1552 1316 Θεὸν
1576 1258 1687 1315 οἶδε

98 1350 531 1421 χαρακτηρίζειν
583 1352 885 1423 ἄνθρωπον.
922 1356 1047 1418 Τοῖς
1088 1354 1349 1418 τοιούτοις
1393 1354 1633 1418 ἐπαίνοις
1658 1356 1687 1408 ὁ

95 1442 376 1512 ἡμέτερος
408 1443 596 1515 Πατὴρ
641 1445 958 1516 ὡραΐζεται,
993 1447 1087 1499 καὶ
1128 1446 1389 1514 γινώσκει
1430 1445 1499 1499 τά
1530 1446 1688 1515 λεγό-

98 1551 265 1602 μενα,
317 1538 412 1587 καὶ
461 1538 528 1589 τά
575 1540 749 1592 οἰκεῖα
799 1539 1085 1593 ἐπίσταται
1139 1543 1549 1612 προτερήματα,
1590 1543 1685 1595 xui.

97 1628 323 1696 στέργει
368 1630 495 1692 τοὺς
536 1630 748 1698 λόγους.
781 1631 858 1693 ὡς
906 1632 1173 1698 ὠφελείας
1228 1634 1540 1703 προξένους,
1585 1635 1685 1687 ούκ

95 1718 273 1788 αὐτῷ,
310 1712 426 1773 ἀλλ’
460 1724 589 1791 ἡμῖν
612 1739 624 1753 ο
658 1722 778 1774 ἐπεὶ
812 1724 905 1776 καὶ
935 1724 1063 1793 ψιλὴ
1104 1726 1290 1778 τούτου
1320 1727 1680 1797 προσηγορία,

96 1812 360 1875 ὑπόθεσις
392 1815 593 1884 ἀρετῆς
614 1818 726 1877 τοῖς
752 1817 1058 1880 σπουδαίοις
1096 1818 1434 1872 καθίσταται.
1467 1821 1541 1873 Οὐ
1573 1821 1684 1890 γὰρ

94 1903 325 1957 ἄλλοθεν
364 1906 722 1976 δεδιδάγμεθα
752 1909 999 1978 ταῦτα,ἢ
1035 1911 1091 1976 ἐξ
1133 1907 1206 1963 ὧν
1249 1911 1412 1972 αὐτὸς
1453 1911 1519 1964 τὰ
1556 1912 1683 1982 περὶ

95 1995 298 2047 ἑαυτοῦ
320 1996 497 2065 λόγοις
522 2000 897 2070 κατέσπειρεν.
944 2001 1059 2070 Ἀφ’
1081 1996 1156 2057 ὧν
1185 2005 1343 2072 ἡμεῖς
1371 2003 1446 2065 ὼς
1470 2007 1501 2076 ἡ
1532 2007 1685 2059 ἐπαι-

93 2086 227 2155 νετὴ
263 2087 511 2157 μέλισσα,
572 2092 635 2142 ὲκ
688 2091 898 2145 πολλῶν
948 2093 1154 2147 ἀνθέων
1213 2095 1562 2162 συλλέξαντες
1613 2100 1682 2153 τά

94 2181 370 2250 χρήσιμα,
410 2181 469 2234 τὸ
507 2185 872 2253 πνευματικὸν
898 2186 1055 2240 τοῦτο
1096 2188 1287 2258 κηρίον
1316 2192 1682 2264 κατειργασά·

98 2271 261 2339 μεθα.
298 2273 405 2325 Καὶ
444 2274 504 2327 οὐ
537 2275 751 2347 χολανεῖ
778 2278 994 2342 πάντως
1030 2280 1160 2350 ἡμῖν
1191 2280 1278 2333 διὰ
1304 2281 1404 2353 τὴν
1432 2283 1683 2355 ἐγχείρη-

97 2380 204 2426 σιν,
246 2364 330 2418 ὃτι
361 2366 436 2437 μὴ
480 2366 648 2420 δέδιεν
693 2368 772 2421 ἔτι
804 2369 895 2423 τὸν
938 2371 1171 2443 πονηρὸν
1209 2373 1458 2443 δαίμονα,
1494 2375 1581 2428 διὰ
1620 2376 1682 2429 τὸ

96 2458 191 2509 καὶ
230 2458 367 2528 πρὸς
399 2459 549 2531 αὐτῷ
578 2460 688 2515 τῶν
728 2462 954 2531 ἀγώνων
983 2464 1063 2535 τῷ
1103 2465 1244 2519 τέλει
1288 2467 1516 2531 πολλοὺς
1548 2469 1681 2522 ὐπο-

98 2548 368 2612 σκελίσαι,
398 2552 542 2618 ἅπαξ
563 2555 656 2607 καὶ
686 2556 767 2619 είς
793 2556 921 2620 τοὺς
950 2556 1293 2628 ἀκυμάντους
1320 2559 1427 2613 τῶν
1459 2560 1685 2630 ἀσωμά-

95 2660 206 2695 των
259 2643 471 2712 φθάσας
521 2645 765 2721 λιμένας.
802 2647 906 2712 ἕξω
948 2650 1206 2721 τυγχάνει
1255 2651 1352 2704 καὶ¹
1385 2651 1554 2724 ζάλης
1588 2654 1683 2707 καὶ

96 2734 388 2799 κλύδωνος.
429 2737 598 2809 Δεῦρο
624 2737 688 2810 δὴ
723 2735 837 2803 οῦν,
870 2740 992 2795 καθ’
1019 2742 1114 2795 ἕνα
1154 2742 1262 2795 τῶν
1287 2744 1683 2816 ἀπηριθμημέ-

94 2844 204 2879 νων
242 2830 441 2901 μικρὸν
481 2832 921 2905 ἐνδιατρίψαντες
954 2835 1031 2905 τῷ
1064 2835 1226 2906 λόγῳ,
1258 2832 1370 2903 οἷος
1403 2838 1628 2907 γέγονεν
1656 2841 1685 2892 ὁ

94 2918 425 2989 θαυμάσιος,
455 2924 550 2977 καὶ
572 2926 652 2989 είς
673 2927 794 2979 ὅσον
827 2927 1023 2998 μέτρον
1054 2933 1426 3000 πνευματικῆς
1450 2930 1684 3000 ἔφθασεν

92 3008 442 3073 ἀναϐάσεως.
477 3015 590 3075 τοῖς
622 3015 1053 3087 συνειλεγμένοις
1082 3019 1575 3092 καθυποδείξωμεν.

1789 526 1964 596 pietas
1988 540 2118 596 erga
2148 525 2341 593 Deum,
2367 542 2656 583 sacrarum
2691 527 3113 600 Seriptnrarum
3142 528 3369 583 medita-

1791 617 1885 677 tio,
1916 615 2081 669 animi
2114 623 2168 668 et
2195 615 2443 687 corporis
2465 618 2700 687 puritas,
2732 617 3096 689 lacrymarum
3130 615 3368 671 assidui—

1790 714 1897 774 tas,
1930 709 2053 763 vita:
2080 708 2340 770 solitudo.
2378 724 2408 764 e
2432 710 2553 764 loco
2580 710 2635 766 in
2668 711 2847 764 locum
2899 713 3162 771 secessio,
3194 708 3370 762 malo-

1788 815 1910 854 rum
1971 798 2123 871 fuga,
2175 801 2427 855 doctrina
2478 811 2765 873 perpetua,
2803 803 3047 872 precatio
3078 802 3365 867 continua,

1783 893 2054 964 jejunium
2084 902 2137 950 et
2174 894 2372 965 vigilia:
2425 896 2820 959 immoderataa,
2862 898 3013 951 humi
3044 896 3284 958 eubatio,
3315 901 3369 949 et

1788 987 1914 1041 vitae
1951 987 2252 1043 austeritas
2299 1003 2438 1058 pene
2489 988 2849 1054 incredibilis,
2887 988 3195 1043 voluntaria
3232 1001 3370 1057 pau-

1787 1086 1974 1148 pertas
2030 1094 2154 1134 cum
2236 1079 2545 1135 humilitate
2616 1080 2906 1151 singulari,
2990 1078 3368 1134 misericordia

1787 1172 2081 1226 humanam
2168 1174 2539 1229 conditionem
2613 1190 2906 1244 superans,
2996 1173 3149 1229 zelus
3230 1171 3370 1227 divi-

1787 1281 1893 1320 nus
1928 1267 1984 1319 in
2014 1282 2109 1323 eos
2138 1268 2231 1337 qui
2267 1268 2417 1323 rabie
2463 1268 2723 1323 adversus
2751 1269 3007 1337 pietatem
3056 1278 3221 1336 atque
3284 1281 3370 1321 re—

1786 1358 2044 1428 ligionem
2074 1358 2505 1428 inveherentur;
2538 1369 2735 1414 cuncta
2770 1360 3028 1429 denique,
3062 1357 3263 1428 quibus
3300 1356 3368 1410 ad

1786 1447 1882 1503 Dei
1922 1450 2213 1519 imaginem
2249 1449 2413 1504 homo
2469 1450 2787 1521 insignitur.
2846 1446 2977 1504 istis
3031 1456 3215 1503 noster
3278 1446 3370 1500 hic

1787 1541 1948 1596 Pater
2000 1542 2298 1596 decoratur
2342 1541 2628 1615 laudibus;
2689 1556 2811 1611 quae
2874 1551 3372 1595 commemoramus

1787 1633 2057 1704 agnoscit,
2090 1634 2483 1703 przerogativas
2513 1635 2613 1688 has
2646 1649 2771 1688 esse
2799 1630 3074 1703 proprias,
3106 1646 3228 1685 eum
3260 1644 3367 1683 non

1784 1726 1938 1791 latet;
1965 1740 2027 1780 ac
2053 1741 2333 1781 sermones
2353 1726 2537 1791 hosce,
2572 1718 2635 1780 ut
2669 1726 2847 1789 nobis,
2881 1740 2988 1779 non
3025 1723 3129 1778 sibi
3179 1723 3365 1785 utiles,

1790 1834 1899 1872 non
1931 1819 2255 1874 contemnit.
2280 1818 2415 1872 Nam
2452 1820 2535 1873 vel
2563 1819 2760 1889 exigua
2786 1819 2853 1873 de
2906 1819 3024 1888 ipso
3063 1816 3365 1879 enarratio,

1787 1911 2049 1966 studiosis
2066 1926 2233 1966 causa
2256 1910 2683 1981 complectenda:
2701 1911 2919 1966 exsistit
2935 1909 3171 1963 virtutis.
3188 1907 3368 1976 Atque

1787 2006 1892 2061 ista
1926 2022 2033 2059 non
2058 2004 2301 2068 aliunde,
2338 2004 2431 2058 sed
2457 2010 2523 2058 ex
2555 2004 2644 2069 iis,
2678 2019 2799 2073 qua:
2829 2004 2884 2057 in
2904 2003 3072 2057 variis
3103 2002 3221 2070 ipse
3249 1999 3366 2055 suis

1785 2099 2167 2155 disseminavit
2184 2095 2753 2167 scriptis,didicimus.
2781 2096 2854 2149 Ex
2884 2094 3363 2166 quibus,inquam,

1787 2193 1990 2249 sedula:
2025 2192 2201 2247 instar
2230 2191 2370 2261 apis,
2404 2208 2469 2245 ex
2498 2191 2753 2261 plurimis
2787 2188 3013 2243 floribus
3052 2187 3203 2241 utilia
3252 2186 3369 2241 eol-

1782 2286 2038 2355 ligentes,
2072 2282 2254 2337 favum
2282 2284 2431 2338 hnnc
2452 2284 2791 2354 spiritualem
2822 2281 3180 2338 coniecimus.
3200 2278 3368 2334 Nobis

1783 2392 1914 2431 vero
1946 2377 2060 2430 haec
2093 2377 2214 2446 ipse
2269 2377 2601 2431 conantibus
2648 2389 2998 2445 nequaquam
3046 2371 3364 2429 subirasce-

1784 2480 1895 2531 tur,
1922 2469 2144 2538 quando
2179 2469 2470 2524 scelestum
2524 2469 2847 2531 dtemonem,
2904 2466 2999 2536 qui
3031 2465 3234 2519 multos
3285 2464 3370 2517 vel

1785 2562 1840 2614 in
1871 2568 2116 2615 extremo
2144 2574 2319 2629 agone
2347 2560 2707 2629 supplantare
2739 2558 2899 2619 solet,
2946 2572 3056 2610 non
3110 2554 3370 2624 pertime-

1787 2651 1893 2708 scit
1916 2651 2185 2720 amplius;
2209 2651 2325 2720 jam
2355 2651 2499 2704 enim
2533 2650 2598 2703 ad
2633 2649 2987 2718 tranquillum
3018 2645 3369 2718 pervenitin-

1788 2757 2181 2811 corporeorum
2242 2748 2485 2810 portum,
2542 2742 2633 2793 ubi
2679 2740 2861 2794 nullas
2893 2738 3115 2793 omnino
3166 2735 3373 2807 procel-

1789 2836 1871 2891 las
1902 2835 2225 2889 reformidat
2274 2841 2437 2903 atque
2467 2840 2841 2902 tempestates.
2880 2830 2993 2901 Age
3034 2829 3223 2900 igitur,
3258 2827 3374 2882 sin-

1789 2930 1932 3000 gulis
1962 2944 2175 2992 eorum,
2218 2942 2338 2997 quae
2363 2934 2681 2981 enumerata
2721 2931 2872 2990 sunt,
2928 2922 3213 2993 paululum
3269 2919 3372 2973 im-

1792 3030 2095 3088 morantes,
2125 3020 2305 3091 qualis
2372 3018 2609 3074 eximius
2649 3018 2753 3073 iste
2789 3016 2876 3069 vir
2910 3015 3167 3080 evaserit,
3200 3018 3256 3069 et
3314 3012 3371 3067 in

91 3118 262 3171 quem
294 3104 526 3173 gradum
563 3105 866 3175 spiritualis
890 3111 1265 3167 sanctimonia:
1299 3114 1539 3182 seipsum
1574 3116 1891 3184 provexerit
1912 3115 1997 3169 his
2026 3115 2117 3184 qui
2153 3120 2531 3168 convenerunt
2559 3109 2940 3164 ostendamus.

164 3196 415 3261 Πίστεως
465 3196 563 3267 μὲν
587 3197 695 3270 γάρ
722 3196 835 3271 εἶχε
876 3200 995 3254 λίαν
1026 3204 1220 3273 ὀρθῶς,
1259 3207 1320 3258 ού
1358 3205 1546 3278 πόρρω
1577 3225 1679 3260 που

1856 3207 1936 3262 Ad
1970 3208 2131 3261 ﬁdem
2168 3221 2295 3276 ergo
2330 3204 2476 3275 quod
2507 3203 2722 3269 attinet,
2769 3202 2917 3255 nulla
2962 3216 3028 3254 ex
3058 3205 3214 3269 parte
3240 3210 3372 3267 pro--

92 3286 270 3340 νεύων
302 3286 401 3356 τῆς
446 3288 725 3353 εύσεσείας
748 3307 763 3320 ·
804 3291 986 3355 καθὼς
1010 3292 1074 3346 ἔκ
1120 3311 1177 3347 τε
1203 3297 1312 3349 τῶν
1351 3297 1514 3351 αὑτοῦ
1558 3315 1686 3368 συγ-

93 3380 468 3450 γραμμάτων,
502 3380 564 3433 ἐκ
592 3400 650 3434 τε
679 3383 779 3453 τῆς
806 3386 933 3456 περὶ
964 3387 1127 3441 αὑτὸν
1170 3390 1275 3443 ὑπὸ
1305 3391 1404 3458 τῆς
1454 3392 1685 3463 Ἐκκλη-

96 3474 220 3536 σίας
256 3474 677 3545 παρειλήφαμεν
711 3475 866 3547 δόξης
895 3495 907 3507 ο
939 3478 999 3544 ἐξ
1043 3482 1157 3533 ίσου
1205 3482 1316 3553 γὰρ
1350 3484 1687 3553 ἐμυσάττετο

92 3569 196 3639 τὴν
246 3568 343 3621 τοῦ
398 3567 687 3621 Σαϐελλίου
741 3569 1051 3639 παράλογον
1104 3572 1383 3644 σύγχυσιν,
1435 3577 1529 3628 καὶ
1586 3574 1685 3648 τὴν

108 3660 323 3730 Ἂρείου
367 3658 606 3730 μανιώδη
636 3659 919 3732 διαίρεσιν.
957 3662 1171 3716 Ἱστατο
1195 3664 1250 3716 δὲ
1274 3664 1382 3716 τῶν
1400 3667 1501 3735 τῆς
1530 3666 1685 3718 εὐσε-

96 3754 253 3814 ϐείας
282 3754 424 3822 ὅρων
454 3752 602 3815 ὲντός
621 3769 635 3783 ·
665 3751 889 3823 διαιρῶν
912 3753 1010 3823 μὲν
1032 3754 1109 3826 τῷ
1132 3754 1370 3826 ἀριθμῷ,
1398 3757 1684 3810 συνάπτων

94 3846 151 3897 δὲ
184 3848 249 3915 τῇ
295 3844 451 3915 οὐσίᾳ
486 3843 588 3917 τὴν
638 3845 765 3914 μίαν
794 3845 888 3898 καὶ
926 3845 1229 3917 ἁσύγχυτον
1267 3849 1361 3901 καὶ
1412 3853 1686 3917 παναγίαν

96 3939 306 4008 Τριάδα
323 3953 335 3965 ’
362 3938 435 4000 ὼς
466 3937 531 3991 ἂν
565 3939 700 4009 μήτε
724 3939 914 3992 πενίαν
941 3939 1191 4010 θεότητος
1228 3941 1528 4005 Ἰουδαϊκῶς
1547 3944 1685 3996 ὀνει-

94 4032 320 4096 δίζοιτο,
361 4034 498 4101 μήτε
529 4032 686 4102 δήμῳ
720 4031 869 4085 Θεῶν
910 4031 1236 4102 Ἑλληνικῶς
1270 4032 1678 4103 ἐκϐακχεύοιτο’

95 4127 132 4180 ἃ.
171 4126 362 4178 παθεῖν
401 4126 449 4177 οἱ
480 4126 606 4195 περὶ
645 4124 743 4194 τὴν
782 4124 1164 4194 ἀκατάληπτον
1187 4124 1394 4195 Τριάδα
1417 4128 1679 4197 παροινή-

98 4234 295 4278 σαντες
347 4217 738 4286 ἐξελέγχονται.
798 4216 1176 4286 Ἀπολιναρίου
1224 4216 1280 4268 δὲ
1329 4216 1582 4269 τοσοῦτον
1620 4218 1682 4270 τὸ

96 4313 294 4379 ἀλογον
326 4311 686 4378 ἀπεπέμπετο
721 4309 918 4380 δόγμα,
968 4309 1041 4372 ὡς
1082 4311 1261 4362 πᾶσαν
1297 4309 1481 4363 θέσθαι
1518 4327 1683 4363 σπου-

93 4405 194 4475 δὴν
224 4407 289 4458 ἐκ
320 4404 501 4473 πάσης
531 4402 661 4455 αὐτὸ
690 4401 1075 4473 Χριστιανικῆς
1107 4401 1332 4467 ἐξεῶσαι
1359 4401 1553 4473 ψυχῆς.

1787 3302 1876 3356 cui
1907 3315 1936 3353 a
1973 3301 2175 3370 pietate
2204 3297 2522 3359 deﬂectens,
2557 3295 2851 3349 admodum
2884 3299 3034 3348 recte
3065 3291 3369 3349 sentiebat:

1784 3394 1931 3464 quod
1961 3408 2085 3447 cum
2111 3392 2231 3460 ejus
2262 3406 2327 3444 ex
2359 3389 2603 3459 scriptis,
2638 3397 2752 3441 tum
2786 3402 2852 3441 ex
2877 3384 3135 3440 Ecclesiae
3163 3382 3231 3437 de
3254 3382 3374 3452 ipso

1782 3484 2187 3540 existimatione
2214 3481 2383 3551 probe
2415 3479 2809 3550 cognovimus;
2846 3493 2968 3531 nam
3004 3491 3161 3547 mque
3188 3483 3243 3530 et
3276 3474 3374 3527 l'al-

1783 3592 1899 3630 sam
1936 3575 2159 3630 Sabellii
2192 3573 2597 3639 confusionem,
2626 3580 2679 3626 et
2713 3572 2961 3625 insanam
2988 3569 3102 3622 Arii
3148 3567 3375 3620 divisio.

1788 3686 1912 3725 nem
1948 3668 2393 3723 abominabatur.
2427 3662 2695 3719 Constitit
2727 3670 2906 3715 autem
2939 3660 2993 3712 in
3028 3657 3228 3711 finibus
3255 3656 3371 3725 pie-

1786 3763 1916 3816 tatis
1947 3770 2109 3829 atque
2142 3759 2422 3829 religionis
2456 3777 2467 3811 :
2513 3756 2593 3811 sic
2628 3754 2832 3824 quippe
2863 3766 3049 3812 unam,
3096 3764 3204 3803 non
3233 3762 3369 3801 con-

1786 3855 2003 3917 fusam,
2055 3857 2575 3917 sacrosanctamque
2620 3844 2983 3904 Trinitatem,
3039 3850 3092 3896 et
3142 3852 3372 3893 numero

1790 3958 2150 4014 personarum
2202 3939 2504 4001 dividebat,
2550 3945 2604 3991 et
2639 3937 2848 3989 unitate
2882 3932 3207 3989 substantiae
3239 3944 3372 3983 con-

1784 4037 2050 4108 jungebat
2092 4052 2105 4087 :
2161 4041 2220 4086 ut
2272 4046 2449 4100 neque
2496 4029 2802 4083 divinitatis
2853 4026 3093 4095 inopiam
3144 4021 3373 4076 Judaiee

1788 4125 2121 4183 contumelia
2172 4121 2430 4185 aiiiceret,
2474 4134 2656 4189 neque
2710 4117 2938 4171 deorum
2993 4112 3370 4177 multitudine,

1789 4231 1943 4271 more
1979 4213 2263 4285 gentilium
2291 4226 2353 4264 ac
2379 4224 2715 4280 paganorum
2739 4206 3189 4260 debaccharctnr.
3216 4200 3373 4268 Quod

1788 4309 1898 4363 illis
1930 4307 2254 4374 contingere
2297 4300 2760 4373 deprehendimus
2783 4338 2797 4362 ,
2843 4297 2937 4367 qui
2971 4298 3024 4350 in
3058 4296 3373 4363 incompre-

1788 4399 2115 4455 hensibilem
2133 4396 2454 4451 Trinitatem
2486 4394 2794 4464 petulanter
2816 4388 3197 4446 contumeliosi
3219 4395 3367 4441 sunt.

95 4500 571 4554 Absurdissimam
599 4514 761 4567 porro
782 4498 1105 4569 Apollinarii
1127 4497 1441 4567 opinionem
1472 4498 1553 4552 sic
1586 4496 1982 4560 detestabatur,
2002 4504 2059 4547 ut
2090 4493 2237 4545 omni
2280 4498 2480 4545 conatu
2518 4498 2684 4559 atque
2720 4486 3093 4543 sollicitudine
3117 4483 3368 4539 eamdem

96 4609 163 4647 ex
202 4589 527 4659 querumvis
555 4587 996 4643 Christianorum
1028 4588 1229 4641 animis
1258 4587 1489 4641 evellere
1519 4588 1782 4642 studeret.

180 4681 344 4735 Ἀλλὰ
382 4679 487 4752 μὴν
535 4681 630 4732 καὶ
682 4678 790 4732 τῶν
841 4679 1132 4749 Ἀνομοίων
1182 4678 1267 4732 διὰ
1302 4678 1509 4731 πολλῶν
1542 4680 1672 4731 ἁπο-

1855 4676 1999 4743 Quin
2036 4684 2091 4731 et
2129 4675 2349 4738 futiles,
2380 4673 2783 4741 eii‘renatasque
2816 4672 3211 4724 Anommorum
3262 4669 3371 4725 lin-

94 4771 384 4826 δεικτικῶν
412 4787 471 4822 τε
502 4770 594 4823 καὶ
624 4770 916 4839 Γραφικῶν
955 4769 1148 4837 λόγων,
1186 4769 1255 4822 τὰ
1296 4769 1555 4823 άπύλωτα
1597 4772 1684 4822 ὲν-

98 4865 307 4935 ἐφραξε
345 4863 609 4931 στόματα,
639 4862 901 4932 μεγίστην
936 4861 1231 4929 ἀσφάλειαν
1261 4863 1391 4932 ἡμῖν
1421 4862 1488 4915 τὰ
1518 4861 1683 4915 αὐτοῦ

97 4960 416 5013 θεοδίδακτα
451 4956 623 5008 λιπὼν
653 4956 828 5024 λόγια.
863 4955 1107 5008 Νουάτου
1148 4956 1203 5008 δὲ
1249 4957 1296 5007 εἰ
1331 4954 1571 5025 βούλοιτό
1600 4972 1684 5018 τις

94 5052 191 5105 τοῦ
227 5050 563 5120 θρασυτάτου
603 5049 823 5120 ἥττημα
851 5049 1110 5109 κατιδεῖν,
1148 5051 1205 5101 ἐν
1239 5051 1304 5119 τῇ
1331 5047 1418 5100 διὰ
1460 5048 1568 5100 τῶν
1598 5047 1687 5099 λό-

96 5164 209 5213 γων
236 5143 332 5196 τοῦ
375 5141 617 5213 Ἐφραῖμ
647 5141 792 5213 πάλῃ
839 5140 900 5192 τὸ
925 5140 1020 5195 τοῦ
1066 5140 1303 5193 ἐναντίου
1334 5139 1535 5209 πτῶμα
1566 5139 1687 5209 βλε-

96 5239 270 5302 πέτω,
328 5230 448 5310 ὲνῇ
490 5234 740 5288 τοσοῦτον
791 5234 1011 5305 εὑρήσει
1043 5234 1103 5285 τὺ
1148 5234 1337 5303 περιὸν
1377 5233 1474 5303 τῆς
1524 5232 1684 5286 δυνά-

99 5347 250 5401 μεως
289 5327 385 5381 τοῦ
438 5326 706 5399 ἡμετέρου
761 5325 1090 5379 Διδασκάλου
1145 5326 1203 5376 ἐν
1250 5327 1316 5395 τῇ
1372 5323 1466 5377 τοῦ
1524 5321 1682 5392 λόγου

96 5421 468 5493 παραστάσει,
498 5417 630 5487 ὅσην
677 5415 867 5486 ἀνδρὸς
898 5413 1337 5484 παγκρατιαστοῦ
1370 5414 1462 5466 καί⁸
1498 5413 1684 5479 παιδὸς

96 5513 197 5566 οὐκ
248 5508 535 5573 εύσθενοῦς
574 5509 641 5563 δι’
673 5509 1006 5579 ἁπαλότητα.
1042 5508 1114 5561 Ού
1160 5506 1318 5578 μόνον
1350 5507 1404 5561 δὲ
1438 5507 1534 5571 τὰς
1563 5510 1685 5562 κατ’

100 5609 281 5659 ἐκεῖνο
312 5603 503 5675 καιροῦ
606 5604 697 5656 mi.
726 5602 960 5673 πρόσθεν
985 5600 1313 5669 ἀναφυείσας
1342 5601 1447 5653 ὑπὸ
1470 5601 1562 5653 τοῦ
1587 5601 1685 5670 τῆς

100 5698 303 5759 κακίας
354 5694 598 5764 σπορέως
628 5692 961 5759 ζιζανιώδεις
991 5692 1248 5763 αἱρέσεις,
1282 5690 1361 5760 τῷ
1388 5690 1532 5761 ὀρθῷ
1580 5691 1680 5759 τῆς

100 5792 341 5850 πίστεως
388 5785 640 5858 ἐξήλεγξε
687 5786 863 5856 λόγῳ·
910 5785 1043 5838 ἀλλὰ
1083 5785 1175 5838 καὶ
1208 5783 1307 5847 τὰς
1338 5784 1416 5846 είς
1451 5782 1677 5855 ὕστερον

1788 4787 1924 4842 guas
1959 4770 2127 4824 variis
2168 4767 2507 4838 argumentis
2533 4807 2549 4830 ,
2600 4764 3007 4834 Seripturzrqne
3042 4763 3372 4819 testimoniis

1789 4863 2009 4932 penitus
2040 4862 2326 4930 repressit,
2360 4873 2684 4927 summeque
2717 4858 2870 4911 utilia
2902 4872 2966 4909 ac
2996 4856 3178 4909 divina
3213 4855 3373 4911 nobis

1787 4957 2081 5009 adversum
2127 4970 2223 5008 eos
2269 4961 2621 5007 monumenta
2667 4950 2906 5019 reliquit.
2973 4947 3031 5003 Si
3083 4948 3209 5018 quis
3241 4962 3372 5002 vero

1789 5051 1842 5103 in
1886 5047 1943 5101 S.
1984 5047 2237 5117 Ephrzem
2285 5044 2724 5114 disputationum
2771 5058 2895 5097 cum
2943 5040 3189 5105 Novato,
3228 5055 3369 5095 con-

1787 5141 1959 5205 ﬂictu,
2014 5140 2201 5208 cupiat
2248 5136 2604 5190 audacissimi
2654 5137 2775 5205 ejus
2820 5134 3071 5189 contueri
3108 5142 3368 5202 stragem,

1789 5232 2088 5288 adversarii
2123 5245 2310 5285 casum
2354 5228 2618 5297 respiciat
2650 5234 2883 5297 oportet.
2919 5225 2996 5279 lbi
3027 5223 3173 5285 enim
3196 5236 3371 5291 usque

1788 5326 1924 5379 adeo
1955 5322 2268 5392 superiores
2303 5320 2358 5373 in
2406 5321 2526 5390 ipso
2562 5317 2881 5373 certaminis
2930 5328 3229 5384 congressu
3266 5329 3369 5366 no-

1788 5417 1886 5471 stri
1916 5416 2158 5471 doctoris
2188 5416 2331 5468 vires
2361 5412 2624 5473 inveniet,
2664 5418 2723 5462 ut
2768 5411 2913 5461 hunc
2943 5407 3367 5477 pancratiastem

1793 5520 1955 5580 atque
1995 5515 2322 5563 certatorem
2360 5505 2658 5563 invictum,
2710 5502 2863 5554 illum
2915 5507 3095 5553 autem
3149 5498 3365 5551 mollem

1791 5620 1856 5657 ac
1890 5610 2145 5670 tanquam
2176 5614 2401 5669 puerum
2436 5597 2675 5651 nondum
2717 5602 2875 5649 aetate
2916 5592 3190 5646 ﬁrmatum
3216 5590 3369 5644 dixe-

1788 5694 1877 5746 rit.
1916 5690 2103 5760 Neque
2142 5704 2269 5743 vero
2314 5689 2437 5742 illas
2487 5692 2777 5749 duntaxat,
2824 5700 2946 5754 qua:
2979 5684 3062 5739 vel
3091 5695 3242 5745 tunc,
3281 5682 3363 5733 vel

1786 5796 1943 5839 antea
1980 5782 2316 5837 zizaniorum
2351 5782 2588 5836 haereses
2622 5796 2683 5834 ex
2723 5777 2941 5833 inaiitizn
2993 5777 3199 5832 semine
3247 5773 3363 5826 luc-
