3850 6440
462 264 567 320 827

1722 261 1781 321 S.
1820 262 2146 321 GREGORII
2187 263 2476 324 NYSSENI
3389 272 3426 295 ’

3607 260 3724 318 828

463 392 587 437 rant
615 389 842 446 exortae,
887 380 1012 437 ﬁdei
1053 380 1381 439 rectitudine
1426 383 1767 455 propulsavit
1797 401 1812 437 :
1847 399 2035 440 verum

2162 386 2324 451 ιακῶς
2346 386 2681 458 ἀναθαλῆσαι
2728 383 3029 457 μελλούσας
3068 382 3392 457 προφητικῷ
3442 381 3725 455 βλέμματι

464 484 519 529 et
542 490 637 530 eas
659 490 778 545 qua:
808 475 861 529 in
897 476 1137 529 futurum
1169 475 1476 546 perniciose
1499 476 1764 548 pullulare
1789 484 2040 548 poterant

466 567 803 637 propheticis
856 566 1033 622 oculis
1083 566 1391 637 previdens
1436 569 1703 639 praecidit.
1764 568 2044 640 Quotquot

467 659 611 714 enim
642 659 711 712 ab
743 674 810 713 eo
843 657 1157 729 conscripta
1204 667 1335 715 sunt
1369 660 1668 727 volumina,
1699 660 2045 719 demonstra-

468 750 710 805 tionibus
760 756 888 805 sunt
940 749 1118 820 plena.
1170 750 1461 821 Nunquam
1504 766 1635 824 ergo
1675 753 1923 811 veritatis
1955 753 2045 811 hic

469 842 632 905 illius,
658 842 725 895 ab
755 842 870 912 ipsa
899 840 1178 897 deﬂexerit
1206 844 1436 898 veritate
1461 862 1475 900 :
1500 859 1650 915 spem
1674 861 1805 902 vero
1825 860 2044 902 omnem

470 934 522 989 in
561 933 681 989 solo
724 933 834 989 Deo
881 933 1113 989 deﬁxam
1146 934 1357 1002 habuit,
1396 935 1453 992 in
1494 952 1606 1008 quo
1634 939 1728 1010 qui
1759 953 1889 995 suas
1918 954 2045 1010 spes

468 1027 833 1092 constituunt,
873 1028 1095 1096 praemia
1126 1026 1391 1084 referunt.
1434 1028 1779 1102 Quapropter
1805 1040 1861 1087 et
1908 1031 2045 1088 illud

468 1116 669 1173 Psalmi
723 1118 778 1173 in
825 1118 1204 1187 cunctissuis
1261 1118 1426 1177 factis
1470 1121 1748 1193 dictisque
1778 1139 2054 1196 usurpare

469 1212 717 1267 solebat:
742 1210 808 1265 In
836 1212 951 1281 ipso
968 1211 1199 1281 speravit
1226 1228 1318 1268 cor
1346 1229 1539 1280 meum,
1564 1224 1613 1269 et
1642 1215 1861 1286 adjutus
1879 1216 2044 1275 sum'.

472 1302 736 1371 Quoniam
778 1313 1071 1372 sperantem
1111 1305 1166 1358 in
1212 1304 1497 1359 Dominum
1531 1307 1901 1363 misericordia
1938 1310 2046 1363 cir-

470 1388 805 1451 cumdabit‘.
846 1395 911 1450 Et
943 1396 1143 1452 ﬁducia
1168 1396 1223 1451 in
1253 1396 1564 1463 Dominum,
1596 1400 1769 1454 monti
1802 1398 1935 1456 Sion
1971 1402 2047 1457 si-

471 1487 653 1543 milem
676 1486 885 1543 reddit:
913 1491 1077 1559 inque
1099 1490 1782 1566 summambeatitudinem
1804 1508 1930 1550 eum
1951 1493 2047 1566 qui

473 1577 734 1648 possidet,
770 1580 1076 1645 constituit,
1117 1580 1262 1636 sicut
1293 1564 1381 1637 ex?
1409 1582 1543 1652 ipsis
1584 1582 1869 1640 addiscere
1919 1564 2047 1641 licet

472 1670 780 1741 prophetis,
811 1687 934 1727 cum
982 1672 1128 1728 dicat
1163 1671 1332 1728 David
1364 1691 1379 1729 :
1421 1672 1619 1729 Beatus
1650 1675 1751 1739 vir,
1785 1675 1939 1747 cujus
1966 1686 2047 1732 est

2140 475 2391 541 κατιδὼν,
2450 476 2885 550 προεξεθέρισεν.
2933 476 3047 531 Καὶ
3087 476 3293 530 τούτων
3339 474 3554 548 πλήρης
3606 473 3723 529 τῶν

2140 569 2465 634 ἀποδείξεων
2510 570 2662 624 πᾶσα
2682 568 2871 622 τούτου
2919 569 3210 641 συγγραφή
3246 585 3306 622 τε
3339 568 3433 622 καὶ
3476 568 3719 641 ποίησις.

2142 660 2328 725 Οὕτως
2353 661 2415 715 οὐ
2451 659 2670 715 πώποτε
2703 660 2802 731 τῆς
2838 659 3097 767 ἀληθείας
3124 659 3279 767 δια-ης
3314 658 3566 730 ἀληθείας
3598 660 3720 723 υίὸς
3802 641 3822 767 1

2142 751 2526 826 ὲξεφρόνησενσ
2549 751 2702 816 ἐλπὶς
2726 751 2783 805 δὲ
2805 749 2981 822 τούτῳ
3000 752 3036 822 ὴ
3057 752 3137 814 εἷς
3160 750 3293 804 Θεδν
3321 751 3479 821 μόνη.
3506 751 3569 815 ἐξ
3591 752 3719 804 ὅτου
3811 749 3821 817 Ῠ

2144 845 2210 899 ἀν
2236 843 2612 916 ἀποκειμένων
2655 844 2886 898 ἐλπίδων
2913 845 3027 908 τοῖς
3071 842 3242 909 ἀξίοις
3283 843 3340 895 ai
3375 842 3616 913 χάριτες.
3643 842 3721 895 Τὸ
3816 826 3821 889 Ῑ

2142 938 2252 1010 γάρ
2279 936 2547 1009 ψαλμικὸν
2575 937 2663 991 διά
2706 937 2822 1007 βίον
2844 936 2989 1007 λόγῳ
3026 952 3085 990 τε
3126 935 3220 991 καὶ
3257 934 3453 1008 πράξει
3479 934 3720 1007 μελετῶν
3802 940 3822 1081 J

2144 1029 2397 1081 ἔφασκεν·
2440 1031 2557 1081 Ἐπ’
2600 1026 2762 1081 αὐτῶ
2798 1027 3063 1081 ἤλπισεν
3106 1027 3144 1081 ἢ
3185 1026 3397 1081 καοὸία
3446 1043 3585 1081 nov.
3619 1026 3721 1081 zeal

2144 1029 2397 1100 ἔφασκεν·
2440 1031 2557 1083 Ἐπ’
2600 1026 2762 1095 αὐτῷ
2798 1027 3063 1097 ἤλπισεν
3106 1027 3144 1096 ὴ
3185 1026 3397 1097 καρδία
3439 1043 3585 1096 μου,
3619 1026 3721 1081 καὶ

2143 1096 2499 1191 semesam.
2527 1121 2630 1175 Διὰ
2674 1096 2948 1175 τοιοῦτον
2974 1119 3341 1184 ἐλπίσαντος
3388 1115 3577 1172 αὐτοῦ
3618 1117 3723 1171 ἐπι
3810 1096 3822 1187 ἶ

2143 1214 2382 1283 Κύριον,
2414 1212 2588 1280 ἕλεος
2628 1211 2817 1267 αὐτὸν
2843 1210 3165 1266 κυκλώσει.
3196 1209 3307 1265 Καὶ
3345 1211 3380 1281 ὴ
3427 1211 3507 1271 εἰς
3553 1208 3720 1263 αὑτὸν

2144 1240 2382 1283 ηυμιυν,
2414 1240 2588 1280 διευς
2628 1240 2817 1267 uvsur
2843 1240 3165 1266 κυκειιυυει.
3197 1240 3307 1265 aut
3352 1240 3380 1281 ιι
3427 1240 3504 1271 εις
3553 1240 3720 1263 αυιυν

2144 1306 2488 1379 πεποίθησις,
2516 1305 2635 1377 ὄρει
2675 1304 2863 1359 τοῦτον
2909 1302 3049 1358 Σιὼν
3088 1301 3407 1368 ἀπεικάζει·
3452 1300 3590 1356 ἀλλά
3623 1300 3723 1355 καὶ
3802 1240 3821 1393 J

2146 1398 2482 1472 ὑψηλοτάτου
2519 1396 2871 1471 μακαρισμοῦ
2898 1396 3050 1461 ὲντὺς
3074 1394 3166 1451 τὸν
3206 1394 3541 1467 κεκτημένον
3583 1394 3722 1447 καθο
3814 1394 3822 1453 l

2148 1491 2350 1565 ίστησι,
2396 1491 2472 1557 ὡς
2502 1491 2651 1547 ἐστιν
2686 1490 2746 1557 ἐξ
2792 1490 2972 1547 αὐτῶν
3002 1489 3114 1545 τῶν
3150 1488 3445 1560 προφητῶν
3468 1504 3722 1557 καταμαο
3815 1488 3821 1613 η

2148 1585 2259 1613 Δ-τ..
2322 1584 2477 1613 Α-ειι
2512 1584 2610 1613 η»...
2637 1582 2915 1613 nam...”
2955 1580 3247 1613 ιιι-...ιηηη
3280 1580 3434 1613 λυ»...
3486 1575 3557 1613 ad:
3591 1580 3717 1613 ινφ..

2146 1585 2281 1650 θεῖν,
2314 1584 2478 1639 Δαὸὶδ
2511 1584 2610 1655 μὲν
2637 1582 2915 1652 λέγοντος*
2947 1580 3247 1651 Μακάριος
3277 1580 3455 1649 ἀνὴρ,
3485 1575 3557 1636 οὗ
3586 1580 3720 1634 ἐστι

2147 1678 2214 1733 τὸ
2235 1676 2423 1747 ὄνομα
2449 1678 2668 1744 Κυρίου
2691 1673 2867 1741 ἐλπὶς
2892 1672 3098 1729 αὐτοῦ.
3138 1672 3399 1745 Ἰερεμίου
3424 1672 3505 1727 δέ·
3531 1672 3720 1726 Εὐλο-

472 1778 661 1815 nomen
694 1760 906 1815 Domini
954 1777 1070 1830 spes
1103 1762 1276 1831 ejus'.
1322 1761 1589 1820 Jeremias
1638 1778 1767 1820 vero
1808 1782 1828 1819 :
1874 1765 2041 1822 Bene-

2162 1768 2406 1840 Γημένος
2424 1767 2753 1837 ἅνθρωπος,
2776 1765 2947 1832 ὅστις
2965 1764 3249 1820 πέποιθεν
3266 1764 3368 1819 ἐπὶ
3398 1763 3481 1831 τῷ
3504 1762 3716 1832 Κυρίῳ,
3818 1810 3821 1817 ,

472 1852 643 1905 dictus
690 1852 767 1905 vir
810 1852 898 1923 qui
938 1852 1151 1921 conﬁdit
1190 1852 1245 1907 in
1285 1852 1537 1919 Domino,
1571 1863 1621 1909 et
1658 1855 1757 1910 erit
1789 1855 2047 1914 Dominus

473 1944 673 2014 ﬁducia
705 1944 877 2014 ejus‘.
915 1943 981 1998 Ει
1007 1945 1113 2001 erit
1131 1945 1291 2016 quasi
1321 1945 1530 2018 lignum
1564 1947 1711 2019 quod
1738 1951 2050 2022 trausplau-

2148 1859 2251 1915 καὶ
2291 1858 2461 1913 ἔσται
2498 1858 2713 1927 Κύριος
2740 1856 2918 1923 ἐλπίς
2949 1855 3165 1911 αὐτοῦ·
3203 1854 3302 1910 καὶ
3331 1854 3505 1909 ἔσται
3535 1854 3620 1921 ὡς
3654 1852 3720 1907 τὸ

2151 1949 2344 2015 ξύλον
2369 1948 2666 2017 εὐθηνοῦν
2684 1950 2822 2017 παρ’
2849 1947 3059 2011 ὕδατα,
3092 1946 3191 2001 καὶ
3214 1946 3312 2000 ἐπὶ
3350 1945 3569 2016 ικμὰόα
3606 1944 3721 2009 βαι

475 2046 622 2089 tatur
648 2051 813 2107 super
844 2052 1051 2107 aquas,
1085 2036 1232 2108 quod
1265 2037 1333 2094 ad
1374 2039 1656 2095 humorem
1691 2040 1857 2096 mittit
1902 2043 2052 2099 radi-

2162 2038 2248 2095 lsi
2277 2038 2449 2108 ῥίζαν
2491 2036 2695 2095 αὑτοῦ.
2734 2037 2845 2092 Καὶ
2882 2036 3136 2091 Ἦσαῖουυ
3167 2035 3382 2104 Κύριος
3422 2031 3722 2132 Βασιλεύς
3820 2100 3821 2105 η

476 2144 570 2185 ces
599 2145 750 2193 suas,
775 2138 830 2184 et
859 2145 966 2184 non
996 2130 1227 2196 timebit,
1251 2147 1378 2187 cum
1402 2133 1610 2189 venerit
1635 2136 1855 2191 aestus'.
1883 2134 2053 2193 lsaias

478 2230 659 2275 autem
697 2221 995 2277 :Dominus
1027 2238 1120 2277 rex
1153 2232 1349 2289 noster,
1394 2224 1652 2282 Dominus
1693 2237 1930 2282 servator
1955 2245 2052 2283 no-

478 2322 586 2367 ster
618 2327 639 2366 :
676 2313 785 2384 ipse
811 2313 1038 2369 salvabit
1064 2315 1214 2370 nos'.
1254 2314 1389 2371 Ecce
1416 2315 1555 2373 Deus
1594 2317 1845 2374 Salvator
1882 2337 2049 2387 meus,

480 2404 803 2473 ﬁducialiter
830 2421 1007 2477 agam,
1039 2416 1089 2462 et
1120 2423 1223 2463 non
1255 2409 1441 2464 timebo
1465 2410 1507 2465 ’.
1554 2408 1697 2478 Quin
1746 2424 1799 2469 et
1849 2410 2053 2472 Paulus

481 2510 584 2552 nos
619 2495 895 2563 admonet,
927 2496 1115 2554 dicens
1152 2516 1167 2554 :
1224 2502 1509 2556 Teneamus
1548 2503 1658 2571 spei
1685 2515 1883 2560 nostra:
1928 2522 2053 2565 con-

481 2588 763 2658 fessionem
794 2605 813 2645 :
856 2590 1026 2659 ﬁdelis
1053 2593 1193 2645 enim
1221 2601 1321 2658 est,
1348 2595 1438 2664 qui
1461 2597 1837 2664 repromisit”.

552 2682 746 2739 Divina
792 2683 960 2756 igitur
993 2685 1116 2751 bac,
1162 2696 1217 2743 et
1264 2689 1502 2759 reposita
1536 2704 1635 2760 spe
1675 2696 1949 2748 enutritus
1991 2692 2050 2747 S.

482 2773 753 2846 Ephraem,
797 2776 1036 2833 humana
1066 2794 1130 2834 ac
1161 2781 1475 2836 transitoria
1521 2797 1860 2854 quaecunque
1905 2800 2058 2856 sper-

481 2884 641 2935 nens,
675 2871 1066 2943 sempiternam
1099 2873 1319 2930 assidue
1348 2876 1579 2946 gloriam
1608 2880 2054 2949 concupiscebat.

480 2960 737 3018 Amorem
772 2979 902 3020 vero
934 2965 988 3020 in
1014 2964 1184 3021 Deum
1214 2974 1269 3022 et
1301 2968 1610 3037 proximum
1647 2968 1785 3025 adeo
1816 2974 2055 3027 servavit

2150 2131 2339 2203 ἡμῶν,
2382 2130 2596 2200 Κύριος
2634 2129 2837 2199 Σωτὴρ
2876 2126 3066 2200 ἡμῶν,
3104 2126 3286 2194 αὐτὸς
3317 2124 3501 2180 σώσει
3539 2123 3723 2194 ἡμᾶς.

2163 2224 2309 2280 Ἰδοὺ
2339 2226 2372 2278 ό
2408 2224 2555 2290 Θεὸς
2579 2226 2612 2277 ό
2638 2222 2842 2292 Σωτήρ
2861 2238 2980 2291 μου
3005 2220 3237 2290 Κύριος,
3267 2215 3562 2282 πεποιθὼς
3580 2215 3725 2270 ἔσο-

2147 2333 2252 2387 μαι
2301 2314 2396 2369 ἐπ’
2438 2313 2597 2380 αὐτῷ
2639 2314 2738 2368 καὶ
2774 2312 3172 2383 θαρσήσομαι.
3215 2310 3322 2365 Τοῦ
3358 2308 3628 2381 μακαρίου
3666 2306 3735 2368 δι,

2152 2408 2362 2465 Παύλου
2390 2405 2780 2482 παραινοῦντος
2805 2406 2900 2460 καὶ
2927 2404 3211 2474 λέγοντος’
3243 2399 3583 2471 Κατέχομει⁹
3607 2398 3729 2467 τὴν
3820 2450 3821 2457 η

2152 2501 2517 2572 ἐπαγγελίαν
2540 2498 2653 2570 τῆς
2688 2496 2936 2565 ἐλπίδος
2956 2512 2972 2528 ·
3002 2495 3218 2563 πιστὸς
3242 2494 3357 2565 γὰρ
3386 2496 3420 2549 ὀ
3453 2492 3728 2563 ἐπαγ-τει-

2152 2592 2414 2663 λάμενος
2440 2590 2604 2661 ἡμῖν.

2226 2682 2412 2757 Ταύτῃ
2451 2685 2520 2755 τῇ
2558 2682 2678 2754 θείᾳ
2721 2681 2814 2735 καὶ
2855 2678 3195 2752 ἀποκειμένη
3231 2676 3406 2732 ἑλπίδι
3446 2674 3729 2749 εἰστρεφό-

2158 2792 2341 2848 μενος,
2368 2772 2474 2828 τῶν
2502 2772 2781 2844 κοσμικῶν
2816 2772 3072 2825 ἁπάντων
3102 2768 3461 2841 περιεφρόνει.
3500 2767 3595 2823 καὶ
3625 2766 3729 2836 τῆς

2157 2870 2375 2927 αίωνίου
2403 2866 2562 2939 δόξης
2591 2866 2827 2935 ἑκάστης
2859 2862 3118 2935 ἱμείρετο.
3164 2862 3406 2931 Ἀγάπην
3435 2858 3492 2915 δὲ
3518 2857 3617 2929 τὴν
3646 2859 3729 2922 εἰς

2160 2963 2292 3017 Θεόν
2319 2978 2379 3018 τε
2408 2962 2502 3016 καὶ
2543 2960 2635 3014 τὸν
2663 2958 2888 3029 πλησίον
2916 2956 3088 3019 οὕτως
3115 2953 3360 3026 ἀκριϐῶς
3402 2950 3727 3021 ἐφυλάξατο,

483 3054 746 3122 studiose,
779 3064 839 3110 ut
862 3072 929 3111 ex
961 3056 1063 3112 hoc
1089 3057 1359 3114 decedens
1386 3060 1758 3128 saeculo,ha2c
1788 3063 1929 3118 inter
1956 3078 2054 3133 po-

2162 3055 2236 3121 ὼς
2262 3054 2422 3110 αὐτὸν
2447 3055 2619 3109 εἰπεῖν
2645 3053 2862 3118 οὑτωσὶ,
2899 3049 2995 3104 τοῦ
3042 3048 3158 3120 βίου
3199 3046 3529 3116 ἀπαίροντα·
3562 3044 3738 3098 καλὸν.

482 3154 686 3203 strema
720 3147 948 3203 referret
985 3166 999 3203 :
1032 3165 1128 3220 par
1154 3150 1301 3206 enim
1327 3161 1412 3208 est
1437 3152 1555 3225 ipsa
1586 3154 1752 3211 verba
1786 3156 1962 3211 sancti
1990 3156 2058 3211 il-

481 3237 592 3296 lius
631 3239 829 3306 Patris,
864 3250 1121 3310 tanquam
1154 3243 1305 3298 omni
1338 3243 1807 3301 demonstratione
1845 3247 2059 3317 potiora

484 3331 541 3389 in
572 3333 810 3388 medium
838 3334 1159 3403 producere.
1194 3335 1355 3391 Nullo
1384 3336 1544 3392 modo
1571 3336 1626 3391 in
1654 3346 1764 3392 tota
1786 3353 1903 3393 mea
1927 3339 2058 3404 vita,

484 3422 681 3493 inquit,
732 3423 998 3481 adversus
1048 3425 1337 3483 Dominum
1383 3426 1814 3485 contumeliosus
1854 3430 2059 3498 exstiti,

485 3530 590 3571 nec
633 3531 816 3571 sermo
844 3518 1048 3574 stultus
1076 3534 1107 3574 e
1153 3519 1317 3576 labiis
1351 3520 1488 3576 meis
1518 3534 1775 3593 egressus
1806 3528 1912 3577 est.
1956 3520 2062 3577 Ne-

487 3608 690 3663 minem
726 3609 781 3663 in
812 3610 959 3664 omni
992 3612 1101 3666 vita
1134 3628 1253 3668 mea
1285 3612 1591 3669 maledictis
1635 3613 1858 3669 oneravi
1888 3631 1903 3681 ;
1958 3630 2061 3670 nec

487 3713 613 3753 cum
637 3700 748 3756 ullo
776 3701 934 3771 plane
957 3701 1273 3759 Christiano
1299 3703 1520 3759 homine
1547 3705 1947 3763 contentiosum
1978 3722 2063 3763 me

489 3792 716 3863 praebui.
778 3796 820 3848 Ο
855 3794 1063 3853 felicem
1099 3796 1363 3868 linguam,
1398 3813 1520 3867 qua:
1552 3797 1888 3855 conﬁdenter
1912 3799 2062 3869 ejus-

490 3881 635 3938 modi
663 3900 850 3942 vocem
882 3886 1085 3955 emisit,
1117 3904 1239 3958 qua:
1274 3889 1408 3945 solis
1440 3889 1788 3959 potissimum
1831 3890 2061 3962 angelis,

491 3986 713 4049 propter
757 3980 924 4033 vitam
958 3980 1028 4034 ab
1072 3981 1222 4036 omni
1262 3981 1492 4036 materia
1537 3981 1946 4054 mutationeque
1974 3998 2065 4038 re-

491 4077 716 4134 motam,
739 4071 1018 4141 congruitl
1056 4071 1124 4125 At
1149 4072 1306 4128 nobis
1333 4071 1484 4127 carni
1509 4072 1895 4138 servientibus,
1920 4072 2061 4129 haud

491 4162 566 4217 ita
595 4164 880 4230 convenit,
930 4173 1240 4235 nostraeque
1274 4172 1480 4220 naturae
1524 4166 1671 4221 vires
1697 4165 1873 4236 magis
1898 4181 2065 4222 exsu»

491 4262 667 4325 perat,
698 4270 862 4326 quam
901 4264 960 4311 ut
993 4255 1153 4313 facile
1180 4257 1454 4327 exmquari
1484 4244 1644 4312 iactis
1672 4266 1855 4327 queat.

569 4347 635 4402 Et
667 4356 727 4401 ut
758 4349 1054 4420 plurimum
1090 4349 1309 4405 labores
1332 4390 1347 4411 ,
1404 4349 1655 4420 vitasque
1704 4349 1921 4403 illorum
1969 4362 2065 4403 ex-

2160 3150 2269 3223 γάρ
2296 3148 2433 3211 αύτά
2458 3148 2527 3203 τὰ
2554 3147 2775 3218 ῥήματα
2794 3144 2886 3199 τοῦ
2914 3143 3172 3214 θεοφόρου
3197 3142 3411 3214 Πατρός
3450 3142 3529 3204 εἰς
3562 3140 3728 3211 μέσον

2159 3244 2406 3311 ἀγαγεῖν,
2447 3241 2731 3313 κρείττονα
2778 3237 2960 3306 πάσης
3003 3234 3327 3300 ἀποδείξεως
3371 3232 3732 3303 τυγχάνοντα.

2160 3333 2443 3405 οὐδαμῶς,
2489 3332 2675 3403 φησὶν,
2718 3332 2777 3385 ὲν
2819 3330 2968 3400 πάσῃ
2998 3330 3063 3399 τῇ
3110 3327 3223 3397 ζωῇ
3271 3342 3374 3397 μου
3416 3324 3737 3395 ἐλοιδόρησα.

2160 3424 2384 3497 Κύριον,
2415 3426 2505 3482 καὶ
2552 3423 2709 3492 λόγος
2756 3423 2946 3494 ἄφρων
2983 3421 3045 3475 ού
3086 3419 3330 3491 παρῆλθε
3356 3418 3465 3472 τῶν
3503 3416 3738 3488 χειλέωι

2164 3536 2287 3589 FW-
2337 3519 2426 3574 Ἐν
2474 3516 2623 3588 πάσῃ
2654 3518 2721 3587 τῇ
2755 3514 2867 3585 ζωῇ
2919 3529 3019 3584 μου
3068 3510 3464 3582 κατηρασάμην
3507 3508 3607 3561 οὐκ
3642 3507 3731 3561 ού,

2159 3610 2304 3673 δένα,
2336 3608 2456 3663 καθ’
2485 3608 2606 3661 ὅλου
2644 3624 2703 3659 τε
2732 3606 2849 3677 μετ’
2878 3603 3092 3668 οὐδενὸς
3118 3603 3311 3659 πιστοῦ
3341 3601 3727 3672 ὲμαχησάμην.

2160 3696 2231 3754 Ὦ
2265 3700 2509 3771 μακαρία
2554 3697 2795 3767 γλῶσσα,
2830 3697 2954 3768 ἣτις
2993 3696 3312 3769 θαρῤήσασα
3350 3693 3605 3764 τοιαύτην
3636 3692 3741 3764 ἐρα.

2164 3792 2291 3864 ρηξε
2326 3792 2529 3862 φωνὴν,
2565 3792 2598 3862 ἢ
2650 3790 2831 3861 μόνοις
2877 3790 2990 3853 τοῖς
3021 3787 3273 3857 ἀγγέλοις
3302 3784 3729 3859 πρεπωδεστάτη

2161 3884 2440 3955 τυγχάνει,
2484 3882 2573 3938 διά
2605 3882 2667 3935 τὸ
2705 3882 2865 3938 ἀῦλον
2905 3880 2999 3934 καὶ
3035 3879 3396 3935 ἀστασίαστον
3435 3877 3535 3948 τῆς
3562 3876 3717 3947 ζωῆς.

2173 3974 2333 4045 Ἦμῖν
2360 3973 2417 4031 δὲ
2435 3975 2546 4038 τοῖς
2570 3975 2637 4047 τῇ
2668 3972 2831 4044 σαρκὶ
2856 3970 3184 4036 δουλεύουσι,
3214 3969 3337 4041 ξένη
3361 3969 3454 4023 καὶ
3476 3968 3614 4039 ὑπὲρ
3633 3966 3739 4038 τὴν.

2162 4067 2345 4139 φύσιν.
2378 4065 2472 4120 καὶ
2498 4064 2731 4138 χαλεπὸν
2752 4063 3181 4139 κατορθωθῆναι.

2233 4333 2343 4386 Καὶ
2375 4330 2544 4388 πολλά
2585 4329 2682 4401 μὲν
2731 4329 2926 4401 κάμοις
2969 4328 3115 4400 βίους
3159 4326 3457 4399 ἀνερευνῶν
3500 4324 3609 4379 τῶν
3648 4325 3734 4379 ἐπ’

492 4440 697 4511 plores,
738 4413 830 4510 qui
860 4440 1158 4495 virtutibus
1203 4439 1335 4495 clari
1366 4413 1617 4505 fuerunt;
1647 4439 1734 4493 vix
1761 4448 1938 4494 tamen
1974 4438 2052 4492 ul-

2164 4423 2385 4495 ἀρεταῖς
2423 4421 2782 4497 περιϐοήτων,
2817 4418 3053 4492 οὐδαμοῦ
3089 4417 3146 4472 δέ
3185 4436 3237 4471 τι
3267 4415 3502 4470 τοιοῦτον
3534 4413 3734 4486 εὕροις,

494 4532 605 4586 lum
639 4531 767 4587 huic
814 4530 991 4588 simile
1044 4546 1193 4602 pura:
1236 4534 1573 4601 sincerthue
1606 4529 1893 4584 charitatis
1924 4529 2063 4583 indi-

493 4625 639 4678 cium
697 4623 963 4694 reperias.
1028 4622 1087 4677 Si
1141 4625 1287 4678 enim
1351 4625 1492 4679 inter
1546 4629 1775 4677 cunctas
1834 4622 2064 4675 virtutes

494 4714 732 4772 maxime
778 4714 1035 4784 praecellit
1086 4714 1367 4780 cbaritas,
1415 4715 1557 4768 hanc
1606 4712 1683 4769 ita
1734 4720 1920 4766 noster
1974 4710 2065 4767 hic

494 4808 732 4864 excoluit
765 4806 1035 4878 Ephraam,
1090 4815 1149 4863 ut
1191 4807 1374 4863 nullus
1404 4806 1542 4861 alius
1574 4803 1747 4874 magis
1789 4818 1854 4859 ex
1884 4802 2064 4859 Patri-

494 4902 619 4957 bus.
654 4898 760 4959 Sed
792 4901 1051 4971 quoniam
1079 4900 1241 4971 digna
1272 4899 1505 4969 quisque
1534 4898 1771 4969 propriis
1799 4894 1958 4955 factis
1983 4910 2068 4949 ac-

495 5004 753 5066 cepturus
787 5005 871 5051 est
895 4994 1199 5064 praemia",
1249 5010 1317 5048 ne
1347 4991 1540 5049 Patres
1573 4990 1831 5047 Patribus
1878 4990 2067 5049 videa-

498 5106 621 5144 mur
650 5088 920 5154 conferre,
964 5087 1067 5143 ista
1096 5088 1219 5143 aliis
1246 5084 1641 5141 consideranda
1689 5084 1875 5157 potius
1902 5083 2070 5139 relin-

499 5196 750 5253 quemus.
794 5179 979 5251 Neque
1002 5179 1167 5234 etiam
1200 5178 1314 5234 haec
1344 5180 1461 5249 ipsa
1487 5176 1914 5247 comparationis
1935 5190 2069 5231 cau-

500 5289 560 5330 sa
586 5289 615 5326 a
648 5272 805 5327 nobis
854 5278 982 5326 sunt
1016 5269 1184 5334 dicta,
1217 5268 1309 5324 sed
1345 5280 1401 5324 ut
1428 5267 1628 5339 populo
1659 5267 1808 5320 clare
1834 5273 2068 5332 constet,

500 5373 751 5419 nostrum
784 5361 950 5424 hunc,
981 5368 1074 5414 aut
1120 5359 1306 5414 verius
1348 5358 1620 5415 universa:
1665 5355 1924 5411 Ecclesiae
1966 5354 2069 5410 do-

502 5462 707 5509 ctorem
746 5453 803 5508 S.
837 5452 1108 5523 Ephrem,
1160 5450 1228 5506 ad
1256 5464 1575 5519 supremum
1615 5449 1842 5520 gradum
1875 5446 1929 5507 in
1958 5444 2073 5516 spi-

505 5547 646 5602 ritali
681 5546 940 5601 virtutum
967 5546 1115 5602 scala
1142 5542 1477 5617 pervenisse.

578 5682 597 5713 ³
622 5678 766 5736 Psal.
809 5695 978 5734 xmt.
1026 5679 1080 5731 7.
1154 5677 1175 5710 ⁸
1211 5676 1355 5734 Psal.
1385 5691 1538 5735 xxxi,
1594 5674 1682 5730 10.
1754 5673 1777 5705 ⁸
1815 5672 1954 5726 P-eai.
1987 5684 2049 5727 ex

2174 5710 2186 5734 ,
2217 5670 2266 5725 1.
2345 5668 2367 5700 ⁸
2398 5664 2542 5721 Psal.
2569 5678 2755 5736 xxxix,
2782 5663 2835 5736 ᾗ.

578 5753 598 5783 ⁸
640 5753 951 5819 lsa.xxxttt,
983 5749 1072 5805 2‘2.
1184 5750 1204 5781 ’
1241 5750 1340 5807 lsu.
1376 5763 1486 5813 xu,
1528 5743 1583 5801 Ξ.
1696 5744 1735 5775 ¹⁶
1768 5742 1929 5817 ῌεὶπ.
1960 5760 2011 5807 x,
2041 5742 2130 5799 25.

2166 4512 2276 4571 οἷον
2308 4514 2401 4569 ἐπὶ
2426 4514 2503 4584 τῷ
2536 4511 2877 4585 προκειμένῳ
2902 4511 3094 4583 Ila-:91,
3122 4512 3201 4573 εἰς
3234 4509 3479 4580 διήγησιν
3513 4508 3738 4577 σημεῖον

2171 4608 2415 4679 καθαρᾶς
2443 4606 2533 4660 καὶ
2556 4604 2888 4677 ἀκηλιδώτου
2912 4604 3151 4674 ἀγάπης.
3192 4602 3254 4655 Ei
3287 4597 3379 4654 οὖν
3404 4599 3600 4672 μείζων
3634 4616 3738 4653 πα-

2171 4700 2279 4755 σῶν
2304 4699 2412 4752 τῶν
2441 4696 2650 4774 ἀρετῶν
2674 4699 2707 4764 ἡ
2738 4695 2924 4767 ἀγάπη
2943 4711 2956 4725 '
2997 4693 3200 4763 ταύτην
3238 4693 3294 4745 δὲ
3334 4692 3409 4754 ὡς
3443 4691 3542 4744 οὐκ
3582 4689 3738 4753 ἄλλος

2167 4811 2252 4856 τις
2275 4792 2385 4849 τῶν
2413 4790 2669 4863 Πατέρων
2704 4788 3061 4862 κατώρθωσεν
3100 4785 3339 4860 Ἐφραῖμ
3360 4787 3389 4839 δ
3440 4782 3739 4857 μακάριοςο

2171 4884 2508 4957 ἀπολήψεται
2547 4883 2607 4937 δὲ
2635 4882 2863 4945 ἕκαστος
2899 4879 3043 4936 κατά
3072 4878 3142 4932 τά
3177 4878 3312 4950 ἔργα
3351 4875 3546 4936 αὑτοῦ·
3577 4875 3640 4928 τὸ
3674 4877 3738 4929 ἐκ

2166 4979 2372 5038 τούτων
2396 4977 2573 5042 ἄλλοις
2609 4973 2990 5048 συμπεραίνειν
3028 4971 3519 5043 παραχωρήσομεν.
3547 4968 3633 5021 ἵνα
3664 4969 3736 5039 μὴ

2168 5070 2407 5141 δόξωμεν
2461 5066 2826 5139 παραὸάλλειν
2876 5064 3122 5139 Πατράσι
3179 5062 3443 5133 Πατέρας.
3494 5061 3570 5113 υὺ
3632 5059 3737 5129 γάρ

2169 5161 2504 5241 συγκρίσεως
2556 5160 2713 5231 χάριν
2754 5156 2814 5210 τὸ
2866 5156 3028 5233 ῥηθὲν
3073 5154 3514 5225 παρειλήφαμεν,
3553 5150 3627 5214 ὡς
3674 5150 3739 5205 ἂν

2169 5257 2224 5311 δὲ
2263 5256 2420 5327 μόνον
2454 5253 2545 5315 ὑπ’
2585 5252 2708 5323 ὄψιν
2750 5252 2861 5315 τοῖς
2905 5247 3118 5312 πολλοῖς
3167 5248 3626 5318 παραστήσωμεν,
3664 5244 3738 5306 ὡς

2174 5353 2263 5407 ἐπ’
2289 5345 2453 5403 αὑτοῦ
2496 5345 2592 5400 τοῦ
2636 5345 2804 5417 ἄκρου
2849 5342 3047 5412 ἔφθασε
3085 5341 3181 5410 τῆς
3222 5337 3591 5409 πνευματικῆς
3631 5336 3736 5388 τῶν

2166 5440 2375 5513 ἀρετῶν
2419 5438 2683 5507 κλίμακος
2730 5437 2759 5489 ὁ
2798 5436 3079 5506 ἡμέτερος,
3114 5431 3310 5503 μᾶλλον
3336 5430 3393 5484 δὲ
3437 5429 3534 5499 τῆς
3561 5430 3735 5482 οἰκου-

2173 5534 2340 5605 μένης
2367 5528 2684 5592 διδάσκαλος
2724 5526 2980 5598 Ἑφραῖμ.

2911 5663 2931 5692 ⁷
2970 5622 3079 5716 Jer.
3141 5676 3272 5721 xvtt,
3327 5660 3380 5725 ῖς
3414 5656 3554 5712 PsaL
3603 5672 3641 5721 ι,
3681 5656 3731 5716 ὗς

2243 5741 2281 5773 ¹¹
2313 5737 2501 5798 Matth.
2538 5733 2759 5802 xvt,27.
2791 5732 2948 5791 Rom.
2984 5750 3043 5799 ll,
3083 5731 3168 5786 16.
