3850 6422
168 315 284 374 889

243 441 545 497 Εὐσέϐειαν
576 444 633 499 δὲ
660 448 719 501 ὲν
769 451 837 520 τῇ

167 534 579 606 πορευσάμενος
606 537 769 609 (κατά
793 540 855 594 τὸ
884 543 941 596 ἐν
982 543 1102 597 Ἰὼϐ
1126 546 1412 618 εἰρημένον
1430 567 1444 581 ·
1485 552 1629 608 Ἰδοὺ
1654 534 1755 609 et)-

1191 330 1280 387 DE
1324 332 1484 390 Vl'l‘A
1521 336 1581 393 S.
1622 338 1876 399 PATRIS
1913 344 2221 404 EPHREM
2263 350 2444 410 SYRI.

880 450 978 522 τῆς
1003 454 1170 518 ὅντως
1201 457 1391 528 κτήσει
1422 460 1616 530 σοφίας
1658 463 1731 535 ἐμ

1929 468 2194 527 Pietatem
2224 490 2355 529 vero
2394 482 2558 546 atque
2607 474 2925 547 religionem
2961 491 3016 530 ιιι
3047 489 3173 529 vera
3206 472 3424 543 sapien-

3318 349 3422 405 850

1856 564 1945 616 tize
1976 565 2323 632 possessione
2356 568 2716 637 comparavit,
2756 567 3056 623 secundum
3103 565 3238 621 illud
3264 564 3367 622 Job
3404 584 3420 622 :

164 623 375 731 ιὶἐὸειά
419 629 548 682 ἐστι
578 633 784 700 σοφία)
833 633 900 688 δι’
932 635 1139 707 αὐτῆς,
1182 639 1257 704 ὡς
1304 643 1500 715 μικρὸν
1548 645 1732 700 ἀνωθε·

1854 651 1991 708 Ecce
2023 655 2194 709 cultus
2225 655 2324 711 Dei
2356 667 2433 713 est
2467 623 2805 729 sapientia“.
2836 659 2939 715 Per
2969 660 3140 725 illam,
3172 668 3231 714 ut
3262 660 3425 731 paulo

162 718 537 792 ἐδηλώσαμεν,
565 723 664 793 τῆς
697 725 930 790 πίστεως
962 727 1124 782 αὐτοῦ
1164 730 1221 784 τὸ
1254 733 1491 805 καθαρὸν
1522 736 1754 810 διαγρά-

163 829 381 878 φσντες,
416 816 494 878 είς
530 816 757 887 οὐρανὸν
791 821 890 889 μὲν
920 821 1120 893 τρίτον,
1152 824 1297 879 κατά
1324 827 1554 893 Παῦλον,
1589 829 1753 902 ἀνῆλ-

162 903 295 971 θεν,
336 906 601 962 ἀθάνατον
643 910 829 983 δὲτὴν
873 918 1093 986 μνήμην
1134 918 1228 971 καὶ
1277 918 1475 991 διαρκῆ
1517 920 1617 993 τὴν
1663 923 1753 977 εύ-

161 998 354 1051 κλειαν
386 1000 537 1071 παρά
569 1004 635 1073 τῇ
680 1004 971 1079 Ἐκκλησία
1017 1008 1426 1083 πεπλούτηκενο
1468 1014 1502 1085 ἡ
1552 1014 1750 1088 μελέτη

159 1088 222 1143 δὲ
249 1089 427 1162 τούτῳ
446 1092 555 1146 τῶν
583 1091 741 1148 θείων
762 1096 990 1169 Γραφών
1020 1098 1082 1153 ὲκ
1119 1101 1217 1172 τῆς
1242 1103 1531 1176 Δαϐιδικῆς
1576 1106 1749 1177 ἀνῆψε

158 1177 468 1249 λαμπάδος,
506 1182 610 1237 Ἐν
636 1183 712 1253 τῇ
730 1186 957 1258 μελέτῃ
996 1207 1136 1258 μου,
1182 1192 1499 1262 φάσκοντος,
1533 1194 1749 1251 ἐκκαυ-

159 1270 411 1336 θήσεται
437 1273 576 1344 πῦρ.
615 1274 792 1350 Ἔρως
824 1280 932 1351 γάρ
969 1281 1129 1335 αὑτὸν
1174 1283 1413 1355 πολήσας
1452 1302 1749 1357 πνευματι-

158 1365 269 1434 κῆς
296 1365 547 1435 θεωρίας,
564 1370 644 1433 είς
666 1370 837 1441 φλόγα
860 1373 1131 1444 μετέωρον
1154 1373 1244 1428 τὸν
1274 1376 1437 1430 πόθον
1466 1378 1745 1449 ἀνήγειρε.

160 1456 353 1511 Πᾶσαν
402 1458 512 1531 γάρ
566 1460 811 1515 Παλαιὰν
857 1478 918 1515 τε
972 1464 1067 1516 καὶ
1116 1465 1325 1536 Καινὴν
1377 1464 1749 1538 ἐκμελετήσας

156 1549 406 1622 Γραφὴν,
440 1551 535 1605 καὶ
556 1552 630 1616 ὡς
652 1553 752 1607 οὐκ
774 1553 930 1620 ἀλλος
959 1572 1043 1619 τις
1082 1558 1195 1619 τοῖς
1239 1556 1500 1621 τοιούτοις
1541 1557 1744 1632 θεωρή-

157 1657 330 1709 μασιν
372 1643 860 1716 έμφιλοχωρήσας,
914 1645 1042 1718 ὃλην
1088 1648 1331 1719 ἀκριϐῶς
1395 1649 1531 1721 πρὸς
1598 1649 1746 1717 λέξιν

152 1731 525 1803 ήρμήνευσεν,
554 1735 661 1789 ἀπό
694 1753 754 1790 τε
783 1738 879 1808 τῆς
903 1739 1309 1809 κοσμογενείας,
1335 1739 1429 1795 καὶ
1457 1740 1616 1811 μέχρι
1643 1741 1745 1812 τῆς

1853 753 2002 811 ante,
2056 746 2202 802 illius
2247 749 2543 820 puritatem
2589 749 2712 805 ﬁdei
2758 750 3152 815 describentes,
3183 748 3426 806 ostendi-

1851 852 1995 899 mus,
2024 840 2299 909 quomodo
2341 839 2400 899 S.
2430 839 2633 898 Paulus
2660 841 2715 896 in
2765 841 2981 896 tertium
3023 841 3269 897 ascendit
3310 855 3424 897 cte-

1851 928 1962 983 lnm
1984 929 2047 995 “,
2082 939 2451 1001 aeternamque
2480 932 2583 988 sibi
2609 932 2845 989 nominis
2873 934 3101 1004 gloriam
3144 934 3198 988 in
3232 926 3452 989 Eccle-’

1848 1020 1985 1075 siam
2011 1024 2240 1093 paravit.
2279 1023 2571 1079 Sacrarum
2612 1040 2830 1095 quoque
2863 1023 3269 1095 Scripturarum
3291 1024 3421 1082 huic

1846 1128 1913 1167 ex
1949 1113 2206 1171 Davidica
2232 1115 2453 1173 lucerna
2499 1131 2730 1173 accensa
2769 1124 2853 1173 est
2883 1116 3184 1180 meditatio,
3219 1132 3421 1173 secun-

1847 1205 1978 1261 dum
2012 1206 2159 1263 istud
2198 1227 2213 1263 :
2253 1206 2318 1263 In
2350 1209 2692 1265 meditatione
2720 1226 2836 1264 mea
2869 1208 3168 1264 exardescet
3198 1209 3418 1280 ignis".

1848 1294 2128 1367 Siquidem
2149 1312 2325 1367 amor,
2342 1300 2582 1357 caelestis
2599 1299 3072 1369 contemplationis
3097 1299 3220 1371 igne
3241 1303 3420 1370 ipsum

1847 1390 2154 1454 accendens
2176 1429 2192 1457 ,
2248 1391 2566 1447 sublimium
2599 1406 2783 1448 rerum
2833 1393 3087 1449 ardorem
3121 1392 3418 1448 excitabat.

1834 1479 1979 1559 Nam
2006 1496 2220 1536 omnem
2246 1494 2300 1538 et
2325 1482 2617 1553 Antiquam
2639 1492 2694 1539 et
2715 1484 2918 1539 Novam
2952 1481 3294 1553 Scripturam
3321 1498 3419 1539 as-

1843 1572 2006 1629 siduo
2032 1574 2234 1639 studio,
2268 1583 2327 1630 ut
2362 1575 2545 1646 quivis
2569 1574 2733 1639 alius,
2766 1574 3014 1632 studiose
3046 1574 3311 1639 versavit,
3333 1589 3421 1631 aco

1842 1673 2145 1749 curateque
2191 1665 2257 1721 ad
2287 1667 2513 1721 verbum
2542 1674 2626 1722 est
2673 1665 3085 1737 interpretatus,
3113 1677 3167 1721 et
3196 1664 3266 1721 ab
3296 1665 3415 1737 ipsa

1843 1758 2225 1830 procreatione
2273 1757 2486 1823 mundi,
2529 1773 2704 1829 usque
2752 1758 2819 1813 ad
2852 1768 3191 1829 postremum
3224 1758 3416 1829 gratia:

152 1823 469 1930 τελευταίας
489 1828 588 1897 τῆς
618 1828 835 1900 χάριτος
867 1828 1071 1899 βίϐλου,
1101 1831 1171 1884 τά
1201 1830 1341 1903 βάθη
1365 1831 1473 1887 τῶν
1506 1849 1732 1904 κεκρυμι

1840 1823 2063 1914 librum,
2112 1865 2235 1922 qua:
2268 1850 2469 1919 abdita,
2511 1823 2739 1924 quaeque
2776 1823 2976 1908 arcana
3020 1866 3087 1908 ac
3130 1823 3413 1909 recondita

153 1914 339 1984 μένων
373 1917 453 1981 είς
488 1918 798 1987 τούμφανὲς
841 1919 1064 1990 ἀγαγὼν
1115 1920 1486 1994 θεωρημάτων
1511 1962 1526 1987 ,
1563 1922 1742 1995 λύχνῳ

157 2006 502 2077 κεχρημένος
533 2007 611 2079 τῷ
644 2008 948 2081 Πνεύματι.

168 2171 188 2187 δ
222 2101 302 2153 υύ
335 2100 497 2171 μόνον
523 2101 580 2155 δὲ
604 2101 809 2173 ταύτης
836 2102 937 2173 τῆς
964 2102 1239 2176 ἡμετέρας
1265 2103 1358 2158 καὶ
1384 2102 1739 2158 θεοπνεύστου

151 2193 349 2262 σοφίας
400 2194 520 2248 ὅλον
571 2193 665 2248 τὸν
715 2196 1082 2266 πνευματικὸν
1128 2196 1379 2268 κρατῆρα
1426 2197 1736 2263 ὲκπέπωκε,

150 2285 245 2340 καὶ
270 2286 381 2348 τοῖς
411 2285 589 2350 ἀλλοις
624 2286 925 2358 μετέδωκεν
949 2303 965 2318 ·
991 2287 1126 2341 ἀλλά
1168 2289 1261 2342 καὶ
1291 2288 1391 2359 τῆς
1419 2287 1523 2356 ἔξω
1548 2306 1739 2360 κοσμι-

146 2379 276 2449 κῆς,
304 2379 403 2451 ὅση
430 2396 489 2433 τε
524 2380 653 2451 περὶ
678 2379 738 2433 τὸ
765 2379 1297 2452 κατεγλωττισμένον
1326 2382 1419 2434 καὶ
1457 2381 1614 2452 ὀρθὸν
1642 2381 1736 2435 τοῦ

147 2472 329 2540 λόγου,
358 2471 459 2542 ὅση
489 2488 547 2526 τε
578 2472 703 2545 περὶ
731 2472 794 2526 τὸ
816 2472 926 2526 τῶν
955 2473 1241 2544 νοημάτων
1268 2473 1449 2545 βάθος,
1478 2475 1559 2527 ὅτι
1591 2472 1736 2545 μάλα

147 2562 477 2633 έξασκήσας,
520 2563 644 2618 ὅσον
697 2562 797 2634 μὲν
857 2564 1128 2635 χρήσιμον
1171 2562 1536 2633 προσελάϐετο
1559 2580 1573 2594 ο
1612 2564 1736 2617 ὅσον

144 2656 189 2710 δ’
220 2655 503 2727 ἀνόνητον,
548 2653 872 2721 ἀπεϐάλετο,
902 2654 1063 2727 ζυγῷ-
1091 2654 1433 2727 δικαιοσύνης
1457 2656 1555 2710 καὶ
1593 2658 1735 2729 πρᾶ-

145 2747 229 2814 ξιν
277 2748 371 2801 καὶ
405 2747 638 2819 θεωρίαν
680 2748 1180 2820 ἐμπορευσάμενος.
1227 2748 1475 2818 ’Δγνείαν
1506 2748 1564 2802 δὲ
1602 2766 1733 2803 κατ-

140 2840 370 2913 ώρθωσε
402 2841 581 2911 ψυχῆς
617 2858 675 2895 τε
726 2841 821 2894 καὶ
856 2840 1123 2911 σώματος,
1157 2841 1289 2913 ὅσην
1322 2842 1355 2913 ἠ
1394 2840 1555 2910 φύσις
1594 2840 1732 2912 ἐχώ-

140 2951 262 3006 ρειο
301 2932 502 3005 μᾶλλον
529 2932 586 2987 δὲ
618 2933 712 2986 καὶ
750 2933 888 3004 ὑπὲρ
924 2934 1022 3003 τὴν
1062 2932 1242 3003 φύσινο
1274 2933 1494 3004 χάριτος
1527 2932 1634 3004 γὰρ
1669 2932 1731 2987 τὸ

136 3027 333 3098 δῶρον.
390 3026 526 3081 Οὔτε
584 3026 693 3097 γὰρ
745 3026 842 3100 τὴν
879 3026 1056 3097 ψυχὴν
1101 3028 1199 3097 τῆς
1241 3026 1381 3080 κατά
1425 3026 1516 3079 τὸν
1570 3025 1730 3097 ὀρθὸν

134 3119 300 3186 λόγον
328 3117 492 3184 ἕξεως
514 3118 744 3172 ἐνεδίδου
782 3117 1225 3189 παρασφαλῆναι,
1251 3116 1364 3170 ἀλλ’
1390 3112 1458 3188 ἦν
1488 3116 1564 3181 ὡς
1591 3116 1727 3188 άλη-

1840 1952 2019 2007 erant,
2049 1941 2276 2013 spiritus
2308 1943 2530 2014 adjutus
2570 1943 2794 2011 lumine,
2833 1943 3242 2002 commentariis
3283 1942 3411 2000 illu-

1840 2035 2057 2093 stravit.

1910 2124 2099 2197 Neque
2153 2143 2286 2184 vero
2340 2127 2613 2184 duntaxat
2668 2126 2836 2198 hujus
2894 2136 3100 2184 nostra:
3143 2125 3414 2183 divinitus

1838 2230 2115 2274 concessa:
2147 2220 2431 2289 sapientia:
2463 2220 2655 2275 latices
2703 2218 2907 2283 hausit,
2941 2218 3171 2290 aliisque
3205 2218 3414 2289 imper-

1839 2310 1973 2365 titus
2012 2320 2120 2373 est,
2173 2311 2269 2367 sed
2314 2311 2480 2366 etiam
2515 2325 2631 2375 eas,
2662 2326 2784 2381 qua:
2812 2309 2882 2365 ad
2915 2322 3063 2366 recte
3109 2318 3413 2381 ornateque

1836 2402 2055 2460 dicendi
2089 2406 2380 2469 rationem,
2413 2421 2477 2461 ac
2507 2404 2575 2460 ad
2610 2404 2872 2460 doctrina:
2894 2404 3251 2461 subtilitatem
3285 2416 3413 2474 per-

1836 2496 2032 2565 tinent,
2084 2508 2232 2555 artes
2282 2507 2448 2570 atque
2490 2498 2811 2570 disciplinas
2860 2509 3133 2569 quatenus
3177 2495 3412 2551 ducebat

1834 2589 1999 2646 utiles
2023 2632 2040 2656 ,
2084 2592 2301 2660 rejectis
2340 2590 2499 2647 vanis
2537 2592 2833 2660 stultisque
2876 2590 3039 2645 rebus
3067 2628 3083 2653 ,
3128 2586 3411 2659 aequitatis

1832 2680 1989 2738 lance
2044 2683 2311 2737 actionem
2367 2682 2993 2753 contemplationemque
3053 2680 3408 2753 ponderans,

1831 2770 2094 2827 exercuit.
2141 2772 2318 2827 Animi
2367 2787 2529 2843 porro
2568 2772 2922 2843 corporisque
2959 2772 3258 2837 munditia,
3305 2787 3407 2842 pro

1831 2860 2070 2919 hominis
2111 2870 2331 2928 natura,
2382 2864 2492 2918 imo
2526 2870 2581 2918 et
2609 2877 2777 2933 supra
2825 2862 3196 2918 conditionem
3243 2863 3408 2933 quasi

1831 2952 2124 3007 humanam
2158 2950 2303 3023 (cum
2338 2953 2409 3009 sit
2440 2953 2629 3024 gratiae
2653 2952 2874 3024 donum)
2895 2953 3169 3008 excelluit.
3196 2952 3408 3008 Revera

1829 3044 1976 3097 enim
2004 3043 2189 3099 animo
2217 3044 2439 3114 quidem
2472 3045 2794 3116 imperabat,
2826 3060 3057 3116 corpore
3100 3053 3281 3101 autem
3312 3061 3405 3101 re-

1830 3135 2167 3207 Splendeliat,
2199 3137 2779 3211 perturbationemque
2804 3138 3082 3193 dominam
3107 3136 3405 3193 circumfe-

134 3212 273 3279 θῶς,
298 3212 442 3285 ψυχῇ
490 3212 589 3283 μὲν
626 3212 954 3286 βασιλεύων,
1010 3210 1223 3287 σώματι
1263 3211 1321 3268 δὲ
1372 3211 1729 3281 ἀγλαοφανῶς

1835 3229 2004 3284 rebat.
2040 3227 2196 3296 Quod
2240 3245 2304 3284 ex
2340 3228 2577 3295 insidiis,
2610 3208 2730 3300 quae
2755 3231 2826 3294 ei,
2855 3230 2996 3286 sicut
3022 3228 3296 3283 memoria:
3320 3236 3408 3285 est

134 3305 549 3376 ἐξαστράπτων.
585 3306 696 3359 Καὶ
747 3307 1014 3376 μαρτυρεῖ
1064 3308 1175 3367 τοῖς
1215 3304 1529 3375 λεγομένοις
1559 3306 1592 3375 ἡ
1628 3304 1729 3374 τῆς

136 3398 531 3469 ἱστορουμένης
560 3398 765 3473 πόρνης
807 3396 1098 3471 μεταϐολὴ,
1130 3398 1196 3470 ἣν
1241 3396 1375 3469 πρὸς
1408 3396 1605 3460 κακίας
1640 3396 1728 3451 δέ-

131 3490 272 3561 λεαρ
320 3490 348 3541 ὁ
378 3488 722 3560 βροτοκτόνος
772 3491 1113 3561 χρησάμενος
1149 3488 1346 3559 Βελίαρ
1391 3490 1471 3553 είς
1511 3488 1728 3559 ἀπάτην

132 3578 231 3633 τοῦ
261 3582 672 3653 πεφωτισμένου
701 3582 913 3653 ἀνδρὸς,
946 3582 1195 3637 τοσοῦτον
1217 3582 1423 3653 ἀπέσχε
1453 3582 1547 3637 τοῦ
1578 3581 1729 3637 ἐλπι-

136 3672 392 3738 σθέντος,
421 3674 497 3738 ὼς
547 3674 640 3727 καὶ
691 3674 858 3747 αὐτὴν
895 3674 993 3749 τὴν
1042 3674 1351 3747 μοιχαλιδὴν
1395 3676 1514 3729 κατ’
1560 3672 1726 3728 αὑτοῦ

131 3767 348 3823 ικείνου
396 3766 489 3821 τοῦ
538 3767 933 3841 ὑπερϐαλόντος
988 3767 1401 3841 παρατάξασθαι
1455 3765 1719 3838 Πονηροῦ,

132 3862 232 3915 καὶ
283 3858 637 3931 παραινέσεσι
692 3858 785 3913 καὶ
829 3861 1096 3931 τροπαῖς,
1151 3861 1271 3922 ταῖς
1319 3876 1381 3912 τε
1420 3857 1529 3911 τῶν
1566 3856 1726 3911 θείων

130 3951 312 4021 λόγων
335 3950 566 4021 ἐπῳδαῖς
598 3949 1045 4021 μεταϐληθεῖσαν,
1089 3949 1183 4004 καὶ
1226 3949 1362 4022 πρὸς
1385 3949 1446 4003 τὸ
1477 3952 1725 4022 κρεῖττον

136 4041 631 4114 μεταπλασθείσαν,
672 4039 923 4113 σώφρονα
966 4040 1066 4112 μὲν
1106 4039 1227 4093 ἀντὶ
1271 4039 1591 4103 ἀκολάστου,
1632 4056 1722 4093 σε-

135 4134 271 4204 μνὸν
297 4134 354 4189 δὲ
379 4132 497 4186 ἀντὶ
535 4134 791 4203 ἀσέμνου,
819 4131 915 4187 καὶ
948 4129 1194 4203 καθαράν
1222 4131 1345 4184 ἀντὶ
1381 4129 1723 4203 μεμολυσμέ-

131 4243 235 4298 νης
274 4222 682 4294 ἀποδειχθῆναι.

204 4424 453 4495 Δάκρυον
474 4422 531 4476 δὲ
555 4422 616 4476 τὸ
647 4421 868 4479 ἀένναον
894 4423 1066 4481 εἰπεῖν
1100 4421 1308 4477 ἐκείνου
1339 4420 1553 4493 ῥεῖθρον
1586 4438 1721 4493 προ-

1830 3321 2130 3393 proditum,
2162 3321 2231 3376 ab
2271 3322 2545 3392 impudica
2574 3329 2796 3377 structae
2827 3329 2956 3377 sunt
2988 3320 3235 3385 muliere,
3267 3319 3407 3377 satis

1828 3417 2209 3471 conﬁrmatur.
2257 3415 2391 3470 Nam
2437 3431 2561 3472 cum
2598 3432 2663 3472 ea
2714 3425 2970 3487 tanquam
3009 3430 3136 3471 esca
3167 3415 3405 3486 quadam

1832 3507 2075 3572 malitia),
2106 3508 2170 3561 ad
2207 3507 2498 3562 fallendum
2532 3508 2797 3579 insignem
2834 3525 2899 3563 ac
2926 3524 3107 3563 rarum
3146 3507 3293 3563 hunc
3322 3506 3407 3563 vi-

1828 3615 1949 3654 rum
1977 3600 2249 3655 homicida
2276 3598 2443 3654 Belial
2478 3616 2612 3656 usus
2645 3610 2791 3657 esset
2825 3621 2838 3657 :
2871 3611 3077 3656 tantum
3106 3600 3301 3663 abfuit,
3344 3606 3407 3655 ut

1827 3692 1971 3761 quod
2010 3700 2280 3761 sperarat,
2325 3702 2773 3763 consequeretur,
2808 3702 2865 3746 ut
2920 3694 3085 3747 etiam
3136 3692 3405 3749 adversus

1832 3782 2012 3851 Ipsum
2056 3783 2459 3848 insidiatorem,
2485 3799 2602 3838 eam
2644 3783 2761 3853 ipse
2784 3783 3151 3838 decertantem
3188 3782 3242 3837 in
3269 3797 3406 3838 con-

1826 3872 1975 3929 llictu
2026 3876 2423 3929 constituerit:
2468 3874 2739 3946 siquidem
2779 3874 3272 3941 cohortationibus,
3317 3881 3403 3927 at-

1826 3981 1931 4036 que
1963 3966 2450 4029 admonitionibus,
2488 3965 2906 4034 divinarumque
2934 3966 3208 4018 rationum
3242 3963 3403 4035 quasi

1827 4057 2320 4123 incantationibus,
2380 4057 2554 4126 ipsam
2606 4070 2929 4111 conversam
2990 4055 3058 4110 ad
3117 4055 3400 4111 meliorem

1825 4146 2035 4217 frugem
2071 4145 2323 4216 perduxit
2357 4164 2370 4199 :
2406 4154 2461 4199 et
2488 4161 2554 4199 ex
2605 4144 2880 4217 impudica
2915 4144 3192 4218 pudicam,
3226 4158 3292 4198 ex
3320 4143 3402 4198 la-

1823 4240 1972 4295 sciva
2010 4255 2251 4311 gravem,
2285 4253 2353 4295 ex
2385 4237 2666 4309 inquinata
2701 4253 2891 4308 puram
2924 4245 3244 4308 castamque
3282 4234 3400 4291 red-

1822 4330 1982 4386 didit.

1889 4423 2012 4479 .Iam
2040 4437 2171 4481 vero
2198 4421 2504 4480 diﬂluentes
2537 4437 2601 4476 ac
2656 4430 2950 4493 perpetuas
2997 4419 3171 4491 ipsius
3225 4419 3399 4492 lacry-

128 4515 432 4587 θυμηθέντι
488 4532 599 4586 μοι,
642 4514 896 4586 δακρύειν
938 4515 1107 4578 ὄντως
1144 4513 1469 4585 ἐπέρχεταισ
1520 4512 1600 4569 ὃτι
1641 4515 1715 4587 μὴ

1835 4532 1939 4571 rnas
1972 4514 2171 4571 referre
2204 4516 2429 4578 volenti,
2457 4530 2584 4570 vere
2607 4513 2935 4570 oboriuntur
2961 4511 3237 4585 lacrymm,
3269 4529 3394 4568 cum

125 4610 253 4678 δίχα
279 4607 491 4671 νυύτου,
527 4608 588 4661 τὸ
634 4608 732 4678 μὲν
755 4606 863 4660 τῶν
906 4606 1155 4678 δακρύων
1182 4604 1345 4659 αὑτοῦ
1382 4604 1614 4677 πέλαγος
1638 4606 1717 4681 τῷ

1835 4607 1910 4664 vix
1948 4608 2156 4679 absque
2191 4608 2446 4681 lacrymis
2486 4607 2607 4673 ejus
2652 4606 3015 4677 lacrymarum
3067 4606 3293 4678 pelagus
3329 4606 3396 4660 li-

126 4703 276 4772 λόγῳ
328 4718 411 4763 τις
460 4700 853 4761 διαπλεύσειεν.
904 4700 990 4762 Ὠς
1041 4699 1150 4771 γάρ
1206 4700 1370 4754 πᾶσιν
1409 4699 1715 4772 ἀνθρώποις

1835 4707 1941 4756 :eat.
1976 4702 2334 4757 transfretare
2380 4718 2394 4759 :
2447 4715 2571 4754 nam
2624 4699 2767 4753 sicut
2818 4697 3034 4754 cunctis
3079 4698 3395 4753 hominibus

128 4796 414 4865 σύμφυτον
444 4792 505 4847 τὸ
533 4794 808 4857 ἀναπνεῖν,
846 4792 941 4846 καὶ
969 4793 1054 4846 ἀεὶ⁵
1093 4792 1512 4864 ὲνεργούμενον·
1543 4792 1714 4856 οὕτως

1835 4791 1960 4850 :itra
1988 4792 2449 4849 intermissionem
2477 4791 2728 4862 spiritum
2748 4790 2947 4844 ducere
2968 4796 3053 4845 est
3080 4789 3390 4861 proprium:

139 4884 385 4956 Ἐφραῖμ
412 4885 472 4938 τὸ
513 4886 885 4957 δακρυρροεῖν.
918 4886 992 4938 Ού
1026 4886 1132 4955 γάρ
1162 4885 1365 4961 ἡμέρα,
1405 4885 1467 4947 ού
1506 4885 1622 4950 νὺξ,
1650 4885 1712 4943 οὑ

1844 4895 1896 4939 ta
1956 4885 2114 4939 beato
2148 4884 2398 4957 Ephraam
2450 4884 2669 4939 assidue
2719 4883 2990 4959 lacrymas
3037 4880 3390 4954 profundere,

128 4974 505 5046 μεσονύκτιον,
538 4976 636 5045 οὐχ
680 4975 818 5045 ὥρα,
868 4976 928 5029 ού
981 4977 1213 5045 στιγμῆς
1257 4976 1318 5028 τὸ
1366 4976 1712 5040 λεπτότατον,

123 5067 215 5119 ὅτε
248 5066 411 5136 ξηρὸς
436 5068 465 5119 ὁ
493 5066 680 5123 τούτου
712 5065 1044 5130 ἀνύστακτος
1080 5067 1356 5140 ὀφθαλμὸς
1396 5067 1711 5138 καθωρᾶτο·

124 5159 205 5225 πῆ
243 5157 342 5228 μὲν
373 5158 441 5211 τά
469 5162 643 5231 κοινῇ,
677 5160 751 5232 πῆ
789 5159 844 5212 δὲ
886 5159 953 5212 τά
985 5160 1128 5224 ἰδίως
1164 5160 1610 5229 ἀποκλαιόμενος,
1638 5158 1714 5224 ὼς

122 5250 334 5319 ἔλεγεν,
364 5251 719 5323 ἁτοπήματα·
756 5254 1077 5324 στεναγμοῖς
1105 5252 1161 5306 δὲ
1205 5254 1274 5307 τὰ
1313 5253 1421 5306 τῶν
1453 5252 1715 5324 ὀμμάτων

114 5344 310 5413 σοφῶς
336 5344 643 5415 ἐποχετεύει
665 5344 884 5416 ῥεῖθραο
914 5345 1112 5417 μᾶλλον
1140 5346 1196 5398 δὲ
1225 5345 1489 5416 χεύμασιν
1510 5341 1710 5414 ὀφθαλο

126 5434 247 5503 μῶν
286 5435 411 5499 τοὺς
446 5436 780 5505 στεναγμοὺς
807 5435 1130 5501 ἐξεκαλεῖτο.
1175 5438 1284 5490 Καὶ
1315 5432 1382 5508 ἦν
1411 5436 1713 5508 παράδοξος

122 5522 454 5593 ἀμφοτέρων
486 5525 518 5595 ἠ
546 5525 790 5596 πρόοδος,
837 5524 931 5579 τοῦ
975 5518 1160 5596 ἐτέρου
1204 5525 1350 5578 αἰτία
1386 5526 1480 5579 τού
1523 5525 1710 5597 ἑτέρου

124 5617 473 5687 φαινομένου·
492 5616 700 5671 ἔτικτον
723 5616 832 5688 γὰρ
861 5616 946 5671 ἐπ’
976 5616 1121 5687 αὐτῷ
1150 5617 1356 5687 δάκρυα
1386 5618 1504 5688 μὲν,
1524 5635 1710 5672 στενα-

238 5792 405 5851 "Job
437 5812 545 5862 xu,
581 5798 671 5863 l5;
708 5814 894 5864 x'xvm,
936 5800 1025 5855 ‘28.

1110 5800 1147 5830 ’³
1179 5800 1220 5856 ll
1246 5798 1371 5856 Cor.
1411 5815 1505 5867 ιιι,
1537 5800 1569 5855 ε
1609 5815 1730 5873 sqq.

1819 4984 2019 5031 natura
2071 4975 2475 5045 quodammodo
2550 4974 2836 5030 videbatur
2909 4974 3153 5029 insitum.
3232 4970 3392 5026 Nulla

1818 5070 2021 5141 quippe
2056 5068 2196 5130 dies,
2237 5068 2385 5125 nulla
2417 5084 2547 5131 nox,
2581 5068 2730 5125 nulla
2761 5066 2868 5125 diei
2918 5067 3205 5136 noctisque
3238 5080 3389 5139 pars,

1820 5159 2143 5227 nullumque
2176 5157 2482 5213 brevissimi
2519 5159 2782 5229 temporis
2809 5166 3219 5213 monumentum
3266 5156 3389 5222 fuit,

1818 5251 1875 5308 in
1901 5266 2012 5319 quo
2046 5265 2156 5303 non
2189 5248 2381 5319 vigiles
2412 5249 2587 5319 ipsius
2625 5250 2771 5305 oculi
2806 5249 3063 5325 lacrymis
3100 5249 3387 5323 conspice-

1818 5350 2008 5397 rentur
2036 5340 2247 5412 profusi
2297 5358 2309 5393 :
2358 5357 2504 5396 nunc
2533 5341 2677 5397 enim
2709 5357 3052 5405 communes,
3095 5357 3242 5397 nunc
3273 5340 3388 5413 pri-

1815 5442 1994 5495 vatas,
2033 5441 2091 5487 ut
2122 5433 2322 5501 aiebat,
2345 5434 2680 5489 calamitates
2701 5432 3176 5505 absurditatcsque
3201 5435 3388 5509 deplo-

1817 5525 1972 5582 rabat
2004 5539 2018 5577 :
2057 5525 2311 5595 suspiriis
2336 5542 2501 5596 porro
2525 5525 2810 5582 oculorum
2836 5523 3058 5585 ﬂumina
3088 5527 3387 5600 prudenter

1816 5617 2114 5684 inhibebat,
2147 5624 2241 5671 aut
2266 5618 2448 5689 potius
2479 5616 2764 5673 oculorum
2792 5617 3111 5678 ﬂuminibus
3144 5620 3385 5693 suspiria

1810 5800 1852 5833 ιδ
1892 5795 2038 5855 Psal.
2076 5812 2301 5866 xxxvm,
2332 5798 2384 5854 4.
