3850 6446
439 267 540 322 851

1702 278 1762 333 S.
1800 277 2129 336 GREGOBII
2165 280 2253 335 ΝΥ
2265 281 2459 338 55ΕΝ1

3588 276 3719 333 83?.

441 387 733 442 excitabat.
770 385 1006 458 Eratque
1052 389 1131 445 rei
1166 391 1450 461 utriusque
1478 408 1805 464 progressus
1839 396 2011 450 admi-

2139 398 2286 468 ’μους
2305 437 2320 460 ,
2345 401 2634 471 στεναγμοὶ
2648 401 2703 454 δὲ
2728 400 2888 456 πάλιν
2906 400 3132 473 δάκρυαο
3157 399 3251 453 καὶ
3281 398 3341 452 τὸ
3373 399 3548 452 αἴτιον
3585 397 3719 459 τοῖς

443 476 655 539 rabilis,
687 477 813 530 licet
844 478 1085 548 alioquin
1135 489 1428 551 utrumque
1478 484 1704 538 alterius
1732 483 2008 540 videretur

2139 485 2324 550 πολλοῖς
2343 489 2722 560 ἀγνοούμενον.
2755 493 2966 563 Χρόνου
2987 491 3292 563 γὰρηταῦτα
3323 491 3407 561 μὴ.
3428 490 3719 562 διαιροῦν-

443 581 632 621 causa.
667 567 1013 624 Proﬂuebant
1045 571 1244 642 quippe
1273 573 1376 642 ipsi
1406 573 1678 644 lacrymaz,
1715 576 2012 646 multisque

2139 594 2221 644 ος,
2240 578 2354 631 ἀλλ’
2373 578 2460 632 ἀεὶ
2477 580 2586 634 τῶν
2602 583 2918 653 στεναγμῶν
2932 583 3140 654 δάκρυα
3153 579 3720 667 διαδεχομένωνηξίτα

444 658 725 730 incognita
774 668 890 715 erat
944 677 1135 718 causa.
1214 663 1349 720 Cum
1412 666 1556 721 enim
1613 674 1830 737 tempus
1888 668 2013 723 illas

446 765 553 804 non
602 751 863 814 auferret,
896 755 988 808 sed
1019 763 1206 809 mutua
1236 756 1470 825 quadam
1525 759 1923 823 vicissitudine,
1961 769 2016 816 et

441 845 698 915 lacrymze
727 847 987 917 suspiria,
1021 855 1074 903 et
1103 851 1338 918 suspiria
1368 852 1639 923 lacrymas
1676 852 2012 922 exciperent,

445 937 760 993 alterutrius
814 954 981 995 causa
1041 941 1260 997 latebat.
1326 941 1465 998 Illud
1511 959 1642 1000 vero
1700 953 2014 1016 cognoscet,

445 1030 699 1101 quisquis
730 1032 904 1103 ipsius
936 1034 1144 1104 scripta
1177 1035 1458 1093 evolverit.
1505 1035 1691 1110 Neque
1715 1039 1861 1095 enim
1896 1048 2019 1096 tan-

447 1123 753 1186 tummodo,
792 1125 884 1178 ubi
934 1125 1000 1179 de
1040 1127 1378 1196 paenitentia,
1415 1129 1483 1184 de
1527 1130 1794 1198 moribus,
1831 1132 1900 1189 de
1933 1148 2020 1190 re-

446 1216 550 1270 ctis
583 1216 704 1270 vitae
736 1217 1003 1272 institutis
1038 1219 1169 1289 agit,
1219 1221 1395 1289 ipsum
1427 1222 1770 1293 plangentem
1816 1239 1879 1281 ac
1925 1203 2022 1282 sd-

448 1307 746 1376 spirantem
779 1309 1044 1377 inveniet;
1070 1327 1255 1366 verum
1280 1321 1330 1367 et
1357 1313 1410 1366 in
1438 1313 1568 1384 ipsis
1592 1313 2018 1384 laudationibus,

448 1411 587 1467 quas
620 1400 941 1471 plerumque
973 1416 1164 1457 omnes
1190 1403 1357 1458 multa
1400 1420 1691 1474 aspergere
1725 1407 1903 1462 solent
1935 1408 2022 1466 hi,-

448 1489 684 1545 laritate.
716 1489 814 1544 Hic
841 1506 972 1546 vero
1001 1493 1254 1547 eumdem
1283 1509 1341 1549 se
1383 1494 1585 1566 ubique
1607 1495 1859 1566 praebuit,
1890 1500 2025 1556 assi-

448 1579 662 1652 dueque
691 1583 909 1653 lugendi
939 1600 1157 1651 munus,
1191 1593 1250 1638 ut
1283 1585 1505 1642 divitias
1535 1589 1816 1658 expetivit.
1867 1589 2024 1648 Unde

449 1681 503 1728 et
528 1690 672 1728 nunc
699 1674 811 1730 fere
844 1685 1072 1731 cunctos
1103 1678 1276 1747 ipsius
1307 1694 1618 1734 sermonum
1647 1681 1925 1738 auditores
1954 1684 2022 1740 ad

2114 670 2274 725 πάλιν
2306 674 2508 728 τούτων
2540 676 2892 746 στεναγμοὺς,
2924 676 3019 729 καὶ
3049 675 3250 729 κύκλου
3285 675 3423 740 τινος
3447 674 3720 744 γιγνομέ-

2114 779 2230 826 νου,
2262 761 2454 835 ἄδηλος
2492 761 2560 838 ἦν
2593 768 2627 837 ὴ
2656 767 2818 838 ἀρχὴ,
2849 767 2942 819 καί
2973 765 3201 837 θατέρου
3226 746 3313 818 ’τὸ
3365 766 3558 818 αἴτιον.
3593 765 3719 818 Καὶ

2115 853 2272 909 τοῦτό
2315 875 2397 922 τις
2431 859 2718 930 κατόψεται
2760 861 2871 922 τοῖς
2915 857 3078 912 αὑτοῦ
3120 857 3525 929 προσομιλήσας
3576 873 3718 924 συγ-

2117 955 2456 1026 γράμμασιν.
2493 952 2567 1006 Οὐ
2610 951 2769 1022 μόνον
2813 951 2922 1022 γάρ
2963 950 3390 1020 άποκλαιόμενον
3433 949 3602 1002 αὐτὸν
3649 948 3718 1001 ἐν

2118 1049 2229 1111 τοῖς
2273 1047 2400 1116 περὶ
2435 1045 2719 1117 μετανοίας
2763 1045 2856 1098 καὶ
2903 1043 3066 1116 ήθους
3108 1043 3203 1097 καί
3254 1042 3525 1106 πολιτείας
3564 1058 3715 1112 χρη-

2122 1138 2254 1209 στῆς
2280 1138 2499 1209 εὑρήσει
2541 1137 2750 1206 λόγοις,
2790 1136 2924 1190 ἀλλὰ
2969 1136 3062 1190 καὶ
3104 1138 3162 1189 ὲν
3204 1135 3384 1196 αὐτοῖς
3417 1137 3527 1196 τοῖς
3571 1151 3716 1186 παυς

2121 1231 2400 1302 ηγυρικοῖς
2446 1228 2612 1282 αὑτοῦ
2661 1227 2860 1297 λόγοις,
2911 1226 3038 1283 ἔνθα
3103 1226 3300 1297 πολλὴν
3348 1225 3606 1278 εἰώθασιν
3656 1226 3717 1277 οἱ
3823 1243 3825 1288 1

2121 1323 2362 1377 πλεῖστοι
2406 1319 2758 1393 περιχάρειαν
2799 1322 2856 1373 ἐν
2903 1321 3016 1382 τοῖς
3055 1318 3235 1387 λόγοις
3273 1316 3606 1371 δείκνυσθαι.
3650 1316 3718 1369 Ὀ
3809 1383 3816 1388 η

2121 1411 2179 1466 δὲ
2213 1409 2484 1480 πανταχοῦ
2513 1409 2707 1472 ταὺτὸς
2749 1405 2838 1478 ἦν,
2881 1407 2974 1461 καὶ
3016 1409 3113 1477 τῆς
3152 1403 3489 1470 κατανύξεως
3524 1402 3719 1470 διηνε-

2124 1503 2235 1567 κῶς
2280 1501 2528 1556 ἐπλούτει
2571 1501 2633 1553 τὸ
2679 1500 2941 1572 χάρισμα.
2978 1498 3168 1552 Ἔνθεν
3218 1497 3310 1551 καὶ
3361 1494 3457 1550 νῦν
3521 1491 3720 1562 σχεδὸν
3823 1497 3825 1520 τ

2124 1596 2334 1658 πάντας
2375 1594 2540 1648 αὑτοῦ
2575 1595 2698 1656 τοὺς
2740 1593 2849 1646 τῶν
2887 1592 3060 1659 λόγων
3106 1589 3381 1662 ἀκροατὰς
3429 1586 3570 1659 πρὸς
3615 1586 3720 1654 τὴν

2127 1687 2293 1750 ὅντως
2321 1685 2670 1740 ἀνακαλεῖται
2716 1684 2879 1755 ζωήν.
2923 1681 3202 1753 Τοσαύτην
3251 1681 3400 1750 ἰσχὺν
3443 1680 3474 1731 ό
3519 1676 3717 1731 τούτου

449 1780 633 1819 veram
664 1765 1094 1835 amplectendam
1123 1768 1287 1822 vitam
1324 1778 1544 1824 revocat
1575 1788 1587 1825 :
1617 1778 1823 1826 tantam
1847 1773 2021 1845 ipsius

2139 1745 2387 1849 κέκτηται
2415 1745 2766 1840 θεόπνευστος
2789 1745 2943 1844 λόγος
2982 1745 3211 1845 δάκρυσι
3243 1745 3717 1840 συγκεκραμένης.

449 1857 612 1912 ηιίλεῐιι
638 1857 892 1930 lacrvmis
926 1860 1032 1913 vim
1079 1861 1322 1916 continet
1355 1861 1552 1917 oratio.
1605 1863 1740 1928 Quis
1769 1864 1913 1919 enim
1946 1867 2022 1920 ita

449 1947 590 2002 duro
619 1956 676 2002 et
725 1949 1075 2004 adamantina
1105 1959 1188 2006 est
1220 1951 1405 2017 corde,
1442 1953 1543 2023 qui
1573 1954 1693 2023 ejus
1722 1956 1886 2011 verba
1926 1971 2024 2013 au-

449 2040 628 2102 diens,
677 2056 787 2095 non
818 2042 1160 2106 mansueﬁat,
1195 2059 1517 2114 morumque
1556 2048 1850 2116 asperitate
1878 2050 2026 2119 abje-

450 2142 538 2187 cta
566 2173 582 2196 ,
642 2134 758 2189 suis
794 2133 968 2203 ipsius
1012 2135 1252 2205 peccatis
1300 2150 1366 2190 ex
1412 2137 1593 2191 animo
1644 2153 1753 2193 non
1803 2139 2028 2196 doleat?

451 2224 585 2291 Quis
615 2227 749 2280 adeo
781 2226 928 2281 ferus
957 2236 1041 2282 est
1087 2234 1142 2280 et
1175 2227 1420 2292 immitis,
1458 2229 1552 2297 qui
1583 2229 1877 2286 salutarem
1905 2231 2026 2301 ejus

452 2319 756 2372 doctrinam
789 2319 1014 2374 auribus
1047 2320 1353 2391 percipiens
1388 2321 1626 2392 (tempus
1649 2337 1760 2377 non
1784 2324 2030 2394 deploret

452 2412 598 2484 quod
631 2428 910 2482 perperam
960 2415 1265 2484 transegit?
1312 2415 1447 2482 Quis
1485 2416 1620 2472 adeo
1656 2417 1912 2473 immanis
1944 2426 2029 2472 at-

453 2520 560 2574 que
587 2505 827 2560 crudelis
852 2523 865 2558 :
895 2506 988 2576 qui
1025 2507 1188 2562 simul
1215 2522 1278 2563 ac
1304 2508 1467 2563 verba
1497 2508 1617 2578 ejus
1647 2510 1841 2580 quovis
1868 2510 2029 2566 melle

455 2595 700 2650 dulciora
728 2598 1070 2668 gustaverit),
1101 2614 1208 2653 non
1244 2615 1303 2654 se
1329 2616 1451 2653 mox
1488 2601 1673 2655 mitem
1709 2601 2027 2656 amabilem-

454 2701 558 2756 que
589 2689 812 2742 omnino
841 2688 1128 2744 exhibeat?
1167 2689 1301 2756 Quis
1330 2691 1635 2746 abhorrens
1669 2706 1698 2745 a
1741 2692 2020 2764 lacrymis,

452 2779 526 2834 ita
560 2795 619 2835 se
647 2781 868 2836 tradidit
899 2783 1292 2852 voluptatibus,
1325 2783 1458 2852 quin
1495 2783 1579 2839 vel
1607 2784 1837 2840 modicis
1877 2785 2024 2846 illius

2125 1872 2284 1935 Ποῖος
2313 1871 2421 1940 γὰρ
2474 1869 2814 1940 ἀμείλικτος,
2865 1868 2898 1938 ἢ
2951 1870 3015 1938 τῇ
3060 1866 3253 1938 καρδίᾳ
3302 1863 3555 1934 λιθώδης,
3606 1861 3720 1940 τῶν

2126 1936 2335 2014 τούτου*
2363 1936 2622 2030 ῥημάτων
2671 1936 3013 2017 ἐπακούσας,
3045 1953 3104 2006 ού
3134 1936 3587 2022 ἠμαλαχθήσεται,
3620 1936 3719 1998 καὶ
3753 1983 3756 1985 λ

2125 2053 2187 2107 τὸ
2219 2051 2458 2122 σκληρὸν
2479 2048 2572 2103 τοῦ
2602 2047 2768 2119 ἤθους
2792 2045 3098 2105 ἀποϐαλὼν,
3123 2046 3241 2105 ταῖς
3265 2039 3456 2095 ἑαυτοῦ
3491 2038 3718 2101 κακίαις

2127 2141 2553 2211 ὲπιστυγνάσει;
2609 2141 2767 2202 Ποῖος
2813 2137 3003 2209 ἄγριος
3047 2135 3108 2188 τὸ
3148 2129 3299 2204 ἦθος,
3348 2131 3382 2201 ἢ
3439 2127 3720 2200 θηριώδης

2126 2234 2218 2290 τὸν
2251 2233 2447 2303 τρόπον
2476 2231 2575 2302 τὴν
2610 2229 2902 2300 ψυχωφελῆ
2940 2225 3285 2282 διδασκαλίαν
3325 2220 3488 2276 αὐτοῦ
3526 2222 3723 2274 ἑνωτι-

2129 2326 2296 2390 σθεὶς,
2324 2327 2424 2379 οὐκ
2455 2325 2615 2389 εὐθὺς
2643 2322 2873 2396 χρηστὸς
2915 2322 3008 2375 καὶ
3041 2317 3307 2388 ἐπιεικὴς,
3334 2313 3424 2369 καὶ
3453 2315 3565 2374 τοῖς
3589 2311 3723 2383 τρό-

2127 2435 2250 2481 ποις
2277 2417 2428 2472 έσται
2461 2417 2791 2487 φιλάγαθος;
2829 2416 2986 2478 licio;
3014 2412 3224 2484 χαίρειν
3251 2405 3563 2480 ὲμμελετῶν
3596 2405 3722 2466 ταῖς
3821 2423 3825 2470 λ

2127 2510 2222 2565 τοῦ
2247 2510 2360 2581 βίου
2391 2509 2768 2581 ἡδυπαθείαις,
2805 2508 2900 2562 καὶ
2925 2507 2986 2560 τὸ
3014 2503 3266 2577 δακρύειν
3296 2497 3721 2569 ἀποστρεφόμε-

2128 2621 2238 2668 νος.
2267 2603 2463 2672 ὀλίγων
2497 2603 2736 2666 ἀκούσας
2780 2601 2986 2656 ἐκείνου
3029 2597 3310 2671 ῥημάτων,
3353 2593 3413 2647 ού
3456 2589 3719 2662 θρηνήσεν

2129 2695 2222 2752 καὶ
2263 2694 2584 2760 κλαύσεται,
2619 2695 2714 2751 καὶ
2751 2695 2830 2758 είς
2875 2692 3177 2763 ὑπόμνησιν
3215 2686 3344 2760 ἔλθῃ
3380 2685 3485 2738 τῶν
3523 2680 3712 2754 βεϐιω-

2133 2788 2313 2858 μένων
2350 2787 2646 2860 μελλούσης
2675 2785 3080 2848 άνταποδόσεως
3103 2800 3120 2847 ;

454 2875 638 2932 verbis
667 2875 889 2938 auditis,
925 2877 1341 2934 retributionem
1379 2877 1548 2946 illam,
1577 2893 1743 2950 quam
1786 2895 1886 2950 pro
1919 2880 2028 2936 vita
2066 2889 2320 2938 anteacta
2347 2884 2624 2953 accepturi
2670 2895 2884 2944 sumus,
2913 2882 2969 2934 in
3029 2874 3346 2932 memoriam
3422 2869 3717 2926 reducens.

456 2981 564 3022 non
597 2968 927 3023 lamentetur
960 2984 1024 3024 ac
1050 2969 1270 3042 lugeat?

525 3055 585 3113 In
626 3062 794 3117 rebus
833 3061 948 3115 lieri
976 3061 1401 3131 nequeuntibus,
1447 3062 1581 3117 illud
1626 3064 1832 3136 passim
1864 3081 2026 3120 usur—

2198 3062 2381 3122 Λίθον
2412 3061 2603 3131 ἐψεῐς,
2640 3061 2674 3132 ἡ
2705 3060 2812 3113 τῶν
2842 3058 2947 3125 ἔξω
2980 3055 3245 3127 παροιμία
3271 3056 3366 3109 ἐπὶ
3391 3055 3496 3108 τῶν
3520 3055 3708 3108 ἀδυνά-

455 3158 590 3224 pant
628 3153 940 3222 proverbii:
972 3151 1228 3224 Lapidem
1257 3169 1496 3224 coquere
1525 3155 1739 3210 niteris.
1781 3154 1852 3209 At
1884 3156 2028 3211 istud

459 3245 578 3300 ﬁeri
611 3259 772 3314 posse
797 3260 896 3300 nos
933 3247 1309 3316 experimento
1339 3247 1518 3304 edocti
1544 3247 1862 3305 didicimus.
1897 3250 2027 3304 San-

458 3342 585 3391 ctus
615 3337 817 3407 quippe
846 3338 933 3392 hic
966 3354 1156 3406 senex,
1184 3339 1398 3396 animos
1430 3355 1568 3410 quos
1599 3341 1670 3396 ob
1695 3342 1893 3396 malam
1936 3343 2033 3397 ob-

461 3427 834 3498 stinatamque
864 3429 1118 3486 duritiem
1149 3432 1360 3502 lapides
1393 3432 1616 3490 dixeris.
1655 3436 1816 3503 plane
1862 3437 2035 3490 emol-

459 3519 582 3574 livit
610 3535 674 3575 ac
711 3520 890 3592 fregit,
926 3520 1182 3592 ﬂexitque
1216 3531 1278 3577 ut
1309 3525 1502 3580 voluit.
1553 3523 1689 3591 Quis
1738 3527 1882 3581 enim
1916 3527 2036 3596 ejus

461 3611 530 3667 de
557 3612 866 3668 humilitate
897 3615 1202 3671 orationem
1243 3617 1450 3688 legens,
1500 3633 1611 3673 non
1662 3634 1878 3674 omnem
1913 3636 2037 3676 mox

463 3701 530 3756 de
567 3718 626 3758 se
666 3705 1148 3772 existimationem,
1186 3716 1240 3764 et
1275 3709 1500 3764 stultam
1533 3713 1901 3783 arrogantiam
1942 3714 2038 3768 de.-

462 3802 651 3862 ponat,
681 3811 745 3850 ac
794 3813 854 3852 se
902 3799 1145 3852 omnium
1199 3800 1630 3874 abjectissimum
1662 3803 1987 3858 conﬁteatur
2011 3805 2037 3859 ?

464 3884 602 3952 Quis
634 3902 718 3954 ea,
749 3904 871 3958 quae
923 3889 990 3944 de
1039 3891 1310 3948 charitate
1357 3894 1710 3966 conscripsit,
1761 3895 2037 3958 lectitatis,

467 3996 578 4035 non
611 3983 692 4038 sic
727 3985 1084 4053 accendatur,
1115 3995 1173 4042 ut
1219 3989 1289 4044 ad
1335 3987 1569 4060 quodvis
1599 3991 1760 4046 etiam
1801 3991 2041 4046 subeun-

467 4073 596 4130 dum
647 4076 952 4144 periculum
1007 4088 1233 4149 paratus
1290 4081 1405 4137 sit?
1446 4081 1583 4149 Quis
1629 4083 1720 4137 illa
1759 4084 2038 4151 evolvens,

466 4165 669 4234 quibus
719 4159 1085 4239 virginitatem
1134 4171 1342 4236 laudat,
1395 4187 1507 4227 non
1559 4189 1618 4228 se
1665 4173 1775 4228 Deo
1827 4184 2040 4230 castum

2132 3172 2238 3209 των
2282 3152 2634 3226 παρείληφεν.
2686 3151 2846 3222 Ἡμῖν
2889 3149 2947 3202 δὲ
2988 3148 3146 3202 τοῦτο
3186 3148 3427 3219 ἐναργῶς
3466 3149 3502 3218 ἡ
3549 3150 3716 3213 πεῖρα

2135 3247 2463 3319 παρέστησε.
2517 3245 2629 3308 Τὰς
2679 3244 2787 3314 γάρ
2857 3242 3152 3310 ἁτέγκτους
3209 3241 3303 3294 καί
3361 3239 3712 3302 ἁνυπείκτους

2133 3337 2329 3409 ψυχάς,
2369 3337 2464 3391 καὶ
2504 3335 2863 3405 φυλάττεσθαι
2911 3336 3004 3387 καὶ
3038 3335 3266 3404 ὑπήκειν
3307 3334 3336 3385 ό
3379 3331 3521 3394 θεῖος
3563 3326 3720 3396 οὗτος

2138 3428 2448 3501 πρεσϐύτης
2487 3425 2834 3497 παρέπειθεν.
2863 3425 2959 3488 Τίς
2996 3423 3232 3494 ἐντυχὼν
3266 3423 3429 3476 αὑτοῦ
3470 3423 3547 3494 τῷ
3585 3426 3718 3495 περὶ

2138 3519 2636 3591 ταπεινοφροσύνης
2671 3519 2835 3589 λόγῳ,
2876 3518 2936 3571 ού
2983 3519 3163 3570 πᾶσαν
3209 3517 3307 3586 μὲν
3351 3515 3510 3578 εὐθὺς
3541 3515 3720 3586 οἴησιν

2136 3612 2462 3683 ὲκμισήσει,
2510 3611 2623 3665 ἀλλ’
2672 3611 2794 3665 οὐδὲ
2852 3609 3051 3672 παντὸς
3098 3608 3474 3678 ταπεινότερον
3525 3607 3720 3660 ἑαυτὸν

2137 3704 2465 3776 έκκηρύξει;
2519 3703 2616 3768 Τίς
2651 3706 2765 3768 τοῖς
2821 3703 2950 3773 περ)⁸
2997 3701 3213 3772 ἀγάπης
3263 3699 3568 3764 ἐπιδαλὼνν
3621 3700 3718 3769 οὐχ

2139 3797 2281 3868 ὑπὲρ
2337 3799 2560 3868 ἀγάπης
2611 3795 3057 3868 προκινδυνεῦσαι
3100 3795 3418 3856 σπουδάσεις
3462 3793 3558 3855 Τίς
3605 3796 3720 3856 τοῖς

2141 3891 2270 3961 περὶ
2317 3889 2616 3961 παρθενίας
2667 3889 3108 3960 προσομιλήσας,
3162 3888 3259 3956 οὐχ
3318 3885 3480 3955 ἁγνὸν
3527 3885 3718 3937 ἑαυτὸν

2139 3985 2287 4056 ψυχῇ
2326 4000 2385 4036 τε
2423 3983 2516 4037 καὶ
2547 3980 2760 4053 σώματι
2800 3979 2919 4051 Θεῷ
2957 3979 3280 4048 ἁγωνίσεται
3335 3976 3714 4047 παραστῆσαις

2141 4077 2184 4129 Τ
2191 4075 2237 4139 ίς
2274 4077 2385 4138 τοῖς
2433 4075 2562 4146 περὶ
2595 4072 2848 4144 κρίσεως,
2877 4072 2993 4142 ἤτοι
3026 4071 3280 4139 δευτέρας
3308 4067 3538 4140 Χριστοῦ
3571 4067 3720 4122 ἐλεύ-

2144 4185 2280 4231 σεως
2302 4165 2567 4236 ἐγκύψας,
2609 4165 2671 4218 οὐ
2704 4163 3071 4236 παρίστασθαι
3107 4162 3186 4234 τῷ
3211 4163 3415 4218 ἐκεῖθεν
3452 4161 3718 4232 κριτηρῐῳ

466 4272 701 4327 corpore
737 4261 1027 4332 animoque
1062 4263 1258 4320 oﬂ‘erre
1286 4266 1624 4322 contendat?
1660 4267 1793 4334 Quis
1818 4270 2030 4324 audiens

2141 4257 2379 4328 νομίσει,
2437 4259 2531 4310 καὶ
2565 4256 2862 4327 σύντρομος
2904 4257 3226 4326 γενόμενος,
3268 4258 3366 4328 τὴν
3407 4255 3717 4309 τελευταίαν

467 4347 552 4402 vel
579 4349 765 4419 legens
795 4352 916 4420 ejus
954 4369 1262 4418 sermones,
1303 4357 1506 4428 quibus
1546 4357 1815 4427 judicium
1864 4368 2030 4414 extre-

2143 4351 2244 4421 ήδη
2287 4349 2560 4417 ἀπόφασιν
2601 4351 2720 4401 κατ’
2759 4347 2924 4401 αὑτοῦ
2975 4347 3415 4419 ἐξενεχθήσεσθαι
3459 4347 3712 4417 δοκήσεις

469 4451 639 4503 mum,
681 4441 795 4496 sive
826 4443 1128 4499 secundum
1160 4447 1310 4500 illum
1352 4447 1554 4503 Christi
1603 4449 1894 4504 adventum
1944 4451 2030 4505 de-

2143 4444 2328 4508 Οῦτως
2356 4443 2465 4512 γὰρ
2498 4443 2805 4515 παρέστησε
2840 4442 2903 4500 τὸ,
2938 4442 3128 4512 μέλλον
3167 4440 3262 4495 τοῦ
3309 4441 3440 4494 Θεοῦ
3466 4440 3718 4509 δικαστὴ-

468 4530 658 4586 scribit
683 4573 699 4600 ,
726 4549 834 4588 non
864 4535 938 4589 ita
965 4536 1128 4591 corde
1161 4544 1215 4594 et
1245 4538 1428 4594 animo
1457 4539 1743 4608 adiciatur,
1783 4541 1939 4611 quasi
1969 4542 2039 4596 ad

469 4623 602 4677 illud
645 4623 912 4693 judicium
957 4625 1183 4695 jamjam
1232 4627 1512 4682 sistendus
1558 4629 1743 4683 esset?
1786 4638 2041 4700 metuque

469 4725 694 4786 repente
725 4718 806 4773 sic
832 4717 1205 4782 exhorrescat.
1239 4734 1303 4773 ac
1325 4719 1370 4774 si
1399 4719 1665 4776 adversus
1692 4721 1869 4791 ipsum
1909 4737 2036 4777 sen-

2148 4552 2262 4606 ριον
2292 4535 2321 4588 ό
2358 4534 2599 4605 ἀοίδιμος
2630 4534 2724 4587 καί⁸
2759 4531 3239 4604 προφητικώτατος
3265 4524 3418 4596 οὗτος
3445 4530 3580 4601 ἀνὴρ
3598 4572 3613 4593 ,
3643 4530 3718 4594 ὡς

2150 4627 2320 4700 μηθὲν
2360 4626 2460 4698 μὲν
2495 4627 2679 4697 ἕτερον
2717 4624 3100 4678 ὑπολείπεσθαι
3144 4624 3414 4692 γνώσεως,
3459 4623 3615 4694 μόνον
3661 4621 3716 4674 δὲ

2142 4719 2221 4791 τῷ
2254 4721 2400 4791 ἔργῳ
2425 4718 2600 4790 τούτῳ
2633 4718 2727 4771 καὶ
2756 4719 2822 4788 τῇ
2855 4718 3019 4787 πείρᾳ
3053 4716 3402 4786 καταμαθεῖν.

469 4811 636 4868 tentia
662 4810 868 4883 judicis
895 4813 1138 4868 feratur?
1163 4813 1297 4868 Nam
1334 4813 1406 4868 ita
1460 4817 1700 4870 futurum
1733 4815 1883 4871 istud
1940 4815 2033 4872 Dei
2067 4815 2340 4886 judicium
2383 4823 2640 4870 accurate
2668 4828 2733 4868 ac
2763 4813 2923 4884 plene
2947 4811 3238 4881 expressit,
3287 4818 3343 4864 et
3399 4809 3469 4863 ob
3532 4807 3716 4863 oculos

469 4905 714 4960 omnium
742 4905 936 4961 statuit
968 4906 1264 4976 praeclarus
1293 4923 1361 4962 ac
1390 4915 1618 4963 sanctus
1642 4907 1730 4964 hic
1752 4909 1850 4971 vir,
1883 4917 1940 4962 ut
1974 4909 2040 4962 ad
2080 4907 2201 4979 ejus
2229 4906 2593 4978 cognitionem
2621 4905 2768 4960 aliud
2836 4904 2973 4958 nihil
3027 4902 3276 4962 videatur
3332 4902 3520 4957 deesse
3545 4941 3558 4962 ,
3612 4902 3714 4956 nisi

471 5010 531 5058 ut
555 5017 643 5056 res
678 5001 795 5070 ipsa
826 5008 1019 5071 agatur
1057 5015 1121 5055 ac
1160 5016 1345 5056 coram
1376 5001 1489 5056 ﬁat.

540 5091 675 5148 Cum
729 5106 861 5160 ergo
909 5094 963 5145 in
997 5092 1199 5149 talibus
1233 5093 1300 5149 de
1345 5093 1555 5164 judicio
1610 5091 2036 5162 cogitationibus

474 5185 670 5240 beatus
701 5185 818 5254 ipse
849 5199 1065 5256 semper
1099 5193 1483 5256 occuparetur,
1515 5183 1779 5239 mundum
1804 5192 1858 5239 et
1888 5199 2039 5254 quae.

475 5291 694 5346 cunque
719 5276 771 5330 in
797 5292 862 5330 eo
892 5284 1042 5340 sunt,
1075 5274 1279 5345 effugit.
1312 5275 1510 5329 Procul
1537 5291 1666 5330 vero
1696 5276 1926 5331 recessit
1957 5274 2042 5329 fu-

480 5367 653 5440 giens,
693 5368 835 5422 sicut
867 5368 1132 5437 scriptum
1162 5367 1454 5436 reperitur,
1484 5378 1537 5421 et
1578 5367 1780 5420 mansit
1811 5366 1867 5418 in
1915 5366 2047 5420 soli-

478 5457 686 5522 tudine,
716 5458 826 5513 Deo
854 5468 908 5514 et
957 5457 1062 5513 sibi
1113 5457 1216 5528 ipsi
1259 5472 1482 5522 vacans,
1517 5458 1749 5527 indeque
1783 5457 2043 5511 virtutum

480 5551 700 5619 praemia
738 5549 998 5606 referens.
1036 5549 1206 5606 Recte
1233 5551 1377 5604 enim
1399 5549 1515 5619 jam
1555 5561 1797 5611 noverat,
1825 5566 1920 5607 eos
1952 5549 2044 5620 qui

486 5639 786 5693 solitariam
823 5641 1230 5709 amplectuntur
1270 5640 1460 5702 vitam,
1491 5655 1556 5694 ex
1595 5639 1923 5694 turbulentis
1953 5654 2046 5694 sae-

486 5729 595 5784 culi
623 5728 788 5799 hujus
817 5731 1322 5801 perturbationibus
1346 5739 1509 5803 atque
1528 5731 1780 5805 procellis
1806 5731 2047 5797 liberari,

2214 5089 2347 5152 Ταῖς
2376 5086 2652 5150 τοιαύταις
2677 5087 2764 5140 ἀεὶ
2812 5087 2939 5158 περὶ
2985 5088 3216 5161 κρίσεως
3245 5090 3272 5141 ὁ
3303 5089 3568 5160 μακάριος
3604 5108 3716 5144 συν-

2148 5182 2401 5254 εχόμενος
2429 5179 2768 5252 φαντασίαις,
2794 5179 2990 5250 ἔφευγε
3033 5182 3127 5252 μὲν
3155 5181 3246 5234 τὸν
3291 5181 3488 5252 κόσμον
3525 5183 3618 5236 καὶ
3651 5185 3715 5238 τά

2150 5276 2208 5328 ὲν
2248 5273 2466 5342 κόσμῳσ
2509 5272 2782 5343 ὲμάκρυνε
2816 5271 2872 5328 δὲ
2911 5271 3242 5340 φυγαδεύων,
3363 5289 3493 5343 φησι
3537 5272 3604 5326 τά
3640 5273 3715 5326 16-

2150 5382 2262 5433 για,
2293 5364 2387 5418 καὶ⁴
2410 5363 2658 5432 ηὐλίζετο
2679 5363 2738 5415 ὲν
2766 5364 2830 5432 τῇ
2856 5363 3066 5433 ἐρήμῳ,
3099 5361 3273 5432 ἐαυτῷ
3308 5362 3451 5432 μόνῳ
3485 5363 3574 5417 καὶ
3601 5364 3712 5435 Θεῴ

2151 5453 2453 5524 προσέχων,
2481 5453 2732 5506 κάκεῖθεν
2764 5452 2870 5505 τῶν
2899 5452 3107 5522 ἀρετῶν
3149 5452 3245 5515 τὰς
3288 5451 3551 5516 ἐπιδόσεις
3573 5454 3712 5524 δεχό-

2157 5563 2332 5616 μενος.
2363 5545 2515 5617 ’ᾙδει
2537 5545 2645 5616 γὰρ
2679 5545 2920 5615 ἀκριϐῶς
2948 5546 3022 5608 ὡς
3052 5545 3284 5616 ἐρημικὴ
3315 5545 3586 5609 διαδίωσις
3614 5547 3713 5601 τῶν

2154 5635 2430 5705 κοσμικῶν
2458 5636 2554 5706 μὲν
2583 5635 2855 5706 ἐλευθεροῖ
2895 5635 2983 5689 τὸν
3027 5636 3340 5706 βουλόμενον
3369 5636 3627 5709 θορύϐων,
3649 5644 3708 5711 τῇ

2154 5727 2353 5798 ἡσυχίᾳ
2394 5727 2449 5780 δὲ
2497 5726 2780 5798 συνομιλον
2827 5730 2935 5790 τοῖς
2979 5728 3226 5796 ἀγγέλοις
3271 5733 3430 5784 ποιεῖ.
3488 5731 3567 5784 καὶ
3604 5736 3709 5790 ταῖς
