3850 6440
142 322 253 378 833

1161 319 1250 374 DE
1290 318 1452 375 VITA
1489 322 1549 378 S.
1598 320 1847 376 PATRIS
1882 320 2194 378 EPIIRIEM
2229 319 2411 376 SYRI.

3292 321 3397 377 εει

142 442 278 511 περὶ
305 437 440 492 Θεοῦ
478 437 727 510 θεωρίαις
752 440 844 493 τὸν
881 440 1005 494 νοῦν
1044 441 1166 495 ὅσον
1209 443 1358 496 ἐστιν
1396 444 1619 513 εφικτὸν
1648 444 1730 498 ἁν-

1836 451 1891 498 et
1940 443 2007 498 ad
2057 443 2261 512 quietis
2312 443 2834 514 tranquillitatisqne
2896 449 3111 512 portum
3169 441 3398 497 feliciter

144 530 291 599 υψοῖ.
327 531 421 583 Ἐκ
442 530 621 584 τόπων
642 530 699 584 δὲ
727 532 925 596 τόπους
946 533 1213 603 ἀμείϐειν,
1237 535 1327 587 ὅτε
1360 533 1542 588 κινοῦν
1569 533 1730 588 αὑτὸν

144 618 372 689 Πνεῦμα
413 619 549 691 πρὸς
592 621 877 692 οἰκοδομὴν
916 622 1024 674 τῶν
1068 623 1274 685 πολλῶν
1310 624 1599 697 ᾠκονόμει,
1620 625 1731 678 ὀὐκ

140 710 392 778 ἠπείθει,
435 710 543 764 οὐδ’
590 712 904 767 ἀντέτεινεν.
939 710 1047 769 Ἦν
1089 716 1188 786 γὰρ
1240 717 1520 771 κελεύσεσι
1561 716 1729 781 θείαις

143 802 445 873 πειθήνιος,
472 804 528 856 εί
556 804 649 857 καί
674 821 758 869 τις
793 804 971 870 ἄλλος.
1009 808 1283 862 Ἐντεῦθεν
1308 809 1407 880 τὴν
1433 809 1731 879 ἐνεγκαμέ-

144 909 269 961 νην,
315 892 391 956 ὡς
426 894 456 945 ὁ
494 893 651 958 Θεῖος
694 896 900 959 ἐκεῖνος
946 896 1255 962 κελευσθεὶς
1306 899 1586 969 Ἀϐραὰμ,
1631 900 1728 969 τὴν

159 980 443 1035 Ἐδεσινὼν
475 982 739 1035 κατέλαϐε
783 984 962 1038 πόλιν·
995 985 1200 1039 δίκαιον
1234 988 1341 1059 γὰρ
1368 989 1467 1040 οὐκ
1512 983 1580 1059 ἦν
1623 988 1729 1041 ὑπὸ

146 1072 256 1140 γῆν
297 1073 460 1144 μέχρι
489 1072 683 1127 πολλοῦ
713 1074 803 1129 τὸν
831 1075 980 1146 ἥλιον
1015 1078 1509 1148 κατακρύπτεσθαι.
1536 1079 1642 1133 Δύο
1670 1080 1728 1132 δέ

148 1166 310 1235 χάριν
341 1167 549 1230 αἰτιῶν,
580 1166 672 1220 τοῦ
702 1185 761 1221 τε
796 1168 864 1221 τὰ
896 1170 1071 1222 ἐκεῖσε
1117 1171 1545 1242 περιπτύξασθαι
1571 1172 1725 1241 ἅγια,

147 1256 244 1308 καὶ
296 1256 401 1325 πρό
438 1272 500 1324 γε
540 1257 728 1310 τούτου
780 1257 943 1328 λογίῳ
988 1263 1317 1331 περιτυχεῖν,
1367 1263 1463 1315 καὶ
1516 1262 1728 1333 καρπὸν

148 1348 403 1417 γνώσεως
432 1349 466 1421 ἢ
496 1349 696 1414 λαϐεῖν,
728 1349 761 1421 ἢ
796 1351 1130 1420 μεταδοῦναι.

1834 537 2143 606 pervenire,
2193 538 2285 590 ubi
2328 534 2725 591 consuetudine
2768 532 3116 605 perfruantur
3175 537 3395 605 angelo-

1831 643 1996 693 rum;
2041 626 2428 695 mentibusque
2457 625 2741 691 sublimes,
2790 633 3054 695 quantum
3095 625 3242 689 licet,
3280 624 3395 693 rapi

1832 718 1903 773 ad
1955 717 2469 787 contemplationem
2516 718 2637 773 Dei.
2670 717 2905 785 Quando
2937 731 3101 787 porro
3157 714 3397 786 Spiritus

1831 811 1986 865 illum
2017 809 2535 875 commonefaciens,
2570 808 2638 862 ad
2666 810 2955 862 multorum
2983 809 3394 863 aedificationem

1834 900 1918 957 sic
1947 900 2295 970 disponebat,
2328 908 2387 953 ut
2443 900 2568 953 loca
2617 907 2878 961 mutaret,
2933 914 3042 955 non
3082 901 3392 965 resistebat,

1835 992 1932 1049 sed
2001 992 2283 1047 humiliter
2346 993 2788 1061 obsequebatur:
2842 1002 2961 1047 erat
3018 994 3163 1048 enim
3227 995 3399 1063 jussis

1834 1080 2217 1153 mandatisque
2240 1083 2351 1146 Dei,
2380 1083 2426 1138 si
2457 1084 2582 1152 quis
2611 1084 2772 1145 alius,
2807 1085 3209 1153 obtemperans.
3241 1085 3400 1139 Unde

1833 1176 2087 1244 patriam,
2152 1175 2296 1229 sicut
2329 1190 2557 1244 magmas
2597 1175 2687 1230 ille
2735 1176 3031 1240 Abraham,
3091 1176 3399 1246 relinquere

1830 1265 2023 1336 jussus
2047 1267 2112 1330 “',
2143 1266 2543 1322 Edessenornm
2579 1268 2766 1321 urbem
2802 1267 2956 1336 petiit
2990 1287 3003 1322 :
3044 1283 3218 1335 neque
3254 1270 3397 1322 enim

1835 1357 2222 1421 conveniebat,
2255 1366 2313 1412 ut
2346 1357 2449 1412 sub
2473 1369 2619 1411 terra
2648 1358 2856 1411 diutius
2893 1359 2976 1412 sol
3003 1362 3398 1413 occultaretur.

148 1443 317 1499 llisce
349 1459 476 1498 vero
506 1444 574 1499 de
604 1445 794 1500 causis
823 1461 890 1500 eo
921 1448 1215 1510 concessit,
1248 1456 1309 1502 ut
1340 1449 1460 1506 loca
1484 1449 1564 1505 ibi
1595 1457 1787 1509 sancta
1822 1450 2108 1515 inviseret,
2166 1458 2283 1505 tum
2342 1460 2403 1505 ut
2433 1452 2732 1521 sapientem
2773 1451 3010 1521 aliquem
3087 1456 3402 1508 conveniret

148 1539 353 1602 virum,
382 1553 455 1593 ac
481 1541 811 1610 cognitionis
842 1542 959 1611 ipse
989 1542 1228 1597 fructum
1258 1544 1341 1600 vel
1374 1556 1615 1614 caperet,
1646 1548 1735 1603 vel
1764 1546 1888 1602 aliis
1914 1547 2197 1616 praeberet.

232 1630 322 1683 Ἐν
352 1624 454 1693 οἷς,
488 1630 562 1694 ὡς
604 1633 902 1703 ἱστόρηται,
933 1636 998 1703 τῇ
1053 1635 1202 1688 πόλει
1245 1635 1595 1706 παραϐαλὼν,
1627 1643 1727 1709 τήν

145 1739 210 1775 τε
262 1723 417 1777 πόλιν
468 1723 875 1794 ὑπερχόμενος,
927 1726 1101 1799 πόρνῃ
1149 1729 1256 1780 τινὶ
1317 1731 1730 1801 συναπήντηκεν

1903 1638 1988 1692 Ad
2013 1654 2131 1693 eam
2166 1639 2331 1708 igitur
2359 1638 2485 1693 dum
2519 1637 2819 1708 appulisset
2851 1637 3149 1700 civitatem,
3182 1645 3235 1693 et
3283 1637 3397 1707 jam

1834 1740 2043 1801 portam
2076 1731 2348 1793 introiret,
2377 1731 2497 1785 loco
2524 1730 2787 1799 sapientis
2816 1730 2941 1795 viri,
2963 1745 3127 1799 quem
3157 1739 3397 1798 optarat,

144 1814 267 1868 ἀνθ’
298 1810 357 1869 οὗ
391 1813 669 1885 φιλολόγου
710 1817 980 1888 ἐπηύχετο
1026 1822 1380 1891 προστυχεῖνο
1416 1820 1495 1885 ὡς
1529 1823 1586 1876 δὲ
1633 1823 1729 1893 τῆς

1836 1828 2078 1878 scortum
2112 1821 2217 1876 sibi
2247 1821 2466 1875 obvium
2496 1821 2720 1875 habuit:
2765 1820 2818 1874 in
2847 1822 2993 1891 quod
3027 1822 3399 1891 spectaculum

146 1908 477 1978 προσδοκίας
509 1908 693 1978 ἕτερον
724 1904 791 1981 ἦν
831 1910 892 1963 τὸ
928 1911 1116 1981 φανὲν,
1140 1911 1391 1985 θλιϐερὸν
1432 1915 1580 1985 αὑτῷ
1624 1915 1734 1969 ἀπ-

148 1998 251 2069 έϐη
279 1999 341 2051 τὸ
373 1998 728 2069 συναντῆσαν.
759 2000 851 2053 Διὸ
882 2002 976 2054 καὶ
1024 2004 1418 2074 προσατενίσας
1446 2005 1523 2075 τῲ
1549 2022 1736 2077 πορνι-

147 2090 268 2159 δίῳ,
293 2090 370 2154 ὡς
402 2091 500 2162 τῆς
530 2090 741 2156 ἐλπίδος
768 2092 1020 2162 ψευσθεὶς
1051 2096 1294 2165 ἀπήγετο
1313 2100 1328 2117 ⁸
1353 2113 1367 2127 ”
1393 2099 1426 2168 ή
1458 2098 1515 2152 δέ
1547 2097 1734 2152 τοῦτον

150 2181 397 2253 θεωμένη
440 2183 891 2254 προσατενίζοντα
926 2185 1118 2260 ταύτῃ,
1156 2189 1250 2244 καὶ
1286 2188 1424 2261 αὐτὴ
1463 2190 1735 2260 ἐπιμελῶς

146 2273 311 2329 αὑτὸν
347 2273 617 2345 βλέπουσα
672 2277 1016 2333 κατεσκόπει.
1070 2280 1149 2350 Τῇ
1194 2280 1252 2333 δὲ
1294 2283 1324 2334 ὁ
1362 2281 1553 2351 σοφός’
1593 2282 1734 2350 Λέγε

149 2388 262 2441 μοι,
300 2371 478 2439 γύναι,
516 2371 659 2434 τίνος
694 2372 855 2442 χάριν
909 2373 1104 2446 μικρὸν
1150 2374 1491 2440 ἀπατενίζεις
1524 2394 1634 2446 μοι.
1668 2376 1734 2429 Ἥ

143 2463 224 2527 δὲ,
272 2462 601 2526 Ἀκολούθως
634 2463 745 2532 ἐγὼ
775 2465 869 2519 καὶ
904 2466 1251 2537 πρεπόντωςο
1281 2469 1345 2521 ἐκ
1395 2466 1486 2521 σοῦ
1510 2467 1619 2539 γὰρ
1649 2466 1735 2521 λέ-

144 2556 366 2628 λημμαι
393 2556 487 2610 τοῦ
513 2557 725 2627 ἀνδρὸς,
759 2558 822 2611 σὺ
846 2557 903 2611 δέ
932 2559 1005 2629 μή
1035 2576 1101 2630 με
1124 2559 1477 2626 κατασκόπει,
1504 2560 1603 2630 τὴν
1627 2559 1734 2630 γῆν

142 2649 200 2701 δὲ
236 2647 457 2717 μᾶλλον,
487 2647 544 2714 ἐξ
579 2644 647 2719 ἦς
678 2648 937 2719 ἐλήφθης.
972 2650 1141 2704 Τοῦτο
1170 2651 1323 2722 παρὰ
1351 2651 1675 2725 προσδοκίαν
1705 2653 1734 2705 ὁ

143 2740 312 2807 σοφὸς
345 2739 675 2804 ἐπακούσας.
719 2741 969 2811 μεγάλως
1006 2742 1105 2813 μὲν
1148 2743 1414 2814 ὡμολόγει
1444 2743 1732 2815 ὠφεληθῆ-

142 2848 265 2885 ναι·
300 2830 394 2883 τοῦ
422 2831 555 2885 Θεοῦ
583 2831 640 2884 δὲ
673 2832 770 2902 τὴν
799 2833 1177 2904 ἀκατάληπτον
1207 2834 1565 2905 ὑπερεδόξασε
1584 2834 1735 2889 δύνα-

144 2938 267 2989 μιν,
303 2920 362 2984 ὃς
393 2921 462 2975 τὰ
496 2922 594 2993 τῆς
618 2921 829 2986 ἐλπίδος
857 2924 953 2977 καὶ
986 2923 1075 2977 διὰ.
1118 2924 1226 2979 τῶν
1255 2928 1385 2996 παρ’
1418 2924 1607 2979 ἐλπίδα
1633 2942 1732 2997 χα-

146 3007 382 3081 ρίζεται.

216 3102 396 3166 Δύσας
418 3119 479 3156 τε
512 3102 724 3179 ἐκεῖθεν
760 3105 854 3157 ἐπὶ
878 3105 990 3177 τὴν
1036 3109 1135 3178 τῆς
1168 3109 1557 3175 Καππαδοκίας
1595 3112 1732 3166 Και-

1838 1913 2223 1983 permolestum
2244 1927 2369 1967 cum
2394 1922 2587 1982 praeter
2607 1914 3067 1983 exspectationem
3094 1914 3398 1977 incidisset,

1835 2015 2090 2076 tanquam
2127 2021 2223 2076 spe
2275 2020 2373 2058 sua
2414 2005 2684 2076 dejectns,
2732 2005 2924 2060 oculos
2983 2007 3279 2061 avertebat.
3329 2002 3400 2060 At

1834 2105 2050 2159 contra,
2081 2095 2330 2167 improba
2365 2095 2564 2151 femina
2585 2096 2783 2152 deﬁxis
2814 2096 2870 2150 in
2913 2111 3035 2151 eum
3084 2096 3257 2151 oculis
3311 2097 3399 2150 in-

1832 2190 2117 2259 spiciebat.
2150 2189 2249 2245 Cui
2277 2189 2563 2261 Ephraem:
2590 2188 2635 2243 Ο
2664 2190 2878 2253 mulier,
2912 2190 3110 2259 inquit,
3133 2188 3221 2242 dic
3246 2189 3397 2255 mihi,

1835 2294 1936 2336 cur
1968 2297 2054 2337 me
2089 2283 2399 2352 usqueadeo
2435 2280 2704 2337 intueris?
2730 2282 2799 2334 At
2825 2280 2917 2335 illa
2944 2289 3222 2351 prompte:
3253 2280 3400 2346 Quo-

1834 2372 2005 2438 niam,
2040 2371 2247 2442 inquit,
2283 2388 2350 2427 ex
2377 2380 2433 2427 te
2463 2374 2583 2426 viro
2615 2386 2716 2441 ego
2738 2387 2856 2426 sum
2883 2390 2895 2425 :
2922 2378 2977 2425 tu
3009 2379 3189 2425 autem
3217 2387 3302 2426 me
3330 2387 3401 2427 ne

1832 2463 2065 2533 respicis
2096 2463 2339 2533 quidem,
2374 2464 2468 2519 sed
2499 2462 2557 2518 in
2586 2471 2786 2518 terram
2812 2479 2876 2518 ex
2902 2479 3009 2532 qua
3039 2473 3287 2533 sumptus
3312 2480 3396 2531 es,

1832 2555 2024 2610 oculos
2063 2564 2187 2610 tuos
2232 2563 2537 2625 retorques.
2573 2554 2747 2622 Quam
2792 2555 3011 2625 quidem
3059 2557 3398 2626 inexspecta-

1832 2652 1942 2700 tam
1972 2647 2384 2717 responsionem
2434 2648 2794 2703 vehementer
2834 2648 2938 2703 sibi
2983 2649 3278 2717 profuisse,
3312 2651 3398 2703 vir

1830 2748 2055 2793 sanctus
2078 2753 2142 2792 ac
2170 2740 2404 2807 prudens
2433 2740 2828 2794 confitebatur:
2851 2748 3186 2811 quapropter
3209 2742 3397 2795 infini-

1834 2840 1942 2884 tam
1977 2828 2072 2884 Dei
2109 2832 2405 2900 potentiam
2441 2832 2701 2895 laudavit,
2726 2832 2823 2903 qui
2853 2833 3129 2888 interdum
3155 2849 3240 2898 ea,
3275 2851 3398 2905 qua:

1831 2934 2139 2990 speramus,
2167 2932 2364 2992 praeter
2389 2938 2541 2994 spem
2571 2923 2734 2979 nobis
2759 2924 3043 2995 elargitur.

1902 3098 2032 3156 Inde
2062 3098 2367 3156 Caesaream
2398 3098 2760 3171 Cappadocia:
2801 3100 2989 3155 divino
3036 3100 3233 3157 ductus
3282 3104 3395 3172 spi-

146 3195 402 3267 σάρειαν,
450 3195 554 3248 ὑπὸ
595 3195 688 3248 τοῦ
741 3197 1056 3268 Πνεῦματος
1100 3199 1195 3253 τοῦ
1235 3201 1389 3269 ἁγίου
1427 3202 1730 3275 ὁδηγηθεὶς,

1836 3193 1945 3247 ritu
1973 3207 2097 3247 cum
2134 3192 2441 3262 petivisset,
2474 3192 2653 3261 ipsum
2674 3192 2749 3246 ibi
2776 3207 2839 3247 es
2860 3192 3139 3259 Ecclesiae,
3172 3208 3395 3251 auream

142 3286 241 3339 τὸν
275 3285 457 3356 μέγαν,
478 3286 723 3339 κατεῖδεν
750 3287 1047 3347 Βασίλειον,
1078 3290 1138 3343 τὸ
1171 3292 1345 3362 στόμα
1369 3293 1468 3363 τῆς
1509 3294 1733 3367 Ἐκκλη-

147 3378 298 3441 σίας,
328 3379 428 3447 τὴν
462 3378 569 3430 τῶν
607 3378 890 3449 δογμάτων
928 3381 1138 3451 χρυσῆν
1181 3384 1380 3453 ἀηδόνα
1403 3401 1415 3413 ·
1445 3386 1503 3439 δν
1538 3387 1733 3441 θεασά-

148 3486 317 3540 μενος
345 3470 374 3520 ὁ
417 3470 754 3540 πρεσϐύτης,
804 3471 1024 3536 πολλαῖς
1072 3476 1486 3547 καταγεραίρειν
1532 3479 1733 3549 ἤρξατο

145 3560 471 3631 εὐφημίαις.
523 3561 822 3633 Διορατικῷ
851 3562 959 3633 γὰρ
984 3563 1083 3634 τῆς
1114 3565 1289 3635 ψυχῆς
1328 3567 1551 3638 ὄμματι,
1576 3586 1735 3640 ,περι-

148 3652 353 3722 στερὰν
382 3652 698 3722 ἀγλαοφανῆ
740 3655 1079 3725 ἐφεζομένην
1117 3658 1248 3726 πρὸς
1281 3658 1371 3712 τὸν
1411 3659 1581 3725 δεξιὸν
1611 3661 1733 3715 τοῦ·

145 3763 243 3799 του
268 3743 492 3798 ἔϐλεπεν
522 3740 691 3816 ὦμον,
717 3746 907 3814 λόγους
933 3747 1079 3818 αὐτῷ
1107 3748 1449 3815 διδασκαλίας
1475 3752 1732 3824 χορηγοῦ-

148 3852 273 3898 σαν,
302 3836 550 3889 κάκεῖνον
580 3835 801 3900 τούτους
848 3837 1315 3910 διαπορθμεύοντα
1351 3842 1430 3912 τῷ
1471 3842 1601 3913 λαῷ.
1638 3844 1735 3907 ’ος

146 3927 257 3983 ὑπὸ
307 3927 408 3999 τῆς
454 3927 809 4000 διδασκούσης
854 3930 1002 4000 αὑτῷ
1053 3932 1254 4002 σεπτῆς
1304 3934 1535 4003 μυηθεὶς
1572 3952 1731 4005 περι-

148 4020 371 4089 στερᾶς,
402 4019 497 4090 τῆς
529 4036 590 4072 τε
616 4020 906 4091 ἐπιδημίας
933 4021 1144 4092 ᾔσθετο,
1178 4023 1271 4076 καὶ
1306 4024 1540 4095 Ἐφραῖμ
1569 4026 1734 4079 αὑτὸν

145 4107 292 4167 εἶναι
324 4113 416 4166 τὸν
449 4114 618 4186 Σύρον
647 4116 946 4185 ἐπέγνωκε.
984 4118 1092 4171 Καὶ
1125 4118 1187 4190 δὴ
1214 4123 1582 4193 πνευματικῆς
1615 4124 1733 4176 ἐπι-

144 4204 346 4276 καίρου
395 4205 560 4276 ἄμφω
607 4208 894 4272 συναυλίας
929 4209 1223 4279 ἠξίωνται*
1250 4209 1421 4275 οὕτως
1468 4214 1567 4268 οὐκ
1614 4214 1733 4267 ἐπι-

146 4296 351 4367 ζήμιος
386 4297 464 4368 τῷ
498 4299 734 4371 Ἐφραίμ
762 4302 790 4353 ὁ
820 4302 1055 4372 σκυλμδς
1089 4303 1475 4374 ἐχρημάτισεν.

232 4391 301 4444 Ἢ
330 4391 387 4444 δὲ
409 4392 503 4447 τοῦ
537 4392 650 4463 βίου
681 4395 882 4466 φυσικὴ
914 4397 1260 4467 ἀκεραιότης,
1284 4397 1393 4451 τῶν
1422 4398 1731 4453 ἐπιϐλαϐῶν

145 4479 247 4552 τὴν
284 4482 464 4552 φυγὴν
506 4484 654 4555 αὐτῷ
698 4487 1052 4556 παρεδείκνυε
1078 4506 1094 4519 ·
1125 4488 1186 4541 τό
1226 4505 1284 4542 τε
1320 4489 1413 4543 τοῦ
1447 4492 1728 4561 κρείττους

145 4574 534 4644 προορατικὸν,
564 4576 655 4628 καὶ
698 4577 757 4629 τὸ
784 4577 876 4632 τοῦ
908 4579 1123 4650 χείρους
1165 4581 1494 4648 φυλακτικὸν
1517 4584 1725 4638 ἐκδιδά-

148 4672 379 4719 σκουσα,
405 4658 644 4722 ἐκείνους
676 4677 741 4712 τι
766 4661 872 4714 τῶν
927 4662 1201 4733 λογισμῶν
1229 4666 1567 4736 προσίεσθαι,
1599 4670 1725 4733 τοὺς

145 4747 443 4817 ἐγκρίτους
473 4750 565 4803 καὶ
600 4750 890 4823 καθαροὺς,
929 4754 1023 4807 καὶ
1054 4756 1189 4826 πρὸς
1216 4758 1426 4827 αἵρεσιν
1455 4757 1724 4813 λυσιτελε-

146 4838 380 4908 στὲρους
400 4838 585 4903 καλοῦ,
616 4841 728 4894 ὅσοι
745 4843 976 4913 μάλιστα
1005 4845 1140 4916 πρὸς
1159 4845 1255 4913 τὴν
1270 4848 1366 4918 τῆς
1378 4847 1723 4914 διδασκαλίας

143 4928 503 4997 ἐμποδίζουσι
532 4932 737 5003 χρείαν.
772 4934 1016 5005 Δαψιλῶς
1043 4936 1151 5007 γὰρ
1174 4937 1350 4992 δέδοτο
1395 4941 1546 5010 παρὰ
1586 4943 1722 5011 Χρι-

146 5019 278 5072 στοῦ
307 5019 386 5089 τῷ
442 5020 571 5091 θείῳ
622 5026 902 5099 πρεσϐύτῃ
952 5027 1018 5079 τὸ
1049 5028 1141 5082 τοῦ
1186 5030 1343 5099 λόγου
1387 5033 1665 5098 τάλαντον,
1696 5033 1724 5086 ὃ

143 5108 510 5165 καταϐάλλειν
536 5113 594 5164 ἐν
615 5116 732 5177 ταῖς
765 5115 871 5168 τῶν
909 5119 1119 5173 πολλῶν
1155 5122 1253 5193 τῆς
1279 5121 1503 5192 καρδίας
1522 5123 1726 5192 τραπέ⁹

143 5199 272 5263 ζαις
298 5201 407 5272 πρὸ
433 5203 647 5258 πάντων
678 5205 827 5277 αὑτῷ
860 5210 970 5262 τῶν
1016 5211 1189 5266 ἄλλων
1232 5213 1578 5281 ἐπωφείλετο.
1616 5215 1727 5268 Καὶ

142 5292 309 5346 τοῦτο
338 5295 437 5364 μὲν
460 5296 617 5359 αὐτὸς
649 5298 777 5367 περὶ
808 5300 1001 5354 ἑαυτοῦ
1043 5304 1289 5371 φαίνεται
1316 5304 1509 5371 λέγων,
1536 5305 1726 5376 ὅτιπερ

141 5387 273 5457 ἄρτι
298 5386 396 5455 τῆς
432 5387 690 5458 παιδικῆς
711 5389 923 5460 ἡλικίας
948 5393 1007 5445 τὸ
1029 5394 1231 5448 ἁπαλὸν
1261 5395 1522 5465 ὑπερϐὰς,
1548 5396 1724 5450 τεθέα-

142 5495 235 5532 ται
266 5479 562 5548 ¹μυστικῶς
593 5482 728 5552 πρὸς
753 5485 818 5554 τῇ
845 5483 1158 5557 γλώσσῃηὼς
1174 5487 1403 5557 ἀνῆλθεν
1418 5486 1580 5540 αὑτοῦ
1606 5486 1725 5541 λίαν

143 5568 718 5641 εὖκαρποςᾶμπελος,
750 5573 1043 5645 αὐξηθεῖσα
1081 5576 1371 5645 τοσοῦτον,
1410 5578 1534 5632 ὅσον
1584 5576 1719 5648 πλη-

244 5746 293 5777 ¹⁸
315 5744 454 5802 Gen.
485 5762 584 5813 xu,
614 5746 638 5800 1
667 5763 789 5818 sqq.

1757 4538 1805 4598 ο

1834 3282 2045 3339 scilicet
2082 3282 2228 3335 illam
2277 3280 2544 3349 doctrinae
2597 3281 2912 3345 lusciniam,
2951 3280 3208 3337 Basilium
3260 3285 3398 3337 vidit

1833 3383 2000 3443 atque
2030 3372 2323 3442 cognovit:
2358 3388 2524 3442 quem
2557 3387 2722 3428 senex
2759 3373 3007 3439 intuitus,
3030 3375 3221 3429 multis
3278 3376 3397 3429 fau-

1834 3463 1935 3518 stis
1963 3463 2132 3532 cepit
2162 3462 2414 3516 venerari
2466 3463 2718 3517 vocibus.
2763 3460 3042 3532 Siquidem
3098 3466 3397 3535 perspicaci

1832 3549 2031 3605 mentis
2072 3550 2267 3613 oculo,
2328 3551 2615 3617 conspexit
2668 3549 3025 3620 refulgentem
3089 3553 3395 3607 columbam

1833 3641 2062 3697 humero
2110 3641 2284 3711 ipsius
2314 3641 2645 3697 insidentem
2690 3642 2945 3709 dextero,
2984 3644 3265 3714 verbaque
3316 3661 3400 3700 sa-

1833 3734 2049 3804 pientiae
2086 3735 2618 3800 subministrantem,
2668 3743 2831 3806 atque
2873 3736 3051 3805 ipsum
3101 3752 3164 3791 ea
3192 3737 3399 3807 populo

1833 3827 2259 3895 depromentem.
2290 3824 2370 3879 Ex
2410 3839 2473 3879 ea
2512 3824 2729 3894 quidem
2771 3824 2939 3879 ardua
2968 3840 3039 3879 ac
3088 3826 3397 3885 veneranda

1832 3917 2083 3972 columba
2111 3917 2416 3973 instructus
2449 3916 2562 3978 ille,
2596 3918 2775 3972 sancti
2805 3916 2968 3986 hujus
3000 3916 3179 3974 Patris
3196 3933 3400 3988 cogno-

1832 4019 1985 4065 verat
2024 4010 2536 4079 peregrinationem,
2559 4025 2793 4079 ettmque
2815 4025 2938 4065 esse
2958 4009 3211 4080 Ephraem
3243 4012 3395 4066 illum

1834 4099 2052 4171 Syrum.
2089 4098 2504 4170 Peropportune
2544 4101 2711 4171 igitur
2738 4100 2898 4155 ambo
2940 4110 3130 4157 mutua
3166 4101 3309 4156 inter
3335 4118 3397 4157 se

1834 4191 2156 4246 fruebantur
2208 4192 2647 4258 consuetudine;
2704 4193 2775 4247 ita
2848 4202 2907 4247 ut
2965 4192 3234 4247 laboriosa
3302 4193 3394 4254 illa

1833 4280 2201 4352 peregrinatio
2234 4281 2337 4351 ipsi
2392 4280 2640 4351 Ephrzem
2693 4281 2904 4337 inutilis
2934 4262 3061 4336 non!
3098 4280 3395 4337 exstiterit.

1902 4373 2183 4430 Naturalis
2212 4388 2377 4443 porro
2433 4378 2559 4429 vita:
2591 4374 2925 4438 innocentia,
2977 4374 3247 4429 malorum
3291 4374 3397 4444 ipsi

1835 4467 2159 4523 ostendebat
2190 4466 2372 4537 fugam
2400 4486 2413 4521 :
2443 4481 2571 4521 nam
2600 4482 2667 4522 ex
2699 4482 2765 4522 ea
2795 4466 3042 4522 discebat
3072 4474 3128 4522 et
3173 4467 3398 4521 meliora

1831 4556 2144 4627 prospicere
2170 4564 2226 4611 et
2247 4556 2524 4612 deteriora
2555 4557 2782 4622 evitare,
2819 4565 2985 4627 atque
3016 4557 3137 4613 illas
3175 4566 3398 4613 senten-

1831 4650 1938 4705 tias
1965 4664 2028 4704 ac
2059 4649 2305 4707 rationes
2345 4649 2568 4722 eligere,
2598 4665 2721 4721 qua:
2758 4665 2906 4720 purae
2928 4659 3136 4714 essent,
3166 4665 3397 4720 quaeque

1832 4741 1899 4797 ad
1923 4741 2279 4798 excolendam
2323 4743 2662 4798 honestatem
2703 4740 3036 4806 conferrent,
3070 4749 3124 4797 et
3160 4742 3394 4798 docendi

1832 4849 1992 4889 nsum
2022 4848 2365 4905 nequaquam
2398 4833 2751 4903 impedirent.
2805 4833 3161 4888 Abundanter
3184 4833 3395 4903 quippe

1831 4933 2022 4983 sancto
2072 4926 2188 4979 seni
2238 4939 2559 4981 consessum
2606 4941 2636 4978 a
2686 4923 2906 4981 Christo
2946 4932 3066 4979 erat
3120 4924 3394 4980 sermonis

1830 5018 2115 5079 talentum,
2152 5015 2296 5085 quod
2337 5030 2460 5070 cum
2501 5014 2568 5069 ad
2599 5030 2817 5071 mensas
2853 5015 3100 5070 cordium
3145 5015 3393 5085 plurimis

1830 5111 2227 5180 impertiretur,
2265 5107 2317 5163 ei
2349 5116 2528 5162 tamen
2556 5121 2678 5162 cum
2711 5106 2903 5176 primis
2932 5105 3157 5176 profuit.
3198 5104 3398 5159 Fertur

1833 5210 2012 5255 autem
2032 5201 2149 5254 haec
2182 5199 2298 5270 ipse
2337 5198 2404 5253 de
2426 5214 2486 5253 se
2518 5197 2763 5254 dixisse:
2811 5195 2952 5261 Sibi,
2988 5210 3112 5251 cum
3159 5197 3395 5266 primum

1832 5310 1864 5350 e
1893 5302 2079 5348 tenera
2102 5292 2193 5348 illa
2210 5290 2503 5347 excederet
2532 5298 2690 5346 aetate
2720 5290 2987 5360 pueritiae,
3022 5303 3225 5344 arcana
3248 5287 3398 5357 ejus-

1829 5386 1978 5442 modi
2011 5386 2308 5457 contigisse
2336 5385 2474 5441 visa.
2509 5384 2620 5455 Ipsi
2669 5385 2868 5440 etenim
2910 5382 3067 5453 juxta
3124 5382 3393 5453 linguam,

1830 5480 2125 5537 admodum
2174 5478 2457 5536 fructifera
2504 5478 2690 5536 enasci
2734 5478 3025 5534 videbatur
3061 5477 3217 5541 vitis,
3275 5490 3398 5547 quae

1827 5573 2047 5645 quidem
2084 5574 2161 5629 ita
2214 5571 2590 5639 excrescebat,
2646 5579 2709 5628 ut
2762 5571 3083 5635 universum
3120 5578 3397 5626 terrarum
