  <div class='ocr_page' id='page_1' title='image "/cluster/home/n/w/nwhite01/storage/ocr_20150623/46/hvd.32044014713994/423.png"; bbox 0 0 3850 6390; ppageno 0'>
   <div class='ocr_carea' id='block_1_1' title="bbox 471 251 582 308">
    <p class='ocr_par' dir='ltr' id='par_1_1' title="bbox 471 251 582 308">
     <span class='ocr_line' id='line_1_1' title="bbox 471 251 582 308; baseline -0.009 -1"><span class='ocrx_word' id='word_1_1' title='bbox 471 251 582 308; x_wconf 77' lang='lat'><strong>835</strong></span> 
     </span>
    </p>
   </div>
   <div class='ocr_carea' id='block_1_2' title="bbox 1656 246 2413 309">
    <p class='ocr_par' dir='ltr' id='par_1_2' title="bbox 1656 246 2413 309">
     <span class='ocr_line' id='line_1_2' title="bbox 1656 246 2413 309; baseline 0 -3"><span class='ocrx_word' id='word_1_2' title='bbox 1656 248 1715 306; x_wconf 81' lang='lat'><strong>8.</strong></span> <span class='ocrx_word' id='word_1_3' title='bbox 1754 246 2079 308; x_wconf 78' lang='lat' dir='ltr'><strong>GREGORII</strong></span> <span class='ocrx_word' id='word_1_4' title='bbox 2117 247 2413 309; x_wconf 75' lang='lat' dir='ltr'><strong>NYSSENI</strong></span> 
     </span>
    </p>
   </div>
   <div class='ocr_carea' id='block_1_3' title="bbox 3613 248 3724 306">
    <p class='ocr_par' dir='ltr' id='par_1_3' title="bbox 3613 248 3724 306">
     <span class='ocr_line' id='line_1_3' title="bbox 3613 248 3724 306; baseline 0 -3"><span class='ocrx_word' id='word_1_5' title='bbox 3613 248 3724 306; x_wconf 74' lang='lat'><strong>836</strong></span> 
     </span>
    </p>
   </div>
   <div class='ocr_carea' id='block_1_4' title="bbox 473 366 2054 443">
    <p class='ocr_par' dir='ltr' id='par_1_4' title="bbox 473 366 2037 443">
     <span class='ocr_line' id='line_1_4' title="bbox 473 366 2037 443; baseline -0.001 -17"><span class='ocrx_word' id='word_1_6' title='bbox 473 369 710 441; x_wconf 75' lang='lat' dir='ltr'><strong>repleret</strong></span> <span class='ocrx_word' id='word_1_7' title='bbox 754 367 965 423; x_wconf 86' lang='lat' dir='ltr'><strong>orbem.</strong></span> <span class='ocrx_word' id='word_1_8' title='bbox 996 366 1207 421; x_wconf 90' lang='lat' dir='ltr'><strong>Cuncta</strong></span> <span class='ocrx_word' id='word_1_9' title='bbox 1257 374 1440 422; x_wconf 88' lang='lat' dir='ltr'><strong>autem</strong></span> <span class='ocrx_word' id='word_1_10' title='bbox 1473 367 1598 423; x_wconf 77' lang='lat' dir='ltr'><strong>cmli</strong></span> <span class='ocrx_word' id='word_1_11' title='bbox 1654 369 1896 443; x_wconf 71' lang='lat' dir='ltr'><strong>volatiiia</strong></span> <span class='ocrx_word' id='word_1_12' title='bbox 1932 370 2037 425; x_wconf 84' lang='lat' dir='ltr'><strong>ad-</strong></span> 
     </span>
    </p>
   </div>
   <div class='ocr_carea' id='block_1_5' title="bbox 2158 366 3729 443">
    <p class='ocr_par' dir='ltr' id='par_1_5' title="bbox 2158 366 3729 442">
     <span class='ocr_line' id='line_1_5' title="bbox 2158 366 3729 442; baseline -0.003 -18"><span class='ocrx_word' id='word_1_13' title='bbox 2158 370 2310 425; x_wconf 73' lang='grc' dir='ltr'><strong>κῦσαι</strong></span> <span class='ocrx_word' id='word_1_14' title='bbox 2341 372 2440 442; x_wconf 76' lang='grc' dir='ltr'><strong>τὴν</strong></span> <span class='ocrx_word' id='word_1_15' title='bbox 2465 371 2589 441; x_wconf 82' lang='grc' dir='ltr'><strong>γῆν,</strong></span> <span class='ocrx_word' id='word_1_16' title='bbox 2624 372 2732 425; x_wconf 83' lang='grc' dir='ltr'><strong>πᾶν</strong></span> <span class='ocrx_word' id='word_1_17' title='bbox 2760 371 2815 425; x_wconf 74' lang='grc' dir='ltr'><strong>δὲ</strong></span> <span class='ocrx_word' id='word_1_18' title='bbox 2842 370 3083 425; x_wconf 78' lang='grc' dir='ltr'><strong>πετεινδν</strong></span> <span class='ocrx_word' id='word_1_19' title='bbox 3112 369 3209 423; x_wconf 89' lang='grc' dir='ltr'><strong>τοῦ</strong></span> <span class='ocrx_word' id='word_1_20' title='bbox 3226 366 3462 440; x_wconf 85' lang='grc' dir='ltr'><strong>ούρανοῦ</strong></span> <span class='ocrx_word' id='word_1_21' title='bbox 3487 368 3729 440; x_wconf 75' lang='grc' dir='ltr'><strong>ἐρχόμεο</strong></span> 
     </span>
    </p>
   </div>
   <div class='ocr_carea' id='block_1_6' title="bbox 473 457 2045 531">
    <p class='ocr_par' dir='ltr' id='par_1_6' title="bbox 473 457 2045 531">
     <span class='ocr_line' id='line_1_6' title="bbox 473 457 2045 531; baseline -0.003 -13"><span class='ocrx_word' id='word_1_22' title='bbox 473 460 790 525; x_wconf 88' lang='lat' dir='ltr'><strong>ventabant,</strong></span> <span class='ocrx_word' id='word_1_23' title='bbox 815 469 871 515; x_wconf 89' lang='lat' dir='ltr'><strong>et</strong></span> <span class='ocrx_word' id='word_1_24' title='bbox 899 458 967 514; x_wconf 87' lang='lat' dir='ltr'><strong>de</strong></span> <span class='ocrx_word' id='word_1_25' title='bbox 998 458 1179 513; x_wconf 78' lang='lat' dir='ltr'><strong>fructu</strong></span> <span class='ocrx_word' id='word_1_26' title='bbox 1210 457 1331 528; x_wconf 83' lang='lat' dir='ltr'><strong>ejus</strong></span> <span class='ocrx_word' id='word_1_27' title='bbox 1363 458 1762 516; x_wconf 88' lang='lat' dir='ltr'><strong>comedebant:</strong></span> <span class='ocrx_word' id='word_1_28' title='bbox 1798 463 1914 531; x_wconf 87' lang='lat' dir='ltr'><strong>ipsa</strong></span> <span class='ocrx_word' id='word_1_29' title='bbox 1943 475 2045 514; x_wconf 76' lang='lat' dir='ltr'><strong>au—</strong></span> 
     </span>
    </p>
   </div>
   <div class='ocr_carea' id='block_1_7' title="bbox 472 551 2044 622">
    <p class='ocr_par' dir='ltr' id='par_1_7' title="bbox 472 551 2044 622">
     <span class='ocr_line' id='line_1_7' title="bbox 472 551 2044 622; baseline -0.004 -11"><span class='ocrx_word' id='word_1_30' title='bbox 472 563 582 611; x_wconf 91' lang='lat' dir='ltr'><strong>tem</strong></span> <span class='ocrx_word' id='word_1_31' title='bbox 617 552 766 615; x_wconf 90' lang='lat' dir='ltr'><strong>vitis,</strong></span> <span class='ocrx_word' id='word_1_32' title='bbox 803 558 1013 621; x_wconf 91' lang='lat' dir='ltr'><strong>quanto</strong></span> <span class='ocrx_word' id='word_1_33' title='bbox 1046 551 1231 621; x_wconf 83' lang='lat' dir='ltr'><strong>plures</strong></span> <span class='ocrx_word' id='word_1_34' title='bbox 1255 552 1509 608; x_wconf 79' lang='lat' dir='ltr'><strong>volucres</strong></span> <span class='ocrx_word' id='word_1_35' title='bbox 1550 551 1902 622; x_wconf 90' lang='lat' dir='ltr'><strong>decerpentes</strong></span> <span class='ocrx_word' id='word_1_36' title='bbox 1929 551 2044 606; x_wconf 77' lang='lat' dir='ltr'><strong>fru-</strong></span> 
     </span>
    </p>
   </div>
   <div class='ocr_carea' id='block_1_8' title="bbox 472 643 2045 714">
    <p class='ocr_par' dir='ltr' id='par_1_8' title="bbox 472 643 2045 714">
     <span class='ocr_line' id='line_1_8' title="bbox 472 643 2045 714; baseline -0.002 -13"><span class='ocrx_word' id='word_1_37' title='bbox 472 655 597 701; x_wconf 88' lang='lat' dir='ltr'><strong>ctus</strong></span> <span class='ocrx_word' id='word_1_38' title='bbox 616 644 951 714; x_wconf 87' lang='lat' dir='ltr'><strong>excipiebat.</strong></span> <span class='ocrx_word' id='word_1_39' title='bbox 991 652 1145 698; x_wconf 92' lang='lat' dir='ltr'><strong>tanto</strong></span> <span class='ocrx_word' id='word_1_40' title='bbox 1177 645 1413 713; x_wconf 84' lang='lat' dir='ltr'><strong>amplius</strong></span> <span class='ocrx_word' id='word_1_41' title='bbox 1448 644 1686 700; x_wconf 80' lang='lat' dir='ltr'><strong>racemis</strong></span> <span class='ocrx_word' id='word_1_42' title='bbox 1709 643 2045 698; x_wconf 72' lang='lat' dir='ltr'><strong>abundabat.</strong></span> 
     </span>
    </p>
   </div>
   <div class='ocr_carea' id='block_1_9' title="bbox 472 736 2045 810">
    <p class='ocr_par' dir='ltr' id='par_1_9' title="bbox 472 736 2045 810">
     <span class='ocr_line' id='line_1_9' title="bbox 472 736 2045 810; baseline -0.001 -18"><span class='ocrx_word' id='word_1_43' title='bbox 472 736 609 794; x_wconf 87' lang='lat' dir='ltr'><strong>llud</strong></span> <span class='ocrx_word' id='word_1_44' title='bbox 637 744 899 810; x_wconf 64' lang='lat' dir='ltr'><strong>praeterea</strong></span> <span class='ocrx_word' id='word_1_45' title='bbox 925 737 1070 806; x_wconf 92' lang='lat' dir='ltr'><strong>quod</strong></span> <span class='ocrx_word' id='word_1_46' title='bbox 1096 737 1165 791; x_wconf 90' lang='lat' dir='ltr'><strong>ad</strong></span> <span class='ocrx_word' id='word_1_47' title='bbox 1198 736 1377 807; x_wconf 91' lang='lat' dir='ltr'><strong>ipsum</strong></span> <span class='ocrx_word' id='word_1_48' title='bbox 1404 737 1721 808; x_wconf 90' lang='lat' dir='ltr'><strong>pertineret,</strong></span> <span class='ocrx_word' id='word_1_49' title='bbox 1744 737 1885 793; x_wconf 87' lang='lat' dir='ltr'><strong>alius</strong></span> <span class='ocrx_word' id='word_1_50' title='bbox 1919 738 2045 808; x_wconf 60' lang='lat' dir='ltr'><strong>qui.</strong></span> 
     </span>
    </p>
   </div>
   <div class='ocr_carea' id='block_1_10' title="bbox 473 829 2044 900">
    <p class='ocr_par' dir='ltr' id='par_1_10' title="bbox 473 829 2044 900">
     <span class='ocr_line' id='line_1_10' title="bbox 473 829 2044 900; baseline 0.001 -14"><span class='ocrx_word' id='word_1_51' title='bbox 473 830 623 895; x_wconf 91' lang='lat' dir='ltr'><strong>dam,</strong></span> <span class='ocrx_word' id='word_1_52' title='bbox 649 830 816 885; x_wconf 88' lang='lat' dir='ltr'><strong>homo</strong></span> <span class='ocrx_word' id='word_1_53' title='bbox 847 830 1158 900; x_wconf 78' lang='lat' dir='ltr'><strong>perspicax,</strong></span> <span class='ocrx_word' id='word_1_54' title='bbox 1191 843 1251 884; x_wconf 89' lang='lat' dir='ltr'><strong>se</strong></span> <span class='ocrx_word' id='word_1_55' title='bbox 1272 829 1630 899; x_wconf 89' lang='lat' dir='ltr'><strong>conspexisse</strong></span> <span class='ocrx_word' id='word_1_56' title='bbox 1656 837 1890 887; x_wconf 88' lang='lat' dir='ltr'><strong>testatus</strong></span> <span class='ocrx_word' id='word_1_57' title='bbox 1918 839 2003 887; x_wconf 90' lang='lat' dir='ltr'><strong>est</strong></span> <span class='ocrx_word' id='word_1_58' title='bbox 2027 845 2044 887; x_wconf 93' lang='lat'><strong>:</strong></span> 
     </span>
    </p>
   </div>
   <div class='ocr_carea' id='block_1_11' title="bbox 474 920 2045 994">
    <p class='ocr_par' dir='ltr' id='par_1_11' title="bbox 474 920 2045 994">
     <span class='ocr_line' id='line_1_11' title="bbox 474 920 2045 994; baseline -0.003 -15"><span class='ocrx_word' id='word_1_59' title='bbox 474 922 799 994; x_wconf 74' lang='lat' dir='ltr'><strong>angelorum</strong></span> <span class='ocrx_word' id='word_1_60' title='bbox 844 921 1060 977; x_wconf 74' lang='lat' dir='ltr'><strong>scilicet</strong></span> <span class='ocrx_word' id='word_1_61' title='bbox 1102 920 1318 991; x_wconf 88' lang='lat' dir='ltr'><strong>copiam</strong></span> <span class='ocrx_word' id='word_1_62' title='bbox 1352 921 1775 977; x_wconf 83' lang='lat' dir='ltr'><strong>descendentem</strong></span> <span class='ocrx_word' id='word_1_63' title='bbox 1808 938 1840 978; x_wconf 91' lang='lat' dir='ltr'><strong>e</strong></span> <span class='ocrx_word' id='word_1_64' title='bbox 1881 924 2045 989; x_wconf 73' lang='lat' dir='ltr'><strong>cmlo,</strong></span> 
     </span>
    </p>
   </div>
   <div class='ocr_carea' id='block_1_12' title="bbox 474 1013 2048 1085">
    <p class='ocr_par' dir='ltr' id='par_1_12' title="bbox 474 1013 2048 1085">
     <span class='ocr_line' id='line_1_12' title="bbox 474 1013 2048 1085; baseline -0.001 -14"><span class='ocrx_word' id='word_1_65' title='bbox 474 1017 734 1072; x_wconf 80' lang='lat' dir='ltr'><strong>volumen</strong></span> <span class='ocrx_word' id='word_1_66' title='bbox 764 1015 918 1070; x_wconf 89' lang='lat' dir='ltr'><strong>intus</strong></span> <span class='ocrx_word' id='word_1_67' title='bbox 951 1028 1016 1069; x_wconf 90' lang='lat' dir='ltr'><strong>ac</strong></span> <span class='ocrx_word' id='word_1_68' title='bbox 1053 1013 1191 1070; x_wconf 82' lang='lat' dir='ltr'><strong>foris</strong></span> <span class='ocrx_word' id='word_1_69' title='bbox 1236 1014 1609 1085; x_wconf 85' lang='lat' dir='ltr'><strong>conscriptum</strong></span> <span class='ocrx_word' id='word_1_70' title='bbox 1645 1015 1896 1072; x_wconf 90' lang='lat' dir='ltr'><strong>detinere</strong></span> <span class='ocrx_word' id='word_1_71' title='bbox 1939 1031 2048 1069; x_wconf 83' lang='lat' dir='ltr'><strong>ma-</strong></span> 
     </span>
    </p>
   </div>
   <div class='ocr_carea' id='block_1_13' title="bbox 475 1106 2048 1178">
    <p class='ocr_par' dir='ltr' id='par_1_13' title="bbox 475 1106 2048 1178">
     <span class='ocr_line' id='line_1_13' title="bbox 475 1106 2048 1178; baseline -0.001 -13"><span class='ocrx_word' id='word_1_72' title='bbox 475 1110 661 1166; x_wconf 87' lang='lat' dir='ltr'><strong>nibus.</strong></span> <span class='ocrx_word' id='word_1_73' title='bbox 695 1107 787 1164; x_wconf 88' lang='lat' dir='ltr'><strong>Sic</strong></span> <span class='ocrx_word' id='word_1_74' title='bbox 813 1122 941 1163; x_wconf 88' lang='lat' dir='ltr'><strong>vero</strong></span> <span class='ocrx_word' id='word_1_75' title='bbox 970 1114 1215 1175; x_wconf 85' lang='lat' dir='ltr'><strong>sanctam</strong></span> <span class='ocrx_word' id='word_1_76' title='bbox 1247 1106 1394 1161; x_wconf 88' lang='lat' dir='ltr'><strong>illam</strong></span> <span class='ocrx_word' id='word_1_77' title='bbox 1440 1108 1674 1178; x_wconf 88' lang='lat' dir='ltr'><strong>colloqui</strong></span> <span class='ocrx_word' id='word_1_78' title='bbox 1715 1108 1887 1163; x_wconf 88' lang='lat' dir='ltr'><strong>visam</strong></span> <span class='ocrx_word' id='word_1_79' title='bbox 1924 1122 2048 1164; x_wconf 91' lang='lat' dir='ltr'><strong>esse</strong></span> 
     </span>
    </p>
   </div>
   <div class='ocr_carea' id='block_1_14' title="bbox 422 1200 2049 1272">
    <p class='ocr_par' dir='ltr' id='par_1_14' title="bbox 422 1200 2049 1272">
     <span class='ocr_line' id='line_1_14' title="bbox 422 1200 2049 1272; baseline -0.002 -13"><span class='ocrx_word' id='word_1_80' title='bbox 422 1250 426 1265; x_wconf 56' lang='grc' dir='ltr'><em>ε</em></span> <span class='ocrx_word' id='word_1_81' title='bbox 477 1204 671 1261; x_wconf 89' lang='lat' dir='ltr'><strong>aciem.</strong></span> <span class='ocrx_word' id='word_1_82' title='bbox 703 1201 863 1268; x_wconf 83' lang='lat' dir='ltr'><strong>Quis,</strong></span> <span class='ocrx_word' id='word_1_83' title='bbox 896 1208 1081 1272; x_wconf 85' lang='lat' dir='ltr'><strong>putas,</strong></span> <span class='ocrx_word' id='word_1_84' title='bbox 1111 1200 1368 1256; x_wconf 84' lang='lat' dir='ltr'><strong>volumen</strong></span> <span class='ocrx_word' id='word_1_85' title='bbox 1401 1200 1547 1255; x_wconf 88' lang='lat' dir='ltr'><strong>istud</strong></span> <span class='ocrx_word' id='word_1_86' title='bbox 1580 1201 1633 1255; x_wconf 94' lang='lat' dir='ltr'><strong>in</strong></span> <span class='ocrx_word' id='word_1_87' title='bbox 1669 1215 1867 1257; x_wconf 88' lang='lat' dir='ltr'><strong>manus</strong></span> <span class='ocrx_word' id='word_1_88' title='bbox 1904 1201 2049 1257; x_wconf 89' lang='lat' dir='ltr'><strong>acci-</strong></span> 
     </span>
    </p>
   </div>
   <div class='ocr_carea' id='block_1_15' title="bbox 476 1292 2048 1367">
    <p class='ocr_par' dir='ltr' id='par_1_15' title="bbox 476 1292 2048 1367">
     <span class='ocr_line' id='line_1_15' title="bbox 476 1292 2048 1367; baseline -0.002 -17"><span class='ocrx_word' id='word_1_89' title='bbox 476 1297 590 1367; x_wconf 90' lang='lat' dir='ltr'><strong>piet</strong></span> <span class='ocrx_word' id='word_1_90' title='bbox 615 1296 638 1349; x_wconf 84' lang='lat'><strong>?</strong></span> <span class='ocrx_word' id='word_1_91' title='bbox 667 1294 733 1348; x_wconf 87' lang='lat' dir='ltr'><strong>Et</strong></span> <span class='ocrx_word' id='word_1_92' title='bbox 765 1294 867 1349; x_wconf 85' lang='lat' dir='ltr'><strong>hos</strong></span> <span class='ocrx_word' id='word_1_93' title='bbox 893 1293 1115 1363; x_wconf 87' lang='lat' dir='ltr'><strong>quidem</strong></span> <span class='ocrx_word' id='word_1_94' title='bbox 1151 1292 1318 1355; x_wconf 90' lang='lat' dir='ltr'><strong>hunc,</strong></span> <span class='ocrx_word' id='word_1_95' title='bbox 1349 1292 1492 1349; x_wconf 91' lang='lat' dir='ltr'><strong>alios</strong></span> <span class='ocrx_word' id='word_1_96' title='bbox 1521 1292 1697 1357; x_wconf 91' lang='lat' dir='ltr'><strong>illum,</strong></span> <span class='ocrx_word' id='word_1_97' title='bbox 1730 1293 1870 1348; x_wconf 90' lang='lat' dir='ltr'><strong>alios</strong></span> <span class='ocrx_word' id='word_1_98' title='bbox 1916 1307 2048 1349; x_wconf 93' lang='lat' dir='ltr'><strong>vero</strong></span> 
     </span>
    </p>
   </div>
   <div class='ocr_carea' id='block_1_16' title="bbox 479 1384 2048 1456">
    <p class='ocr_par' dir='ltr' id='par_1_16' title="bbox 479 1384 2048 1456">
     <span class='ocr_line' id='line_1_16' title="bbox 479 1384 2048 1456; baseline 0 -14"><span class='ocrx_word' id='word_1_99' title='bbox 479 1389 645 1442; x_wconf 86' lang='lat' dir='ltr'><strong>alium</strong></span> <span class='ocrx_word' id='word_1_100' title='bbox 692 1402 757 1442; x_wconf 87' lang='lat' dir='ltr'><strong>ex</strong></span> <span class='ocrx_word' id='word_1_101' title='bbox 803 1385 1278 1455; x_wconf 69' lang='lat' dir='ltr'><strong>praestantioribus</strong></span> <span class='ocrx_word' id='word_1_102' title='bbox 1307 1400 1373 1440; x_wconf 90' lang='lat' dir='ltr'><strong>eo</strong></span> <span class='ocrx_word' id='word_1_103' title='bbox 1433 1394 1681 1456; x_wconf 90' lang='lat' dir='ltr'><strong>tempore</strong></span> <span class='ocrx_word' id='word_1_104' title='bbox 1733 1384 2048 1442; x_wconf 88' lang='lat' dir='ltr'><strong>hominibus</strong></span> 
     </span>
    </p>
   </div>
   <div class='ocr_carea' id='block_1_17' title="bbox 478 1474 2049 1548">
    <p class='ocr_par' dir='ltr' id='par_1_17' title="bbox 478 1474 2049 1548">
     <span class='ocr_line' id='line_1_17' title="bbox 478 1474 2049 1548; baseline -0.002 -14"><span class='ocrx_word' id='word_1_105' title='bbox 478 1476 851 1548; x_wconf 83' lang='lat' dir='ltr'><strong>respondisse.</strong></span> <span class='ocrx_word' id='word_1_106' title='bbox 882 1474 1087 1531; x_wconf 84' lang='lat' dir='ltr'><strong>Deinde</strong></span> <span class='ocrx_word' id='word_1_107' title='bbox 1116 1484 1298 1529; x_wconf 90' lang='lat' dir='ltr'><strong>autem</strong></span> <span class='ocrx_word' id='word_1_108' title='bbox 1324 1482 1443 1544; x_wconf 91' lang='lat' dir='ltr'><strong>post</strong></span> <span class='ocrx_word' id='word_1_109' title='bbox 1468 1476 1711 1529; x_wconf 91' lang='lat' dir='ltr'><strong>omnium</strong></span> <span class='ocrx_word' id='word_1_110' title='bbox 1745 1474 2049 1543; x_wconf 89' lang='lat' dir='ltr'><strong>subjecisse</strong></span> 
     </span>
    </p>
   </div>
   <div class='ocr_carea' id='block_1_18' title="bbox 482 1564 2047 1640">
    <p class='ocr_par' dir='ltr' id='par_1_18' title="bbox 482 1564 2047 1640">
     <span class='ocr_line' id='line_1_18' title="bbox 482 1564 2047 1640; baseline -0.003 -17"><span class='ocrx_word' id='word_1_111' title='bbox 482 1568 898 1640; x_wconf 89' lang='lat' dir='ltr'><strong>probationem:</strong></span> <span class='ocrx_word' id='word_1_112' title='bbox 926 1584 944 1617; x_wconf 88' lang='grc'><em>‹</em></span> <span class='ocrx_word' id='word_1_113' title='bbox 966 1564 1059 1620; x_wconf 89' lang='lat' dir='ltr'><strong>Isti</strong></span> <span class='ocrx_word' id='word_1_114' title='bbox 1086 1564 1305 1635; x_wconf 92' lang='lat' dir='ltr'><strong>quidem</strong></span> <span class='ocrx_word' id='word_1_115' title='bbox 1340 1566 1548 1626; x_wconf 89' lang='lat' dir='ltr'><strong>sancti,</strong></span> <span class='ocrx_word' id='word_1_116' title='bbox 1582 1579 1646 1620; x_wconf 90' lang='lat' dir='ltr'><strong>ac</strong></span> <span class='ocrx_word' id='word_1_117' title='bbox 1685 1564 1920 1619; x_wconf 85' lang='lat' dir='ltr'><strong>ministri</strong></span> <span class='ocrx_word' id='word_1_118' title='bbox 1951 1564 2047 1620; x_wconf 91' lang='lat' dir='ltr'><strong>Dei</strong></span> 
     </span>
    </p>
   </div>
   <div class='ocr_carea' id='block_1_19' title="bbox 480 1656 2049 1724">
    <p class='ocr_par' dir='ltr' id='par_1_19' title="bbox 480 1656 2049 1724">
     <span class='ocr_line' id='line_1_19' title="bbox 480 1656 2049 1724; baseline -0.003 -9"><span class='ocrx_word' id='word_1_119' title='bbox 480 1670 645 1716; x_wconf 89' lang='lat' dir='ltr'><strong>sunt:</strong></span> <span class='ocrx_word' id='word_1_120' title='bbox 704 1659 799 1714; x_wconf 90' lang='lat' dir='ltr'><strong>sed</strong></span> <span class='ocrx_word' id='word_1_121' title='bbox 842 1658 946 1713; x_wconf 89' lang='lat' dir='ltr'><strong>hoc</strong></span> <span class='ocrx_word' id='word_1_122' title='bbox 1008 1658 1262 1711; x_wconf 80' lang='lat' dir='ltr'><strong>volumen</strong></span> <span class='ocrx_word' id='word_1_123' title='bbox 1310 1657 1365 1710; x_wconf 90' lang='lat' dir='ltr'><strong>in</strong></span> <span class='ocrx_word' id='word_1_124' title='bbox 1411 1670 1605 1710; x_wconf 90' lang='lat' dir='ltr'><strong>manus</strong></span> <span class='ocrx_word' id='word_1_125' title='bbox 1648 1656 1897 1724; x_wconf 87' lang='lat' dir='ltr'><strong>accipere</strong></span> <span class='ocrx_word' id='word_1_126' title='bbox 1954 1670 2049 1711; x_wconf 89' lang='lat' dir='ltr'><strong>ne-</strong></span> 
     </span>
    </p>
   </div>
   <div class='ocr_carea' id='block_1_20' title="bbox 2146 459 3728 537">
    <p class='ocr_par' dir='ltr' id='par_1_20' title="bbox 2146 459 3728 537">
     <span class='ocr_line' id='line_1_20' title="bbox 2146 459 3728 537; baseline -0.005 -19"><span class='ocrx_word' id='word_1_127' title='bbox 2146 481 2237 518; x_wconf 88' lang='lat' dir='ltr'><strong>vov</strong></span> <span class='ocrx_word' id='word_1_128' title='bbox 2290 464 2349 530; x_wconf 81' lang='grc' dir='ltr'>ὲξ</span> <span class='ocrx_word' id='word_1_129' title='bbox 2401 463 2573 534; x_wconf 79' lang='grc' dir='ltr'><strong>αὐτῆς</strong></span> <span class='ocrx_word' id='word_1_130' title='bbox 2622 462 3040 537; x_wconf 73' lang='grc' dir='ltr'><strong>ἐμπίμπλασθαι</strong></span> <span class='ocrx_word' id='word_1_131' title='bbox 3070 461 3293 532; x_wconf 82' lang='grc' dir='ltr'><strong>τροφῆς.</strong></span> <span class='ocrx_word' id='word_1_132' title='bbox 3334 459 3510 529; x_wconf 80' lang='grc' dir='ltr'><strong>Αὐτὴν</strong></span> <span class='ocrx_word' id='word_1_133' title='bbox 3538 461 3598 513; x_wconf 72' lang='grc' dir='ltr'><strong>δὲ</strong></span> <span class='ocrx_word' id='word_1_134' title='bbox 3622 462 3728 527; x_wconf 72' lang='grc' dir='ltr'><strong>τὴν</strong></span> 
     </span>
    </p>
   </div>
   <div class='ocr_carea' id='block_1_21' title="bbox 2145 550 3728 627">
    <p class='ocr_par' dir='ltr' id='par_1_21' title="bbox 2145 550 3728 627">
     <span class='ocr_line' id='line_1_21' title="bbox 2145 550 3728 627; baseline -0.006 -17"><span class='ocrx_word' id='word_1_135' title='bbox 2145 555 2389 626; x_wconf 76' lang='grc' dir='ltr'><strong>ἄμπελον</strong></span> <span class='ocrx_word' id='word_1_136' title='bbox 2410 558 2467 609; x_wconf 78' lang='grc' dir='ltr'><strong>ὲν</strong></span> <span class='ocrx_word' id='word_1_137' title='bbox 2493 554 2569 627; x_wconf 84' lang='grc' dir='ltr'><strong>τῷ</strong></span> <span class='ocrx_word' id='word_1_138' title='bbox 2599 554 3006 627; x_wconf 80' lang='grc' dir='ltr'><strong>ἀποκείρεσθαι,</strong></span> <span class='ocrx_word' id='word_1_139' title='bbox 3035 553 3129 607; x_wconf 76' lang='grc' dir='ltr'><strong>καὶ</strong></span> <span class='ocrx_word' id='word_1_140' title='bbox 3157 553 3262 605; x_wconf 80' lang='grc' dir='ltr'><strong>πᾶν</strong></span> <span class='ocrx_word' id='word_1_141' title='bbox 3287 551 3487 622; x_wconf 74' lang='grc' dir='ltr'><strong>πτηνὸν</strong></span> <span class='ocrx_word' id='word_1_142' title='bbox 3517 550 3728 614; x_wconf 77' lang='grc' dir='ltr'><strong>δεξιοῦ-</strong></span> 
     </span>
    </p>
   </div>
   <div class='ocr_carea' id='block_1_22' title="bbox 2147 642 3729 719">
    <p class='ocr_par' dir='ltr' id='par_1_22' title="bbox 2147 642 3729 719">
     <span class='ocr_line' id='line_1_22' title="bbox 2147 642 3729 719; baseline -0.006 -16"><span class='ocrx_word' id='word_1_143' title='bbox 2147 649 2291 713; x_wconf 86' lang='grc' dir='ltr'><strong>σθαι,</strong></span> <span class='ocrx_word' id='word_1_144' title='bbox 2348 648 2548 719; x_wconf 76' lang='grc' dir='ltr'><strong>μᾶλλον</strong></span> <span class='ocrx_word' id='word_1_145' title='bbox 2590 648 2837 703; x_wconf 82' lang='grc' dir='ltr'><strong>πλουτεῖν</strong></span> <span class='ocrx_word' id='word_1_146' title='bbox 2882 648 2993 701; x_wconf 85' lang='grc' dir='ltr'><strong>τῶν</strong></span> <span class='ocrx_word' id='word_1_147' title='bbox 3026 646 3286 719; x_wconf 85' lang='grc' dir='ltr'><strong>βοτρύων.</strong></span> <span class='ocrx_word' id='word_1_148' title='bbox 3328 642 3499 698; x_wconf 86' lang='grc' dir='ltr'><strong>Τοῦτο</strong></span> <span class='ocrx_word' id='word_1_149' title='bbox 3540 644 3603 697; x_wconf 68' lang='grc' dir='ltr'><strong>δὲ</strong></span> <span class='ocrx_word' id='word_1_150' title='bbox 3633 643 3729 695; x_wconf 82' lang='grc' dir='ltr'><strong>καὶ</strong></span> 
     </span>
    </p>
   </div>
   <div class='ocr_carea' id='block_1_23' title="bbox 2144 736 3729 813">
    <p class='ocr_par' dir='ltr' id='par_1_23' title="bbox 2144 736 3729 813">
     <span class='ocr_line' id='line_1_23' title="bbox 2144 736 3729 813; baseline -0.008 -17"><span class='ocrx_word' id='word_1_151' title='bbox 2144 739 2303 803; x_wconf 81' lang='grc' dir='ltr'><strong>ἄλλος</strong></span> <span class='ocrx_word' id='word_1_152' title='bbox 2332 742 2461 813; x_wconf 78' lang='grc' dir='ltr'><strong>περὶ</strong></span> <span class='ocrx_word' id='word_1_153' title='bbox 2488 740 2652 795; x_wconf 83' lang='grc' dir='ltr'><strong>αὑτοῦ</strong></span> <span class='ocrx_word' id='word_1_154' title='bbox 2701 740 2811 793; x_wconf 84' lang='grc' dir='ltr'><strong>τῶν</strong></span> <span class='ocrx_word' id='word_1_155' title='bbox 2839 741 2980 794; x_wconf 87' lang='grc' dir='ltr'><strong>πάνυ</strong></span> <span class='ocrx_word' id='word_1_156' title='bbox 3027 736 3350 810; x_wconf 85' lang='grc' dir='ltr'><strong>διορατικῶν</strong></span> <span class='ocrx_word' id='word_1_157' title='bbox 3390 739 3511 791; x_wconf 86' lang='grc' dir='ltr'><strong>τότε</strong></span> <span class='ocrx_word' id='word_1_158' title='bbox 3556 751 3729 805; x_wconf 81' lang='grc' dir='ltr'><strong>προα-</strong></span> 
     </span>
    </p>
   </div>
   <div class='ocr_carea' id='block_1_24' title="bbox 2146 828 3731 905">
    <p class='ocr_par' dir='ltr' id='par_1_24' title="bbox 2146 828 3731 905">
     <span class='ocr_line' id='line_1_24' title="bbox 2146 828 3731 905; baseline -0.004 -20"><span class='ocrx_word' id='word_1_159' title='bbox 2146 832 2561 905; x_wconf 70' lang='grc' dir='ltr'><strong>εμαρτύρησεψ</strong></span> <span class='ocrx_word' id='word_1_160' title='bbox 2612 832 2813 887; x_wconf 77' lang='grc' dir='ltr'><strong>ἰδέσθαι</strong></span> <span class='ocrx_word' id='word_1_161' title='bbox 2841 833 3016 901; x_wconf 87' lang='grc' dir='ltr'><strong>λέγων</strong></span> <span class='ocrx_word' id='word_1_162' title='bbox 3051 832 3297 900; x_wconf 82' lang='grc' dir='ltr'><strong>ἀγγέλων</strong></span> <span class='ocrx_word' id='word_1_163' title='bbox 3328 828 3559 899; x_wconf 77' lang='grc' dir='ltr'><strong>πληθὺν,</strong></span> <span class='ocrx_word' id='word_1_164' title='bbox 3595 843 3731 880; x_wconf 86' lang='grc' dir='ltr'><strong>κατ-</strong></span> 
     </span>
    </p>
   </div>
   <div class='ocr_carea' id='block_1_25' title="bbox 2149 919 3724 998">
    <p class='ocr_par' dir='ltr' id='par_1_25' title="bbox 2149 919 3724 998">
     <span class='ocr_line' id='line_1_25' title="bbox 2149 919 3724 998; baseline -0.006 -18"><span class='ocrx_word' id='word_1_165' title='bbox 2149 925 2333 980; x_wconf 90' lang='grc' dir='ltr'><strong>ιοῦσαν</strong></span> <span class='ocrx_word' id='word_1_166' title='bbox 2362 925 2421 990; x_wconf 78' lang='grc' dir='ltr'><strong>ἐξ</strong></span> <span class='ocrx_word' id='word_1_167' title='bbox 2450 925 2702 998; x_wconf 84' lang='grc' dir='ltr'><strong>ούρανοῦ,</strong></span> <span class='ocrx_word' id='word_1_168' title='bbox 2752 924 2915 995; x_wconf 92' lang='grc' dir='ltr'><strong>τόμον</strong></span> <span class='ocrx_word' id='word_1_169' title='bbox 2946 924 3037 977; x_wconf 76' lang='grc' dir='ltr'><strong>ἐπὶ</strong></span> <span class='ocrx_word' id='word_1_170' title='bbox 3084 926 3273 993; x_wconf 82' lang='grc' dir='ltr'><strong>χεῖρας</strong></span> <span class='ocrx_word' id='word_1_171' title='bbox 3321 919 3724 991; x_wconf 67' lang='grc' dir='ltr'><strong>βαστάζουσαι),</strong></span> 
     </span>
    </p>
   </div>
   <div class='ocr_carea' id='block_1_26' title="bbox 2146 1011 3727 1088">
    <p class='ocr_par' dir='ltr' id='par_1_26' title="bbox 2146 1011 3727 1088">
     <span class='ocr_line' id='line_1_26' title="bbox 2146 1011 3727 1088; baseline -0.004 -17"><span class='ocrx_word' id='word_1_172' title='bbox 2146 1018 2344 1084; x_wconf 70' lang='grc' dir='ltr'><strong>ἔξωθέν</strong></span> <span class='ocrx_word' id='word_1_173' title='bbox 2379 1036 2438 1073; x_wconf 87' lang='grc' dir='ltr'><strong>τε</strong></span> <span class='ocrx_word' id='word_1_174' title='bbox 2472 1020 2567 1072; x_wconf 78' lang='grc' dir='ltr'><strong>καὶ</strong></span> <span class='ocrx_word' id='word_1_175' title='bbox 2612 1018 2812 1073; x_wconf 74' lang='grc' dir='ltr'><strong>ἔσωθεν</strong></span> <span class='ocrx_word' id='word_1_176' title='bbox 2857 1015 3324 1088; x_wconf 82' lang='grc' dir='ltr'><strong>ἐγγεγραμμένον.</strong></span> <span class='ocrx_word' id='word_1_177' title='bbox 3360 1012 3553 1081; x_wconf 82' lang='grc' dir='ltr'>Ἔλεγε</span> <span class='ocrx_word' id='word_1_178' title='bbox 3598 1011 3655 1065; x_wconf 75' lang='grc' dir='ltr'><strong>δὲ</strong></span> <span class='ocrx_word' id='word_1_179' title='bbox 3690 1014 3727 1081; x_wconf 81' lang='grc' dir='ltr'><strong>ἠ</strong></span> 
     </span>
    </p>
   </div>
   <div class='ocr_carea' id='block_1_27' title="bbox 2145 1104 3729 1180">
    <p class='ocr_par' dir='ltr' id='par_1_27' title="bbox 2145 1104 3729 1180">
     <span class='ocr_line' id='line_1_27' title="bbox 2145 1104 3729 1180; baseline -0.006 -15"><span class='ocrx_word' id='word_1_180' title='bbox 2145 1113 2375 1180; x_wconf 77' lang='grc' dir='ltr'><strong>φανεῖσα</strong></span> <span class='ocrx_word' id='word_1_181' title='bbox 2426 1110 2547 1165; x_wconf 83' lang='grc' dir='ltr'><strong>θεία</strong></span> <span class='ocrx_word' id='word_1_182' title='bbox 2594 1110 2777 1180; x_wconf 73' lang='grc' dir='ltr'><strong>ἐκείνη</strong></span> <span class='ocrx_word' id='word_1_183' title='bbox 2827 1108 2965 1179; x_wconf 86' lang='grc' dir='ltr'><strong>πρὸς</strong></span> <span class='ocrx_word' id='word_1_184' title='bbox 3017 1106 3213 1179; x_wconf 79' lang='grc' dir='ltr'><strong>ἑαυτὴν</strong></span> <span class='ocrx_word' id='word_1_185' title='bbox 3266 1106 3593 1178; x_wconf 80' lang='grc' dir='ltr'><strong>παράταξις.</strong></span> <span class='ocrx_word' id='word_1_186' title='bbox 3630 1104 3729 1165; x_wconf 78' lang='grc' dir='ltr'><strong>τις</strong></span> 
     </span>
    </p>
   </div>
   <div class='ocr_carea' id='block_1_28' title="bbox 2146 1188 3729 1275">
    <p class='ocr_par' dir='ltr' id='par_1_28' title="bbox 2146 1188 3729 1275">
     <span class='ocr_line' id='line_1_28' title="bbox 2146 1188 3729 1275; baseline -0.007 -19"><span class='ocrx_word' id='word_1_187' title='bbox 2146 1203 2256 1275; x_wconf 77' lang='grc' dir='ltr'><strong>ἄρα</strong></span> <span class='ocrx_word' id='word_1_188' title='bbox 2309 1202 2511 1272; x_wconf 80' lang='grc' dir='ltr'><strong>ὀφείλει</strong></span> <span class='ocrx_word' id='word_1_189' title='bbox 2542 1201 2691 1256; x_wconf 81' lang='grc' dir='ltr'><strong>τόνδε</strong></span> <span class='ocrx_word' id='word_1_190' title='bbox 2721 1201 2814 1255; x_wconf 80' lang='grc' dir='ltr'><strong>τὸν</strong></span> <span class='ocrx_word' id='word_1_191' title='bbox 2855 1200 3021 1272; x_wconf 87' lang='grc' dir='ltr'><strong>τόμον</strong></span> <span class='ocrx_word' id='word_1_192' title='bbox 3046 1198 3483 1271; x_wconf 71' lang='grc' dir='ltr'><strong>έγχειριοθῆναις</strong></span> <span class='ocrx_word' id='word_1_193' title='bbox 3521 1195 3616 1259; x_wconf 77' lang='grc' dir='ltr'><strong>Ἐξ</strong></span> <span class='ocrx_word' id='word_1_194' title='bbox 3652 1188 3729 1247; x_wconf 76' lang='grc' dir='ltr'><strong>ὧν</strong></span> 
     </span>
    </p>
   </div>
   <div class='ocr_carea' id='block_1_29' title="bbox 2146 1287 3726 1367">
    <p class='ocr_par' dir='ltr' id='par_1_29' title="bbox 2146 1287 3726 1367">
     <span class='ocr_line' id='line_1_29' title="bbox 2146 1287 3726 1367; baseline -0.008 -17"><span class='ocrx_word' id='word_1_195' title='bbox 2146 1295 2555 1367; x_wconf 79' lang='grc' dir='ltr'><strong>ἀποκριθέντες,</strong></span> <span class='ocrx_word' id='word_1_196' title='bbox 2586 1295 2636 1349; x_wconf 82' lang='grc' dir='ltr'><strong>οἱ</strong></span> <span class='ocrx_word' id='word_1_197' title='bbox 2660 1294 2759 1365; x_wconf 76' lang='grc' dir='ltr'><strong>μὲν</strong></span> <span class='ocrx_word' id='word_1_198' title='bbox 2774 1294 2921 1348; x_wconf 89' lang='grc' dir='ltr'><strong>τόνδε</strong></span> <span class='ocrx_word' id='word_1_199' title='bbox 2944 1293 3291 1364; x_wconf 77' lang='grc' dir='ltr'><strong>προέκριναν,</strong></span> <span class='ocrx_word' id='word_1_200' title='bbox 3318 1292 3368 1345; x_wconf 82' lang='grc' dir='ltr'><strong>οἱ</strong></span> <span class='ocrx_word' id='word_1_201' title='bbox 3398 1290 3455 1344; x_wconf 78' lang='grc' dir='ltr'><strong>δὲ</strong></span> <span class='ocrx_word' id='word_1_202' title='bbox 3485 1289 3602 1342; x_wconf 77' lang='grc' dir='ltr'><strong>τὸν.</strong></span> <span class='ocrx_word' id='word_1_203' title='bbox 3629 1287 3726 1340; x_wconf 76' lang='grc' dir='ltr'><strong>καὶ</strong></span> 
     </span>
    </p>
   </div>
   <div class='ocr_carea' id='block_1_30' title="bbox 2148 1376 3730 1461">
    <p class='ocr_par' dir='ltr' id='par_1_30' title="bbox 2148 1376 3730 1461">
     <span class='ocr_line' id='line_1_30' title="bbox 2148 1376 3730 1461; baseline -0.005 -19"><span class='ocrx_word' id='word_1_204' title='bbox 2148 1388 2296 1442; x_wconf 78' lang='grc' dir='ltr'><strong>ἄλλοι</strong></span> <span class='ocrx_word' id='word_1_205' title='bbox 2322 1387 2527 1461; x_wconf 69' lang='grc' dir='ltr'><strong>ἕτερον,</strong></span> <span class='ocrx_word' id='word_1_206' title='bbox 2560 1386 2653 1451; x_wconf 81' lang='grc' dir='ltr'><strong>οὓς</strong></span> <span class='ocrx_word' id='word_1_207' title='bbox 2680 1387 2708 1440; x_wconf 85' lang='grc' dir='ltr'><strong>δ</strong></span> <span class='ocrx_word' id='word_1_208' title='bbox 2728 1387 2917 1459; x_wconf 82' lang='grc' dir='ltr'><strong>χρόνος</strong></span> <span class='ocrx_word' id='word_1_209' title='bbox 2942 1387 3145 1449; x_wconf 71' lang='grc' dir='ltr'><strong>ἐκεῖνος</strong></span> <span class='ocrx_word' id='word_1_210' title='bbox 3174 1381 3285 1457; x_wconf 76' lang='grc' dir='ltr'><strong>εἶχε</strong></span> <span class='ocrx_word' id='word_1_211' title='bbox 3314 1383 3564 1452; x_wconf 75' lang='grc' dir='ltr'><strong>λογάδαςο</strong></span> <span class='ocrx_word' id='word_1_212' title='bbox 3593 1376 3730 1435; x_wconf 73' lang='grc' dir='ltr'><strong>Εἶτα</strong></span> 
     </span>
    </p>
   </div>
   <div class='ocr_carea' id='block_1_31' title="bbox 2151 1466 3728 1551">
    <p class='ocr_par' dir='ltr' id='par_1_31' title="bbox 2151 1466 3728 1551">
     <span class='ocr_line' id='line_1_31' title="bbox 2151 1466 3728 1551; baseline -0.006 -18"><span class='ocrx_word' id='word_1_213' title='bbox 2151 1478 2291 1551; x_wconf 86' lang='grc' dir='ltr'><strong>μετὰ</strong></span> <span class='ocrx_word' id='word_1_214' title='bbox 2304 1478 2401 1549; x_wconf 82' lang='grc' dir='ltr'><strong>τὴν</strong></span> <span class='ocrx_word' id='word_1_215' title='bbox 2416 1478 2644 1549; x_wconf 79' lang='grc' dir='ltr'><strong>δοκιμὴν</strong></span> <span class='ocrx_word' id='word_1_216' title='bbox 2665 1479 2870 1542; x_wconf 81' lang='grc' dir='ltr'><strong>πάντας</strong></span> <span class='ocrx_word' id='word_1_217' title='bbox 2886 1480 3077 1532; x_wconf 73' lang='grc' dir='ltr'><strong>εἰπεῖν·</strong></span> <span class='ocrx_word' id='word_1_218' title='bbox 3103 1496 3122 1528; x_wconf 78' lang='grc' dir='ltr'><strong>ι</strong></span> <span class='ocrx_word' id='word_1_219' title='bbox 3153 1476 3394 1544; x_wconf 78' lang='grc' dir='ltr'><strong>’Δληθῶς</strong></span> <span class='ocrx_word' id='word_1_220' title='bbox 3414 1473 3559 1543; x_wconf 74' lang='grc' dir='ltr'><strong>ἆγιοι</strong></span> <span class='ocrx_word' id='word_1_221' title='bbox 3579 1466 3728 1527; x_wconf 75' lang='grc' dir='ltr'><strong>οὗτοι</strong></span> 
     </span>
    </p>
   </div>
   <div class='ocr_carea' id='block_1_32' title="bbox 2146 1564 3729 1641">
    <p class='ocr_par' dir='ltr' id='par_1_32' title="bbox 2146 1564 3729 1641">
     <span class='ocr_line' id='line_1_32' title="bbox 2146 1564 3729 1641; baseline -0.004 -17"><span class='ocrx_word' id='word_1_222' title='bbox 2146 1571 2239 1624; x_wconf 78' lang='grc' dir='ltr'><strong>καὶ</strong></span> <span class='ocrx_word' id='word_1_223' title='bbox 2281 1568 2455 1625; x_wconf 85' lang='grc' dir='ltr'><strong>δοῦλοι</strong></span> <span class='ocrx_word' id='word_1_224' title='bbox 2501 1571 2635 1625; x_wconf 88' lang='grc' dir='ltr'><strong>Θεοῦ</strong></span> <span class='ocrx_word' id='word_1_225' title='bbox 2657 1586 2673 1603; x_wconf 87' lang='grc'><strong>·</strong></span> <span class='ocrx_word' id='word_1_226' title='bbox 2725 1569 2861 1641; x_wconf 75' lang='grc' dir='ltr'><strong>πλὴν</strong></span> <span class='ocrx_word' id='word_1_227' title='bbox 2889 1570 2949 1624; x_wconf 84' lang='grc' dir='ltr'><strong>ού</strong></span> <span class='ocrx_word' id='word_1_228' title='bbox 2983 1569 3237 1624; x_wconf 90' lang='grc' dir='ltr'><strong>δύνανται</strong></span> <span class='ocrx_word' id='word_1_229' title='bbox 3256 1568 3403 1622; x_wconf 87' lang='grc' dir='ltr'><strong>τόνδε</strong></span> <span class='ocrx_word' id='word_1_230' title='bbox 3437 1568 3529 1621; x_wconf 80' lang='grc' dir='ltr'><strong>τὸν</strong></span> <span class='ocrx_word' id='word_1_231' title='bbox 3558 1564 3729 1636; x_wconf 80' lang='grc' dir='ltr'><strong>τόμον</strong></span> 
     </span>
    </p>
   </div>
   <div class='ocr_carea' id='block_1_33' title="bbox 2148 1661 3729 1734">
    <p class='ocr_par' dir='ltr' id='par_1_33' title="bbox 2148 1661 3729 1734">
     <span class='ocr_line' id='line_1_33' title="bbox 2148 1661 3729 1734; baseline -0.003 -19"><span class='ocrx_word' id='word_1_232' title='bbox 2148 1662 2572 1734; x_wconf 71' lang='grc' dir='ltr'><strong>ἐγχειρισθῆναι.</strong></span> <span class='ocrx_word' id='word_1_233' title='bbox 2614 1683 2631 1713; x_wconf 73' lang='grc' dir='ltr'><strong>ι</strong></span> <span class='ocrx_word' id='word_1_234' title='bbox 2677 1664 2765 1726; x_wconf 84' lang='grc' dir='ltr'><strong>Ὠς</strong></span> <span class='ocrx_word' id='word_1_235' title='bbox 2794 1663 2850 1717; x_wconf 80' lang='grc' dir='ltr'><strong>δὲ</strong></span> <span class='ocrx_word' id='word_1_236' title='bbox 2879 1662 3105 1726; x_wconf 81' lang='grc' dir='ltr'><strong>πολλοὺς</strong></span> <span class='ocrx_word' id='word_1_237' title='bbox 3136 1661 3245 1714; x_wconf 84' lang='grc' dir='ltr'><strong>τῶν</strong></span> <span class='ocrx_word' id='word_1_238' title='bbox 3264 1662 3381 1714; x_wconf 87' lang='grc' dir='ltr'><strong>τότε</strong></span> <span class='ocrx_word' id='word_1_239' title='bbox 3406 1661 3577 1728; x_wconf 85' lang='grc' dir='ltr'><strong>ἁγίων</strong></span> <span class='ocrx_word' id='word_1_240' title='bbox 3605 1661 3729 1712; x_wconf 77' lang='grc' dir='ltr'><strong>ἐπι-</strong></span> 
     </span>
    </p>
   </div>
   <div class='ocr_carea' id='block_1_34' title="bbox 480 1736 2054 1826">
    <p class='ocr_par' dir='ltr' id='par_1_34' title="bbox 480 1747 2047 1821">
     <span class='ocr_line' id='line_1_34' title="bbox 480 1747 2047 1821; baseline -0.004 -12"><span class='ocrx_word' id='word_1_241' title='bbox 480 1758 712 1821; x_wconf 87' lang='lat' dir='ltr'><strong>queunt.</strong></span> <span class='ocrx_word' id='word_1_242' title='bbox 752 1770 770 1804; x_wconf 75' lang='grc' dir='ltr'><strong>ι</strong></span> <span class='ocrx_word' id='word_1_243' title='bbox 805 1750 1052 1819; x_wconf 88' lang='lat' dir='ltr'><strong>Cumque</strong></span> <span class='ocrx_word' id='word_1_244' title='bbox 1097 1749 1213 1818; x_wconf 85' lang='lat' dir='ltr'><strong>jam</strong></span> <span class='ocrx_word' id='word_1_245' title='bbox 1261 1748 1445 1803; x_wconf 89' lang='lat' dir='ltr'><strong>varios</strong></span> <span class='ocrx_word' id='word_1_246' title='bbox 1474 1763 1541 1803; x_wconf 87' lang='lat' dir='ltr'><strong>ex</strong></span> <span class='ocrx_word' id='word_1_247' title='bbox 1577 1758 1707 1803; x_wconf 90' lang='lat' dir='ltr'><strong>tunc</strong></span> <span class='ocrx_word' id='word_1_248' title='bbox 1739 1747 2047 1803; x_wconf 75' lang='lat' dir='ltr'><strong>viventibus</strong></span> 
     </span>
    </p>
   </div>
   <div class='ocr_carea' id='block_1_35' title="bbox 2158 1736 3726 1826">
    <p class='ocr_par' dir='ltr' id='par_1_35' title="bbox 2158 1752 3726 1826">
     <span class='ocr_line' id='line_1_35' title="bbox 2158 1752 3726 1826; baseline -0.003 -17"><span class='ocrx_word' id='word_1_249' title='bbox 2158 1754 2500 1826; x_wconf 83' lang='grc' dir='ltr'><strong>μνησθέντες,</strong></span> <span class='ocrx_word' id='word_1_250' title='bbox 2532 1756 2590 1809; x_wconf 75' lang='grc' dir='ltr'><strong>ὲν</strong></span> <span class='ocrx_word' id='word_1_251' title='bbox 2614 1756 2794 1816; x_wconf 82' lang='grc' dir='ltr'><strong>αὐτοῖς</strong></span> <span class='ocrx_word' id='word_1_252' title='bbox 2824 1755 2923 1808; x_wconf 84' lang='grc' dir='ltr'><strong>ούκ</strong></span> <span class='ocrx_word' id='word_1_253' title='bbox 2946 1754 3241 1825; x_wconf 83' lang='grc' dir='ltr'><strong>εύδόκησαν</strong></span> <span class='ocrx_word' id='word_1_254' title='bbox 3259 1771 3273 1785; x_wconf 68' lang='grc'><strong><em>⁸</em></strong></span> <span class='ocrx_word' id='word_1_255' title='bbox 3304 1752 3476 1816; x_wconf 88' lang='grc' dir='ltr'><strong>τέλος,</strong></span> <span class='ocrx_word' id='word_1_256' title='bbox 3497 1769 3726 1822; x_wconf 69' lang='grc' dir='ltr'><strong>συμφω-</strong></span> 
     </span>
    </p>
   </div>
   <div class='ocr_carea' id='block_1_36' title="bbox 480 1839 2048 1911">
    <p class='ocr_par' dir='ltr' id='par_1_36' title="bbox 480 1839 2048 1911">
     <span class='ocr_line' id='line_1_36' title="bbox 480 1839 2048 1911; baseline -0.006 -10"><span class='ocrx_word' id='word_1_257' title='bbox 480 1845 882 1906; x_wconf 89' lang='lat' dir='ltr'><strong>nominassent,</strong></span> <span class='ocrx_word' id='word_1_258' title='bbox 930 1856 1108 1911; x_wconf 90' lang='lat' dir='ltr'><strong>neque</strong></span> <span class='ocrx_word' id='word_1_259' title='bbox 1154 1839 1443 1911; x_wconf 85' lang='lat' dir='ltr'><strong>quisquam</strong></span> <span class='ocrx_word' id='word_1_260' title='bbox 1497 1854 1562 1895; x_wconf 78' lang='lat' dir='ltr'><strong>ex</strong></span> <span class='ocrx_word' id='word_1_261' title='bbox 1614 1839 1682 1893; x_wconf 88' lang='lat' dir='ltr'><strong>iis</strong></span> <span class='ocrx_word' id='word_1_262' title='bbox 1731 1840 2048 1910; x_wconf 85' lang='lat' dir='ltr'><strong>placuisset,</strong></span> 
     </span>
    </p>
   </div>
   <div class='ocr_carea' id='block_1_37' title="bbox 480 1932 2053 2002">
    <p class='ocr_par' dir='ltr' id='par_1_37' title="bbox 480 1932 2053 2002">
     <span class='ocr_line' id='line_1_37' title="bbox 480 1932 2053 2002; baseline -0.004 -8"><span class='ocrx_word' id='word_1_263' title='bbox 480 1937 698 1994; x_wconf 91' lang='lat' dir='ltr'><strong>demum</strong></span> <span class='ocrx_word' id='word_1_264' title='bbox 720 1934 999 1991; x_wconf 88' lang='lat' dir='ltr'><strong>communi</strong></span> <span class='ocrx_word' id='word_1_265' title='bbox 1034 1933 1279 1989; x_wconf 91' lang='lat' dir='ltr'><strong>omnium</strong></span> <span class='ocrx_word' id='word_1_266' title='bbox 1311 1947 1582 1989; x_wconf 89' lang='lat' dir='ltr'><strong>consensu</strong></span> <span class='ocrx_word' id='word_1_267' title='bbox 1617 1932 1672 1987; x_wconf 91' lang='lat' dir='ltr'><strong>in</strong></span> <span class='ocrx_word' id='word_1_268' title='bbox 1695 1948 1814 1988; x_wconf 91' lang='lat' dir='ltr'><strong>eam</strong></span> <span class='ocrx_word' id='word_1_269' title='bbox 1848 1933 2053 2002; x_wconf 90' lang='lat' dir='ltr'><strong>pariter</strong></span> 
     </span>
    </p>
   </div>
   <div class='ocr_carea' id='block_1_38' title="bbox 480 2024 2053 2091">
    <p class='ocr_par' dir='ltr' id='par_1_38' title="bbox 480 2024 2053 2091">
     <span class='ocr_line' id='line_1_38' title="bbox 480 2024 2053 2091; baseline -0.003 -6"><span class='ocrx_word' id='word_1_270' title='bbox 480 2037 861 2085; x_wconf 90' lang='lat' dir='ltr'><strong>convenerunt</strong></span> <span class='ocrx_word' id='word_1_271' title='bbox 902 2026 1254 2091; x_wconf 88' lang='lat' dir='ltr'><strong>sententiam,</strong></span> <span class='ocrx_word' id='word_1_272' title='bbox 1292 2032 1349 2079; x_wconf 90' lang='lat' dir='ltr'><strong>ut</strong></span> <span class='ocrx_word' id='word_1_273' title='bbox 1379 2024 1646 2088; x_wconf 87' lang='lat' dir='ltr'><strong>dicerent,</strong></span> <span class='ocrx_word' id='word_1_274' title='bbox 1686 2039 1717 2079; x_wconf 94' lang='lat' dir='ltr'><strong>a</strong></span> <span class='ocrx_word' id='word_1_275' title='bbox 1752 2024 1905 2079; x_wconf 90' lang='lat' dir='ltr'><strong>nullo</strong></span> <span class='ocrx_word' id='word_1_276' title='bbox 1944 2024 2053 2080; x_wconf 91' lang='lat' dir='ltr'><strong>alio</strong></span> 
     </span>
    </p>
   </div>
   <div class='ocr_carea' id='block_1_39' title="bbox 481 2118 2051 2190">
    <p class='ocr_par' dir='ltr' id='par_1_39' title="bbox 481 2118 2051 2190">
     <span class='ocr_line' id='line_1_39' title="bbox 481 2118 2051 2190; baseline -0.005 -9"><span class='ocrx_word' id='word_1_277' title='bbox 481 2124 627 2182; x_wconf 84' lang='lat' dir='ltr'><strong>istud</strong></span> <span class='ocrx_word' id='word_1_278' title='bbox 652 2124 911 2180; x_wconf 83' lang='lat' dir='ltr'><strong>volumen</strong></span> <span class='ocrx_word' id='word_1_279' title='bbox 943 2122 999 2176; x_wconf 92' lang='lat' dir='ltr'><strong>in</strong></span> <span class='ocrx_word' id='word_1_280' title='bbox 1055 2137 1247 2177; x_wconf 89' lang='lat' dir='ltr'><strong>manus</strong></span> <span class='ocrx_word' id='word_1_281' title='bbox 1279 2135 1439 2190; x_wconf 85' lang='lat' dir='ltr'><strong>posse</strong></span> <span class='ocrx_word' id='word_1_282' title='bbox 1475 2118 1649 2183; x_wconf 88' lang='lat' dir='ltr'><strong>sumi,</strong></span> <span class='ocrx_word' id='word_1_283' title='bbox 1690 2127 2051 2189; x_wconf 57' lang='lat' dir='ltr'><strong>praeterquam</strong></span> 
     </span>
    </p>
   </div>
   <div class='ocr_carea' id='block_1_40' title="bbox 480 2210 2051 2285">
    <p class='ocr_par' dir='ltr' id='par_1_40' title="bbox 480 2210 2051 2285">
     <span class='ocr_line' id='line_1_40' title="bbox 480 2210 2051 2285; baseline -0.005 -13"><span class='ocrx_word' id='word_1_284' title='bbox 480 2218 553 2272; x_wconf 89' lang='lat' dir='ltr'><strong>ab</strong></span> <span class='ocrx_word' id='word_1_285' title='bbox 582 2216 831 2285; x_wconf 62' lang='lat' dir='ltr'><strong>Ephrem</strong></span> <span class='ocrx_word' id='word_1_286' title='bbox 867 2212 1026 2283; x_wconf 88' lang='lat' dir='ltr'><strong>Syro.</strong></span> <span class='ocrx_word' id='word_1_287' title='bbox 1050 2212 1316 2283; x_wconf 79' lang='lat' dir='ltr'><strong>Tuncque</strong></span> <span class='ocrx_word' id='word_1_288' title='bbox 1348 2213 1605 2268; x_wconf 73' lang='lat' dir='ltr'><strong>cmlestes</strong></span> <span class='ocrx_word' id='word_1_289' title='bbox 1646 2211 1870 2281; x_wconf 76' lang='lat' dir='ltr'><strong>angelos</strong></span> <span class='ocrx_word' id='word_1_290' title='bbox 1908 2210 2051 2266; x_wconf 90' lang='lat' dir='ltr'><strong>idem</strong></span> 
     </span>
    </p>
   </div>
   <div class='ocr_carea' id='block_1_41' title="bbox 482 2302 2054 2378">
    <p class='ocr_par' dir='ltr' id='par_1_41' title="bbox 482 2302 2054 2378">
     <span class='ocr_line' id='line_1_41' title="bbox 482 2302 2054 2378; baseline -0.005 -15"><span class='ocrx_word' id='word_1_291' title='bbox 482 2307 840 2378; x_wconf 88' lang='lat' dir='ltr'><strong>conspexisse</strong></span> <span class='ocrx_word' id='word_1_292' title='bbox 871 2305 1064 2366; x_wconf 81' lang='lat' dir='ltr'><strong>fertur,</strong></span> <span class='ocrx_word' id='word_1_293' title='bbox 1100 2304 1348 2375; x_wconf 72' lang='lat' dir='ltr'><strong>Ephmm</strong></span> <span class='ocrx_word' id='word_1_294' title='bbox 1379 2304 1633 2358; x_wconf 91' lang='lat' dir='ltr'><strong>volumen</strong></span> <span class='ocrx_word' id='word_1_295' title='bbox 1678 2302 1917 2363; x_wconf 75' lang='lat' dir='ltr'><strong>tradere.</strong></span> <span class='ocrx_word' id='word_1_296' title='bbox 1950 2316 2054 2356; x_wconf 87' lang='lat' dir='ltr'><strong>no-</strong></span> 
     </span>
    </p>
   </div>
   <div class='ocr_carea' id='block_1_42' title="bbox 483 2390 2056 2468">
    <p class='ocr_par' dir='ltr' id='par_1_42' title="bbox 483 2390 2056 2468">
     <span class='ocr_line' id='line_1_42' title="bbox 483 2390 2056 2468; baseline -0.006 -14"><span class='ocrx_word' id='word_1_297' title='bbox 483 2406 684 2468; x_wconf 91' lang='lat' dir='ltr'><strong>ctuque</strong></span> <span class='ocrx_word' id='word_1_298' title='bbox 722 2411 952 2467; x_wconf 85' lang='lat' dir='ltr'><strong>surgens</strong></span> <span class='ocrx_word' id='word_1_299' title='bbox 988 2394 1053 2448; x_wconf 91' lang='lat' dir='ltr'><strong>ad</strong></span> <span class='ocrx_word' id='word_1_300' title='bbox 1082 2393 1398 2457; x_wconf 80' lang='lat' dir='ltr'><strong>ecclesiam,</strong></span> <span class='ocrx_word' id='word_1_301' title='bbox 1444 2393 1619 2447; x_wconf 89' lang='lat' dir='ltr'><strong>visum</strong></span> <span class='ocrx_word' id='word_1_302' title='bbox 1669 2392 1801 2447; x_wconf 92' lang='lat' dir='ltr'><strong>illud</strong></span> <span class='ocrx_word' id='word_1_303' title='bbox 1840 2390 2056 2461; x_wconf 84' lang='lat' dir='ltr'><strong>conspi-</strong></span> 
     </span>
    </p>
   </div>
   <div class='ocr_carea' id='block_1_43' title="bbox 483 2482 2053 2558">
    <p class='ocr_par' dir='ltr' id='par_1_43' title="bbox 483 2482 2053 2558">
     <span class='ocr_line' id='line_1_43' title="bbox 483 2482 2053 2558; baseline -0.006 -12"><span class='ocrx_word' id='word_1_304' title='bbox 483 2492 675 2554; x_wconf 86' lang='lat' dir='ltr'><strong>ciens,</strong></span> <span class='ocrx_word' id='word_1_305' title='bbox 723 2488 1071 2558; x_wconf 84' lang='lat' dir='ltr'><strong>perrexisse.</strong></span> <span class='ocrx_word' id='word_1_306' title='bbox 1124 2485 1422 2554; x_wconf 83' lang='lat' dir='ltr'><strong>auditoque</strong></span> <span class='ocrx_word' id='word_1_307' title='bbox 1473 2485 1594 2553; x_wconf 91' lang='lat' dir='ltr'><strong>ipso</strong></span> <span class='ocrx_word' id='word_1_308' title='bbox 1640 2482 1911 2553; x_wconf 69' lang='lat' dir='ltr'><strong>Ephraem,</strong></span> <span class='ocrx_word' id='word_1_309' title='bbox 1961 2482 2053 2552; x_wconf 93' lang='lat' dir='ltr'><strong>qui</strong></span> 
     </span>
    </p>
   </div>
   <div class='ocr_carea' id='block_1_44' title="bbox 484 2574 2055 2651">
    <p class='ocr_par' dir='ltr' id='par_1_44' title="bbox 484 2574 2055 2651">
     <span class='ocr_line' id='line_1_44' title="bbox 484 2574 2055 2651; baseline -0.006 -13"><span class='ocrx_word' id='word_1_310' title='bbox 484 2590 621 2638; x_wconf 89' lang='lat' dir='ltr'><strong>tunc</strong></span> <span class='ocrx_word' id='word_1_311' title='bbox 670 2579 945 2651; x_wconf 77' lang='lat' dir='ltr'><strong>insignem</strong></span> <span class='ocrx_word' id='word_1_312' title='bbox 985 2576 1272 2648; x_wconf 85' lang='lat' dir='ltr'><strong>gratiaque</strong></span> <span class='ocrx_word' id='word_1_313' title='bbox 1309 2576 1523 2645; x_wconf 81' lang='lat' dir='ltr'><strong>plenam</strong></span> <span class='ocrx_word' id='word_1_314' title='bbox 1559 2575 1795 2632; x_wconf 87' lang='lat' dir='ltr'><strong>habebat</strong></span> <span class='ocrx_word' id='word_1_315' title='bbox 1845 2574 2055 2630; x_wconf 88' lang='lat' dir='ltr'><strong>oratio-</strong></span> 
     </span>
    </p>
   </div>
   <div class='ocr_carea' id='block_1_45' title="bbox 483 2667 2054 2743">
    <p class='ocr_par' dir='ltr' id='par_1_45' title="bbox 483 2667 2054 2743">
     <span class='ocr_line' id='line_1_45' title="bbox 483 2667 2054 2743; baseline -0.006 -13"><span class='ocrx_word' id='word_1_316' title='bbox 483 2689 635 2737; x_wconf 88' lang='lat' dir='ltr'><strong>nem,</strong></span> <span class='ocrx_word' id='word_1_317' title='bbox 684 2671 815 2743; x_wconf 93' lang='lat' dir='ltr'><strong>quid</strong></span> <span class='ocrx_word' id='word_1_318' title='bbox 868 2671 1044 2727; x_wconf 90' lang='lat' dir='ltr'><strong>visum</strong></span> <span class='ocrx_word' id='word_1_319' title='bbox 1096 2667 1230 2724; x_wconf 92' lang='lat' dir='ltr'><strong>illud</strong></span> <span class='ocrx_word' id='word_1_320' title='bbox 1300 2668 1659 2739; x_wconf 88' lang='lat' dir='ltr'><strong>designaret,</strong></span> <span class='ocrx_word' id='word_1_321' title='bbox 1709 2668 2054 2738; x_wconf 85' lang='lat' dir='ltr'><strong>cognovisse,</strong></span> 
     </span>
    </p>
   </div>
   <div class='ocr_carea' id='block_1_46' title="bbox 484 2756 2055 2835">
    <p class='ocr_par' dir='ltr' id='par_1_46' title="bbox 484 2756 2055 2835">
     <span class='ocr_line' id='line_1_46' title="bbox 484 2756 2055 2835; baseline -0.005 -14"><span class='ocrx_word' id='word_1_322' title='bbox 484 2766 765 2835; x_wconf 85' lang='lat' dir='ltr'><strong>Deumque</strong></span> <span class='ocrx_word' id='word_1_323' title='bbox 812 2761 1175 2827; x_wconf 87' lang='lat' dir='ltr'><strong>collaudasse,</strong></span> <span class='ocrx_word' id='word_1_324' title='bbox 1221 2770 1277 2817; x_wconf 92' lang='lat' dir='ltr'><strong>et</strong></span> <span class='ocrx_word' id='word_1_325' title='bbox 1308 2770 1417 2815; x_wconf 89' lang='lat' dir='ltr'><strong>tam</strong></span> <span class='ocrx_word' id='word_1_326' title='bbox 1471 2760 1792 2832; x_wconf 62' lang='lat' dir='ltr'><strong>praeclarum</strong></span> <span class='ocrx_word' id='word_1_327' title='bbox 1838 2756 2055 2813; x_wconf 86' lang='lat' dir='ltr'><strong>dicendi</strong></span> 
     </span>
    </p>
   </div>
   <div class='ocr_carea' id='block_1_47' title="bbox 483 2848 2057 2912">
    <p class='ocr_par' dir='ltr' id='par_1_47' title="bbox 483 2848 2057 2912">
     <span class='ocr_line' id='line_1_47' title="bbox 483 2848 2057 2912; baseline -0.004 -2"><span class='ocrx_word' id='word_1_328' title='bbox 483 2856 687 2912; x_wconf 87' lang='lat' dir='ltr'><strong>donum</strong></span> <span class='ocrx_word' id='word_1_329' title='bbox 714 2854 834 2911; x_wconf 88' lang='lat' dir='ltr'><strong>viro</strong></span> <span class='ocrx_word' id='word_1_330' title='bbox 862 2862 1056 2910; x_wconf 90' lang='lat' dir='ltr'><strong>sancto</strong></span> <span class='ocrx_word' id='word_1_331' title='bbox 1080 2852 1269 2907; x_wconf 88' lang='lat' dir='ltr'><strong>datum</strong></span> <span class='ocrx_word' id='word_1_332' title='bbox 1304 2851 1631 2907; x_wconf 85' lang='lat' dir='ltr'><strong>admiratum</strong></span> <span class='ocrx_word' id='word_1_333' title='bbox 1668 2850 1860 2905; x_wconf 78' lang='lat' dir='ltr'><strong>fuisse.</strong></span> <span class='ocrx_word' id='word_1_334' title='bbox 1903 2848 2057 2903; x_wconf 86' lang='lat' dir='ltr'><strong>Tan-</strong></span> 
     </span>
    </p>
   </div>
   <div class='ocr_carea' id='block_1_48' title="bbox 481 2942 2057 3018">
    <p class='ocr_par' dir='ltr' id='par_1_48' title="bbox 481 2942 2057 3018">
     <span class='ocr_line' id='line_1_48' title="bbox 481 2942 2057 3018; baseline -0.004 -13"><span class='ocrx_word' id='word_1_335' title='bbox 481 2956 595 3005; x_wconf 80' lang='lat' dir='ltr'><strong>tam</strong></span> <span class='ocrx_word' id='word_1_336' title='bbox 621 2948 767 3004; x_wconf 90' lang='lat' dir='ltr'><strong>enim</strong></span> <span class='ocrx_word' id='word_1_337' title='bbox 798 2946 1079 3018; x_wconf 69' lang='lat' dir='ltr'><strong>sapientia:</strong></span> <span class='ocrx_word' id='word_1_338' title='bbox 1106 2944 1491 3001; x_wconf 90' lang='lat' dir='ltr'><strong>abundantiam</strong></span> <span class='ocrx_word' id='word_1_339' title='bbox 1540 2944 1768 3016; x_wconf 89' lang='lat' dir='ltr'><strong>largitus</strong></span> <span class='ocrx_word' id='word_1_340' title='bbox 1802 2944 1877 2999; x_wconf 88' lang='lat' dir='ltr'><strong>illi</strong></span> <span class='ocrx_word' id='word_1_341' title='bbox 1914 2942 2057 2999; x_wconf 89' lang='lat' dir='ltr'><strong>Deus</strong></span> 
     </span>
    </p>
   </div>
   <div class='ocr_carea' id='block_1_49' title="bbox 485 3036 2055 3110">
    <p class='ocr_par' dir='ltr' id='par_1_49' title="bbox 485 3036 2055 3110">
     <span class='ocr_line' id='line_1_49' title="bbox 485 3036 2055 3110; baseline -0.005 -13"><span class='ocrx_word' id='word_1_342' title='bbox 485 3041 684 3106; x_wconf 79' lang='lat' dir='ltr'><strong>fuerat,</strong></span> <span class='ocrx_word' id='word_1_343' title='bbox 719 3050 779 3096; x_wconf 94' lang='lat' dir='ltr'><strong>ut</strong></span> <span class='ocrx_word' id='word_1_344' title='bbox 810 3039 1159 3110; x_wconf 84' lang='lat' dir='ltr'><strong>quantumvis</strong></span> <span class='ocrx_word' id='word_1_345' title='bbox 1186 3038 1236 3093; x_wconf 93' lang='lat' dir='ltr'><strong>ei</strong></span> <span class='ocrx_word' id='word_1_346' title='bbox 1273 3036 1517 3109; x_wconf 87' lang='lat' dir='ltr'><strong>perpetui</strong></span> <span class='ocrx_word' id='word_1_347' title='bbox 1562 3037 1721 3108; x_wconf 91' lang='lat' dir='ltr'><strong>quasi</strong></span> <span class='ocrx_word' id='word_1_348' title='bbox 1765 3036 2055 3092; x_wconf 83' lang='lat' dir='ltr'><strong>verborum</strong></span> 
     </span>
    </p>
   </div>
   <div class='ocr_carea' id='block_1_50' title="bbox 486 3126 2056 3201">
    <p class='ocr_par' dir='ltr' id='par_1_50' title="bbox 486 3126 2056 3201">
     <span class='ocr_line' id='line_1_50' title="bbox 486 3126 2056 3201; baseline -0.005 -13"><span class='ocrx_word' id='word_1_349' title='bbox 486 3132 666 3188; x_wconf 74' lang='lat' dir='ltr'><strong>fontes</strong></span> <span class='ocrx_word' id='word_1_350' title='bbox 699 3136 1071 3201; x_wconf 90' lang='lat' dir='ltr'><strong>suppeterent,</strong></span> <span class='ocrx_word' id='word_1_351' title='bbox 1098 3128 1264 3183; x_wconf 89' lang='lat' dir='ltr'><strong>rebus</strong></span> <span class='ocrx_word' id='word_1_352' title='bbox 1298 3135 1478 3183; x_wconf 90' lang='lat' dir='ltr'><strong>tamen</strong></span> <span class='ocrx_word' id='word_1_353' title='bbox 1522 3126 1861 3197; x_wconf 77' lang='lat' dir='ltr'><strong>explicandis</strong></span> <span class='ocrx_word' id='word_1_354' title='bbox 1895 3140 2056 3197; x_wconf 89' lang='lat' dir='ltr'><strong>pares</strong></span> 
     </span>
    </p>
   </div>
   <div class='ocr_carea' id='block_1_51' title="bbox 485 3216 2059 3295">
    <p class='ocr_par' dir='ltr' id='par_1_51' title="bbox 485 3216 2059 3295">
     <span class='ocr_line' id='line_1_51' title="bbox 485 3216 2059 3295; baseline -0.005 -15"><span class='ocrx_word' id='word_1_355' title='bbox 485 3237 829 3295; x_wconf 83' lang='lat' dir='ltr'><strong>nequaquam</strong></span> <span class='ocrx_word' id='word_1_356' title='bbox 862 3229 1064 3278; x_wconf 83' lang='lat' dir='ltr'><strong>essent.</strong></span> <span class='ocrx_word' id='word_1_357' title='bbox 1101 3218 1346 3289; x_wconf 91' lang='lat' dir='ltr'><strong>llludque</strong></span> <span class='ocrx_word' id='word_1_358' title='bbox 1376 3233 1482 3285; x_wconf 85' lang='lat' dir='ltr'><strong>non</strong></span> <span class='ocrx_word' id='word_1_359' title='bbox 1508 3225 1617 3272; x_wconf 89' lang='lat' dir='ltr'><strong>tam</strong></span> <span class='ocrx_word' id='word_1_360' title='bbox 1652 3217 1853 3289; x_wconf 72' lang='lat' dir='ltr'><strong>lingua:</strong></span> <span class='ocrx_word' id='word_1_361' title='bbox 1885 3216 2059 3272; x_wconf 89' lang='lat' dir='ltr'><strong>tardi-</strong></span> 
     </span>
    </p>
   </div>
   <div class='ocr_carea' id='block_1_52' title="bbox 487 3308 2058 3386">
    <p class='ocr_par' dir='ltr' id='par_1_52' title="bbox 487 3308 2058 3386">
     <span class='ocr_line' id='line_1_52' title="bbox 487 3308 2058 3386; baseline -0.004 -16"><span class='ocrx_word' id='word_1_362' title='bbox 487 3323 621 3380; x_wconf 87' lang='lat' dir='ltr'><strong>tate,</strong></span> <span class='ocrx_word' id='word_1_363' title='bbox 645 3329 807 3386; x_wconf 90' lang='lat' dir='ltr'><strong>quam</strong></span> <span class='ocrx_word' id='word_1_364' title='bbox 835 3311 1182 3383; x_wconf 88' lang='lat' dir='ltr'><strong>cogitationis</strong></span> <span class='ocrx_word' id='word_1_365' title='bbox 1222 3310 1500 3365; x_wconf 88' lang='lat' dir='ltr'><strong>celeritate</strong></span> <span class='ocrx_word' id='word_1_366' title='bbox 1522 3309 1844 3364; x_wconf 86' lang='lat' dir='ltr'><strong>accidebat:</strong></span> <span class='ocrx_word' id='word_1_367' title='bbox 1870 3308 2058 3380; x_wconf 90' lang='lat' dir='ltr'><strong>lingua</strong></span> 
     </span>
    </p>
   </div>
   <div class='ocr_carea' id='block_1_53' title="bbox 486 3396 2057 3474">
    <p class='ocr_par' dir='ltr' id='par_1_53' title="bbox 486 3396 2057 3474">
     <span class='ocr_line' id='line_1_53' title="bbox 486 3396 2057 3474; baseline -0.007 -13"><span class='ocrx_word' id='word_1_368' title='bbox 486 3404 631 3462; x_wconf 86' lang='lat' dir='ltr'><strong>enim</strong></span> <span class='ocrx_word' id='word_1_369' title='bbox 664 3401 943 3474; x_wconf 78' lang='lat' dir='ltr'><strong>cngitandi</strong></span> <span class='ocrx_word' id='word_1_370' title='bbox 1004 3400 1236 3454; x_wconf 90' lang='lat' dir='ltr'><strong>aliorum</strong></span> <span class='ocrx_word' id='word_1_371' title='bbox 1293 3397 1401 3451; x_wconf 88' lang='lat' dir='ltr'><strong>vim</strong></span> <span class='ocrx_word' id='word_1_372' title='bbox 1436 3396 1781 3468; x_wconf 71' lang='lat' dir='ltr'><strong>exzequabat,</strong></span> <span class='ocrx_word' id='word_1_373' title='bbox 1816 3404 2057 3451; x_wconf 89' lang='lat' dir='ltr'><strong>attamen</strong></span> 
     </span>
    </p>
   </div>
   <div class='ocr_carea' id='block_1_54' title="bbox 488 3487 2057 3565">
    <p class='ocr_par' dir='ltr' id='par_1_54' title="bbox 488 3487 2057 3565">
     <span class='ocr_line' id='line_1_54' title="bbox 488 3487 2057 3565; baseline -0.006 -14"><span class='ocrx_word' id='word_1_374' title='bbox 488 3495 698 3551; x_wconf 87' lang='lat' dir='ltr'><strong>tardior</strong></span> <span class='ocrx_word' id='word_1_375' title='bbox 725 3499 846 3549; x_wconf 91' lang='lat' dir='ltr'><strong>erat</strong></span> <span class='ocrx_word' id='word_1_376' title='bbox 876 3506 1040 3565; x_wconf 88' lang='lat' dir='ltr'><strong>quam</strong></span> <span class='ocrx_word' id='word_1_377' title='bbox 1072 3499 1132 3546; x_wconf 92' lang='lat' dir='ltr'><strong>ut</strong></span> <span class='ocrx_word' id='word_1_378' title='bbox 1162 3490 1337 3561; x_wconf 89' lang='lat' dir='ltr'><strong>ipsius</strong></span> <span class='ocrx_word' id='word_1_379' title='bbox 1356 3489 1655 3545; x_wconf 86' lang='lat' dir='ltr'><strong>sententias</strong></span> <span class='ocrx_word' id='word_1_380' title='bbox 1676 3487 1896 3559; x_wconf 88' lang='lat' dir='ltr'><strong>assequi</strong></span> <span class='ocrx_word' id='word_1_381' title='bbox 1925 3501 2057 3556; x_wconf 84' lang='lat' dir='ltr'><strong>pos-</strong></span> 
     </span>
    </p>
   </div>
   <div class='ocr_carea' id='block_1_55' title="bbox 488 3576 2057 3657">
    <p class='ocr_par' dir='ltr' id='par_1_55' title="bbox 488 3576 2057 3657">
     <span class='ocr_line' id='line_1_55' title="bbox 488 3576 2057 3657; baseline -0.01 -9"><span class='ocrx_word' id='word_1_382' title='bbox 488 3596 594 3647; x_wconf 85' lang='lat' dir='ltr'><strong>set.</strong></span> <span class='ocrx_word' id='word_1_383' title='bbox 624 3586 781 3645; x_wconf 83' lang='lat' dir='ltr'><strong>Unde</strong></span> <span class='ocrx_word' id='word_1_384' title='bbox 810 3599 1041 3657; x_wconf 89' lang='lat' dir='ltr'><strong>magnus</strong></span> <span class='ocrx_word' id='word_1_385' title='bbox 1072 3598 1261 3649; x_wconf 86' lang='lat' dir='ltr'><strong>senex,</strong></span> <span class='ocrx_word' id='word_1_386' title='bbox 1283 3581 1559 3652; x_wconf 88' lang='lat' dir='ltr'><strong>singulare</strong></span> <span class='ocrx_word' id='word_1_387' title='bbox 1583 3579 1856 3650; x_wconf 89' lang='lat' dir='ltr'><strong>quoddam</strong></span> <span class='ocrx_word' id='word_1_388' title='bbox 1886 3594 1915 3633; x_wconf 91' lang='lat' dir='ltr'><strong>a</strong></span> <span class='ocrx_word' id='word_1_389' title='bbox 1945 3576 2057 3633; x_wconf 92' lang='lat' dir='ltr'><strong>Deo</strong></span> 
     </span>
    </p>
   </div>
   <div class='ocr_carea' id='block_1_56' title="bbox 488 3670 2056 3753">
    <p class='ocr_par' dir='ltr' id='par_1_56' title="bbox 488 3670 2056 3753">
     <span class='ocr_line' id='line_1_56' title="bbox 488 3670 2056 3753; baseline -0.008 -16"><span class='ocrx_word' id='word_1_390' title='bbox 488 3677 1003 3753; x_wconf 39' lang='lat' dir='ltr'><strong>ehquendiidonum</strong></span> <span class='ocrx_word' id='word_1_391' title='bbox 1024 3674 1373 3748; x_wconf 70' lang='lat' dir='ltr'><strong>efﬂagitabat,</strong></span> <span class='ocrx_word' id='word_1_392' title='bbox 1398 3673 1547 3728; x_wconf 89' lang='lat' dir='ltr'><strong>hisce</strong></span> <span class='ocrx_word' id='word_1_393' title='bbox 1566 3672 1749 3727; x_wconf 80' lang='lat' dir='ltr'><strong>verbis</strong></span> <span class='ocrx_word' id='word_1_394' title='bbox 1771 3689 1784 3726; x_wconf 92' lang='lat'><strong>:</strong></span> <span class='ocrx_word' id='word_1_395' title='bbox 1810 3670 2056 3742; x_wconf 86' lang='lat' dir='ltr'><strong>Largire,</strong></span> 
     </span>
    </p>
   </div>
   <div class='ocr_carea' id='block_1_57' title="bbox 490 3762 2059 3841">
    <p class='ocr_par' dir='ltr' id='par_1_57' title="bbox 490 3762 2059 3841">
     <span class='ocr_line' id='line_1_57' title="bbox 490 3762 2059 3841; baseline -0.007 -12"><span class='ocrx_word' id='word_1_396' title='bbox 490 3772 743 3841; x_wconf 88' lang='lat' dir='ltr'><strong>Domine,</strong></span> <span class='ocrx_word' id='word_1_397' title='bbox 795 3769 1021 3825; x_wconf 81' lang='lat' dir='ltr'><strong>ﬂumina</strong></span> <span class='ocrx_word' id='word_1_398' title='bbox 1061 3768 1248 3839; x_wconf 73' lang='lat' dir='ltr'><strong>gratiae</strong></span> <span class='ocrx_word' id='word_1_399' title='bbox 1282 3774 1408 3821; x_wconf 64' lang='lat' dir='ltr'><strong>tuae.</strong></span> <span class='ocrx_word' id='word_1_400' title='bbox 1462 3762 1742 3833; x_wconf 87' lang='lat' dir='ltr'><strong>Siquidem</strong></span> <span class='ocrx_word' id='word_1_401' title='bbox 1797 3762 2059 3818; x_wconf 79' lang='lat' dir='ltr'><strong>doctrinae</strong></span> 
     </span>
    </p>
   </div>
   <div class='ocr_carea' id='block_1_58' title="bbox 492 3854 2058 3938">
    <p class='ocr_par' dir='ltr' id='par_1_58' title="bbox 492 3854 2058 3938">
     <span class='ocr_line' id='line_1_58' title="bbox 492 3854 2058 3938; baseline -0.008 -18"><span class='ocrx_word' id='word_1_402' title='bbox 492 3864 859 3938; x_wconf 74' lang='lat' dir='ltr'><strong>profunditas,</strong></span> <span class='ocrx_word' id='word_1_403' title='bbox 889 3861 1128 3933; x_wconf 86' lang='lat' dir='ltr'><strong>linguam</strong></span> <span class='ocrx_word' id='word_1_404' title='bbox 1168 3858 1341 3930; x_wconf 89' lang='lat' dir='ltr'><strong>ipsius</strong></span> <span class='ocrx_word' id='word_1_405' title='bbox 1385 3854 1736 3919; x_wconf 87' lang='lat' dir='ltr'><strong>absorbebat,</strong></span> <span class='ocrx_word' id='word_1_406' title='bbox 1782 3861 1842 3908; x_wconf 91' lang='lat' dir='ltr'><strong>ut</strong></span> <span class='ocrx_word' id='word_1_407' title='bbox 1897 3866 2058 3909; x_wconf 84' lang='lat' dir='ltr'><strong>sensa</strong></span> 
     </span>
    </p>
   </div>
   <div class='ocr_carea' id='block_1_59' title="bbox 490 3950 2059 4026">
    <p class='ocr_par' dir='ltr' id='par_1_59' title="bbox 490 3950 2059 4026">
     <span class='ocr_line' id='line_1_59' title="bbox 490 3950 2059 4026; baseline -0.006 -11"><span class='ocrx_word' id='word_1_408' title='bbox 490 3957 658 4015; x_wconf 79' lang='lat' dir='ltr'><strong>animi</strong></span> <span class='ocrx_word' id='word_1_409' title='bbox 710 3956 903 4014; x_wconf 73' lang='lat' dir='ltr'><strong>efferre</strong></span> <span class='ocrx_word' id='word_1_410' title='bbox 943 3954 1226 4026; x_wconf 89' lang='lat' dir='ltr'><strong>nequiret,</strong></span> <span class='ocrx_word' id='word_1_411' title='bbox 1273 3965 1398 4007; x_wconf 89' lang='lat' dir='ltr'><strong>cum</strong></span> <span class='ocrx_word' id='word_1_412' title='bbox 1439 3950 1652 4006; x_wconf 90' lang='lat' dir='ltr'><strong>muneri</strong></span> <span class='ocrx_word' id='word_1_413' title='bbox 1699 3950 2059 4006; x_wconf 91' lang='lat' dir='ltr'><strong>concionandi</strong></span> 
     </span>
    </p>
   </div>
   <div class='ocr_carea' id='block_1_60' title="bbox 491 4041 2060 4116">
    <p class='ocr_par' dir='ltr' id='par_1_60' title="bbox 491 4041 2060 4116">
     <span class='ocr_line' id='line_1_60' title="bbox 491 4041 2060 4116; baseline -0.006 -8"><span class='ocrx_word' id='word_1_414' title='bbox 491 4050 859 4109; x_wconf 89' lang='lat' dir='ltr'><strong>instrumenta</strong></span> <span class='ocrx_word' id='word_1_415' title='bbox 908 4048 975 4103; x_wconf 91' lang='lat' dir='ltr'><strong>ad</strong></span> <span class='ocrx_word' id='word_1_416' title='bbox 1010 4047 1213 4104; x_wconf 90' lang='lat' dir='ltr'><strong>diserte</strong></span> <span class='ocrx_word' id='word_1_417' title='bbox 1244 4044 1541 4101; x_wconf 88' lang='lat' dir='ltr'><strong>dicendum</strong></span> <span class='ocrx_word' id='word_1_418' title='bbox 1580 4051 1889 4116; x_wconf 88' lang='lat' dir='ltr'><strong>opportuna</strong></span> <span class='ocrx_word' id='word_1_419' title='bbox 1925 4041 2060 4099; x_wconf 82' lang='lat' dir='ltr'><strong>deii-</strong></span> 
     </span>
    </p>
   </div>
   <div class='ocr_carea' id='block_1_61' title="bbox 491 4153 704 4202">
    <p class='ocr_par' dir='ltr' id='par_1_61' title="bbox 491 4153 704 4202">
     <span class='ocr_line' id='line_1_61' title="bbox 491 4153 704 4202; baseline -0.019 0"><span class='ocrx_word' id='word_1_420' title='bbox 491 4153 704 4202; x_wconf 81' lang='lat' dir='ltr'><strong>cerent.</strong></span> 
     </span>
    </p>
   </div>
   <div class='ocr_carea' id='block_1_62' title="bbox 559 4226 2060 4305">
    <p class='ocr_par' dir='ltr' id='par_1_62' title="bbox 559 4226 2060 4305">
     <span class='ocr_line' id='line_1_62' title="bbox 559 4226 2060 4305; baseline -0.007 -13"><span class='ocrx_word' id='word_1_421' title='bbox 559 4235 867 4293; x_wconf 83' lang='lat' dir='ltr'><strong>Conciones</strong></span> <span class='ocrx_word' id='word_1_422' title='bbox 892 4248 1056 4305; x_wconf 91' lang='lat' dir='ltr'><strong>porro</strong></span> <span class='ocrx_word' id='word_1_423' title='bbox 1084 4232 1279 4303; x_wconf 88' lang='lat' dir='ltr'><strong>ipsius,</strong></span> <span class='ocrx_word' id='word_1_424' title='bbox 1313 4231 1463 4287; x_wconf 88' lang='lat' dir='ltr'><strong>aliud</strong></span> <span class='ocrx_word' id='word_1_425' title='bbox 1506 4230 1644 4286; x_wconf 89' lang='lat' dir='ltr'><strong>nihil</strong></span> <span class='ocrx_word' id='word_1_426' title='bbox 1680 4228 1785 4285; x_wconf 87' lang='lat' dir='ltr'><strong>nisi</strong></span> <span class='ocrx_word' id='word_1_427' title='bbox 1816 4226 2060 4299; x_wconf 89' lang='lat' dir='ltr'><strong>precatio</strong></span> 
     </span>
    </p>
   </div>
   <div class='ocr_carea' id='block_1_63' title="bbox 492 4319 2056 4396">
    <p class='ocr_par' dir='ltr' id='par_1_63' title="bbox 492 4319 2056 4396">
     <span class='ocr_line' id='line_1_63' title="bbox 492 4319 2056 4396; baseline -0.008 -14"><span class='ocrx_word' id='word_1_428' title='bbox 492 4326 918 4396; x_wconf 86' lang='lat' dir='ltr'><strong>interpellabat:</strong></span> <span class='ocrx_word' id='word_1_429' title='bbox 967 4324 1441 4394; x_wconf 82' lang='lat' dir='ltr'><strong>precationemque</strong></span> <span class='ocrx_word' id='word_1_430' title='bbox 1488 4322 1684 4377; x_wconf 84' lang='lat' dir='ltr'><strong>iterum</strong></span> <span class='ocrx_word' id='word_1_431' title='bbox 1744 4319 2056 4379; x_wconf 87' lang='lat' dir='ltr'><strong>conciones,</strong></span> 
     </span>
    </p>
   </div>
   <div class='ocr_carea' id='block_1_64' title="bbox 2149 1842 3728 1916">
    <p class='ocr_par' dir='ltr' id='par_1_64' title="bbox 2149 1842 3728 1916">
     <span class='ocr_line' id='line_1_64' title="bbox 2149 1842 3728 1916; baseline -0.003 -16"><span class='ocrx_word' id='word_1_432' title='bbox 2149 1848 2413 1916; x_wconf 80' lang='grc' dir='ltr'><strong>νήσαντες</strong></span> <span class='ocrx_word' id='word_1_433' title='bbox 2440 1842 2613 1902; x_wconf 78' lang='grc' dir='ltr'><strong>εἷπον.</strong></span> <span class='ocrx_word' id='word_1_434' title='bbox 2643 1844 2831 1910; x_wconf 78' lang='grc' dir='ltr'><strong>Οὐδεὶς</strong></span> <span class='ocrx_word' id='word_1_435' title='bbox 2859 1846 3078 1901; x_wconf 88' lang='grc' dir='ltr'><strong>δύναται</strong></span> <span class='ocrx_word' id='word_1_436' title='bbox 3105 1846 3293 1899; x_wconf 86' lang='grc' dir='ltr'><strong>τοῦτον</strong></span> <span class='ocrx_word' id='word_1_437' title='bbox 3323 1844 3728 1915; x_wconf 76' lang='grc' dir='ltr'><strong>ἐγχειρισθῆναι</strong></span> 
     </span>
    </p>
   </div>
   <div class='ocr_carea' id='block_1_65' title="bbox 2149 1926 3730 2007">
    <p class='ocr_par' dir='ltr' id='par_1_65' title="bbox 2149 1926 3730 2007">
     <span class='ocr_line' id='line_1_65' title="bbox 2149 1926 3730 2007; baseline -0.003 -17"><span class='ocrx_word' id='word_1_438' title='bbox 2149 1937 2240 1991; x_wconf 81' lang='grc' dir='ltr'><strong>τὸν</strong></span> <span class='ocrx_word' id='word_1_439' title='bbox 2259 1936 2446 2007; x_wconf 83' lang='grc' dir='ltr'><strong>τόμον.</strong></span> <span class='ocrx_word' id='word_1_440' title='bbox 2481 1938 2530 1989; x_wconf 85' lang='grc' dir='ltr'><strong>εί</strong></span> <span class='ocrx_word' id='word_1_441' title='bbox 2566 1936 2640 2007; x_wconf 82' lang='grc' dir='ltr'><strong>μὴ</strong></span> <span class='ocrx_word' id='word_1_442' title='bbox 2692 1936 2949 2007; x_wconf 52' lang='grc' dir='ltr'><strong>Ἐφραίμ.</strong></span> <span class='ocrx_word' id='word_1_443' title='bbox 2984 1926 3093 1989; x_wconf 71' lang='lat' dir='ltr'><strong>Kc&quot;.</strong></span> <span class='ocrx_word' id='word_1_444' title='bbox 3129 1935 3193 2006; x_wconf 82' lang='grc' dir='ltr'><strong>δὴ</strong></span> <span class='ocrx_word' id='word_1_445' title='bbox 3228 1934 3323 1987; x_wconf 83' lang='grc' dir='ltr'><strong>καὶ</strong></span> <span class='ocrx_word' id='word_1_446' title='bbox 3340 1933 3499 1988; x_wconf 88' lang='grc' dir='ltr'><strong>τοῦτο</strong></span> <span class='ocrx_word' id='word_1_447' title='bbox 3527 1933 3730 1986; x_wconf 83' lang='grc' dir='ltr'><strong>θεάσα-</strong></span> 
     </span>
    </p>
   </div>
   <div class='ocr_carea' id='block_1_66' title="bbox 2152 2023 3730 2097">
    <p class='ocr_par' dir='ltr' id='par_1_66' title="bbox 2152 2023 3730 2097">
     <span class='ocr_line' id='line_1_66' title="bbox 2152 2023 3730 2097; baseline -0.004 -16"><span class='ocrx_word' id='word_1_448' title='bbox 2152 2026 2275 2081; x_wconf 90' lang='grc' dir='ltr'><strong>σθαι</strong></span> <span class='ocrx_word' id='word_1_449' title='bbox 2306 2028 2335 2080; x_wconf 85' lang='grc' dir='ltr'><strong>ό</strong></span> <span class='ocrx_word' id='word_1_450' title='bbox 2370 2026 2583 2097; x_wconf 80' lang='grc' dir='ltr'><strong>βλέπων</strong></span> <span class='ocrx_word' id='word_1_451' title='bbox 2611 2028 2816 2090; x_wconf 71' lang='grc' dir='ltr'><strong>ἐκεῖνος</strong></span> <span class='ocrx_word' id='word_1_452' title='bbox 2838 2025 3058 2095; x_wconf 87' lang='grc' dir='ltr'><strong>λέγεται</strong></span> <span class='ocrx_word' id='word_1_453' title='bbox 3105 2026 3232 2089; x_wconf 74' lang='grc' dir='ltr'><strong>τοὺς</strong></span> <span class='ocrx_word' id='word_1_454' title='bbox 3261 2024 3435 2087; x_wconf 84' lang='grc' dir='ltr'><strong>θείους</strong></span> <span class='ocrx_word' id='word_1_455' title='bbox 3462 2023 3730 2092; x_wconf 76' lang='grc' dir='ltr'><strong>ἀγγέλους</strong></span> 
     </span>
    </p>
   </div>
   <div class='ocr_carea' id='block_1_67' title="bbox 2151 2114 3733 2186">
    <p class='ocr_par' dir='ltr' id='par_1_67' title="bbox 2151 2114 3733 2186">
     <span class='ocr_line' id='line_1_67' title="bbox 2151 2114 3733 2186; baseline -0.003 -16"><span class='ocrx_word' id='word_1_456' title='bbox 2151 2116 2482 2179; x_wconf 71' lang='grc' dir='ltr'><strong>ἐπιδιδόντας</strong></span> <span class='ocrx_word' id='word_1_457' title='bbox 2518 2115 2611 2168; x_wconf 77' lang='grc' dir='ltr'><strong>τὸν</strong></span> <span class='ocrx_word' id='word_1_458' title='bbox 2662 2115 2829 2186; x_wconf 87' lang='grc' dir='ltr'><strong>τόμον</strong></span> <span class='ocrx_word' id='word_1_459' title='bbox 2873 2114 2952 2186; x_wconf 81' lang='grc' dir='ltr'><strong>τῷ</strong></span> <span class='ocrx_word' id='word_1_460' title='bbox 2996 2116 3263 2186; x_wconf 74' lang='grc' dir='ltr'><strong>Ἑφραῒμο</strong></span> <span class='ocrx_word' id='word_1_461' title='bbox 3309 2115 3645 2168; x_wconf 82' lang='grc' dir='ltr'><strong>Ἀναστάντα</strong></span> <span class='ocrx_word' id='word_1_462' title='bbox 3674 2116 3733 2165; x_wconf 83' lang='grc' dir='ltr'><strong>ἐν</strong></span> 
     </span>
    </p>
   </div>
   <div class='ocr_carea' id='block_1_68' title="bbox 2151 2206 3732 2278">
    <p class='ocr_par' dir='ltr' id='par_1_68' title="bbox 2151 2206 3732 2278">
     <span class='ocr_line' id='line_1_68' title="bbox 2151 2206 3732 2278; baseline -0.002 -17"><span class='ocrx_word' id='word_1_463' title='bbox 2151 2206 2377 2278; x_wconf 63' lang='grc' dir='ltr'><strong>νυχαλίεξ⁴</strong></span> <span class='ocrx_word' id='word_1_464' title='bbox 2401 2208 2481 2270; x_wconf 79' lang='grc' dir='ltr'><strong>είς</strong></span> <span class='ocrx_word' id='word_1_465' title='bbox 2521 2206 2846 2276; x_wconf 81' lang='grc' dir='ltr'><strong>Ἐκκλησίαν</strong></span> <span class='ocrx_word' id='word_1_466' title='bbox 2889 2206 3183 2275; x_wconf 79' lang='grc' dir='ltr'><strong>ἀφικέσθαι</strong></span> <span class='ocrx_word' id='word_1_467' title='bbox 3234 2206 3326 2260; x_wconf 81' lang='grc' dir='ltr'><strong>τὸν</strong></span> <span class='ocrx_word' id='word_1_468' title='bbox 3362 2223 3732 2276; x_wconf 79' lang='grc' dir='ltr'><strong>μυσταγωγη-</strong></span> 
     </span>
    </p>
   </div>
   <div class='ocr_carea' id='block_1_69' title="bbox 2153 2295 3735 2367">
    <p class='ocr_par' dir='ltr' id='par_1_69' title="bbox 2153 2295 3735 2367">
     <span class='ocr_line' id='line_1_69' title="bbox 2153 2295 3735 2367; baseline -0.001 -18"><span class='ocrx_word' id='word_1_469' title='bbox 2153 2296 2315 2351; x_wconf 82' lang='grc' dir='ltr'><strong>θέντα</strong></span> <span class='ocrx_word' id='word_1_470' title='bbox 2338 2297 2437 2367; x_wconf 85' lang='grc' dir='ltr'><strong>τὴν</strong></span> <span class='ocrx_word' id='word_1_471' title='bbox 2480 2297 2691 2367; x_wconf 82' lang='grc' dir='ltr'><strong>ὅρασιν.</strong></span> <span class='ocrx_word' id='word_1_472' title='bbox 2724 2295 2953 2350; x_wconf 81' lang='grc' dir='ltr'><strong>ἀκοῦσαι</strong></span> <span class='ocrx_word' id='word_1_473' title='bbox 2979 2296 3321 2360; x_wconf 77' lang='grc' dir='ltr'><strong>διδάσκοντος</strong></span> <span class='ocrx_word' id='word_1_474' title='bbox 3352 2296 3445 2349; x_wconf 86' lang='grc' dir='ltr'><strong>τοῦ</strong></span> <span class='ocrx_word' id='word_1_475' title='bbox 3492 2296 3735 2367; x_wconf 74' lang='grc' dir='ltr'><strong>Ἐφραῒμ</strong></span> 
     </span>
    </p>
   </div>
   <div class='ocr_carea' id='block_1_70' title="bbox 2154 2386 3732 2458">
    <p class='ocr_par' dir='ltr' id='par_1_70' title="bbox 2154 2386 3732 2458">
     <span class='ocr_line' id='line_1_70' title="bbox 2154 2386 3732 2458; baseline 0 -19"><span class='ocrx_word' id='word_1_476' title='bbox 2154 2388 2212 2440; x_wconf 74' lang='grc' dir='ltr'><strong>ὲν</strong></span> <span class='ocrx_word' id='word_1_477' title='bbox 2244 2387 2386 2458; x_wconf 86' lang='grc' dir='ltr'><strong>λόγῳ</strong></span> <span class='ocrx_word' id='word_1_478' title='bbox 2424 2386 2636 2456; x_wconf 75' lang='grc' dir='ltr'><strong>δαψιλεῖ</strong></span> <span class='ocrx_word' id='word_1_479' title='bbox 2680 2387 2775 2440; x_wconf 81' lang='grc' dir='ltr'><strong>καὶ</strong></span> <span class='ocrx_word' id='word_1_480' title='bbox 2801 2386 2981 2458; x_wconf 88' lang='grc' dir='ltr'><strong>χάριτι</strong></span> <span class='ocrx_word' id='word_1_481' title='bbox 3014 2386 3299 2457; x_wconf 78' lang='grc' dir='ltr'><strong>ἠρτυμένῳ</strong></span> <span class='ocrx_word' id='word_1_482' title='bbox 3324 2403 3338 2416; x_wconf 88' lang='grc'><strong>·</strong></span> <span class='ocrx_word' id='word_1_483' title='bbox 3374 2386 3471 2456; x_wconf 74' lang='grc' dir='ltr'><strong>τὴν</strong></span> <span class='ocrx_word' id='word_1_484' title='bbox 3500 2386 3559 2439; x_wconf 76' lang='grc' dir='ltr'><strong>δὲ</strong></span> <span class='ocrx_word' id='word_1_485' title='bbox 3592 2388 3732 2457; x_wconf 78' lang='grc' dir='ltr'><strong>δρα-</strong></span> 
     </span>
    </p>
   </div>
   <div class='ocr_carea' id='block_1_71' title="bbox 2154 2478 3734 2549">
    <p class='ocr_par' dir='ltr' id='par_1_71' title="bbox 2154 2478 3734 2549">
     <span class='ocr_line' id='line_1_71' title="bbox 2154 2478 3734 2549; baseline -0.002 -16"><span class='ocrx_word' id='word_1_486' title='bbox 2154 2479 2337 2533; x_wconf 85' lang='grc' dir='ltr'><strong>θεῖσαν</strong></span> <span class='ocrx_word' id='word_1_487' title='bbox 2367 2478 2631 2532; x_wconf 82' lang='grc' dir='ltr'><strong>ὀπτασίαν</strong></span> <span class='ocrx_word' id='word_1_488' title='bbox 2658 2480 2863 2532; x_wconf 72' lang='grc' dir='ltr'><strong>ἐκεῖνον</strong></span> <span class='ocrx_word' id='word_1_489' title='bbox 2900 2480 3265 2549; x_wconf 82' lang='grc' dir='ltr'><strong>έπικρίνοντα,</strong></span> <span class='ocrx_word' id='word_1_490' title='bbox 3305 2478 3526 2545; x_wconf 80' lang='grc' dir='ltr'><strong>δοξάσαι</strong></span> <span class='ocrx_word' id='word_1_491' title='bbox 3557 2496 3618 2531; x_wconf 88' lang='grc' dir='ltr'><strong>τε</strong></span> <span class='ocrx_word' id='word_1_492' title='bbox 3640 2479 3734 2532; x_wconf 70' lang='grc' dir='ltr'><strong>τὸν</strong></span> 
     </span>
    </p>
   </div>
   <div class='ocr_carea' id='block_1_72' title="bbox 2153 2569 3734 2641">
    <p class='ocr_par' dir='ltr' id='par_1_72' title="bbox 2153 2569 3734 2641">
     <span class='ocr_line' id='line_1_72' title="bbox 2153 2569 3734 2641; baseline -0.002 -17"><span class='ocrx_word' id='word_1_493' title='bbox 2153 2570 2305 2637; x_wconf 84' lang='grc' dir='ltr'><strong>Θεὸν,</strong></span> <span class='ocrx_word' id='word_1_494' title='bbox 2339 2569 2433 2623; x_wconf 72' lang='grc' dir='ltr'><strong>καὶ</strong></span> <span class='ocrx_word' id='word_1_495' title='bbox 2462 2569 2560 2639; x_wconf 83' lang='grc' dir='ltr'><strong>τὴν</strong></span> <span class='ocrx_word' id='word_1_496' title='bbox 2584 2569 2828 2623; x_wconf 79' lang='grc' dir='ltr'><strong>δοθεῖσαν</strong></span> <span class='ocrx_word' id='word_1_497' title='bbox 2848 2570 2926 2641; x_wconf 79' lang='grc' dir='ltr'><strong>τῷ</strong></span> <span class='ocrx_word' id='word_1_498' title='bbox 2950 2570 3088 2641; x_wconf 83' lang='grc' dir='ltr'><strong>ἁγίῳ</strong></span> <span class='ocrx_word' id='word_1_499' title='bbox 3108 2569 3443 2640; x_wconf 81' lang='grc' dir='ltr'><strong>ἐκπλαγῆναι</strong></span> <span class='ocrx_word' id='word_1_500' title='bbox 3466 2570 3734 2625; x_wconf 81' lang='grc' dir='ltr'><strong>πλουσίαν</strong></span> 
     </span>
    </p>
   </div>
   <div class='ocr_carea' id='block_1_73' title="bbox 2153 2661 3733 2734">
    <p class='ocr_par' dir='ltr' id='par_1_73' title="bbox 2153 2661 3733 2734">
     <span class='ocr_line' id='line_1_73' title="bbox 2153 2661 3733 2734; baseline 0.001 -18"><span class='ocrx_word' id='word_1_501' title='bbox 2153 2661 2248 2716; x_wconf 88' lang='grc' dir='ltr'><strong>τοῦ</strong></span> <span class='ocrx_word' id='word_1_502' title='bbox 2275 2661 2431 2730; x_wconf 88' lang='grc' dir='ltr'><strong>λόγου</strong></span> <span class='ocrx_word' id='word_1_503' title='bbox 2463 2661 2690 2733; x_wconf 87' lang='grc' dir='ltr'><strong>δωρεάν.</strong></span> <span class='ocrx_word' id='word_1_504' title='bbox 2720 2662 2986 2715; x_wconf 80' lang='grc' dir='ltr'><strong>Τοσοῦτον</strong></span> <span class='ocrx_word' id='word_1_505' title='bbox 3014 2661 3124 2734; x_wconf 82' lang='grc' dir='ltr'><strong>γάρ</strong></span> <span class='ocrx_word' id='word_1_506' title='bbox 3144 2662 3205 2716; x_wconf 76' lang='grc' dir='ltr'><strong>τὸ</strong></span> <span class='ocrx_word' id='word_1_507' title='bbox 3232 2663 3419 2733; x_wconf 85' lang='grc' dir='ltr'><strong>περιὸν</strong></span> <span class='ocrx_word' id='word_1_508' title='bbox 3452 2663 3603 2733; x_wconf 85' lang='grc' dir='ltr'><strong>αύτῷ</strong></span> <span class='ocrx_word' id='word_1_509' title='bbox 3628 2663 3733 2732; x_wconf 76' lang='grc' dir='ltr'><strong>τῆς</strong></span> 
     </span>
    </p>
   </div>
   <div class='ocr_carea' id='block_1_74' title="bbox 2157 2750 3734 2827">
    <p class='ocr_par' dir='ltr' id='par_1_74' title="bbox 2157 2750 3734 2827">
     <span class='ocr_line' id='line_1_74' title="bbox 2157 2750 3734 2827; baseline 0 -19"><span class='ocrx_word' id='word_1_510' title='bbox 2157 2755 2347 2824; x_wconf 82' lang='grc' dir='ltr'><strong>σοφίας</strong></span> <span class='ocrx_word' id='word_1_511' title='bbox 2399 2756 2709 2826; x_wconf 81' lang='grc' dir='ltr'><strong>κεχάριστο,</strong></span> <span class='ocrx_word' id='word_1_512' title='bbox 2765 2754 2841 2818; x_wconf 83' lang='grc' dir='ltr'><strong>ὡς</strong></span> <span class='ocrx_word' id='word_1_513' title='bbox 2881 2755 3140 2819; x_wconf 81' lang='grc' dir='ltr'><strong>ἀεννάους</strong></span> <span class='ocrx_word' id='word_1_514' title='bbox 3175 2755 3273 2827; x_wconf 82' lang='grc' dir='ltr'><strong>μὲν</strong></span> <span class='ocrx_word' id='word_1_515' title='bbox 3294 2750 3433 2809; x_wconf 77' lang='grc' dir='ltr'><strong>εἶναι</strong></span> <span class='ocrx_word' id='word_1_516' title='bbox 3462 2758 3589 2820; x_wconf 71' lang='grc' dir='ltr'><strong>τοὺς</strong></span> <span class='ocrx_word' id='word_1_517' title='bbox 3621 2756 3734 2810; x_wconf 80' lang='grc' dir='ltr'><strong>τῶν</strong></span> 
     </span>
    </p>
   </div>
   <div class='ocr_carea' id='block_1_75' title="bbox 2154 2846 3732 2919">
    <p class='ocr_par' dir='ltr' id='par_1_75' title="bbox 2154 2846 3732 2919">
     <span class='ocr_line' id='line_1_75' title="bbox 2154 2846 3732 2919; baseline 0 -19"><span class='ocrx_word' id='word_1_518' title='bbox 2154 2846 2327 2916; x_wconf 89' lang='grc' dir='ltr'><strong>λόγων</strong></span> <span class='ocrx_word' id='word_1_519' title='bbox 2387 2846 2609 2917; x_wconf 81' lang='grc' dir='ltr'><strong>ὀχετούς</strong></span> <span class='ocrx_word' id='word_1_520' title='bbox 2627 2863 2640 2877; x_wconf 80' lang='grc'><em>’</em></span> <span class='ocrx_word' id='word_1_521' title='bbox 2682 2846 2896 2918; x_wconf 76' lang='grc' dir='ltr'><strong>βραδεῖς</strong></span> <span class='ocrx_word' id='word_1_522' title='bbox 2924 2847 2981 2900; x_wconf 76' lang='grc' dir='ltr'><strong>δὲ</strong></span> <span class='ocrx_word' id='word_1_523' title='bbox 3013 2847 3150 2919; x_wconf 79' lang='grc' dir='ltr'><strong>πρὸς</strong></span> <span class='ocrx_word' id='word_1_524' title='bbox 3178 2847 3276 2919; x_wconf 80' lang='grc' dir='ltr'><strong>τὴν</strong></span> <span class='ocrx_word' id='word_1_525' title='bbox 3306 2848 3412 2902; x_wconf 85' lang='grc' dir='ltr'><strong>τῶν</strong></span> <span class='ocrx_word' id='word_1_526' title='bbox 3442 2848 3732 2919; x_wconf 79' lang='grc' dir='ltr'><strong>νοημάτων</strong></span> 
     </span>
    </p>
   </div>
   <div class='ocr_carea' id='block_1_76' title="bbox 2157 2936 3733 3011">
    <p class='ocr_par' dir='ltr' id='par_1_76' title="bbox 2157 2936 3733 3011">
     <span class='ocr_line' id='line_1_76' title="bbox 2157 2936 3733 3011; baseline 0.001 -20"><span class='ocrx_word' id='word_1_527' title='bbox 2157 2937 2484 3009; x_wconf 86' lang='grc' dir='ltr'><strong>φανέρωσιν,</strong></span> <span class='ocrx_word' id='word_1_528' title='bbox 2519 2938 2581 2991; x_wconf 85' lang='grc' dir='ltr'><strong>ού</strong></span> <span class='ocrx_word' id='word_1_529' title='bbox 2609 2940 2675 3009; x_wconf 77' lang='grc' dir='ltr'><strong>τῇ</strong></span> <span class='ocrx_word' id='word_1_530' title='bbox 2712 2938 2810 3009; x_wconf 80' lang='grc' dir='ltr'><strong>τῆς</strong></span> <span class='ocrx_word' id='word_1_531' title='bbox 2859 2936 3103 3009; x_wconf 84' lang='grc' dir='ltr'><strong>γλώττης</strong></span> <span class='ocrx_word' id='word_1_532' title='bbox 3138 2939 3461 3011; x_wconf 85' lang='grc' dir='ltr'><strong>ναρκότητι,</strong></span> <span class='ocrx_word' id='word_1_533' title='bbox 3498 2939 3636 2993; x_wconf 78' lang='grc' dir='ltr'><strong>ἀλλὰ</strong></span> <span class='ocrx_word' id='word_1_534' title='bbox 3662 2942 3733 3010; x_wconf 72' lang='grc' dir='ltr'><strong>τῇ</strong></span> 
     </span>
    </p>
   </div>
   <div class='ocr_carea' id='block_1_77' title="bbox 2155 3029 3734 3103">
    <p class='ocr_par' dir='ltr' id='par_1_77' title="bbox 2155 3029 3734 3103">
     <span class='ocr_line' id='line_1_77' title="bbox 2155 3029 3734 3103; baseline -0.001 -17"><span class='ocrx_word' id='word_1_535' title='bbox 2155 3031 2263 3086; x_wconf 84' lang='grc' dir='ltr'><strong>τῶν</strong></span> <span class='ocrx_word' id='word_1_536' title='bbox 2282 3030 2679 3101; x_wconf 70' lang='grc' dir='ltr'><strong>ἐνθυμημάτων</strong></span> <span class='ocrx_word' id='word_1_537' title='bbox 2704 3031 2997 3102; x_wconf 84' lang='grc' dir='ltr'><strong>πυκνότητι</strong></span> <span class='ocrx_word' id='word_1_538' title='bbox 3014 3048 3029 3063; x_wconf 83' lang='grc'><strong>·</strong></span> <span class='ocrx_word' id='word_1_539' title='bbox 3056 3030 3197 3085; x_wconf 84' lang='grc' dir='ltr'><strong>ὥστε</strong></span> <span class='ocrx_word' id='word_1_540' title='bbox 3218 3033 3316 3103; x_wconf 80' lang='grc' dir='ltr'><strong>τὴν</strong></span> <span class='ocrx_word' id='word_1_541' title='bbox 3338 3032 3591 3100; x_wconf 81' lang='grc' dir='ltr'><strong>γλῶσσαν</strong></span> <span class='ocrx_word' id='word_1_542' title='bbox 3615 3029 3734 3086; x_wconf 74' lang='grc' dir='ltr'><strong>ἶσον</strong></span> 
     </span>
    </p>
   </div>
   <div class='ocr_carea' id='block_1_78' title="bbox 2163 3122 3735 3197">
    <p class='ocr_par' dir='ltr' id='par_1_78' title="bbox 2163 3122 3735 3197">
     <span class='ocr_line' id='line_1_78' title="bbox 2163 3122 3735 3197; baseline -0.001 -18"><span class='ocrx_word' id='word_1_543' title='bbox 2163 3124 2261 3197; x_wconf 62' lang='grc' dir='ltr'><strong>μὲν</strong></span> <span class='ocrx_word' id='word_1_544' title='bbox 2293 3123 2551 3178; x_wconf 88' lang='grc' dir='ltr'><strong>δύνασθαι</strong></span> <span class='ocrx_word' id='word_1_545' title='bbox 2592 3122 2672 3195; x_wconf 81' lang='grc' dir='ltr'><strong>τῷ</strong></span> <span class='ocrx_word' id='word_1_546' title='bbox 2696 3123 2849 3195; x_wconf 86' lang='grc' dir='ltr'><strong>τάχει</strong></span> <span class='ocrx_word' id='word_1_547' title='bbox 2898 3124 3009 3177; x_wconf 82' lang='grc' dir='ltr'><strong>τῶν</strong></span> <span class='ocrx_word' id='word_1_548' title='bbox 3046 3123 3177 3196; x_wconf 81' lang='grc' dir='ltr'><strong>παρ’</strong></span> <span class='ocrx_word' id='word_1_549' title='bbox 3214 3124 3389 3188; x_wconf 72' lang='grc' dir='ltr'><strong>ἄλλοις</strong></span> <span class='ocrx_word' id='word_1_550' title='bbox 3416 3125 3735 3197; x_wconf 69' lang='grc' dir='ltr'><strong>ἐνθυμημά-</strong></span> 
     </span>
    </p>
   </div>
   <div class='ocr_carea' id='block_1_79' title="bbox 2159 3208 3735 3287">
    <p class='ocr_par' dir='ltr' id='par_1_79' title="bbox 2159 3208 3735 3287">
     <span class='ocr_line' id='line_1_79' title="bbox 2159 3208 3735 3287; baseline 0 -18"><span class='ocrx_word' id='word_1_551' title='bbox 2159 3232 2289 3281; x_wconf 86' lang='grc' dir='ltr'><strong>των,</strong></span> <span class='ocrx_word' id='word_1_552' title='bbox 2316 3208 2479 3287; x_wconf 75' lang='grc' dir='ltr'><strong>ἦττον</strong></span> <span class='ocrx_word' id='word_1_553' title='bbox 2503 3214 2561 3268; x_wconf 80' lang='grc' dir='ltr'><strong>δὲ</strong></span> <span class='ocrx_word' id='word_1_554' title='bbox 2587 3213 2694 3267; x_wconf 86' lang='grc' dir='ltr'><strong>τῶν</strong></span> <span class='ocrx_word' id='word_1_555' title='bbox 2725 3212 2940 3269; x_wconf 72' lang='grc' dir='ltr'><strong>οἰκείων</strong></span> <span class='ocrx_word' id='word_1_556' title='bbox 2972 3214 3149 3286; x_wconf 88' lang='grc' dir='ltr'><strong>θεωρη</strong></span> <span class='ocrx_word' id='word_1_557' title='bbox 3160 3215 3361 3285; x_wconf 92' lang='grc' dir='ltr'><strong>μάτων.</strong></span> <span class='ocrx_word' id='word_1_558' title='bbox 3390 3216 3482 3269; x_wconf 80' lang='grc' dir='ltr'><strong>Διὸ</strong></span> <span class='ocrx_word' id='word_1_559' title='bbox 3512 3218 3608 3270; x_wconf 76' lang='grc' dir='ltr'><strong>καὶ</strong></span> <span class='ocrx_word' id='word_1_560' title='bbox 3634 3218 3735 3270; x_wconf 87' lang='grc' dir='ltr'><strong>αύ-</strong></span> 
     </span>
    </p>
   </div>
   <div class='ocr_carea' id='block_1_80' title="bbox 2160 3307 3735 3380">
    <p class='ocr_par' dir='ltr' id='par_1_80' title="bbox 2160 3307 3735 3380">
     <span class='ocr_line' id='line_1_80' title="bbox 2160 3307 3735 3380; baseline 0 -18"><span class='ocrx_word' id='word_1_561' title='bbox 2160 3308 2250 3372; x_wconf 82' lang='grc' dir='ltr'><strong>τδς</strong></span> <span class='ocrx_word' id='word_1_562' title='bbox 2286 3310 2415 3379; x_wconf 64' lang='lat' dir='ltr'><strong>napi.</strong></span> <span class='ocrx_word' id='word_1_563' title='bbox 2434 3307 2629 3362; x_wconf 74' lang='grc' dir='ltr'><strong>ἑαυτοῦ</strong></span> <span class='ocrx_word' id='word_1_564' title='bbox 2650 3309 2677 3361; x_wconf 89' lang='grc' dir='ltr'><strong>ό</strong></span> <span class='ocrx_word' id='word_1_565' title='bbox 2707 3308 2881 3379; x_wconf 88' lang='grc' dir='ltr'><strong>μέγας</strong></span> <span class='ocrx_word' id='word_1_566' title='bbox 2910 3307 3222 3380; x_wconf 75' lang='grc' dir='ltr'><strong>πρεσϐύτης</strong></span> <span class='ocrx_word' id='word_1_567' title='bbox 3256 3307 3387 3361; x_wconf 79' lang='grc' dir='ltr'><strong>Θεὸν</strong></span> <span class='ocrx_word' id='word_1_568' title='bbox 3417 3308 3735 3380; x_wconf 61' lang='grc' dir='ltr'><strong>έξαιτούμευ</strong></span> 
     </span>
    </p>
   </div>
   <div class='ocr_carea' id='block_1_81' title="bbox 2162 3399 3740 3472">
    <p class='ocr_par' dir='ltr' id='par_1_81' title="bbox 2162 3399 3740 3472">
     <span class='ocr_line' id='line_1_81' title="bbox 2162 3399 3740 3472; baseline 0.003 -19"><span class='ocrx_word' id='word_1_569' title='bbox 2162 3417 2273 3465; x_wconf 87' lang='grc' dir='ltr'><strong>νος,</strong></span> <span class='ocrx_word' id='word_1_570' title='bbox 2304 3400 2396 3453; x_wconf 70' lang='grc' dir='ltr'><strong>ἐπὶ</strong></span> <span class='ocrx_word' id='word_1_571' title='bbox 2420 3403 2487 3472; x_wconf 81' lang='grc' dir='ltr'><strong>τῇ</strong></span> <span class='ocrx_word' id='word_1_572' title='bbox 2518 3401 2682 3471; x_wconf 73' lang='grc' dir='ltr'><strong>ἀνοχῇ</strong></span> <span class='ocrx_word' id='word_1_573' title='bbox 2714 3399 2816 3470; x_wconf 84' lang='grc' dir='ltr'><strong>τῆς</strong></span> <span class='ocrx_word' id='word_1_574' title='bbox 2835 3399 3204 3471; x_wconf 84' lang='grc' dir='ltr'><strong>άκατασχέτου</strong></span> <span class='ocrx_word' id='word_1_575' title='bbox 3228 3401 3338 3456; x_wconf 86' lang='grc' dir='ltr'><strong>τῶν</strong></span> <span class='ocrx_word' id='word_1_576' title='bbox 3363 3402 3605 3472; x_wconf 82' lang='grc' dir='ltr'><strong>λογάδων</strong></span> <span class='ocrx_word' id='word_1_577' title='bbox 3632 3404 3740 3457; x_wconf 84' lang='grc' dir='ltr'><strong>δω-</strong></span> 
     </span>
    </p>
   </div>
   <div class='ocr_carea' id='block_1_82' title="bbox 2163 3491 3737 3569">
    <p class='ocr_par' dir='ltr' id='par_1_82' title="bbox 2163 3491 3737 3569">
     <span class='ocr_line' id='line_1_82' title="bbox 2163 3491 3737 3569; baseline 0.003 -20"><span class='ocrx_word' id='word_1_578' title='bbox 2163 3497 2293 3569; x_wconf 77' lang='grc' dir='ltr'><strong>ρεᾶς</strong></span> <span class='ocrx_word' id='word_1_579' title='bbox 2311 3495 2529 3551; x_wconf 84' lang='grc' dir='ltr'><strong>τοιαῦτα</strong></span> <span class='ocrx_word' id='word_1_580' title='bbox 2544 3496 2761 3564; x_wconf 87' lang='grc' dir='ltr'><strong>λέγεται</strong></span> <span class='ocrx_word' id='word_1_581' title='bbox 2779 3496 2966 3565; x_wconf 77' lang='grc' dir='ltr'><strong>φάναιο</strong></span> <span class='ocrx_word' id='word_1_582' title='bbox 2990 3498 3170 3561; x_wconf 82' lang='grc' dir='ltr'><strong>Ἀνες,</strong></span> <span class='ocrx_word' id='word_1_583' title='bbox 3200 3491 3245 3551; x_wconf 82' lang='grc' dir='ltr'>ὧ</span> <span class='ocrx_word' id='word_1_584' title='bbox 3268 3498 3530 3563; x_wconf 82' lang='grc' dir='ltr'><strong>Δέσποτα,</strong></span> <span class='ocrx_word' id='word_1_585' title='bbox 3552 3498 3623 3553; x_wconf 84' lang='grc' dir='ltr'><strong>τὰ</strong></span> <span class='ocrx_word' id='word_1_586' title='bbox 3635 3498 3737 3569; x_wconf 76' lang='grc' dir='ltr'><strong>τῆς</strong></span> 
     </span>
    </p>
   </div>
   <div class='ocr_carea' id='block_1_83' title="bbox 2161 3587 3737 3661">
    <p class='ocr_par' dir='ltr' id='par_1_83' title="bbox 2161 3587 3737 3661">
     <span class='ocr_line' id='line_1_83' title="bbox 2161 3587 3737 3661; baseline 0.008 -20"><span class='ocrx_word' id='word_1_587' title='bbox 2161 3587 2383 3659; x_wconf 90' lang='grc' dir='ltr'><strong>χάριτός</strong></span> <span class='ocrx_word' id='word_1_588' title='bbox 2424 3604 2516 3643; x_wconf 88' lang='grc' dir='ltr'><strong>σου</strong></span> <span class='ocrx_word' id='word_1_589' title='bbox 2567 3588 2807 3660; x_wconf 86' lang='grc' dir='ltr'><strong>κύματα.</strong></span> <span class='ocrx_word' id='word_1_590' title='bbox 2848 3589 2983 3643; x_wconf 77' lang='grc' dir='ltr'><strong>Ὑπὸ</strong></span> <span class='ocrx_word' id='word_1_591' title='bbox 3015 3590 3123 3660; x_wconf 81' lang='grc' dir='ltr'><strong>γὰρ</strong></span> <span class='ocrx_word' id='word_1_592' title='bbox 3152 3588 3250 3661; x_wconf 75' lang='grc' dir='ltr'><strong>τὴν</strong></span> <span class='ocrx_word' id='word_1_593' title='bbox 3292 3589 3545 3657; x_wconf 77' lang='grc' dir='ltr'><strong>γλῶσσαν</strong></span> <span class='ocrx_word' id='word_1_594' title='bbox 3570 3592 3606 3661; x_wconf 83' lang='grc' dir='ltr'><strong>ἠ</strong></span> <span class='ocrx_word' id='word_1_595' title='bbox 3636 3591 3737 3660; x_wconf 69' lang='grc' dir='ltr'><strong>τῆς</strong></span> 
     </span>
    </p>
   </div>
   <div class='ocr_carea' id='block_1_84' title="bbox 2161 3678 3735 3753">
    <p class='ocr_par' dir='ltr' id='par_1_84' title="bbox 2161 3678 3735 3753">
     <span class='ocr_line' id='line_1_84' title="bbox 2161 3678 3735 3753; baseline 0.001 -21"><span class='ocrx_word' id='word_1_596' title='bbox 2161 3678 2507 3742; x_wconf 86' lang='grc' dir='ltr'><strong>διδασκαλίας</strong></span> <span class='ocrx_word' id='word_1_597' title='bbox 2558 3679 2791 3745; x_wconf 79' lang='grc' dir='ltr'><strong>άσυσσος</strong></span> <span class='ocrx_word' id='word_1_598' title='bbox 2828 3679 3208 3749; x_wconf 77' lang='grc' dir='ltr'><strong>πελαγίζουσα,</strong></span> <span class='ocrx_word' id='word_1_599' title='bbox 3257 3681 3443 3753; x_wconf 88' lang='grc' dir='ltr'><strong>φέρειν</strong></span> <span class='ocrx_word' id='word_1_600' title='bbox 3474 3681 3625 3752; x_wconf 82' lang='grc' dir='ltr'><strong>αὐτῷ</strong></span> <span class='ocrx_word' id='word_1_601' title='bbox 3665 3682 3735 3734; x_wconf 75' lang='grc' dir='ltr'><strong>τὰ</strong></span> 
     </span>
    </p>
   </div>
   <div class='ocr_carea' id='block_1_85' title="bbox 2162 3769 3729 3845">
    <p class='ocr_par' dir='ltr' id='par_1_85' title="bbox 2162 3769 3729 3845">
     <span class='ocr_line' id='line_1_85' title="bbox 2162 3769 3729 3845; baseline 0.003 -22"><span class='ocrx_word' id='word_1_602' title='bbox 2162 3770 2270 3823; x_wconf 85' lang='grc' dir='ltr'><strong>τῶν</strong></span> <span class='ocrx_word' id='word_1_603' title='bbox 2301 3769 2588 3841; x_wconf 85' lang='grc' dir='ltr'><strong>νοημάτων</strong></span> <span class='ocrx_word' id='word_1_604' title='bbox 2611 3770 2710 3823; x_wconf 80' lang='grc' dir='ltr'><strong>οὐκ</strong></span> <span class='ocrx_word' id='word_1_605' title='bbox 2753 3771 3052 3841; x_wconf 75' lang='grc' dir='ltr'><strong>ἐπέτρεπεν</strong></span> <span class='ocrx_word' id='word_1_606' title='bbox 3077 3771 3453 3843; x_wconf 84' lang='grc' dir='ltr'><strong>άλλεπάλληλα</strong></span> <span class='ocrx_word' id='word_1_607' title='bbox 3482 3772 3729 3845; x_wconf 85' lang='grc' dir='ltr'><strong>κύματα.</strong></span> 
     </span>
    </p>
   </div>
   <div class='ocr_carea' id='block_1_86' title="bbox 2162 3864 3737 3941">
    <p class='ocr_par' dir='ltr' id='par_1_86' title="bbox 2162 3864 3737 3941">
     <span class='ocr_line' id='line_1_86' title="bbox 2162 3864 3737 3941; baseline 0.003 -24"><span class='ocrx_word' id='word_1_608' title='bbox 2162 3865 2230 3935; x_wconf 74' lang='grc' dir='ltr'><strong>τῇ</strong></span> <span class='ocrx_word' id='word_1_609' title='bbox 2253 3864 2765 3937; x_wconf 76' lang='grc' dir='ltr'><strong>κατεσπουδασμένῃ</strong></span> <span class='ocrx_word' id='word_1_610' title='bbox 2809 3866 3117 3939; x_wconf 75' lang='grc' dir='ltr'><strong>λειτουργίᾳ</strong></span> <span class='ocrx_word' id='word_1_611' title='bbox 3152 3868 3263 3923; x_wconf 85' lang='grc' dir='ltr'><strong>τῶν</strong></span> <span class='ocrx_word' id='word_1_612' title='bbox 3302 3868 3438 3941; x_wconf 82' lang='grc' dir='ltr'><strong>πρὸς</strong></span> <span class='ocrx_word' id='word_1_613' title='bbox 3472 3867 3536 3924; x_wconf 78' lang='grc' dir='ltr'><strong>τὸ</strong></span> <span class='ocrx_word' id='word_1_614' title='bbox 3559 3866 3737 3940; x_wconf 80' lang='grc' dir='ltr'><strong>λέγειν</strong></span> 
     </span>
    </p>
   </div>
   <div class='ocr_carea' id='block_1_87' title="bbox 2162 3955 2972 4029">
    <p class='ocr_par' dir='ltr' id='par_1_87' title="bbox 2162 3955 2972 4029">
     <span class='ocr_line' id='line_1_87' title="bbox 2162 3955 2972 4029; baseline 0 -17"><span class='ocrx_word' id='word_1_615' title='bbox 2162 3955 2407 4029; x_wconf 79' lang='grc' dir='ltr'><strong>ὀργάνων</strong></span> <span class='ocrx_word' id='word_1_616' title='bbox 2430 3958 2529 4029; x_wconf 83' lang='grc' dir='ltr'><strong>οὐχ</strong></span> <span class='ocrx_word' id='word_1_617' title='bbox 2559 3956 2972 4029; x_wconf 83' lang='grc' dir='ltr'><strong>ὑπουργούντων</strong></span> 
     </span>
    </p>
   </div>
   <div class='ocr_carea' id='block_1_88' title="bbox 2248 4223 3737 4299">
    <p class='ocr_par' dir='ltr' id='par_1_88' title="bbox 2248 4223 3737 4299">
     <span class='ocr_line' id='line_1_88' title="bbox 2248 4223 3737 4299; baseline 0.003 -21"><span class='ocrx_word' id='word_1_618' title='bbox 2248 4225 2579 4279; x_wconf 86' lang='grc' dir='ltr'><strong>Ἐπέκοπτεν</strong></span> <span class='ocrx_word' id='word_1_619' title='bbox 2611 4223 2666 4278; x_wconf 76' lang='grc' dir='ltr'><strong>δὲ</strong></span> <span class='ocrx_word' id='word_1_620' title='bbox 2692 4226 2817 4290; x_wconf 76' lang='grc' dir='ltr'><strong>τοὺς</strong></span> <span class='ocrx_word' id='word_1_621' title='bbox 2842 4224 3031 4295; x_wconf 84' lang='grc' dir='ltr'><strong>λόγους</strong></span> <span class='ocrx_word' id='word_1_622' title='bbox 3059 4225 3245 4297; x_wconf 76' lang='grc' dir='ltr'><strong>ἕτερον</strong></span> <span class='ocrx_word' id='word_1_623' title='bbox 3274 4227 3372 4298; x_wconf 75' lang='grc' dir='ltr'><strong>μὲν</strong></span> <span class='ocrx_word' id='word_1_624' title='bbox 3394 4227 3566 4292; x_wconf 78' lang='grc' dir='ltr'><strong>οὐδὲν,</strong></span> <span class='ocrx_word' id='word_1_625' title='bbox 3600 4228 3737 4299; x_wconf 79' lang='grc' dir='ltr'><strong>εύχὴ</strong></span> 
     </span>
    </p>
   </div>
   <div class='ocr_carea' id='block_1_89' title="bbox 2163 4317 3735 4394">
    <p class='ocr_par' dir='ltr' id='par_1_89' title="bbox 2163 4317 3735 4394">
     <span class='ocr_line' id='line_1_89' title="bbox 2163 4317 3735 4394; baseline 0.002 -22"><span class='ocrx_word' id='word_1_626' title='bbox 2163 4317 2220 4372; x_wconf 76' lang='grc' dir='ltr'><strong>δὲ</strong></span> <span class='ocrx_word' id='word_1_627' title='bbox 2256 4318 2411 4390; x_wconf 82' lang='grc' dir='ltr'><strong>μόνη,</strong></span> <span class='ocrx_word' id='word_1_628' title='bbox 2444 4319 2537 4373; x_wconf 75' lang='grc' dir='ltr'><strong>καὶ</strong></span> <span class='ocrx_word' id='word_1_629' title='bbox 2561 4319 2766 4391; x_wconf 83' lang='grc' dir='ltr'><strong>ταύτην</strong></span> <span class='ocrx_word' id='word_1_630' title='bbox 2791 4321 2840 4374; x_wconf 79' lang='grc' dir='ltr'><strong>οἱ</strong></span> <span class='ocrx_word' id='word_1_631' title='bbox 2866 4320 3032 4389; x_wconf 85' lang='grc' dir='ltr'><strong>λόγοι,</strong></span> <span class='ocrx_word' id='word_1_632' title='bbox 3067 4323 3159 4375; x_wconf 69' lang='grc' dir='ltr'><strong>καὶ</strong></span> <span class='ocrx_word' id='word_1_633' title='bbox 3184 4321 3402 4384; x_wconf 78' lang='grc' dir='ltr'><strong>τούτους</strong></span> <span class='ocrx_word' id='word_1_634' title='bbox 3419 4323 3486 4377; x_wconf 82' lang='grc' dir='ltr'><strong>τὰ</strong></span> <span class='ocrx_word' id='word_1_635' title='bbox 3500 4322 3735 4394; x_wconf 80' lang='grc' dir='ltr'><strong>δάκρυα,</strong></span> 
     </span>
    </p>
   </div>
   <div class='ocr_carea' id='block_1_90' title="bbox 492 4408 2054 4486">
    <p class='ocr_par' dir='ltr' id='par_1_90' title="bbox 492 4409 2054 4486">
     <span class='ocr_line' id='line_1_90' title="bbox 492 4409 2054 4486; baseline -0.008 -14"><span class='ocrx_word' id='word_1_636' title='bbox 492 4415 595 4472; x_wconf 83' lang='lat' dir='ltr'><strong>has</strong></span> <span class='ocrx_word' id='word_1_637' title='bbox 626 4416 900 4486; x_wconf 72' lang='lat' dir='ltr'><strong>lacrymae.</strong></span> <span class='ocrx_word' id='word_1_638' title='bbox 927 4414 1196 4485; x_wconf 85' lang='lat' dir='ltr'><strong>lacrymas</strong></span> <span class='ocrx_word' id='word_1_639' title='bbox 1216 4428 1434 4469; x_wconf 89' lang='lat' dir='ltr'><strong>rursum</strong></span> <span class='ocrx_word' id='word_1_640' title='bbox 1463 4427 1655 4483; x_wconf 88' lang='lat' dir='ltr'><strong>preces</strong></span> <span class='ocrx_word' id='word_1_641' title='bbox 1680 4409 2054 4481; x_wconf 76' lang='lat' dir='ltr'><strong>excipiebant;</strong></span> 
     </span>
    </p>
   </div>
   <div class='ocr_carea' id='block_1_91' title="bbox 2158 4408 3732 4486">
    <p class='ocr_par' dir='ltr' id='par_1_91' title="bbox 2164 4408 3732 4484">
     <span class='ocr_line' id='line_1_91' title="bbox 2164 4408 3732 4484; baseline 0.001 -20"><span class='ocrx_word' id='word_1_642' title='bbox 2164 4410 2259 4464; x_wconf 78' lang='grc' dir='ltr'><strong>καὶ</strong></span> <span class='ocrx_word' id='word_1_643' title='bbox 2310 4408 2482 4465; x_wconf 85' lang='grc' dir='ltr'><strong>ταῦτα</strong></span> <span class='ocrx_word' id='word_1_644' title='bbox 2524 4411 2686 4465; x_wconf 89' lang='grc' dir='ltr'><strong>πάλιν</strong></span> <span class='ocrx_word' id='word_1_645' title='bbox 2719 4412 2874 4484; x_wconf 82' lang='grc' dir='ltr'><strong>εὐχή.</strong></span> <span class='ocrx_word' id='word_1_646' title='bbox 2923 4414 3033 4467; x_wconf 79' lang='grc' dir='ltr'><strong>Καὶ</strong></span> <span class='ocrx_word' id='word_1_647' title='bbox 3069 4408 3138 4484; x_wconf 79' lang='grc' dir='ltr'><strong>ἦν</strong></span> <span class='ocrx_word' id='word_1_648' title='bbox 3177 4414 3206 4466; x_wconf 84' lang='grc' dir='ltr'><strong>ό</strong></span> <span class='ocrx_word' id='word_1_649' title='bbox 3238 4414 3395 4483; x_wconf 83' lang='grc' dir='ltr'><strong>λόγος</strong></span> <span class='ocrx_word' id='word_1_650' title='bbox 3422 4414 3511 4468; x_wconf 87' lang='grc' dir='ltr'><strong>τοῦ</strong></span> <span class='ocrx_word' id='word_1_651' title='bbox 3549 4414 3732 4483; x_wconf 85' lang='grc' dir='ltr'><strong>λόγου,</strong></span> 
     </span>
    </p>
   </div>
   <div class='ocr_carea' id='block_1_92' title="bbox 494 4500 2058 4577">
    <p class='ocr_par' dir='ltr' id='par_1_92' title="bbox 494 4500 2058 4577">
     <span class='ocr_line' id='line_1_92' title="bbox 494 4500 2058 4577; baseline -0.006 -14"><span class='ocrx_word' id='word_1_652' title='bbox 494 4514 723 4577; x_wconf 86' lang='lat' dir='ltr'><strong>eratque</strong></span> <span class='ocrx_word' id='word_1_653' title='bbox 769 4520 953 4562; x_wconf 85' lang='lat' dir='ltr'><strong>sermo</strong></span> <span class='ocrx_word' id='word_1_654' title='bbox 999 4504 1310 4571; x_wconf 87' lang='lat' dir='ltr'><strong>sermonis;</strong></span> <span class='ocrx_word' id='word_1_655' title='bbox 1346 4514 1460 4566; x_wconf 84' lang='lat' dir='ltr'><strong>aut,</strong></span> <span class='ocrx_word' id='word_1_656' title='bbox 1509 4512 1568 4557; x_wconf 94' lang='lat' dir='ltr'><strong>ut</strong></span> <span class='ocrx_word' id='word_1_657' title='bbox 1616 4502 1790 4571; x_wconf 78' lang='lat' dir='ltr'><strong>magis</strong></span> <span class='ocrx_word' id='word_1_658' title='bbox 1841 4500 2058 4570; x_wconf 89' lang='lat' dir='ltr'><strong>proprie</strong></span> 
     </span>
    </p>
   </div>
   <div class='ocr_carea' id='block_1_93' title="bbox 493 4595 2056 4663">
    <p class='ocr_par' dir='ltr' id='par_1_93' title="bbox 493 4595 2056 4663">
     <span class='ocr_line' id='line_1_93' title="bbox 493 4595 2056 4663; baseline -0.008 -7"><span class='ocrx_word' id='word_1_659' title='bbox 493 4600 696 4663; x_wconf 80' lang='lat' dir='ltr'><strong>dicam,</strong></span> <span class='ocrx_word' id='word_1_660' title='bbox 731 4599 787 4653; x_wconf 92' lang='lat' dir='ltr'><strong>in</strong></span> <span class='ocrx_word' id='word_1_661' title='bbox 830 4612 1103 4659; x_wconf 86' lang='lat' dir='ltr'><strong>sermone.</strong></span> <span class='ocrx_word' id='word_1_662' title='bbox 1143 4597 1365 4653; x_wconf 88' lang='lat' dir='ltr'><strong>assidue</strong></span> <span class='ocrx_word' id='word_1_663' title='bbox 1412 4596 1467 4650; x_wconf 90' lang='lat' dir='ltr'><strong>in</strong></span> <span class='ocrx_word' id='word_1_664' title='bbox 1519 4595 1826 4649; x_wconf 85' lang='lat' dir='ltr'><strong>divinarum</strong></span> <span class='ocrx_word' id='word_1_665' title='bbox 1879 4607 2056 4647; x_wconf 91' lang='lat' dir='ltr'><strong>rerum</strong></span> 
     </span>
    </p>
   </div>
   <div class='ocr_carea' id='block_1_94' title="bbox 492 4680 2059 4759">
    <p class='ocr_par' dir='ltr' id='par_1_94' title="bbox 492 4680 2059 4759">
     <span class='ocr_line' id='line_1_94' title="bbox 492 4680 2059 4759; baseline -0.007 -14"><span class='ocrx_word' id='word_1_666' title='bbox 492 4689 955 4759; x_wconf 85' lang='lat' dir='ltr'><strong>contemplatione</strong></span> <span class='ocrx_word' id='word_1_667' title='bbox 1010 4695 1331 4758; x_wconf 88' lang='lat' dir='ltr'><strong>occupatus.</strong></span> <span class='ocrx_word' id='word_1_668' title='bbox 1392 4685 1527 4739; x_wconf 87' lang='lat' dir='ltr'><strong>Nam</strong></span> <span class='ocrx_word' id='word_1_669' title='bbox 1596 4684 1775 4754; x_wconf 90' lang='lat' dir='ltr'><strong>ipsum</strong></span> <span class='ocrx_word' id='word_1_670' title='bbox 1837 4680 2059 4751; x_wconf 88' lang='lat' dir='ltr'><strong>quidem</strong></span> 
     </span>
    </p>
   </div>
   <div class='ocr_carea' id='block_1_95' title="bbox 494 4771 2061 4850">
    <p class='ocr_par' dir='ltr' id='par_1_95' title="bbox 494 4771 2061 4850">
     <span class='ocr_line' id='line_1_95' title="bbox 494 4771 2061 4850; baseline -0.007 -14"><span class='ocrx_word' id='word_1_671' title='bbox 494 4795 698 4850; x_wconf 88' lang='lat' dir='ltr'><strong>corpus</strong></span> <span class='ocrx_word' id='word_1_672' title='bbox 726 4779 799 4833; x_wconf 86' lang='lat' dir='ltr'><strong>ita</strong></span> <span class='ocrx_word' id='word_1_673' title='bbox 833 4778 1165 4839; x_wconf 82' lang='lat' dir='ltr'><strong>confecerat.</strong></span> <span class='ocrx_word' id='word_1_674' title='bbox 1198 4786 1256 4832; x_wconf 92' lang='lat' dir='ltr'><strong>ut</strong></span> <span class='ocrx_word' id='word_1_675' title='bbox 1290 4776 1487 4833; x_wconf 91' lang='lat' dir='ltr'><strong>rationi</strong></span> <span class='ocrx_word' id='word_1_676' title='bbox 1516 4775 1672 4845; x_wconf 90' lang='lat' dir='ltr'><strong>quasi</strong></span> <span class='ocrx_word' id='word_1_677' title='bbox 1702 4774 1936 4828; x_wconf 74' lang='lat' dir='ltr'><strong>domina:</strong></span> <span class='ocrx_word' id='word_1_678' title='bbox 1963 4771 2061 4826; x_wconf 88' lang='lat' dir='ltr'><strong>oh-</strong></span> 
     </span>
    </p>
   </div>
   <div class='ocr_carea' id='block_1_96' title="bbox 494 4867 2058 4941">
    <p class='ocr_par' dir='ltr' id='par_1_96' title="bbox 494 4867 2058 4941">
     <span class='ocr_line' id='line_1_96' title="bbox 494 4867 2058 4941; baseline -0.006 -14"><span class='ocrx_word' id='word_1_679' title='bbox 494 4878 829 4940; x_wconf 88' lang='lat' dir='ltr'><strong>temperans.</strong></span> <span class='ocrx_word' id='word_1_680' title='bbox 862 4885 968 4923; x_wconf 90' lang='lat' dir='ltr'><strong>non</strong></span> <span class='ocrx_word' id='word_1_681' title='bbox 1016 4870 1209 4941; x_wconf 86' lang='lat' dir='ltr'><strong>magis,</strong></span> <span class='ocrx_word' id='word_1_682' title='bbox 1242 4884 1404 4939; x_wconf 83' lang='lat' dir='ltr'><strong>quam</strong></span> <span class='ocrx_word' id='word_1_683' title='bbox 1438 4867 1484 4922; x_wconf 85' lang='lat' dir='ltr'><strong>si</strong></span> <span class='ocrx_word' id='word_1_684' title='bbox 1535 4874 1841 4922; x_wconf 90' lang='lat' dir='ltr'><strong>emortuum</strong></span> <span class='ocrx_word' id='word_1_685' title='bbox 1890 4871 2058 4927; x_wconf 71' lang='lat' dir='ltr'><strong>esset,</strong></span> 
     </span>
    </p>
   </div>
   <div class='ocr_carea' id='block_1_97' title="bbox 495 4957 2060 5034">
    <p class='ocr_par' dir='ltr' id='par_1_97' title="bbox 495 4957 2060 5034">
     <span class='ocr_line' id='line_1_97' title="bbox 495 4957 2060 5034; baseline -0.005 -17"><span class='ocrx_word' id='word_1_686' title='bbox 495 4964 795 5034; x_wconf 84' lang='lat' dir='ltr'><strong>voluptatis</strong></span> <span class='ocrx_word' id='word_1_687' title='bbox 846 4962 1013 5016; x_wconf 90' lang='lat' dir='ltr'><strong>ullum</strong></span> <span class='ocrx_word' id='word_1_688' title='bbox 1063 4976 1283 5016; x_wconf 88' lang='lat' dir='ltr'><strong>sensum</strong></span> <span class='ocrx_word' id='word_1_689' title='bbox 1333 4961 1576 5016; x_wconf 83' lang='lat' dir='ltr'><strong>haberet.</strong></span> <span class='ocrx_word' id='word_1_690' title='bbox 1612 4957 1856 5026; x_wconf 87' lang='lat' dir='ltr'><strong>Cumque</strong></span> <span class='ocrx_word' id='word_1_691' title='bbox 1898 4957 1963 5011; x_wconf 84' lang='lat' dir='ltr'><strong>ad</strong></span> <span class='ocrx_word' id='word_1_692' title='bbox 1997 4972 2060 5009; x_wconf 81' lang='lat' dir='ltr'><strong>ea</strong></span> 
     </span>
    </p>
   </div>
   <div class='ocr_carea' id='block_1_98' title="bbox 495 5048 2059 5124">
    <p class='ocr_par' dir='ltr' id='par_1_98' title="bbox 495 5048 2059 5124">
     <span class='ocr_line' id='line_1_98' title="bbox 495 5048 2059 5124; baseline -0.004 -15"><span class='ocrx_word' id='word_1_693' title='bbox 495 5071 617 5124; x_wconf 74' lang='lat' dir='ltr'><strong>qua:</strong></span> <span class='ocrx_word' id='word_1_694' title='bbox 646 5070 752 5108; x_wconf 90' lang='lat' dir='ltr'><strong>non</strong></span> <span class='ocrx_word' id='word_1_695' title='bbox 780 5052 997 5113; x_wconf 83' lang='lat' dir='ltr'><strong>decent,</strong></span> <span class='ocrx_word' id='word_1_696' title='bbox 1026 5052 1299 5117; x_wconf 82' lang='lat' dir='ltr'><strong>obeunda,</strong></span> <span class='ocrx_word' id='word_1_697' title='bbox 1326 5052 1505 5106; x_wconf 82' lang='lat' dir='ltr'><strong>inedia</strong></span> <span class='ocrx_word' id='word_1_698' title='bbox 1535 5060 1697 5119; x_wconf 89' lang='lat' dir='ltr'><strong>atque</strong></span> <span class='ocrx_word' id='word_1_699' title='bbox 1731 5048 2059 5103; x_wconf 66' lang='lat' dir='ltr'><strong>abstinentia</strong></span> 
     </span>
    </p>
   </div>
   <div class='ocr_carea' id='block_1_99' title="bbox 496 5124 2060 5217">
    <p class='ocr_par' dir='ltr' id='par_1_99' title="bbox 496 5124 2060 5217">
     <span class='ocr_line' id='line_1_99' title="bbox 496 5124 2060 5217; baseline -0.006 -16"><span class='ocrx_word' id='word_1_700' title='bbox 496 5146 649 5217; x_wconf 62' lang='lat' dir='ltr'><strong>grius</strong></span> <span class='ocrx_word' id='word_1_701' title='bbox 675 5144 961 5203; x_wconf 87' lang='lat' dir='ltr'><strong>domitum,</strong></span> <span class='ocrx_word' id='word_1_702' title='bbox 993 5142 1267 5197; x_wconf 89' lang='lat' dir='ltr'><strong>immobile</strong></span> <span class='ocrx_word' id='word_1_703' title='bbox 1294 5141 1689 5210; x_wconf 81' lang='lat' dir='ltr'><strong>languesceret,</strong></span> <span class='ocrx_word' id='word_1_704' title='bbox 1724 5139 1828 5194; x_wconf 88' lang='lat' dir='ltr'><strong>illis</strong></span> <span class='ocrx_word' id='word_1_705' title='bbox 1882 5124 2060 5193; x_wconf 78' lang='lat' dir='ltr'><strong>tamen</strong></span> 
     </span>
    </p>
   </div>
   <div class='ocr_carea' id='block_1_100' title="bbox 496 5230 2062 5307">
    <p class='ocr_par' dir='ltr' id='par_1_100' title="bbox 496 5230 2062 5307">
     <span class='ocr_line' id='line_1_100' title="bbox 496 5230 2062 5307; baseline -0.004 -16"><span class='ocrx_word' id='word_1_706' title='bbox 496 5252 618 5307; x_wconf 75' lang='lat' dir='ltr'><strong>qua:</strong></span> <span class='ocrx_word' id='word_1_707' title='bbox 640 5236 944 5292; x_wconf 86' lang='lat' dir='ltr'><strong>animarum</strong></span> <span class='ocrx_word' id='word_1_708' title='bbox 970 5235 1261 5289; x_wconf 78' lang='lat' dir='ltr'><strong>conferunt</strong></span> <span class='ocrx_word' id='word_1_709' title='bbox 1285 5233 1470 5294; x_wconf 87' lang='lat' dir='ltr'><strong>saluti,</strong></span> <span class='ocrx_word' id='word_1_710' title='bbox 1502 5230 1845 5300; x_wconf 80' lang='lat' dir='ltr'><strong>perﬁciendis</strong></span> <span class='ocrx_word' id='word_1_711' title='bbox 1862 5232 2062 5285; x_wconf 84' lang='lat' dir='ltr'><strong>robore</strong></span> 
     </span>
    </p>
   </div>
   <div class='ocr_carea' id='block_1_101' title="bbox 500 5324 2063 5401">
    <p class='ocr_par' dir='ltr' id='par_1_101' title="bbox 500 5324 2063 5401">
     <span class='ocr_line' id='line_1_101' title="bbox 500 5324 2063 5401; baseline -0.005 -16"><span class='ocrx_word' id='word_1_712' title='bbox 500 5330 805 5401; x_wconf 71' lang='lat' dir='ltr'><strong>praestabat.</strong></span> <span class='ocrx_word' id='word_1_713' title='bbox 848 5328 1035 5393; x_wconf 82' lang='lat' dir='ltr'><strong>Quid?</strong></span> <span class='ocrx_word' id='word_1_714' title='bbox 1059 5324 1202 5394; x_wconf 86' lang='lat' dir='ltr'><strong>quod</strong></span> <span class='ocrx_word' id='word_1_715' title='bbox 1236 5340 1303 5379; x_wconf 90' lang='lat' dir='ltr'><strong>ne</strong></span> <span class='ocrx_word' id='word_1_716' title='bbox 1333 5333 1522 5379; x_wconf 90' lang='lat' dir='ltr'><strong>noctes</strong></span> <span class='ocrx_word' id='word_1_717' title='bbox 1551 5325 1796 5393; x_wconf 88' lang='lat' dir='ltr'><strong>quidem,</strong></span> <span class='ocrx_word' id='word_1_718' title='bbox 1822 5324 2063 5377; x_wconf 85' lang='lat' dir='ltr'><strong>somnio-</strong></span> 
     </span>
    </p>
   </div>
   <div class='ocr_carea' id='block_1_102' title="bbox 498 5417 2061 5487">
    <p class='ocr_par' dir='ltr' id='par_1_102' title="bbox 498 5417 2061 5487">
     <span class='ocr_line' id='line_1_102' title="bbox 498 5417 2061 5487; baseline -0.003 -12"><span class='ocrx_word' id='word_1_719' title='bbox 498 5438 618 5475; x_wconf 86' lang='lat' dir='ltr'><strong>rum</strong></span> <span class='ocrx_word' id='word_1_720' title='bbox 668 5420 980 5475; x_wconf 87' lang='lat' dir='ltr'><strong>simulacris</strong></span> <span class='ocrx_word' id='word_1_721' title='bbox 1036 5428 1200 5487; x_wconf 87' lang='lat' dir='ltr'><strong>atque</strong></span> <span class='ocrx_word' id='word_1_722' title='bbox 1244 5417 1571 5487; x_wconf 86' lang='lat' dir='ltr'><strong>imaginibus</strong></span> <span class='ocrx_word' id='word_1_723' title='bbox 1614 5432 1755 5484; x_wconf 67' lang='lat' dir='ltr'><strong>saepe</strong></span> <span class='ocrx_word' id='word_1_724' title='bbox 1783 5417 2061 5487; x_wconf 81' lang='lat' dir='ltr'><strong>decipien-</strong></span> 
     </span>
    </p>
   </div>
   <div class='ocr_carea' id='block_1_103' title="bbox 501 5508 2064 5578">
    <p class='ocr_par' dir='ltr' id='par_1_103' title="bbox 501 5508 2064 5578">
     <span class='ocr_line' id='line_1_103' title="bbox 501 5508 2064 5578; baseline -0.003 -12"><span class='ocrx_word' id='word_1_725' title='bbox 501 5521 601 5577; x_wconf 85' lang='lat' dir='ltr'><strong>tes,</strong></span> <span class='ocrx_word' id='word_1_726' title='bbox 632 5512 683 5566; x_wconf 89' lang='lat' dir='ltr'><strong>ei</strong></span> <span class='ocrx_word' id='word_1_727' title='bbox 711 5510 930 5566; x_wconf 86' lang='lat' dir='ltr'><strong>virtutis</strong></span> <span class='ocrx_word' id='word_1_728' title='bbox 963 5525 1026 5563; x_wconf 89' lang='lat' dir='ltr'><strong>ac</strong></span> <span class='ocrx_word' id='word_1_729' title='bbox 1056 5508 1272 5578; x_wconf 86' lang='lat' dir='ltr'><strong>pietatis</strong></span> <span class='ocrx_word' id='word_1_730' title='bbox 1300 5523 1524 5565; x_wconf 89' lang='lat' dir='ltr'><strong>cursum</strong></span> <span class='ocrx_word' id='word_1_731' title='bbox 1557 5508 1611 5562; x_wconf 89' lang='lat' dir='ltr'><strong>in</strong></span> <span class='ocrx_word' id='word_1_732' title='bbox 1645 5510 1754 5563; x_wconf 90' lang='lat' dir='ltr'><strong>ullo</strong></span> <span class='ocrx_word' id='word_1_733' title='bbox 1776 5510 2064 5565; x_wconf 87' lang='lat' dir='ltr'><strong>interrum-</strong></span> 
     </span>
    </p>
   </div>
   <div class='ocr_carea' id='block_1_104' title="bbox 500 5600 2061 5673">
    <p class='ocr_par' dir='ltr' id='par_1_104' title="bbox 500 5600 2061 5673">
     <span class='ocr_line' id='line_1_104' title="bbox 500 5600 2061 5673; baseline 0 -16"><span class='ocrx_word' id='word_1_734' title='bbox 500 5603 740 5673; x_wconf 80' lang='lat' dir='ltr'><strong>pebant?</strong></span> <span class='ocrx_word' id='word_1_735' title='bbox 785 5616 909 5656; x_wconf 91' lang='lat' dir='ltr'><strong>nam</strong></span> <span class='ocrx_word' id='word_1_736' title='bbox 948 5616 1111 5671; x_wconf 87' lang='lat' dir='ltr'><strong>quem</strong></span> <span class='ocrx_word' id='word_1_737' title='bbox 1159 5600 1538 5671; x_wconf 85' lang='lat' dir='ltr'><strong>aggredientes</strong></span> <span class='ocrx_word' id='word_1_738' title='bbox 1582 5610 1911 5671; x_wconf 83' lang='lat' dir='ltr'><strong>exceperant</strong></span> <span class='ocrx_word' id='word_1_739' title='bbox 1970 5616 2061 5657; x_wconf 89' lang='lat' dir='ltr'><strong>so-</strong></span> 
     </span>
    </p>
   </div>
   <div class='ocr_carea' id='block_1_105' title="bbox 501 5691 2063 5762">
    <p class='ocr_par' dir='ltr' id='par_1_105' title="bbox 501 5691 2063 5762">
     <span class='ocr_line' id='line_1_105' title="bbox 501 5691 2063 5762; baseline -0.003 -12"><span class='ocrx_word' id='word_1_740' title='bbox 501 5691 1016 5758; x_wconf 77' lang='lat' dir='ltr'><strong>brium,‘eumdem</strong></span> <span class='ocrx_word' id='word_1_741' title='bbox 1060 5692 1376 5748; x_wconf 81' lang='lat' dir='ltr'><strong>recedentes</strong></span> <span class='ocrx_word' id='word_1_742' title='bbox 1430 5691 1740 5757; x_wconf 77' lang='lat' dir='ltr'><strong>vigilantem</strong></span> <span class='ocrx_word' id='word_1_743' title='bbox 1794 5692 2063 5762; x_wconf 71' lang='lat' dir='ltr'><strong>relinque-</strong></span> 
     </span>
    </p>
   </div>
   <div class='ocr_carea' id='block_1_106' title="bbox 2163 4501 3736 4577">
    <p class='ocr_par' dir='ltr' id='par_1_106' title="bbox 2163 4501 3736 4577">
     <span class='ocr_line' id='line_1_106' title="bbox 2163 4501 3736 4577; baseline 0.002 -22"><span class='ocrx_word' id='word_1_744' title='bbox 2163 4504 2340 4556; x_wconf 81' lang='grc' dir='ltr'><strong>εἰπεῖν</strong></span> <span class='ocrx_word' id='word_1_745' title='bbox 2365 4501 2421 4555; x_wconf 69' lang='grc' dir='ltr'><strong>δὲ</strong></span> <span class='ocrx_word' id='word_1_746' title='bbox 2445 4502 2643 4573; x_wconf 80' lang='grc' dir='ltr'><strong>μᾶλλον</strong></span> <span class='ocrx_word' id='word_1_747' title='bbox 2667 4504 3011 4574; x_wconf 75' lang='grc' dir='ltr'><strong>οἰκειότερον.</strong></span> <span class='ocrx_word' id='word_1_748' title='bbox 3045 4505 3104 4559; x_wconf 82' lang='grc' dir='ltr'><strong>ὲν</strong></span> <span class='ocrx_word' id='word_1_749' title='bbox 3127 4503 3287 4575; x_wconf 82' lang='grc' dir='ltr'><strong>λόγῳ.</strong></span> <span class='ocrx_word' id='word_1_750' title='bbox 3305 4508 3423 4568; x_wconf 83' lang='grc' dir='ltr'><strong>ταῖς</strong></span> <span class='ocrx_word' id='word_1_751' title='bbox 3451 4505 3579 4577; x_wconf 75' lang='grc' dir='ltr'><strong>περὶ</strong></span> <span class='ocrx_word' id='word_1_752' title='bbox 3598 4504 3736 4560; x_wconf 92' lang='grc' dir='ltr'><strong>Θεοῦ</strong></span> 
     </span>
    </p>
   </div>
   <div class='ocr_carea' id='block_1_107' title="bbox 2163 4592 3735 4668">
    <p class='ocr_par' dir='ltr' id='par_1_107' title="bbox 2163 4592 3735 4668">
     <span class='ocr_line' id='line_1_107' title="bbox 2163 4592 3735 4668; baseline 0.003 -21"><span class='ocrx_word' id='word_1_753' title='bbox 2163 4593 2250 4648; x_wconf 87' lang='grc' dir='ltr'><strong>διά</strong></span> <span class='ocrx_word' id='word_1_754' title='bbox 2278 4592 2494 4647; x_wconf 88' lang='grc' dir='ltr'><strong>πάντων</strong></span> <span class='ocrx_word' id='word_1_755' title='bbox 2516 4594 2720 4649; x_wconf 88' lang='grc' dir='ltr'><strong>τούτων</strong></span> <span class='ocrx_word' id='word_1_756' title='bbox 2760 4596 3011 4668; x_wconf 83' lang='grc' dir='ltr'><strong>θεωρίαις</strong></span> <span class='ocrx_word' id='word_1_757' title='bbox 3040 4596 3276 4668; x_wconf 82' lang='grc' dir='ltr'><strong>συνεχῶς</strong></span> <span class='ocrx_word' id='word_1_758' title='bbox 3321 4596 3735 4668; x_wconf 83' lang='grc' dir='ltr'><strong>ἀσχολούμενος.</strong></span> 
     </span>
    </p>
   </div>
   <div class='ocr_carea' id='block_1_108' title="bbox 2164 4686 3739 4761">
    <p class='ocr_par' dir='ltr' id='par_1_108' title="bbox 2164 4686 3739 4761">
     <span class='ocr_line' id='line_1_108' title="bbox 2164 4686 3739 4761; baseline 0.003 -20"><span class='ocrx_word' id='word_1_759' title='bbox 2164 4688 2237 4741; x_wconf 84' lang='grc' dir='ltr'>Τὸ</span> <span class='ocrx_word' id='word_1_760' title='bbox 2262 4687 2370 4757; x_wconf 85' lang='grc' dir='ltr'><strong>γάρ</strong></span> <span class='ocrx_word' id='word_1_761' title='bbox 2399 4686 2556 4757; x_wconf 84' lang='grc' dir='ltr'><strong>σῶμα</strong></span> <span class='ocrx_word' id='word_1_762' title='bbox 2580 4688 2858 4756; x_wconf 82' lang='grc' dir='ltr'><strong>νεκρὼσας</strong></span> <span class='ocrx_word' id='word_1_763' title='bbox 2886 4690 3022 4761; x_wconf 77' lang='grc' dir='ltr'><strong>μετὰ</strong></span> <span class='ocrx_word' id='word_1_764' title='bbox 3050 4690 3157 4743; x_wconf 86' lang='grc' dir='ltr'><strong>τῶν</strong></span> <span class='ocrx_word' id='word_1_765' title='bbox 3177 4691 3398 4759; x_wconf 79' lang='grc' dir='ltr'><strong>ἡδονῶν,</strong></span> <span class='ocrx_word' id='word_1_766' title='bbox 3431 4692 3522 4746; x_wconf 78' lang='grc' dir='ltr'><strong>καὶ</strong></span> <span class='ocrx_word' id='word_1_767' title='bbox 3554 4691 3739 4745; x_wconf 88' lang='grc' dir='ltr'><strong>δοῦλον</strong></span> 
     </span>
    </p>
   </div>
   <div class='ocr_carea' id='block_1_109' title="bbox 2164 4779 3735 4853">
    <p class='ocr_par' dir='ltr' id='par_1_109' title="bbox 2164 4779 3735 4853">
     <span class='ocr_line' id='line_1_109' title="bbox 2164 4779 3735 4853; baseline 0.003 -21"><span class='ocrx_word' id='word_1_768' title='bbox 2164 4779 2230 4832; x_wconf 79' lang='grc' dir='ltr'><strong>δι’</strong></span> <span class='ocrx_word' id='word_1_769' title='bbox 2245 4781 2568 4850; x_wconf 76' lang='grc' dir='ltr'><strong>ἐγκρατείας</strong></span> <span class='ocrx_word' id='word_1_770' title='bbox 2594 4780 2670 4850; x_wconf 82' lang='grc' dir='ltr'><strong>τῷ</strong></span> <span class='ocrx_word' id='word_1_771' title='bbox 2703 4781 2931 4852; x_wconf 84' lang='grc' dir='ltr'><strong>ἡγεμόνι</strong></span> <span class='ocrx_word' id='word_1_772' title='bbox 2951 4783 3428 4853; x_wconf 82' lang='grc' dir='ltr'><strong>κατεργασάμενος</strong></span> <span class='ocrx_word' id='word_1_773' title='bbox 3457 4781 3702 4852; x_wconf 85' lang='grc' dir='ltr'><strong>λογισμῷ</strong></span> <span class='ocrx_word' id='word_1_774' title='bbox 3721 4822 3735 4845; x_wconf 88' lang='grc'><em>,</em></span> 
     </span>
    </p>
   </div>
   <div class='ocr_carea' id='block_1_110' title="bbox 2166 4868 3737 4946">
    <p class='ocr_par' dir='ltr' id='par_1_110' title="bbox 2166 4868 3737 4946">
     <span class='ocr_line' id='line_1_110' title="bbox 2166 4868 3737 4946; baseline 0.003 -22"><span class='ocrx_word' id='word_1_775' title='bbox 2166 4870 2418 4941; x_wconf 84' lang='grc' dir='ltr'><strong>ἀκίνητον</strong></span> <span class='ocrx_word' id='word_1_776' title='bbox 2446 4871 2546 4942; x_wconf 81' lang='grc' dir='ltr'><strong>μὲν</strong></span> <span class='ocrx_word' id='word_1_777' title='bbox 2576 4868 2687 4941; x_wconf 75' lang='grc' dir='ltr'><strong>εἶχε</strong></span> <span class='ocrx_word' id='word_1_778' title='bbox 2732 4871 2867 4944; x_wconf 77' lang='grc' dir='ltr'><strong>πρὸς</strong></span> <span class='ocrx_word' id='word_1_779' title='bbox 2901 4874 2969 4926; x_wconf 78' lang='grc' dir='ltr'><strong>τά</strong></span> <span class='ocrx_word' id='word_1_780' title='bbox 3004 4874 3077 4944; x_wconf 76' lang='grc' dir='ltr'><strong>μὴ</strong></span> <span class='ocrx_word' id='word_1_781' title='bbox 3116 4874 3300 4927; x_wconf 85' lang='grc' dir='ltr'><strong>δέοντα</strong></span> <span class='ocrx_word' id='word_1_782' title='bbox 3332 4874 3513 4946; x_wconf 81' lang='grc' dir='ltr'><strong>ἀσιτίᾳ</strong></span> <span class='ocrx_word' id='word_1_783' title='bbox 3534 4874 3737 4946; x_wconf 81' lang='grc' dir='ltr'><strong>προδα-</strong></span> 
     </span>
    </p>
   </div>
   <div class='ocr_carea' id='block_1_111' title="bbox 2170 4961 3738 5036">
    <p class='ocr_par' dir='ltr' id='par_1_111' title="bbox 2170 4961 3738 5036">
     <span class='ocr_line' id='line_1_111' title="bbox 2170 4961 3738 5036; baseline 0.001 -22"><span class='ocrx_word' id='word_1_784' title='bbox 2170 4961 2373 5031; x_wconf 82' lang='grc' dir='ltr'><strong>μασθὲν</strong></span> <span class='ocrx_word' id='word_1_785' title='bbox 2391 5001 2406 5024; x_wconf 84' lang='grc'><strong><em>,</em></strong></span> <span class='ocrx_word' id='word_1_786' title='bbox 2466 4963 2692 5033; x_wconf 70' lang='grc' dir='ltr'><strong>στερρὸν</strong></span> <span class='ocrx_word' id='word_1_787' title='bbox 2741 4963 2797 5017; x_wconf 80' lang='grc' dir='ltr'><strong>δὲ</strong></span> <span class='ocrx_word' id='word_1_788' title='bbox 2844 4964 2979 5035; x_wconf 82' lang='grc' dir='ltr'><strong>πρὸς</strong></span> <span class='ocrx_word' id='word_1_789' title='bbox 3006 4964 3074 5017; x_wconf 79' lang='grc' dir='ltr'><strong>τά</strong></span> <span class='ocrx_word' id='word_1_790' title='bbox 3101 4965 3356 5035; x_wconf 75' lang='grc' dir='ltr'><strong>λυσιτελῆ</strong></span> <span class='ocrx_word' id='word_1_791' title='bbox 3383 4965 3476 5019; x_wconf 79' lang='grc' dir='ltr'><strong>καὶ</strong></span> <span class='ocrx_word' id='word_1_792' title='bbox 3500 4964 3738 5036; x_wconf 77' lang='grc' dir='ltr'><strong>ψυχικὴν</strong></span> 
     </span>
    </p>
   </div>
   <div class='ocr_carea' id='block_1_112' title="bbox 2169 5051 3739 5127">
    <p class='ocr_par' dir='ltr' id='par_1_112' title="bbox 2169 5051 3739 5127">
     <span class='ocr_line' id='line_1_112' title="bbox 2169 5051 3739 5127; baseline 0.006 -26"><span class='ocrx_word' id='word_1_793' title='bbox 2169 5051 2442 5121; x_wconf 78' lang='grc' dir='ltr'><strong>σωτηρίαν</strong></span> <span class='ocrx_word' id='word_1_794' title='bbox 2471 5051 2778 5123; x_wconf 73' lang='grc' dir='ltr'><strong>πορίζοντα.</strong></span> <span class='ocrx_word' id='word_1_795' title='bbox 2813 5054 2950 5107; x_wconf 80' lang='grc' dir='ltr'><strong>Ἀλλ’</strong></span> <span class='ocrx_word' id='word_1_796' title='bbox 2971 5056 3090 5108; x_wconf 80' lang='grc' dir='ltr'><strong>οὐδὲ</strong></span> <span class='ocrx_word' id='word_1_797' title='bbox 3120 5056 3309 5115; x_wconf 78' lang='grc' dir='ltr'><strong>νύκτες</strong></span> <span class='ocrx_word' id='word_1_798' title='bbox 3340 5056 3489 5127; x_wconf 78' lang='grc' dir='ltr'><strong>αύτῷ</strong></span> <span class='ocrx_word' id='word_1_799' title='bbox 3517 5056 3607 5110; x_wconf 80' lang='grc' dir='ltr'><strong>τὸν</strong></span> <span class='ocrx_word' id='word_1_800' title='bbox 3638 5057 3739 5125; x_wconf 74' lang='grc' dir='ltr'><strong>τῆς</strong></span> 
     </span>
    </p>
   </div>
   <div class='ocr_carea' id='block_1_113' title="bbox 2168 5143 3738 5217">
    <p class='ocr_par' dir='ltr' id='par_1_113' title="bbox 2168 5143 3738 5217">
     <span class='ocr_line' id='line_1_113' title="bbox 2168 5143 3738 5217; baseline 0.003 -21"><span class='ocrx_word' id='word_1_801' title='bbox 2168 5143 2367 5215; x_wconf 80' lang='grc' dir='ltr'><strong>ἀρετῆς</strong></span> <span class='ocrx_word' id='word_1_802' title='bbox 2393 5144 2592 5215; x_wconf 89' lang='grc' dir='ltr'><strong>δρόμον</strong></span> <span class='ocrx_word' id='word_1_803' title='bbox 2622 5146 2930 5210; x_wconf 82' lang='grc' dir='ltr'><strong>ὲνέκοπτον,</strong></span> <span class='ocrx_word' id='word_1_804' title='bbox 2976 5150 3094 5211; x_wconf 84' lang='grc' dir='ltr'><strong>ταῖς</strong></span> <span class='ocrx_word' id='word_1_805' title='bbox 3128 5146 3185 5212; x_wconf 76' lang='grc' dir='ltr'>ἐξ</span> <span class='ocrx_word' id='word_1_806' title='bbox 3224 5145 3392 5201; x_wconf 83' lang='grc' dir='ltr'><strong>ῦπνου</strong></span> <span class='ocrx_word' id='word_1_807' title='bbox 3418 5150 3738 5217; x_wconf 83' lang='grc' dir='ltr'><strong>φαντασίαις</strong></span> 
     </span>
    </p>
   </div>
   <div class='ocr_carea' id='block_1_114' title="bbox 2167 5234 3739 5311">
    <p class='ocr_par' dir='ltr' id='par_1_114' title="bbox 2167 5234 3739 5311">
     <span class='ocr_line' id='line_1_114' title="bbox 2167 5234 3739 5311; baseline 0.002 -23"><span class='ocrx_word' id='word_1_808' title='bbox 2167 5234 2328 5288; x_wconf 76' lang='grc' dir='ltr'><strong>αὐτὸν</strong></span> <span class='ocrx_word' id='word_1_809' title='bbox 2368 5234 2769 5302; x_wconf 78' lang='grc' dir='ltr'><strong>φενακίζουσαι.</strong></span> <span class='ocrx_word' id='word_1_810' title='bbox 2824 5237 3077 5307; x_wconf 85' lang='grc' dir='ltr'><strong>Νήφοντα</strong></span> <span class='ocrx_word' id='word_1_811' title='bbox 3107 5238 3211 5311; x_wconf 84' lang='grc' dir='ltr'><strong>γὰρ</strong></span> <span class='ocrx_word' id='word_1_812' title='bbox 3250 5239 3310 5303; x_wconf 78' lang='grc' dir='ltr'>ἐξ</span> <span class='ocrx_word' id='word_1_813' title='bbox 3340 5238 3562 5310; x_wconf 78' lang='grc' dir='ltr'><strong>ἡμερῶν</strong></span> <span class='ocrx_word' id='word_1_814' title='bbox 3587 5239 3739 5310; x_wconf 56' lang='grc' dir='ltr'><strong>δεχότ</strong></span> 
     </span>
    </p>
   </div>
   <div class='ocr_carea' id='block_1_115' title="bbox 2173 5325 3735 5399">
    <p class='ocr_par' dir='ltr' id='par_1_115' title="bbox 2173 5325 3735 5399">
     <span class='ocr_line' id='line_1_115' title="bbox 2173 5325 3735 5399; baseline 0.004 -25"><span class='ocrx_word' id='word_1_815' title='bbox 2173 5340 2354 5391; x_wconf 82' lang='grc' dir='ltr'><strong>μεναι,</strong></span> <span class='ocrx_word' id='word_1_816' title='bbox 2385 5325 2763 5394; x_wconf 86' lang='grc' dir='ltr'><strong>γρηγοροῦντα</strong></span> <span class='ocrx_word' id='word_1_817' title='bbox 2823 5326 3222 5397; x_wconf 87' lang='grc' dir='ltr'><strong>κατελίμπανον</strong></span> <span class='ocrx_word' id='word_1_818' title='bbox 3276 5328 3735 5399; x_wconf 76' lang='grc' dir='ltr'><strong>παρατρέχουσαι,</strong></span> 
     </span>
    </p>
   </div>
   <div class='ocr_carea' id='block_1_116' title="bbox 2166 5417 3738 5492">
    <p class='ocr_par' dir='ltr' id='par_1_116' title="bbox 2166 5417 3738 5492">
     <span class='ocr_line' id='line_1_116' title="bbox 2166 5417 3738 5492; baseline 0.003 -22"><span class='ocrx_word' id='word_1_819' title='bbox 2166 5417 2323 5471; x_wconf 90' lang='grc' dir='ltr'><strong>τοῦτο</strong></span> <span class='ocrx_word' id='word_1_820' title='bbox 2346 5420 2880 5489; x_wconf 82' lang='grc' dir='ltr'><strong>πραγματευόμενον,</strong></span> <span class='ocrx_word' id='word_1_821' title='bbox 2929 5421 3018 5475; x_wconf 80' lang='grc' dir='ltr'><strong>ἵνα</strong></span> <span class='ocrx_word' id='word_1_822' title='bbox 3065 5422 3137 5492; x_wconf 80' lang='grc' dir='ltr'><strong>μὴ</strong></span> <span class='ocrx_word' id='word_1_823' title='bbox 3178 5422 3455 5492; x_wconf 67' lang='grc' dir='ltr'><strong>καταλάϐῃ</strong></span> <span class='ocrx_word' id='word_1_824' title='bbox 3483 5422 3672 5475; x_wconf 87' lang='grc' dir='ltr'><strong>τοῦτον</strong></span> <span class='ocrx_word' id='word_1_825' title='bbox 3708 5424 3738 5489; x_wconf 77' lang='grc' dir='ltr'>ἡ</span> 
     </span>
    </p>
   </div>
   <div class='ocr_carea' id='block_1_117' title="bbox 2168 5509 3736 5583">
    <p class='ocr_par' dir='ltr' id='par_1_117' title="bbox 2168 5509 3736 5583">
     <span class='ocr_line' id='line_1_117' title="bbox 2168 5509 3736 5583; baseline 0.002 -19"><span class='ocrx_word' id='word_1_826' title='bbox 2168 5513 2289 5583; x_wconf 80' lang='grc' dir='ltr'><strong>χεὶρ</strong></span> <span class='ocrx_word' id='word_1_827' title='bbox 2320 5509 2414 5563; x_wconf 91' lang='grc' dir='ltr'><strong>τοῦ</strong></span> <span class='ocrx_word' id='word_1_828' title='bbox 2453 5510 2709 5581; x_wconf 78' lang='grc' dir='ltr'><strong>ἄρχοντος</strong></span> <span class='ocrx_word' id='word_1_829' title='bbox 2742 5511 2835 5564; x_wconf 92' lang='grc' dir='ltr'><strong>τοῦ</strong></span> <span class='ocrx_word' id='word_1_830' title='bbox 2878 5513 3099 5576; x_wconf 87' lang='grc' dir='ltr'><strong>σκότους</strong></span> <span class='ocrx_word' id='word_1_831' title='bbox 3148 5514 3335 5567; x_wconf 80' lang='grc' dir='ltr'><strong>τούτου</strong></span> <span class='ocrx_word' id='word_1_832' title='bbox 3392 5513 3736 5567; x_wconf 85' lang='grc' dir='ltr'><strong>καθεύδοντα.</strong></span> 
     </span>
    </p>
   </div>
   <div class='ocr_carea' id='block_1_118' title="bbox 2170 5603 3738 5674">
    <p class='ocr_par' dir='ltr' id='par_1_118' title="bbox 2170 5603 3738 5674">
     <span class='ocr_line' id='line_1_118' title="bbox 2170 5603 3738 5674; baseline -0.001 -17"><span class='ocrx_word' id='word_1_833' title='bbox 2170 5605 2381 5657; x_wconf 81' lang='grc' dir='ltr'><strong>’Υπνου</strong></span> <span class='ocrx_word' id='word_1_834' title='bbox 2406 5603 2461 5657; x_wconf 83' lang='grc' dir='ltr'><strong>δὲ</strong></span> <span class='ocrx_word' id='word_1_835' title='bbox 2489 5603 2865 5673; x_wconf 75' lang='grc' dir='ltr'><strong>μετελάμϐανε</strong></span> <span class='ocrx_word' id='word_1_836' title='bbox 2911 5605 3183 5671; x_wconf 77' lang='grc' dir='ltr'><strong>τοσοῦτον,</strong></span> <span class='ocrx_word' id='word_1_837' title='bbox 3220 5606 3343 5660; x_wconf 85' lang='grc' dir='ltr'><strong>ὅσον</strong></span> <span class='ocrx_word' id='word_1_838' title='bbox 3391 5605 3525 5674; x_wconf 84' lang='grc' dir='ltr'><strong>πρὸς</strong></span> <span class='ocrx_word' id='word_1_839' title='bbox 3556 5606 3616 5657; x_wconf 81' lang='grc' dir='ltr'><strong>τὸ</strong></span> <span class='ocrx_word' id='word_1_840' title='bbox 3644 5605 3738 5672; x_wconf 69' lang='grc' dir='ltr'><strong>ζῇν</strong></span> 
     </span>
    </p>
   </div>
   <div class='ocr_carea' id='block_1_119' title="bbox 2172 5692 3740 5767">
    <p class='ocr_par' dir='ltr' id='par_1_119' title="bbox 2172 5692 3740 5767">
     <span class='ocr_line' id='line_1_119' title="bbox 2172 5692 3740 5767; baseline 0 -20"><span class='ocrx_word' id='word_1_841' title='bbox 2172 5693 2352 5748; x_wconf 70' lang='grc' dir='ltr'><strong>ἱκανόν</strong></span> <span class='ocrx_word' id='word_1_842' title='bbox 2377 5710 2389 5724; x_wconf 92' lang='grc'><strong>·</strong></span> <span class='ocrx_word' id='word_1_843' title='bbox 2421 5692 2567 5757; x_wconf 75' lang='grc' dir='ltr'><strong>ὅπως</strong></span> <span class='ocrx_word' id='word_1_844' title='bbox 2597 5692 2675 5765; x_wconf 74' lang='grc' dir='ltr'><strong>μὴ</strong></span> <span class='ocrx_word' id='word_1_845' title='bbox 2712 5693 2812 5764; x_wconf 81' lang='grc' dir='ltr'><strong>τῆς</strong></span> <span class='ocrx_word' id='word_1_846' title='bbox 2849 5694 3079 5767; x_wconf 77' lang='grc' dir='ltr'><strong>φυσικῆς</strong></span> <span class='ocrx_word' id='word_1_847' title='bbox 3112 5694 3383 5759; x_wconf 78' lang='grc' dir='ltr'><strong>παντελῶς</strong></span> <span class='ocrx_word' id='word_1_848' title='bbox 3425 5693 3740 5761; x_wconf 68' lang='grc' dir='ltr'><strong>ἀκολουθίας</strong></span> 
     </span>
    </p>
   </div>
  </div>
