3850 6422
95 285 213 341 837

1101 290 1188 346 DE
1228 292 1390 348 VITA
1431 293 1488 350 S.
1531 295 1780 352 PATRIS
1816 298 2121 357 EPIIRJEM
2159 301 2340 357 εγω.

3253 307 3356 364 858

89 406 535 478 ἀνατραπείσης,
589 406 744 461 λύσιν
796 407 968 478 βίαιον
1021 410 1286 483 ὑπομείνῃ
1333 410 1394 463 τὸ
1442 413 1664 484 σαρκίον

1793 415 1956 484 bant;
2003 417 2242 486 illudque
2275 417 2465 472 sedulo
2487 427 2792 488 curantem,
2829 437 2896 479 ne
2921 437 3118 480 manus
3151 425 3355 496 princi-

109 498 410 568 Ἀνέτρεπε
462 498 519 552 δὲ
570 498 778 560 τοῦτον,
809 500 902 552 καὶ
953 499 1059 552 τῶν
1102 500 1393 571 ὀφθαλμῶν
1435 503 1686 568 ἐξεδίωκε

95 587 282 640 πολλά
311 589 409 658 μὲν
438 589 530 642 καὶ
553 588 709 655 ἄλλα,
732 590 964 660 μάλιστα
992 591 1049 645 δὲ
1077 595 1344 664 χαμευνία
1367 595 1461 648 καὶ
1493 596 1688 667 σκληρ-

93 682 346 750 αγωγία,
382 683 476 734 καὶ
519 683 551 752 ή
595 683 823 736 παντοία
851 683 944 736 τοῦ
981 683 1227 755 σώματος
1259 687 1522 752 κάκωσις.
1547 689 1684 742 Τού-

95 790 218 838 τοις
261 773 370 844 γάρ
409 774 645 851 μάλιστα
686 774 746 826 τὸ
775 774 867 828 τοῦ
922 775 1090 829 ὕπνου
1139 778 1307 842 πάθος
1351 779 1685 851 ἐξορίζεσθαι

97 866 370 934 πέφυκεν.
410 866 832 945 γΑκτημοσύνην
859 868 915 921 δὲ
956 869 1217 940 τοσαύτην
1248 872 1531 942 ἐκτήσατο,
1555 875 1686 945 ὃσην

91 957 249 1027 ἔχειν
280 959 406 1020 τοὺς
438 958 613 1022 θείους
644 960 971 1023 ἀποστόλους
998 961 1234 1025 ἀκούεις.
1269 963 1359 1016 Διὸ
1391 965 1484 1017 καὶ
1515 965 1568 1017 εί
1601 983 1685 1029 τις

89 1051 290 1103 τοῦτον
309 1051 760 1124 ἀὲτημονούντων
788 1053 1090 1122 ἀρχέτυπον
1119 1054 1354 1119 καλέσει,
1375 1056 1471 1125 οὐχ
1503 1057 1684 1129 ἀμαρ-

92 1142 258 1210 τήσει
280 1140 373 1193 τοῦ
409 1141 636 1203 δέοντος.
669 1141 845 1194 Ᾱύτοῦ
869 1142 976 1214 γὰρ
994 1144 1198 1196 ἐκείνου
1225 1145 1319 1215 τὴν
1340 1145 1683 1217 γλυκυτάτην

89 1233 194 1284 καὶ
225 1231 499 1303 μακαρίαν
520 1231 714 1303 ἔχομεν
750 1234 952 1304 φωνὴν,
988 1235 1161 1307 ἤνπερ
1195 1236 1402 1306 μέλλων
1429 1238 1683 1309 ἀπαίρειν

93 1323 242 1392 πρὸς
273 1322 340 1375 τὰ
355 1322 600 1394 οὐράνια,
632 1325 764 1392 ἡμῖν
791 1324 1000 1392 ἀφῆκεν
1029 1325 1413 1397 ἀκτημοσύνης
1435 1327 1682 1382 διδάσκαο

87 1412 210 1477 λον,
245 1407 348 1467 ὧδέ
383 1431 498 1476 πως
534 1413 781 1484 ἔχουσαν·
821 1417 931 1486 Ούχ
959 1416 1165 1488 ὑπῆρξε
1199 1417 1528 1489 τῷἘφρατμ
1552 1438 1678 1474 ποτε

91 1505 402 1574 βαλάντιον,
437 1507 497 1558 ού
533 1506 746 1577 ῥάϐδος,
789 1507 850 1559 ού
880 1509 1050 1578 πήρα.
1088 1508 1224 1562 Οὔτε
1264 1509 1368 1580 μὴν
1395 1511 1674 1582 ἀργύριον,

86 1597 220 1651 οὔτε
249 1599 493 1670 χρυσίον,
543 1599 657 1653 ἀλλ’
691 1599 812 1653 οὐδέ
845 1617 966 1654 τινα
1013 1601 1206 1671 κτῆσιν
1235 1602 1425 1673 ἑτέραν
1462 1604 1553 1656 ἐπὶ
1579 1604 1678 1674 τῆς

85 1692 197 1759 γῆς
230 1692 570 1762 ἐκτησάμην.
599 1691 704 1745 Τοῦ
733 1693 841 1764 γάρ
865 1693 1067 1761 ἀγαθοῦ
1098 1693 1368 1757 Βασιλέως
1395 1695 1603 1764 ἥκουσα
1619 1698 1677 1750 ἐν

1790 508 1873 576 pis
1923 507 2082 562 istius
2150 509 2494 564 tenebrarqu
2544 510 2721 582 ipsum
2790 529 2984 570 somno
3032 530 3354 586 oppressum

1788 599 2239 669 deprehenderet.
2278 599 2514 656 Tantum
2558 617 2690 660 vero
2732 607 2997 678 temporis
3047 607 3218 678 quieti
3253 609 3356 664 tri-

1789 691 2012 754 buebat,
2049 701 2318 762 quantum
2352 694 2475 748 vita
2503 695 2755 765 degenda
2790 699 3157 755 necessarium
3186 705 3355 756 duce-

1788 781 1904 844 hat,
1935 799 2004 838 ne
2041 783 2276 837 naturali
2305 785 2524 854 penitus
2551 788 2765 842 sublata
2798 789 3198 859 vicissitudine,
3223 807 3353 847 caro

1785 874 2080 928 violentam
2136 874 2555 932 dissolutionem
2610 879 2928 934 sustineret.
2969 881 3104 936 Cum
3167 891 3350 937 autem

1785 963 1936 1016 varia
1973 971 2160 1018 essent
2191 979 2312 1032 qua
2353 967 2420 1018 ab
2454 968 2629 1021 oculis
2661 969 2780 1038 ejus
2822 987 3070 1027 somnum
3114 975 3348 1046 depelle-

1788 1054 1939 1117 bant,
1970 1062 2084 1108 tum
2115 1057 2248 1112 illud
2284 1058 2572 1128 imprimis,
2600 1061 2744 1130 quod
2777 1079 3024 1133 asperam
3059 1082 3121 1120 ac
3155 1069 3348 1122 duram

1784 1145 1947 1198 vitam
1978 1161 2164 1213 agens,
2210 1149 2506 1218 multisque
2554 1153 2729 1207 tnodis
2787 1169 2983 1223 corpus
3023 1172 3178 1210 suum
3212 1156 3349 1210 allii-

1784 1250 1936 1302 gens,
1972 1234 2122 1289 humi
2169 1237 2331 1290 etiam
2364 1239 2630 1293 cubaret:
2666 1257 2788 1293 nam
2823 1241 2972 1296 hisce
3009 1244 3346 1312 potissimum

1783 1325 2110 1391 rationibus,
2148 1328 2322 1380 somni
2355 1327 2570 1382 allectio
2615 1331 2794 1383 excuti
2851 1333 3007 1386 solet.
3038 1317 3347 1420 [Pauperta-

1785 1421 1890 1467 tem
1923 1430 2089 1484 porro
2130 1421 2337 1470 tantam
2365 1418 2637 1481 servabat,
2679 1428 2941 1489 quantam
2996 1418 3078 1474 vel
3139 1423 3346 1476 sanctis

1781 1506 1916 1576 ipsis
1969 1506 2131 1561 audis
2179 1508 2348 1563 fuisse
2397 1511 2679 1579 apostolis.
2733 1511 3075 1581 QuaprOptcr
3124 1513 3169 1567 si
3221 1513 3345 1582 quis

1779 1613 1903 1653 cum
1935 1606 2310 1669 paupertatem
2357 1600 2651 1653 colentium
2702 1603 2980 1671 exemplar
3035 1602 3342 1672 appellarit.

1781 1690 2198 1761 haudquaquam
2217 1707 2246 1744 a
2266 1692 2493 1746 veritate
2511 1693 2798 1747 aherrarit.
2816 1693 3192 1750 Dulcissimam
3213 1710 3343 1750 sane

83 1787 203 1844 τοῖς
245 1759 598 1853 Εὐάγγελίοις
648 1759 922 1856 φήσαντος
979 1789 1088 1848 τοῖς
1131 1787 1321 1839 ἑαυτοῦ
1384 1759 1669 1857 μαθηταῖς,

1777 1797 2116 1864 prorsusque
2142 1785 2352 1838 beatam
2403 1783 2546 1838 illam
2595 1786 2752 1840 nobis
2783 1802 2990 1854 vocem,
3035 1787 3177 1840 velut
3209 1802 3342 1856 pau-

89 1877 265 1946 μηδὲν
297 1877 392 1930 ἐπὶ
427 1877 525 1948 τῆς
559 1877 661 1948 γῆς
711 1877 1033 1949 κτήσασθαι.
1065 1878 1226 1931 Ὅθεν
1261 1878 1382 1931 οὐδὲ
1413 1878 1669 1949 ἐμπαθῶς

1779 1875 2006 1943 portatis
2055 1876 2392 1944 magistram.
2435 1876 2566 1930 hinc
2603 1877 2656 1931 in
2709 1879 2907 1932 calum
2951 1880 3339 1950 emigraturus,

84 1971 254 2039 ἔσχον
283 1969 422 2041 πρός
450 1987 502 2022 τι
527 1968 782 2024 τοιοῦτον.
815 1969 1001 2034 Ούτως
1029 1965 1121 2024 οὖν
1148 1970 1305 2042 δόξης
1343 1987 1401 2024 τε
1431 1971 1522 2023 καὶ
1548 1987 1669 2040 χρη·

1777 1966 2016 2037 reliquit,
2044 1982 2151 2036 qua
2190 1968 2366 2024 aiebat
2399 1988 2410 2023 :
2447 1969 2556 2025 Nec
2606 1985 2888 2035 crumena,
2940 1988 3039 2028 nec
3088 1973 3339 2036 baculus,

87 2062 283 2130 μάτων
330 2061 608 2133 ὀλίγωρος,
656 2061 855 2126 παντὸς
913 2062 970 2114 δὲ
1009 2061 1210 2132 μᾶλλον
1245 2061 1338 2115 τοῦ
1391 2061 1669 2133 ἀμείνονος

1775 2075 1876 2115 nec
1907 2077 2035 2131 pera
2052 2059 2298 2132 Ephram
2319 2078 2558 2132 unquam
2591 2047 2774 2118 fuit“.
2805 2064 3092 2135 Nunquam
3121 2080 3340 2126 aurum,

84 2153 353 2224 ἐραστὴς,
384 2153 462 2224 τῷ
483 2154 582 2212 [σω
624 2153 917 2209 κάντεῦθεν
955 2157 1068 2218 τοῖς
1090 2153 1407 2218 ἀποστόλοις
1439 2151 1669 2225 ἁμιλλὼ-

1774 2164 1869 2210 aut
1927 2166 2234 2225 argentum,
2283 2164 2377 2209 aut
2420 2157 2586 2211 ullam
2649 2173 2762 2213 rem
2836 2159 2998 2212 aliam
3069 2158 3120 2212 in
3195 2168 3339 2212 terra

87 2265 256 2317 μενος
281 2248 488 2320 δρόμῳ.

1769 2245 2012 2317 possedi.
2045 2245 2180 2300 Nam
2212 2246 2414 2302 bonum
2450 2263 2634 2319 regem
2687 2250 2754 2305 ad
2784 2266 2914 2306 suos
2941 2251 3213 2306 dicentem
3243 2250 3342 2305 di—

96 2346 355 2414 scipulos
390 2345 572 2399 audivi
611 2343 665 2397 in
701 2342 1204 2412 EvangeliozNihil
1276 2343 1329 2398 in
1397 2352 1545 2405 terra
1603 2342 1981 2414 possederit'rs.
2050 2344 2419 2410 Quamobrem
2466 2346 2616 2400 nulla
2684 2362 2770 2403 me
2821 2363 3002 2403 rerum
3067 2347 3337 2417 ejusmodi

87 2439 242 2506 cepit
269 2436 564 2506 cupiditas.
593 2433 793 2489 Gloria
823 2435 1010 2506 igitur,
1041 2444 1095 2491 et
1127 2437 1373 2508 pecunia
1420 2442 1766 2505 contemptor
1804 2451 1928 2488 cum
1955 2444 2124 2504 esset,
2190 2451 2254 2491 ac
2315 2437 2690 2508 prastantiora
2763 2447 3004 2506 amaret;
3072 2439 3138 2492 ad
3190 2439 3338 2508 ipsos

87 2529 378 2597 apostolos
412 2529 467 2582 in
493 2542 558 2582 co
589 2540 689 2581 suo
722 2541 889 2581 cursu
931 2543 1095 2596 quam
1136 2529 1379 2596 proxime
1406 2528 1670 2584 accedere
1704 2526 1996 2581 nitebatur.

157 2620 226 2672 Τί
262 2620 320 2673 δὲ
368 2620 497 2691 περὶ
537 2619 1030 2691 ταπεινοφροσύνης
1063 2620 1211 2691 αύτῷ
1244 2621 1670 2694 προσμαρτυρή-

88 2725 314 2780 σωμεν⁶
353 2710 489 2763 ὅπου
547 2726 611 2777 γε
657 2709 952 2782 διαρρήδην
1009 2711 1154 2774 ἆπας
1189 2711 1353 2766 αὐτοῦ
1395 2711 1548 2781 λόγος
1574 2713 1669 2766 καὶ

87 2805 436 2875 σύγγραμμα
463 2803 664 2873 ταύτην
711 2803 822 2873 ἔχει
871 2802 970 2874 τὴν
993 2803 1193 2874 ἀρετὴν
1237 2805 1666 2876 κηρυττομένην,

86 2899 298 2967 καίπερ
322 2895 469 2966 αύτῷ
510 2895 842 2966 διωκομένην
872 2896 937 2949 ἐκ
985 2895 1178 2949 πολλοῦ
1215 2897 1306 2950 τοῦ
1349 2898 1666 2969 περιόντος;

87 2991 230 3044 Πότε
261 2989 371 3062 γὰρ
399 2992 427 3044 ὁ
448 2990 657 3062 δάκρυα
685 2990 1158 3062 προσκαλούμενος
1196 2991 1446 3063 δάκρυσι,
1478 2993 1668 3047 σποδόν

83 3099 144 3135 τε
169 3081 305 3134 ὡσεὶ
337 3081 500 3152 ἄρτον
532 3079 746 3143 ἐσθίων,
764 3080 825 3134 τὸ
841 3081 1124 3152 τραχὺλτῆς
1149 3080 1376 3152 διαίτης,
1411 3082 1506 3136 καὶ
1533 3082 1667 3152 ἀνὴ-

1849 2619 1990 2685 Quid
2022 2633 2152 2674 vero
2186 2618 2352 2673 animi
2402 2619 2575 2690 ipsius
2628 2621 3046 2676 submissionem
3098 2637 3338 2675 comme-

1778 2727 1982 2767 morem
2008 2723 2172 2782 atque
2204 2713 2598 2780 humilitatem;
2623 2729 2748 2769 cum
2779 2731 2839 2770 ea
2873 2717 2987 2784 ipsa
3019 2715 3191 2767 virtus
3215 2730 3340 2782 pas-

1775 2803 1877 2859 sim
1923 2804 1977 2858 in
2013 2806 2228 2860 cunctis
2269 2806 2390 2874 ejus
2441 2808 2782 2862 sermonibus
2837 2822 2900 2862 ac
2949 2805 3168 2876 scriptis
3216 2818 3339 2859 sese

1774 2894 2128 2964 singulariter
2163 2895 2231 2951 ab
2278 2911 2344 2952 eo
2398 2897 2569 2952 fuisse
2618 2898 2887 2952 excultam
2935 2894 3338 2966 quodammodo

1773 2985 2060 3039 clamitet?
2109 2984 2338 3052 Quando
2387 2988 2530 3041 enim
2580 3002 2820 3058 unquam
2875 2989 2940 3041 ad
2989 2987 3335 3058 arrogantia.

1774 3077 2142 3149 elationisque
2181 3079 2414 3151 lapidem
2448 3095 2543 3150 pes
2589 3081 2708 3149 ejus
2739 3079 2984 3146 oﬂendit,
3016 3081 3108 3150 qui
3160 3081 3338 3150 lacry—

83 3173 260 3236 δονον,
289 3146 453 3226 καίτὺ
478 3172 626 3243 πόμα
659 3171 858 3245 κιρνῶν
1051 3146 1350 3245 κλαυθμοῦ,
1438 3191 1570 3245 φησι
1601 3146 1669 3228 τά

1774 3187 1892 3228 mas
1915 3172 2173 3243 lacrymis
2206 3173 2558 3242 provocabat,
2592 3188 2655 3227 ac
2685 3173 2920 3228 cinerem
2949 3181 3207 3242 tanquam
3243 3187 3341 3241 pa-

83 3264 269 3332 λόγια,
332 3262 467 3335 πρὸς
523 3263 808 3333 ἐπάρσεως
835 3263 867 3334 ἢ
894 3265 1121 3334 οἰήσεως
1151 3264 1286 3336 λίθῳ
1320 3263 1411 3317 τὸν
1441 3264 1669 3335 ψυχικὸν

85 3354 228 3406 πόδα
289 3353 750 3425 προσκρούσειεν;
783 3355 852 3406 Ἢ
890 3355 918 3406 ό
958 3354 1056 3425 τὴν
1085 3354 1428 3426 ἀνθρωπίνην
1455 3355 1670 3409 ἃπασαν

84 3445 566 3516 ἀποστρεφόμενος
584 3444 763 3508 δόξαν,
797 3445 890 3498 καὶ
934 3445 1138 3518 περιὼν
1173 3449 1272 3518 μὲν
1295 3448 1374 3501 ἐτι
1412 3447 1553 3502 κατά
1579 3447 1669 3501 τὸν

86 3536 226 3605 βίον,
250 3535 396 3598 τινὸς
429 3535 794 3600 ἐπαινοῦντος,
839 3536 1111 3606 ἀσχαλῶν,
1139 3537 1231 3590 καὶ
1257 3536 1384 3590 ἄλλο
1406 3554 1467 3591 τε
1501 3537 1668 3608 ἀλλην

83 3628 370 3683 ἀλλάττων
416 3627 625 3699 χροιὰν,
683 3627 905 3681 κύπτων
952 3644 1009 3680 τε
1041 3628 1120 3692 είς
1169 3629 1292 3699 γῆν,
1323 3629 1417 3682 καὶ
1457 3628 1667 3695 στάζων

83 3721 276 3793 ίδρῶτι
302 3719 504 3790 λεπτῷ,
539 3721 632 3773 καὶ
660 3719 803 3789 δεινῇ
823 3718 1187 3791 κρατούμενος
1211 3719 1444 3790 ἀφωνία,
1479 3720 1665 3792 ὥσπερ

80 3813 187 3884 τῆς
209 3812 470 3883 αἰσχύνης
492 3811 656 3866 αὑτοῦ
682 3809 780 3881 τὴν
808 3811 1056 3880 γλῶσσαν
1082 3811 1376 3882 ἀργούσης;

173 4079 452 4151 ’Ᾱπαίρων
499 4077 555 4131 δὲ
624 4076 759 4148 πρὸς
805 4076 905 4146 τὴν
972 4074 1245 4147 μακαρίαν
1290 4075 1386 4128 καὶ
1432 4073 1664 4146 ἄληκτον

83 4174 255 4244 ζωὴν,
289 4170 422 4226 αὐτὸ
447 4168 604 4223 τοῦτο
636 4169 796 4223 πάλιν
829 4167 964 4239 μετά
989 4167 1221 4238 σφοδρᾶς
1242 4167 1518 4237 ἀπείργων
1539 4168 1662 4220 ἐπι-

80 4265 382 4335 τιμήσεως.
412 4261 506 4315 καὶ
531 4260 706 4330 λέγων
725 4275 739 4290 ⁸
776 4260 864 4330 Μὴ
909 4257 1076 4330 ᾅσητε
1110 4253 1259 4328 ᾆσμα
1287 4260 1377 4311 ἐπὶ
1401 4259 1659 4329 Ἐφραῒμ,

86 4358 163 4428 μὴ
188 4352 594 4424 ἐγκωμιάσητε,
635 4352 707 4423 μή
750 4367 818 4420 με
859 4348 1139 4402 πολυτελεῖ
1177 4348 1442 4420 ἐνθάψητε
1482 4351 1664 4420 ίματι-

84 4447 232 4519 σμῷ,
295 4445 371 4517 μὴ
427 4445 532 4516 ἰδία
581 4443 658 4514 τῷ
693 4443 904 4513 σώματί
963 4459 1064 4511 μου
1104 4441 1276 4509 τάφον
1311 4440 1656 4511 ἐργάσησθε·
1687 4480 1733 4537 D

83 4539 244 4606 λόγον
272 4537 382 4608 γάρ
411 4536 518 4607 ἔχω
547 4535 684 4607 μετά
739 4533 893 4596 Θεοῦ,
929 4532 1246 4602 αύλισθῆναί
1305 4549 1370 4602 με
1417 4534 1512 4586 σὺν
1543 4536 1656 4597 τοῖς

85 4632 278 4698 ξένοις.
303 4630 488 4693 Ξένος
520 4627 634 4696 ἐγὼ
657 4627 754 4680 καὶ
774 4624 1199 4694 παρεπίδημος,
1220 4626 1411 4690 καθὼς
1434 4623 1656 4692 πάντες

81 4727 138 4780 οι
166 4721 420 4791 πατέρες
444 4737 584 4789 μου.
611 4719 791 4788 Ἔχεις
811 4715 1098 4787 τοιγαροῦν
1128 4718 1191 4769 ἐκ
1219 4715 1533 4787 περιουσίας
1563 4717 1657 4783 καὶ

79 4815 289 4885 ταύτης
309 4814 407 4884 τῆς
432 4813 651 4883 ἀρετῆς,
685 4808 826 4862 καθά
853 4808 916 4878 δὴ
945 4808 1037 4861 καὶ
1066 4807 1173 4861 τῶν
1196 4806 1416 4870 λοιπῶν,
1451 4807 1656 4880 ἐναργῆ

81 4909 154 4963 τὰ
205 4906 500 4976 τεκμήρια.
547 4904 657 4974 Τῆς
695 4900 1062 4972 ἐλεημοσύνης
1088 4901 1143 4953 δὲ
1183 4900 1278 4954 καὶ
1315 4901 1659 4972 συμπαθείας

81 5001 146 5054 ού
171 4998 400 5070 ποιητὴν
430 4996 608 5067 μόνον,
633 4992 766 5048 ἀλλά
789 4993 880 5046 καὶ
906 4991 1221 5046 διδάσκαλον
1246 4991 1435 5046 τοῦτον
1462 4993 1660 5064 ἐπιψη-

87 5095 296 5165 φιεῖται
329 5091 358 5143 ὁ
382 5089 479 5160 τῆς
505 5087 761 5159 ἀληθείας
779 5086 903 5155 ὅρος
927 5085 1021 5138 καὶ
1039 5084 1220 5154 νόμος.
1244 5084 1322 5154 Τῇ
1349 5083 1456 5153 γάρ
1477 5084 1660 5157 τελείᾳ

84 5183 460 5256 ἁκτημοσύνῃ,
510 5181 572 5233 τὸ
615 5179 872 5250 παρέχειν
903 5179 1014 5241 τοῖς
1050 5177 1325 5246 δεομένοις
1363 5177 1462 5230 ούκ
1496 5175 1657 5246 έχων,

82 5286 141 5336 ἐν
191 5277 270 5349 τῷ
339 5277 461 5338 τοὺς
496 5273 690 5335 ἀλλους
723 5271 1006 5341 διεγείρειν
1051 5269 1186 5342 πρὸς
1235 5270 1381 5322 ἔλεον
1428 5271 1656 5334 πυκναῖς

81 5371 458 5446 παραινέσεσι,
510 5366 610 5436 τὴν
651 5363 1018 5435 ἐλεημοσύνην
1059 5363 1376 5432 μετήρχετο.
1407 5357 1514 5415 Ἦν
1543 5361 1654 5434 γάρ

78 5467 153 5529 ὡς
183 5461 401 5534 ἀληθῶς
423 5464 451 5514 ὁ
481 5457 667 5512 τούτου
687 5457 862 5526 λόγος,
889 5455 983 5509 καὶ
1010 5453 1132 5524 δίχα
1161 5455 1257 5524 τῆς
1285 5453 1480 5524 ὅψεως,
1511 5455 1656 5518 κλεὶς

84 5556 493 5627 θεοχάλκευτος,
527 5553 654 5615 τοὺς
685 5550 794 5604 τῶν
827 5548 1096 5602 πλουσίων
1125 5546 1430 5619 θησαυροὺς
1460 5547 1658 5602 διανοί-

161 5734 202 5768 ¹⁶
228 5731 416 5787 Matth.
446 5746 500 5796 ι,
525 5730 578 5796 9,
627 5729 724 5795 l0;
801 5727 930 5784 Luc.
964 5743 1040 5795 ιι,
1073 5727 1128 5784 4.
1207 5725 1249 5759 ⁸⁷
1289 5724 1435 5783 Psal.
1467 5740 1555 5794 ct,
1591 5723 1679 5782 l0.

1771 3276 1893 3316 nem
1939 3260 2328 3328 manducabat,
2361 3268 2418 3317 et
2460 3277 2652 3332 aspera
2707 3269 2869 3330 atque
2909 3262 3179 3315 inamaua
3225 3265 3338 3314 vita

1770 3360 1829 3407 ut
1867 3367 2025 3408 sacra
2064 3352 2156 3406 illa
2186 3360 2484 3423 personant
2523 3351 2709 3417 verba,
2747 3353 3001 3423 poculum
3042 3367 3166 3406 cum
3207 3351 3335 3406 ﬂetu

1768 3443 2032 3499 miscebat
2059 3443 2142 3497 ‘7?
2188 3442 2404 3515 Quique
2455 3443 2526 3498 ab
2568 3443 2715 3497 omni
2759 3459 2919 3507 vana,
2970 3452 3132 3514 atque
3171 3460 3334 3497 mun-

1767 3537 1909 3591 dana
1931 3536 2234 3592 abhorrens
2250 3537 2445 3608 gloria,
2461 3551 2583 3592 cum
2617 3537 2671 3590 in
2705 3536 2804 3590 hac
2818 3535 2993 3591 adhuc
3017 3535 3336 3607 peregrina-

1769 3637 1917 3684 retur
1944 3629 2076 3695 vita,
2101 3629 2146 3686 si
2169 3644 2198 3683 a
2223 3643 2499 3701 quoquam
2530 3644 2588 3684 se
2611 3629 2819 3683 laudari
2845 3629 3336 3696 animadvertebat,

1763 3737 1908 3794 agro
1931 3723 2113 3778 animo
2146 3721 2350 3785 ferens.
2373 3723 2650 3792 aliumque
2669 3723 2806 3778 alias
2827 3724 3063 3778 colorem
3087 3723 3332 3794 capiens,

1765 3821 1930 3884 atque
1959 3813 2150 3869 oculos
2179 3812 2235 3868 in
2264 3821 2464 3868 terram
2505 3813 2823 3879 demittens,
2860 3815 3011 3868 tenui
3041 3828 3107 3870 ac
3147 3814 3333 3870 subtili

1765 3904 2017 3960 madebat
2037 3906 2259 3970 sudore,
2295 3905 2515 3975 altoque
2539 3905 2759 3961 silentio
2777 3915 3035 3977 tanquam
3064 3921 3332 3963 verecun-

1764 3992 1852 4046 dia
1880 3993 2119 4065 linguam
2160 3993 2544 4064 prapediente,
2573 3995 2994 4064 corripiebatur.

1831 4082 1952 4138 Jam
1997 4093 2177 4139 autem
2221 4083 2348 4139 hinc
2395 4084 2461 4138 ad
2505 4085 2718 4140 beatam
2759 4085 3151 4157 calestemque
3179 4087 3327 4142 illam

1762 4176 2128 4246 emigraturus
2157 4175 2348 4239 vitam,
2390 4176 2539 4245 gravi
2578 4176 2817 4246 quodam
2863 4177 3156 4232 interdicto
3195 4179 3329 4234 illud

1762 4267 1943 4340 ipsum
1979 4275 2189 4330 vetans,
2229 4265 2488 4321 dicebat:
2527 4264 2684 4319 Nulla
2721 4263 2970 4335 Ephram
3018 4267 3329 4324 cecineritis

1761 4360 2036 4420 carmina,
2079 4359 2394 4430 nullamque
2433 4357 2800 4414 laudationem
2836 4358 3218 4426 adhibueritis,
3262 4377 3330 4416 ne

1761 4468 1848 4508 me
1878 4467 2002 4507 cum
2029 4452 2270 4522 pretioso
2296 4451 2657 4522 sepeliveritis
2681 4452 3026 4516 vestimento,
3053 4467 3190 4510 neve
3217 4455 3331 4525 pri-

1762 4544 1926 4599 vatim
1976 4544 2193 4613 corpori
2236 4558 2357 4598 meo
2391 4543 2790 4600 constitueritis
2841 4544 3152 4600 tumulum:
3194 4547 3328 4602 mihi

1759 4635 1904 4691 enim
1941 4649 2065 4689 cum
2100 4633 2211 4690 Deo
2249 4634 2526 4702 convenit,
2561 4645 2619 4689 ut
2652 4635 2795 4690 inter
2829 4635 3150 4706 peregrinos
3180 4653 3330 4694 com—

1761 4741 1963 4782 morer.
1998 4726 2208 4781 Advena
2233 4727 2434 4798 quippe
2465 4743 2581 4781 sum
2607 4743 2722 4798 ego,
2751 4737 2799 4782 et
2832 4729 3156 4800 peregrinus,
3190 4731 3328 4786 sicut

1763 4835 1939 4874 omnes
1966 4827 2145 4887 patres
2193 4820 2294 4874 mei
2327 4820 2390 4874 ".
2423 4818 2578 4874 Sicut
2603 4835 2736 4891 ergo
2772 4821 3003 4876 aliarum
3036 4823 3324 4888 virtutum,

1763 4911 1840 4966 ita
1875 4911 2039 4981 hujus
2065 4911 2230 4966 etiam
2267 4912 2464 4967 eximia
2498 4919 2664 4982 atque
2703 4915 2961 4982 praclara
2989 4914 3155 4971 habes
3185 4916 3329 4971 indt-

1762 5001 1866 5056 cia.
1907 4999 2106 5056 Eorum
2139 5002 2285 5058 enim
2317 5019 2436 5073 qua
2467 5003 2533 5057 ad
2563 5003 2984 5077 eleemosynam,
3021 5018 3072 5062 et
3103 5010 3331 5062 commi«

1763 5091 2056 5149 serationis
2081 5092 2333 5148 affectum
2377 5095 2676 5165 pertinent,
2706 5096 2852 5153 hunc
2883 5113 2987 5153 non
3019 5097 3326 5155 eﬂ'ectorcm

1764 5184 2050 5248 duntaxat,
2079 5184 2178 5239 sed
2201 5193 2254 5239 et
2284 5185 2561 5241 doctorem
2583 5188 2884 5252 exstitisse,
2916 5189 3163 5244 veritatis
3191 5205 3328 5260 pra-

1761 5275 2008 5346 scriptio,
2047 5275 2244 5346 lexque
2286 5277 2404 5348 ipsa
2436 5277 2741 5333 conﬁrmat.
2773 5277 2907 5333 Nam
2958 5294 3082 5334 cum
3114 5297 3177 5335 ex
3206 5298 3328 5352 per-

1763 5367 1926 5432 fecta,
1957 5381 2118 5434 quam
2147 5367 2430 5439 amplexus
2453 5368 2650 5435 fuerat,
2681 5379 3022 5440 paupertate,
3057 5373 3326 5442 reliquum

1762 5457 1898 5513 nihil
1926 5456 2171 5522 haberet,
2208 5458 2350 5526 quod
2385 5461 2569 5529 egenis
2599 5459 3000 5529 impertiretur;
3028 5460 3328 5532 frequenti-

1763 5549 1866 5604 bus
1918 5556 2099 5603 tamen
2133 5550 2604 5607 cohortationibus
2638 5551 2776 5608 alios
2820 5552 2886 5608 ad
2936 5553 3326 5611 misericordia

1760 5727 1805 5763 ”
1841 5725 1986 5785 Psal.
2019 5743 2258 5796 XX!\'III~,
2294 5727 2378 5782 l5.
