3850 6446
473 223 578 280 859
1649 223 1708 281 S.
1750 224 2047 283 GREGORI

2152 227 2398 286 [YSSENI
3601 236 3742 292 840

470 349 633 404 Opera
677 332 1090 399 commovendo,
1142 335 1519 409 eleemosynas
1571 339 1850 410 erogabat.
1909 339 2036 394 Erat

2152 359 2268 410 των,
2300 345 2404 420 καὶ.
2424 349 2532 410 τοῖς
2560 347 2799 417 μετρίοις
2843 346 2908 400 τὰ
2942 347 3128 401 δέοντα
3153 349 3403 420 χορηγῶν
3424 367 3437 380 ·
3468 349 3585 420 ἡδὲ
3615 351 3742 418 ἀγ..

469 426 673 496 quippe
707 425 879 496 ipsius
923 426 1124 488 oratio,
1157 425 1287 482 licet
1319 430 1504 484 vultus
1537 443 1646 484 non
1690 431 2038 501 conspicere-

2152 416 2413 504 γελοειδὴξ
2463 416 2676 506 θεωρία
2703 438 2863 507 ἤρκει
2915 439 3008 491 καὶ
3049 416 3188 508 μόνη
3220 416 3542 510 ’βλεπομένη
3579 416 3737 507 πρὲις

469 529 576 582 tur,
612 527 868 588 tanquam
909 520 1174 575 divinitus
1225 520 1523 576 fabrefacta
1560 524 1807 593 quaadam
1845 524 2034 588 clavis,

2152 522 2483 592 συμπάθειαν
2532 526 2628 577 καὶ
2678 527 3010 597 οίκτιρμοὺς,
3035 529 3131 580 καὶ
3172 529 3297 590 τοὺς
3332 529 3468 596 ἄγαν
3497 528 3738 597 ἀμειλί-

468 611 696 666 divitum
746 610 1036 669 thesauros
1087 614 1399 682 recludens,
1435 624 1491 671 et
1525 615 1892 686 indigentibus
1940 632 2040 671 ne-

2152 629 2298 676 ιτους
2332 613 2571 683 κινῆσαι,
2607 615 2887 686 ἁπλότητι,
2928 618 3021 670 καὶ
3057 616 3356 688 ἐπιεικείᾳ,
3403 618 3496 670 καὶ
3543 616 3732 684 πολλῇ

467 705 707 759 cessaria
753 706 1148 775 suppeditans,
1190 717 1557 780 aspectusque
1605 709 1727 778 ejus
1760 709 2039 780 angelicus

2152 704 2458 779 κεκραμένη
2488 705 2882 776 καλοκάγαθίᾳ.
2917 709 3027 760 Καὶ
3048 707 3131 771 τίς
3164 705 3336 770 οὓτως
3369 703 3437 778 ἦν
3468 707 3734 777 ἀναιδείᾳ

468 793 742 850 sufﬁciens
776 805 912 862 erat,
949 798 1042 866 qui
1089 813 1186 868 per
1219 814 1278 854 se
1315 799 1520 869 absque
1549 801 1655 854 ulla
1679 800 1927 855 oratione
1953 800 2039 854 in-

467 892 685 943 tuentes
729 889 893 943 etiam
923 899 1170 960 agrestes
1199 898 1252 946 et
1290 891 1620 948 inhumanos
1647 891 1715 946 ad
1746 892 2040 946 commise-

2144 796 2608 870 προ[σ]κείμενος,
2647 799 2705 862 ὃς
2736 799 3076 870 προσϐλέψας
3101 799 3282 862 αὐτὸν,
3319 800 3418 852 οὐκ
3453 799 3730 871 ἠρυθρία,

2144 890 2238 943 καί
2269 907 2385 953 πως
2419 890 2581 954 αὐτὸς
2615 890 2812 944 ἑαυτοῦ
2845 889 3208 961 κοσμιώτερος
3241 891 3517 959 ὲγεγόνει;

466 982 734 1036 rationem
779 995 1142 1052 permoveret,
1178 995 1328 1039 tanta
1388 986 1444 1040 in
1497 1000 1563 1040 eo
1597 985 2044 1055 conspiciebatur
2091 991 2205 1039 tum
2260 985 2609 1056 simplicitas,
2679 995 2796 1040 tum
2846 983 3224 1052 mansuetudo,
3283 994 3396 1038 tum
3441 985 3727 1054 probitas.

466 1074 769 1149 Nullusque
827 1080 964 1134 adeo
1025 1081 1397 1151 reperiebatur
1452 1080 1777 1150 impudens,
1843 1079 1941 1150 qui
1992 1095 2100 1134 non
2141 1080 2321 1150 ipsum
2371 1081 2694 1152 inspiciens,
2748 1081 2951 1136 rubore
2999 1080 3233 1151 quodam
3290 1082 3732 1150 perfunderetur

467 1180 632 1242 atque
663 1174 1019 1242 verecundia,
1049 1189 1114 1229 ac
1143 1176 1327 1244 seipso
1351 1176 1540 1231 melior
1562 1193 1668 1231 non
1702 1177 2024 1234 redderetur
2063 1185 2225 1247 atque
2257 1179 2577 1234 modestior.

537 1266 606 1321 Et
636 1266 886 1337 quamvis
927 1267 1002 1320 ita
1033 1267 1202 1321 multa
1239 1268 1292 1322 in
1323 1268 1426 1322 hoc
1459 1268 1576 1323 viro
1608 1268 1847 1337 perfecta
1878 1269 2043 1323 exsti-

465 1360 654 1421 terint,
688 1374 757 1414 ne
796 1359 920 1428 quis
945 1359 1016 1412 ob
1051 1358 1102 1412 id
1137 1359 1409 1414 existimet
1437 1359 1743 1414 absolutam
1777 1359 1826 1414 ei
1857 1373 2039 1414 rerum

469 1452 967 1509 ecclesiasncarum
1021 1450 1261 1506 defuisse
1303 1451 1690 1522 cognitionem.
1728 1450 1864 1516 Quid
1896 1451 2039 1504 enim

471 1544 567 1598 otii
597 1551 908 1614 suppeteret
946 1543 1073 1612 ipsi,
1108 1543 1315 1598 diceret
1356 1544 1482 1598 talis
1512 1543 1730 1612 aliquis,
1763 1550 1822 1596 ut
1863 1542 1929 1596 ad
1962 1550 2041 1598 tot

471 1637 739 1690 virtutum
774 1635 953 1690 studia
983 1634 1364 1690 divideretur?
1390 1634 1534 1690 Sane
1562 1635 1784 1705 quidem
1817 1651 1925 1689 non
1971 1634 2041 1691 le-

2217 1271 2370 1340 Τάχα
2393 1271 2574 1324 τοίνυν
2630 1268 2883 1324 τοσοῦτόν
2905 1285 2988 1332 τις
3020 1267 3222 1338 πλῆθος
3260 1267 3491 1328 ἀκούσας
3516 1272 3726 1339 πάτερ’

2146 1361 2431 1431 θωμάτων,
2457 1361 2596 1425 δόξει
2626 1359 2701 1423 ὡς
2725 1360 2824 1413 οὐκ
2850 1361 2908 1413 ὲν
2935 1357 3086 1429 βάθει
3112 1359 3220 1411 τῶν
3251 1359 3728 1430 ἐκκλησιασπκῶν

2145 1454 2391 1525 ἐχώρησε
2426 1453 2711 1524 δογμάτων
2741 1452 2944 1516 ὁθεῖος
2988 1445 3141 1515 οὗτος
3199 1453 3356 1523 ἀνήρ.
3397 1454 3566 1506 Ποίαν
3604 1458 3723 1525 γὰρ

2145 1543 2257 1617 εἶχε
2293 1544 2508 1616 σχολὴν.
2532 1544 2698 1612 φαίην
2737 1544 2824 1607 ἂν,
2860 1545 2889 1598 6
2931 1543 3189 1610 τοιοῦτος,
3224 1528 3507 1608 τὀσαύταις
3557 1563 3724 1616 μεριο

2144 1638 2368 1708 ζόμενος
2413 1637 2663 1706 ἀρεταῖς;
2719 1634 2810 1706 Τῷ
2862 1635 2916 1688 δὲ
2962 1635 3061 1688 ούκ
3099 1635 3396 1699 ἐπεπόλαζε
3422 1637 3530 1690 τῶν
3553 1638 3726 1692 Θείων

470 1729 612 1784 viter
660 1743 842 1784 rerum
891 1726 1200 1780 divinarum
1256 1726 1567 1796 cognitione
1607 1733 1726 1782 erat
1775 1725 2038 1808 imbutus.

2152 1702 2424 1800 δογμάτων
2547 1729 2760 1796 γνῶσις.
2781 1702 2868 1781 γΟύ
2899 1728 3008 1799 γὰρ
3037 1728 3159 1781 ὅσον
3207 1731 3376 1782 εἰπεῖν
3402 1732 3493 1783 καὶ
3519 1748 3724 1801 παραισ

471 1820 656 1891 Neque
684 1819 830 1874 enim
867 1825 1093 1875 eatenus
1134 1817 1400 1873 duntaxat
1433 1818 1580 1871 illam
1626 1817 1829 1888 attigit,
1866 1825 1924 1870 ut
1955 1816 2042 1871 di-

471 1913 646 1968 cendo
675 1912 814 1967 alios
841 1911 1058 1967 erudire
1095 1919 1322 1982 posset;
1354 1909 1592 1982 sed-tam
1629 1910 1845 1979 pietatis
1881 1916 2045 1980 atque

473 2008 753 2078 religionis
791 2007 1060 2072 instituta,
1087 2021 1252 2076 quam
1286 2021 1373 2070 ea,
1411 2020 1532 2075 qua:
1578 2004 1688 2059 illis
1719 2012 2042 2074 repugnant,

473 2101 698 2156 omnino
724 2109 1015 2156 assecutus
1045 2107 1129 2154 est
1155 2117 1169 2152 :
1218 2098 1307 2151 illa
1337 2097 1555 2167 quidem
1577 2095 1642 2150 ad
1667 2096 2044 2151 instruendum

474 2191 754 2262 populum,
806 2190 920 2245 haec
983 2189 1052 2245 ad
1107 2187 1486 2259 coarguendos
1537 2188 1844 2244 hatreticos.
1897 2188 2048 2244 Bono

473 2286 676 2356 quippe
709 2284 826 2338 zelo
859 2283 913 2338 in
942 2283 1064 2338 illas
1111 2282 1328 2352 pietatis
1375 2281 1628 2337 inimicas
1660 2282 1866 2336 bestias
1905 2281 2042 2337 fere-

477 2376 656 2430 batur.
685 2373 966 2445 Siquidem
1001 2387 1253 2428 sermone
1281 2369 1542 2440 quodam,
1573 2371 1664 2441 qui
1697 2370 1838 2425 fama
1881 2373 2044 2426 etiam

476 2467 822 2536 potiusquam
870 2463 1090 2533 scriptis
1141 2463 1206 2515 ad
1254 2477 1354 2517 nos
1402 2462 1637 2526 devenit,
1672 2462 1817 2518 unde
1868 2462 2046 2534 ipsum

475 2559 721 2618 veritatis
765 2555 1230 2614 studiosissimum
1272 2553 1574 2616 exstitisse.
1608 2554 1770 2610 facile
1820 2555 2048 2624 intelligi

476 2659 718 2723 poterat;
750 2648 1146 2719 Apollinarium
1185 2646 1379 2708 levem,
1409 2645 1519 2700 imo
1549 2646 1854 2701 dementem
1885 2655 2050 2714 atque

477 2746 727 2802 insanum
763 2739 1132 2810 nuncupabat,
1163 2739 1254 2809 qui
1284 2754 1372 2794 res
1402 2730 1571 2794 novas
1596 2738 1849 2802 moliens,
1878 2737 2049 2791 multa

477 2835 678 2907 impia,
739 2833 1146 2903 Scripturzeque
1205 2847 1375 2888 sacrae
1438 2831 1785 2890 adversantia
1835 2830 2050 2887 duobus

476 2927 872 2998 comprehensa
926 2925 1103 2987 libris.
1139 2940 1169 2980 e
1203 2940 1305 2979 suo
1337 2933 1597 2978 eructans
1628 2934 1837 2986 ventre,
1865 2923 2053 2977 admo-

2142 1822 2292 1875 νέσαι
2321 1825 2433 1884 τοῖς
2465 1819 2663 1884 ἄλλοις,
2693 1818 2895 1888 ταύτην
2933 1820 3156 1890 μετῄει·
3187 1820 3297 1872 ἀλλ’
3324 1822 3490 1891 άμφω
3531 1822 3722 1887 καλῶς

2143 1908 2458 1981 ἐπαιδεύθη,
2478 1911 2549 1965 τά
2566 1928 2624 1964 τε
2648 1911 2893 1983 δόγματα
2911 1913 3008 1983 τῆς
3043 1911 3368 1983 Ἐκκλησίας
3391 1914 3550 1977 αὐτὰ,
3565 1916 3635 1970 τά
3656 1931 3722 1968 τε

2142 2000 2350 2065 τούτοις
2381 2002 2676 2072 ἀντιλέγειν
2699 2003 3091 2076 ἐπιχειροῦντα·
3122 2004 3190 2058 τὰ
3223 2005 3342 2074 μὲν,
3375 2007 3499 2060 ὅσον
3518 2008 3723 2077 ἐπιτη-

2143 2091 2321 2146 δεύσει
2385 2093 2603 2163 μαθώνο
2657 2093 2728 2148 τὰ
2770 2094 2825 2148 δὲ
2872 2093 3008 2165 πρὸς
3035 2094 3250 2166 ἔλεγχον
3271 2097 3378 2150 τῶν
3402 2099 3722 2169 αίρετικῶν.

2145 2185 2313 2256 Ζῆλος
2344 2185 2451 2258 γὰρ
2475 2185 2634 2240 αὐτὸν
2660 2187 2802 2242 κατὰ
2823 2186 2930 2240 τῶν
2950 2188 3047 2257 τῆς
3078 2187 3398 2258 Ἐκκλησίας
3425 2189 3592 2241 ἐκίνει
3619 2188 3730 2259 θηο

2149 2278 2300 2351 ρῶν⁴“
2327 2279 2446 2334 ὅθεν
2473 2279 2566 2332 καὶ
2595 2280 2676 2344 είς
2696 2281 2847 2351 ἡμᾶς
2867 2279 3066 2349 ἔφθασέ
3087 2296 3146 2333 τε
3168 2296 3249 2341 τις
3267 2281 3509 2349 ἄγραφος
3533 2280 3728 2347 λόγος,

2144 2371 2236 2425 τὸν
2263 2371 2397 2441 πρὸς
2443 2374 2510 2442 τῇ
2545 2371 2771 2441 ἀληθείᾳ
2807 2371 2995 2425 τούτου
3027 2371 3185 2441 ζῆλον
3207 2373 3337 2442 ἡμῖν
3373 2371 3730 2435 ἀποδεικνὺς,

2146 2463 2283 2534 ἔχων
2316 2461 2506 2526 οὕτως,
2535 2463 2610 2528 ὡς
2634 2466 2662 2518 6
2687 2465 3000 2533 κουφόνους,
3037 2463 3233 2534 μᾶλλον
3281 2463 3440 2526 ἄνους
3468 2463 3563 2517 καὶ
3595 2464 3735 2517 ἄλο-

2145 2572 2240 2623 γος
2281 2555 2673 2627 Ἀπολινάριος,
2717 2555 2887 2609 πολλὰ
2927 2556 3325 2625 καινοτομήσας
3355 2555 3447 2606 καὶ⁵
3472 2554 3582 2607 ἀπὺ
3612 2571 3735 2607 xm-

2145 2647 2264 2710 λίας
2292 2646 2669 2718 ὲρευξάμενος,
2701 2648 2882 2701 ἄδικον
2901 2648 3000 2717 τῆς
3019 2647 3297 2710 εὐσεϐείας
3313 2646 3532 2716 Γραφὴν
3560 2649 3733 2716 ἔσχες

2145 2739 2349 2804 δίασεν,
2385 2742 2443 2794 ὲν
2485 2740 2604 2794 δυσὶ
2649 2739 2871 2811 βιϐλίοις
2924 2739 3128 2810 ταύτην
3163 2739 3441 2804 συντάξας.
3483 2738 3734 2809 Ἐνεχεί-

2151 2849 2265 2904 ρισε
2289 2833 2346 2887 δὲ
2363 2832 2564 2898 ταύτας
2585 2833 2721 2902 πρὸς
2755 2831 3000 2902 φυλακὴν
3025 2831 3116 2885 καί
3149 2849 3278 2896 τινι,
3299 2834 3364 2900 τῇ
3387 2831 3483 2893 τὰς
3507 2829 3735 2884 ἐκείνου

2147 2918 2362 2989 ἡδονὰς,
2397 2917 2472 2982 ὼς
2521 2917 2818 2988 ἐφημίσθη,
2864 2916 3257 2990 θεραπευούσῃ.
3303 2917 3389 2980 Ὡς
3414 2917 3469 2970 δὲ
3496 2916 3574 2985 τῷ
3605 2919 3734 2970 Με-

477 3020 607 3096 dum
643 3017 848 3072 insulse
897 3030 962 3070 ac
1008 3023 1210 3069 temere
1261 3017 1700 3084 proloqneretur.
1751 3013 1877 3070 Illos
1916 3027 2047 3068 vero

2152 3009 2301 3080 γάλῳ
2327 3011 2395 3064 τὰ
2421 3009 2520 3079 τῆς
2535 3011 2853 3080 συγγραφῆς
2879 3009 3202 3080 ἐγνωρίσθη,
3226 3009 3323 3080 τῆς
3345 3008 3549 3062 ἐκείνου
3561 3009 3736 3078 δόξης

478 3109 672 3171 libros,
703 3109 916 3162 cuidam
940 3122 1100 3176 quam
1129 3106 1182 3159 in
1221 3105 1433 3161 deliciis
1454 3105 1717 3160 habuisse
1745 3103 2044 3168 ferebatur,

481 3202 694 3258 feminae
723 3199 1090 3256 asservandos
1120 3199 1490 3256 commiserat.
1523 3197 1655 3267 Quae
1685 3214 1810 3256 cum
1851 3211 2048 3266 magno

480 3293 852 3348 innotuissent
901 3290 1172 3360 prraem,
1213 3289 1330 3358 ipse
1377 3287 1622 3359 ejusdem
1669 3305 1728 3344 se
1773 3287 2049 3358 opinionis

479 3400 604 3441 esse
640 3383 979 3453 confingens,
1021 3381 1300 3443 feminam,
1333 3396 1454 3450 quae
1485 3381 1656 3437 libros
1684 3381 1820 3436 istos
1866 3380 2050 3451 profa-

480 3490 584 3531 nos
616 3473 982 3535 custodiebat,
1017 3473 1192 3540 adiit;
1229 3479 1283 3526 et
1311 3471 1378 3527 de
1408 3488 1488 3537 se,
1519 3474 1645 3544 quis
1674 3473 1765 3540 sit,
1807 3483 1861 3527 et
1884 3488 2047 3542 quam

483 3567 659 3621 fausta
699 3572 755 3620 et
785 3580 848 3618 ex
893 3578 1076 3618 eremo
1113 3561 1328 3625 afferat,
1366 3562 1639 3632 patefecit,
1682 3563 2050 3634 nonnullaque

482 3657 623 3711 forte
651 3654 704 3710 id
733 3668 906 3726 genus
927 3653 1032 3707 alia
1061 3652 1349 3722 adjiciens.
1373 3651 1614 3708 Tandem
1639 3663 1814 3723 rogat,
1841 3661 1898 3707 ut
1919 3668 2051 3723 prte-

481 3745 721 3816 ceptoris
749 3744 853 3802 sibi
883 3743 1090 3815 scripta
1131 3744 1361 3814 publicae
1401 3744 1653 3800 utilitatis
1695 3759 1862 3800 causa
1892 3745 2048 3799 exhi-

482 3839 626 3902 beat.
663 3845 722 3894 ut
763 3836 924 3896 nobis
951 3837 1186 3900 scilicet,
1229 3852 1368 3906 quos
1405 3845 1536 3890 tunc
1576 3836 1861 3891 ha>reticos
1888 3852 2050 3890 voca-

480 3926 594 3992 bat,
644 3940 949 3997 repugnare
986 3926 1330 3980 commodius
1383 3933 1590 3996 posset.
1641 3923 1852 3992 Quibus
1893 3937 2048 3995 capta

481 4013 663 4072 verbis
708 4011 934 4074 femina.
969 4029 1204 4082 eumque
1245 4029 1312 4068 ex
1356 4015 1464 4069 illis
1496 4031 1688 4080 unum,
1724 4018 1815 4087 qui
1846 4016 2050 4088 Apolli-

481 4106 623 4160 narii
665 4104 998 4164 sustinerent
1030 4115 1229 4176 partes,
1276 4115 1536 4175 reputans
1583 4107 1772 4164 libros.
1795 4109 2046 4179 praebuit,

482 4213 578 4254 eos
600 4207 785 4254 tamen
821 4196 926 4251 sibi
967 4197 1217 4252 celeriter
1253 4199 1470 4254 restitui
1513 4199 1831 4270 deprecans.
1881 4199 2051 4255 Caete-

481 4303 604 4345 rum
623 4303 852 4359 magnus
870 4288 1162 4354 bicJacob,
1178 4288 1483 4348 dementem
1505 4305 1566 4348 su
1574 4291 1860 4361 pplantans
1878 4293 2047 4356 Esau,

2150 3099 2334 3169 σχῆμα
2362 3098 2703 3170 πλασάμενος
2740 3102 2768 3153 6
2797 3099 2977 3167 σοφὸς.
3007 3099 3369 3170 προσέρχεται
3397 3101 3463 3168 τῇ
3495 3103 3733 3167 γυναικὶ

2147 3192 2212 3261 τῇ
2238 3189 2335 3253 τὰς
2358 3189 2570 3260 βίϐλους
2597 3190 2934 3262 φυλαττούσῃ
2973 3189 3070 3254 τάς
3101 3188 3379 3260 βεϐήλους,
3419 3191 3733 3260 ἀναγνωρι-

2149 3281 2392 3352 ζόμενος,
2430 3283 2523 3335 καὶ
2551 3282 2798 3350 εὐλογίας
2836 3284 2972 3354 αὐτῇ
3013 3283 3088 3346 ὼς
3114 3282 3222 3338 ἀπὸ
3257 3283 3356 3352 τῆς
3388 3285 3594 3354 ἐρήμου
3626 3302 3730 3337 κο-

2151 3374 2343 3444 μίζων,
2367 3374 2507 3444 τάχα
2533 3374 2589 3428 δὲ
2619 3375 2714 3430 καὶ
2743 3375 2906 3447 ἕτερά
2933 3393 3052 3428 τινα
3083 3375 3488 3446 τεχναζόμενος.
3525 3376 3731 3429 ’Ὕστε-

2151 3481 2242 3534 ρον
2269 3460 2363 3520 οὖν
2415 3465 2645 3518 ἱκετεύει
2696 3465 2915 3535 δοθῆναι
2944 3465 3092 3535 αὑτῷ
3135 3467 3309 3543 χάριν⁴
3329 3466 3614 3536 ὠφελείας,
3645 3469 3731 3530 ὡς

2149 3556 2322 3625 ἔλεγε,
2353 3556 2423 3610 τὰ
2448 3556 2539 3612 τοῦ
2591 3557 2905 3612 διδασκάλου
2940 3557 3363 3628 συγγράμματα,
3400 3579 3471 3622 ως
3502 3559 3569 3612 ἂν
3610 3562 3732 3623 τοῖς

2148 3652 2455 3720 αίρετικοῖς,
2482 3651 2629 3720 ἡμᾶς
2669 3649 2809 3702 οὓτω
2839 3648 2995 3720 δῆθεν
3009 3649 3313 3710 ἀποκαλῶν,
3341 3651 3732 3720 ἀντιφέρεσθαι

2149 3742 2392 3804 εὐπετῶς
2417 3741 2548 3813 ἔχοι.
2584 3742 2649 3793 Ἡ
2672 3741 2728 3794 δὲ
2750 3741 2840 3794 τὸν
2869 3739 2992 3794 νοῦν
3019 3741 3118 3794 οὐκ
3134 3742 3610 3815 ὲμφω[τισ]θεῖσα,
3628 3746 3732 3797 καὶ

2147 3835 2255 3888 τῶν
2275 3834 2374 3904 τῆς
2408 3835 2779 3904 Ἀπολιναρίου
2807 3834 3112 3905 συμμορίας
3134 3837 3226 3888 καὶ
3245 3835 3428 3888 τοῦτον
3454 3829 3594 3887 εἶναι
3625 3853 3730 3900 φε-

2148 3927 2483 3991 νακισθεῖσα,
2503 3928 2601 3989 τὰς
2623 3925 2834 3997 βίϐλους
2855 3928 3178 3998 παρέσχετο,
3200 3928 3420 3999 ταχινὴν
3440 3925 3730 3994 ἀξιώσασα

2149 4018 2246 4090 τὴν
2267 4019 2470 4074 τούτων
2503 4018 2756 4096 γενέσθαι
2802 4020 3166 4091 ἀποστροφήν.
3197 4019 3256 4072 '0
3275 4019 3329 4071 δὲ
3361 4019 3530 4088 μέγας
3566 4014 3730 4080 οὗτος

2161 4113 2376 4175 Ἰακὼϐ.
2406 4112 2495 4166 τὸν
2527 4113 2749 4183 βέϐηλον
2775 4111 3273 4182 πτερνίσαςἩσαῦ,
3299 4113 3390 4166 καὶ
3419 4112 3485 4166 τὰ
3507 4112 3728 4182 πονηρὲ

2149 4205 2467 4277 πρωτότοκα
2512 4203 2622 4260 τῶν
2677 4204 2864 4257 τούτου
2924 4204 3208 4274 νοημάτων
3275 4201 3450 4256 λαϐὼν
3468 4245 3483 4267 ,
3540 4205 3728 4271 cogi);

2151 4296 2424 4368 ὑπεξῆλθε
2445 4317 2460 4329 ·
2487 4297 2682 4366 φύλλον
2709 4299 2816 4368 γὰρ
2848 4296 3030 4366 φύλλῳ
3060 4295 3426 4367 προσπτύξας,
3450 4295 3633 4366 ίχθύος
3661 4313 3725 4347 τε

483 4396 548 4434 ac
584 4381 852 4452 flagitiosa
893 4383 990 4440 illa
1037 4382 1402 4452 primogenita
1449 4385 1693 4453 rapiens,
1751 4387 2047 4455 prudenter

2152 4389 2316 4462 κόλλῃ
2345 4389 2406 4442 τὸ
2439 4391 2544 4443 πᾶν
2570 4389 2924 4459 καταχρίσας,
2956 4389 3030 4452 ὡς
3055 4387 3114 4440 ἓν
3151 4389 3374 4441 πυκτίον
3402 4388 3461 4440 τὸ
3489 4388 3598 4439 πᾶν
3622 4387 3728 4455 τῆς

483 4474 792 4544 oppressit;
833 4488 957 4528 nam
994 4475 1162 4548 piscis
1204 4474 1416 4548 glutino
1459 4490 1650 4536 omnes
1703 4478 1942 4538 illinens.
1973 4480 2047 4534 ita

485 4565 675 4625 folium
706 4564 840 4625 folio
881 4568 1196 4636 connexuit,
1231 4576 1288 4622 ut
1315 4584 1439 4622 cum
1481 4585 1610 4639 pars
1647 4586 1753 4637 una
1778 4571 1849 4626 ab
1879 4573 2048 4626 altera

483 4659 555 4715 ob
588 4657 799 4718 ﬁrmam
831 4658 1274 4730 cenjnnctionem
1315 4661 1472 4729 plane
1515 4663 1728 4732 sejungi
1775 4664 2046 4734 nequiret,

485 4751 540 4806 in
573 4765 734 4810 unam
765 4752 921 4820 quasi
961 4753 1205 4806 tabulam
1239 4753 1439 4822 singuli
1473 4753 1594 4806 libri
1621 4765 1945 4823 apparerent
1964 4771 2050 4812 re-

484 4841 651 4897 dacti.
678 4840 874 4912 Sicque
910 4858 1004 4898 eos
1053 4844 1289 4905 mulieri,
1324 4860 1354 4897 a
1389 4858 1492 4916 qua
1522 4846 1863 4902 commodata
1901 4862 2052 4903 aere-

483 4941 660 5003 perat,
689 4932 923 4988 reddidit
951 4952 963 4990 :
994 4950 1115 5003 quae
1143 4934 1361 5004 quidem
1390 4934 1606 4988 artificii
1651 4935 1941 5004 ejusmodi,
1972 4941 2048 5005 uti

2155 4482 2335 4554 βίϐλου
2363 4481 2783 4552 κατειργάσατο.
2806 4481 3028 4554 θάτερον
3061 4483 3219 4553 μέρος
3240 4480 3465 4551 θατέρου
3491 4479 3727 4534 διασπα-

2156 4576 2346 4646 σθῆναι
2361 4574 2465 4628 ὑπὸ
2488 4573 2580 4628 τοῦ
2600 4573 2828 4645 σφοδροῦ
2845 4574 3138 4645 συνδέσμου
3161 4573 3234 4644 μὴ
3253 4571 3722 4642 συγχωρούμενον.

2154 4665 2339 4730 Οὕτως
2362 4667 2481 4729 ταῖς
2519 4666 2640 4720 δυσὶ
2669 4666 3063 4736 τεχνασάμενος
3094 4664 3294 4735 βίϐλοις
3313 4703 3327 4728 ,
3364 4666 3431 4734 τῇ
3467 4664 3724 4734 χρησάσῃ

2156 4759 2318 4814 πάλιν
2364 4759 2776 4813 άνταπέδωκενο
2824 4759 2881 4830 ἣ,
2934 4755 3023 4812 οἷα
3074 4759 3231 4828 γυνὴ,
3263 4756 3494 4810 καὶτῶν
3539 4757 3723 4824 σοφῶν

2153 4853 2378 4920 ἄπειρος
2405 4851 2712 4921 νοημάτων,
2737 4849 2836 4920 τὴν
2885 4849 3145 4920 πρόσοψιν
3172 4847 3374 4903 τούτων
3406 4846 3551 4901 σώαν
3591 4848 3722 4900 θεα-

2156 4943 2384 5014 σαμένη,
2417 4941 2656 5014 περὶτοῦ
2698 4941 2891 5012 βάθους
2918 4941 3018 4995 οὐκ
3041 4940 3480 5012 ἡκριϐολόγησεν.

484 5026 700 5092 mulier,
731 5027 936 5098 ignara,
954 5043 1078 5083 cum
1115 5027 1345 5084 formam
1380 5028 1694 5084 eorumdem
1721 5034 2049 5094 exteriorem
2114 5038 2317 5091 salvam
2354 5044 2628 5104 cerneret,
2677 5037 2811 5106 quid
2861 5035 3196 5092 intrinsecus
3255 5042 3440 5097 esset,
3479 5032 3718 5102 diligen-

487 5119 597 5174 tius
629 5119 900 5192 inspicere
927 5120 1184 5192 neglexit.

559 5207 684 5262 Dies
711 5225 839 5266 vero
859 5209 1002 5267 baud
1033 5212 1108 5263 ita
1131 5210 1285 5264 multi
1312 5211 1480 5281 elapsi
1514 5221 1690 5278 erant,
1722 5229 1846 5270 cum
1866 5217 2055 5274 ortho-

489 5299 650 5354 doxis
679 5299 1006 5370 quibusdam
1042 5300 1218 5358 defert
1254 5310 1482 5360 sanctus
1521 5318 1712 5371 senex,
1741 5318 1814 5362 ut
1853 5310 2056 5379 Apoliiv

491 5387 704 5439 narium
751 5387 1018 5450 accirent.
1049 5398 1103 5444 et
1134 5405 1258 5448 cum
1298 5404 1362 5444 eo
1402 5406 1686 5449 sermones
1717 5399 2051 5458 conferrent.

491 5475 547 5530 In
572 5476 838 5547 judicium
881 5480 1064 5552 itaque
1097 5490 1343 5549 vocatus,
1391 5483 1571 5554 impiis
1604 5486 1712 5542 illis
1759 5490 1910 5548 libris
1947 5490 2055 5548 fre-

572 5662 615 5694 ¹⁹
646 5659 784 5718 Gen.
809 5680 932 5730 xxv,
969 5666 1071 5733 25;
1095 5681 1260 5728 xxvu,
1311 5667 1325 5718 l
1357 5682 1482 5734 sqq.

2233 5214 2488 5286 Ἦμερῶν
2509 5214 2565 5268 δὲ
2603 5214 2664 5268 οὐ
2694 5213 2834 5268 πάνυ
2869 5212 3075 5283 συχνῶν
3101 5211 3444 5273 διελθουσῶν,
3473 5212 3586 5266 τισὶ
3609 5214 3717 5267 τῶν

2151 5306 2443 5378 ὀρθοδόξων
2479 5305 2797 5376 ὑποτίθησιν
2825 5308 2854 5359 6
2878 5305 3018 5368 θεῖος
3046 5303 3356 5375 πρεσϐύτης
3379 5344 3393 5366 ,
3419 5305 3511 5360 τὸν
3545 5306 3712 5375 ἀσεϐῆ

2151 5399 2374 5454 καλέσαι
2416 5399 2782 5469 Ἀπολινάριον
2809 5399 3206 5469 διαλεξόμενον.
3242 5399 3298 5452 Ὀ
3322 5399 3377 5452 δὲ
3416 5400 3515 5469 τὴν
3547 5399 3712 5470 πρόσ-

2150 5491 2354 5562 κλησιν
2379 5490 2703 5561 δεξάμενος,
2749 5493 2841 5546 καὶ
2903 5493 3020 5556 ταῖς
3066 5491 3248 5557 ἀθέοις
3303 5492 3467 5546 αὐτοῦ
3513 5492 3712 5563 βίϐλοις
