3850 6462
139 377 236 434 ειι

1149 371 1238 426 DF.
1270 371 1433 428 Vl'l'A
1475 369 1532 426 S.
1574 364 1828 422 PATRIS
1864 364 2169 421 EPIIRIEM
2205 364 2386 421 SYRI.

3266 361 3372 420 842

135 489 366 562 θαρρῶν,
397 490 477 552 εἰς
506 487 604 560 τὴν
634 487 827 559 κυρίαν
856 486 1134 558 ἀπήντησε
1167 527 1181 551 ,
1229 489 1322 540 καὶ
1359 485 1700 553 διαλέγεσθαι

1820 493 1916 547 :us,
1949 481 2016 534 ad
2069 488 2270 535 statuat
2298 480 2440 535 diem
2474 473 2639 543 venit,
2681 493 2745 533 ac
2785 477 2970 534 dicere
3008 478 3226 548 quidem
3275 495 3374 552 pro

140 582 238 652 μὲν
275 581 432 643 αὐτὸς
459 581 536 644 ὼς
571 581 720 650 γήρα
745 579 1068 650 τρυχωθεὶς,
1108 580 1428 650 ἀπηνήνατο
1447 595 1461 608 ο
1494 577 1591 640 τὰς
1617 577 1695 629 ol—

138 672 289 737 κείας
332 673 551 742 βίϐλους
603 671 1076 744 προκομισθῆναι,
1111 671 1206 725 καὶ
1245 671 1312 724 δι’
1349 671 1529 725 αὐτῶν
1564 672 1703 723 ἀπο-

136 768 413 837 κρίνασθαι
447 766 542 820 καὶ
597 764 903 833 ἀντιλέγειν
933 766 1111 835 ἠξίου.
1154 765 1240 828 Ὧς
1288 759 1382 817 οὖν
1423 765 1473 816 οἱ
1512 763 1702 816 τούτου

140 859 444 930 συμμύσται
487 859 587 921 τάς
620 857 836 928 βίϐλους
874 859 1157 928 ἐκόμισαν,
1199 857 1448 928 μεγάλως
1482 855 1568 909 ἐπ’
1607 855 1704 907 αὐ-

137 953 255 1012 ταῖς
295 948 708 1018 βρενθυόμενοι·
741 946 920 1000 λαϐὼν
957 948 1162 1011 ἐκεῖνος
1193 948 1220 1000 6
1253 942 1705 1012 πεπαλαιωμένος

141 1041 315 1093 κακῶν
341 1039 563 1111 ἡμερῶν
594 1041 693 1109 τῆς
720 1039 934 1101 ἀδικίας
959 1039 1170 1110 κριτὴς,
1202 1036 1300 1107 τὴν
1343 1036 1472 1106 μίαν
1508 1033 1704 1104 βίϐλων

139 1131 433 1196 ἀναπτύξαι
466 1131 760 1201 ἐπεχείρει.
805 1129 896 1192 Ὠς
939 1129 994 1182 δὲ
1025 1129 1126 1182 ούκ
1161 1129 1392 1181 ἐνεδίδου
1430 1130 1497 1197 τῇ
1541 1125 1704 1196 κόλλῃ

141 1223 434 1284 πιεσθεῖσα,
458 1224 586 1292 περὶ
607 1221 668 1275 τὸ
697 1221 860 1292 μέσον
891 1219 1095 1292 ταύτης
1108 1220 1207 1292 τὴν
1230 1219 1406 1290 ὁρμὴν
1435 1220 1666 1271 ἐποιεῖτο
1689 1232 1700 1243 ·

140 1317 174 1385 ἡ
201 1316 256 1368 δὲ
283 1313 480 1384 ὁμοίως
513 1307 581 1383 ῆν
621 1313 1027 1383 ἀνεπτυγμένη.
1071 1311 1159 1374 Ὠς
1195 1301 1324 1379 γοῦν
1349 1310 1450 1379 τῆς
1483 1307 1705 1378 πρώτης

138 1407 450 1477 ἠστόχησεν,
477 1405 574 1458 ἐπὶ
597 1405 696 1474 τὴν
721 1404 981 1475 δευτέραν
1007 1401 1191 1456 λοιπὸν
1225 1401 1491 1471 ἐχώρησε,
1519 1399 1612 1451 καὶ
1643 1396 1706 1468 δὴ

140 1499 232 1551 καὶ
262 1497 430 1568 αὐτὴν
466 1495 596 1565 ὃλην
639 1494 949 1565 ἀδιαίρετον
993 1493 1089 1547 καὶ
1130 1493 1352 1554 πάντως
1382 1490 1706 1544 ἀνύπεικτον

139 1587 383 1653 κατιδὼν,
423 1589 490 1657 τῇ
523 1587 622 1657 μὲν
644 1585 874 1656 αἰσχύνῃ
906 1585 970 1638 τὺ
995 1584 1290 1655 πρόσωπον
1314 1580 1610 1652 ἠλλοιώθηο
1643 1583 1705 1650 τῇ

136 1678 337 1749 ἀπορία
377 1677 436 1730 δὲ
457 1718 472 1742 ,
502 1677 600 1747 τὴν
629 1675 806 1747 ψυχὴν
847 1674 1142 1744 ἐξεπλάγη,
1175 1673 1269 1726 καὶ
1301 1671 1394 1725 τοῦ
1433 1669 1706 1739 συνεδρίου

139 1770 421 1844 χωρισθεὶς
451 1770 480 1821 ὁ
510 1769 802 1847 παραπλῂξ
847 1767 1056 1839 ἀθυμίᾳ
1097 1766 1191 1820 καὶ
1221 1765 1361 1834 νόσῳ
1384 1803 1398 1824 ,
1443 1763 1533 1816 καὶ
1555 1761 1710 1824 τέλος

137 1863 350 1932 θανάτῳ
387 1862 750 1932 προσήγγισε,
785 1860 885 1931 τὴν
919 1859 1075 1929 ὓϐριν
1101 1859 1200 1911 οὐκ
1231 1853 1490 1922 ὲνεγκών.

1805 585 1882 631 se,
1924 569 2070 639 quod
2113 571 2264 640 gravi
2298 569 2411 638 jam
2451 575 2789 638 premeretur
2823 568 2999 631 senio,
3031 570 3246 636 renuit;
3275 585 3374 640 po-

1805 661 2142 730 stulavitque
2171 660 2294 716 ideo
2332 660 2438 716 sibi
2475 660 2705 731 proferri
2733 661 2922 724 libros,
2955 669 3017 716 ut
3041 677 3108 717 ex
3150 662 3258 716 illis
3283 678 3372 718 re-

1805 756 2075 824 spondere
2122 760 2341 823 posset,
2388 762 2550 821 atque
2603 752 3000 808 contradicere.
3057 752 3195 808 Cum
3245 770 3375 822 ergo

1811 847 1974 901 istius
2012 845 2276 900 delatoris
2331 845 2466 898 socii
2509 843 2802 898 frementes
2834 844 2888 898 in
2927 843 3163 898 medium
3206 846 3375 899 libros

1809 938 2220 1007 produxissent,
2260 936 2596 990 inveteratus
2626 935 2715 989 ille
2750 935 2961 990 dierum
2994 938 3259 991 malorum
3291 938 3376 990 in—

1803 1029 2036 1098 justitize
2061 1027 2250 1099 iudex,
2284 1041 2452 1080 unum
2483 1042 2548 1081 ex
2576 1026 2643 1081 iis
2670 1026 2727 1080 in
2749 1041 2943 1081 manus
2974 1042 3217 1091 sumens,
3250 1042 3377 1095 ape.

1805 1121 1918 1174 rire
1970 1128 2133 1190 atque
2169 1117 2442 1187 explicare
2481 1117 2776 1172 nitebatur.
2821 1115 2926 1172 Sed
2969 1119 3115 1188 quod
3165 1119 3377 1188 glutino

1808 1218 2007 1264 unctus
2041 1225 2150 1265 non
2196 1209 2432 1274 cederet,
2467 1209 2531 1263 ad
2573 1218 2783 1279 partem
2821 1209 2942 1278 ejus
2972 1209 3202 1264 mediam
3247 1225 3377 1280 ape—

1811 1301 2056 1356 riendam
2093 1308 2178 1356 est
2211 1313 2535 1369 aggressus;
2568 1315 2798 1369 eamque
2830 1301 3001 1369 ipsam
3027 1301 3215 1355 eodem
3249 1316 3380 1354 con-

1811 1393 2134 1464 glutinatam
2177 1395 2338 1446 modo
2381 1393 2608 1446 invenit.
2641 1390 2824 1459 Quare
2859 1408 2957 1448 sua
2982 1393 3072 1446 illa
3107 1403 3171 1448 ex
3199 1393 3382 1470 priore

1810 1485 1953 1540 libro
1985 1483 2284 1538 frustratus
2313 1499 2431 1554 spe,
2469 1485 2537 1538 ad
2582 1485 2812 1540 alterum
2845 1500 2904 1540 se
2935 1485 3187 1549 contulit,
3216 1501 3378 1555 quem

1812 1578 2028 1647 quidem
2075 1585 2248 1630 totum
2290 1576 2366 1631 ita
2416 1577 2647 1631 llrmiter
2682 1591 2988 1631 connexum
3037 1593 3291 1641 cernens,
3324 1587 3384 1630 ut

1813 1685 2044 1741 prorsus
2076 1671 2336 1740 explicari
2374 1671 2624 1740 nequiret
2643 1710 2659 1734 ,
2688 1679 2841 1726 tanto
2871 1673 3068 1728 rubore
3096 1681 3259 1742 atque
3281 1689 3382 1742 pu-

1815 1761 1948 1816 dore
1977 1762 2221 1817 suﬂ'usus
2249 1770 2353 1825 est,
2389 1765 2682 1833 animoque
2710 1778 2882 1833 usque
2919 1765 3056 1818 adeo
3096 1766 3380 1835 perturba-

1735 1850 1775 1905 B
1808 1859 1919 1915 tus,
1954 1861 2012 1906 ut
2051 1867 2118 1907 ex
2155 1867 2222 1906 eo
2248 1869 2510 1909 consessu
2539 1855 2750 1920 abiens,
2783 1856 2939 1924 quasi
2984 1857 3180 1911 mentis
3219 1865 3384 1926 atque

135 1955 352 2010 consilii
384 1955 566 2024 inops,
599 1965 654 2008 et
673 1955 1040 2012 exanimatus.
1071 1952 1126 2005 in
1149 1951 1396 2005 morbum
1426 1947 1715 2018 prolapsus
1752 1945 1846 2007 sit,
1885 1946 2141 2017 illamque
2169 1947 2480 2018 ignominiaa
2509 1958 2693 2002 notam
2733 1948 2807 2002 ita
2858 1964 2999 2020 aegre
3041 1964 3105 2003 ac
3157 1951 3384 2006 moleste

137 2053 282 2114 tulit,
309 2060 370 2104 ut
404 2065 594 2119 parum
631 2049 923 2105 admodum
965 2048 1222 2111 abfuerit,
1253 2047 1383 2116 quin
1419 2053 1533 2098 tum
1565 2053 1793 2097 mortem
1821 2042 2015 2110 obiret.

204 2142 462 2205 Τοιοῦτος
496 2137 566 2213 ἦν
605 2141 702 2194 καὶ
735 2141 873 2212 πρὸς
917 2141 1009 2193 τὸν
1041 2140 1138 2210 τῆς
1179 2137 1460 2200 εὐσεϐείας
1488 2134 1648 2205 ζῆλον
1681 2136 1709 2187 6

137 2229 310 2298 μέγας
359 2228 542 2302 πατὴρ
578 2229 738 2299 ήμῶν
799 2229 892 2283 καὶ
941 2228 1259 2291 διδάσκαλος
1308 2227 1548 2296 Ἐφραῖμ
1581 2243 1594 2256 ·
1654 2227 1711 2276 ἐν

128 2322 318 2385 ἄλλοις
344 2323 440 2391 μὲν
478 2322 541 2374 τὸ
572 2322 752 2392 πρᾶον
780 2323 875 2374 καὶ
905 2321 1146 2384 ἐπιεικὲς
1173 2319 1599 2388 ἐνδεικνύμενος,
1622 2317 1710 2370 ὅτε

135 2415 213 2484 μὴ
245 2413 408 2483 χρεία
443 2412 674 2483 πολέμου
701 2426 717 2441 ·
751 2413 809 2464 ὲν
844 2412 1026 2474 ἄλλοις
1060 2411 1118 2465 δὲ
1161 2411 1222 2464 1:6
1250 2409 1449 2480 στύφον
1487 2409 1581 2462 καὶ
1612 2408 1710 2460 αὐ-

134 2505 356 2575 στηρὸν,
406 2505 495 2558 ὅτε
537 2504 773 2573 μάλιστα
812 2504 942 2574 περὶ
983 2504 1083 2574 τήν
1127 2505 1309 2555 πίστιν
1361 2503 1390 2554 6
1432 2499 1708 2562 κίνδυνος,

131 2596 313 2648 πάντα
348 2611 530 2664 σοφως
560 2595 983 2665 μετερχόμενος,
1024 2594 1120 2646 καὶ
1145 2591 1219 2655 ὼς
1246 2594 1275 2644 6
1300 2591 1490 2662 καιρὸς
1521 2590 1706 2642 ἐδεῖτο.

129 2687 247 2740 Καὶ
274 2688 384 2756 γὰρ
419 2689 515 2739 καὶ
556 2686 716 2739 τοῦτο
743 2686 852 2738 τῶν
887 2685 1097 2738 πολλῶν
1129 2683 1293 2737 αὑτοῦ
1331 2682 1589 2753 νηστειῶν
1619 2683 1712 2735 καὶ

130 2777 410 2847 δακρύων,
443 2777 536 2830 καὶ
559 2776 996 2831 ἀκαταπαύστων
1016 2777 1114 2829 οὐκ
1135 2775 1354 2828 ἔλαττον
1377 2773 1708 2844 προσευχῶν·

125 2869 160 2920 6
219 2867 361 2919 κατά
405 2866 539 2918 Θεὸν
586 2866 730 2934 λέγω
777 2865 970 2936 ζῆλος,
1024 2866 1223 2936 μᾶλλον
1281 2865 1376 2931 δὲ,
1435 2865 1528 2918 καὶ
1575 2866 1713 2934 ὑπὲρ

128 2961 319 3012 ἐκεῖνα
338 2974 352 2988 ·
380 2960 504 3012 ὅσον
532 2960 668 3012 αὐτὰ
701 2959 800 3030 μὲν
822 2960 902 3022 είς
935 2959 1096 3028 μόνον
1127 2959 1217 3011 τὸν
1260 2958 1531 3028 δράσαντα
1552 2974 1677 3028 περι
1700 2988 1711 2999 -

137 3049 318 3122 ορίζει
350 3050 448 3121 τὴν
494 3051 683 3120 ὄνησιν
707 3067 723 3082 ·
777 3052 952 3104 ὲκεῖνο
973 3050 1030 3102 δὲ
1062 3050 1199 3120 πρὸς
1231 3049 1414 3120 κοινὴν
1449 3049 1712 3104 διαϐαίνει
1740 3043 1781 3097 C

125 3142 424 3212 ὠφέλειαν.
475 3140 691 3212 Ἐπειδὴ
720 3141 812 3194 τὸν
842 3141 1006 3196 καλὸν
1035 3139 1304 3213 θηρευτὴν
1329 3143 1358 3194 6
1383 3140 1588 3211 ἀληθὴς
1624 3141 1710 3193 λὸ-

127 3251 231 3302 γος
253 3233 391 3304 πρὸς
417 3231 486 3286 τά
512 3233 723 3304 μάχιμα
751 3232 1031 3303 δοκιμάζει
1063 3231 1244 3302 θηρία,
1271 3232 1359 3284 καῖ
1387 3231 1480 3284 τὸν
1512 3231 1714 3298 ἀγαθὸν

129 3323 482 3393 κυϐερνήτην
513 3322 652 3393 πρὸς
692 3321 1078 3384 ἀντιπνέοντας
1109 3319 1189 3390 τῷ
1231 3320 1400 3390 πλοίῳ
1437 3320 1671 3389 ἀνέμους
1697 3360 1712 3384 ,

129 3416 231 3468 καὶ
256 3413 349 3467 τὸν
387 3413 756 3483 σοφὸνιίατρὸν
794 3411 930 3484 πρὸς
955 3411 1023 3466 τὰ
1045 3411 1270 3465 δυσίατα
1300 3411 1466 3482 πάθη,
1503 3412 1597 3464 κα)⁵
1625 3412 1716 3464 τὸν

128 3507 387 3573 γενναῖον
427 3505 764 3576 στρατιώτην
789 3504 925 3573 πρὸς
949 3504 1329 3574 ἀντικειμένην
1355 3504 1578 3575 βαρεῖαν
1610 3522 1714 3556 πα-

129 3598 387 3671 ράταξιν,
425 3600 520 3650 καὶ
556 3597 650 3650 τὸν
693 3596 980 3652 σπουδαῖον
1008 3597 1103 3650 καὶ
1127 3597 1373 3668 ζηλωτὴν
1402 3596 1680 3660 εὐσεϐείας
1699 3636 1714 3657 ,

128 3691 193 3741 ἐν
223 3690 380 3758 ἀκμῇ
411 3687 674 3742 κινδύνων
701 3691 797 3741 καὶ
825 3687 1133 3750 δυσκολίας,
1160 3688 1308 3750 ὅπως
1328 3688 1518 3741 ἑαυτόν
1541 3704 1601 3740 τε
1626 3688 1719 3740 καὶ

129 3782 262 3840 τοὺς
312 3779 504 3843 ἀλλους
543 3780 792 3850 ὲκσπάσῃ
824 3782 887 3832 ὲκ
920 3782 1018 3850 τῆς
1045 3779 1364 3849 ἐπιϐουλῆς.
1407 3781 1524 3833 Ούκ
1573 3779 1719 3832 ἐστιν

128 3868 235 3924 οὖν
267 3867 412 3934 εἶδος
435 3870 613 3941 εὑρεῖν
635 3871 843 3940 ἀρετῶν
866 3873 1013 3940 παρά
1028 3888 1137 3923 τισι
1154 3870 1320 3924 πάλαι
1343 3870 1718 3941 φιλοπονηθὲν,

129 3963 196 4016 τὸ
229 3964 310 4033 μὴ
343 3963 437 4016 καὶ
463 3963 522 4015 ὲν
549 3963 724 4032 τούτῳ
751 3963 1112 4032 κατορθωθέν.
1147 3963 1380 4017 Είκάσαι
1405 3961 1462 4014 δὲ
1491 3963 1590 4033 τὴν
1620 3963 1718 4015 αύ-

127 4053 230 4105 τοῦ
266 4051 450 4122 ψυχὴν
492 4050 610 4104 ἐστι
638 4051 821 4122 πηγὴν
852 4052 1122 4114 παντοίοις
1165 4052 1432 4124 βρύουσαν
1465 4053 1719 4122 νάμασιν,

124 4140 386 4212 ὠφελείᾳ
411 4141 505 4195 καὶ
533 4141 829 4211 γλυκύτητι
860 4141 952 4194 καὶ
980 4141 1168 4213 τέρψει
1212 4141 1681 4213 καθωραῐσμένοις
1705 4157 1718 4171 ·

128 4235 166 4302 ἢ
198 4232 449 4302 λειμῶνα
479 4233 814 4302 κυπρίζοντα
851 4233 1111 4297 ποικίλοις
1136 4233 1590 4303 ἀρωματίζουσαν
1619 4234 1718 4287 άν-

130 4323 293 4376 θεσιν
319 4338 333 4352 ·
368 4322 402 4392 ἢ
441 4323 666 4394 ούρανὸν
705 4323 945 4390 ἐπίγειον
971 4323 1246 4394 διαφόροις
1272 4323 1588 4394 λαμπτῆρσι
1626 4339 1722 4375 πε-

130 4413 522 4483 ποικιλμένον,
658 4413 1017 4485 παράδεισον·
1073 4407 1185 4466 οἷον
1233 4413 1450 4475 ἀκούεις
1490 4413 1580 4466 τὸν
1622 4414 1722 4483 τῆς

145 4503 326 4574 Ἐδὲμ
360 4505 608 4575 ἀπείροις
657 4507 954 4576 ἐγκάρποις
1009 4506 1398 4577 ἀγλαῖζόμενον
1446 4505 1682 4578 δένδροις
1709 4523 1722 4535 ο

127 4593 282 4664 πλὴν
319 4593 397 4664 μὴ
441 4594 602 4664 βατὸν
647 4596 768 4664 ὄφει
809 4595 1198 4666 πονηροτάτῳ,
1241 4595 1464 4666 καὶτῆς
1513 4597 1727 4665 ὲξορίας

128 4684 394 4756 προξένῳ
414 4702 430 4717 ·
463 4686 496 4755 ἢ
524 4687 574 4738 εί
597 4687 724 4740 ἄλλο
759 4704 812 4740 τι
843 4686 951 4739 τῶν
981 4686 1159 4740 καλῶν
1188 4687 1282 4740 καὶ
1308 4687 1559 4758 τερπνῶν
1596 4688 1725 4741 πολ-

127 4776 250 4839 λοῖς
289 4778 388 4829 καὶ
414 4777 690 4845 διαφόροις
722 4777 944 4846 ἀγαθοῖς
969 4779 1002 4849 ή
1033 4777 1194 4846 φύσις
1221 4777 1484 4848 τετίμηκε
1511 4795 1524 4808 ·
1546 4779 1726 4832 τοιαύ-

125 4884 238 4935 την
279 4863 424 4920 εἶναι
459 4867 672 4936 λογίζου
706 4871 804 4939 τὴν
840 4869 932 4922 τοῦ
964 4869 1198 4938 μεγάλου
1259 4869 1498 4940 Ἐφραίμ
1555 4888 1732 4940 μακα-

129 4955 269 5028 ρίαν
300 4954 502 5025 ψυχὴν,
537 4957 756 5019 πολλαῖς
782 4958 991 5028 ἀρετῶν
1017 4957 1184 5021 ίδέαις
1206 4958 1468 5012 πάντοθεν
1500 4959 1731 5013 κυκλου-

129 5045 344 5117 μένην.
381 5046 630 5118 Μελέτην
677 5047 786 5118 γάρ
815 5050 842 5100 6
887 5048 1189 5119 θαυμάσιος
1236 5049 1325 5102 διὰ
1371 5049 1486 5120 βίου
1533 5052 1731 5113 παντὸς

125 5135 418 5206 θέμενος,
450 5138 550 5207 τήν
597 5138 783 5209 ὀλικὴν
837 5139 1140 5210 κτήσασθαι
1185 5141 1406 5211 ἀρετὴν,
1439 5142 1506 5193 τὰ
1551 5143 1727 5196 πάντα

124 5228 454 5282 ἐσπούδασε
490 5230 647 5299 μόνος
679 5229 997 5301 περιλαϐεῖν
1032 5233 1442 5303 προτερήματα.

1886 2133 2034 2190 Talis
2067 2145 2247 2191 autem
2280 2136 2499 2206 pietatis
2534 2138 2651 2192 zelo
2689 2138 2900 2192 exstitit
2931 2155 3160 2208 magnus
3196 2150 3385 2195 nos‘ter

1809 2234 1968 2295 pater
1991 2235 2046 2282 et
2091 2227 2288 2282 doctor
2313 2228 2373 2282 S.
2399 2227 2674 2298 Ephrmm,
2714 2243 2839 2282 nam
2869 2229 3005 2283 alias
3038 2238 3381 2285 mansuetum

1809 2333 1868 2372 se
1900 2319 2147 2387 praebens
2176 2335 2240 2374 ac
2273 2321 2481 2386 mitem,
2508 2335 2631 2374 rum
2657 2321 2806 2375 nulla
2835 2321 3148 2377 decertandi
3193 2339 3384 2378 neces-

1808 2408 1944 2463 sitas
1975 2419 2194 2480 urgeret
2225 2428 2238 2464 :
2268 2411 2408 2464 alias
2443 2410 2698 2465 acerbum
2730 2426 2794 2465 ac
2828 2426 3071 2480 gravem,
3099 2427 3224 2466 cum
3259 2412 3382 2466 ﬁdei

1810 2501 2116 2568 periculum
2164 2501 2496 2567 immineret,
2531 2513 2730 2557 cuneta
2776 2502 3071 2571 prudenter
3114 2518 3213 2573 pro
3248 2512 3386 2559 tem-

1808 2590 1959 2657 poris
1993 2592 2202 2645 ratione
2233 2591 2640 2648 moderabatur.
2681 2594 2744 2647 Et
2772 2610 2838 2649 ex
2865 2593 2974 2650 hoc
3006 2595 3224 2666 quidem
3255 2611 3384 2666 erga

1811 2679 1978 2734 Deum
2021 2683 2157 2746 zelo,
2188 2698 2296 2736 non
2335 2683 2519 2737 minus
2555 2699 2719 2753 quam
2751 2684 2820 2739 ob
2851 2685 3019 2738 multa
3053 2684 3286 2755 jejunia,
3320 2699 3386 2738 ac

1810 2772 2100 2842 lacrymas,
2125 2775 2526 2844 contiuuasque
2550 2789 2742 2844 preces
2771 2775 3238 2832 commendandus
3261 2786 3345 2830 est
3369 2794 3382 2828 :

1810 2874 1974 2933 atque
2009 2866 2150 2920 haud
2182 2868 2322 2930 scio,
2352 2883 2422 2921 an
2464 2877 2751 2937 propterea
2792 2867 2958 2921 etiam
3004 2867 3198 2936 magis,
3239 2867 3385 2936 quod

1820 2960 1923 3014 ista
1968 2959 2022 3013 in
2065 2975 2131 3014 eo
2163 2975 2273 3014 uno
2317 2960 2796 3025 concluderentur,
2847 2959 2936 3014 ille
2990 2959 3054 3012 ad
3096 2959 3386 3012 utilitatem

1815 3067 2028 3122 quoque
2106 3067 2454 3107 communem
2524 3051 2854 3121 pertinebat.
2916 3049 3385 3116 Quemadmodum

1812 3142 1957 3194 enim
1993 3156 2180 3195 verum
2238 3142 2471 3212 insignis
2515 3141 2747 3210 alicujus
2794 3140 3071 3195 venatoris
3111 3140 3388 3210 specimen

1813 3233 2122 3298 exhibetur,
2151 3246 2274 3286 cum
2300 3232 2587 3287 bellicosas
2627 3232 2936 3301 insequitur
2958 3229 3124 3295 feras,
3155 3231 3391 3300 bonique

1813 3322 2196 3392 gubernatoris
2222 3323 2398 3379 virtus
2430 3339 2487 3378 se
2505 3324 2689 3393 prodit
2711 3323 2763 3376 in
2789 3330 3115 3393 tempestate
3135 3322 3389 3384 adversa,

1817 3413 2013 3466 medici
2071 3411 2356 3482 prudentis
2408 3413 2460 3466 in
2513 3412 2860 3482 gravioribus
2916 3412 3142 3476 morbis,
3199 3411 3392 3466 militis

1817 3507 2022 3559 strenui
2058 3506 2111 3559 in
2147 3505 2268 3575 ipso
2304 3521 2500 3575 pugna:
2534 3505 2854 3560 discrimine
2882 3523 2894 3558 :
2931 3505 3004 3558 ita
3034 3520 3252 3574 quoque
3284 3503 3394 3573 pic-

1817 3597 1946 3651 tatis
1975 3612 2038 3651 ae
2059 3598 2341 3667 religionis
2372 3597 2678 3653 studiosum
2714 3598 2914 3660 virum,
2941 3611 3135 3666 magna
3163 3610 3228 3650 ae
3257 3595 3394 3650 ditii-

1819 3687 1943 3741 cilia
1977 3689 2218 3757 pericula
2248 3687 2565 3750 ostendunt,
2601 3702 2725 3741 cum
2763 3695 2818 3742 et
2855 3702 2935 3751 se,
2967 3694 3020 3740 et
3049 3686 3187 3741 alios
3213 3702 3280 3740 ex
3313 3687 3394 3740 in-

1821 3780 1980 3835 sidiis
2033 3782 2402 3851 periculisque
2452 3781 2664 3836 eximit.
2715 3779 2936 3834 Nullum
2995 3794 3126 3834 sane
3179 3779 3394 3832 virtutis

1821 3886 1993 3940 genus
2029 3887 2058 3924 a
2108 3873 2380 3926 veteribus
2419 3873 2692 3927 excultum
2733 3880 2838 3937 est,
2867 3871 2922 3925 in
2959 3885 3068 3940 quo
3100 3870 3188 3924 hic
3231 3869 3393 3923 etiam

1820 3977 1928 4015 non
1953 3963 2292 4018 excelluerit.
2325 3961 2506 4028 Quare
2551 3972 2605 4016 et
2635 3963 2875 4016 animum
2914 3963 3106 4032 ipsius,
3138 3961 3393 4016 utilitate.

1821 4051 2131 4113 dulcedine,
2158 4053 2505 4120 jucunditate
2540 4052 2948 4114 scalurientem,
2989 4049 3124 4105 fonti
3151 4065 3398 4120 quacun-

1821 4158 1927 4210 que
1951 4157 2212 4211 aquarum
2240 4143 2571 4198 abundantia
2597 4141 2782 4196 ﬂuenti
2810 4141 3042 4196 similem
3066 4139 3248 4194 dicere
3271 4155 3398 4210 pos-

1824 4250 2035 4296 sumus,
2089 4236 2173 4288 vel
2229 4241 2386 4305 prato
2447 4234 2682 4288 diversis
2744 4233 3116 4304 fragrantibus
3167 4233 3398 4287 ﬂoribus

1826 4325 2214 4393 resplendenti,
2247 4327 2329 4379 vel
2379 4326 2517 4379 cmlo
2553 4327 2718 4381 variis
2763 4325 3047 4381 stellarum
3100 4325 3400 4381 luminibus

1826 4417 2109 4481 distincto,
2142 4417 2223 4471 vel
2251 4416 2525 4486 paradiso,
2553 4432 2713 4486 quem
2745 4417 2797 4470 in
2831 4415 2995 4471 Edent
3025 4415 3194 4472 fuisse
3219 4416 3398 4480 audis,

1824 4509 2210 4564 innunterabili
2268 4509 2676 4564 fruetil'erarum
2731 4509 2991 4564 arborum
3035 4509 3193 4581 copia
3237 4509 3396 4564 deco-

1824 4608 1946 4651 rato
1997 4599 2109 4666 (ita
2161 4607 2342 4653 tamen
2373 4609 2432 4652 ιιι
2476 4600 2718 4671 serpenti
2761 4599 3022 4670 maligno,
3063 4599 3404 4654 communis-

1827 4705 1936 4759 que
1969 4689 2150 4744 exsilii
2191 4689 2427 4754 auctori,
2460 4691 2645 4745 nullus
2685 4694 2909 4746 oumino
2943 4690 2998 4744 in
3051 4705 3175 4745 eum
3221 4690 3403 4746 aditus

1827 4780 2046 4849 detur):
2083 4792 2176 4834 aut
2217 4781 2260 4835 si
2304 4781 2434 4851 quid
2465 4783 2610 4836 aliud
2660 4791 2972 4844 venustum.
3019 4797 3405 4852 ammnumque

1830 4874 2020 4928 multis
2057 4875 2333 4943 variisque
2373 4873 2534 4928 bonis
2571 4875 2952 4929 cobonestavit
2981 4882 3206 4938 natura;
3240 4873 3404 4927 talem

1829 4979 2046 5034 quoque
2079 4964 2297 5018 beatum
2323 4964 2472 5017 illum
2507 4967 2684 5034 magni
2717 4964 2964 5034 Ephraam
2990 4967 3253 5027 animum,
3285 4963 3377 5033 plu

1830 5058 1988 5111 rimis
2021 5057 2261 5126 undique
2283 5057 2546 5110 virtutum
2571 5059 2862 5127 generibus
2895 5068 3217 5111 exornatum
3254 5063 3404 5125 puta.

1835 5146 1972 5198 Nam
2005 5158 2221 5212 semper
2273 5145 2358 5196 vir
2396 5144 2485 5198 ille
2536 5144 2897 5200 admiratione
2934 5145 3153 5214 dignus,
3189 5142 3242 5195 itt
3286 5154 3406 5194 eam

1836 5235 2086 5290 incubuit
2118 5249 2330 5301 curam,
2379 5243 2438 5288 ut
2489 5235 2789 5305 perfectum
2847 5235 3268 5303 absolutumque
3310 5245 3402 5284 cu-

117 5319 320 5387 jusvis
343 5321 568 5390 generis
603 5321 864 5374 virtutmn
893 5323 1122 5376 chorum
1161 5324 1484 5391 possideret,
1522 5338 1584 5377 ac
1613 5325 1812 5393 quibus
1853 5327 2044 5396 reliqui
2078 5325 2310 5395 singulis
2347 5328 2800 5389 antecelluerunt,
2869 5342 2932 5381 ea
2992 5333 3191 5380 cuneta
3256 5323 3410 5379 solus

124 5416 262 5486 ipse
297 5423 714 5482 asscqueretur.

207 5507 331 5561 Τοῦ
363 5507 474 5577 γὰρ
505 5507 563 5559 ὲν
606 5506 836 5568 δικαίοις
865 5505 1082 5577 πρώτου
1119 5506 1283 5559 ’Λϐελ
1320 5507 1418 5576 τὴν
1457 5507 1732 5561 θεόλεκτον

135 5599 222 5662 ὡς
260 5599 451 5669 ἱερεὺς
485 5597 935 5666 ἐκμιμησάμενος
985 5599 1332 5668 προσφορὰν,
1380 5597 1479 5650 οὐκ
1517 5599 1580 5650 ἐκ
1615 5617 1733 5651 ποι-

127 5690 322 5758 μνίων
353 5689 595 5760 Θύματα,
627 5689 746 5741 οὐδὲ
779 5689 944 5760 στέαρ
967 5689 1152 5760 Κυρίῳ
1176 5691 1566 5759 προσήνεγκεν,
1600 5691 1733 5743 ἀλλὰ

126 5781 201 5836 θυ
214 5781 348 5839 τίαν
373 5781 731 5849 ἀναίμακτον,
753 5781 849 5850 τὴν
876 5780 1096 5850 λογικὴν
1125 5781 1396 5852 λατρείαν.
1425 5780 1538 5850 βίου
1567 5784 1736 5836 καθα-

498 5875 767 5930 l’n‘noL.
816 5874 932 5931 Gtt.
985 5874 1032 5930 Χ
1052 5873 1198 5932 LVI.

1913 5503 2188 5574 Siquidem
2227 5515 2283 5558 ut
2319 5507 2596 5568 sacerdos,
2628 5521 2751 5560 eum
2785 5506 2876 5576 qui
2921 5507 3063 5561 inter
3087 5507 3269 5577 justos
3301 5510 3412 5578 pri-

1840 5612 1965 5652 mus
2009 5606 2349 5662 recensetur,
2380 5598 2511 5652 Abel
2541 5599 2804 5661 imitatus.
2838 5617 2944 5652 non
2976 5617 3039 5654 ex
3076 5601 3258 5655 ovium
3288 5620 3409 5673 gre-

1838 5691 2018 5762 gibus,
2065 5706 2241 5760 neque
2289 5707 2356 5746 ex
2399 5692 2558 5760 adipe
2601 5692 2869 5747 sacrilicia
2915 5692 3146 5748 Domino
3188 5695 3410 5762 obtulit,

1841 5796 2027 5836 verum
2053 5781 2256 5850 absque
2280 5783 2562 5850 sanguine,
2595 5784 2914 5840 rationabile
2943 5787 3265 5856 obsequium
3286 5788 3412 5844 vita:

3018 5879 3091 5935 2L7
