3850 6394
497 291 609 349 845

1731 280 1790 335 S.
1848 277 2174 335 GREGOBII
2224 273 2514 331 NYSSENI

3644 279 3765 334 εει

506 407 744 478 puritate
773 399 1123 466 sacriﬁcavit,
1159 399 1234 455 'ea
1267 398 1537 452 duntaxat
1578 413 1635 452 re
1671 397 1804 451 Abel
1843 394 2082 451 dissimi-

2193 392 2375 464 ρότητι
2397 391 2685 446 όλοκαυτου
2695 389 2885 461 μένην,
2919 389 3169 444 τοσοῦτον
3194 391 3383 461 ἐκείνῳ
3407 391 3766 465 ἁμιλληθεὶςν

507 499 595 558 lis,
627 493 770 565 quod
799 508 828 546 a
859 492 1066 546 nefario
1096 489 1371 544 homicida
1404 496 1464 543 ut
1496 489 1585 542 ille
1625 495 1938 558 peremptus
1967 500 2077 539 non

504 586 691 645 fuerit,
719 582 812 637 sed
851 579 1056 634 inimici
1096 578 1361 632 daemonis
1389 576 1603 632 evitans
1633 575 1875 644 laqueos,
1917 585 2080 640 supe-

504 675 640 728 ratis
679 671 914 731 insidiis,
944 669 1012 722 ad
1041 669 1206 722 vitam
1248 669 1394 722 omni
1447 667 1553 722 ﬁne
1598 673 1897 729 carentem,
1937 665 2080 718 sicut

505 769 618 832 ille,
650 763 981 836 pervenerit.
1029 759 1214 814 Enoch
1251 773 1416 828 porro
1460 770 1608 826 spem
1663 755 1745 810 sic
1791 753 2079 807 aemulatus

505 867 611 919 est,
645 866 702 908 ut
734 869 839 908 non
868 852 1044 906 solum
1071 847 1279 902 domini
1306 846 1400 901 Dei
1434 846 1520 901 sui
1550 859 1748 898 nomen
1789 843 2081 896 invocave-

504 949 597 1013 rit,
622 960 808 999 verum
839 952 896 997 et
922 941 1081 1002 alios,
1115 947 1174 993 ut
1205 938 1349 992 idem
1379 935 1514 990 illud
1544 934 1924 1004 implorarent,
1951 932 2081 986 edo-

501 1034 704 1090 cuerit.
749 1030 932 1084 Enoch
964 1037 1145 1082 autem
1178 1034 1238 1080 ut
1269 1025 1464 1081 similis
1492 1023 1827 1085 redderetur,
1859 1037 2079 1090 operam

507 1125 676 1187 dedit,
710 1137 818 1176 non
855 1119 1073 1188 quidem
1111 1117 1488 1171 admirandam
1522 1115 1642 1182 ejus
1673 1128 1703 1168 e
1732 1123 1876 1167 terra
1899 1113 1954 1165 in
1989 1127 2082 1181 pa-

506 1215 754 1270 radisum
786 1211 1200 1264 translationem
1234 1215 1398 1276 atque
1426 1219 1726 1264 secessum,
1758 1203 1850 1257 sed
1879 1217 1943 1256 ex
1978 1216 2083 1254 ma-

508 1308 660 1363 teriae
699 1301 1112 1376 perturbatione
1156 1301 1210 1352 in
1248 1298 1500 1367 spiritum
1541 1297 1888 1355 transitione,
1915 1308 2084 1348 annu-

509 1398 692 1452 lando.
725 1395 834 1450 Noe
858 1395 1020 1449 etiam
1052 1390 1248 1448 similis
1288 1387 1528 1450 exsistit,
1571 1402 1678 1441 non
1715 1385 1931 1455 quidem
1965 1399 2085 1438 mo-

509 1493 688 1544 dicam
734 1489 790 1542 in
826 1499 954 1540 arca
992 1485 1166 1555 lignea
1213 1483 1427 1553 generis
1467 1481 1973 1541 conservationem,
2027 1484 2084 1529 at

509 1598 665 1639 suam
716 1583 898 1654 potius
940 1581 1108 1634 animi
1158 1579 1590 1633 incolumitatem
1648 1589 1973 1645 procurans,
2026 1580 2085 1626 ut

510 1663 635 1730 vitae
663 1674 928 1744 procellas
957 1672 1130 1726 tutius
1157 1669 1585 1737 subterfugiens,
1619 1667 1827 1720 nullum
1866 1663 2084 1718 virtutis

2183 485 2307 536 ὅσον
2351 482 2426 553 μὴ
2457 483 2561 535 ὑπὸ
2587 482 2680 535 τοῦ
2711 481 2948 553 πονηροῦ
2983 482 3188 551 φονέως
3213 484 3590 554 ἀναιρεθῆναι,
3622 486 3767 539 ἀλλὰ

2183 573 2470 644 διαδράντα
2495 574 2593 636 τὰς
2617 573 2849 642 παγίδας
2863 573 2956 626 τοῦ
2990 572 3369 644 μισανθρώπου
3389 575 3645 646 δαίμονος
3673 577 3762 628 ὲκ-

2184 669 2397 734 φυγεῑν,
2420 667 2670 736 καὶπρὸς
2695 665 3066 736 ἀτελεύτητον,
3082 665 3156 728 ὠς
3173 667 3396 728 ἐκεῖνος,
3417 667 3762 736 μεταστῆναι

2195 757 2362 826 ζωὴν,
2415 757 2512 827 τῆς
2560 756 2852 828 ἐπιϐουλῆς
2898 757 3132 825 φανέντα
3187 755 3476 826 ἀνώτερον.
3531 756 3643 808 Τοῦ
3706 758 3763 809 δὲ

2208 847 2378 918 Ἑνὼχ
2410 848 2507 918 τὴν
2549 847 2738 901 ἐλπίδα
2778 845 3053 917 ζηλώσας,
3083 849 3183 901 οὐκ
3211 847 3565 917 ἐπικέκληται
3598 849 3763 918 μόνον

2186 939 2248 992 τὸ
2275 938 2445 1008 δνομα
2475 938 2679 1010 Κυρίου
2709 936 2802 990 τοῦ
2823 937 2980 1000 Θεοῦ,
3000 938 3135 992 ἀλλὰ
3162 939 3257 990 καὶ
3283 941 3394 999 τοῖς
3421 939 3603 1002 ἄλλοις
3628 957 3761 992 συν-

2191 1028 2568 1082 επικαλεῖσθαι
2627 1027 2882 1092 ἐδίδαξεν.
2930 1027 3121 1098 Ἑνὼχ,
3151 1028 3212 1080 ού
3238 1029 3336 1100 τὴν
3364 1028 3515 1099 ξένην
3555 1032 3622 1082 ἐκ
3652 1032 3761 1100 γῆς

2189 1121 2323 1192 πρὸς
2367 1121 2457 1174 τὸν
2493 1121 2820 1192 παράδεισον
2865 1120 3151 1190 μετάθεσιν
3192 1121 3569 1191 ἐπετήδευσεν,
3613 1123 3757 1178 ἀλλὰ

2187 1214 2284 1282 τὴν
2301 1212 2358 1279 ἐξ
2385 1212 2574 1283 ὑλικῆς
2602 1211 2974 1283 προσπαθείας
2995 1211 3088 1264 ἐπὶ
3104 1211 3164 1265 τὸ
3189 1211 3404 1282 πνεῦμα
3431 1214 3755 1284 μετάϐασιν.

2189 1304 2344 1369 Νῶε,
2383 1305 2445 1357 οὑ
2473 1303 2572 1374 τὴν
2605 1305 2664 1357 ὲν
2695 1303 2880 1375 ξυλίνῃ
2927 1303 3157 1376 λάρνακι
3198 1303 3401 1375 μικράν
3429 1304 3523 1358 τοῦ
3558 1306 3756 1373 γένους

2187 1395 2442 1448 διάσωσιν
2464 1436 2479 1458 ,
2517 1394 2652 1449 ἀλλὰ
2691 1394 2785 1448 τοῦ
2825 1394 2923 1465 τὴν
2964 1393 3157 1448 ἑαυτοῦ
3193 1393 3375 1466 ψυχὴν
3417 1397 3758 1466 πανταχόθεν

2187 1469 2586 1553 ἀσφαλίσασθαι
2605 1524 2620 1548 ,
2654 1485 2794 1538 ὥστε
2829 1483 3116 1555 παρελθεῖν
3148 1483 3400 1549 ἀϐλαϐῶς
3419 1485 3482 1538 τὸ
3507 1486 3605 1538 τοῦ
3638 1486 3753 1555 βίου

2192 1574 2498 1638 κλυδώνιον,
2539 1576 2631 1628 καὶ
2666 1575 2734 1628 τά
2773 1575 2871 1643 τῆς
2901 1576 3103 1646 ἀρετῆς
3131 1574 3206 1644 μὴ
3234 1575 3581 1646 ζημιωθῆναι
3607 1578 3755 1644 άγώ·

2188 1683 2346 1737 γιμα.
2381 1667 2486 1720 Τοῦ
2525 1665 2772 1736 ’Δϐραὰμ
2801 1667 2857 1719 ἐν
2877 1665 3088 1729 πολλοῖς
3118 1665 3215 1735 μὲν
3239 1666 3331 1719 καὶ
3358 1657 3534 1730 ἄλλοις
3561 1666 3754 1734 γέγονε

509 1765 855 1835 naufragium
888 1773 1185 1832 pateretur.
1223 1761 1278 1815 in
1313 1761 1562 1830 plurimis
1593 1772 1829 1828 quoque,
1852 1756 2082 1811 Abrahm

2189 1757 2425 1828 μιμητὴς
2448 1798 2462 1821 ,
2493 1759 2559 1828 τῇ
2599 1757 2780 1812 πίστει
2811 1757 2904 1809 καὶ
2945 1755 3235 1826 πραότητι,
3276 1757 3371 1810 καὶ
3409 1760 3474 1828 τῇ
3511 1759 3592 1820 είς
3622 1757 3752 1810 Θεὸν

505 1857 791 1913 aemulator
823 1855 958 1919 fuit;
1002 1863 1165 1923 atque
1201 1861 1258 1907 ut
1290 1853 1472 1916 fidem,
1515 1849 2008 1912 mansuetudinem,
2031 1857 2087 1903 et

509 1962 749 2002 amorem
789 1949 841 2000 in
876 1945 1041 1999 Deum
1087 1955 1317 2008 taceam,
1343 1945 1396 1998 in
1440 1959 1507 1998 eo
1538 1943 1907 2013 potissimum,
1939 1940 2086 2012 quod

507 2036 973 2110 quemadmodum
996 2034 1273 2105 prepriam
1298 2042 1501 2089 terram
1521 2043 1683 2106 atque
1706 2033 2084 2101 cognationem

509 2132 620 2194 ille,
655 2130 728 2181 ita
764 2143 979 2197 quoque
1015 2128 1100 2180 hic
1150 2136 1336 2181 noster
1372 2125 1618 2196 Ephrem
1662 2123 1922 2177 mundum
1953 2123 2088 2176 etfu-

507 2223 606 2290 git,
639 2229 691 2272 et
723 2220 776 2272 in
813 2233 915 2272 suo
945 2232 1175 2286 corpore
1208 2216 1476 2288 unigeniti
1500 2215 1830 2271 sacrilicium
1862 2228 2084 2281 expres-

497 2315 602 2376 .sit,
633 2311 745 2365 Deo
777 2311 1017 2380 seipsum
1041 2323 1398 2370 consecrans,
1419 2317 1474 2362 et
1503 2307 1744 2360 membra
1770 2320 1892 2375 qua:
1922 2319 2088 2367 super

497 2409 711 2454 'terram
727 2407 877 2463 sunt,
899 2399 1257 2452 mortiﬁcans.
1271 2398 1427 2452 Isaac
1447 2412 1575 2452 vero
1593 2397 1834 2451 imitator
1851 2397 2085 2462 exstitit,

500 2500 739 2563 propter
776 2499 1003 2546 mortem
1045 2505 1206 2559 quam
1237 2496 1488 2560 prompto
1515 2488 1923 2558 tranquilloque
1953 2487 2088 2542 sub-

512 2585 590 2636 ire
631 2590 854 2650 paratus
898 2589 1014 2634 erat
1049 2581 1256 2641 animo,
1296 2595 1402 2633 non
1447 2588 1628 2634 tamen
1674 2578 1948 2634 infercnte
1997 2594 2086 2648 pa-

511 2682 616 2728 tre.
651 2672 790 2739 Quin
817 2681 870 2727 et
894 2671 1158 2742 quotidie,
1186 2672 1360 2724 instar
1393 2670 1658 2738 Apostoli,
1702 2685 1931 2738 corpore
1960 2671 2085 2738 qui-

501 2765 636 2819 dem
670 2766 927 2828 fructum,
956 2762 1100 2834 quod
1160 2764 1353 2816 attinet
1393 2763 1458 2814 ad
1508 2763 1867 2831 pr0positum,
1910 2761 2086 2832 perci-

515 2857 717 2924 piebat,
741 2854 936 2925 spiritu
965 2864 1149 2907 autem
1179 2853 1311 2912 Deo,
1335 2852 1406 2906 oh
1429 2861 1640 2906 castum
1667 2852 1916 2920 corporis
1939 2852 2086 2906 velut

515 2950 568 3002 iu
606 2948 776 3002 ariete
806 2946 1158 3008 sacriﬁcium,
1194 2946 1427 2999 vivebat.
1463 2943 1633 2999 Jacob
1667 2959 1829 3013 porro
1857 2945 2084 2997 annula-

513 3050 604 3092 tor
635 3038 758 3101 fttit,
789 3037 1193 3107 supplantando
1226 3036 1400 3106 ipsum
1431 3033 1594 3097 Esau,
1635 3035 1734 3089 hoc
1779 3044 1883 3096 est,
1916 3037 2085 3090 haere-

498 3145 635 3182 -sum
683 3136 984 3196 parentem,
1026 3141 1089 3178 ac
1129 3125 1510 3194 primogenita,
1559 3123 1608 3176 id
1649 3132 1753 3184 est,
1803 3133 1949 3178 recta
1983 3123 2078 3177 Ec-

515 3220 696 3273 clesiae
747 3218 988 3278 decreta,
1045 3215 1379 3284 accipiendo.
1437 3215 1492 3268 In
1526 3230 1590 3268 eo
1627 3226 1906 3284 praeterea,
1937 3217 2080 3285 quod

518 3327 623 3364 non
660 3310 862 3365 scalam
895 3325 924 3361 a
952 3316 1096 3360 terra
1129 3308 1197 3361 ad
1227 3308 1425 3360 caelum
1456 3322 1629 3376 usque
1659 3311 2079 3377 pertingentem,

504 3401 611 3454 -$t‘(l
642 3401 713 3453 ob
741 3400 953 3469 longam
984 3399 1124 3467 ignis
1149 3399 1453 3452 columnam
1488 3397 1856 3466 pulchriorem
1886 3407 2084 3468 myste-

520 3492 582 3543 rii
612 3489 1035 3559 profunditatem
1065 3487 1393 3540 indicantem
1425 3487 1795 3556 conspexerit,
1829 3489 2084 3557 quodque

517 3582 607 3634 hic
636 3580 941 3648 discipulis,
970 3579 1423 3646 quemadmodum
1451 3579 1539 3632 ille
1569 3580 1715 3643 ﬁliis,
1738 3596 1800 3632 ex
1833 3581 1931 3633 hac
1954 3581 2086 3634 emi-

513 3681 772 3739 graturus
816 3671 948 3733 vita,
1006 3669 1414 3723 benedictiones
1453 3669 1765 3736 impartitus
1812 3671 1902 3735 sit,
1947 3686 2087 3741 quas

516 3762 610 3830 qui
645 3776 851 3830 pronus
889 3760 1215 3829 excipiebat,
1253 3760 1431 3827 magni
1470 3760 1615 3814 illius
1645 3759 1812 3814 Jacob
1841 3777 1964 3817 esse
1997 3779 2086 3815 ar-

506 3855 839 3906 ‘bitrabatur.
871 3852 1071 3906 Verum
1108 3851 1279 3919 ipsius
1301 3849 1499 3920 Joscph
1541 3852 1973 3918 similitudinem,
2000 3855 2082 3908 vel

2183 1850 2394 1920 ἀγάπῃ,
2427 1848 2662 1918 μάλιστα
2695 1847 2752 1900 δὲ
2792 1850 2858 1918 τῇ
2881 1847 2973 1900 τοῦ
3008 1848 3210 1918 κόσμου
3245 1850 3412 1918 φυγῇ,
3445 1848 3521 1911 ὡς
3548 1849 3650 1918 τῆς
3675 1851 3755 1901 ol-

2184 1944 2336 2006 κείας
2365 1941 2489 2010 γῆς⁴
2511 1942 2605 1994 καὶ
2638 1940 2736 2008 τῆς
2775 1939 3093 2008 συγγενείας
3128 1942 3333 2003 ἐκεῖνος
3372 1941 3630 2010 ἠμείϐετο
3666 1941 3754 2007 φξ-

2183 2032 2292 2096 λον,
2325 2035 2417 2086 καὶ
2452 2033 2550 2103 τὴν
2582 2031 2674 2086 τοῦ
2699 2030 3033 2099 Μονογενοῦς
3068 2030 3259 2084 θυσίαν
3287 2033 3367 2093 εἰς
3398 2031 3497 2100 τὴν
3527 2030 3624 2083 τοῦ
3652 2029 3756 2082 σώ-

2188 2143 2353 2196 ματος
2397 2125 2607 2178 ἐκείνου
2665 2123 3058 2196 προαιρετικὴν
3112 2122 3201 2176 διὰ
3250 2122 3384 2175 Θεὸν
3432 2122 3756 2175 ὲκλαϐέσθαι

2186 2215 2519 2286 προσφορὰν,
2545 2213 2877 2285 νεκρὼσαντι
2907 2215 2974 2266 τὰ
2997 2215 3130 2283 μέλη
3155 2214 3224 2268 τά
3254 2216 3346 2268 ἐπὶ
3373 2216 3471 2284 τῆς
3497 2219 3623 2286 γῆς.
3646 2216 3755 2268 Τοῦ

2197 2308 2400 2368 Ἰσαὰκ,
2434 2309 2491 2360 ὲν
2520 2307 2598 2377 τῷ
2639 2307 2872 2377 ἑκουσίῳ
2903 2308 2996 2361 καὶ
3025 2307 3284 2378 άταράχῳ
3331 2307 3542 2378 θανάτῳ
3561 2350 3576 2373 ,
3611 2312 3757 2379 πλὴν

2183 2400 2280 2468 οὐχ
2324 2398 2427 2452 ὑπὸ
2459 2399 2659 2470 πατρὸς
2695 2401 2918 2461 ἐκεῖνος.
2962 2392 3129 2460 Οὗτος
3157 2399 3264 2470 γάρ
3297 2401 3595 2469 ίερουργῶν
3619 2401 3757 2452 ἐαυ-

2182 2490 2273 2543 τὸν
2294 2489 2544 2544 ἑκάστοθι
2568 2489 2956 2554 άποστολικῶς,
2982 2488 3194 2559 σώματι
3219 2490 3318 2559 μὲν
3346 2489 3756 2560 ὠλοκαρποῦτο,

2183 2581 2305 2633 ὅσον
2335 2581 2414 2642 είς
2444 2579 2720 2650 πρόθεσιν,
2757 2577 3028 2648 πνεύματι
3058 2579 3114 2631 δὲ
3152 2578 3269 2648 ἔζη,
3298 2579 3392 2630 καὶ
3431 2577 3497 2649 ζῇ
3524 2578 3604 2648 τῷ
3632 2578 3758 2648 θεῷ

2183 2671 2271 2724 διὰ
2305 2670 2402 2740 τὴν
2431 2670 2506 2733 ὡς
2532 2673 2589 2722 ἐν
2623 2669 2762 2740 κριῷ
2793 2668 2886 2722 τοῦ
2924 2668 3172 2739 σώματος
3208 2671 3376 2739 ἁγνὴν
3413 2670 3754 2740 προσφοράν.

2185 2762 2288 2814 Τὸν
2329 2761 2551 2822 Ἰακὼϐ,
2603 2762 2659 2812 ὲν
2697 2759 2774 2828 τῷ
2817 2760 3100 2830 πτερνίσαι
3143 2761 3233 2813 τὸν
3265 2759 3485 2829 βέϐηλον
3540 2759 3756 2820 Ἠσαῦ,

2185 2856 2300 2923 ἤτοι
2354 2853 2444 2905 τὸν
2490 2852 2596 2904 τῶν
2648 2853 2909 2921 αἱρέσεων
2945 2855 3276 2923 γεννήτορα,
3336 2853 3428 2905 καὶ
3468 2852 3654 2904 λαϐεῖν
3686 2852 3757 2904 τά

2187 2946 2526 3016 πρωτότοκα,
2558 2945 2625 2996 τὰ
2642 2944 2774 3015 ὀρθὰ
2796 2944 2896 3012 τῆς
2929 2944 3251 3014 Ἐκκλησίας
3279 2943 3538 3012 δόγματα,
3568 2944 3664 2995 καὶ
3697 2946 3756 2996 ἐν

2188 3039 2265 3107 τῷ
2307 3037 2544 3090 κατιδεῖν
2587 3037 2648 3088 ού
2698 3035 2940 3104 κλίμακα
2976 3035 3074 3105 μὲν
3120 3034 3230 3087 ἀπὸ
3271 3035 3373 3102 γῆς
3408 3037 3486 3097 εἰς
3521 3036 3756 3106 οὐρανὸν

2189 3128 2603 3199 ἐστηριγμένην,
2637 3127 2824 3178 στύλον
2857 3125 2914 3178 δὲ
2940 3126 3112 3194 πυρὸς
3134 3110 3504 3198 οὐρανομήκη,
3537 3127 3756 3196 γλαφυο

2190 3220 2424 3291 ρὼτερόν
2463 3236 2579 3280 πως
2626 3219 2925 3289 μυστηρίου
2959 3218 3120 3288 βάθος
3147 3219 3493 3288 ἐμφαίνοντα.
3529 3219 3650 3271 Ἔτι
3690 3236 3753 3286 γε

2191 3313 2296 3382 μὴν
2323 3312 2416 3365 καὶ
2451 3312 2509 3363 ὲν
2526 3310 2600 3380 τῷ
2627 3313 2738 3371 τοῖς
2783 3310 3048 3379 μαθηταῖς
3085 3311 3159 3374 ὠς
3203 3312 3316 3373 τοῖς
3341 3311 3514 3362 υίέσιν
3541 3313 3754 3373 ἐκεῖνος

2188 3403 2245 3453 ὲν
2272 3401 2350 3472 τῷ
2382 3401 2628 3471 μέλλοντι
2655 3402 2906 3470 ἀπαίρειν
2935 3400 3029 3453 τοῦ
3055 3400 3323 3471 σώματος,
3357 3402 3628 3471 διανεῖμαι
3652 3403 3754 3464 τὰς

2187 3493 2433 3560 εὐλογίας
2452 3509 2465 3522 σ
2494 3485 2578 3554 αἷς
2610 3509 2692 3555 τις
2719 3491 3017 3560 φιλοπόνως
3040 3492 3308 3560 ἐγκύψας,
3339 3493 3501 3546 αὑτοῦ
3531 3495 3750 3547 ἐκείνου

2190 3583 2282 3636 τοῦ
2329 3584 2562 3652 μεγάλου
2624 3583 2818 3636 Ἰακὼϐ
2859 3583 3058 3647 ταύτας
3088 3579 3227 3638 εἶναι
3265 3586 3596 3656 οίηθήσεται.
3643 3585 3755 3638 Τοῦ

2203 3674 2418 3744 Ἰωσὴφ,
2450 3673 2684 3744 μάλιστα
2717 3675 2812 3744 μὲν
2841 3676 2898 3727 ὲν
2927 3677 2992 3745 τῇ
3023 3673 3115 3727 τοῦ
3154 3675 3400 3744 σώματος
3433 3677 3624 3748 ἁγνεία
3657 3679 3755 3730 καὶ

2191 3764 2523 3834 καθαρότητι
2549 3781 2561 3794 ·
2597 3765 2731 3817 πολὺ
2788 3765 2845 3817 δὲ
2901 3765 3060 3818 πλέον
3090 3768 3147 3818 ἐν
3179 3770 3244 3837 τῇ
3275 3767 3363 3820 τοῦ
3394 3768 3548 3836 λόγου
3584 3787 3756 3838 μετα-

2189 3856 2350 3916 δόσει,
2381 3856 2456 3919 ὡς
2490 3857 2696 3920 ἐκεῖνος
2723 3857 2816 3908 τοῦ
2845 3857 3014 3911 σίτου.

519 3949 751 4002 maxime
771 3947 1039 4016 expressit.
1063 3948 1183 4000 vita:
1211 3946 1527 4015 integritate
1557 3957 1611 4001 et
1641 3948 1889 4016 corporis
1914 3949 2199 4003 castitate:
2233 3951 2404 4003 multo
2455 3958 2634 4002 autem
2669 3951 2841 4018 magis
2889 3967 2985 4019 per
3054 3957 3177 4012 hoc,
3242 3951 3385 4020 quod
3457 3952 3603 4008 sicut
3661 3953 3754 4006 ille

507 4037 782 4098 'triticum,
815 4036 882 4088 ita
917 4036 1003 4088 hic
1026 4035 1251 4089 verbum
1288 4036 1484 4089 salutis
1513 4039 1961 4092 communicavit.

588 4129 647 4183 ln
697 4146 802 4184 non
847 4131 1035 4199 paucis
1083 4145 1302 4198 quoque
1351 4129 1518 4200 Moysi
1574 4131 1910 4186 simillimum
1963 4147 2084 4187 sese

509 4224 782 4293 praebuit:
813 4239 937 4276 nam
990 4230 1043 4276 et
1088 4222 1201 4290 ipse
1234 4220 1570 4276 Pharaonem
1603 4224 1876 4278 diabolum
1914 4224 2082 4294 fugit,

517 4327 572 4367 et
601 4321 972 4366 commoratus
1001 4321 1086 4366 est
1120 4312 1173 4364 in
1219 4313 1546 4375 solitudine,
1585 4312 1864 4383 Deumque
1908 4315 2074 4377 vidit,

2252 4127 2358 4180 Τοῦ
2381 4128 2621 4188 Μωσέως
2649 4128 2681 4198 ἢ
2714 4131 2770 4181 ἐν
2798 4129 3014 4200 πᾶσινῆ
3039 4131 3095 4180 ὲν
3121 4129 3390 4194 πλείστοις
3418 4135 3749 4203 παρόμοιος·

2182 4221 2347 4286 ἔφυγε
2371 4219 2477 4289 γὰρ
2502 4220 2591 4272 καὶ
2615 4216 2768 4283 οὗτος
2795 4222 2884 4274 τὸν
2908 4222 3098 4291 γοητὸν
3125 4223 3344 4294 Φαραὼ,
3368 4227 3461 4278 καὶ
3485 4227 3542 4279 ὲν
3558 4229 3756 4300 ἐρήμῳ

2183 4310 2409 4380 ηὐλίσθη
2438 4350 2452 4372 ,
2487 4312 2582 4364 καὶ
2610 4312 2740 4363 Θεὸν
2772 4308 2931 4374 εἶδεν,
2966 4314 3089 4364 ὅσον
3129 4314 3346 4382 ἐφικτὸν
3375 4315 3578 4386 θεωρίᾳ
3605 4358 3620 4380 ,
3653 4328 3757 4371 και

518 4413 789 4472 quatenus
818 4401 1274 4471 contemplatione
1307 4403 1474 4457 videri
1512 4411 1686 4472 potest
1713 4420 1727 4467 ;
1763 4419 1958 4474 resque
1985 4404 2080 4458 ad-

2189 4399 2438 4469 θαύματα
2466 4401 2786 4470 εἰργάσατο,
2815 4403 2908 4454 καὶ
2937 4403 3064 4455 λαοῦ
3099 4405 3445 4474 καθηγήσατο
3477 4424 3580 4476 χρη
3591 4410 3757 4476 ματί-

520 4495 802 4550 mirandas
829 4496 1033 4565 peregit
1053 4536 1068 4559 ,
1097 4510 1161 4548 ac
1190 4496 1438 4549 doctrina
1473 4513 1532 4552 se
1559 4499 1749 4552 «lucem
1782 4507 1943 4568 atque
1970 4513 2084 4552 ma-

514 4590 750 4658 gistrum
803 4587 1001 4655 pepulo
1049 4587 1332 4650 exhibuit,
1383 4574 1781 4658 QEgyptiosque
1831 4590 2082 4659 decepit,

520 4695 712 4733 eorum
764 4679 984 4732 divitias
1039 4679 1383 4746 surripiens,
1441 4679 1820 4733 haereticorum
1875 4682 2086 4734 scilicet

515 4773 725 4833 libros,
755 4773 819 4824 de
842 4771 1041 4839 quibus
1075 4771 1191 4839 ipse
1223 4771 1596 4840 triumphavit.
1632 4771 1842 4826 Salsum
1867 4787 2085 4842 quoque

522 4881 585 4919 ac
617 4865 769 4934 potui
811 4863 1036 4916 minime
1075 4863 1412 4917 conveniens
1452 4863 1790 4938 inﬁdelitatis
1819 4879 1967 4918 mare
1999 4865 2085 4916 di-

520 4959 683 5019 visit,
721 4955 1087 5025 populumque
1122 4954 1330 5007 ftdelcm
1363 4954 1415 5006 in
1448 4968 1642 5021 magno
1673 4970 1894 5007 numero
1926 4955 2088 5022 traje-

521 5051 615 5103 cit.
663 5046 965 5101 Pharaonis
1007 5060 1133 5098 vero
1183 5045 1514 5105 exercitum,
1563 5045 1782 5114 impiam
1830 5046 2086 5098 nimirum

523 5137 979 5191 calumniatorum
1031 5133 1382 5202 progeniem,
1439 5135 1733 5202 prostravit
1780 5142 1941 5202 atque
1991 5149 2089 5202 op-

524 5228 747 5299 pressit.
788 5227 852 5280 Et
901 5225 1123 5278 Amalec
1175 5224 1257 5291 (si
1291 5240 1450 5292 quem
1487 5225 1859 5279 haereticorum
1897 5239 1960 5279 eo
1992 5241 2090 5277 no-

527 5320 673 5394 mine
710 5316 982 5385 appellare
1015 5314 1185 5382 velis)
1225 5316 1276 5366 in
1326 5315 1504 5382 fugam
1546 5316 1738 5377 vertit,
1787 5329 1852 5369 ac
1900 5315 2087 5384 profli-

527 5409 695 5478 gavit.
743 5406 936 5476 Legem
975 5408 1110 5458 liene
1155 5405 1578 5474 Christianeth
1630 5406 1840 5461 vivendi
1896 5423 1927 5460 a
1981 5406 2090 5461 Deo

531 5498 735 5566 accepit
759 5537 773 5559 ,
809 5505 860 5548 et
896 5495 1052 5548 uobis
1083 5493 1355 5547 universis
1390 5508 1506 5544 eam
1543 5493 1780 5546 tradidit.
1813 5491 2090 5547 Taberna-

528 5585 634 5638 culi
692 5583 969 5651 cxetnplar
1023 5584 1074 5634 in
1123 5591 1307 5634 monte
1355 5587 1756 5652 contemplatus
1803 5593 1924 5637 est:
1981 5598 2088 5636 non

528 5674 754 5745 llloysis.
786 5674 878 5728 SC‘tl
928 5672 1187 5728 horrendi
1235 5673 1381 5725 illius
1424 5673 1616 5741 judicii
1669 5672 1856 5727 futuri.
1893 5671 2089 5728 Sacer-

2189 4511 2286 4557 σας
2314 4493 2632 4556 διδάσκαλος
2656 4511 2669 4524 ο
2695 4494 2788 4546 καὶ
2816 4494 2943 4556 τοὺς
2980 4493 3309 4561 Αἰγυπτίους
3335 4499 3754 4566 κατεσοφίσατο,

2184 4584 2274 4637 τὸν
2317 4583 2544 4637 πλοῦτον
2590 4585 2812 4637 ἐκείνων
2853 4586 3142 4652 ἁρπάσας,
3179 4589 3274 4649 τὰς
3317 4588 3422 4640 τῶν
3459 4591 3758 4658 αἱρετικῶν

2189 4676 2400 4746 βίϐλους
2426 4676 2831 4746 αἰχμαλωτίσας
2863 4679 2957 4730 καὶ
2984 4677 3373 4748 θριαμϐεύσας,
3411 4679 3502 4732 καὶ
3525 4681 3624 4749 τὴν
3658 4683 3758 4735 8d-

2185 4767 2388 4821 λασσαν
2413 4767 2682 4838 διέρρηξε,
2715 4767 2812 4835 τὴν
2847 4768 3094 4840 ἁλμυρὰν
3117 4770 3208 4821 καὶ
3237 4770 3437 4822 ἄποτον
3469 4773 3752 4835 ἀπιστίαν,

2187 4860 2280 4912 καὶ
2311 4859 2402 4911 τὸν
2439 4858 2566 4910 λαὸν
2592 4857 2861 4910 διεϐίϐασε
2887 4899 2902 4920 ,
2940 4859 2999 4911 τὸ
3033 4858 3307 4928 ὀρθόδοξον
3339 4861 3608 4931 σύστημα.
3643 4867 3758 4917 Και

2187 4951 2309 5011 τοὺς
2350 4949 2694 5020 Φαραωνίτας
2729 4949 2974 5002 ἐπόντισε
2997 4990 3012 5011 ,
3045 4952 3113 5002 τὰ
3152 4953 3260 5004 τῶν
3292 4955 3582 5024 αἱρετικῶν
3619 4956 3755 5008 ἄθεα

2187 5043 2513 5111 γεννήματα.
2547 5042 2654 5093 Καὶ
2689 5041 2780 5091 τὸν
2819 5041 3066 5110 Ἀμαλὴκ
3112 5045 3456 5111 ὲτροπώσατο
3503 5046 3593 5115 (εἴ
3634 5064 3755 5099 τινα

2187 5131 2293 5182 τῶν
2314 5129 2598 5201 αἱρετικῶν
2623 5130 2792 5199 τούτῳ
2816 5129 2993 5200 βούλει
3023 5133 3247 5186 καλέσαι
3272 5135 3349 5205 τῷ
3375 5136 3640 5205 όνόματι)·
3664 5139 3756 5190 τὸν

2189 5219 2348 5288 νόμον
2373 5220 2437 5271 ἐκ
2472 5218 2605 5270 θεοῦ
2631 5222 2730 5288 τῆς
2765 5219 3072 5289 ὀρθοδοξίας
3110 5222 3288 5281 ἔλαϐε.
3327 5227 3420 5276 καὶ
3447 5227 3578 5296 ἡμῖν
3621 5231 3756 5280 πᾶσι

2193 5309 2481 5380 μετέδωκε.
2517 5309 2628 5376 Τῆς
2679 5309 2884 5378 σκηνῆς
2924 5312 2980 5362 ἐν
3023 5310 3098 5380 τῷ
3132 5311 3246 5382 ὄρει
3283 5313 3372 5365 τὸν
3405 5315 3569 5368 τύπον
3602 5318 3756 5369 ἐθεα-

2191 5418 2336 5462 σατο,
2367 5401 2427 5452 ού
2470 5400 2568 5468 τῆς
2598 5399 2688 5452 ἐπὶ
2717 5401 2979 5464 Μωσέως,
3009 5401 3144 5455 άλλά
3169 5403 3268 5472 τῆς
3306 5404 3602 5472 μελλούσης
3632 5425 3755 5478 φρει

2189 5495 2318 5563 κτῆς
2351 5491 2580 5562 κρίσεώς
2613 5510 2674 5544 τε
2699 5495 2793 5546 καὶ
2821 5495 3229 5558 καταστάσεως.
3259 5496 3397 5558 Τοὺς
3435 5497 3617 5566 ἱερέας
3641 5502 3755 5550 ἐτε-

2188 5584 2396 5644 λείωσε,
2431 5582 2495 5634 τὰ
2526 5585 2650 5654 περὶ
2674 5584 2969 5654 ἱερωσύνης
2995 5586 3318 5655 νομοθετῶν.
3353 5588 3538 5657 ’Ύδωρ
3569 5589 3637 5641 ἐκ
3662 5589 3754 5641 πέ-

2189 5690 2320 5744 τρας
2351 5673 2614 5742 ἐπήγασε,
2646 5675 2740 5736 τὰς
2771 5673 3011 5738 λιθώδεις
3039 5677 3262 5744 καρδίας
3301 5677 3518 5741 στάζειν
3543 5679 3754 5750 δάκρυα
