3850 6388
510 287 628 349 8M

1737 283 1796 342 S.
1851 284 2180 342 GREGORII
2212 285 2508 344 NYSSENI

3670 286 3783 343 81.8

520 409 712 472 obrcm
756 420 884 462 mox
928 421 960 460 a
1003 403 1248 477 maligno
1288 413 1575 476 correptus
1624 403 1898 470 dmmone,
1949 403 2089 474 quod

2195 405 2505 478 δράγματα,
2536 407 2722 460 ἑαυτὸν
2755 404 2860 477 πρὸ
2883 405 2982 476 τῆς
3008 404 3194 474 κλίνης
3225 403 3318 458 τοῦ
3347 402 3495 458 όσίου
3529 404 3784 475 σπαράτ-

523 497 797 556 mandatis
824 513 932 551 non
965 497 1264 566 paruisset,
1294 495 1654 568 gravissimas
1685 510 1876 565 poenas
1904 497 2093 559 dabat,

524 605 693 658 seque
721 597 848 644 ante
884 588 1168 652 lectulum,
1199 588 1256 642 in
1298 604 1410 659 quo
1449 591 1536 643 vir
1561 597 1786 644 sanctus
1814 588 2097 643 decumbe

526 683 641 742 bat,
680 695 776 734 ore
824 679 1099 736 ferventes
1149 695 1318 750 agens
1355 694 1610 752 spumas,
1657 680 1977 735 dilaniabat.
2015 678 2098 732 Ad

523 789 686 843 quem
721 774 805 826 vir
845 771 938 828 Dei
967 773 1432 830 clementissimus
1457 773 1837 829 calamitosum
1868 787 2099 828 conver-

524 881 620 920 sns
649 881 664 916 :
697 864 970 930 Quidnam
997 905 1012 927 ,
1052 864 1260 935 inquit,
1297 865 1605 930 admisisti,
1651 881 1686 922 ο
1724 866 1907 931 homo,
1939 875 1998 918 ut
2042 864 2098 918 in

519 956 625 1010 hoc
656 957 958 1026 periculum
988 956 1378 1026 conjicereris?
1401 957 1494 1010 Ille
1515 971 1642 1012 vero
1671 959 1822 1013 senis
1842 957 2099 1011 mandato

520 1048 834 1114 excitatus,
886 1050 1014 1103 licet
1060 1049 1182 1116 ejus
1233 1050 1402 1104 menti
1444 1050 1698 1105 tenebras
1744 1049 2096 1104 cacodaemou

517 1140 808 1196 oli‘udisset
828 1181 844 1203 ,
877 1148 1174 1203 secretum,
1202 1139 1347 1210 quod
1375 1141 1519 1212 apud
1549 1157 1609 1198 se
1628 1151 1959 1212 conceperat
1987 1159 2097 1198 non

519 1232 935 1304 obteinperandi
985 1232 1158 1302 jussis
1215 1233 1425 1302 ipsius,
1473 1235 1766 1290 consilium
1815 1235 2095 1307 patefecit.

521 1326 692 1390 Quem
713 1323 1063 1380 conﬁtentem
1093 1323 1523 1394 benignissimus
1546 1326 1628 1381 vir
1655 1327 2095 1392 commiseratus,

524 1431 782 1470 manuum
811 1422 1124 1471 sanctarum
1159 1415 1514 1486 impositione
1545 1425 1598 1471 et
1635 1417 1891 1487 precibus
1922 1417 2099 1472 homi-

524 1523 646 1561 nem
675 1507 924 1577 protinus
947 1507 1016 1561 ab
1041 1507 1132 1560 illa
1155 1506 1441 1562 affectione
1469 1509 1742 1574 liberavit,
1771 1516 1826 1564 ct
1851 1509 2098 1580 pristina

521 1597 748 1654 sanitati
776 1596 1284 1667 restituit,eumque
1311 1597 1390 1653 sic
1414 1608 1498 1656 est
1523 1599 1796 1658 allocutus
1820 1617 1838 1655 :
1869 1599 2094 1670 Perﬁce,

521 1692 707 1751 homo,
741 1704 862 1759 qua!
893 1687 1100 1744 dudum
1141 1689 1464 1760 promisisti.

2201 515 2344 560 των,
2393 500 2487 553 καὶ
2528 500 2620 552 τὸν
2647 499 2819 569 ἀφρὸν
2857 499 2924 552 ὲκ
2963 498 3059 551 τοῦ
3093 499 3355 568 στόματος
3392 497 3779 568 ἀναδράσσων.

2212 591 2272 643 '0
2317 591 2374 643 δὲ
2407 589 2854 662 συμπαθέστατος
2893 589 2988 643 τοῦ
3018 588 3152 643 Θεοῦ
3179 589 3462 660 ἄνθρωπος
3503 589 3658 657 λέγει
3703 589 3782 657 τῷ

2201 683 2540 736 πεπονθὸντιο
2603 683 2841 754 Ἐπειδὴ,
2873 676 2920 736 ὦ
2952 681 3228 752 ἄνθρωπε,
3277 681 3328 732 τί
3356 698 3436 734 σοι
3466 679 3782 750 παράλογον

2200 775 2541 846 πέπρακται,
2589 777 2683 830 καὶ
2719 775 2856 845 πρὸς
2885 774 3074 828 τοῦτον
3113 775 3203 827 τὸν
3232 774 3473 827 κίνδυνον
3511 773 3779 844 ἔρριψενς

2213 865 2272 918 ’0
2299 867 2358 920 δὲ
2387 869 2453 937 τῇ
2479 867 2726 920 κελεύσει
2753 866 3064 930 διαναστάς,
3097 867 3298 936 καίπερ
3328 866 3431 918 ὑπὸ
3461 864 3554 918 τοῦ
3587 866 3781 934 δαίμο-

2201 975 2287 1021 νος
2325 959 2415 1010 τὸν
2449 960 2574 1011 νοῦν
2605 959 2916 1022 σκοτωθεὶς,
2945 959 3038 1012 τὸν
3071 958 3452 1028 κεκρυμμένον
3481 957 3660 1021 ἐξεῖπε
3693 957 3780 1008 λο-

2200 1050 2416 1121 γισμὸν,
2451 1050 2544 1102 καὶ
2568 1051 2666 1122 τὴν
2692 1051 2972 1121 παρακοὴν
2995 1051 3356 1120 ἐφανέρωσεν.
3395 1053 3493 1100 Ὃν
3521 1050 3780 1119 ἐξομολο-

2199 1141 2506 1212 γησάμενον
2553 1141 2583 1193 ό
2640 1139 3089 1210 συμπαθέστατος
3141 1139 3320 1210 γέρων
3367 1137 3490 1205 ὑγιῆ
3533 1139 3782 1190 ἀποκατ-

2199 1234 2447 1301 έστησεν.
2496 1231 2738 1287 ἐπιοέσει
2795 1232 2965 1300 ἀγίων
3011 1231 3208 1302 χειρῶν
3271 1230 3367 1282 καὶ
3413 1229 3542 1298 εὺχῇ
3585 1228 3779 1280 τοῦτον

2198 1325 2513 1392 ἀπαλλάξας
2546 1325 2641 1378 τοῦ
2687 1323 2890 1387 πάθους
2920 1339 2934 1353 ⁸
2964 1319 3081 1377 εἶτα
3112 1324 3205 1376 καὶ
3235 1320 3544 1393 προσειπών
3571 1337 3585 1349 ·
3629 1320 3779 1388 Πλή-

2202 1435 2292 1490 ρου
2329 1433 2424 1470 σου
2468 1417 2565 1490 τὴν
2594 1418 2917 1488 ὑπόσχεσιν,
2973 1415 3260 1487 ἄνθρωπε,
3327 1415 3393 1487 ἢν
3441 1415 3611 1468 πάλαι
3639 1430 3778 1484 προσ

2197 1510 2502 1582 ενενόησας.

591 1780 709 1847 Quo
753 1780 973 1850 quidem
1025 1779 1403 1836 demonstrato
1463 1781 1763 1845 miraculo,
1813 1799 1938 1838 cum
1978 1784 2089 1853 jam

2266 1773 2490 1830 Τοιοῦτο
2531 1775 2818 1847 τεράστιον
2859 1774 2998 1845 πρὸς
3044 1773 3182 1846 [τά]
3216 1772 3293 1843 τῷ
3343 1773 3484 1826 τέλει
3528 1772 3626 1826 τοῦ
3657 1771 3773 1842 βίου

517 1873 642 1928 vitae
670 1873 792 1926 linis
823 1871 1155 1934 immineret,
1185 1887 1303 1937 eos,
1331 1873 1426 1941 qui
1462 1881 1593 1928 tunc
1627 1874 1875 1940 aderant,
1906 1877 2091 1931 rntrltis

515 1965 623 2036 piis
670 1963 1196 2019 commonitionilius
1241 1964 1310 2018 ad
1366 1966 1586 2020 virtutis
1644 1967 1886 2021 studium
1924 1979 2096 2036 atque

465 2086 468 2088 η
513 2070 758 2112 amorem
808 2055 1168 2121 cohortatus,
1213 2065 1272 2109 ut
1321 2065 1597 2126 postrema
1641 2057 1764 2124 ejus
1813 2058 2097 2112 declarant

517 2147 704 2210 verba,
729 2147 794 2200 ad
827 2147 1184 2216 tranquillum
1213 2147 1401 2202 αξιοι-ιιί
1434 2147 1586 2217 regni
1616 2155 1831 2217 portum
1864 2147 2097 2204 feliciter

516 2242 822 2311 emigravit,
864 2248 1161 2309 sanctaque
1187 2253 1252 2294 ac
1280 2237 1390 2293 Deo
1434 2248 1587 2309 grata
1623 2240 1958 2304 accessione,
1994 2258 2095 2295 nu—

509 2349 728 2388 merum
764 2333 1070 2394 beatorum,
1104 2331 1195 2399 ιιιιὶ
1225 2331 1292 2384 ab
1323 2331 1478 2386 initio
1509 2329 1726 2384 fuerant
1758 2333 1963 2389 saeculi.
1995 2350 2092 2386 cn-

517 2425 766 2481 rnnlavit.
803 2423 937 2478 Nam
979 2425 1034 2479 in
1075 2423 1392 2478 cmlcstilms
1423 2423 1603 2477 anima
1643 2423 1814 2492 ipsins
1846 2425 2096 2478 consedit

509 2517 907 2580 tabernaculis,
949 2515 1039 2569 ubi
1075 2515 1390 2583 angelorum
1425 2523 1556 2568 sunt
1597 2515 1842 2578 ordines,
1875 2516 1964 2568 ubi
1997 2531 2094 2584 pa-

513 2611 886 2666 triarcharum
905 2609 1111 2678 populi.
1133 2608 1224 2662 ubi
1245 2607 1634 2676 prophetarum
1657 2606 1835 2668 ebori,
1856 2607 1948 2660 ubi
1973 2622 2098 2676 apo-

515 2702 778 2756 stolorum
803 2698 984 2756 sedes.
1013 2696 1106 2751 ubi
1125 2705 1422 2765 martyrum
1449 2694 1734 2765 gaudium,
1762 2694 1852 2750 ubi
1880 2696 2094 2765 piorum

507 2794 731 2857 laetitiai,
752 2791 841 2845 ubi
855 2790 1138 2844 doctorum
1158 2788 1436 2858 splendor,
1453 2786 1542 2840 ubi
1563 2785 1808 2840 celebres
1833 2787 2097 2856 primoge-

515 2886 752 2938 nitorum
770 2890 967 2944 cmtus,
989 2879 1081 2933 ubi
1106 2895 1253 2948 purae
1270 2877 1664 2933 exsultantium
1685 2892 1867 2940 voces,
1895 2877 1985 2930 ubi
2007 2877 2096 2930 illa

511 2976 652 3032 bona
672 2981 1002 3044 patentque:
1020 2969 1195 3039 angeli
1213 2965 1528 3038 prospicere
1542 2973 1751 3037 optant.
1771 2964 1826 3018 in
1845 2975 2094 3020 sanctum

512 3069 664 3122 illum
692 3068 868 3121 locum
893 3063 1210 3120 felicissima
1231 3059 1372 3114 beati
1397 3058 1644 3127 clarique
1663 3059 1832 3128 patris
1848 3058 2093 3128 prrzem

2197 1864 2700 1935 κατεργασάμενος,
2749 1863 2972 1920 πολλαῖς
3015 1881 3074 1916 τε
3101 1863 3451 1934 παραινέσεσι
3489 1863 3617 1926 τοὺς
3651 1879 3776 1914 συν-

2196 1955 2354 2018 όντας
2393 1956 2528 2026 πρὸς
2556 1956 2647 2010 τὸν
2677 1942 2777 2026 τῆς
2808 1957 3008 2026 ἀρετῆς
3031 1954 3195 2024 ζῆλον
3239 1955 3618 2025 διαναστήσας.
3647 1955 3723 2014 ὡς
3747 1953 3774 2004 ό

2196 2045 2504 2108 τελευταῖος
2523 2045 2689 2100 αὑτοῦ
2722 2045 2880 2114 λόγος
2920 2044 3105 2114 δηλοῖ,
3135 2046 3213 2106 είς
3241 2045 3332 2098 τὸν
3360 2043 3670 2112 ἀκύμαντον
3696 2042 3775 2092 λι-

2200 2136 2336 2207 μένα
2362 2139 2459 2208 τῆς
2489 2138 2710 2192 αἰωνίου
2751 2137 3028 2207 βασιλείας
3059 2137 3347 2204 ἐξέπνευσε
3391 2136 3483 2188 καὶ
3510 2134 3777 2186 εύαπόδε-

2197 2244 2340 2289 κτος.
2370 2228 2480 2281 Ποῦ
2500 2229 2556 2282 δὲ
2596 2228 2696 2298 τὴν
2717 2228 2925 2282 ἐκείνου
2948 2227 3122 2300 ψυχὴν
3145 2227 3377 2298 ἀλλαχοῦ
3401 2227 3638 2290 εἰκάζειν
3668 2226 3781 2297 χρὴ

2197 2318 2520 2379 καταλῦσαι,
2545 2320 2576 2389 ἢ
2599 2320 2758 2390 δῆλον
2778 2321 2836 2372 ὲν
2863 2322 3090 2389 σκηναῖς
3110 2319 3402 2389 οὐρανίοις,
3429 2320 3562 2372 ὅπου
3590 2318 3782 2383 τάξεις

2197 2409 2464 2478 ἀγγέλων,
2514 2413 2650 2464 ὅπου
2693 2399 2844 2482 χορολ
2878 2412 3190 2482 προφητῶν.
3237 2413 3371 2465 ὅπου
3415 2411 3594 2481 ϐρόνοι
3634 2413 3781 2465 ἀπιο-

2200 2502 2423 2564 στόλων,
2468 2502 2601 2554 ὅπου
2632 2503 2776 2570 χαρά
2814 2501 2922 2554 τῶν
2955 2500 3266 2572 μαρτύρων.
3321 2502 3452 2554 ὅπου
3491 2502 3655 2553 ὁσίων
3685 2501 3776 2552 εὖ-

2201 2595 2467 2666 φροσύνη,
2498 2594 2633 2647 ὅπου
2659 2593 2994 2647 διδασκάλων
3021 2593 3360 2664 λαμπρότης,
3390 2593 3524 2645 ὅπου
3560 2609 3785 2662 πρωτο-

2195 2689 2370 2742 τόκων
2414 2687 2752 2756 πανήγυρις,
2799 2687 2892 2738 καὶ
2939 2681 3072 2756 ἦχος
3121 2683 3357 2754 καθαρὸς
3405 2685 3511 2735 τῶν
3560 2682 3786 2735 ἐκεῖθεν

2197 2779 2584 2850 ἑορταζόντων.
2624 2778 2720 2840 Είς
2762 2778 2946 2830 ἐκεῖνα
2976 2775 3046 2828 τὰ
3088 2775 3300 2843 ἀγαθὰ,
3346 2774 3380 2828 ἃ
3415 2773 3786 2843 ἐπιθυμοῦσιν

2198 2867 2418 2936 ἄγγελοι
2465 2866 2788 2936 παρακύψαι
2812 2907 2827 2928 ,
2869 2869 2949 2929 εἰς
2976 2868 3182 2918 ἐκεῖνον
3216 2866 3306 2918 τὸν
3333 2866 3476 2937 ἱερὸν
3515 2867 3785 2937 ἐφοίτησε

2199 2958 2373 3028 χῶρον
2421 2959 2456 3028 ἡ
2502 2957 2596 3009 τοῦ
2634 2954 2904 3026 μακαρίου
2950 2956 3044 3008 κα)⁸
3084 2954 3326 3024 ἀοιδίμου
3360 2955 3573 3025 Πατρός
3621 2957 3786 3026 ἡμῶν

2199 3049 2676 3119 πολυμακάριστος
2703 3049 2797 3101 καὶ
2821 3049 2952 3116 ἀγία
2979 3049 3144 3119 ψυχή.
3182 3047 3450 3118 Ἠγοῦμαι
3472 3049 3526 3100 δὲ
3551 3051 3624 3119 τῇ
3640 3050 3784 3118 πρὸς

507 3161 691 3213 anima
721 3155 988 3226 pervenit.
1019 3152 1273 3205 Arbitror
1299 3163 1431 3202 vero
1467 3162 1591 3202 cum
1633 3147 1688 3200 in
1727 3148 1930 3202 caelum
1975 3146 2089 3216 ipsa

2196 3142 2424 3213 οὐρανὸν
2449 3141 2618 3210 αὐτῆς
2646 3141 2907 3195 ἀναϐάσει
2934 3141 3190 3212 ἡγεῖσθαι
3220 3140 3319 3204 τάς
3345 3141 3495 3208 παρά
3536 3141 3634 3194 τὸν
3664 3142 3784 3212 βίον

507 3247 866 3308 ascenderet,
918 3243 1165 3314 singulas
1211 3255 1352 3311 quas
1387 3239 1440 3292 in
1487 3238 1592 3293 hac
1633 3238 1743 3290 vita
1776 3239 2089 3292 cxcoluerat

2195 3233 2356 3288 αὑτοῦ
2383 3233 2605 3302 ἀρετάς.
2629 3235 2725 3287 καὶ
2743 3234 3008 3288 δεικνύειν
3034 3236 3170 3305 αὐτῇ
3194 3235 3435 3305 ἑκάστην
3462 3235 3529 3288 τὰ
3555 3236 3782 3306 ἄρρητα

512 3343 744 3395 virtutes
776 3337 1144 3409 praecessisse,
1171 3347 1236 3386 ac
1268 3346 1357 3386 res
1388 3330 1508 3384 illas
1539 3328 1851 3384 reconditas
1877 3337 1932 3383 et
1968 3344 2089 3398 spc-

2195 3329 2377 3381 ἒκεῖνα
2410 3329 2504 3381 καὶ
2545 3328 2754 3382 ἀθέατα
2801 3327 3006 3396 κάλλη,
3053 3328 3148 3381 καὶ
3194 3328 3602 3398 προσελθοῦσαν
3636 3331 3779 3399 τάχα

507 3431 873 3494 ciosissimas,
900 3441 1022 3497 quae
1047 3422 1378 3479 mortalibus
1404 3419 1556 3474 cerni
1578 3427 1859 3488 nequeunt
1888 3419 2089 3484 oeulis,

510 3521 917 3574 demonstrasse
941 3533 959 3583 ;
985 3513 1336 3581 omniumque
1365 3508 1881 3564 excellentissimam
1906 3509 2088 3563 chari-

511 3621 673 3664 tatem
711 3609 793 3663 sic
841 3608 908 3664 ad
961 3620 1083 3660 eam
1141 3603 1490 3656 accedentem
1526 3601 1733 3656 dixisse
1780 3620 1794 3656 :
1835 3601 2088 3668 Intuere,

502 3704 706 3758 dilecta
742 3700 923 3756 anima
943 3739 962 3764 ,
987 3694 1486 3768 pulchritudinem,
1517 3709 1681 3763 quam
1716 3693 1816 3747 tibi
1862 3709 2088 3764 compa-

504 3797 621 3850 τεινὶ
642 3835 658 3856 ,
689 3793 962 3861 simulque
987 3789 1217 3845 delicias
1264 3787 1592 3858 ostendisse.
1629 3783 1862 3854 Moxque
1889 3800 2084 3841 accur-

506 3895 714 3942 rentem
745 3885 1126 3944 lnnuilitalem,
1158 3881 1233 3934 ita
1264 3895 1384 3934 eam
1423 3879 1787 3949 compellasse
1815 3897 1829 3932 :
1866 3878 2088 3948 Aspice,

501 3982 688 4034 anima
717 3978 823 4032 Deo
851 3976 1042 4037 chara,
1072 3972 1391 4044 eujusmodi
1415 3986 1514 4042 ego
1539 3972 1638 4026 tibi
1669 3972 1854 4026 locum
1885 3971 2088 4041 quietis

500 4071 784 4128 exornavi.
805 4069 943 4123 Tum
963 4077 1192 4123 caeteras
1214 4081 1405 4122 omnes
1421 4064 1699 4136 sigillatim
1722 4065 2084 4129 recensuisse,

503 4167 1023 4233 demonstrasseque
1063 4161 1282 4230 praemia
1310 4199 1326 4223 ,
1361 4173 1484 4228 quae
1519 4156 1628 4227 jam
1663 4157 1821 4223 inde,
1854 4171 1979 4209 cum
2020 4156 2088 4209 ab

506 4261 624 4329 ipsa
661 4255 840 4310 adhuc
870 4256 922 4308 in
951 4268 1184 4323 corpore
1231 4251 1624 4307 excolerentur
1663 4258 1829 4319 atque
1863 4263 2087 4302 exerce-

504 4357 713 4411 rentur,
746 4348 798 4400 in
833 4345 1076 4400 futurum
1116 4343 1529 4413 comparabant.
1569 4339 1614 4396 0
1636 4339 2002 4405 decantanda,
2033 4346 2090 4393 et

502 4441 717 4495 imitatu
749 4438 1068 4509 dignissima
1112 4435 1434 4505 emigratio!
1481 4432 1527 4487 0
1583 4447 1768 4496 mors,
1827 4431 2086 4502 lacrymis

2189 3418 2288 3490 τὴν
2334 3419 2553 3488 μείζονα
2588 3419 2776 3472 πασῶν
2809 3419 2920 3472 τῶν
2951 3419 3161 3490 ἀρετῶν
3195 3420 3435 3488 ἀγάπην.
3484 3420 3662 3484 οὕτως
3698 3423 3777 3474 sic

2191 3515 2313 3566 πεῖν
2333 3529 2346 3543 ο
2381 3512 2544 3583 Ὅρα,
2572 3511 2808 3581 φιλτάτη
2827 3510 2995 3581 ψυχὴ,
3023 3507 3135 3564 οἶόν
3165 3527 3246 3563 σοι
3279 3511 3618 3583 προεξένησα
3645 3514 3780 3566 κάλ’

2190 3604 2281 3668 λος
2305 3622 2318 3636 ·
2360 3604 2456 3658 καὶ
2499 3604 2596 3658 σὺν
2633 3603 2712 3674 τῷ
2747 3604 2892 3674 λόγῳ
2923 3601 3304 3667 καθυποδεῖξαι
3337 3603 3396 3656 τὸ
3423 3605 3776 3674 ὲντρύφημα.

2192 3697 2299 3750 Καὶ
2363 3697 2461 3768 τὴν
2523 3695 3026 3765 ταπεινοφροσύνην
3079 3693 3486 3764 ὲπιδραμοῦσαν
3535 3696 3776 3764 φράσαι-

2191 3788 2410 3852 Σκόπει,
2439 3787 2794 3860 πεποθημὲνη
2814 3786 2932 3857 Θεῷ
2972 3787 3140 3856 ψυχὴ,
3172 3781 3283 3839 οἷον
3306 3785 3461 3854 κάγώ
3501 3803 3584 3839 σοι
3608 3788 3779 3840 τόπον

2189 3882 2546 3943 ἀναπαύσεως
2585 3879 2876 3950 ήτοίμασα.
2934 3879 3043 3932 Καὶ
3069 3875 3212 3930 κατά
3244 3879 3407 3946 μέρος
3454 3876 3551 3940 τάς
3592 3873 3776 3937 πάσας

2189 3977 2362 4028 εἰπεῖν
2389 3991 2448 4027 τε
2483 3974 2578 4027 καὶ
2609 3971 3013 4036 καθυποδεῖξαι,
3040 3972 3158 4034 οἵας
3183 3971 3320 4040 αὐτῇ
3349 3970 3446 4032 τὰς
3471 3970 3775 4030 ἀντιδόσεις

2190 4066 2453 4137 πρότερον
2505 4064 2947 4134 φιλοπονηϐεἴσαι
2991 4063 3359 4134 προεξένησαν
3399 4062 3648 4132 ὕστερον,
3713 4064 3775 4114 ’Ὤ

2192 4159 2574 4229 πολυυμνήτου
2611 4159 2706 4211 καὶ
2750 4156 2993 4228 ζηλοηῆς
3039 4155 3348 4225 ἀποδημίας
3384 4156 3397 4208 !
3447 4153 3492 4207 ὦ
3532 4153 3772 4208 θανάτου

2187 4251 2439 4321 δακρύων
2475 4251 2550 4321 μὴ
2583 4249 2839 4320 δεομένου
2873 4249 2885 4302 Ξ
2917 4248 2963 4301 ὣ
2991 4247 3270 4319 χωρισμοῦ
3295 4287 3308 4310 ,
3361 4247 3458 4316 τὴν
3492 4247 3774 4315 ποθουμέ-

2188 4359 2286 4411 νην
2338 4341 2726 4412 προξενοῦντος
2770 4340 3112 4408 συνάφειανί
3175 4338 3222 4392 ὢ
3273 4337 3656 4408 μεταστάσεως
3712 4340 3772 4389 οὗ

2188 4432 2535 4502 παρεχούσης
2587 4432 2665 4503 τῷ
2732 4431 3060 4504 μεταστάντι
3139 4427 3492 4500 μετάμελονι
3575 4427 3623 4480 ὦ
3671 4447 3777 4497 κη-

503 4545 612 4584 non
638 4527 918 4598 indigens!
949 4524 996 4581 0
1029 4524 1302 4596 separatio
1324 4531 1566 4592 optatam
1599 4521 1924 4576 societatem
1955 4536 2082 4576 con-

2195 4520 2330 4584 Ξείας
2374 4521 2436 4574 ού
2478 4521 2825 4593 κεκτημένης
2866 4520 3200 4591 μετάμελονί
3255 4519 3344 4582 Ἐξ
3375 4513 3450 4572 ὧν
3487 4519 3602 4589 γάρ
3645 4522 3774 4579 τοὺς

501 4621 738 4675 cilians!
792 4617 836 4673 Ο
890 4619 1193 4682 transitus,
1237 4614 1399 4684 cujus
1436 4621 1822 4668 “transeuntem
1854 4613 2084 4668 minime

500 4712 762 4784 ‘paznitet!
791 4709 834 4765 0
865 4709 1052 4769 funus,
1081 4707 1259 4763 omnis
1280 4705 1486 4760 doloris
1511 4713 1676 4774 atque
1703 4702 1964 4758 molestia:
1981 4717 2080 4757 ex-

500 4807 657 4876 pers!
685 4801 822 4856 Dum
850 4802 1000 4857 enim
1024 4801 1199 4870 ipsius
1225 4812 1408 4854 mores
1436 4795 1793 4864 suspicimus,
1818 4793 2080 4846 consola-

499 4895 702 4949 tionem
735 4889 860 4944 inde
890 4889 1243 4960 percipimus.
1277 4885 1523 4939 Aliorum
1557 4884 1759 4954 quippe
1790 4883 2075 4936 hominum

496 5000 688 5049 mors,
745 4982 854 5036 illis
902 4980 993 5050 qui
1051 4979 1456 5048 relinquuntur,
1501 4975 1837 5046 lacrymandi
1877 4975 2080 5046 praebet

497 5089 720 5142 causam
771 5093 784 5128 :
832 5084 1153 5129 sanctorum
1194 5079 1376 5124 autem
1441 5068 1684 5124 laetitiam
1741 5067 1905 5122 nobis
1941 5067 2085 5121 cele-

498 5171 862 5238 ln-itatemquc
883 5164 1141 5223 conciliat
1165 5177 1178 5215 :
1210 5177 1380 5230 quare
1398 5163 1500 5216 ista
1525 5175 1632 5216 non
1651 5158 1884 5214 dicenda
1908 5174 2081 5223 mors,

498 5257 593 5312 sed
628 5257 810 5328 potius
847 5253 1151 5316 transitus.
1198 5259 1252 5305 et
1292 5251 1358 5303 ad
1405 5251 1569 5303 vitam
1625 5249 1752 5302 hinc
1803 5247 2081 5302 meliorem

495 5351 808 5420 emigratio.

571 5443 695 5500 llaac
735 5451 886 5506 sunt,
921 5455 1043 5511 quae
1081 5438 1202 5498 tibi,
1251 5435 1474 5490 Patrum
1507 5434 1710 5502 optime
1733 5473 1748 5494 ,
1780 5432 2079 5503 mundique

497 5537 690 5590 doctor
721 5533 1048 5595 clarissime,
1095 5529 1314 5583 laudum
1351 5526 1622 5596 praeconia
1659 5525 1836 5579 audax
1873 5525 2076 5594 lingua,

498 5637 559 5682 ut
587 5627 714 5681 vilia
747 5625 1095 5688 munuscula,
1143 5619 1300 5674 ollert
1331 5637 1343 5674 :
1379 5633 1486 5671 non
1512 5631 1574 5672 ea
1610 5616 1833 5686 quidem
1861 5632 1959 5686 pro
1997 5616 2079 5669 di-

498 5723 732 5793 gnitate,
769 5733 948 5788 neque
981 5725 1041 5772 ut
1071 5712 1332 5785 indigenti
1356 5710 1453 5765 tibi
1481 5725 1494 5764 :
1521 5724 1686 5782 quam
1713 5709 1856 5765 enim
1885 5709 2080 5765 aﬂ'crre

2188 4616 2396 4668 ἐκείνου
2423 4615 2657 4686 τρόπους
2687 4613 3068 4684 θαυμάζομεν,
3117 4615 3181 4665 ἐκ
3212 4611 3413 4664 τούτων
3449 4610 3545 4680 τὴν
3582 4628 3767 4680 παρα-

2189 4709 2388 4779 μυθίαν
2431 4707 2798 4778 λαμϐάνομεν.
2869 4705 2993 4757 Ἐπὶ
3027 4705 3124 4774 μὲν
3158 4703 3268 4773 γὰρ
3310 4701 3418 4753 τῶν
3455 4700 3635 4754 ἄλλων
3668 4703 3770 4751 ἀν-

2186 4803 2440 4875 θρώπων,
2478 4803 2507 4854 ό
2553 4801 2780 4862 θάνατος
2824 4801 2993 4862 αἴτιος
3026 4797 3276 4867 δακρύων
3305 4798 3417 4857 τοῖς
3449 4795 3770 4864 περιλειπησ

2188 4891 2368 4959 μένοις
2409 4888 2732 4959 γνωρίζεται
2756 4905 2768 4919 ·
2825 4889 2917 4940 ἐπὶ
2954 4886 3010 4940 δὲ
3043 4885 3150 4939 τῶν
3192 4885 3382 4954 ἁγίων,
3419 4882 3766 4952 εὐφροσύνης

2186 4983 2276 5036 καὶ
2309 4981 2666 5052 πανηγύρεως
2698 4979 3019 5032 καθίσταται
3052 4977 3307 5048 πρόξενος
3330 4993 3345 5006 ο
3399 4975 3483 5028 ὃτι
3510 4976 3572 5026 οὐ
3599 4973 3770 5027 θάνα-

2181 5093 2274 5138 τος
2306 5074 2335 5124 ὁ
2360 5073 2619 5138 τοιοῦτος,
2653 5071 2789 5125 ἀλλά
2821 5069 3151 5140 μετάστασις
3181 5066 3380 5137 μᾶλλον
3408 5067 3503 5119 καὶ
3530 5064 3666 5136 πρός
3695 5064 3768 5115 τὰ

2182 5167 2414 5240 κρείττω
2456 5166 2771 5238 μετάὄασις.

2249 5430 2433 5484 Ταῦτά
2463 5448 2544 5484 σοι
2589 5430 2718 5500 παρ’
2744 5425 2936 5497 ἡμῶν,
2974 5425 3081 5479 τῶν
3114 5424 3372 5493 Πατέρων
3409 5421 3622 5491 ἄριστε,
3667 5419 3760 5471 καὶ

2175 5523 2275 5592 τῆς
2301 5525 2450 5575 οίκου
2460 5521 2626 5592 μένης
2649 5517 2957 5579 διδάσκαλε,
2983 5515 3152 5585 τολμη
3163 5513 3230 5585 ρά
3251 5510 3492 5580 γλώσση,
3521 5510 3597 5572 ὡς
3614 5508 3756 5577 δῶρα

2178 5615 2306 5684 παρ’
2325 5614 2504 5679 ἀξίαν,
2531 5612 2866 5682 προσάγεται
2891 5607 2958 5660 τὰ
2991 5605 3240 5675 ἐγκώμια
3259 5621 3273 5634 ο
3296 5603 3394 5672 οὐχ
3415 5602 3491 5664 ὡς
3506 5599 3754 5670 χρῄζοντι

2180 5707 2364 5774 (ποίαν
2385 5704 2496 5775 γὰρ
2522 5703 2771 5756 εὔκλειαν
2788 5698 3066 5770 χαρίζεται
3092 5698 3270 5765 λόγος,
3293 5695 3468 5748 ὀπίσω
3484 5695 3582 5763 τῆς
3603 5692 3750 5757 ἀξίας
