3850 6490
105 375 199 433 ϐἆῢ

1073 386 1157 443 oe
1213 390 1375 446 VlTA
1413 391 1470 446 s.
1511 390 1763 445 parans
1804 372 2105 447 erilium
2146 393 2322 449 srm.

105 491 188 544 τοῦ
220 493 599 564 ἐπαινουμένου
651 498 937 573 βαδίζων),
974 504 1107 577 πρὸς
1145 507 1330 578 ὄνησιν
1362 509 1415 562 δὲ
1459 510 1655 579 μᾶλλον

1758 521 1923 580 queat
1954 511 2181 581 gloriam
2245 510 2461 572 oratio.
2518 525 2639 579 qua:
2685 506 2888 563 laudati
2938 505 3147 562 meritis
3172 507 3333 576 plane

104 584 203 636 τῶν
227 584 433 647 ζώντων
457 604 469 616 ⁸
502 589 581 641 ὅτι
612 593 839 664 μεγίστη
869 599 981 659 τοῖς
1009 598 1219 661 πολλοῖς
1247 601 1339 653 ἐπὶ
1363 600 1431 654 τὰ
1463 601 1655 671 βελτίω

106 676 428 747 παράκλησίς
447 697 506 731 τε
538 683 631 734 καὶ
662 688 962 757 προτροπὴ,
1011 690 1044 760 ἡ
1067 690 1172 744 τῶν
1200 692 1419 760 ἀγαθῶν
1443 692 1658 765 ἀνδρῶν

105 767 348 837 εὐφημία.
402 770 649 839 Ἐκίνησε
682 774 737 827 δὲ
781 777 915 847 πρὸς
952 779 1176 844 τούτους
1218 784 1364 853 ἡμᾶς
1416 784 1541 846 τοὺς
1570 783 1657 836 λό-

104 875 224 924 γους
255 865 340 912 καὶ
372 862 667 933 τολμητίας
693 868 1007 937 εἰργάσατο,
1044 872 1215 926 πολλὰ
1250 875 1348 944 μὲν
1378 876 1471 929 καὶ
1501 875 1655 931 ἄλλα.

116 947 212 999 Ἐῶ
241 950 342 1021 γὰρ
370 951 478 1019 ἐγὼ
513 953 579 1005 τὰ
613 956 863 1029 πολυειδῆ
893 965 1305 1034 προτερήματα,
1344 966 1439 1018 καὶ
1472 966 1535 1019 τὸ
1562 965 1656 1019 τοῦ

105 1040 214 1109 βίου
246 1041 334 1094 καί⁸
361 1042 517 1111 λόγου
552 1046 741 1118 κόσμῳ
782 1054 942 1105 παντὶ
969 1054 1286 1125 διαλάλητον
1307 1074 1321 1087 ·
1368 1057 1571 1111 τούτων
1599 1058 1656 1113 δέ

104 1132 255 1186 πλέον
286 1136 316 1204 ή
347 1134 630 1208 θαυμαστή
678 1159 769 1195 σου
804 1145 1111 1211 ἐπιστασία,
1159 1150 1253 1202 καὶ
1281 1148 1657 1221 ἀπολύτρωσις

101 1224 233 1292 ήείς
262 1226 347 1278 τὸν
394 1229 476 1280 σοὶ
514 1233 876 1301 γεγενημένον
915 1235 1225 1308 ὁμώνυμον,
1266 1240 1360 1293 τὸν
1395 1241 1490 1294 xui
1521 1239 1657 1312 πρὸς

102 1317 311 1379 τούτους
348 1319 492 1388 ἡμᾶς
524 1322 894 1379 ἀποδύσασθαι
930 1329 1056 1393 τοὺς
1099 1331 1314 1399 ἀγῶνας
1348 1333 1656 1405 προτρεψά-

102 1424 273 1507 μενον,
310 1408 365 1507 Pi;
398 1410 499 1507 ύπδ
525 1412 818 1507 βαρϐαρων
860 1420 1099 1487 ἐκγόνων
1131 1422 1226 1476 τοῦ
1252 1424 1476 1495 Ἰσμαὴλ
1510 1425 1660 1495 δορυ-

101 1496 294 1558 άὶωτος
314 1498 597 1569 ἀπαχθεὶς,
619 1505 711 1556 καὶ
731 1508 829 1577 τῆς
845 1508 1211 1580 ἐνεγκαμένης
1228 1513 1289 1565 οὐ
1316 1514 1510 1584 μικρὸν
1533 1516 1655 1586 χρό-

99 1603 182 1636 νον
218 1590 515 1659 χωρισθεὶς,
558 1594 691 1664 πρὸς
719 1597 788 1649 τὰ
827 1599 999 1652 οἰκεῖα
1030 1602 1395 1669 παλινοστῶν,
1436 1606 1657 1677 καὶτῆς

95 1677 213 1767 δδοῦ
244 1680 335 1750 τὴν
359 1682 691 1740 λυσιτέλειαν
727 1689 938 1757 ἀγνοῶν
957 1732 971 1755 ,
1020 1693 1121 1763 τῆς
1160 1694 1257 1765 σῆς
1288 1696 1443 1767 ἔτυχε
1476 1714 1655 1767 παρα·-

94 1766 243 1831 δόξου
273 1772 608 1839 ἐπιστασίας,
656 1778 750 1831 καὶ
802 1781 900 1850 τὴν
946 1782 1065 1836 ὁδὸν
1097 1785 1345 1857 ἐδιδάχθη
1386 1766 1489 1857 τὴν
1520 1766 1654 1857 πρὸς

92 1859 342 1915 διασωσιν
364 1866 561 1934 μᾶλλον
589 1870 918 1941 ἐπιτηδείαν,
938 1878 1030 1928 καὶ
1065 1876 1157 1929 τού
1194 1854 1400 1932 σκοποῦ
1522 1854 1654 1949 ἁλη-
1686 1854 1727 1909 Β

94 1950 202 2014 Οῶς
228 1954 285 2006 ού
314 1954 574 2029 διήμαρτε
592 1999 609 2013 .
648 1961 756 2014 Ναὶ
788 1964 894 2033 μὴν
928 1967 1020 2018 καί
1044 1968 1123 2029 είς
1156 1968 1287 2020 αὐτὸ
1316 1970 1657 2041 καταντήσας

90 2044 197 2095 τῶν
228 2046 477 2101 κινδύνων
502 2049 563 2102 τὸ
585 2051 770 2122 ἄκρον,
794 2054 887 2107 καὶ
911 2055 1133 2112 θάνατον
1152 2060 1521 2130 ἐκδεχόμενος,
1552 2062 1657 2114 ὑπὸ

90 2137 350 2207 ἐπηρείας
373 2140 507 2193 κατὰ
527 2143 624 2211 τὴν
644 2144 760 2197 ὁδὸν
783 2146 1119 2220 βαρϐαρικῆς
1135 2151 1420 2215 στενωθεὶς
1434 2192 1448 2214 ,
1472 2153 1546 2213 ὡς
1568 2154 1657 2224 μό-

88 2246 175 2279 νον
198 2229 295 2299 τῆς
322 2231 417 2299 σῆς
441 2234 756 2305 ἐπεμνήσθη
785 2240 1179 2310 προσηγορίας,
1203 2243 1470 2297 ἐπειπών·
1501 2246 1654 2313 Ἀγιε

101 2319 357 2391 Ἐφρατμ,
388 2322 572 2393 βοήθει
608 2342 720 2396 μοι.
757 2330 868 2380 Καὶ
890 2329 990 2400 τὴν
1013 2331 1222 2402 πλάνην
1252 2334 1361 2388 τῶν
1396 2336 1655 2389 κινδύνων

85 2412 334 2477 ἀϐλαϐῶς
356 2414 628 2488 ὑπερέϐη,
674 2420 769 2472 καὶ
799 2420 891 2473 τοῦ
927 2422 1091 2490 φόϐου
1122 2426 1490 2497 κατεφρόνησε
1511 2468 1526 2493 ,
1560 2429 1657 2481 καὶ

88 2505 356 2575 σωτηρίας
384 2507 524 2578 ὑπὲρ
553 2507 677 2562 νοῦν
696 2511 981 2582 τετύχηκε,
1022 2515 1116 2569 καὶ
1145 2518 1212 2587 τῇ
1258 2519 1480 2589 πατρίδι
1523 2523 1655 2591 παρ’

84 2597 275 2651 ἐλπίδα
318 2598 417 2653 ὑπὸ
457 2601 555 2671 τῆς
604 2602 703 2671 σῆς
770 2605 1024 2674 προνοίας
1070 2609 1472 2681 φρουρούμενος
1529 2612 1657 2665 ἀπο-

82 2687 314 2743 δέδοται.
370 2689 471 2744 Διὰ
516 2692 703 2756 τοῦτο,
760 2697 841 2759 εἰς
873 2696 944 2749 τὰ
974 2701 1349 2771 προειρημένα
1377 2705 1657 2773 προτεῖναι

81 2778 508 2850 ὲκτατικὼτερον
542 2782 940 2857 ἐτολμήσαμεν,
992 2790 1086 2843 κού.
1125 2791 1235 2843 τῶν
1283 2792 1521 2846 ἐπαίνων
1561 2797 1656 2863 ἐφ-

81 2868 325 2937 άψασθαι
372 2872 701 2945 ἀκαθάρτοις
744 2876 1121 2950 ἐτολμήσαμεν
1152 2881 1403 2951 χείλεσιν.
1455 2885 1565 2937 Καὶ
1604 2888 1655 2939 εἰ

80 2958 185 3026 μὲν
210 2959 358 3029 παρὰ
384 2962 518 3016 πολὺ
554 2964 647 3018 τοῦ
686 2966 899 3031 δέοντος
924 2968 1159 3039 ἤλθομεν
1194 2970 1253 3023 ἐν
1304 2974 1417 3036 τοῖς
1454 2970 1653 3042 λόγοις,

76 3049 255 3101 αἴτιον
284 3051 340 3103 σέ
385 3054 708 3125 γεγενῆσθαι
744 3059 843 3128 τῆς
882 3060 1169 3130 ὲπιτυχίας
1212 3062 1653 3135 στηλογραφήσο-

1762 603 2103 671 superatur?
2149 600 2347 657 Verum
2384 611 2607 671 propter
2645 600 2943 655 viventium
2981 599 3161 668 potius
3187 598 3333 651 utili-

1761 700 1923 744 tatem
1955 706 1971 753 ;
2009 705 2133 744 nam
2175 691 2445 745 bonorum
2496 701 2659 758 atque
2709 689 3147 758 przestantiorum
3182 687 3331 740 viro-

1758 794 1880 832 rum
1919 780 2191 843 encomia.
2228 779 2520 833 maximam
2572 778 2847 848 plerisque
2901 776 3330 831 consolationem

1756 879 1811 924 et
1844 871 2276 925 cohortationem
2330 869 2399 923 ad
2453 870 2678 923 meliora
2704 868 2962 923 afferunt.
2996 866 3147 921 lianc
3202 883 3335 920 vero

1759 962 2014 1016 laudandi
2055 961 2394 1032 provinciam
2424 960 2665 1014 alacrius
2693 959 3055 1029 suscepimus,
3088 973 3212 1012 cum
3245 972 3332 1009 va-

1757 1053 1856 1108 riis
1881 1053 2005 1108 aliis
2036 1053 2256 1107 adducti
2293 1051 2634 1109 rationibus.
2664 1058 2857 1120 praeter
2889 1051 3010 1104 vitae
3038 1049 3329 1105 doctrina:-

1756 1158 1862 1213 que
1888 1153 1997 1197 tua:
2026 1141 2222 1196 famam
2250 1149 2365 1196 toto
2406 1150 2676 1196 terrarum
2713 1141 2846 1195 orbe
2875 1140 3284 1195 celeberrimam
3312 1156 3328 1204 ;

1756 1243 1871 1289 tum
1905 1251 2035 1290 cura
2076 1236 2167 1290 illa
2199 1277 2212 1300 ,
2259 1250 2423 1304 quam
2454 1234 2512 1288 in
2558 1234 2776 1287 homine
2801 1230 3043 1301 ejusdem
3096 1231 3331 1286 nominis

1756 1325 2041 1381 liberando
2078 1324 2397 1379 adhibuisti.
2457 1324 2553 1379 llle
2593 1322 2865 1393 siquidem
2932 1337 3033 1376 nos
3082 1322 3149 1375 ad
3200 1322 3333 1375 sub.-

1756 1417 1995 1473 eundum
2038 1414 2147 1472 ιιοὸ
2170 1432 2311 1472 onus
2337 1416 2571 1487 impulit,
2607 1416 2699 1485 qui
2735 1430 2764 1467 a
2800 1414 3034 1484 posteris
3064 1412 3329 1469 Istnaelin

1756 1512 1900 1566 bello
1929 1517 2145 1581 captus,
2177 1520 2231 1566 et
2263 1510 2481 1579 longius
2514 1526 2544 1563 a
2591 1509 2765 1579 patria
2808 1507 2902 1561 diu
2934 1514 3335 1570 commoratus,

1756 1617 1878 1657 cum
1900 1603 2011 1673 jam
2039 1602 2107 1656 ad
2133 1616 2254 1658 eam
2295 1602 2476 1657 redire
2514 1600 2871 1662 desideraret,
2901 1599 3154 1669 viamque
3183 1612 3333 1651 com-

1758 1695 1970 1749 modam
2001 1695 2297 1764 ignoraret,
2336 1692 2601 1762 singulari
2649 1706 2751 1760 ope
2798 1699 2890 1743 tua
2920 1700 3096 1758 aptam
3142 1687 3207 1742 ad
3240 1703 3328 1741 sa-

1757 1785 1923 1841 lutem
1956 1784 2226 1840 rationem
2257 1784 2488 1849 invenit,
2520 1791 2576 1838 et
2612 1781 2757 1852 quod
2801 1780 2895 1835 diu
2918 1778 3329 1848 concupiverat.

1758 1877 1985 1946 adeptus
2016 1884 2121 1932 est.
2156 1876 2292 1931 Cum
2323 1876 2467 1931 enim
2529 1874 2587 1928 in
2632 1873 2927 1927 maximum
2972 1870 3093 1925 vita:
3137 1870 3330 1925 discri-

1758 1986 1880 2025 men
1908 1968 2176 2024 adduotus
2203 1977 2351 2023 esset
2392 1966 2571 2038 (quod
2599 1980 2792 2020 omnes
2839 1964 2937 2018 via:
2970 1964 3329 2018 barbarorum

1758 2060 2065 2118 interclusa:
2097 2061 2272 2130 copiis
2301 2060 2677 2128 tenerentur),
2716 2068 2767 2113 te
2799 2057 3017 2111 nomine
3066 2056 3332 2109 duntaxat

1758 2153 2050 2219 invocavit,
2090 2152 2280 2207 dicens
2306 2169 2321 2205 :
2345 2151 2543 2207 Sancte
2574 2149 2843 2220 Eplmem,
2872 2162 3131 2203 succurre
3171 2145 3327 2199 mibi.

1758 2243 1959 2314 Sicque
1991 2252 2107 2298 tuto
2147 2243 2513 2313 periculorum
2546 2242 2771 2312 laqueos
2804 2239 2999 2303 evasit,
3036 2253 3100 2291 ac
3136 2234 3335 2290 mortis

1757 2349 1957 2393 meium
2006 2338 2263 2409 neglexit,
2304 2338 2756 2407 in0pinatamque
2800 2340 3131 2389 consecutus
3184 2330 3333 2384 salu-

1758 2441 1885 2495 tem,
1924 2428 2114 2499 patrim
2144 2436 2239 2483 tuo
2262 2429 2507 2483 munitus
2544 2426 2802 2498 prmsidio
2830 2432 3024 2495 praeter
3056 2438 3203 2490 spem
3247 2426 3336 2476 cst

1755 2524 2060 2579 resritutns.
2095 2522 2274 2588 Quare
2319 2521 2387 2576 ad
2424 2522 2528 2575 ista
2568 2519 2896 2583 enarranda,
2940 2515 3204 2570 audacius
3238 2529 3333 2581 ag-

1755 2616 1965 2687 gressi,
2000 2615 2188 2669 laudes
2247 2623 2370 2669 tuas
2416 2613 2652 2683 impuris
2693 2612 2959 2680 attingere
2996 2608 3155 2675 labiis
3221 2623 3328 2660 non

1756 2725 1946 2766 sumus
1980 2706 2159 2763 veriti.
2212 2707 2329 2771 Qua
2353 2705 2573 2777 quidem
2610 2706 2663 2759 in
2700 2721 2758 2760 re
2782 2744 2799 2765 ,
2842 2704 2887 2757 si
2921 2702 3052 2772 quid
3090 2698 3331 2771 profere—

1756 2801 1949 2867 rimns,
1988 2800 2040 2855 id
2076 2808 2171 2855 tuo
2204 2814 2305 2855 nos
2356 2808 2645 2854 assecutus
2676 2795 2881 2851 auxilio
2914 2793 3232 2853 fatebimur,
3266 2790 3330 2841 ti-

1754 2893 1919 2963 bique
1942 2899 2223 2962 acceptum
2275 2889 2533 2944 feremus.
2578 2886 2678 2941 Sin
2735 2902 2864 2941 vero
2916 2896 3009 2938 tua
3069 2882 3335 2951 dignitate

1756 2984 1930 3039 multo
1965 2982 2256 3038 inferiores
2291 2982 2402 3036 sint
2428 2986 2632 3034 nostra:
2660 2975 3008 3032 laudationes
3042 3016 3057 3038 ,
3100 2980 3155 3026 te
3195 2988 3329 3041 quo-

1754 3091 1861 3148 que
1897 3077 2055 3146 (licet
2105 3074 2247 3130 forte
2275 3073 2541 3129 audacius
2565 3071 2671 3126 hoc
2708 3070 2913 3125 dictum
2956 3067 3242 3133 videatur)
3274 3066 3328 3120 in

78 3158 207 3242 μενἶ
257 3143 348 3240 καὶ
381 3146 473 3256 eo;
494 3147 595 3217 τὴν
648 3149 807 3220 χάριν
847 3152 1270 3223 ὁμολογήσομεν.
1334 3156 1473 3210 mes
1502 3159 1654 3231 παρᾶ

1758 3182 1926 3223 causa
1960 3166 2137 3222 fuisse
2166 3166 2435 3230 dicemus,
2467 3165 2560 3235 qui
2595 3172 2649 3219 et
2672 3165 2861 3219 vivens
2888 3201 2902 3225 ,
2931 3169 2985 3216 et
3013 3159 3330 3222 defunctus,

75 3228 220 3280 πολὺ
249 3230 349 3299 τῆς
384 3232 541 3297 ἀξίας
572 3238 620 3289 οἱ
654 3237 886 3304 ἔπαινοι,
933 3241 1025 3294 καὶ
1072 3240 1244 3307 οὕτως
1289 3244 1449 3299 πάλιν
1484 3228 1656 3304 αττιον

76 3318 142 3371 σὲ
194 3320 294 3389 τῆς
353 3324 649 3395 ἀποτυχίας
694 3332 1157 3402 καταιτιασόμεθα
1183 3374 1198 3397 ,
1250 3334 1352 3389 κᾶν
1387 3338 1657 3410 τολμηρός

71 3427 203 3474 πως
233 3412 263 3463 ὁ
297 3413 469 3481 λόγος.
530 3418 599 3473 Σὺ
635 3420 743 3490 γὰρ
771 3421 991 3490 φεύγειν
1023 3426 1148 3488 τοὺς
1189 3425 1441 3492 ἐπαίνους
1472 3428 1654 3498 βουλό-

73 3520 268 3571 μενος,
317 3507 409 3560 καὶ
433 3508 510 3572 ὡς
555 3510 662 3575 ζῶν
700 3514 761 3566 ἐν
800 3514 923 3585 βίῳ,
965 3514 1108 3569 οὕτω
1135 3518 1230 3571 καὶ
1270 3522 1542 3588 μεταστὰς
1566 3540 1657 3575 τα-

67 3599 457 3664 πεινοφρονεῑν
499 3598 899 3671 ἀσπαζόμενος,
950 3607 1375 3675 παρεμποδίζεις
1399 3611 1524 3675 τοὺς
1558 3613 1650 3680 ἐγ-

68 3686 385 3753 κωμιάζειν
413 3682 762 3757 σξθέλοντας.
797 3694 941 3766 Πλὴν
961 3696 1061 3749 κᾶν
1087 3715 1146 3751 τε
1172 3700 1347 3763 τοῦτο,
1380 3702 1482 3756 κᾶν
1504 3720 1566 3757 τε
1594 3705 1657 3758 τὸ

63 3777 188 3848 πρὸ
213 3780 424 3844 αὐτῶν,
468 3785 631 3853 ήμεῖς
662 3786 723 3837 τὸ
761 3788 936 3858 χρέος,
988 3790 1110 3843 ὅσον
1142 3792 1224 3854 εἰς
1270 3790 1528 3862 δύναμιν,
1554 3793 1658 3864 ἀφ-

62 3869 397 3939 οσιούμεθα,
456 3876 550 3927 καὶ
589 3878 934 3947 πιστεύομεν,
976 3881 1055 3945 ὡς
1100 3881 1207 3935 οὐδ’
1257 3884 1656 3959 ἀποστραφήσῃ

60 3963 232 4031 ἡμᾶς
278 3965 404 4027 τοὺς
445 3965 679 4039 θερμοὺς
724 3970 1132 4045 φιλοπάτοραςο
1188 3974 1302 4027 ἀλλ’
1331 3976 1407 4039 ὼς
1452 3977 1656 4030 παίδων

59 4054 353 4126 προσφιλῆ
394 4058 609 4123 γονεῦσι
649 4059 777 4131 δέξῃ
806 4061 1169 4135 ψελλίσματα.
1218 4067 1291 4119 Σὺ
1330 4066 1389 4119 δὲ
1419 4067 1497 4138 τῷ
1522 4067 1655 4137 θείῳ

57 4147 490 4215 παριστάμενος
539 4150 937 4225 θυσιαστηρίῳ,
987 4156 1083 4208 καὶ
1120 4159 1187 4226 τῇ
1232 4156 1512 4228 ζωαρχικῇ
1564 4159 1656 4211 καὶ

57 4237 361 4307 ὑπεραγίᾳ
397 4239 722 4311 λειτουργῶν
751 4243 848 4296 σὺν
873 4245 1126 4313 ἀγγέλοις
1149 4246 1341 4317 Τριάδι
1362 4289 1375 4311 ,
1408 4246 1656 4317 μέμνησο

55 4329 303 4381 πάντων
328 4330 360 4398 ἡ
371 4329 505 4398 μῶν,
524 4331 839 4401 αἰτούμενος
857 4335 990 4405 ἡμῖν
1007 4336 1418 4407 ἁμαρτημάτων
1435 4336 1652 4404 ἄφεσιν,

52 4418 301 4471 αἰωνίου
330 4436 391 4472 τε
424 4420 700 4490 βασιλείας
744 4424 1076 4490 ἀπόλαυσιν,
1110 4428 1168 4480 ἐν
1206 4426 1427 4497 Χριστῷ
1478 4425 1653 4497 Ἰησοῦ

1759 3259 2020 3313 modestia
2049 3257 2485 3327 humilitatisque
2515 3255 2697 3311 studio
2720 3293 2736 3318 ,
2771 3261 2823 3309 te
2867 3251 3180 3308 collaudare
3233 3265 3330 3304 cu-

1757 3350 1968 3419 pientes
2006 3349 2261 3420 impedis.
2302 3346 2689 3404 Verumtamen
2713 3386 2728 3411 ,
2763 3346 2877 3401 sive
2912 3342 3059 3399 istud
3085 3342 3177 3407 sit,
3214 3342 3330 3396 sive

1758 3440 1923 3504 illud,
1954 3456 2055 3497 nos
2099 3451 2363 3512 quantum
2414 3440 2659 3494 tulerunt
2684 3438 2828 3492 vires
2854 3476 2869 3499 ,
2912 3435 3129 3506 pietatis
3154 3432 3331 3488 oliicio

1755 3534 2163 3591 satisfecirnus:
2195 3543 2355 3603 teque
2395 3533 2499 3587 hoc
2530 3533 2705 3600 ipsum
2740 3530 2962 3583 minime
3004 3526 3162 3581 nobis
3205 3542 3330 3579 suc-

1755 3641 2074 3689 censurum,
2119 3638 2294 3696 neque
2334 3624 2409 3677 tui
2442 3620 2854 3677 amantissimos
2900 3625 3277 3674 aversaturum
3311 3633 3327 3682 ;

1756 3732 1943 3773 verum
1973 3731 2126 3787 aequo
2146 3716 2520 3784 benevoloque
2551 3714 2735 3769 animo
2766 3711 2997 3765 ﬁliorum
3024 3707 3331 3762 balbutien-

1754 3810 1890 3863 tium
1931 3808 2122 3864 laudes
2167 3806 2536 3862 admissurum
2565 3846 2581 3871 ,
2642 3801 2988 3859 confidimus.
3033 3797 3114 3853 Tu
3150 3808 3327 3852 autem
3366 3834 3371 3839 -

1754 3900 1941 3955 divino
1968 3899 2081 3969 jam
2130 3901 2399 3955 assistens
2442 3897 2636 3963 altari,
2683 3897 2914 3965 vitaeque
2947 3891 3180 3963 principi
3214 3932 3228 3956 ,
3265 3907 3329 3945 ac

1757 3991 2117 4049 sanctissimae
2142 4006 2251 4045 una
2296 4005 2421 4045 cum
2452 3989 2660 4059 angelis
2693 3986 3012 4043 sacrificans
3041 3983 3327 4047 Trinitati,

1754 4084 1999 4138 omnium
2066 4090 2316 4144 nostrum
2392 4080 2747 4142 memineris,
2787 4077 3109 4145 veniamque
3167 4074 3329 4129 nobis

1754 4184 2101 4246 peccatorum
2133 4174 2362 4242 iinpctra
2390 4190 2403 4227 :
2431 4178 2489 4225 ut
2520 4171 2851 4239 sempiterna
2884 4165 3129 4221 caelestis
3174 4163 3327 4233 regni

1755 4267 2091 4323 beatitudine
2140 4264 2345 4336 perfrui
2378 4264 2672 4334 possimus.
2705 4260 2764 4314 ln
2817 4260 3033 4315 Christo
3063 4257 3191 4314 Jcsu
3229 4255 3329 4309 Do-

1755 4356 1905 4411 mino
1930 4363 2159 4411 nostro:
2201 4354 2290 4409 cui
2323 4353 2497 4424 gloria
2546 4366 2672 4406 cum
2717 4349 2881 4405 Patre
2931 4348 3199 4420 principio
3231 4363 3326 4402 εσυ

1756 4459 1931 4512 rente,
1955 4454 2010 4502 et
2069 4454 2260 4502 sancto
2316 4460 2381 4500 ac
2428 4444 2740 4499 vivificante
2788 4441 3028 4513 Spiritu,
3069 4455 3215 4497 nunc
3269 4446 3329 4494 et

182 4507 393 4611 κυρίῳ.
420 4512 599 4582 ήμῶν,
648 4506 693 4582 ᾧ
725 4516 758 4585 ἡ
812 4515 937 4582 δόξα
967 4517 1065 4570 σὺν
1115 4517 1190 4589 τῷ
1229 4518 1451 4589 ἀνάρχῳ
1478 4519 1654 4590 Πατρ¹ι⁹

1763 4554 1995 4611 semper,
2025 4546 2079 4595 et
2117 4538 2171 4594 in
2201 4538 2400 4604 sgecula
2443 4538 2788 4592 saeculorum.
2824 4535 3014 4590 Amen.

47 4604 167 4656 καὶ
196 4604 277 4674 τῷ
308 4604 439 4675 θείῳ
466 4606 558 4659 καὶ
580 4605 828 4679 ζωοποιῷ
848 4610 1147 4681 Πνεύματι,
1174 4610 1270 4667 νῦν
1297 4612 1391 4667 καὶ
1411 4612 1520 4680 ἀεὶ,
1554 4614 1648 4666 καὶ

43 4696 150 4759 ei;
185 4698 319 4760 τοὺς
344 4697 545 4762 αἰῶνας
571 4699 679 4754 τῶν
708 4700 936 4758 αἰώνων.
973 4704 1165 4759 Ἀναίων.
