3850 6404
502 265 617 328 ,851

536 424 1954 455 W

1785 581 2013 666 ΤΟΥ

1756 269 1813 324 S.
1854 268 2176 325 GREGORII
2209 269 2501 326 NYSSENI

3677 264 3780 321 852

2109 581 2482 667 ΑΥΤΟΥ

1412 770 2249 888 ΕΠΙΤΑΦΙΟΣ
2360 765 2889 888 ΛΟΓΟΣ

1149 988 1261 1043 ΕΙΣ
1309 987 1448 1041 TUN
1499 987 1736 1042 MEI‘AN
1797 983 2152 1040 MEAETION
2211 985 2611 1040 ΕΠΙΣΚΟΠΟΝ

2680 985 3091 1041 ΔΝΤΙΟΧΕΙΑΣ

1877 1274 2411 1365 EJUSDEM

1485 1489 2020 1606 ORATIO
2114 1479 2811 1603 FUNEBRIS

1309 1712 1378 1772 lN
1410 1708 1705 1772 MAGNUM
1741 1713 2099 1771 uenenum
2137 1695 2529 1771 EPISCOPUM
2557 1713 2975 1772 ANTIOCHIE.

1769 1872 1954 1924 Eodem
1978 1874 2196 1938 Sipbano
2219 1875 2520 1939 interprete.

603 2194 771 2251 Auxit
815 2195 970 2251 nobis
1029 2209 1312 2251 numerum
1343 2196 1711 2265 apostolorum
1755 2211 1930 2252 novus
1971 2211 2145 2269 apo-1

2276 2199 2524 2271 Ηῦξησεν
2559 2201 2688 2271 ἡμῖν
2717 2199 2808 2252 τὸν
2848 2199 3078 2269 ἀριθμὸν
3107 2195 3215 2251 τῶν
3257 2196 3567 2252 ἀποστόλων
3599 2199 3632 2251 6
3657 2198 3778 2260 νέος

534 2289 728 2350 stolus.
779 2287 872 2358 Qui
903 2295 1194 2359 cooptatus
1218 2297 1304 2342 est
1351 2288 1407 2342 in
1436 2288 1683 2343 ordinem
1711 2290 2101 2359 apostolorum.

534 2375 842 2433 Traxerunt
870 2379 1014 2434 enim
1043 2379 1219 2435 sancti
1254 2379 1321 2434 ad
1351 2395 1410 2434 se
1439 2381 1708 2445 moribus,
1734 2382 2104 2449 consimilem;

535 2472 812 2538 athletam,
843 2472 1092 2539 athleta;
1114 2469 1459 2540 coronatum,
1481 2474 1726 2528 coronati
1751 2491 1767 2542 ;
1789 2473 1970 2529 animo
1985 2489 2109 2530 cas-

537 2571 685 2628 tum,
723 2563 888 2619 cbrde
923 2565 1088 2634 puri;
1126 2579 1434 2634 praeconem
1490 2567 1763 2622 sermonis
1792 2608 1808 2634 ,
1866 2565 2108 2622 ministri

535 2655 826 2710 sermonis.
861 2653 1060 2711 Verum
1118 2663 1276 2728 pater
1313 2657 1531 2727 quidem
1585 2665 1773 2715 noster
1818 2658 2108 2731 apostolici

534 2746 902 2812 contubernii,
940 2756 995 2803 et
1022 2747 1093 2804 ad
1145 2747 1424 2805 Christum
1466 2750 1820 2807 resolutionis
1880 2752 2108 2806 nomine

534 2837 729 2894 beatus
757 2837 1039 2895 habendus
1059 2847 1178 2897 est:
1204 2854 1304 2896 nos
1335 2855 1465 2895 vero
1492 2841 1857 2898 miserabiles.
1887 2842 2108 2898 Orbitas

533 2929 682 2985 enim
728 2938 1058 3001 praematura
1098 2945 1209 2989 non
1247 2932 1400 2998 sinit,
1437 2942 1498 2988 ut
1543 2949 1610 2990 eo
1649 2935 1873 2990 nomine
1918 2935 2109 2990 beatos

534 3034 637 3075 nos
670 3021 939 3088 dicamus,
979 3022 1124 3094 quod
1151 3033 1260 3077 tam
1289 3024 1495 3079 bonum
1520 3033 1576 3081 et
1614 3024 1962 3081 commodum
2007 3042 2108 3097 pa-

536 3122 676 3169 trem
705 3115 852 3169 nacti
881 3129 1105 3170 eramus
1126 3155 1141 3170 .
1192 3115 1279 3170 llli
1311 3117 1512 3172 melius
1541 3125 1662 3172 erat
1695 3133 1792 3188 per
1818 3120 2110 3175 resolutio-

536 3219 660 3260 nem
691 3220 815 3261 esse
842 3220 969 3260 cum
1008 3205 1230 3263 Christo
1261 3224 1277 3261 :
1311 3214 1368 3261 at
1400 3207 1561 3264 nobis
1597 3210 1856 3264 acerbum
1894 3217 1950 3265 et
1988 3226 2112 3266 mo-

536 3295 733 3351 lestum
794 3306 1025 3367 paterno
1101 3297 1362 3369 praesidio
1431 3299 1844 3371 patrocinioque
1898 3316 2107 3358 carere.

536 3381 680 3440 Ecce
707 3385 853 3440 enim
883 3394 1100 3458 tempus
1134 3390 1354 3446 consilii
1386 3399 1512 3457 est,
1543 3399 1599 3448 et
1655 3394 1947 3450 consilium
1979 3396 2113 3453 dare

537 3476 736 3532 solitus
769 3486 933 3533 tacet.
969 3478 1179 3535 Bellum
1213 3497 1316 3538 nos
1346 3483 1710 3553 circumstat,
1760 3487 1965 3542 bellum
1998 3489 2108 3544 hae-

2203 2293 2517 2357 ἀπόστολος,
2541 2294 2570 2345 6
2599 2289 3134 2360 συγκαταψηφισθεὶς
3158 2289 3291 2360 μετά
3320 2290 3426 2342 τῶν
3437 2289 3774 2343 ἀποστόλων.

2204 2386 2474 2439 Εἴλκυσαν
2501 2386 2610 2458 γὰρ
2646 2387 2695 2438 οἱ
2737 2387 2880 2453 ἀγιοι
2905 2383 3041 2454 πρὸς
3067 2385 3291 2446 ἑαυτοὺς
3321 2383 3412 2436 τὸν
3445 2383 3773 2453 ὁμότροπον,

2204 2479 2292 2532 τὸν
2321 2478 2552 2549 ἀθλητὴν
2573 2478 2665 2530 τὸν
2695 2477 3014 2546 στεφανίτην
3051 2477 3098 2529 οἱ
3129 2478 3460 2544 στεφανῖται,
3488 2475 3581 2528 τὸν
3609 2472 3780 2542 ἁγνὸν

2203 2570 2253 2622 oi
2283 2569 2529 2639 ἀθληταὶ,
2567 2568 2632 2637 τῇ
2651 2565 2796 2636 ψυχῇ
2821 2566 2870 2619 οἱ
2892 2564 3118 2636 καθαροὶ
3135 2568 3201 2636 τῇ
3219 2562 3534 2636 καρδίᾳ,τδν
3553 2565 3778 2633 κήρυκα

2203 2660 2298 2714 τοῦ
2315 2660 2471 2729 λόγου
2487 2661 2538 2712 oi
2553 2659 2820 2730 ὑπηρέται
2834 2657 2929 2712 τοῦ
2947 2658 3122 2726 λόγου.
3140 2657 3298 2711 Ἀλλά
3317 2657 3653 2728 μακαριστὸς
3679 2656 3782 2726 μὲν

2204 2751 2233 2802 6
2246 2748 2435 2820 Πατὴρ
2457 2750 2490 2817 ἡ
2500 2747 2636 2818 μῶν,
2651 2747 2752 2816 τῆς
2765 2763 2827 2800 τε
2849 2747 3208 2818 ἀποστολικῆς
3225 2746 3535 2818 συσκηνίας,
3561 2747 3666 2798 καὶ
3679 2745 3781 2813 τῆς

2206 2841 2343 2913 πρὸς
2369 2841 2459 2894 τὸν
2489 2838 2723 2911 Χριστὸν
2751 2839 3062 2902 ἀναλύσεως
3085 2855 3098 2868 ·
3143 2838 3365 2892 ὲλεεινοὶ
3390 2837 3445 2890 δὲ
3465 2839 3654 2907 ἡμεῖς.
3704 2836 3780 2888 Οὐ

2206 2934 2316 3004 γὰρ
2343 2933 2408 3004 ὲᾷ
2435 2929 2759 3003 μακαρίζειν
2788 2930 2936 3001 ἡμᾶς
2972 2929 3066 2983 τοῦ
3099 2930 3313 3002 Πατρὸς
3335 2929 3432 2999 τὴν
3453 2927 3779 2997 εὐκληρίαν,

2207 3027 2241 3095 ὴ
2264 3024 2440 3096 ἁωρία
2474 3025 2574 3092 τῆς
2620 3021 2904 3093 ὀρφανίας.
2954 3021 3176 3093 Ἐκείνῳ
3215 3023 3456 3093 κρεῖττον
3483 3015 3552 3090 ἦν
3583 3020 3653 3072 τὸ
3687 3020 3782 3070 σὺν

2207 3115 2428 3188 Χριστῷ
2453 3111 2590 3168 εἶναι
2623 3115 2710 3168 διά
2744 3115 2841 3186 τῆς
2881 3113 3212 3180 ἀναλύσεως,
3242 3113 3356 3168 ἀλλ’
3387 3115 3518 3185 ήμῖν
3539 3111 3786 3182 χαλεπδν

2207 3206 2269 3259 τὸ
2297 3205 2678 3276 διαζευχθῆναι
2700 3205 2800 3275 τῆς
2827 3205 3099 3276 πατρικῆς
3119 3204 3470 3276 προστασίας.
3507 3202 3647 3256 Ἰδοὺ
3675 3202 3783 3271 γὰρ

2212 3298 2406 3370 βουλῆς
2453 3297 2670 3370 καιρὸς,
2702 3297 2798 3352 καὶ
2836 3299 2865 3350 6
2907 3297 3283 3368 συμϐουλεύων
3328 3297 3474 3366 σιγᾷ.
3533 3295 3784 3365 Πόλεμος

2211 3392 2358 3463 ἡμᾶς
2404 3390 2898 3461 περιεστοίχισται,
2952 3390 3185 3461 πόλεμος
3227 3387 3497 3458 αἱρετικός
3526 3403 3542 3417 ο
3607 3387 3707 3440 καὶ
3757 3387 3787 3437 6

2213 3483 2530 3555 στρατηγῶν
2584 3483 2685 3536 οὐκ
2731 3481 2868 3536 ἐστι.
2931 3481 3146 3552 Κάμνει
3179 3483 3299 3544 ταῖς
3347 3478 3687 3552 ἀρρωστίαις
3724 3480 3785 3529 τὸ

537 3569 802 3636 reticum;
829 3578 884 3625 et
919 3571 1015 3641 qui
1042 3571 1235 3627 ducem
1263 3589 1324 3631 se
1351 3576 1624 3645 praebeat,
1662 3552 1822 3634 nobis
1855 3595 1964 3635 non
1998 3589 2103 3637 est.
2134 3553 2145 3609 Ῑ

2212 3552 2583 3645 κοινὸν-σῶμα
2630 3575 2724 3642 τῆς
2763 3573 3118 3644 Ἐκκλησίας,
3169 3571 3264 3625 καὶ
3311 3571 3398 3624 τὸν
3455 3569 3643 3640 ἰατρὸν
3689 3569 3788 3636 οὐχ

539 3661 783 3717 Laborat
815 3663 1226 3721 inﬁrmitatibus
1251 3680 1542 3725 commune
1573 3685 1772 3742 corpus
1799 3671 2056 3728 Ecclesize
2091 3714 2108 3740 ,

540 3765 594 3810 et
626 3754 898 3810 medicum
933 3771 1044 3812 non
1095 3758 1425 3816 invenimus.
1459 3759 1652 3818 Videte
1683 3779 1793 3833 quo
1850 3765 1973 3821 loco
2001 3765 2112 3821 sint

541 3861 631 3901 res
659 3854 888 3902 nostrae:
909 3847 1124 3913 vellem,
1143 3848 1318 3920 siquo
1343 3851 1506 3906 modo
1532 3851 1650 3907 ﬁeri
1678 3862 1888 3923 posset,
1908 3859 2112 3910 contir-

540 3945 689 3992 mata
717 3953 837 3994 mea
867 3939 1147 3996 debilitate
1177 3957 1287 3997 una
1321 3957 1446 3998 cum
1476 3944 1856 4016 magnitudine
1885 3947 2113 4002 calami-

541 4031 670 4086 tatis
692 4029 1010 4095 ascendere,
1035 4039 1090 4087 et
1123 4031 1362 4102 aliquam
1379 4048 1631 4103 rumpere
1648 4050 1860 4104 vocem,
1879 4052 2002 4107 quae
2030 4039 2113 4093 in-

540 4121 832 4177 commodo
877 4119 1237 4191 responderet
1277 4138 1294 4177 :
1338 4122 1803 4192 quemadmodum
1858 4125 1949 4179 isti
2007 4125 2109 4179 viri

541 4212 749 4284 egregii
802 4211 1057 4268 fecerunt
1086 4252 1101 4277 ,
1152 4212 1247 4284 qui
1308 4229 1504 4284 magna
1553 4229 1688 4271 voce
1745 4217 2114 4273 calamitatem

545 4304 734 4359 amissi
783 4303 958 4374 patris
992 4302 1433 4373 deploraverunt.
1472 4302 1580 4359 Sed
1608 4304 1741 4373 quid
1779 4319 1937 4376 agam
1965 4306 1988 4360 ?
2017 4306 2113 4377 qui

545 4409 741 4466 cogam
783 4395 1023 4465 linguam
1050 4393 1121 4448 ad
1149 4394 1555 4450 inserviendum
1584 4396 1822 4478 orationi
1853 4385 2113 4468 tanquam

543 4485 698 4555 gravi
735 4484 955 4540 vinculo
987 4525 1004 4550 ,
1067 4485 1378 4541 calamitate
1430 4485 1747 4556 impeditam
1776 4487 1800 4540 ?
1829 4486 2115 4554 Quomodo

544 4577 784 4646 aperiam
811 4591 874 4632 os
913 4577 1291 4634 taciturnitate
1345 4587 1511 4648 atque
1569 4579 1794 4634 silentio
1840 4582 2115 4651 captum?

544 4685 652 4740 qtta
687 4670 898 4724 ratione
928 4684 1118 4724 vocem
1151 4670 1400 4725 emittam
1430 4671 1498 4724 ad
1527 4671 1865 4728 calamitates
1897 4682 1952 4728 et
2000 4674 2118 4731 luc-

543 4769 636 4819 tus
667 4777 734 4818 er
763 4761 1164 4818 consuetudine
1191 4761 1537 4818 delabentem
1566 4763 1589 4816 ?
1616 4765 1894 4834 quomodo
1948 4768 2116 4822 animi

543 4854 723 4910 oculis
755 4855 1074 4925 suspiciam,
1108 4855 1202 4926 qui
1230 4855 1464 4925 caligine
1507 4855 1841 4914 calamitatis
1873 4858 2113 4914 circum-
2141 4883 2184 4940 ε

545 4945 705 5003 fusus
761 4948 924 5004 sum?
969 4946 1105 5014 Quis
1133 4947 1268 5002 mihi
1301 4947 1405 5002 hac
1452 4948 1623 5003 densa
1662 4957 1827 5020 atque
1879 4952 2116 5006 obscura

548 5037 787 5095 tristitia:
842 5039 1040 5095 nebula
1097 5039 1386 5107 discussa,
1447 5055 1643 5095 rursus
1696 5056 1763 5095 ex
1822 5042 2118 5098 serenitate

547 5131 757 5185 clarum
791 5130 946 5200 pacis
980 5130 1194 5185 radium
1224 5129 1548 5186 exhibebit?
1580 5129 1724 5184 unde
1774 5145 1906 5184 vero
1931 5130 2117 5186 radius

548 5222 716 5276 etiam
746 5221 1039 5289 elucescet,
1067 5237 1191 5276 cum
1227 5223 1382 5278 stella
1417 5222 1578 5276 nobis
1602 5219 1868 5276 occiderit
1893 5221 1916 5274 ?
1940 5221 1984 5276 Ο
2002 5237 2117 5275 ma-

550 5313 656 5366 lam
685 5321 902 5368 noctem
943 5313 1238 5369 obscuram
1266 5354 1283 5379 ,
1320 5329 1444 5384 quae
1495 5323 1673 5368 ortum
1735 5313 1956 5368 luminis
2004 5327 2114 5367 non

550 5416 735 5473 sperat
766 5406 780 5458 !
823 5404 999 5472 Quam
1034 5407 1308 5460 contrario
1347 5406 1511 5460 modo
1539 5420 1570 5458 a
1601 5406 1758 5461 nobis
1785 5405 1888 5458 hoc
1915 5405 2040 5458 loco
2061 5412 2116 5459 et

551 5513 698 5552 nunc
730 5498 896 5552 verba
925 5497 1080 5564 ﬁunt,
1110 5508 1163 5554 et
1190 5513 1366 5568 nuper
1420 5498 1568 5552 facta
1610 5507 1737 5553 sunt
1764 5498 1777 5550 l
1812 5497 1968 5553 Tunc
1995 5508 2116 5553 tan-

550 5603 716 5658 quam
753 5587 808 5642 in
840 5589 1044 5660 nuptiis
1086 5588 1524 5658 tripudiabamus
1564 5596 1619 5644 et
1661 5588 1892 5645 choreas
1945 5588 2116 5645 duce-

551 5681 785 5738 bamus:
814 5696 962 5736 nunc
990 5679 1376 5736 miserabiliter
1405 5681 1652 5751 lugentes
1686 5679 2111 5752 ingemiscimus.

2208 3665 2551 3736 εὑρίσκομεν.
2597 3663 2792 3735 Ὁρᾶτε
2823 3665 2883 3716 ὲν
2910 3666 3172 3727 ποταποῖς
3199 3662 3268 3715 τά
3295 3663 3558 3732 ἡμέτερα.
3602 3661 3788 3713 Ἐὅου-

2207 3756 2379 3826 λόμην
2403 3755 2572 3819 εῐπως
2605 3748 2717 3808 οἷόν
2758 3772 2818 3807 τε
2850 3751 2919 3826 ἦν
2959 3753 3196 3816 τονώσας
3226 3751 3460 3823 ἐμαυτοῦ
3489 3751 3592 3823 τὴν
3625 3752 3784 3805 ἀσθέ-

2209 3864 2378 3911 νειαν,
2400 3846 2757 3918 συναναὸῆναι
2777 3845 2857 3916 τῷ
2887 3845 3036 3916 ὄγκῳ
3065 3847 3162 3916 τῆς
3201 3845 3498 3915 συμφορᾶς,
3532 3845 3630 3897 καί
3666 3861 3786 3895 τινα

2211 3939 2372 4011 ῥῆξαι
2423 3937 2604 4009 φωνὴν
2653 3938 2774 3991 κατ’
2809 3936 2964 4003 ἀξίαν
3002 3935 3096 3989 τοῦ
3144 3935 3349 3998 πάθους
3371 3951 3386 3964 ⁸
3444 3934 3702 4005 καθάπερ
3735 3936 3784 3984 οξ

2209 4033 2446 4100 γενναῖοι
2492 4032 2855 4100 πεποιήκασιν
2888 4020 3033 4080 οὗτοι
3053 4067 3069 4091 ,
3119 4023 3516 4098 μεγαλοφώνως
3557 4025 3667 4096 τὴν
3696 4026 3786 4076 ἐπὶ

2209 4122 2288 4192 τῷ
2333 4121 2508 4192 Πατρὶ
2559 4118 2842 4191 συμφορὰν
2884 4118 3216 4189 ὀδυρόμενοι.
3269 4116 3430 4170 Ἀλλά
3480 4116 3533 4168 τί
3581 4116 3784 4180 πάθω;

2211 4213 2337 4278 Πῶς
2377 4211 2632 4283 βιάσομαι
2676 4211 2926 4279 γλῶσσαν
2979 4210 3060 4273 είς
3106 4209 3408 4280 ὑπηρεσίαν
3455 4208 3548 4261 τοῦ
3598 4207 3785 4276 λόγου,

2212 4305 2461 4376 καθάπερ
2489 4306 2598 4359 τινὶ
2634 4305 2768 4375 πέδῃ
2805 4304 2998 4374 βαρείᾳ
3032 4305 3098 4374 τῇ
3126 4303 3383 4373 συμφορᾷ
3413 4300 3785 4371 πεδηθεῖσανς

2195 4399 2338 4462 Πῶς
2366 4395 2560 4461 ἀνοίξω
2598 4396 2771 4467 στόμα
2809 4398 2875 4466 τῇ
2916 4394 3123 4464 ἀφασίᾳ
3159 4392 3566 4464 κεκρατημένον
3589 4409 3612 4456 ;
3662 4393 3790 4454 Πῶς

2213 4487 2469 4558 πρόωμαι
2499 4486 2711 4557 φωνὴν,
2755 4487 2836 4550 είς
2882 4485 3028 4556 πάθη
3071 4485 3163 4538 καὶ
3197 4484 3426 4554 θρήνους
3469 4485 3615 4538 κατά
3664 4503 3788 4539 συν-

2214 4577 2402 4650 ηθείας
2449 4575 2996 4644 κατολισθαίνουσαν;
3037 4576 3160 4640 Πῶς
3207 4575 3494 4645 ἀναϐλέψω
3527 4579 3646 4640 τοῖς
3688 4578 3790 4646 τῆς

2213 4670 2388 4741 ψυχῆς
2408 4668 2725 4738 ὀφθαλμοῖς,
2759 4667 2838 4738 τῷ
2867 4668 2967 4738 τῆς
2984 4669 3264 4738 συμφορᾶς
3291 4667 3471 4738 γνόφῳ
3505 4668 3791 4736 κεκαλυμ-

2218 4760 2404 4831 μένος;
2436 4758 2531 4820 Τίς
2562 4775 2652 4828 μοι
2680 4752 2915 4826 διασχὼν
2948 4757 3045 4827 τὴν
3072 4756 3290 4826 βαθεῖαν
3317 4756 3514 4827 ταύτην
3541 4757 3640 4809 καὶ
3659 4773 3792 4808 axo-

2215 4852 2396 4922 τεινὴν
2420 4850 2520 4920 τῆς
2541 4849 2718 4921 λύπης
2739 4848 2986 4919 νεφέλην,
3018 4849 3177 4902 πάλιν
3203 4849 3262 4915 ἐξ
3282 4848 3497 4918 αἰθρίας
3522 4847 3793 4919 λαμπρὰν

2215 4941 2484 5006 ἀναδείξει
2506 4941 2603 5012 τὴν
2632 4939 2732 5011 τῆς
2757 4942 2981 5011 εἰρήνης
3009 4941 3234 5005 ἀκτῖνα;
3261 4938 3428 4991 Πόθεν
3450 4938 3506 4991 δὲ
3528 4939 3626 4992 καὶ
3651 4941 3790 4992 ἀνα-

2213 5035 2415 5106 λάμψει
2443 5035 2476 5105 ἡ
2519 5034 2676 5095 ἀκτὶς
2694 5071 2708 5096 ,
2743 5032 2837 5085 τοῦ
2869 5032 3154 5102 φωστῆρος
3182 5033 3316 5101 ἡμῖν
3343 5031 3749 5093 καταδύναντος
3773 5050 3789 5094 ;

2218 5127 2281 5178 ’Ὠ
2310 5127 2486 5195 κακῆς
2523 5126 2880 5194 σκοτομήνης,
2908 5122 3166 5193 ἀνατολὴν
3193 5122 3476 5192 φωστῆρος
3510 5121 3614 5174 οὐκ
3643 5123 3792 5174 Elm-

2217 5216 2415 5286 ζούσης
2449 5217 2462 5268 !
2509 5215 2584 5278 ὡς
2613 5215 2932 5269 ἀπεναντίον
2966 5218 3098 5286 ἡμῖν
3130 5216 3187 5267 ἐν
3222 5214 3300 5284 τῷ
3338 5213 3565 5284 παρόντι
3609 5213 3789 5283 τόπῳ,

2215 5309 2309 5364 νῦν
2335 5325 2395 5360 τε
2427 5308 2520 5361 καὶ⁵
2559 5306 2749 5380 πρώην
2783 5309 2832 5362 οἱ
2862 5308 3010 5377 λόγοι
3053 5307 3318 5375 γίνονταιί
3363 5307 3495 5360 Τότε
3529 5306 3789 5375 γαμικῶς

2217 5403 2565 5473 ὲχορεύομεν,
2590 5401 2685 5455 νῦν
2709 5400 2958 5464 ἐλεεινῶς
2984 5401 3076 5452 ἐπὶ
3103 5398 3182 5470 τῷ
3210 5399 3393 5452 πένθει
3429 5400 3785 5468 στενάζομεν.

2219 5494 2350 5547 Τότε
2377 5493 2755 5562 ἐπιθαλάμιον,
2786 5491 2880 5546 νῦν
2911 5493 3194 5561 ἐπιτάφιον
3226 5492 3442 5562 ᾄδομεν.
3483 5491 3784 5560 Μέμνησθε

2219 5586 2326 5657 γὰρ
2357 5587 2447 5638 ὅτε
2476 5585 2566 5638 τὸν
2609 5583 2974 5654 πνευματικὸν
3017 5584 3159 5654 ὑμᾶς
3200 5585 3376 5653 γάμον
3401 5585 3780 5655 είστιάσαμεν,

2218 5679 2297 5750 τῷ
2331 5678 2478 5750 καλῷ
2519 5677 2742 5750 νυμφίῳ
2786 5674 3162 5740 εἰσοικίζοντες
3209 5676 3306 5747 τὴν
3341 5675 3634 5749 παρθένον,
3686 5675 3784 5729 καὶ
