3850 6458
128 301 233 359 855

1317 306 1405 361 DE
1444 306 1749 364 MELETIO
1787 306 2138 362 EPISCOPO.

127 424 195 477 τά
240 423 347 476 τῶν
372 422 547 491 λόγων
586 422 715 477 ἕδνα
753 424 892 478 κατά
922 423 1146 494 δύναμιν
1174 425 1331 495 ημῶν
1372 428 1695 496 είσηνεγκά-

1821 427 1955 481 [‘nnc
1999 426 2256 495 nuptiale,
2292 441 2439 479 nunc
2481 426 2789 496 sepulcrale
2837 441 3057 481 carmen
3089 426 3371 481 canimus.

134 515 300 585 μεθα,
331 515 711 587 εὐφραίνοντες
740 517 797 568 ἐν
826 516 902 586 τῷ
934 518 1090 587 μέρει
1123 518 1217 570 καὶ
1259 517 1696 588 εὐφραινόμενοι.

144 606 300 658 una
341 605 436 657 νῦν
466 607 544 669 είς
573 604 768 677 θρῆνον
805 608 938 676 ἡμῖν
963 608 995 677 ἡ
1025 607 1169 678 χαρά
1195 607 1576 679 μεθηρμόσθη,
1608 610 1701 662 καὶ

132 700 163 766 ἡ
194 698 289 767 τῆς
312 697 648 767 εὐφροσύνης
676 692 956 769 περιϐολὴ,
982 700 1182 762 σάκκος
1207 700 1443 767 ἐγένετο.
1476 702 1544 752 Ἦ
1560 702 1701 770 τάχα

135 790 339 857 σιωπᾷν
371 787 476 841 ἔδει
503 789 562 840 τὸ
592 788 781 853 πάθος,
807 791 897 842 καὶ
928 790 1074 843 ἔνδον
1107 792 1413 844 ἀποκλείειν
1433 794 1499 861 τῇ
1524 795 1698 861 σιωπῇ

134 882 229 949 τὴν
256 880 543 950 ἀλγηδόνα,
572 880 648 943 ὡς
691 880 755 932 ἂν
790 881 863 951 μὴ
891 882 1230 951 διοχλοίημεν
1262 884 1389 945 τοὺς
1433 885 1582 946 υἱοὺς
1606 883 1700 936 τοῦ

134 990 193 1023 νυ
203 971 439 1040 μφῶνος.
464 970 563 1024 οὐκ
584 972 797 1042 ἔχοντες
830 972 889 1024 τὸ
909 973 1130 1042 φαιδρὸν
1152 972 1246 1026 τοῦ
1276 973 1453 1043 γάμου
1478 973 1699 1043 ἔνδυμα,

136 1063 266 1116 ἀλλὰ
294 1063 805 1134 μελανειμονοῦντες
842 1064 919 1134 τῷ
966 1065 1149 1135 λόγως
1200 1065 1419 1133 Ἐπειδὴ
1452 1066 1561 1135 γάρ
1596 1066 1703 1117 άπ⁴

138 1152 271 1224 ήρθη
310 1154 403 1221 ἀφ’
434 1153 590 1223 ἡμῶν
632 1156 660 1206 ὁ
689 1154 851 1217 καλὸς
894 1155 1144 1224 νυμφίος,
1178 1154 1387 1226 ἀθρόως
1412 1154 1490 1224 τῷ
1522 1154 1707 1207 πένθει

141 1243 653 1312 κατεμελάνθημεν,
708 1246 799 1297 καὶ
844 1244 945 1297 οὐκ
991 1244 1105 1296 ἔστι
1154 1244 1399 1315 συνήθως
1435 1261 1703 1311 καταφαι-

138 1333 325 1403 δρῦναι
354 1334 446 1387 τὸν
477 1334 659 1401 λόγον,
705 1334 803 1405 τὴν
851 1336 1161 1406 κοσμοῦσαν
1190 1338 1337 1405 ἡμᾶς
1380 1334 1571 1403 στολὴν
1610 1334 1705 1386 τοῦ

142 1425 332 1493 φθόνου
361 1425 823 1495 ἀποσυλήσαντος.
888 1427 1119 1498 Ῑιλήρεις
1154 1426 1371 1494 ἀγαθῶν
1401 1426 1536 1498 πρὸς
1562 1426 1703 1495 ὑμᾶς

140 1517 560 1587 ἀπηντήκαμεν
605 1518 803 1587 γυμνοὶ
850 1518 943 1572 καὶ
974 1518 1203 1588 πένητες
1244 1518 1339 1585 ἀφ’
1379 1518 1529 1587 ὑμῶν
1574 1519 1705 1570 ὐπο-

142 1606 474 1675 στρέφομεν·
531 1607 698 1677 ὀρθὴν
735 1609 951 1679 εἴχομεν
998 1610 1140 1680 ὑπὲρ
1178 1609 1418 1679 κεφαλῆς
1444 1608 1541 1679 τὴν
1569 1609 1706 1678 λαμ‹

143 1698 316 1760 πάδα,
366 1698 605 1768 πλουσίῳ
644 1698 723 1770 τῷ
774 1702 913 1770 φωτὶ
949 1701 1445 1770 καταλάμπουσαν*
1505 1700 1707 1768 ταύτην

1805 518 2128 575 Meministis
2144 518 2287 571 enim
2312 517 2459 572 illius
2489 518 2621 583 diei,
2650 534 2773 572 cum
2801 518 2855 570 in
2881 518 3088 586 nuptiis
3114 518 3375 587 spiritua-

1804 611 1947 664 libus
1977 609 2239 678 praeclaro
2268 624 2471 679 sponso
2499 610 2758 679 virginem
2787 611 3005 663 domum
3042 610 3378 663 deducentes

1801 700 2049 753 convivio
2073 716 2167 752 vos
2191 699 2525 768 excepimus,
2551 707 2604 752 et
2636 701 2924 753 verborum
2948 701 3223 769 sponsalia
3251 715 3373 752 mu-

1804 807 1934 845 nera
1960 807 2055 860 pro
2084 791 2290 845 viribus
2316 791 2847 859 nostris‘intulimus,
2866 792 3065 861 gaudio
3083 792 3387 845 allicientes-

1801 885 2033 937 invicem
2054 892 2107 937 et
2128 882 2449 952 gaudentes.
2476 882 2676 936 Verum
2702 899 2848 937 nunc
2875 884 2926 935 in
2983 884 3186 935 luctum
3217 882 3376 935 nobis

1800 974 2057 1044 gaudium
2084 989 2411 1027 conversum
2431 984 2536 1034 est.
2564 989 2629 1026 ac
2671 975 2869 1028 laetitiae
2900 975 3130 1029 amictus
3180 989 3376 1028 saccus

1801 1067 1995 1121 evasit.
2020 1066 2101 1119 An
2128 1066 2355 1119 forsitan
2382 1066 2616 1119 reticere
2642 1067 3002 1121 calamitatem
3027 1076 3188 1136 atque
3211 1069 3376 1121 silen~

1807 1159 1884 1210 tio
1905 1158 2053 1214 intus
2070 1157 2399 1214 concludere
2418 1174 2706 1213 mucrorem
2723 1161 3028 1227 oportebat,
3044 1174 3111 1212 ne
3133 1160 3390 1211 molestia.

1806 1248 1946 1303 ﬁlios
1981 1249 2205 1302 thalami
2230 1250 2502 1317 sponsalis
2530 1249 2856 1309 afﬁciamus.
2893 1265 3016 1303 cum
3049 1264 3155 1304 non
3182 1250 3378 1303 habea-

1805 1350 1924 1389 mus
1966 1336 2169 1388 lautum
2200 1352 2263 1389 ac
2296 1338 2635 1405 splendidum
2684 1339 2926 1407 nuptiale
2964 1339 3376 1399 indumentum,

1805 1427 1899 1477 sed
1932 1431 2111 1477 atrum
2138 1441 2201 1478 ac
2238 1426 2445 1493 pullum
2477 1428 2744 1482 orationis
2765 1429 3011 1481 habitum
3042 1427 3384 1482 aderamus?

1807 1510 2169 1581 Posteaquam
2200 1514 2343 1567 enim
2371 1516 2669 1584 praeclarus
2719 1532 2955 1584 sponsus
2986 1532 3014 1569 a
3063 1516 3227 1570 nobis
3267 1516 3382 1570 dis-

1806 1604 1996 1667 cessit,
2049 1605 2194 1658 luctu
2229 1616 2450 1673 repente
2488 1608 2650 1661 atrati
2681 1622 2897 1672 sumus,
2932 1623 3031 1662 nec
3075 1608 3203 1661 licet
3232 1622 3383 1661 more

1809 1696 1973 1749 solito
2014 1696 2267 1750 festivum
2302 1706 2355 1751 et
2400 1698 2704 1767 jucundum
2766 1700 2968 1754 inferre
3020 1713 3329 1754 sermonem
3364 1737 3379 1759 ,

144 1792 478 1863 ἐσϐεσμένην
499 1793 920 1863 ἀνακομίζομεν,
954 1795 1034 1857 εἰς
1066 1792 1269 1845 καπνὸν
1302 1792 1395 1845 καλ⁵
1428 1792 1575 1844 κόνιν
1601 1791 1714 1844 δια-

1821 1799 1935 1836 eum
1967 1800 2075 1853 qua
2114 1778 2449 1840 ornabamur
2480 1788 2620 1841 stola
2653 1830 2667 1854 ,
2711 1803 2809 1843 nos
2862 1789 3059 1842 invidia
3108 1788 3382 1857 spoliat-it.

143 1884 392 1947 λυθέντος
420 1883 512 1936 τοῦ
554 1884 811 1953 φέγγους.
862 1886 1130 1954 Ἔσχομεν
1169 1885 1261 1936 τὸν
1308 1884 1578 1953 θησαυρὸν
1621 1885 1715 1936 τὸν

148 1975 319 2043 μέγαν
359 1975 415 2026 ἑν
445 1975 747 2044 όστρακίνῳ
803 1974 1006 2028 σκεύει.
1078 1973 1218 2026 Ἀλλ’
1249 1977 1277 2027 ὁ
1306 1975 1403 2043 μὲν
1447 1974 1718 2043 θησαυρὸς

145 2066 354 2134 ἀφανής
376 2081 391 2094 ·
438 2065 497 2117 τὸ
526 2065 582 2117 δὲ
612 2066 932 2133 δστράκινον
986 2064 1196 2128 σκεῦος,
1247 2064 1401 2117 κενὸν
1428 2064 1518 2117 τοῦ
1554 2064 1717 2117 πλού-

144 2170 261 2221 του,
276 2157 391 2218 τοῖς
409 2155 691 2208 δεδωκόσιν
716 2155 1143 2220 ὲπανασώζεται.
1170 2155 1233 2207 Τί
1256 2154 1486 2226 ἐροῦμεν
1508 2158 1555 2209 οἱ
1583 2157 1718 2209 ἀπο-

150 2248 485 2314 στείλαντες;
542 2249 595 2301 τί
636 2248 1057 2319 ἀποκρινοῦνται
1086 2252 1133 2302 οἱ
1168 2249 1597 2320 ἀπαιτούμενοι;
1653 2250 1717 2301 ’Ὠ

149 2341 384 2411 πονηροῦ
411 2342 666 2410 ναυαγίου
689 2344 702 2395 Ῑ
734 2342 858 2404 Πῶς
882 2343 939 2395 ὲν
969 2343 1117 2413 μέσῳ
1145 2341 1222 2412 τῷ
1246 2342 1424 2412 λιμένι
1444 2344 1541 2412 τῆς
1565 2341 1717 2394 ὲλπί-

149 2432 230 2493 δος
259 2432 421 2502 ἡμῶν
464 2434 918 2503 ὲναυαγήσαμενς
960 2434 1084 2497 Πῶς
1121 2435 1154 2503 ἡ
1199 2434 1527 2504 μυριοφόρος
1554 2432 1720 2495 ὁλκὰς

150 2524 292 2593 αὐτῷ
332 2524 410 2595 τῷ
444 2524 771 2596 πληρώματι
807 2526 1111 2591 καταδῦσα,
1135 2527 1373 2595 γυμνοὺς
1422 2527 1567 2596 ἡμᾶς
1593 2524 1718 2587 τούς

149 2633 273 2667 ποτε
301 2615 662 2679 πλουτοῦντας
686 2616 1009 2683 κατέλιπεν;
1047 2617 1152 2669 ΙΙοῦ
1180 2616 1240 2668 τ’)
1263 2617 1515 2687 λαμπρὸν
1550 2616 1716 2668 ἱστίον

151 2709 344 2771 έκεῖνο,
370 2708 430 2760 τὸ
452 2708 529 2779 τῷ
557 2709 695 2778 άγίῳ
723 2706 997 2777 Πνεύματι
1033 2708 1121 2759 διὰ
1145 2707 1344 2770 παντὸς
1368 2707 1677 2777 ἰθυνόμενον
1700 2723 1715 2770 ;

152 2798 256 2851 Ποῦ
292 2798 359 2850 τὸ
390 2798 629 2866 ἀσφαλὲς
659 2798 765 2851 τῶν
794 2798 979 2867 ψυχῶν
1020 2797 1177 2867 ἡμῶν
1211 2796 1497 2868 πηδάλιον,
1542 2797 1608 2850 δι’
1658 2792 1718 2850 οὗ

150 2892 244 2952 τὰς
275 2891 573 2960 τρικυμίας
603 2890 702 2952 τὰς
735 2888 1012 2958 αίρετικάς
1043 2887 1269 2951 ἀπαθῶς
1303 2887 1716 2957 παρεπλέομεν;

152 2980 260 3033 Ποῦ
299 2983 333 3049 ἡ
364 2981 697 3051 ἀμετάθετος
727 2981 827 3050 τῆς
860 2979 1083 3049 γνώμης
1115 2980 1350 3049 ἄγκυρα,
1451 2979 1586 3048 μετὰ
1616 2978 1722 3030 πά-

157 3090 252 3143 σης
295 3073 598 3141 ἀσφαλείας
655 3072 1023 3141 πεπονηκότες
1064 3071 1489 3141 ἀνεπαυόμεθα;
1547 3071 1657 3123 Ποῦ
1691 3072 1720 3122 ό

157 3163 314 3225 καλὸς
345 3162 685 3233 κυϐερνήτης
704 3202 717 3225 ,
743 3162 772 3213 ὁ
800 3162 935 3231 πρὸς
960 3162 1050 3213 τὸν
1074 3159 1185 3213 άνω
1208 3159 1407 3213 σκοπὸν
1431 3159 1723 3213 διευθύνων

154 3257 214 3309 τὸ
243 3257 492 3323 σκάφοςς
539 3251 689 3323 Ἀρά
732 3254 905 3325 μικρά
944 3254 1013 3307 τὰ
1055 3253 1361 3324 συμϐάντα,
1409 3253 1502 3306 καὶ
1549 3252 1724 3322 μάτην

156 3348 525 3417 παθαίνομαι;
571 3346 603 3417 ἦ
639 3346 837 3416 μᾶλλον
866 3347 963 3399 οὐκ
1006 3342 1331 3414 ὲφικνοῦμαι
1365 3342 1460 3396 τοῦ
1499 3344 1721 3408 πάθους,

156 3442 258 3493 κᾶν
290 3441 675 3510 ύπερφωνὴσω
701 3437 779 3507 τῷ
811 3438 990 3506 λόγῳ;
1020 3438 1062 3489 Χ
1073 3438 1273 3507 ρήσατε
1300 3437 1451 3507 ἡμῖν,
1484 3435 1723 3504 ἀδελφοὶ,

154 3533 397 3602 χρήσατε
432 3531 494 3584 τὸ
541 3532 603 3583 ὲκ
650 3530 993 3600 συμπαθείας
1033 3528 1285 3599 δάκρυον.
1335 3529 1444 3581 Καὶ
1486 3529 1593 3598 γὰρ
1637 3529 1726 3581 ὅτε

157 3626 311 3693 ὑμεῖς
332 3623 689 3694 εὐφραίνεσθε
708 3666 722 3688 ,
747 3624 908 3693 ἡμεῖς
925 3622 1023 3690 τῆς
1055 3621 1392 3691 εὐφροσύνης
1416 3620 1570 3690 ὑμῶν
1589 3622 1729 3671 ἐκοι-

155 3716 495 3785 νωνήσαμεν.
525 3712 733 3767 Οὐκοῦν
776 3714 1002 3765 ἀπόδοτε
1031 3715 1163 3781 ἡμῖν
1204 3712 1264 3764 τὸ
1307 3712 1541 3782 πονηρὸν
1571 3710 1730 3763 τοῦτο

156 3806 530 3874 ἀντάλλαγμα.
557 3805 797 3871 Χαίρειν
820 3803 973 3871 μετὰ
1001 3804 1327 3870 χαιρόντων
1346 3818 1360 3832 ο
1392 3802 1550 3855 τοῦτο
1572 3804 1729 3872 ἡμεῖς

156 3897 518 3965 ἐποιήσαμεν.
551 3894 798 3947 κλαίειν
826 3899 975 3962 μετὰ
1005 3893 1541 3946 κλαιόντων·τοῦτο
1574 3893 1731 3962 ὑμεῖς

156 3987 507 4041 ἀνταπόδοτε.
580 3984 874 4054 Ἐδάκρυσέ
940 4001 1069 4037 ποτε
1119 3983 1267 4047 ξένος
1314 3983 1441 4045 λαὸς
1493 3984 1585 4036 ἐπὶ
1636 3983 1729 4035 τοῦ

158 4073 499 4143 πατριάρχου
555 4069 784 4134 Ἰακὼϐ,
838 4070 932 4124 καὶ
976 4069 1074 4141 τὴν
1117 4070 1401 4141 ἀλλοτρίαν
1448 4072 1730 4140 συμφορὰν

156 4164 491 4233 ᾠκειώσατο,
527 4164 615 4216 ὅτε
645 4162 736 4215 τὸν
764 4163 979 4232 Πατέρα
1009 4163 1067 4226 ἐξ
1091 4163 1362 4230 Αἰγύπτου
1390 4164 1440 4215 οἱ
1464 4163 1560 4217 ἀπ’
1591 4164 1733 4216 ὲκεί-

156 4274 245 4310 νου
279 4255 768 4327 μετακομίσαντες,
799 4253 1068 4323 πανδημεὶ
1098 4252 1196 4323 τὴν
1230 4253 1316 4305 ἐπ’
1346 4252 1493 4323 αὐτῷ
1524 4270 1734 4323 συμφοο

162 4348 258 4415 ραν
282 4347 381 4399 ἐπὶ
408 4348 504 4417 τῆς
526 4345 811 4416 ἀλλοτρίας
830 4344 1303 4415 κατωλοφύραντο,
1328 4346 1559 4415 ἡμέραις
1582 4347 1734 4416 τριά-

1818 1876 1967 1932 Pleni
1999 1879 2269 1933 bonormn
2298 1879 2365 1932 ad
2393 1896 2490 1935 vos
2520 1882 2890 1947 accessimus;
2921 1882 3049 1934 nudi
3084 1896 3146 1933 ac
3181 1896 3384 1948 paupe-

1818 1982 1906 2022 res
1942 1982 1972 2020 a
2003 1968 2158 2023 vobis
2189 1969 2495 2024 recedimus
2526 1987 2539 2034 ;
2573 1978 2812 2025 erectam
2853 1985 3019 2039 supra
3040 1978 3205 2039 caput
3228 1969 3385 2036 largo

1819 2062 2022 2115 lumine
2083 2062 2519 2130 resplendentem
2572 2064 2745 2117 lacent
2808 2063 3180 2124 habebamus,
3245 2061 3389 2113 hanc

1816 2153 2145 2206 exstinctam
2174 2154 2229 2206 in
2262 2152 2467 2207 fumum
2503 2163 2557 2207 et
2589 2154 2824 2209 cinerem
2848 2154 3113 2223 dissipato
3131 2152 3392 2222 splendo-

1814 2260 1875 2300 re
1931 2254 2296 2315 reportamus.
2330 2245 2636 2302 Habuimus
2691 2262 2947 2317 magnum
2980 2246 3129 2300 illum
3162 2246 3393 2299 thesau-

1816 2355 1938 2393 rum
1986 2342 2040 2394 in
2084 2356 2213 2395 vase
2247 2349 2509 2398 testaceo.
2567 2343 2637 2396 At
2676 2343 2968 2397 thesaurus
3017 2343 3235 2412 quidem
3288 2344 3395 2398 iste

1818 2431 2172 2486 absconditus
2205 2441 2310 2497 est,
2348 2443 2402 2487 et
2440 2435 2616 2488 visum
2647 2433 2785 2503 fugit
2820 2454 2830 2487 :
2865 2450 2960 2487 vas
3008 2444 3185 2489 autem
3222 2442 3393 2488 testa-

1818 2536 1971 2575 ceum
2010 2523 2078 2575 ab
2127 2524 2323 2591 opibus
2352 2540 2614 2589 vacuum,
2648 2526 2718 2580 ab
2751 2527 2816 2579 iis
2848 2527 2938 2595 qui
2969 2525 3230 2579 dederant
3257 2566 3270 2588 ,
3301 2540 3391 2579 re-

1818 2621 2087 2668 servatur.
2139 2613 2276 2680 Quid
2335 2616 2581 2671 dicemus
2630 2620 2721 2686 qui
2780 2618 3093 2672 emisimus?
3121 2618 3260 2683 Quid
3306 2633 3396 2671 tae-

1818 2706 2159 2774 spondebunt
2196 2722 2224 2760 a
2261 2708 2462 2775 quibus
2494 2710 2797 2778 repetitur?
2834 2707 2880 2763 0
2915 2710 3115 2762 malum
3174 2709 3394 2763 naufra-

1819 2800 1964 2866 gium
1992 2799 2005 2851 !
2030 2798 2316 2863 Quomodo
2350 2801 2401 2852 in
2445 2801 2619 2856 medio
2666 2813 2822 2871 portu
2857 2803 2970 2872 spei
3010 2811 3212 2857 nostrae
3260 2817 3391 2854 nau-

1821 2888 2055 2959 fragium
2099 2891 2362 2946 fecimus?
2399 2891 2683 2957 Quomodo
2742 2894 3047 2948 innumeris
3118 2894 3399 2948 mercibus

1822 2990 2021 3035 onusta
2064 2985 2219 3037 navis
2251 2998 2373 3038 cum
2409 2984 2529 3053 ipso
2588 3000 2755 3039 onere
2811 2987 3056 3039 demersa
3104 3000 3211 3039 nos
3258 2986 3405 3039 olim.

1823 3072 2022 3129 divites
2066 3076 2242 3131 nudos
2266 3076 2683 3132 destituit?Ubi
2739 3078 3079 3146 splendidum
3126 3078 3255 3131 illud
3302 3092 3397 3132 ve-

1824 3165 1933 3218 lum
1968 3166 2112 3235 quod
2156 3165 2362 3235 Spiritu
2408 3175 2601 3222 sancto
2653 3184 2866 3236 semper
2897 3165 3269 3237 dirigebatur?
3305 3165 3396 3219 ubi

1825 3265 2000 3310 tutum
2032 3272 2095 3311 ac
2125 3259 2339 3311 ﬁrmum
2399 3260 2705 3313 animarum
2758 3268 3072 3314 nostrarum
3127 3260 3401 3330 guberna-

1826 3349 2030 3414 culum,
2062 3367 2172 3419 quo
2203 3358 2556 3419 tempestates
2605 3352 2871 3406 maximas
2908 3351 3189 3405 haereticas
3249 3350 3400 3405 nullo

1827 3449 2049 3510 accepto
2080 3440 2424 3495 incommodo
2459 3442 2990 3510 praeterveliebaluus
3024 3443 3047 3496 Ἰ
3078 3441 3178 3497 Ubi
3208 3443 3402 3496 immo—

1826 3533 1951 3588 bilis
1991 3540 2045 3588 et
2081 3533 2241 3586 ﬁrma
2287 3534 2572 3589 sententiae
2626 3532 2930 3604 judiciique
2997 3534 3258 3596 anchora,
3310 3533 3400 3587 cui

1828 3638 1951 3676 cum
1994 3604 2203 3677 summa
2249 3623 2543 3678 securitate
2583 3631 2704 3692 post
2752 3624 2964 3679 labores
3015 3623 3403 3692 acquiesceba-

1830 3715 2000 3769 mus?
2034 3713 2134 3769 Ubi
2164 3714 2344 3769 bonus
2379 3715 2470 3769 ille
2502 3716 2861 3785 gubernator,
2903 3717 2993 3785 qui
3036 3717 3101 3768 ad
3143 3730 3403 3783 superum

1830 3805 2112 3875 scopulum
2140 3805 2415 3874 navigium
2441 3804 2708 3873 dirigebat
2735 3804 2757 3857 ?
2782 3803 2972 3858 Utrum
3015 3805 3225 3857 modica
3277 3813 3408 3857 sunt

1830 3910 1914 3959 ea,
1939 3910 2058 3963 quae
2085 3894 2427 3958 acciderunt,
2459 3910 2523 3948 ac
2548 3893 2909 3963 nequicquam
2942 3907 3247 3961 conqueror
3274 3894 3407 3945 iant

1830 3985 2013 4055 potius
2039 3986 2404 4039 calamitatem
2432 3983 2711 4052 querendo
2741 3999 2848 4036 non
2879 3997 3174 4052 assequor,
3208 3982 3406 4037 etiam-

1832 4076 1878 4131 si
1938 4090 2103 4143 supra
2130 4075 2350 4129 modum
2379 4074 2612 4129 dicendo
2667 4089 2851 4127 vocem
2882 4074 3157 4128 intendam
3188 4072 3404 4127 ?Com-

1833 4165 2050 4219 modate
2094 4166 2272 4228 nobis,
2311 4165 2529 4226 fratres,
2574 4164 2916 4223 commodate
2944 4179 3010 4217 ex
3051 4161 3421 4217 condolcntia.

1832 4257 2103 4326 la’crymas
2136 4255 2409 4325 profusas.
2441 4254 2649 4309 Etenim
2687 4254 2906 4324 quando
2937 4270 3036 4308 vos
3065 4254 3405 4315 lmtabimini,

1836 4363 1935 4402 nos
1971 4346 2175 4400 laetitia:
2214 4354 2413 4400 vestrm
2452 4345 2585 4400 socii
2631 4360 2871 4398 eramus.
2918 4343 3157 4397 Proinde
3196 4344 3409 4398 reddite

159 4458 321 4493 κοντα
354 4441 449 4492 καὶ
471 4438 761 4499 τοσαύταις
803 4437 922 4500 νυξὶ
952 4437 1043 4490 τὸν
1076 4437 1161 4489 ἐπ’
1190 4435 1337 4506 αὐτῷ
1367 4436 1558 4507 θρῆνον
1592 4456 1719 4508 συμ-

1836 4439 1995 4493 nobis
2020 4452 2243 4507 pravam
2276 4437 2439 4491 istam
2478 4434 2637 4488 olIicii
2672 4434 3128 4489 vicissitudinem.
3158 4432 3412 4488 Gauden-

160 4531 579 4600 παρατείνοντες
609 4546 621 4559 ·
697 4527 1007 4599 μιμήσασθε
1066 4529 1192 4590 τοὺς
1246 4528 1574 4597 ἀλλοφύλους
1602 4568 1615 4591 ,
1683 4530 1733 4581 ot

158 4623 381 4693 ἀδελφοὶ
405 4624 496 4676 καὶ
522 4622 799 4692 ὁμόφυλοι.
830 4622 1022 4674 Κοινὸν
1048 4617 1116 4691 ἦν
1162 4620 1282 4673 τότε
1306 4619 1412 4673 τῶν
1440 4619 1603 4683 ξένων
1638 4622 1734 4673 καὶ

156 4718 263 4770 τῶν
283 4716 568 4787 ἐγχωρίων
594 4716 655 4768 τὸ
675 4716 909 4785 δάκρυον
935 4732 948 4743 ·
977 4713 1152 4766 κοινὸν
1186 4712 1325 4765 ἔστω
1347 4713 1439 4789 καὶ
1457 4710 1550 4765 νῦν
1575 4729 1590 4743 ·
1611 4713 1733 4763 ἐπεὶ

156 4810 251 4866 λαὶ
278 4810 343 4862 τὸ
384 4808 554 4870 πάθος
588 4806 786 4860 κοινόν.
854 4806 1047 4877 Ὀρᾶτε
1079 4805 1205 4867 τοὺς
1237 4803 1580 4873 πατριάρχας
1610 4804 1731 4855 τού⁶

154 4915 282 4961 τους
312 4915 326 4929 ⁸
358 4897 558 4960 πάντες
584 4892 727 4950 οὗτοι
752 4896 916 4949 τέκνα
943 4897 1037 4948 τοῦ
1061 4894 1329 4965 ἡμετέρου
1354 4894 1489 4947 εἰσὶν
1517 4892 1731 4947 Ἰακώϐ.

170 4990 259 5054 Ἐξ
292 4987 587 5059 ἐλευθέρας
616 4990 666 5040 oi
697 4988 915 5049 πάντες.
946 4986 1132 5048 Οὐδεὶς
1160 4984 1310 5055 νόθος
1342 4984 1463 5037 οὐδὲ
1494 4984 1732 5053 ὑπόϐλη-

153 5100 264 5145 τος.
303 5082 441 5134 Οὐδὲ
468 5081 577 5151 γὰρ
602 5076 672 5150 ἦν
698 5078 855 5147 θέμις
893 5078 1084 5147 ἐκείνῳ
1115 5075 1364 5147 δουλικὴν
1415 5074 1734 5143 συγγένειαν

156 5174 484 5240 ἐπεισάγειν,
511 5175 577 5241 τῇ
618 5171 866 5241 εὐγενείᾳ
909 5171 1007 5240 τῆς
1053 5169 1308 5230 πίστεως.
1379 5166 1588 5221 Οὐκοῦν
1644 5167 1737 5218 καὶ

156 5268 427 5336 ἡμέτερος
475 5266 679 5327 ἐκεῖνος
717 5264 933 5334 πατὴρ,
976 5262 1109 5314 διότι
1151 5260 1244 5313 τοῦ
1276 5260 1486 5329 [ἰατρὸς
1529 5255 1597 5331 ἦν
1637 5258 1732 5311 τοῦ

155 5358 432 5428 ἡμετέρου
466 5360 668 5429 πατήρ.

1840 4532 1970 4586 dum
2028 4545 2135 4583 una
2182 4544 2306 4583 cum
2356 4527 2720 4599 gaudentibus
2770 4545 2781 4578 :
2835 4526 2939 4579 hoc
3000 4524 3407 4601 nos‘fecimus.

1840 4619 2106 4676 Flendum
2130 4634 2255 4672 cum
2292 4617 2545 4672 ﬂentibus
2585 4634 2599 4670 :
2636 4616 2739 4669 hoc
2783 4631 2881 4669 vos
2912 4614 3141 4668 invicem
3178 4611 3409 4666 reddite.

1838 4710 2195 4781 Laerymatus
2224 4716 2311 4763 est
2343 4708 2471 4761 olim
2498 4715 2755 4761 externus
2788 4707 3018 4776 populus
3039 4722 3147 4774 quo
3172 4714 3413 4773 tempore

1838 4800 2146 4869 patriarcha
2196 4797 2366 4852 Jacob
2414 4797 2555 4851 diem
2587 4812 2744 4849 suum
2795 4796 3024 4861 obierat,
3074 4804 3127 4848 et
3180 4795 3409 4847 alienam

1837 4893 2201 4945 calamitatem
2243 4904 2397 4945 suam
2452 4904 2574 4943 esse
2602 4886 2791 4951 duxit,
2843 4901 2967 4941 cum
3022 4897 3299 4955 parentem
3347 4899 3413 4937 ex

1841 4984 2077 5055 1Egypto
2121 4983 2276 5035 liberi
2320 4988 2793 5048 transportantes,
2828 4979 2991 5047 vulgo
3019 4993 3211 5032 omnes
3263 4975 3414 5029 nullo

1840 5076 1924 5129 vel
1959 5090 2123 5129 sexus
2152 5073 2236 5127 vel
2265 5071 2443 5125 aetatis
2483 5070 2669 5124 habito
2697 5068 3038 5133 discrimine,
3068 5081 3251 5120 casum
3293 5064 3412 5132 ejus

1841 5168 1895 5222 in
1928 5166 2149 5237 regione
2181 5166 2361 5218 aliena
2418 5161 2801 5232 deplorabant.
2842 5160 2961 5214 dies
3008 5159 3231 5228 triginta
3284 5155 3414 5209 toli-

1840 5261 2072 5328 dcmque
2128 5264 2318 5311 noctes
2385 5256 2593 5309 luctum
2647 5269 2710 5307 ac
2764 5254 3205 5306 lamentationem
3265 5250 3413 5303 illius

1840 5350 2027 5421 amissi
2061 5348 2284 5401 nomine
2314 5347 2721 5401 continuantes.
2758 5343 2866 5396 Vos
2895 5343 2989 5411 qui
3019 5343 3213 5395 fratres
3236 5349 3289 5395 et
3320 5355 3412 5408 po-

158 5454 384 5520 pulares
433 5450 589 5516 estis,
637 5449 930 5504 imitamini
983 5447 1317 5515 alienigenas
1376 5455 1431 5499 et
1478 5455 1754 5500 externos.
1795 5446 2124 5498 Communes
2167 5453 2297 5496 tunc
2329 5450 2485 5495 erant
2535 5441 2942 5509 peregrinorum
3007 5437 3413 5505 indigenarum-

156 5563 265 5613 que
294 5547 581 5616 lacrymze;
611 5560 930 5599 communes
959 5544 1072 5598 sint
1102 5540 1264 5597 etiam
1299 5556 1463 5602 nunc,
1490 5542 1746 5609 quoniam
1799 5540 1961 5594 etiam
2026 5539 2309 5593 calamitas
2353 5536 2661 5589 communis
2724 5542 2824 5589 est.
2873 5533 3061 5587 Videte
3112 5532 3276 5587 hosce
3318 5548 3415 5603 pa-

158 5637 461 5705 triarchas,
503 5652 694 5693 omnes
738 5635 831 5691 isti
874 5635 966 5690 lilii
1007 5634 1179 5690 nostri
1210 5631 1399 5687 Jacobi
1447 5642 1595 5687 sunt.
1651 5631 1723 5685 Ex
1768 5632 1933 5687 libera
1968 5630 2473 5701 procreatiomncs.
2500 5626 2666 5682 Nemo
2692 5626 2914 5695 spurius
2962 5633 3017 5678 et
3068 5624 3411 5695 illegitituus,
