3850 6412
493 213 600 270 855

1727 220 1786 275 8.
1821 213 2148 278 GBEGORII
2185 224 2480 286 NYSSENI

3636 246 3758 306 856

493 349 658 391 nemo
686 335 1019 393 subdititius.
1058 338 1242 410 Neque
1299 342 1445 396 enim
1475 341 1550 394 illi
1617 340 1700 398 fas
1763 350 1885 397 erat
1951 341 2272 412 ingenuitati
2322 347 2447 402 fidei
2505 349 2761 406 servilem
2825 352 3069 410 inserere
3127 358 3530 427 cognationem.
3603 362 3752 434 Ergo

489 426 656 482 etiam
703 436 890 484 noster
945 429 1038 486 ille
1086 446 1316 501 parens,
1362 444 1648 504 propterea
1685 436 1831 504 quod
1885 435 2060 504 patris
2093 439 2265 491 nostri
2301 449 2457 507 pater
2483 453 2625 496 erat.

561 519 810 576 Audistis
862 523 1025 590 paulo
1074 533 1201 580 ante
1250 542 1315 580 ex
1369 527 1626 598 Ephraim
1686 539 1741 583 et
1788 528 2057 588 Manasse.
2089 534 2135 586 A

491 609 695 674 qualia,
737 625 1013 682 quamque
1059 617 1228 670 multa
1271 617 1339 673 de
1382 630 1536 687 patre
1569 636 1874 687 narrarent,
1917 627 2058 681 adeo

491 706 551 751 ut
573 700 832 755 miracula
863 705 1042 759 oratio
1083 709 1299 777 assequi
1345 726 1453 764 non
1491 723 1696 780 posset.
1746 712 1876 769 Date
1923 717 2054 771 mihi

487 805 706 860 quoque
735 803 796 846 ut
826 794 894 850 de
923 797 1010 853 bis
1050 799 1214 855 rebus
1247 803 1445 856 dicam.
1481 804 1692 860 Etenim
1727 809 1878 863 nullo
1907 812 2056 880 peri-

488 881 615 936 culo
645 883 901 956 deinceps
940 889 1304 948 beatitudines
1332 910 1604 965 exponere
1643 898 1807 954 licet:
1843 917 1942 956 nec
1971 905 2057 959 in-

487 973 687 1028 vidiam
721 985 926 1033 metuo.
958 979 1205 1046 Quonam
1236 986 1381 1040 enim
1412 1004 1498 1043 me
1529 992 1673 1046 malo
1701 993 1905 1062 majore
1935 997 2053 1050 ειη-

486 1065 640 1120 ciet?
679 1067 913 1126 Proinde
957 1077 1268 1143 cognoscite
1296 1080 1386 1148 qui
1417 1081 1498 1135 vir
1523 1083 1616 1148 sit,
1673 1102 1975 1156 generosus
1999 1103 2053 1145 et

488 1157 688 1214 nobilis
733 1160 803 1214 ab
852 1173 972 1216 ortu
1024 1167 1179 1230 solis,
1227 1169 1559 1240 inculpatus,
1602 1175 1807 1244 justus,
1862 1195 2047 1246 verax,

484 1247 610 1317 pius
631 1257 684 1303 et
707 1253 1015 1324 religiosus,
1046 1258 1327 1316 abstinens
1351 1264 1420 1317 ab
1442 1266 1588 1319 omni
1611 1271 1754 1322 malo
1783 1269 2046 1331 facinore.

483 1337 602 1394 Non
631 1344 775 1396 enim
819 1346 1008 1417 utique
1050 1349 1312 1406 invidebit
1342 1370 1570 1426 magnus
1610 1359 1702 1414 ille
1738 1358 1862 1423 Job,
1902 1364 1946 1419 si
1981 1365 2048 1421 iis

483 1432 831 1502 testimoniis,
873 1450 996 1507 quae
1023 1439 1092 1495 de
1141 1442 1259 1511 ipso
1287 1442 1557 1512 feruntur,
1607 1451 1772 1506 etiam
1807 1453 2048 1511 imitator

481 1522 625 1578 illius
651 1533 895 1581 ornetur.
929 1526 1036 1584 Sed
1062 1547 1183 1600 quae
1214 1549 1404 1591 omnes
1433 1551 1524 1592 res
1550 1542 1842 1610 prazclaras
1868 1546 2046 1602 intue-

481 1622 571 1668 tur
606 1616 830 1682 invidia,
888 1621 1048 1674 etiam
1102 1632 1349 1680 nostrum
1396 1628 1599 1685 bonum
1639 1635 1837 1690 acerbo
1884 1639 2044 1696 oculo

478 1708 720 1761 contnita
762 1718 888 1766 est:
939 1727 1002 1767 ac
1036 1731 1157 1783 qua!
1197 1733 1292 1786 per
1334 1719 1520 1776 orbem
1549 1731 1817 1780 terrarum
1857 1728 2042 1783 obam-

477 1796 646 1860 bulat,
689 1801 854 1854 etiam
909 1817 1006 1872 per
1035 1821 1135 1861 nos
1183 1809 1505 1873 ambulavit.
1546 1815 1712 1870 latum
1753 1820 2037 1888 vestigium

2247 531 2544 586 Ἠκούσατε
2571 536 2774 604 ἀρτίως
2802 537 2897 590 τοῦ
2936 538 3175 610 Ἐφραῖμ
3209 542 3300 594 καὶ
3328 542 3420 596 τοῦ
3451 544 3740 614 Μανασσῆ,

2163 615 2250 674 οἷα
2282 623 2372 675 καὶ
2397 624 2496 677 ὅσα
2529 628 2656 697 περὶ
2687 626 2781 680 τοῦ
2821 628 3034 702 Πατρὸς
3070 632 3414 703 διηγήσαντο.
3443 635 3518 699 ὡς
3557 638 3735 708 ὑπέρ-

2163 713 2369 768 ϐαίνειν
2394 716 2551 785 λόγον
2593 719 2662 773 τά
2703 719 2974 792 θαύματα.
3009 723 3136 776 Δότε
3180 726 3346 796 κάμοὶ
3378 727 3740 798 περὶτούτων

2162 803 2356 860 εἰπεῖν.
2409 808 2521 859 Καὶ
2571 809 2680 880 γὰρ
2726 810 3003 865 ἀκίνδυνον
3055 813 3117 865 τὸ
3159 814 3481 885 μακαρίζειν
3517 815 3734 869 λοιπόν*

2161 895 2284 950 οὔτε
2327 899 2597 970 φοϐοῦμαι
2629 901 2721 956 τὸν
2775 902 2989 971 φθόνον.
3017 903 3083 956 Τί
3111 905 3220 975 γάρ
3248 924 3314 975 με
3346 909 3524 978 χεῖρον
3560 908 3735 978 ἐργά-

2161 1005 2344 1055 σεται;
2377 992 2587 1046 Οὐκοῦν
2631 995 2802 1061 γνῶτε
2826 995 2910 1058 τίς
2951 997 2980 1049 6
3007 995 3146 1068 ἀνήρ
3169 1013 3185 1028 ·
3220 997 3458 1068 Εὐγενὴς
3488 999 3595 1052 τῶν
3639 1002 3736 1068 ἀφ’

2158 1079 2308 1148 ήλίου
2336 1081 2628 1148 ἀνατολῶν,
2653 1085 2963 1154 ἄμεμπτος,
2996 1087 3221 1152 δίκαιος,
3253 1088 3521 1160 ἀληθινὸς,
3548 1092 3734 1145 θεοσε-

2159 1166 2278 1236 ϐὴς,
2325 1170 2664 1241 ἀπεχόμενος
2706 1173 2813 1226 άπὸ
2863 1174 3062 1237 παντὸς
3105 1175 3338 1246 πονηροῦ
3383 1179 3726 1247 πράγματος.

2156 1258 2228 1309 Οὐ
2261 1259 2370 1329 γὰρ
2415 1261 2478 1331 δή
2513 1261 2874 1334 ζηλοτυπήσει
2903 1263 2934 1316 6
2964 1264 3138 1335 μέγας
3179 1265 3320 1328 Ἰὼϐ,
3369 1270 3417 1320 εἰ
3441 1271 3558 1330 ταῖς
3598 1271 3731 1338 περὶ

2155 1347 2318 1401 αὐτοῦ
2344 1352 2670 1422 μαρτυρίαις
2695 1353 2788 1406 καὶ
2813 1357 2842 1407 6
2871 1355 3113 1426 μιμητὴς
3144 1356 3354 1409 ἐκείνου
3388 1358 3732 1425 ἐγκαλλωπί-

2153 1438 2319 1502 ζοιτο.
2359 1441 2498 1494 ’Δλλ’
2529 1444 2558 1494 6
2594 1443 2661 1496 τὰ
2703 1444 2844 1499 καλὰ
2875 1447 3052 1500 πάντα
3085 1446 3298 1516 βλέπων
3346 1449 3558 1520 φθόνος,
3614 1449 3724 1506 εἶδε

2152 1528 2244 1581 καὶ
2273 1529 2333 1582 τὸ
2368 1531 2634 1604 ήμέτερον
2680 1534 2882 1602 ἀγαθὸν
2922 1536 3107 1608 πικρῷ
3139 1538 3217 1609 τῷ
3248 1540 3538 1612 ὀφθαλμῷ·
3575 1545 3669 1597 καὶ
3693 1546 3728 1596 6

2152 1621 2540 1691 ἐμπεριπατῶν
2569 1625 2635 1694 τῇ
2663 1625 2978 1699 οἰκουμένῃ,
3032 1628 3126 1681 καὶ
3171 1630 3238 1683 δι’
3265 1631 3419 1701 ήμῶν
3457 1634 3723 1703 περιεπάο

2147 1729 2330 1782 τησεν,
2365 1714 2538 1768 πλατύ
2575 1716 2636 1768 τὸ
2667 1715 2810 1786 ῐχνος
2838 1719 2936 1787 τῆς
2973 1718 3208 1788 θλίψεως
3244 1724 3364 1784 ταῖς
3395 1723 3724 1793 εὐπραγίαις

2149 1804 2305 1873 ήμῶν
2345 1807 2720 1878 ἐναπερείσας.
2754 1807 2830 1860 Οὐ
2869 1807 3007 1877 βοῶν
3053 1811 3146 1865 καὶ
3184 1811 3466 1882 προϐάτων
3519 1815 3721 1883 ἀγέλας

474 1885 781 1947 aﬂlictionis
829 1895 991 1948 rebus
1040 1900 1296 1956 secundis
1353 1907 1556 1960 nostris
1601 1907 1824 1962 infixum
1875 1913 2025 1967 relin-

2142 1893 2525 1965 διελυμήνατο·
2562 1897 2700 1968 πλὴν
2737 1898 2787 1950 εἰ
2828 1899 2903 1969 μὴ
2954 1900 3064 1970 ἄρα
3093 1918 3178 1964 τις
3210 1901 3351 1956 κατά
3376 1903 3436 1956 τὸ
3459 1906 3722 1973 μυστικὸν

471 1992 666 2046 quens.
707 1979 824 2042 Non
883 1984 1045 2039 boum
1091 1997 1144 2042 ct
1190 1991 1374 2047 ovium
1431 2010 1623 2066 greges
1674 1998 2033 2069 disperdidit:

472 2071 578 2125 nisi
629 2075 676 2128 si
721 2075 846 2145 quis
897 2080 1085 2150 utique
1130 2086 1433 2141 secundum
1481 2092 1768 2160 mysticum
1814 2109 2036 2151 sensum

469 2179 686 2235 gregem
712 2171 778 2223 ad
815 2169 1112 2229 Ecclesiam
1159 2179 1427 2234 traducat.
1456 2180 1655 2238 Verum
1698 2202 1806 2241 non
1842 2190 1897 2243 in
1949 2190 2034 2247 bis

467 2259 627 2314 nobis
659 2261 864 2316 invidia
912 2264 1172 2322 damnum
1219 2268 1388 2338 dedit,
1445 2289 1622 2345 neque
1671 2278 1724 2332 in
1776 2281 1949 2337 asinis
1981 2292 2036 2338 et

466 2351 690 2406 camelis
722 2368 920 2409 noxam
952 2359 1262 2427 commisit;
1295 2377 1471 2432 neque
1507 2366 1626 2436 ipso
1657 2371 1880 2426 vulnere
1913 2389 2034 2429 car-

465 2439 555 2494 nis
602 2457 796 2500 sensus
828 2447 1025 2504 acerbo
1083 2450 1274 2508 dolore
1326 2454 1544 2513 aﬁecit:
1580 2461 1675 2514 sed
1708 2477 1811 2520 nos
1853 2466 2033 2535 capite

465 2533 715 2602 privavit.
749 2536 885 2592 Cum
916 2542 1094 2611 capite
1124 2553 1303 2601 autem
1345 2564 1452 2602 una
1481 2551 1734 2625 adempta
1771 2566 1900 2611 sunt
1922 2533 2031 2612 bo-

462 2634 655 2680 norata
693 2643 757 2684 ac
789 2631 1051 2702 dignitate
1083 2640 1397 2704 prastantia
1424 2657 1684 2699 sensuum
1714 2657 2026 2704 nostrorum

462 2718 847 2778 instrumenta.
872 2724 990 2781 Non
1023 2732 1258 2800 amplius
1292 2741 1375 2788 est
1408 2737 1620 2801 oculus,
1654 2739 1746 2808 qni
1781 2742 2026 2798 cmlestia

459 2822 818 2884 contueatur;
859 2835 1034 2890 neque
1087 2824 1257 2888 auris,
1293 2841 1414 2896 qua:
1443 2844 1630 2886 vocem
1662 2833 1899 2889 divinam
1929 2852 2027 2892 ex-

458 2906 643 2963 audiat
670 2928 684 2964 :
714 2925 889 2981 neque
909 2914 1090 2983 lingua
1118 2917 1206 2971 illa
1226 2934 1421 2990 purum
1445 2924 1690 2981 veritatis
1711 2928 2022 2989 donarium.

459 2993 560 3052 Ubi
601 2999 780 3058 dulcis
821 3003 915 3058 illa
954 3008 1241 3065 oculorum
1285 3016 1599 3073 serenitas?
1628 3019 1717 3075 ubi
1743 3022 2022 3092 jucundus

457 3087 546 3142 ille
577 3104 641 3144 ac
672 3091 883 3163 lepidus
912 3097 966 3152 in
1003 3099 1163 3156 labiis
1194 3102 1381 3160 risus?
1423 3106 1513 3162 ubi
1546 3112 1718 3168 comis
1744 3087 1842 3168 illa
1870 3124 1925 3170 et
1954 3117 2022 3172 ad

453 3182 802 3240 salutandum
835 3187 1017 3247 facilis
1042 3192 1288 3261 dextera,
1335 3213 1457 3268 quae
1485 3217 1588 3256 una
1620 3219 1758 3285 cum
1780 3209 1893 3264 oris
1925 3208 2019 3265 be-
2048 3233 2094 3296 ο

455 3273 759 3296 --λεμμα
810 3279 846 3296 ..
893 3284 922 3296 .-
1023 3285 1035 3296 .
1088 3295 1091 3296 ν
1403 3292 1411 3296 _
1456 3292 1468 3296 _
1576 3293 1641 3296 Α

453 3273 766 3334 nedictione
794 3279 992 3352 digitos
1020 3285 1287 3344 intentare
1335 3292 1589 3348 solebat?
1616 3281 1893 3354 Provehor
1921 3315 2019 3356 au-

453 3369 584 3428 tem,
637 3369 782 3422 sicut
829 3371 882 3425 in
935 3388 1121 3439 scena,
1179 3380 1244 3433 ad
1277 3381 1647 3441 calamitatem
1697 3392 1846 3444 clara
1885 3407 2019 3447 voce

450 3456 937 3524 proclamandam:
980 3463 1243 3524 Misereor
1275 3472 1374 3535 tui,
1423 3483 1613 3528 sancta
1640 3475 1921 3548 Ecclesia;
1967 3493 2018 3539 te

451 3545 721 3617 alloquor,
745 3567 780 3604 o
809 3553 1001 3610 civitas
1028 3557 1310 3615 Antiochi!
1345 3562 1567 3621 Miseret
1596 3584 1681 3624 me
1703 3572 1802 3634 tui,
1830 3545 2021 3643 repens

449 3637 580 3693 tina:
607 3654 672 3695 ac
703 3643 897 3699 subita:
924 3645 1086 3716 hujus
1109 3652 1425 3710 mutationis
1456 3658 1695 3713 nomine.
1736 3660 1804 3716 Ut
1833 3637 2016 3732 adem-

450 3737 578 3800 ptus
612 3740 696 3788 est
726 3733 934 3790 decor?
971 3749 1027 3794 ut
1054 3741 1334 3799 detractus
1387 3755 1473 3801 est
1510 3755 1782 3809 ornatus?
1837 3764 1894 3810 ut
1929 3773 2015 3812 re-

447 3831 610 3894 pente
641 3823 743 3882 flos
776 3826 1039 3884 deﬂuxit?
1082 3832 1244 3901 plane
1291 3851 1514 3906 gramen
1559 3846 1792 3909 exaruit,
1831 3859 1884 3905 et
1912 3851 2014 3910 ﬂos

447 3913 670 3971 decidit.
701 3917 836 3984 Quis
879 3923 1074 3979 oculus
1105 3926 1327 3982 malus?
1355 3946 1476 4000 qua:
1515 3932 1837 3995 fascinatrix
1869 3943 2009 3998 invi-

445 4007 534 4062 dia
562 4010 702 4064 mala
735 4011 789 4066 in
815 4012 1111 4071 Ecclesiam
1139 4019 1285 4076 illam
1319 4023 1645 4082 debacchata
1673 4041 1834 4102 atque
1857 4051 2012 4104 gras-

445 4105 564 4152 sata
609 4103 735 4156 est?
776 4119 898 4172 quae
933 4109 1132 4176 quibus
1178 4121 1574 4174 commutavit?
1617 4120 1824 4179 Defecit
1862 4103 2006 4186 fons.

442 4187 878 4250 Exaruitamnis.
908 4197 1119 4257 Rursus
1153 4203 1206 4258 in
1238 4211 1557 4278 sanguinem
1578 4229 1717 4285 aqua
1745 4233 2008 4278 conversa

441 4293 545 4339 est.
604 4284 647 4340 Ο
682 4288 954 4348 infelicem
1015 4298 1266 4353 nuntium
1325 4301 1498 4371 illum,
1562 4284 1669 4376 quo
1724 4312 2006 4369 calamitas

442 4373 698 4433 Ecclesiae
729 4381 1095 4441 indicabitur!
1127 4388 1262 4455 Quis
1286 4393 1411 4450 filiis
1439 4373 1602 4463 dicet,
1635 4403 1778 4470 quod
1809 4420 2006 4474 paren-

441 4467 588 4522 tibus
645 4470 824 4525 orbati
873 4489 937 4527 ac
992 4477 1235 4534 destituti
1294 4483 1446 4538 sint?
1489 4485 1622 4552 Quis
1653 4467 2004 4550 “renuntiabit

439 4571 673 4624 sponsae,
715 4564 858 4628 quod
891 4565 1049 4621 vidua
1081 4569 1222 4624 facta
1263 4575 1372 4628 sit?
1401 4574 1444 4630 Ο
1475 4581 1649 4635 mala!
1695 4583 1835 4649 Quid
1870 4591 2002 4642 emi-
2035 4594 2082 4648 D

439 4652 747 4707 serunt?et
775 4656 903 4723 quid
941 4661 1249 4730 recipiunt?
1275 4668 1470 4722 Arcam
1511 4675 1908 4744 praemiserunt,
1947 4690 2002 4735 et

437 4743 711 4812 rccipiunt
770 4752 1188 4822 sarcophagum.
1219 4756 1382 4820 Arca,
1440 4762 1658 4831 fratres,
1710 4768 1872 4825 homo
1909 4773 2000 4828 ille

439 4833 532 4889 Dei
571 4846 706 4904 erat,
766 4856 892 4895 arca
940 4849 1226 4904 continens
1277 4851 1332 4905 in
1379 4869 1438 4908 se
1479 4855 1662 4912 divina
1699 4867 1994 4932 mysteria:

437 4928 547 4982 illic
586 4947 719 4985 urna
749 4949 912 4990 aurea
962 4939 1118 5008 plena
1159 4958 1372 4998 manna:
1420 4947 1638 5016 divime,
1697 4955 1855 5022 plena
1889 4957 1998 5013 cibi

435 5022 580 5079 illius
607 5026 867 5082 caelestis.
904 5030 959 5084 In
995 5031 1085 5084 illa
1113 5035 1307 5090 tabula:
1340 5045 1672 5107 testamenti,
1705 5045 1758 5100 in
1796 5051 1997 5106 tabulis

432 5117 612 5174 cordis
632 5121 827 5189 spiritu
853 5122 944 5178 Dei
967 5126 1217 5194 viventis,
1242 5146 1350 5184 non
1372 5141 1677 5192 atramento
1697 5141 1994 5212 inscriptae.

430 5210 616 5282 Neque
656 5217 799 5271 enim
847 5219 923 5272 illi
962 5224 1188 5290 puritati
1216 5227 1399 5283 cordis
1437 5229 1770 5301 caliginosus
1796 5210 1996 5295 etater

430 5305 738 5376 intellectus
767 5311 982 5370 inustus
1011 5323 1064 5369 et
1090 5317 1392 5387 impressus
1419 5334 1555 5379 erat.
1587 5323 1641 5379 In
1674 5328 1762 5381 illa
1789 5332 1995 5386 colum-

428 5412 529 5457 ηαξ,
557 5400 714 5456 bases
751 5411 803 5458 et
837 5415 1289 5474 sustentamenta,
1321 5415 1590 5482 capitella,
1627 5420 1986 5490 thuribulum,

428 5490 834 5559 candelabrum,
864 5499 1321 5568 propitiatorium,
1352 5508 1555 5574 pelves,
1585 5511 1653 5565 ad
1683 5513 1860 5570 aditus
1889 5518 1988 5571 ob-

2145 1987 2224 2049 είς
2250 1986 2346 2056 τήν
2380 1987 2704 2057 Ἐκκλησίαν
2736 1989 3028 2059 μεταλάϐοι
3055 1991 3116 2044 τὺ
3147 1992 3414 2063 ποίμνιον.
3442 1995 3591 2066 Πλήν
3614 1997 3725 2050 οὐκ

2144 2078 2202 2129 ἐν
2243 2078 2450 2141 τούτοις
2481 2081 2609 2149 ἡμῖν
2654 2081 2805 2152 παρὰ
2832 2081 2925 2134 τοῦ
2969 2083 3163 2150 φθόνου
3196 2085 3229 2154 ή
3273 2084 3442 2157 βλάϐη
3462 2103 3478 2118 ·
3505 2086 3629 2141 οὐδὲ
3657 2089 3718 2140 ἐν

2141 2167 2282 2230 ὄνοις
2331 2170 2426 2222 καὶ
2483 2170 2748 2240 καμήλοις
2801 2172 2901 2242 τὴν
2950 2173 3152 2243 ζημίαν
3203 2176 3522 2246 εἰργάσατο·
3591 2178 3718 2232 οὐδὲ

2139 2258 2414 2329 τραύματι
2469 2261 2672 2331 σαρκὸς
2720 2261 2820 2324 τὰς
2877 2263 3159 2335 αἰσθήσεις
3212 2266 3528 2337 ἐδρίμυξενο
3593 2269 3716 2323 ἀλλ’

2138 2348 2284 2417 ἡμᾶς
2319 2349 2420 2420 τῆς
2457 2350 2700 2420 κεφαλῆς
2739 2353 3070 2423 ἀπεσύλησε.
3104 2356 3183 2424 Τῇ
3225 2356 3281 2409 δὲ
3329 2359 3534 2429 κεφαλῇ
3587 2375 3716 2412 συν-

2136 2441 2344 2510 απῆλθε
2391 2440 2460 2494 τά
2509 2440 2663 2512 τίμια
2721 2443 2878 2513 ἡμῶν
2921 2443 3269 2515 αἰσθητήρια.
3314 2449 3508 2502 Οὐκέτι
3554 2451 3718 2503 ἐστὶν

2133 2529 2431 2602 ὀφθαλμὸς,
2457 2532 2486 2583 6
2506 2533 2575 2585 τὰ
2609 2533 2834 2604 οὐράνια
2859 2534 3088 2604 βλέπων,
3110 2537 3232 2590 οὐδὲ
3253 2538 3412 2610 ἀκοὴ,
3433 2540 3531 2608 τῆς
3549 2540 3713 2605 θείας

2134 2619 2315 2689 φωνῆς
2362 2621 2647 2683 ἐπαῖουσα,
2679 2623 2800 2676 οὐδὲ
2847 2625 2880 2694 ἡ
2922 2624 3140 2694 γλῶσσα
3181 2627 3382 2698 ἐκείνη,
3431 2627 3492 2682 τὸ
3538 2631 3716 2698 άγνὺν

2131 2711 2386 2782 ἀνάθημα
2420 2713 2519 2783 τῆς
2548 2713 2824 2785 ἀληθείας.
2855 2715 2961 2768 Ποῦ
2990 2718 3024 2786 ή
3048 2718 3272 2785 γλυκεῖα
3302 2720 3411 2774 τῶν
3437 2722 3710 2792 ὀμμάτων

2131 2801 2370 2872 γαλήνης
2405 2803 2516 2856 Ποῦ
2541 2804 2598 2857 τὸ
2639 2806 2862 2878 φαιδρὸν
2893 2809 2983 2860 ἐπὶ
3019 2807 3114 2860 τοῦ
3158 2809 3366 2878 χείλους
3406 2812 3704 2882 μειδίαμα;

2133 2888 2242 2942 Ποῦ
2271 2892 2304 2960 ή
2323 2891 2727 2965 εὐπροσήγορος
2759 2893 2932 2959 δεξιὰ,
2959 2898 3024 2967 τῇ
3050 2896 3146 2949 τοῦ
3178 2897 3439 2968 στόματος
3482 2899 3712 2971 εὐλογίᾳ

2129 2981 2254 3043 τοὺς
2278 2981 2572 3046 δακτύλους
2601 2987 3044 3050 συνεπισείουσα;
3077 2989 3391 3059 Προάγομαι
3419 2989 3475 3043 δὲ
3500 2990 3578 3054 ὡς
3609 2993 3708 3044 ἐπὶ

2131 3071 2336 3142 σκηνῆς
2375 3072 2676 3144 ἀναϐοῆσαι
2705 3074 2807 3146 τήν
2831 3077 3145 3146 συμφοράνο
3189 3077 3352 3132 Ἑλεῶ
3379 3096 3457 3144 σε,
3487 3074 3533 3133 ὦ
3569 3081 3703 3134 Ἐκ-

2129 3161 2354 3233 κλησία⁹
2392 3163 2527 3232 πρὸς
2557 3166 2618 3218 σὲ
2643 3166 2805 3235 λέγω,
2827 3169 2928 3239 τὴν
2967 3169 3235 3239 Ἀντιόχου
3294 3171 3468 3228 πόλιν.
3529 3174 3712 3226 Ἑλεῶ

2128 3270 2186 3304 σε
2221 3254 2319 3323 τῆς
2349 3253 2550 3326 ἁθρόας
2578 3257 2781 3329 ταύτης
2811 3260 3132 3332 μεταϐολῆς.
3163 3262 3286 3324 Πῶς
3334 3264 3702 3336 ἀπεκοσμήθη

2123 3345 2185 3398 τὸ
2220 3347 2446 3414 κάλλος;
2475 3348 2596 3412 Πῶς
2618 3351 2931 3424 άπεσυλήθη
2964 3355 2992 3406 6
3019 3354 3254 3424 κόσμοςς
3286 3355 3408 3419 Πῶς
3437 3357 3700 3426 ἐξαίφνης

2123 3438 2372 3510 άπῤῥύη
2391 3440 2452 3493 τὸ
2476 3440 2669 3508 ἄνθοςς
2698 3444 2901 3507 Ὄντως
2919 3444 3185 3518 ἐξηράνθη
3212 3449 3242 3500 6
3268 3447 3477 3518 χόρτος,
3509 3451 3604 3502 καὶ
3632 3449 3712 3504 τὸ-

2121 3526 2282 3590 άνθος
2305 3528 2582 3594 ἐξέπεσεν.
2621 3532 2716 3595 Τίς
2746 3533 3018 3604 ὀφθαλμὸς
3048 3538 3281 3608 πονηρὸς
3301 3580 3316 3602 ,
3356 3539 3441 3601 τίς
3484 3539 3698 3608 βασκα-

2119 3619 2207 3672 νία
2233 3621 2376 3690 κακὴ
2410 3621 2548 3674 κατὰ
2589 3622 2685 3692 τῆς
2739 3624 3062 3696 Έκκλησίας
3113 3628 3326 3698 ἐκείνης
3372 3629 3698 3700 ἐκώμασεν;

2121 3705 2224 3764 Οἷα
2246 3711 2362 3764 ἀνθ’
2387 3713 2512 3767 οἴων
2537 3713 2827 3783 ὴλλάξατοί
2866 3717 3137 3782 Ἐξέλιπεν
3163 3723 3197 3789 ἡ
3224 3721 3392 3792 πηγὴ,
3416 3722 3693 3794 ἐξηράνθη

2117 3801 2146 3852 6
2175 3802 2439 3872 ποταμός.
2475 3804 2641 3858 Πάλιν
2681 3807 2759 3869 εἰς
2787 3802 2928 3877 αἷμα
2970 3812 3298 3882 μετεωήθη
3333 3814 3393 3866 τὸ
3421 3814 3586 3885 ὕδωρ.
3627 3818 3700 3868 Ὤ

2115 3891 2410 3963 δυστυχοῦς
2448 3895 2708 3963 ἀγγελίας
2753 3898 2988 3969 ἐκείνης,
3019 3901 3117 3971 τῆς
3156 3902 3572 3974 διαγγελλούσης
3618 3909 3694 3977 τῇ

2129 3990 2424 4061 Ἐκκλησία
2477 3991 2540 4044 τὸ
2596 3992 2809 4056 πάθοςί
2865 3994 2945 4057 τίς
2995 3997 3110 4067 ἐρεῖ
3150 4001 3262 4060 τοῖς
3308 3999 3536 4063 τέκνοις,
3601 4002 3688 4053 ὅτι

2115 4080 2644 4152 ἀπωρφανίσθησανς
2705 4084 2802 4146 Τίς
2847 4085 3147 4154 ἀπαγγελεί
3191 4090 3256 4158 τῇ
3328 4087 3544 4162 νύμφῃ,
3601 4093 3688 4143 ὅτι

2113 4170 2438 4240 ἐχήρευσεν;
2478 4171 2540 4223 Ὦ
2587 4170 2694 4224 τῶν
2737 4174 2956 4226 κακῶνι
3008 4175 3072 4226 Τί
3107 4175 3446 4246 ἐξέπεμψαν,
3492 4179 3590 4231 καὶ
3631 4179 3687 4230 τί

2114 4262 2489 4330 ὐποδέχονταις
2521 4262 2764 4316 Κιϐωτὸν
2808 4265 3186 4336 προέπεμψαν,
3233 4268 3328 4320 καὶ
3355 4269 3510 4337 σορὸν
3546 4269 3687 4322 ὐπο-

2110 4350 2369 4420 δέχονται.
2393 4350 2638 4415 Κιϐωτὸς
2660 4348 2748 4423 ἦν,
2779 4353 3015 4422 ἀδελφοὶ,
3042 4357 3071 4406 6
3091 4355 3184 4408 τοῦ
3207 4356 3343 4410 Θεοῦ
3371 4355 3683 4428 ἄνθρωπος.

2113 4439 2340 4503 κιϐωτὸς
2393 4441 2662 4512 περιέχων
2721 4445 2780 4496 ἐν
2839 4445 3016 4516 ἐαυτῷ
3069 4446 3137 4498 τὰ
3196 4446 3313 4499 θεῖα
3371 4450 3678 4518 μυστήρια·

2113 4534 2228 4584 ἐκεῖ
2267 4534 2300 4602 ἡ
2348 4533 2581 4602 στάμνος
2625 4536 2658 4604 ή
2702 4536 2878 4606 χρυσῆ
2915 4537 3125 4608 πλήρης
3165 4539 3259 4591 τοῦ
3289 4538 3432 4592 θείου
3467 4539 3682 4609 μάννα,

2106 4623 2319 4694 πλήρης
2347 4626 2446 4692 τῆς
2481 4624 2732 4696 οὐρανίου
2769 4627 2998 4697 τροφῆς.
3048 4629 3136 4682 Ἑν
3169 4631 3350 4701 ἐκείνῃ
3394 4634 3447 4684 αἱ
3470 4631 3678 4694 πλάκες

2105 4714 2204 4783 τῆς
2229 4713 2510 4785 διαθήκης,
2542 4718 2599 4768 ἐν
2630 4710 2755 4781 ’ταῖς
2778 4717 2940 4784 πλαξὶ
2970 4720 3069 4790 τῆς
3095 4722 3316 4792 καρδίας
3358 4725 3679 4794 ἐγγεγραμ-

2109 4806 2266 4875 μέναι
2292 4806 2562 4876 πνεύματι
2602 4809 2737 4862 Θεοῦ
2773 4811 2994 4877 ζῶντος,
3031 4815 3090 4866 οὐ
3125 4815 3328 4883 μέλανι.
3364 4816 3528 4868 Οὐδὲν
3563 4818 3682 4887 γάρ

2103 4900 2170 4966 τῇ
2199 4898 2525 4970 καθαρότητι
2562 4901 2660 4971 τῆς
2704 4903 2930 4973 καρδίας
2973 4905 3208 4974 ζοφῶδες
3243 4907 3336 4959 καὶ
3371 4906 3536 4976 μέλαν
3587 4911 3677 4961 ἐν-

2104 4985 2367 5040 εκέκαυτο
2397 4987 2591 5057 νόημα.
2641 4990 2728 5042 Ἐν
2759 4991 2942 5063 ἐκείνῃ
2982 4995 3030 5045 οἰ
3065 4993 3267 5056 στύλοι,
3291 4996 3344 5047 αἰ
3381 4996 3586 5063 βάσεις,
3613 5002 3671 5050 αἱ

2105 5074 2407 5142 κεφαλίδες,
2432 5076 2493 5128 τὺ
2523 5078 2897 5149 Θυμιατήριον,
2930 5083 2963 5151 ή
2998 5082 3208 5151 λυχνία,
3241 5084 3302 5135 τὸ
3335 5084 3667 5158 ἱλαστήριον,

2100 5166 2150 5216 οἱ
2198 5165 2481 5236 λουτῆρες,
2537 5167 2608 5219 τὰ
2649 5169 2757 5222 τῶν
2804 5171 3022 5224 εἰσόδων
3057 5174 3548 5244 καταπετάσματα’
3611 5179 3668 5228 έν

2100 5252 2281 5326 ἐκείνῃ
2308 5255 2340 5324 ή
2381 5255 2572 5324 ῥάϐδος
2599 5259 2693 5327 τῆς
2723 5259 3038 5329 ἱερωσύνης,
3071 5262 3106 5331 ή
3130 5263 3186 5314 ἐν
3209 5265 3328 5326 ταῖς
3357 5266 3512 5334 χερσὶ
3543 5269 3666 5329 ταῖς

2095 5345 2303 5398 ἐκείνου
2352 5346 2720 5417 βλαστήσασα.
2764 5351 2875 5402 Καὶ
2921 5351 2975 5402 εἴ
3025 5368 3079 5403 τι
3121 5352 3250 5405 ἄλλο
3305 5354 3400 5421 τὴν
3431 5354 3665 5408 κιϐωτὸν

2093 5433 2235 5502 ἔχειν
2279 5435 2567 5507 ἀκούομεν,
2603 5439 2782 5492 πάντα
2810 5443 2876 5510 τῇ
2922 5441 3068 5512 ψυχῇ
3099 5442 3190 5495 τοῦ
3237 5444 3427 5514 ἀνδρὸς
3456 5448 3662 5516 περιεί-

2090 5520 2281 5592 ληπτο.

431 5589 584 5636 tensa
617 5586 733 5640 vela
793 5595 955 5659 atque
1014 5594 1216 5660 aulaea;
1265 5595 1319 5649 in
1355 5597 1466 5665 illa,
1513 5601 1660 5671 virga
1695 5608 1984 5664 sacerdotii
2024 5628 2143 5682 quze
2177 5613 2232 5667 in
2262 5616 2512 5672 manibus
2553 5618 2698 5676 illius
2732 5621 3076 5692 germinavit.
3113 5623 3178 5679 Et
3225 5624 3273 5680 si
3336 5625 3467 5696 quid
3509 5627 3658 5683 aliud

436 5687 619 5732 arcam
668 5678 723 5734 in
758 5695 817 5737 se
847 5681 1103 5742 habuisse
1136 5685 1405 5756 audimus,
1461 5694 1642 5750 omnia
1676 5696 1856 5754 animo
1887 5701 1988 5755 viri
2023 5705 2459 5762 continebantur.
