3850 6422
139 287 260 345 857

1344 283 1432 343 DE
1464 282 1766 341 MELETIO
1800 285 2154 343 εριδοσνο.

3271 283 3385 338 858

226 403 368 456 Ἀλλ’
401 403 517 457 ἀντ’
551 402 769 456 ἐκείνων
799 403 882 469 ei;
924 402 1191 456 Σιωπάτω
1218 405 1251 456 ό
1272 404 1445 472 λόγος.
1476 405 1707 467 Σινδόνες

1887 406 1991 460 Sed
2022 420 2119 475 pro
2143 404 2252 458 illis
2276 403 2450 472 quid?
2483 404 2650 457 Sileat
2674 400 2873 455 oratio.
2902 399 3186 454 'Sindones
3218 415 3377 452 mun-

141 492 405 563 ιιαθαραὶ,
457 494 552 546 καὶ
587 492 655 546 τά
687 495 751 545 ἐκ
796 492 978 563 τηρῶν
1006 493 1327 562 ὑφάσματα*
1384 494 1571 563 μύρων
1619 495 1712 546 καὶ

141 586 457 657 ἀρωμάτων
489 585 756 654 δαψίλεια,
784 586 1043 653 γυναικὸς
1088 586 1364 656 φιλοτιμία
1394 586 1626 654 κοσμίας
1653 602 1712 639 τε

140 676 243 728 καὶ
266 676 621 746 εὐσχήμονος.
663 676 951 747 Εἰρήσεται
978 676 1085 746 γὰρ
1108 676 1183 738 ὡς
1211 676 1276 729 ἂν
1302 676 1393 728 καὶ
1424 674 1594 728 ταῦτα
1618 677 1712 743 γέ-

142 784 290 819 νοιτο
314 769 395 829 είς
421 767 717 838 μαρτύριον
735 768 895 838 αὐτῇ,
928 767 958 819 ὃ
988 768 1113 837 περὶ
1142 768 1233 819 τὸν
1258 767 1406 837 ἱερέα
1432 767 1710 836 ἐποίησεν,

140 857 383 926 δαψιλῶς
423 858 520 928 τὴν
546 857 881 928 ἀλάϐαστρον
913 857 1007 911 τοῦ
1056 858 1228 928 μύρου
1255 858 1355 925 τῆς
1392 855 1486 909 τοῦ
1525 857 1715 927 ἱερέως

144 948 388 1018 κεφαλῆς
439 949 772 1019 καταχέασα.
824 948 984 1002 Ἀλλὰ
1024 949 1083 1001 τὸ
1118 951 1178 1002 ἐν
1209 948 1417 1011 τούτοις
1448 948 1714 1011 διασωζό-

146 1053 330 1105 μενον,
369 1036 456 1102 τί;
496 1038 658 1090 ὀστέα
700 1035 889 1108 νεκρὰ,
938 1039 1031 1092 καὶ
1063 1037 1169 1109 πρὸ
1208 1038 1299 1091 τοῦ
1340 1038 1573 1092 θανάτου
1617 1057 1714 1109 με·

145 1130 485 1199 μελετηκότα
504 1130 601 1201 τὴν
626 1130 891 1201 νέκρωσιν
908 1148 923 1162 θ
950 1131 1018 1185 τὰ
1046 1130 1262 1201 λυπηρὰ
1287 1132 1398 1184 τῶν
1422 1132 1713 1202 συμφορῶν

140 1220 304 1289 ἡμῶν
366 1221 706 1291 μνημόσυνα.
760 1221 824 1273 Ὢ
872 1222 958 1274 οἵα
997 1221 1147 1291 φωνὴ
1196 1222 1354 1275 πάλιν
1401 1222 1461 1275 ἐν
1534 1222 1713 1290 Ῥαμὰ

142 1313 586 1383 ἁκουσθήσεταιί
628 1313 828 1385 Ῥαχὴλ
867 1313 1274 1384 κλαίουσαούχὶ
1304 1313 1373 1367 τὰ
1419 1313 1584 1367 τέκνα
1612 1314 1712 1365 αύ-

139 1405 262 1474 τῆς,
288 1404 427 1459 ἀλλὰ
452 1405 545 1459 τὸν
573 1405 761 1477 ἄνδρα,
799 1407 893 1458 καὶ
938 1407 997 1459 οὐ
1053 1406 1383 1477 προσιεμένη
1428 1390 1713 1477 παράκλη-

143 1512 247 1547 σιν.
288 1496 527 1565 Ἄφετε,
580 1496 631 1549 oi
683 1496 1155 1567 παρακαλοῦντες,
1201 1498 1387 1566 ἄφετε.
1436 1496 1528 1567 Μὴ
1582 1512 1713 1549 κατ-

139 1584 403 1656 ισχύσητε
441 1586 839 1658 παρακαλέσαι.
867 1587 1015 1657 Βαρὺ
1050 1587 1313 1641 πενθείτω
1356 1589 1387 1659 ή
1416 1589 1578 1658 χήρα.
1621 1590 1713 1641 Αί-

140 1677 355 1731 σθέσθω
374 1678 474 1748 τῆς
509 1679 712 1749 ζημίας
736 1675 803 1751 ἧς
829 1680 1155 1751 ἐζημίωται.
1182 1680 1377 1733 Καίτοι
1398 1681 1497 1734 οὐκ
1516 1681 1712 1751 ἀμελέ-

136 1768 303 1835 τητός
340 1738 469 1821 ἐστι⁷
494 1738 596 1822 «.505
621 1738 1008 1842 xmptcpoii:év
1044 1772 1155 1835 τοῖς
1190 1770 1365 1839 ἀγῶσι
1419 1771 1513 1824 τοῦ
1546 1738 1711 1842 άθλη-
1740 1738 1786 1800 Β

134 1858 235 1912 τοῦ
291 1860 673 1930 προεθισθεῖσα
722 1863 908 1933 φέρειν
951 1862 1049 1933 τὴν
1103 1863 1358 1933 μόνωσιν.
1415 1865 1711 1935 Μέμνησθε

135 1950 361 2014 πάντως
388 1952 536 2015 ὅπως
567 1952 697 2023 ὑμῖν
728 1956 757 2006 ό
795 1953 903 2024 πρὸ
947 1953 1106 2024 ήμῶν
1136 1954 1292 2023 λόγος
1326 1957 1452 2019 τοὺς
1493 1958 1712 2025 ἀγῶνας

132 2039 235 2093 τοῦ
279 2040 471 2111 ἀνδρὸς
498 2041 830 2112 διηγήσατο,
880 2043 964 2096 ὅτι
1006 2042 1095 2095 διὰ
1129 2044 1345 2097 πάντων
1392 2044 1569 2114 τιμῶν
1610 2047 1711 2116 τὴν

133 2132 305 2199 ἁγίαν
341 2133 564 2204 Τριάδα,
594 2134 689 2187 καὶ
731 2135 791 2186 ἐν
828 2134 907 2205 τῷ
949 2133 1165 2205 ἀριθμῷ
1192 2135 1298 2188 τῶν
1332 2135 1559 2205 ἀγώνων
1608 2138 1710 2209 τὴν

130 2224 306 2295 τιμὴν
356 2224 683 2291 διεσώσατο,
739 2228 885 2297 τρισὶ
922 2228 1244 2297 πειρασμῶν
1273 2228 1597 2299 προσϐολαῖς
1623 2231 1710 2283 ἐν-

132 2317 402 2388 αθλήσας.
439 2317 734 2372 Ἠκούσατε
766 2319 865 2390 τὴν
888 2321 1208 2375 ἀκολουθίαν
1240 2322 1351 2374 τῶν
1380 2322 1577 2388 πόνων,
1598 2319 1709 2388 οἷος

132 2412 196 2462 ἐν
242 2410 500 2481 πρώτοις,
531 2406 641 2474 οἷος
684 2412 743 2463 ἐν
774 2412 977 2481 μέσοις,
1012 2414 1071 2467 ἐν
1110 2412 1438 2477 τελευταίοις
1478 2411 1589 2479 οἶος
1617 2412 1705 2487 ἦν.

132 2501 407 2572 Περιττὴν
450 2502 621 2573 κρίνω
663 2502 761 2574 τὴν
794 2504 1107 2576 παράληψιν
1135 2505 1244 2560 τῶν
1275 2507 1578 2577 είρημένων
1610 2526 1708 2561 κα-

132 2589 264 2653 λῶς.
314 2590 473 2644 Ἀλλά
515 2591 767 2645 τοσοῦτον
798 2595 969 2648 εἰπεῖν
1012 2596 1142 2657 ἴσως
1164 2596 1266 2649 οὐκ
1294 2595 1541 2668 ἄκαιρονο
1577 2598 1706 2652 Ὅτε

130 2680 198 2733 τὸ
250 2682 465 2753 πρῶτον
508 2678 651 2736 εἶδεν
696 2685 730 2754 ὴ
778 2684 1009 2755 σώφρων
1061 2688 1353 2758 Ἐκκλησία
1401 2691 1582 2761 ἐκείνη
1614 2692 1707 2745 τὸν

130 2772 326 2844 ἄνδρα,
376 2769 513 2826 εἶδεν
558 2774 847 2846 πρόσωπον
895 2776 1112 2848 ἀληθῶς
1139 2782 1197 2832 ἐν
1238 2782 1405 2835 εἰκόνι
1449 2783 1582 2836 Θεοῦ
1616 2801 1707 2853 με·

134 2865 496 2936 μορφωμένον
517 2882 532 2899 ⁸
564 2862 702 2919 εἶδεν
727 2868 947 2938 ἀγάπην
972 2870 1323 2941 πηγάζουσαν
1340 2890 1357 2905 ο
1383 2868 1522 2927 εἶδεν
1547 2875 1707 2945 χάριν

131 2955 576 3027 περικεχυμένην
620 2959 735 3022 τοῖς
780 2958 1015 3027 χείλεσι·
1068 2963 1563 3035 ταπεινοφροσύνης
1615 2966 1705 3019 τὸν

1812 497 1915 557 dae,
1968 505 2023 550 et
2060 494 2223 563 panni
2276 494 2477 557 seriei;
2526 500 2923 562 unguentorum
2979 497 3035 545 et
3072 497 3376 543 aromatum

1813 590 2035 660 largitas
2084 596 2138 641 et
2171 587 2525 651 abundantia,
2575 584 2870 639 liberalitas
2900 582 3147 636 mulieris
3197 588 3254 635 et
3278 596 3376 635 or-

1813 688 1953 734 nata:
1992 688 2049 735 et
2088 679 2351 733 honestae.
2386 676 2606 730 Dicetur
2642 676 2810 735 enim.
2870 684 2930 726 ut
2962 673 3126 728 etiam
3173 672 3288 725 haec
3325 670 3381 725 ei

1813 770 2125 827 testimonio
2166 772 2298 831 sint,
2352 782 2473 836 quae
2512 779 2640 835 erga
2674 764 3014 819 sacerdotem
3063 762 3210 826 fecit,
3249 776 3375 815 cum

1812 863 2142 918 alabastrum
2186 860 2447 929 unguenti
2496 859 2718 929 largiter
2760 858 2816 911 in
2858 865 3023 925 caput
3070 853 3383 910 sacerdotis

1811 954 2022 1010 eﬂudit.
2036 954 2145 1009 Sed
2163 952 2307 1024 quod
2329 954 2385 1007 in
2404 952 2488 1007 his
2510 958 2783 1015 servatur,
2802 950 2931 1018 quid
2950 949 2972 1002 ?
2992 963 3115 1003 ossa
3137 954 3374 1007 mortua,

1812 1062 1933 1117 quae
1957 1054 2011 1101 et
2043 1055 2173 1100 ante
2205 1052 2458 1107 mortem,
2488 1042 2873 1097 mortalitatem
2907 1040 3161 1093 meditata
3180 1044 3373 1091 erant:

1813 1139 2039 1192 molesta
2098 1136 2470 1190 calamitatum
2535 1141 2845 1188 nostrarum
2904 1136 3273 1184 monumenta.
3329 1125 3387 1181 0

1812 1231 1989 1299 qualis
2011 1245 2113 1283 vox
2140 1243 2333 1281 rursus
2355 1228 2410 1279 'tn
2442 1225 2606 1278 flama
2629 1224 2880 1277 audietur
2906 1224 2918 1275 !
2945 1222 3143 1275 Rachel
3172 1219 3385 1275 deﬂens

1814 1335 1921 1373 non
1958 1320 2098 1373 filios
2124 1334 2274 1381 suos,
2314 1317 2410 1372 sed
2441 1317 2613 1371 virum
2642 1330 2826 1379 suum,
2863 1324 2916 1368 et
2942 1328 3053 1366 non
3083 1311 3387 1366 admittens.

1811 1408 2266 1463 consolationem.
2304 1407 2571 1469 Omittite,
2614 1422 2649 1460 ο
2691 1404 3063 1470 consolantes,
3101 1402 3377 1459 omittite:

1812 1500 1977 1555 nolite
2001 1500 2332 1554 contendere
2360 1506 2418 1551 ut
2444 1496 2825 1552 consolemini.
2851 1494 3102 1549 Graviter
3128 1492 3287 1554 ferat,
3320 1498 3378 1545 et

1812 1592 1993 1663 lugeat
2037 1591 2221 1646 vidua.
2254 1592 2467 1647 Sentiat
2510 1589 2770 1643 damnum
2812 1588 2956 1658 quod
3012 1586 3159 1641 fecit.
3187 1586 3378 1651 Quane

1812 1697 1973 1751 quam
2006 1696 2112 1736 non
2159 1682 2411 1751 imperita
2463 1681 2822 1736 discessionis
2870 1690 2974 1741 est,
3027 1688 3086 1731 ut
3112 1692 3233 1747 quia
3260 1676 3372 1745 jam

1814 1784 1969 1830 antea
1995 1774 2049 1829 in
2088 1774 2371 1829 laboribus
2401 1772 2906 1840 certaminibusque
2934 1769 3152 1823 athleta:
3182 1766 3375 1820 solitu-

1811 1864 1991 1919 dinem
2022 1880 2085 1918 ae
2110 1864 2521 1919 destitutionem
2562 1862 2705 1916 ferre
2730 1859 3034 1916 assuefacta
3066 1858 3155 1914 sit.
3188 1855 3375 1919 Memi-

1810 1956 1971 2011 nistis
2000 1956 2245 2019 omnino,
2283 1952 2737 2023 quemadmodum
2762 1951 2918 2005 vobis
2951 1957 3079 2003 ante
3106 1947 3247 2000 hanc
3275 1961 3377 1998 no-

1810 2053 1978 2098 strain
2034 2043 2216 2098 habita
2258 2041 2441 2098 oratio
2474 2041 2690 2096 labores
2736 2046 2898 2107 atque
2928 2036 3229 2091 certamina
3270 2033 3377 2087 viri

1808 2133 2083 2203 exposuit,
2120 2133 2263 2205 quod
2288 2148 2410 2187 cum
2447 2147 2545 2202 per
2572 2132 2757 2186 omnia
2783 2138 3028 2185 sanctam
3051 2127 3375 2181 Trinitatem

1798 2226 2124 2290 ~bonoraret,
2153 2226 2319 2280 etiam
2360 2224 2415 2278 in
2447 2239 2677 2278 numero
2712 2220 3072 2277 certaminum
3110 2219 3375 2273 honorem

1808 2318 2237 2383 conservaverit,
2267 2322 2327 2369 ut
2364 2316 2459 2385 qui
2494 2315 2549 2368 in
2580 2313 2754 2368 tribus
2794 2311 3153 2367 tentationum
3186 2310 3376 2363 incur-

1810 2408 2057 2464 sionibus
2128 2407 2443 2463 decertarit.
2509 2404 2809 2460 Audivistis
2880 2401 3379 2463 continuationem,

1807 2509 2118 2555 contextum
2171 2508 2225 2553 et
2272 2499 2468 2554 seriem
2512 2497 2778 2555 laborum,
2839 2495 3017 2565 qualis
3060 2494 3114 2547 in
3164 2492 3375 2562 primis,

1806 2591 1987 2661 qualis
2017 2590 2071 2644 in
2101 2590 2316 2657 mediis,
2342 2588 2525 2659 qualis
2557 2596 2707 2643 esset
2748 2586 2801 2639 in
2828 2584 3135 2654 postremis.
3168 2582 3373 2651 Super-

1806 2694 2032 2733 vacuam
2081 2680 2270 2747 judico
2326 2678 2708 2747 repetitionem
2748 2676 2885 2730 bene
2938 2674 3233 2728 dictorum.
3269 2671 3383 2726 Sed.

1806 2780 2015 2826 tantum
2046 2771 2229 2826 dicere
2278 2770 2513 2825 fortasse
2554 2786 2662 2824 non
2707 2771 3149 2838 intempestivum
3188 2765 3372 2820 fuerit.

1805 2862 1940 2918 Cum
1969 2863 2202 2931 primum
2236 2862 2375 2917 bene
2402 2868 2615 2929 morata
2644 2877 2707 2915 ac
2739 2858 2977 2913 modesta
3005 2858 3095 2911 illa
3132 2855 3381 2910 Ecclesia

1804 2955 1980 3007 virum
2031 2952 2191 3018 vidit,
2243 2953 2439 3008 faciem
2483 2952 2619 3006 vidit
2660 2952 2726 3005 ad
2778 2952 3066 3020 imaginem
3112 2949 3202 3002 Dei
3248 2963 3381 3003 vere

128 3047 431 3116 ἀκρότατον
486 3045 642 3117 ὅρον·
694 3046 815 3117 μεθ’
862 3047 923 3101 ὃν
966 3049 1066 3102 οὐκ
1111 3048 1257 3104 ἐστιν
1314 3054 1594 3123 ἐπινοῆσαι
1641 3056 1701 3109 τὸ

1807 3046 2090 3100 formatam
2119 3062 2133 3109 ;
2162 3044 2295 3100 vidit
2317 3044 2665 3098 dilectionem
2696 3041 2867 3094 fontis
2889 3040 3049 3094 modo
3076 3038 3382 3094 scaturien-

130 3137 333 3190 πλέον’
389 3135 533 3190 κατὰ
575 3136 668 3189 τὸν
716 3137 897 3200 Δαϐὶδ,
930 3142 1029 3209 τὴν
1077 3140 1391 3210 πραότηταο
1442 3145 1581 3198 κατὰ
1609 3147 1701 3200 τὸν

130 3231 479 3302 Σολομῶντα,
494 3233 597 3303 τὴν
626 3231 839 3286 σύνεσιν
861 3251 877 3265 ·
906 3224 1055 3287 ⁸κατὰ
1077 3236 1167 3288 τὸν
1193 3237 1416 3301 Μωσὲα,
1442 3240 1540 3311 τὴν
1569 3241 1704 3309 ἀγα-

131 3318 364 3389 θότητω
398 3320 541 3372 κατὰ
559 3319 650 3372 τὸν
678 3321 948 3392 Σαμουὴλ,
983 3323 1083 3394 τὴν
1108 3322 1420 3395 ἀκρίϐειαν·
1450 3329 1590 3382 κατὰ
1612 3331 1705 3385 τὸν

142 3407 379 3478 Ἰωσὴφ,
426 3408 525 3479 τὴν
579 3410 963 3481 σωφροσύνην·
1006 3411 1146 3465 κατά
1190 3413 1283 3467 τὸν
1334 3415 1551 3487 Δανιὴλ,
1604 3418 1703 3490 τὴν

134 3499 329 3566 σοφίαν
350 3516 364 3529 ’
403 3499 545 3551 κατά
570 3499 660 3552 τὸν
689 3500 859 3569 μέγαν
898 3502 1104 3565 Ἠλίαν,
1133 3505 1192 3557 ἐν
1220 3504 1297 3569 τῷ
1325 3505 1471 3577 ζήλῳ
1489 3508 1587 3578 τῆς
1615 3510 1706 3562 πί-

133 3604 341 3651 στεως·
379 3589 519 3642 κατὰ
560 3590 652 3643 τὸν
702 3592 903 3661 ὑψηλὸν
962 3594 1232 3665 Ἰωάννην,
1262 3596 1320 3649 ἐν
1356 3600 1422 3668 τῇ
1470 3600 1705 3673 ἀφθορία

128 3678 226 3732 τοῦ
256 3678 509 3750 σώματος
530 3697 544 3713 ο
589 3681 730 3735 κατὰ
772 3682 863 3735 τὸν
894 3683 1124 3749 Παῦλον,
1160 3687 1218 3737 ἐν
1254 3687 1320 3756 τῇ
1356 3688 1704 3760 ἀνυπερθέτῳ

129 3770 347 3843 ἀγάπῃ.
375 3769 528 3825 Εἷδεν
547 3773 813 3827 τοσούτων
842 3774 1057 3842 ἀγαθῶν
1087 3776 1388 3849 συνδρομὴν
1416 3781 1544 3850 περὶ
1574 3781 1705 3850 μίαν

128 3861 342 3931 ψυχήν·
388 3862 600 3932 ἐτρώθη
646 3864 723 3933 τῷ
753 3866 1005 3936 μακαρίῳ
1040 3865 1222 3936 ἔρωτι,
1252 3870 1308 3919 ὲν
1336 3872 1401 3939 τῇ
1443 3871 1579 3939 ἁγνῇ
1611 3872 1705 3923 καὶ

130 3949 312 4021 ἀγαθῇ
337 3950 701 4023 φιλοφροσύνῃ
744 3952 834 4005 τὸν
863 3955 1094 4024 νυμφίον
1123 3956 1324 4025 ἑαυτῆς
1350 3959 1700 4029 ἀγαπήσασα.

142 4042 307 4095 Ἀλλά
336 4042 466 4113 πρὶν
486 4043 583 4115 τὴν
607 4043 896 4112 ἐπιθυμίαν
923 4046 1217 4115 ἐμπλῆσαι,
1244 4048 1373 4117 πρὶν
1394 4050 1703 4103 ἀναπαῦσαι

126 4134 222 4188 τὸν
258 4134 442 4199 πόθον,
468 4134 548 4187 ἔτι
576 4134 655 4205 τῷ
684 4135 890 4206 φίλτρῳ
925 4136 1139 4199 ξέουσα,
1183 4138 1507 4210 κατελείφθη
1542 4141 1703 4211 μόνη,

124 4228 240 4281 τῶν
284 4228 609 4299 πειρασμῶν
646 4229 739 4281 τὸν
790 4229 1026 4300 ἀθλητὴν
1071 4230 1164 4282 ἐπὶ
1193 4232 1320 4295 τοὺς
1354 4232 1569 4299 ἀγῶνας
1607 4251 1705 4288 κα-

128 4318 387 4372 λούντων.
426 4319 535 4372 Καὶ
562 4321 591 4371 ό
620 4319 717 4388 μὲν
754 4318 966 4389 ἐνήθλει
998 4322 1109 4382 τοῖς
1138 4320 1277 4392 ὑπὲρ
1303 4321 1404 4391 τῆς
1425 4323 1704 4387 εὐσεϐείας

1802 3146 1946 3205 tetu;
1983 3137 2115 3191 vidit
2145 3136 2377 3205 gratiam
2411 3135 2571 3189 labiis
2609 3131 3036 3195 circumfusam;
3074 3128 3246 3183 animi
3277 3128 3378 3182 de-

1803 3228 2085 3283 missionis
2114 3242 2387 3283 summum
2427 3225 2697 3296 gradum;
2750 3231 2874 3293 post
2920 3238 3086 3292 quem
3140 3220 3381 3289 amplius

1803 3320 2099 3390 quidquam
2139 3317 2367 3387 cogitari
2424 3332 2531 3371 non
2565 3324 2783 3387 potest:
2832 3313 2969 3368 vidit
3000 3311 3379 3367 mansuetudio

1805 3426 1927 3466 nem
1955 3419 2119 3479 atque
2149 3408 2517 3472 clementiam,
2548 3408 2729 3478 qualis
2750 3407 2805 3461 in
2838 3405 3040 3461 Davide
3074 3405 3210 3458 fuit:
3243 3419 3383 3473 qua-

1806 3503 1873 3557 lis
1898 3502 1952 3556 in
1996 3500 2310 3565 Solomone,
2350 3501 2762 3572 intelligentiam
2795 3508 2958 3569 atque
2992 3498 3379 3568 prudentiam;

1804 3594 1980 3664 qualis
2035 3596 2091 3648 in
2122 3594 2324 3664 Moyse,
2378 3592 2712 3657 bonitatem;
2762 3591 2943 3662 qualis
2997 3590 3054 3643 in
3103 3587 3386 3647 Samuele.

1804 3686 2230 3756 perfectionem;
2288 3686 2474 3756 qualis
2539 3685 2595 3739 in
2655 3683 2917 3753 Josepho,
2978 3680 3385 3738 continentiam

1805 3777 2270 3847 pudicitiamque;
2332 3777 2514 3848 qualis
2589 3778 2643 3830 in
2701 3774 2941 3837 Daniele,
3012 3773 3333 3842 sapientiam
3359 3786 3389 3836 ;.

1804 3870 2260 3941 quenadmodum
2289 3884 2523 3939 magnus
2552 3866 2724 3929 Elias.
2755 3866 2872 3921 zelo
2898 3864 3019 3919 fidei
3052 3864 3335 3934 praeditum
3360 3879 3389 3927 ;.

1800 3962 1963 4016 sicuti
1992 3961 2245 4016 sublimis
2272 3959 2538 4022 Joannes,
2574 3957 2888 4027 integritate
2929 3956 3179 4024 corporis
3208 3969 3380 4008 orna-

1804 4060 1952 4119 tum;
2013 4053 2173 4108 sicuti
2210 4050 2415 4105 Paulus
2452 4048 2876 4115 inexsuperabili
2908 4047 3197 4117 praeditum
3236 4046 3378 4099 dile-

1802 4143 2005 4196 ctione.
2066 4138 2219 4193 Vidit
2269 4146 2350 4195 tot
2401 4140 2672 4194 bonorum
2715 4140 2865 4191 circa
2916 4150 3080 4190 unam
3137 4138 3385 4187 animam

1803 4248 2134 4289 concursum
2164 4250 2177 4286 :
2201 4246 2388 4287 amore
2415 4232 2574 4286 beato
2601 4230 3008 4290 vulnerata-est,
3034 4236 3188 4283 casto
3212 4228 3387 4281 bono.

1803 4341 1908 4395 que
1932 4340 2193 4395 sponsum
2219 4339 2381 4379 suum
2414 4337 2600 4378 amore
2625 4330 2791 4392 atque
2830 4320 3210 4377 benevolentia
3246 4333 3378 4386 pro-

130 4410 382 4479 ἱδρῶσιν·
424 4411 457 4480 ἠ
504 4410 560 4463 δὲ
607 4410 875 4480 ὑπέμενεν
920 4412 978 4463 ἐν
1026 4412 1344 4484 σωφροσύνη
1394 4414 1485 4466 τὸν
1526 4415 1700 4485 γάμον

1807 4424 1994 4471 secuta
2040 4416 2273 4470 dilexit.
2346 4413 2452 4470 Sed
2508 4414 2826 4483 priusquam
2870 4412 3223 4482 cupiditatem
3276 4426 3378 4465 ex—

130 4502 493 4569 φυλάττουσα.
521 4502 723 4573 Χρόνος
750 4497 819 4571 ἦν
846 4504 905 4554 ἐν
944 4502 1093 4571 μέσῳ
1125 4502 1308 4566 πολὺς,
1354 4504 1446 4556 καί
1470 4522 1555 4568 τις
1586 4524 1705 4575 μοι·

128 4591 301 4662 χικῶς
346 4590 723 4661 κατεπεχείρει
768 4591 865 4659 τῆς
895 4590 1163 4661 ἀχράντου
1212 4592 1499 4657 παστάδος.
1563 4594 1702 4648 Ἀλλ’

129 4686 162 4753 ή
201 4682 389 4753 νύμφη
436 4683 537 4735 ούκ
570 4682 873 4751 ἐμιαίνετο,
912 4683 1005 4734 καὶ
1048 4682 1211 4735 πάλιν
1267 4684 1557 4748 ἐπάνοδος,
1610 4687 1705 4740 καὶ

130 4774 295 4828 πάλιν
342 4775 523 4844 φυγήο
558 4774 651 4827 καὶ
688 4776 751 4825 ἐκ
790 4774 971 4844 τρίτου
1009 4772 1297 4839 ὡσαύτως,
1328 4775 1431 4838 ἓως
1469 4776 1703 4847 διασχὼν

128 4868 222 4921 τὸν
257 4867 529 4938 αἱρετικὸν
578 4866 740 4934 ζόφον
775 4868 807 4919 ό
852 4865 1082 4937 Κύριος,
1130 4869 1223 4921 κα)⁸
1261 4867 1358 4939 τὴν
1385 4868 1579 4924 ἀκτῖνα
1605 4872 1703 4941 τῆς

128 4961 354 5031 εἰρήνης
394 4958 685 5022 ἐπιϐαλὼν,
718 4957 918 5011 ἔδωκεν
960 4958 1267 5012 ὰνάπαυσίν
1304 4976 1423 5012 τινα
1456 4960 1565 5014 τῶν
1600 4980 1709 5031 ματ

128 5052 280 5122 κρῶν
323 5050 498 5103 πόνων
533 5050 770 5113 ἐλπίζειν
793 5066 806 5079 ’
848 5048 961 5101 ἀλλ’
989 5049 1175 5120 ἐπειδὴ
1197 5050 1357 5104 πάλιν
1382 5047 1517 5106 εἶδον
1542 5053 1703 5123 άλλη-

126 5142 275 5206 λους,
313 5142 408 5195 καὶ
454 5140 725 5212 ἀνενεὼοη
757 5141 827 5195 τά
868 5144 965 5212 τῆς
1000 5144 1381 5215 σωφροσύνης,
1410 5146 1503 5197 καὶ
1528 5145 1703 5216 θυμη-

126 5233 234 5285 δίαι
288 5231 685 5301 πνευματικαί·
742 5233 834 5285 καὶ
876 5232 1036 5285 πάλιν
1082 5232 1385 5302 ἀνεφλέχθη
1430 5234 1458 5285 ὁ
1503 5234 1700 5297 πόθος·

128 5325 290 5387 εὐθὺς
322 5324 602 5377 διακόπτει
634 5324 732 5394 τὴν
770 5324 1066 5378 ἀπόλαυσιν
1094 5326 1127 5394 ἠ
1156 5326 1356 5395 ἐσχάτη
1387 5326 1523 5397 αὕτη
1566 5326 1700 5378 ἁπο-

125 5416 188 5483 δη
198 5415 319 5484 μία.

129 5516 301 5571 moto,
340 5508 603 5577 requietis
636 5508 872 5577 aliquam
891 5524 922 5561 a
946 5508 1222 5565 diuturnis
1249 5510 1527 5566 laboribus
1551 5527 1701 5582 spem
1735 5512 1784 5569 fe

1806 4508 1999 4578 pleret,
2050 4520 2342 4577 antequam
2387 4507 2725 4562 desiderium
2766 4513 3041 4561 recrearet
3081 4514 3245 4573 atque
3290 4519 3381 4558 se-

1804 4600 1981 4663 daret,
2011 4600 2173 4654 etiam
2206 4615 2355 4654 nunc
2382 4600 2587 4654 amoris
2617 4600 2670 4652 vi
2712 4599 2947 4663 fervens,
2983 4596 3385 4652 tentationibus

1804 4692 2062 4746 athletam
2094 4690 2162 4744 ad
2194 4693 2491 4746 certamina
2524 4691 2862 4753 vocantibus,
2912 4689 3025 4744 sola
3058 4689 3243 4743 relicta
3270 4696 3383 4741 est.

1804 4786 1980 4853 Atque
2007 4784 2095 4838 ille
2123 4784 2341 4852 quidem
2367 4784 2420 4836 in
2444 4782 2838 4837 certaminibus
2857 4796 2956 4851 pro
2976 4781 3176 4850 pietate
3193 4794 3387 4833 susce-

1810 4876 1914 4945 ptis
1969 4874 2303 4939 desudabat;
2370 4874 2488 4927 inec
2539 4888 2668 4928 vero
2718 4872 2949 4927 durabat
3009 4872 3068 4926 in
3124 4870 3380 4925 castitate

1809 4966 2215 5020 matrimonium
2270 4980 2625 5019 conservans.
2665 4964 2783 5018 Jam
2838 4964 3067 5017 multum
3116 4961 3381 5029 temporis

1808 5056 2217 5121 intercesserat,
2254 5069 2379 5109 cum
2430 5055 2654 5125 quidam
2683 5053 3023 5109 adulterandi
3062 5052 3246 5106 animo
3274 5052 3378 5104 im-

1808 5148 2138 5202 maculatum
2212 5147 2411 5202 lectum
2470 5146 2808 5215 coniugalem
2870 5144 3201 5215 aggreditur.
3269 5140 3378 5196 Sed

1810 5253 2009 5307 sponsa
2040 5254 2148 5291 non
2182 5244 2397 5307 poterat
2428 5238 2728 5307 corrumpi,
2764 5252 2828 5290 ac
2856 5237 3035 5290 denuo
3066 5234 3291 5297 reditus,
3323 5242 3378 5288 et

1806 5344 2001 5384 rursus
2045 5329 2331 5383 exsilium:
2375 5329 2537 5398 idque
2566 5330 2788 5381 tertium
2819 5326 3039 5385 accidit.
3064 5326 3236 5379 donec
3267 5325 3379 5378 ha:-

1804 5421 1971 5474 retica
1998 5420 2230 5488 caligine
2257 5419 2505 5474 discussa
2533 5418 2814 5477 Dominus,
2841 5426 2893 5470 et
2925 5417 3076 5471 radio
3100 5416 3252 5486 pacis
3282 5416 3380 5469 ad-

1787 5515 1897 5579 cit;
1955 5514 2048 5569 sed
2083 5522 2437 5585 posteaquam
2472 5530 2530 5569 se
2563 5522 2752 5567 llllliuo
2783 5527 2976 5567 rursus
3007 5511 3284 5575 viderunt,
3322 5520 3379 5563 et

130 5612 324 5656 castus
347 5617 503 5656 amor
532 5602 961 5672 spiritualcsque
1009 5602 1177 5655 animi
1206 5604 1603 5659 oblectationes
1638 5614 1909 5659 renovata:
1966 5614 2118 5670 sunt,
2176 5621 2241 5660 ac
2290 5622 2486 5660 rursus
2549 5605 2885 5661 desiderium
2936 5618 3228 5658 accensum
3269 5614 3375 5666 cst,

132 5698 316 5754 statim
351 5700 756 5767 perceptionem
786 5697 1083 5768 voluptatis
1107 5697 1223 5754 haec
1252 5698 1435 5753 ultima
1471 5699 1832 5769 peregrinatio
1860 5699 2067 5789 dirimit
2090 5708 2144 5755 et
2175 5698 2541 5765 interrumpit.
