3850 6390
482 232 588 292 859

554 349 718 408 Venit
746 362 806 408 ut
832 367 930 408 vos
972 360 1231 423 tanquam
1279 368 1538 422 sponsam
1577 365 1820 422 ornaret,
1870 367 1925 413 et
1954 375 2058 412 nu-
2087 360 2139 418 Α

482 446 630 514 ptias
663 445 979 509 instrueret,
1013 462 1113 500 nec
1158 446 1210 499 id
1241 445 1442 502 frustra
1489 449 1752 518 suscepit.
1789 449 2062 506 Praeclara

483 534 746 604 conjugio
778 535 1177 589 benedictionis
1204 551 1440 590 coronas
1477 539 1778 606 imposuit;
1818 539 2064 595 imitatus

485 639 568 681 est
609 627 922 692 Dominum,
978 637 1038 683 ut
1075 629 1129 683 in
1172 627 1321 682 Cana
1363 629 1599 686 Galilaea:
1645 631 1930 697 Dominus,
1986 635 2061 688 ita

485 719 650 772 etiam
692 719 782 774 hic
817 721 1058 775 imitator
1089 721 1318 776 Christi.
1365 721 1624 777 Judaicas
1655 724 1800 778 enim
1841 724 2064 794 bydrias

489 807 743 864 haeretica
773 824 914 880 aqua
943 811 1201 880 repletas,
1249 813 1453 868 virtute
1482 813 1606 868 fidei
1641 813 1927 867 immutata
1960 831 2060 868 na-

488 906 633 964 tura,
663 901 774 954 vini
821 903 1018 974 integri
1059 911 1113 957 et
1148 903 1453 973 incorrupti
1499 905 1688 974 plenas
1724 905 1874 961 fecit.
1909 905 2064 976 Saepe
2111 939 2113 941 ι

487 993 636 1048 dulci
676 1009 777 1050 sua
813 1009 950 1050 voce
994 995 1217 1064 largiter
1260 995 1430 1051 aﬂ‘usa
1471 996 1669 1067 gratia,
1717 997 1968 1052 sobrium
2006 999 2061 1051 in

486 1085 642 1139 vobis
687 1093 901 1140 cratera
955 1085 1184 1150 statuit;
1254 1102 1631 1156 saepenumero
1676 1091 1832 1146 vobis
1881 1093 2065 1146 omnis

487 1177 702 1246 generis
739 1177 1091 1232 rationaiium
1130 1179 1380 1233 ciborum
1421 1181 1642 1250 epulum
1689 1183 1936 1251 praebuit.
1969 1182 2064 1239 Ille

488 1267 706 1333 quidem
749 1268 1127 1324 benedicendo
1173 1270 1418 1338 praeibat,
1457 1272 1702 1341 praeclari
1733 1282 1914 1329 autem
1969 1275 2060 1329 isti

486 1357 741 1428 discipuli
785 1375 1095 1414 sermonem
1144 1361 1452 1414 minutatim
1504 1375 1837 1432 exponentes
1885 1367 2061 1423 turbis

489 1451 903 1507 ministrabant.
934 1454 1012 1509 Ac
1039 1469 1139 1509 nos
1189 1454 1457 1517 laatamur,
1505 1457 1721 1524 generis
1748 1460 1915 1513 vestri
1947 1461 2062 1530 glo-

484 1538 623 1592 riam
656 1541 930 1610 propriam
959 1542 1242 1599 ducentes.
1273 1543 1447 1610 Quam
1485 1547 1761 1615 praeclara:
1791 1548 2058 1605 hactenus

1713 235 1772 293 S.
1809 235 2138 294 GREGORII
2169 233 2464 292 NYSSENI

3637 233 3742 288 860

2232 354 2403 410 Ἦλθε
2432 353 2873 426 νυμφοστολίσων
2907 352 3084 424 ὑμᾶς,
3113 351 3208 404 καὶ
3247 348 3308 402 οὐ
3341 347 3608 419 διήμαρτε
3646 347 3738 399 τοῦ

2167 449 2613 518 σπουδάσματος”
2662 445 2900 515 ἐπέθηκε
2935 446 3002 514 τῇ
3051 441 3189 512 καλῇ
3222 439 3450 508 συζυγίᾳ
3486 438 3614 500 τοὺς
3642 439 3738 505 τῆς

2163 540 2409 607 εὐλογίας
2436 538 2729 608 στεφάνους
2748 553 2761 565 ⁸
2794 536 3104 605 ἐμιμήσατο
3126 532 3216 586 τὸν
3237 531 3512 598 Δεσπότην
3535 545 3546 558 ·
3579 529 3657 592 ὡς
3681 530 3736 580 ὲν

2167 633 2322 686 Κανᾶ
2348 631 2448 701 τῆς
2475 629 2762 693 Γαλιλαίας
2800 630 2828 682 ὁ
2870 626 3093 698 Κύριος,
3129 623 3300 685 οὕτως
3332 621 3426 674 καὶ
3448 619 3685 674 ἐνταῦθα
3710 619 3736 670 6

2166 723 2408 794 μιμητὴς
2439 701 2536 776 τοῦ
2589 721 2848 793 Χριστοῦ.
2892 720 3003 783 Τὰς
3038 717 3148 788 γὰρ
3201 714 3494 778 Ἰουδαῖκὰς
3546 713 3735 783 ὑδρίας

2160 811 2256 864 τοῦ
2295 811 2571 884 αἰρετικοῦ
2618 811 2809 875 ὐδατος
2858 807 3326 879 πεπληρωμένας,
3381 806 3608 874 πλήρεις
3641 805 3733 856 τοῦ

2161 903 2437 974 ἀκηράτου
2466 904 2607 957 οἴνου
2629 905 2911 975 ἐποίησεν,
2937 904 2996 954 ὲν
3019 903 3084 971 τῇ
3111 899 3334 968 δυνάμει
3365 901 3463 968 τῆς
3493 898 3732 958 πίστεως

2165 995 2535 1064 μεταποιήσας
2566 995 2668 1065 τὴν
2714 994 2897 1064 φύσιν.
2923 994 3188 1062 Ἔστησεν
3214 993 3270 1043 ὲν
3309 991 3437 1059 ὑμῖν
3472 988 3728 1049 πολλάκις

2162 1089 2416 1158 κρατῆρα
2453 1087 2735 1157 νηφάλιον,
2775 1089 2842 1158 τῇ
2866 1084 3094 1154 γλυκείᾳ
3126 1081 3290 1136 αὐτοῦ
3319 1084 3469 1151 φωνῇ
3495 1079 3726 1147 δαψιλῶς

2159 1183 2474 1252 οἰνοχοήσας
2521 1179 2621 1250 τὴν
2670 1179 2865 1249 χάριν
2919 1176 3177 1238 πολλάκις
3233 1175 3360 1243 ὑμῖν
3394 1170 3729 1242 προεθήκατο

2157 1275 2256 1344 τὴν
2284 1272 2510 1343 λογικὴν
2537 1270 2878 1324 πανδαισίαν.
2923 1269 2982 1321 '0
3015 1268 3114 1337 μὲν
3137 1263 3373 1332 εὐλογῶν
3403 1262 3693 1330 καθηγεῖτο
3712 1277 3724 1288 ’

2157 1366 2207 1417 οἱ
2236 1364 2292 1418 δὲ
2320 1364 2477 1418 καλοὶ
2512 1357 2657 1417 οὗτοι
2691 1361 2946 1433 μαθηταὶ,
2980 1357 3261 1429 διηκόνουν
3284 1358 3396 1417 τοῖς
3423 1354 3602 1423 ὄχλοις
3628 1372 3726 1422 μυ-

2160 1456 2498 1520 θοποιοὖντες
2525 1457 2617 1509 τὸν
2645 1455 2822 1523 λόγον.
2846 1453 2957 1507 Καὶ
2987 1453 3144 1522 ήμεῖς
3175 1446 3596 1520 εὐφραινόμεθα,
3629 1445 3723 1513 τὴν

2158 1547 2251 1600 τοῦ
2308 1547 2495 1616 γένους
2543 1547 2696 1617 ὐμῶν
2759 1544 2938 1610 δόξαν,
2983 1541 3189 1595 οἰκείαν
3245 1538 3578 1608 ποιούμενοι.
3641 1537 3726 1597 Ὠς

485 1631 850 1696 narrationes,
898 1648 1060 1703 quam
1112 1636 1330 1690 beatum
1369 1645 1423 1691 et
1463 1630 1760 1707 optandum
1806 1649 1951 1696 esset
1999 1643 2054 1696 in

2163 1637 2301 1691 καλὰ
2345 1638 2504 1708 μέχρι
2542 1637 2728 1690 τούτου
2759 1636 2828 1689 τὰ
2862 1634 3208 1704 διηγήματα·
3243 1630 3319 1693 ὼς
3351 1627 3622 1698 μακάριον
3663 1622 3726 1695 ἦν

485 1719 572 1775 his
616 1723 866 1778 desinere
917 1733 1081 1794 atque
1118 1725 1262 1782 ﬁniri
1314 1731 1670 1784 sermonem!
1725 1729 1832 1785 Sed
1867 1741 2056 1801 postea

481 1811 657 1880 quid?
697 1811 888 1869 Vocate
915 1815 1332 1885 lamentatrices,
1366 1819 1546 1890 inquit
1572 1819 1836 1876 Jeremias
1862 1825 1900 1876 '.
1937 1822 2056 1880 Non

481 1901 625 1955 enim
657 1905 815 1960 aliter
845 1922 942 1962 cor
972 1908 1172 1964 ardens
1205 1925 1271 1964 ac
1297 1926 1410 1980 pra:
1439 1911 1629 1968 dolore
1656 1913 2054 1980 intumescens.

481 1989 638 2044 leniri
664 2008 726 2046 ac
760 1995 996 2066 mitigari
1029 2005 1230 2066 potest,
1263 2000 1368 2054 nisi
1400 2002 1694 2070 gemitibus
1717 2012 1772 2058 et
1796 2003 2056 2075 lacrymis

481 2084 813 2140 sublevetur.
844 2086 1000 2143 Tunc
1035 2089 1433 2147 discessionem
1461 2108 1588 2162 spes
1620 2094 1830 2152 reditus
1859 2112 2059 2151 conso-

479 2175 729 2230 labatur:
768 2193 913 2232 nunc
944 2188 1184 2236 extrema
1211 2195 1240 2235 a
1268 2182 1427 2238 nobis
1453 2184 1798 2240 discessione
1832 2188 2058 2245 avulsus

479 2274 584 2321 est.
614 2267 844 2338 Magnus
885 2271 1068 2324 hiatus
1108 2273 1252 2326 inter
1283 2289 1410 2328 eum
1439 2284 1492 2328 et
1528 2274 1828 2330 Ecclesiam
1862 2279 1917 2332 in
1944 2294 2059 2333 me-

479 2358 574 2413 dio
597 2359 844 2417 firmatus
874 2371 975 2417 est.
1008 2363 1101 2417 llle
1119 2363 1340 2432 quidem
1367 2365 1420 2418 in
1445 2366 1568 2420 sinu
1594 2367 1828 2421 Abraha:
1850 2371 2058 2439 requie-

479 2447 620 2515 scit;
655 2451 829 2520 atqui
864 2458 1072 2520 guttam
1107 2467 1284 2521 aquae,
1314 2467 1419 2522 qua
1451 2469 1662 2519 eorum,
1689 2456 1781 2525 qui
1807 2460 2057 2512 crucian-

481 2547 588 2601 tur,
630 2539 816 2610 lingua
850 2540 1225 2611 refrigeretur,
1283 2553 1636 2614 transportet,
1687 2561 1795 2600 non
1822 2557 1924 2603 est.
1955 2549 2056 2604 Pe-

479 2631 572 2684 riit
602 2631 690 2686 ille
708 2633 895 2697 decor,
927 2634 1052 2689 silet
1073 2650 1201 2697 vox,
1233 2636 1452 2692 occlusa
1475 2644 1604 2691 sunt
1633 2638 1794 2702 labia,
1822 2641 2056 2694 avolavit

478 2723 673 2791 gratia.
710 2722 782 2778 Ut
822 2724 900 2779 rei
938 2728 1226 2794 praeterita:
1263 2729 1530 2791 narratio,
1574 2729 1804 2786 felicitas
1856 2735 2052 2787 evasit.

477 2813 764 2870 Molestum
795 2827 916 2872 erat
939 2818 1070 2873 olim
1099 2820 1263 2874 etiam
1308 2819 1611 2876 lsraelitico
1640 2822 1862 2891 populo,
1907 2825 2052 2892 quod

477 2903 624 2962 Elias
655 2923 686 2961 a
725 2916 872 2963 terra
915 2909 984 2964 ad
1010 2909 1178 2965 Deum
1216 2911 1553 2968 subvolaret.
1592 2911 1699 2967 Sed
1743 2913 2050 2971 discessum

2158 1731 2366 1793 τούτοις
2395 1730 2720 1795 ὲναπολῆξαι
2742 1729 2832 1782 τὸν
2860 1728 3040 1795 λόγον.
3076 1723 3236 1777 Ἀλλὰ
3271 1721 3411 1792 μετὰ
3440 1718 3616 1772 ταῦτα
3641 1720 3722 1780 τίς

2158 1823 2465 1878 Καλέσατε
2490 1823 2596 1888 τὰς
2624 1821 2988 1889 θρηνούσας,
3037 1819 3065 1870 6
3103 1813 3369 1885 Ἱερεμίας
3408 1811 3596 1881 φησίν.
3651 1811 3722 1863 Οὐ

2156 1915 2266 1986 γὰρ
2293 1914 2441 1968 ἔστιν
2473 1912 2646 1976 ἄλλως
2679 1909 3017 1982 φλεγομένην
3039 1907 3264 1978 καρδίαν
3291 1903 3722 1972 καταπεφθῆναι,

2156 2008 2261 2062 ὑπὸ
2310 2006 2401 2060 τοῦ
2457 2005 2665 2068 πάθους
2719 2004 3086 2064 οίδαίνουσαν,
3144 1999 3218 2069 μὴ
3266 1999 3587 2065 στεναγμοῖς
3636 1997 3728 2048 καὶ

2155 2097 2409 2168 δακρύοις
2437 2094 2853 2166 κουφιζομένην.
2889 2093 3024 2144 Τότε
3051 2087 3421 2160 παρεμυθεῖτο
3443 2086 3535 2138 τὸν
3561 2103 3725 2154 χωρι-

2157 2190 2292 2259 σμὸν
2340 2190 2374 2259 ή
2417 2187 2517 2258 τῆς
2561 2185 2821 2240 ἐπανόδου
2867 2184 3047 2246 ἐλπίς·
3103 2181 3196 2236 νῦν
3251 2180 3308 2233 δὲ
3351 2179 3442 2231 τὸν
3497 2177 3724 2246 ἔσχατον

2155 2281 2312 2354 ήμῶν
2365 2279 2642 2352 χωρισμὸν
2686 2276 3011 2346 ἁπεσχίσθη.
3072 2275 3271 2343 Χάσμα
3329 2271 3473 2340 μέγα
3524 2269 3727 2338 μεταξύ

2155 2371 2318 2426 αὐτοῦ
2351 2389 2411 2424 τε
2440 2371 2535 2424 καὶ
2563 2369 2662 2439 τῆς
2693 2365 3015 2436 Ἐκκλησίας
3050 2362 3192 2418 κατὰ
3219 2361 3278 2414 τὸ
3313 2360 3474 2430 μέσον
3509 2359 3728 2427 ἐστήρι-

2155 2481 2279 2518 κται
2303 2481 2317 2495 ο
2352 2465 2380 2516 6
2412 2462 2511 2533 μὲν
2543 2465 2602 2515 ὲν
2645 2463 2756 2524 τοῖς
2786 2460 3006 2521 κόλποις
3033 2455 3128 2509 τοῦ
3171 2453 3420 2524 Ἀϐραὰμ
3451 2451 3727 2504 ἀναπαύει

2153 2572 2274 2609 ται”
2308 2557 2336 2608 6
2364 2556 2420 2608 δὲ
2452 2553 2782 2624 διακομίζων
2823 2552 2926 2622 τὴν
2973 2549 3208 2618 σταγόνα
3249 2543 3342 2599 τοῦ
3390 2542 3601 2603 ὓδατος,
3643 2543 3728 2594 ἵνα

2154 2647 2438 2718 καταψύξῃ
2465 2646 2573 2699 τῶν
2609 2643 2962 2714 ὀδυνωμένων
2992 2642 3092 2712 τὴν
3120 2639 3392 2708 γλῶσσαν,
3427 2643 3527 2694 οὐκ
3552 2641 3726 2693 ἐστιν.

2153 2741 2370 2810 Οίχεται
2397 2740 2457 2792 τὸ
2493 2737 2689 2800 κάλλος
2729 2737 2924 2799 έκεῖνο,
2964 2735 3092 2804 σιγᾷ
3125 2735 3157 2802 ή
3190 2735 3340 2802 φωνή
3362 2750 3375 2762 ·
3415 2735 3631 2803 μέμυκε
3663 2735 3733 2785 τὰ,

2158 2833 2310 2905 χείλη
2329 2872 2343 2894 ,
2385 2830 2602 2900 ἀπέπτη
2630 2832 2664 2898 ή
2693 2829 2871 2899 χάρις.
2922 2827 3174 2895 Διήγημα
3208 2824 3432 2892 γέγονεν
3464 2827 3497 2894 ή
3526 2825 3730 2893 εὐκλη-

2157 2923 2267 2996 ρία.
2315 2921 2534 2975 Ἐλύπει
2565 2919 2693 2973 ποτὲ
2723 2918 2816 2971 καὶ
2855 2916 2945 2969 τὸν
2997 2914 3334 2985 Ἰσραηλίτην
3370 2914 3498 2966 λαὸν
3538 2913 3728 2974 Ἠλίας

477 2995 710 3064 Eliseus,
738 3001 985 3071 magistri
1017 3003 1183 3072 pallio
1214 3005 1446 3073 pelliceo
1469 3014 1696 3060 ornatus
1725 3008 2048 3062 consolaba-

2155 2995 2259 3069 άπὸ
2294 3013 2400 3083 γῆς
2451 3011 2590 3082 πρὸς
2635 3009 2766 3064 Θεὸν
2817 3007 3201 3076 ἀνιπτάμενος.
3271 3004 3430 3058 Ἀλλά
3476 3021 3732 3076 παρεμυ·

474 3096 587 3144 tur.
645 3090 804 3147 Nunc
850 3108 984 3148 vero
1025 3094 1225 3149 vulnus
1281 3103 1504 3165 superat
1560 3105 1731 3151 artem
1783 3098 2046 3156 curandi:

475 3183 734 3250 quoniam
762 3192 815 3239 et
844 3184 990 3241 Elias
1016 3195 1359 3257 assumptus,
1387 3196 1443 3243 et
1469 3187 1684 3244 Eliseus
1717 3205 1827 3244 non
1854 3200 1939 3247 est
1964 3207 2050 3248 re-

475 3275 658 3331 lictus.
689 3276 886 3333 Audite
925 3294 992 3333 ex
1021 3276 1254 3334 Jeremia
1289 3279 1476 3335 tristes
1522 3296 1586 3334 ac
1647 3281 1854 3338 ﬂebiles
1883 3292 2051 3354 qlias-

473 3365 600 3419 dam
630 3381 811 3430 voces,
843 3369 1046 3437 quibus
1072 3380 1132 3424 ut
1166 3369 1437 3424 desertam
1471 3371 1664 3427 urbem
1693 3371 2051 3446 Jerosoiymi-

473 3465 728 3512 tanorum
792 3460 1062 3530 deplorat,
1132 3463 1227 3532 qui
1279 3479 1405 3518 cum
1464 3465 1570 3518 alia
1617 3467 1867 3535 quaedam
1925 3483 2050 3524 cum

474 3549 956 3606 commiseratione
1006 3553 1342 3622 pronuntiat,
1393 3564 1509 3608 tum
1553 3557 1696 3610 hoc:
1748 3556 1858 3610 Via:
1895 3555 2048 3623 Sion,

477 3637 715 3708 inquit’,
745 3639 940 3710 lugent.
971 3639 1095 3696 Haec
1123 3650 1252 3697 tunc
1271 3643 1488 3712 quidem
1513 3644 1680 3708 dicta,
1701 3661 1845 3700 nunc
1869 3655 2050 3702 autem

476 3729 704 3799 impleta
731 3738 882 3786 sunt.
914 3731 1049 3787 Nam
1089 3735 1184 3789 ubi
1229 3733 1373 3788 fama
1405 3735 1731 3791 calamitatis
1771 3737 2051 3809 divulgata

476 3819 660 3887 fuerit,
713 3831 844 3878 tunc
875 3823 976 3880 viae
1011 3833 1068 3880 et
1093 3826 1268 3896 plenae
1313 3827 1613 3898 lugentium
1649 3837 1832 3895 erunt,
1877 3837 1934 3885 et
1969 3833 2051 3885 ef-

475 3909 776 3967 funduntur
813 3914 908 3984 qui
958 3919 1026 3970 ab
1063 3931 1132 3972 eo
1159 3919 1548 3987 pascebantur,
1593 3919 1960 3977 Ninivitarum
1995 3923 2050 3977 in

475 4003 789 4060 calamitate
831 4021 1020 4062 vocem
1056 4008 1375 4066 imitantes:
1406 4011 1516 4066 imo
1544 4027 1675 4068 vero
1705 4013 1873 4068 etiam
1925 4029 2052 4084 gra-

473 4093 596 4150 vius
622 4104 678 4150 et
707 4097 957 4153 acerbius
1009 4115 1172 4170 quam
1208 4101 1286 4155 illi
1329 4102 1600 4160 dolentes.
1637 4103 1772 4159 Nam
1827 4105 2047 4160 illorum

473 4188 694 4256 quidem
722 4191 1041 4248 lamentatio
1071 4204 1277 4250 metum
1313 4197 1513 4264 solvit;
1546 4197 1633 4252 his
1677 4213 1808 4253 vero
1837 4199 2048 4261 nullum

473 4279 777 4335 remedium
827 4285 1099 4341 malorum
1133 4287 1204 4341 ab
1250 4288 1738 4345 lamentationibus
1769 4300 2045 4360 speratur.

2154 3107 2297 3161 θεῖτο
2328 3105 2420 3158 τὸν
2464 3100 2742 3174 χωρισμὸν
2803 3099 3119 3161 Ἐλισσαῖος,
3173 3096 3488 3168 τῇμηλωτῇ
3515 3095 3615 3149 τοῦ
3650 3097 3730 3149 δι..

2147 3198 2418 3254 δασκάλου
2468 3193 2859 3264 κοσμούμενος.
2920 3189 3054 3243 Νυνὶ
3104 3189 3162 3242 δὲ
3216 3188 3278 3241 τδ
3327 3188 3542 3258 τραῦμα
3587 3189 3728 3256 ὑπὲρ

2149 3289 2442 3361 θεραπείαν
2497 3286 2679 3340 ἐστίν·
2724 3286 2804 3338 ὅτι
2865 3282 2959 3336 καὶ
3021 3281 3208 3343 Ἠλίας
3269 3279 3578 3349 ἀνελήφθη,
3636 3281 3730 3332 καὶ

2161 3381 2462 3443 Ἐλισσαῖος
2485 3380 2583 3448 οὐχ
2613 3375 2934 3448 ὑπελείφθη.
2977 3374 3275 3428 Ἠκούσατε
3314 3372 3407 3426 τοῦ
3455 3373 3727 3443 Ἱερεμίου

2149 3475 2332 3542 φωνάς
2360 3489 2513 3535 τινας
2548 3469 2874 3541 σκυθρωπάς
2903 3469 2995 3522 καὶ
3027 3465 3266 3535 γοώδεις,
3305 3464 3369 3527 ἃς
3396 3465 3471 3527 ὡς
3499 3465 3727 3534 ἐρημω-

2151 3566 2347 3634 θεῖσαν¹
2382 3564 2482 3634 τὴν
2516 3563 2669 3616 πόλιν
2706 3558 3146 3633 Ἱεροσολυμιτῶν
3187 3556 3630 3626 κατεθρήνησενο
3672 3554 3730 3616 ὃς

2149 3657 2284 3712 ἄλλα
2304 3632 2364 3710 τέ
2396 3632 2518 3709 τινα
2555 3632 2870 3727 περιπαθῶς
2897 3650 3168 3721 διεξῆλθεν
3204 3649 3297 3702 κα)⁸
3331 3647 3486 3700 τοῦτό
3519 3664 3690 3717 φησιν
3714 3666 3725 3677 ·

2162 3748 2319 3802 Ὀδοὶ
2365 3746 2517 3801 Σιὼν
2563 3743 2908 3799 πενθοῦσιν.
2951 3741 3135 3794 Ταῦτα
3179 3739 3297 3804 τότε
3345 3738 3442 3808 μὲν
3484 3737 3728 3806 εἴρηται,

2150 3840 2244 3893 νῦν
2266 3839 2322 3892 δὲ
2365 3838 2739 3909 πεπλήρωται.
2774 3835 2943 3886 Ὅταν
2965 3831 3072 3902 γάρ
3099 3828 3465 3902 περιαγγελθῇ
3494 3827 3591 3882 τοῦ
3624 3827 3730 3880 πά-

2151 3931 2276 3994 θους
2303 3934 2336 4002 ἡ
2361 3932 2538 4001 φήμη,
2570 3929 2691 3981 τότε
2723 3927 2952 3997 πλήρεις
2981 3924 3189 3977 ἔσονται
3231 3925 3286 3976 αί
3312 3922 3419 3975 ὁδοὶ
3449 3921 3559 3974 τῶν
3593 3939 3728 3974 πενο-

2151 4023 2403 4086 θούντων,
2455 4020 2548 4073 καὶ
2594 4017 3024 4090 προχεθήσονται
3066 4016 3116 4067 οἱ
3143 4015 3234 4066 ὐπ’
3278 4012 3456 4066 αὐτῶν
3494 4028 3727 4082 ποιμαι-

2150 4116 2393 4186 νόμενοι,
2424 4113 2522 4182 τὴν
2549 4111 2659 4164 τῶν
2702 4108 2998 4164 Νινευῖτῶν
3030 4107 3214 4177 φωνὴν
3251 4106 3340 4158 ἐπὶ
3370 4104 3464 4157 τοῦ
3514 4104 3728 4167 πάθους

2153 4205 2512 4277 μιμούμενοι·
2553 4203 2753 4274 μᾶλλον
2789 4202 2846 4254 δὲ
2882 4201 3148 4254 κάκείνων
3193 4197 3564 4266 ἀλγεινότερον
3604 4196 3727 4249 ὀδυ-

2150 4297 2399 4367 νώμενοι.
2435 4297 2558 4357 Τοῖς
2595 4294 2692 4363 μὲν
2725 4291 2833 4362 γὰρ
2863 4293 2891 4344 6
2943 4290 3140 4360 θρῆνος
3180 4289 3268 4341 τὸν
3297 4286 3458 4356 φόϐον
3491 4285 3722 4338 ἔλυσεν’

472 4369 611 4424 Novi
641 4375 936 4442 quamdam
969 4377 1137 4432 etiam
1168 4375 1330 4433 aliam
1355 4378 1605 4436 Jeremia:
1632 4397 1844 4452 vocem,
1893 4384 2048 4440 libris

2155 4390 2264 4450 τοῖς
2308 4387 2364 4439 δὲ
2393 4385 2544 4447 λύσις
2590 4384 2815 4454 οὐδεμία
2857 4382 2965 4436 τῶν
3003 4380 3188 4435 κακῶν
3220 4379 3326 4433 ἀπὸ
3366 4377 3472 4430 τῶν
3502 4376 3724 4447 θρήνων

473 4458 815 4518 Psalmorum
847 4478 1283 4534 annumeratam,
1317 4485 1481 4540 quam
1510 4471 1843 4541 captivitatis
1876 4473 2050 4528 lsrae-

474 4553 637 4609 litica:
683 4555 903 4613 nomine
933 4559 1127 4614 edidit.
1160 4559 1340 4617 Verba
1397 4569 1579 4616 autem
1627 4561 1925 4633 Scriptum
1972 4565 2047 4620 ita

472 4660 596 4702 sese
629 4647 829 4703 habent
854 4669 867 4703 :
918 4649 986 4704 In
1011 4653 1266 4708 salicibus
1293 4655 1664 4724 suspendimus
1693 4657 2046 4711 instrumenta

473 4748 658 4796 nostra
681 4740 722 4804 ³,
745 4740 966 4797 silentio
983 4758 1106 4798 cum
1129 4746 1518 4816 nosmetipsos,
1539 4755 1655 4801 tum
1675 4747 2041 4804 instrumenta

471 4829 924 4889 condemnantes.
961 4833 1067 4890 Pro
1097 4851 1218 4892 mea
1269 4837 1414 4891 hanc
1442 4853 1650 4908 usurpo
1690 4841 2040 4895 cantilenam.

468 4918 607 4975 Nam
659 4923 706 4978 si
751 4924 941 4980 videro
997 4926 1309 4982 haereticam
1357 4929 1734 4984 confusionem
1770 4929 2044 5000 (Babylon

470 5020 652 5067 autem
679 5015 922 5084 confusio
955 5018 1094 5088 est),
1143 5027 1195 5072 et
1229 5019 1274 5073 si
1312 5019 1500 5073 videro
1533 5019 1882 5083 tentationes,
1923 5037 2045 5089 quae

469 5120 568 5173 per
605 5107 986 5164 confusionem
1017 5109 1233 5166 fluunt:
1271 5109 1385 5165 haec
1412 5111 1502 5164 illa
1541 5126 1664 5166 esse
1695 5111 1784 5166 aio
1812 5112 2044 5183 Babylo-

470 5199 559 5248 nia
591 5196 835 5264 ﬂumina,
890 5201 1092 5272 quibus
1138 5202 1443 5258 assidentes
1488 5203 1703 5266 ﬂemus,
1751 5207 1893 5273 quod
1931 5222 2039 5260 non

469 5285 789 5354 habeamus,
820 5292 913 5362 qui
942 5308 1039 5362 per
1065 5307 1128 5348 ea
1157 5309 1258 5348 nos
1285 5295 1543 5361 trajiciat.
1581 5293 1736 5360 Quod
1771 5296 1816 5348 si
1845 5296 2042 5352 salices

469 5379 861 5447 nominaveris,
889 5393 943 5439 et
969 5385 1025 5439 in
1048 5385 1114 5442 iis
1142 5401 1412 5457 suspensa
1444 5386 1829 5452 instrumenta,
1857 5403 2035 5442 meum

468 5467 632 5522 etiam
667 5471 769 5527 hoc
801 5476 1030 5546 :enigma
1087 5477 1272 5542 fuerit,
1323 5493 1450 5533 vere
1481 5493 1716 5549 namque
1758 5479 1895 5533 salix
1955 5487 2039 5534 est

2149 4478 2443 4543 ὲλπίζεται.
2477 4474 2607 4530 Οἶδά
2628 4493 2748 4528 τινα
2779 4475 2872 4528 τοῦ
2907 4473 3171 4545 Ἱερεμίου
3199 4472 3292 4525 καὶ
3321 4470 3483 4541 ἄλλην
3509 4471 3721 4538 φωνὴν,

2145 4575 2266 4635 ταῖς
2297 4570 2495 4641 βίϐλοις
2523 4567 2688 4622 οὖσαν
2722 4567 2830 4620 τῶν
2868 4564 3116 4636 Ψαλμῶν
3145 4563 3477 4635 ἐναρίθμιον,
3525 4561 3600 4630 ἢν
3631 4562 3724 4613 ἐπὶ

2145 4667 2212 4733 τῇ
2261 4660 2604 4732 αἰχμαλωσίᾳ
2639 4658 2733 4712 τοῦ
2789 4656 3004 4728 Ἰσραὴλ
3049 4657 3360 4725 ἐποιήσατο.
3414 4652 3549 4723 Φησὶ
3596 4653 3657 4706 δὲ
3697 4656 3724 4704 6

2145 4754 2328 4822 λόγος,
2380 4753 2462 4804 ὅτι
2518 4752 2620 4804 Ἕν
2678 4747 2856 4813 ίτέαις
2910 4745 3322 4816 ἐκρεμὰσαμεν
3365 4743 3600 4797 ἑαυτῶν
3653 4744 3725 4795 τὰ

2149 4845 2399 4913 ὄργανα,
2439 4840 2648 4909 σιωπὴν
2698 4838 2904 4892 ἑαυτῶν
2934 4855 2995 4890 τε
3024 4837 3117 4889 καὶ
3145 4835 3253 4887 τῶν
3277 4835 3518 4905 ὀργάνων
3548 4851 3724 4886 κατα-

2146 4935 2481 4995 δικάσαντες.
2523 4930 2690 5001 Ἐμὴν
2716 4929 2974 4998 ποιοῦμαι
3002 4927 3101 4998 τὴν
3140 4927 3280 4997 ᾠδὴν
3317 4924 3539 4993 ταύτην.
3592 4924 3723 4975 Ἐὰν

2146 5028 2254 5098 γὰρ
2285 5027 2379 5079 ἴδω
2417 5025 2515 5095 τὴν
2547 5023 2828 5094 αἱρετικὴν
2861 5021 3121 5090 σύγχυσιν
3155 5015 3444 5090 (Βαϐυλὼν
3473 5015 3530 5068 δέ
3568 5017 3721 5067 ἐστιν

2150 5120 2190 5186 ἡ
2249 5112 2606 5185 σύγχυσις),
2653 5113 2746 5164 καὶ
2779 5111 2872 5163 ἐὰν
2909 5110 3002 5162 ἴδω
3033 5111 3158 5172 τούς
3208 5104 3548 5178 πειρασμοὺς
3592 5104 3721 5165 τοὺς

2145 5207 2233 5260 διὰ
2258 5207 2357 5276 τῆς
2401 5205 2709 5274 συγχύσεως
2743 5202 2991 5272 ῥέονταςο
3041 5199 3213 5253 ταῦτα
3242 5197 3426 5251 ἐκεῖνά
3463 5213 3611 5265 φημι
3651 5194 3721 5245 τὰ

2149 5295 2460 5348 Βαϐυλώνια
2501 5293 2766 5365 ῥεύματα,
2814 5284 2896 5352 οἷς
2943 5289 3384 5359 προσκαθήμενοι
3429 5285 3716 5351 κλαίομεν,

2147 5387 2227 5439 ὅτι
2255 5385 2345 5438 τὸν
2381 5385 2634 5452 διάγοντα
2677 5382 2824 5450 ἡμᾶς
2860 5379 2946 5432 διὰ
2975 5377 3178 5431 τούτων
3205 5377 3304 5430 οὐκ
3348 5374 3562 5444 ἔχομεν.
3599 5369 3720 5422 Κᾶν

2144 5479 2240 5541 τὰς
2271 5477 2416 5539 ἰτέας
2459 5476 2640 5549 εἴπῃς,
2675 5473 2768 5527 καὶ
2799 5470 2871 5524 τά
2914 5471 3007 5524 ἐπὶ
3037 5469 3241 5523 τούτων
3284 5468 3525 5537 ὄργαναο
3581 5461 3716 5532 ἐμὸν

544 5643 558 5674 ³
599 5642 708 5701 Jer.
758 5662 831 5713 Ix,
892 5649 972 5703 l7.
1050 5652 1070 5681 ²
1095 5649 1294 5707 Thron.
1328 5667 1368 5719 l,
1397 5652 1450 5706 4.
1528 5653 1547 5684 ³
1573 5653 1714 5707 l’sal.
1747 5667 1968 5720 cxsxvr,
2003 5654 2038 5706 ἓ
2070 5669 2229 5723 seqq.
