3850 6422
166 303 271 361 86!

1388 304 1475 361 DE
1514 302 1818 362 MELETIO
1859 299 2208 357 EPISCOPO.

3305 298 3410 351 80?.

166 420 265 470 καὶ
296 418 455 472 τοῦτο
484 418 545 471 τὺ
588 418 853 491 αἰνιγμα.
876 422 1082 485 Ὄντως
1112 421 1222 493 γὰρ
1252 424 1311 474 ἐν
1345 423 1511 484 ίτέαις
1552 423 1581 473 6
1610 420 1742 491 βίος.

1848 417 1977 471 vita.
2007 416 2141 469 Nam
2182 416 2344 471 arbor
2379 417 2580 473 sterilis
2629 418 2768 472 salix
2819 424 2944 473 est:
2973 430 3005 469 a
3034 413 3196 470 nobis
3232 420 3413 467 autem

164 509 400 579 Δένδρον
440 509 548 581 γάρ
585 512 832 582 ἄκαρπον
858 514 891 585 ἡ
918 513 1031 567 ἰτέα
1060 514 1239 566 ἐστίν⁹
1270 516 1302 584 ἡ
1314 513 1429 585 μῶν
1480 514 1537 567 δὲ
1568 516 1741 585 άπερ-

166 600 277 670 ρύη
309 601 408 671 τῆς
442 601 589 672 ζωῆς
631 605 659 655 6
686 604 888 671 γλυκὺς
938 604 1168 674 καρπός.
1220 604 1427 657 Οὐκοῦν
1483 606 1619 657 ἰτέαι
1653 621 1744 672 γε-

164 694 411 760 γόναμεν
442 693 699 764 ἄκαρποι,
734 696 880 766 άργά
914 698 1007 750 καὶ
1036 696 1267 766 ἀκίνητα
1295 696 1363 749 τά
1388 697 1486 767 τῆς
1522 696 1744 766 ἀγάπης

163 780 379 850 δργανα
411 784 505 836 ἐπὶ
530 784 637 857 τῶν
668 784 839 849 ξύλων
863 787 1256 857 κρεμάσαντες.
1295 789 1435 842 Ἐὰν
1458 788 1744 842 ἐπιλάθω-

157 874 277 940 μαί
304 890 443 940 σου,
474 877 658 946 φησὶν,
706 878 1117 949 Ἰερουσαλὴμ,
1135 880 1487 947 mammam
1512 881 1550 947 ἠ
1576 877 1744 943 δεξιά

160 983 307 1032 μου.
343 967 473 1019 Δότε
526 985 615 1037 μοι
666 970 860 1040 μικρὸν
906 971 1206 1038 ὑπαλλάξαι
1235 971 1296 1025 τὸ
1338 971 1741 1041 γεγραμμένον,

164 1058 252 1110 ὅτι
281 1059 379 1129 οὐχ
422 1061 579 1130 ἡμεῖς
614 1061 716 1130 τῆς
759 1061 957 1126 δεξιᾶς,
985 1062 1096 1116 ἀλλ’
1132 1065 1166 1133 ή
1196 1063 1348 1129 δεξιά
1374 1062 1533 1133 ἡμῶν
1561 1062 1744 1115 ἐπιλέ-

164 1150 399 1219 λησταιο
429 1153 521 1207 καὶ
553 1155 587 1223 ὴ
617 1152 836 1221 γλῶσσα
868 1153 948 1224 τῷ
979 1153 1092 1223 ἰδίῳ
1130 1153 1366 1224 λάρυγγι
1399 1152 1740 1222 κολληθεῖσα,

170 1239 279 1303 τὰς
330 1240 429 1311 τῆς
474 1241 657 1311 φωνῆς
698 1242 961 1308 διεξόδους
1006 1240 1351 1314 ἁπέφραξεν,
1408 1242 1494 1295 ἵνα
1547 1242 1743 1313 μηκέτι

163 1332 337 1399 ἡμεῖς
386 1332 485 1402 τῆς
538 1332 796 1401 γλυκείας
833 1336 1046 1405 ἐκείνης
1080 1335 1262 1405 φωνῆς
1308 1334 1469 1387 πάλιν
1499 1332 1746 1386 ἀκούσω-

168 1438 296 1491 μεν.
356 1422 493 1475 Ἀλλ’
525 1424 879 1494 ἀποψήσασθέ
919 1442 1008 1495 μοι
1034 1424 1103 1478 τά
1148 1426 1391 1496 δάκρυα·
1423 1425 1746 1495 αἰσθάνομαι

164 1514 284 1585 γάρ
306 1517 450 1586 πέρα
486 1514 581 1569 τοῦ
614 1516 824 1579 δέοντος
860 1517 953 1569 ἐπὶ
975 1517 1056 1588 τῷ
1087 1516 1249 1572 πάθει
1279 1517 1742 1586 γυναικιζόμενος.

168 1608 291 1660 Οὐκ
346 1607 596 1678 ἀφῃρέθη
643 1608 735 1676 ἀφ’
785 1607 944 1679 ἡμῶν
990 1611 1019 1661 6
1074 1609 1339 1679 νυμφίος’
1386 1608 1550 1679 μέσος
1590 1607 1745 1679 ἡμῶν

166 1698 427 1767 ἕστηκεν,
452 1697 552 1752 κᾶν
580 1699 740 1769 ἡμεῖς
768 1700 842 1769 μὴ
874 1699 1177 1769 βλέπωμεν.
1216 1700 1305 1752 Ἐν
1326 1702 1437 1763 τοῖς
1467 1698 1681 1762 ἀδύτοις
1716 1703 1744 1753 6

171 1765 389 1859 ἱερεύς·
435 1790 514 1852 είς
541 1765 887 1860 τάνένδότερα
914 1789 1007 1844 τοῦ
1040 1765 1555 1860 καταπετάσματος,
1604 1790 1739 1843 ὅπου
1773 1765 1816 1820 Β

167 1880 483 1951 πρόδρομος
536 1881 674 1954 ὑπὲρ
720 1881 876 1953 ἡμῶν
922 1881 1138 1953 είσῆλθε
1174 1881 1436 1952 Χριστόςο
1483 1881 1743 1935 κατέλιπε

165 1972 233 2025 τὸ
273 1972 377 2041 τῆς
422 1973 622 2042 σαρκὸς
662 1974 1090 2043 παραπέτασμα.
1138 1973 1334 2027 Οὐκέτι
1381 1972 1741 2042 ὑποδείγματι

166 2060 267 2113 καὶ
298 2063 425 2131 σκιᾷ
444 2060 692 2133 λατρεύει
704 2062 813 2115 τῶν
831 2060 1186 2133 ἐπουρανίων,
1208 2061 1325 2114 ἀλλ’
1344 2063 1423 2119 είς
1439 2061 1607 2133 αὐτὴν
1624 2062 1744 2131 βλεῖο

165 2167 265 2203 πει
297 2152 398 2222 τὴν
422 2150 531 2203 τῶν
562 2153 902 2222 πραγμάτων
937 2152 1120 2205 εἰκόνα
1138 2168 1152 2181 ”
1181 2151 1363 2205 οὑκέτι
1389 2151 1455 2205 δι’
1477 2153 1743 2222 ἐσόπτρου

165 2244 266 2296 καὶ
308 2243 642 2312 αἰνίγματος,
680 2242 795 2296 ἀλλ’
835 2242 1273 2314 αὑτοπροσώπως
1314 2244 1624 2315 ἐντυγχάνει
1665 2243 1744 2313 τῷ

162 2334 293 2404 Θεῷ
376 2334 693 2403 ἐντυγχάνει
731 2333 788 2387 δὲ
818 2334 957 2404 ὑπὲρ
987 2334 1142 2405 ἡμῶν
1200 2336 1295 2389 καὶ
1333 2335 1443 2388 τῶν
1470 2336 1561 2389 τοῦ
1613 2336 1741 2389 λαοῦ

166 2427 557 2497 ἀγνοημάτων.
615 2425 875 2479 Ἀπέθετο
920 2427 1045 2488 τοὺς
1085 2426 1437 2498 δερματίνους
1480 2426 1737 2497 χιτῶνας·

162 2516 290 2568 οὑδὲ
322 2517 429 2586 γάρ
464 2516 580 2568 ἐστι
608 2515 767 2586 χρεία
789 2517 903 2579 τοίς
928 2516 984 2568 ἐν
1009 2516 1319 2588 παραδείσῳ
1342 2517 1607 2587 διάγουσι,
1634 2518 1742 2570 τῶν

161 2608 425 2662 τοιούτων
456 2607 716 2678 χιτώνων.
760 2609 898 2661 Ἀλλ’
930 2608 1221 2680 ἐνδύματα,
1249 2608 1287 2663 ὃ.
1312 2612 1379 2680 τῇ
1411 2609 1743 2679 καθαρότητι
1786 2600 1795 2607 ’

162 2701 262 2753 τοῦ
314 2699 429 2770 βίου
489 2699 653 2753 αὑτοῦ
703 2700 1006 2772 ἐξυφήνας,
1068 2702 1507 2772 ἐπεκοσμήσατα
1551 2702 1743 2771 Τίμιος

164 2792 414 2845 ἐναντίον
458 2792 662 2861 Κυρίου
704 2791 797 2845 τοῦ
832 2792 1074 2845 τοιούτου
1101 2795 1129 2846 6
1163 2793 1410 2856 θάνατος.
1445 2793 1659 2847 Μᾶλλον
1685 2793 1742 2845 δὲ

160 2883 289 2953 οὐχὶ
331 2882 593 2948 θάνατος,
642 2882 778 2935 ἀλλά
830 2883 982 2953 ρἧἰς
1029 2885 1144 2936 ἐστι
1193 2883 1389 2953 μελῶν.
1423 2883 1742 2952 Δώρῤηξας

162 2976 301 3043 γάρ,
335 2975 491 3045 φησὶ,
520 2974 662 3040 τοὺς
684 2973 945 3042 δεσμούς
966 2992 1106 3043 μου.
1155 2974 1422 3046 Ἀπελύθη
1446 2978 1473 3029 6
1496 2975 1739 3045 Συμεὼν,

1842 509 2022 563 dulcis
2056 509 2179 561 vitae
2229 508 2440 563 fructus
2481 508 2728 563 deﬂuxit.
2759 508 2901 579 Ergo
2953 508 3153 563 salices
3184 505 3415 574 infringi-

1844 600 1979 655 feraa'
2012 599 2139 653 facti
2182 615 2394 663 sumus,
2441 616 2507 654 ex
2541 616 2651 670 quo
2688 601 2860 655 otiosa
2906 609 3067 669 atque
3100 600 3324 652 immota
3357 596 3415 649 in

1843 693 2004 762 lignis
2043 691 2429 759 suspendimus
2476 692 2785 746 dilectionis
2814 692 3195 746 instrumenta.
3231 688 3291 744 Si
3323 686 3416 741 ob-

1842 783 1991 846 litus,
2025 782 2221 851 inquit,
2254 782 2403 849 fuero
2432 781 2530 843 tui,
2559 779 2857 834 Jerusalem
2888 818 2903 843 ,
2950 780 3201 833 oblivioni
3233 777 3416 831 trada-

1844 884 1931 928 tur
1955 875 2173 928 dextera
2200 891 2336 928 mea.
2376 872 2671 928 Concedite
2702 872 2855 939 mihi,
2883 881 2943 925 ut
2980 873 3245 942 scriptum
3282 885 3419 941 pau-

1843 967 2015 1019 lulum
2072 967 2340 1019 invertam
2386 973 2549 1034 atque
2595 964 2897 1025 immutem,
2951 964 3095 1033 quod
3152 978 3260 1017 non
3314 978 3420 1018 nos

1843 1057 2098 1121 dexteraa,
2148 1057 2242 1111 sed
2278 1057 2501 1111 dextera
2531 1056 2707 1111 nostri
2744 1057 2912 1111 oblita
2963 1065 3088 1122 est;
3122 1064 3177 1110 et
3224 1056 3412 1125 lingua

1842 1153 2047 1223 gutturi
2083 1167 2184 1207 suo
2214 1151 2595 1206 adhaerescens
2628 1158 2842 1205 meatus
2872 1150 3022 1205 vocis
3056 1149 3332 1229 obstruxit
3360 1157 3420 1203 et

1844 1245 2143 1310 obturavit,
2174 1252 2235 1299 ut
2289 1260 2358 1300 ne
2387 1244 2620 1314 amplius
2651 1259 2753 1299 nos
2799 1243 3015 1297 dulcem
3045 1243 3196 1297 illam
3226 1257 3417 1297 vocem

1842 1352 2037 1391 rursus
2064 1336 2373 1391 audiamus.
2412 1334 2614 1391 Verum
2645 1336 2942 1404 abstergite
2969 1334 3102 1388 mihi
3129 1335 3415 1405 lacrymas.

1845 1425 1978 1479 Nam
2012 1426 2193 1480 sentio
2245 1441 2332 1479 me
2384 1426 2529 1479 ultra
2578 1440 2743 1496 quam
2790 1424 3003 1487 deceat,
3051 1422 3416 1477 calamitatem

1845 1516 2183 1571 muliebriter
2219 1514 2439 1571 deﬂere.
2468 1514 2589 1570 Non
2625 1515 2842 1569 ablatus
2872 1522 2956 1570 est
2997 1529 3028 1567 a
3062 1513 3221 1568 nobis
3249 1528 3419 1581 spon-

1844 1623 1963 1672 sus,
2000 1607 2054 1662 in
2077 1607 2259 1662 medio
2283 1615 2534 1663 nostrum
2560 1614 2692 1669 stat,
2726 1605 2941 1660 etiamsi
2973 1620 3074 1661 nos
3101 1620 3211 1659 non
3241 1604 3423 1657 videa-

1846 1715 1991 1754 mus.
2034 1698 2091 1753 In
2119 1700 2296 1771 adytis
2322 1716 2385 1755 ac
2423 1699 2796 1769 penetralibus
2826 1698 3087 1753 sacerdos
3116 1706 3221 1760 est,
3253 1698 3307 1749 in
3336 1697 3421 1748 in-

1845 1792 2141 1848 terioribus
2173 1794 2299 1860 veli,
2330 1807 2440 1863 quo
2473 1806 2780 1861 praecursor
2808 1804 2908 1861 pro
2947 1790 3105 1845 nobis
3136 1790 3419 1858 ingressus

1843 1892 1928 1939 est
1976 1884 2269 1948 Christus,
2327 1883 2548 1953 reliquit
2606 1882 2789 1937 carnis
2846 1889 3243 1952 tegumentum.
3300 1878 3419 1933 Non

1844 1976 2081 2047 amplius
2108 1978 2267 2048 signo
2294 1985 2348 2031 et
2399 1975 2603 2029 umbrae
2650 1974 2953 2029 caelestium
3001 1972 3191 2036 servit,
3227 1969 3322 2024 sed
3362 1969 3419 2023 in

1845 2068 2021 2138 ipsam
2084 2082 2270 2123 rerum
2326 2066 2620 2135 imaginem
2673 2068 2955 2129 intuetur;
3012 2079 3121 2117 non
3180 2060 3420 2131 amplius

1844 2175 1940 2229 per
1964 2160 2246 2229 speculum
2280 2168 2443 2228 atque
2466 2173 2562 2228 per
2587 2168 2937 2212 transennam
2962 2164 3016 2209 et
3040 2156 3290 2224 amigma,
3322 2153 3419 2207 sed

1844 2253 1961 2322 ipse
1989 2252 2130 2307 facie
2159 2268 2282 2307 cum
2314 2251 2452 2306 facie
2480 2251 2679 2306 collata
2722 2250 3009 2305 intercedit
3038 2248 3179 2319 apud
3224 2245 3417 2301 Deum.

1843 2343 2139 2400 lntercedit
2174 2351 2356 2398 autem
2394 2357 2494 2413 pro
2525 2342 2709 2407 nobis,
2739 2350 2794 2397 et
2838 2342 3023 2412 populi
3063 2340 3282 2396 erratis.
3315 2338 3421 2393 De-

1845 2437 2029 2506 posuit
2058 2436 2276 2491 tunicas
2311 2435 2601 2505 pelliceas;
2647 2449 2826 2504 neque
2865 2433 3011 2487 enim
3040 2432 3241 2486 talibus
3274 2431 3423 2484 tuni-

1844 2530 1924 2586 cis
1959 2545 2099 2599 opus
2128 2528 2349 2591 habent,
2376 2528 2470 2597 qui
2497 2529 2553 2581 in
2582 2527 2838 2596 paradiso
2861 2526 3083 2595 degunt.
3125 2524 3231 2579 Sed
3256 2524 3421 2578 habet

1844 2622 2185 2683 indumenta,
2211 2635 2332 2690 qua:
2359 2619 2594 2689 puritate
2620 2619 2744 2672 vita:
2765 2633 2877 2673 suae
2908 2617 3212 2681 contexuit,
3242 2616 3421 2685 iisque

1845 2730 1965 2770 sese
1990 2714 2295 2769 exornavit.
2328 2711 2607 2766 Honorata
2642 2725 2706 2765 ac
2733 2710 2971 2779 pretiosa
3009 2724 3197 2763 coram
3236 2707 3423 2761 Domi-

1843 2820 1916 2858 no
1945 2805 2073 2860 talis
2102 2803 2270 2875 (viri)
2300 2818 2448 2858 mors
2501 2809 2605 2857 est.
2642 2799 2756 2855 lmo
2787 2815 2918 2854 vero
2967 2814 3075 2853 non
3106 2814 3275 2863 mors,
3325 2797 3419 2851 scd

1844 2904 2076 2966 ruptura
2123 2896 2469 2950 vinculorum
2518 2901 2622 2949 est.
2672 2891 2966 2960 Disrupisti
3014 2890 3181 2953 enim,
3223 2889 3420 2958 inquit,

1848 2991 2055 3045 vincula
2087 3006 2202 3044 mea
2222 2989 2264 3043 ⁸.
2319 2986 2590 3042 Dimissus
2636 2994 2721 3043 est
2756 2983 3003 3049 Simeon,
3051 2982 3310 3037 liberatus
3338 2988 3422 3034 est

161 3067 516 3139 ἠλευθερώθη
553 3069 618 3120 ἐκ
640 3065 749 3120 τῶν
776 3065 991 3137 δεσμῶν
1022 3066 1115 3120 τοῦ
1158 3065 1425 3136 σώματος.
1469 3068 1534 3120 Ἦ
1577 3070 1741 3136 παγίς

1845 3084 2082 3139 vinculis
2113 3081 2381 3152 corporis.
2412 3080 2666 3149 Laqueus
2695 3078 2967 3134 contritus
2990 3084 3097 3139 est,
3123 3082 3178 3129 et
3205 3073 3418 3127 avicula

164 3159 493 3231 συνετρίϐηο
544 3159 605 3212 τὸ
642 3158 699 3211 δέ
749 3158 1028 3229 στρουθίον
1056 3158 1297 3231 άπέπτη.
1345 3159 1619 3214 Κατέλιπε
1644 3162 1744 3232 τὴν

161 3253 463 3323 Αἴγυπτον,
504 3253 597 3307 τὸν
624 3250 799 3321 ὑλώδη
822 3251 933 3321 βίον
957 3268 972 3284 ο
994 3252 1261 3323 ἐπέρασεν
1297 3254 1418 3323 οὐχὶ
1447 3254 1544 3325 τὴν
1590 3255 1745 3325 Ἐρυ-

164 3346 305 3416 θράν
337 3344 564 3414 ταύτην,
596 3343 733 3397 ἀλλὰ
754 3346 853 3415 τὴν
886 3343 1140 3413 μέλαιναν
1166 3343 1379 3414 ἐκείνην
1406 3346 1499 3397 καὶ
1529 3342 1741 3415 ζοφώδη

161 3438 261 3492 τοῦ
290 3438 407 3509 βίου
454 3436 757 3491 θάλασσαν·
800 3435 1047 3506 εἰσῆλθεν
1074 3437 1156 3499 είς
1183 3434 1280 3507 τὴν
1312 3436 1415 3507 γῆν
1448 3437 1547 3506 τῆς
1572 3439 1745 3506 ἐπαγ-

161 3530 387 3601 γελίας·
422 3530 515 3583 ἐπὶ
543 3528 637 3583 τοῦ
678 3528 838 3599 ὅρους
876 3528 1300 3598 προσφιλοσοφεῖ
1329 3528 1408 3598 τῷ
1433 3528 1584 3599 Θεῷο
1625 3530 1744 3584 ἐλύ-

166 3642 302 3679 σατο
335 3623 399 3677 τὸ
426 3622 681 3692 ὑπόδημα
715 3621 815 3691 τῆς
854 3620 1053 3708 ψυχῆς,
1104 3621 1190 3673 ἵνα
1230 3621 1446 3693 καθαρᾷ
1487 3625 1552 3693 τῇ
1590 3623 1744 3693 βάσει

162 3719 267 3788 τῆς
310 3715 549 3778 διανοίας
589 3715 688 3786 τῆς
734 3712 893 3783 άγίας
930 3714 1033 3783 γῆς
1075 3712 1511 3782 ἐπιδατεύσειεν,
1614 3716 1744 3770 καθ-

161 3811 360 3878 ορᾶται
389 3806 543 3871 Θεὸς.

238 3899 458 3968 Ταύτην
494 3897 729 3967 ἔχοντες,
769 3895 1008 3965 ἀδελφοὶ.
1041 3896 1140 3966 τὴν
1174 3896 1539 3968 παράκλησιν,
1587 3898 1744 3967 ὑμεῖς

163 3995 213 4045 οί
259 3992 331 4044 τὰ
374 3990 507 4043 ὀστά
534 3988 630 4041 τοῦ
677 3987 875 4059 Ἰωσὴφ
910 3988 1001 4041 ἐπὶ
1026 3988 1126 4059 τὴν
1152 3987 1335 4058 χώραν
1368 3990 1467 4061 τῆς
1494 3989 1744 4057 εὐλογίας

169 4082 653 4155 μετακομίζοντες,
689 4078 959 4133 ἀκούσατε
985 4079 1079 4131 τοῦ
1122 4079 1335 4133 Παύλου
1386 4082 1742 4151 παρεγγυῶν-

162 4191 288 4238 τος⁸
348 4174 443 4240 Μὴ
498 4169 792 4225 λυπεῖσθε
851 4171 931 4235 ὠς
990 4170 1089 4223 καὶ
1148 4172 1203 4224 οἱ
1250 4172 1488 4236 λοιποὶ,
1550 4174 1605 4226 οἱ
1654 4172 1741 4241 μὴ

164 4264 415 4333 ἔχοντες
443 4261 680 4315 ἐλπίδα.
730 4260 933 4313 Εἴπατε
976 4258 1055 4329 τῷ
1088 4260 1203 4314 ἐκεῖ
1239 4260 1370 4330 λαῷ,
1413 4261 1742 4332 διηγήσασθε

162 4355 236 4406 τά
284 4351 425 4405 καλά
466 4350 800 4421 διηγήματα.
848 4346 1052 4401 Εἴπατε
1078 4347 1138 4401 τὸ
1166 4348 1561 4418 ἀπιστούμενον
1614 4349 1741 4402 θαῦυ

1846 3177 2107 3243 avolavit.
2148 3174 2393 3245 Reliquit
2442 3172 2761 3244 Egyptum,
2798 3169 3132 3223 materialem
3165 3176 3219 3222 et
3268 3181 3421 3221 cras-

1845 3284 1963 3323 sam
1989 3271 2115 3324 vitaa
2142 3268 2446 3322 rationem:
2476 3264 2730 3319 transivit
2761 3278 2869 3317 non
2898 3262 3144 3315 Rubrum
3172 3260 3294 3320 hoc,
3324 3258 3419 3313 sed

1846 3368 2026 3414 atrum
2056 3358 2187 3412 illud
2218 3368 2273 3412 et
2321 3356 2680 3427 caliginosum
2725 3354 2847 3408 vita:
2899 3367 3085 3417 mare;
3138 3351 3422 3421 ingressus

1845 3456 1930 3504 est
1960 3457 2162 3503 terram
2191 3444 2615 3517 promissionis;
2648 3444 2731 3497 in'
2752 3451 2936 3498 monte
2983 3456 3111 3495 cum
3157 3440 3267 3495 Deo
3310 3439 3423 3508 phi-

1845 3541 2201 3611 los0phatur;
2252 3538 2417 3594 solvit
2467 3537 2661 3591 anima:
2692 3536 3146 3595 calceamentum,
3192 3540 3252 3586 ut
3285 3548 3421 3602 pura

1845 3634 2029 3703 planta
2064 3631 2263 3687 mentis
2322 3639 2524 3685 terram
2571 3626 2886 3695 sanctam',
2942 3626 3035 3681 ubi
3083 3624 3425 3695 conspicitur

1847 3723 2013 3790 Deus,
2050 3722 2466 3779 conscenderet.

1916 3904 2070 3956 Hanc
2099 3917 2223 3957 cum
2255 3902 2525 3963 habeatis,
2560 3900 2780 3965 fratres,
2824 3897 3288 3958 consolationem,
3325 3910 3422 3950 vos

1844 3996 1939 4065 qui
1992 4008 2120 4049 ossa
2175 3991 2399 4061 Joscplii
2456 3991 2945 4061 transportatisad
2995 4000 3194 4043 terram
3252 3987 3421 4041 benc-

1844 4084 2145 4148 dictionis,
2195 4084 2383 4139 audite
2439 4082 2594 4136 Pauli
2654 4083 2819 4137 verba
2879 4080 3243 4151 prmcipientis
3288 4099 3300 4133 :
3343 4077 3422 4132 Ne

1845 4176 2227 4232 contristemini
2268 4176 2405 4229 sicut
2442 4183 2490 4228 et
2520 4175 2717 4235 cwteri,
2747 4174 2835 4243 qui
2864 4189 3002 4239 spem
3032 4188 3133 4224 non
3162 4170 3353 4223 habent
3378 4169 3420 4223 °.

1844 4268 2021 4324 Dicite
2081 4267 2283 4337 p0pulo
2338 4266 2447 4333 illi;
2499 4265 2755 4335 exponite
2814 4265 2987 4319 bonas
3052 4262 3418 4317 narrationes.

1844 4360 2019 4414 Dicite
2047 4359 2398 4424 miraculum,
2431 4358 2519 4413 cui
2575 4357 2709 4411 ﬁdes
2744 4355 3035 4427 derogetur
3086 4373 3101 4405 :
3147 4355 3421 4424 quomodo

168 4460 268 4515 μα’
302 4442 419 4505 πῶς
466 4442 547 4505 εἰς
582 4440 858 4509 θαλάσσης
883 4438 1005 4509 ὄψιν
1031 4439 1544 4504 καταπυκνωθέντες
1579 4443 1607 4494 6
1638 4459 1741 4511 μυ-

1848 4450 1903 4503 in
1934 4450 2102 4505 maris
2134 4448 2356 4503 modum
2414 4448 2734 4503 condensati
2789 4447 3203 4501 innumerorum
3248 4444 3423 4499 homi-

165 4534 512 4607 ριάνθρωπος
554 4533 758 4603 δῆμος,
805 4532 862 4585 ἓν
898 4528 1036 4604 ἦσαν
1066 4532 1207 4588 κατά
1239 4532 1297 4586 τὸ
1330 4534 1550 4604 συνεχὲς
1584 4535 1742 4605 σῶμα

160 4629 214 4682 οἱ
258 4628 495 4691 πάντες,
532 4621 642 4679 οἷόν
670 4643 723 4679 τι
756 4624 900 4697 ὕδωρ
944 4627 1071 4696 περὶ
1107 4626 1206 4695 τὴν
1249 4625 1343 4679 τοῦ
1389 4625 1743 4698 σκηνώματος

162 4717 392 4789 πομπὴν
424 4716 825 4784 πελαγίζοντες.
851 4717 973 4791 Πῶς
999 4718 1024 4769 6
1049 4716 1212 4780 καλὸς
1234 4717 1396 4771 Δαόὶδ
1425 4719 1743 4790 πολυμερῶς

161 4811 262 4864 καὶ
293 4807 649 4878 πολυτρόπως
692 4808 772 4869 είς
821 4806 1019 4877 μυρίας
1066 4806 1246 4872 τάξεις
1283 4810 1471 4863 ἐαυτὸν
1507 4827 1744 4882 καταμει-

162 4900 349 4972 ρίσας,
400 4901 458 4952 ἐν
508 4898 927 4969 ἑτερογλώσσοις
976 4899 1069 4952 καὶ¹
1114 4900 1481 4971 ὁμογλώσσοις
1522 4904 1649 4974 περὶ
1682 4903 1744 4956 τὸ

162 4991 369 5061 σκῆνος
400 4990 707 5062 ἐχόρευσεν.
760 4990 886 5053 Πῶς
933 4991 1274 5062 ἑκατέρωθεν
1328 4994 1376 5045 οἱ
1426 4992 1519 5045 τοῦ
1570 4994 1743 5064 πυρὸς

159 5080 407 5151 ποταμοὶ
434 5083 499 5151 τῇ
542 5080 790 5150 συνεχείᾳ
820 5080 926 5134 τῶν
970 5081 1266 5151 λαμπάδων
1289 5082 1443 5146 ὁλκὸς
1476 5084 1740 5138 ἀδιάσπα-

159 5188 290 5233 στος
323 5169 558 5241 ῥέοντες,
598 5169 703 5232 ἓως
735 5161 796 5222 οὗ
828 5170 1053 5225 δυνατὸν
1100 5167 1167 5242 ἦν
1219 5171 1481 5243 ὀφθαλμῷ
1522 5173 1738 5238 λαϐεῖν,

157 5260 568 5332 παρετείνοντο.
605 5261 809 5315 Εἴπατε
850 5261 944 5314 τοῦ
991 5261 1123 5315 λαοῦ
1158 5263 1355 5326 παντὸς
1396 5264 1494 5335 τὴν
1536 5264 1738 5335 προθυ-

162 5354 322 5422 μίαν,
355 5350 463 5404 τῶν
499 5351 811 5404 ἀποστόλων
851 5352 948 5423 τὴν
976 5353 1290 5422 συσκηνίαν.
1328 5354 1450 5418 Πῶς
1499 5356 1565 5410 τὰ
1613 5373 1736 5409 σου·

155 5445 325 5516 δάρια
369 5443 479 5496 τῶν
533 5444 837 5515 προσώπων
878 5445 1062 5511 αὑτοῦ,
1122 5447 1201 5510 είς
1240 5447 1578 5519 φυλακτήρια
1630 5451 1736 5504 τῶν

158 5536 375 5590 πιστῶν
419 5535 725 5593 διετίλλετο.
759 5537 1105 5610 Προσκείσθω
1147 5538 1226 5610 τῷ
1255 5540 1553 5612 διηγήματι
1585 5540 1733 5613 βασις

232 5712 258 5744 ⁸
289 5710 437 5769 Psal.
465 5728 620 5780 cxm,
652 5714 737 5769 17.
814 5715 835 5747 ⁵
863 5713 1035 5770 Exod.
1069 5732 1151 5783 tu,
1192 5716 1243 5770 5.

1322 5718 1342 5747 ⁶
1374 5717 1390 5772 l
1422 5716 1609 5776 lecss.
1647 5735 1719 5787 Iv,
1748 5721 1829 5775 l2.

1847 4556 1976 4596 num
2030 4540 2261 4612 populus
2317 4556 2485 4595 unum
2540 4540 2863 4595 continuum
2916 4553 3118 4607 corpus
3178 4536 3420 4591 universi

1846 4641 2026 4697 erant,
2074 4642 2332 4702 tanquam
2388 4648 2529 4702 aqua
2582 4631 2831 4701 quaadam
2883 4631 3032 4686 circa
3082 4628 3419 4684 tabernaculi

1845 4739 2100 4794 pompam
2177 4733 2496 4780 aestuantes.
2549 4724 2836 4792 Quomodo
2898 4724 3196 4793 prteclarus
3252 4720 3417 4775 David

1846 4815 2201 4869 multifariam
2252 4815 2552 4886 multisque
2599 4814 2777 4869 modis
2820 4814 2876 4868 in
2925 4814 3241 4868 innumeros
3269 4812 3418 4866 ordi-

1845 4921 1945 4960 nes
1974 4921 2097 4961 sese
2122 4904 2479 4969 distribuens,
2534 4907 2677 4961 inter
2723 4906 2954 4960 diversa:
2987 4905 3152 4961 simul
3190 4912 3245 4958 et
3271 4903 3419 4971 ejus-

1843 4996 1965 5051 dem
2000 4998 2199 5069 linguae
2223 4997 2501 5062 homines,
2526 5006 2581 5052 et
2611 4984 2761 5052 circa
2799 4995 3213 5051 tabernaculum
3246 4994 3417 5063 tripu-

1842 5088 2050 5145 diabat.
2099 5090 2385 5156 Quomodo
2437 5090 2693 5160 utrinque
2756 5088 2958 5158 (quasi)
3022 5086 3167 5156 ignei
3228 5101 3417 5141 amnes

1812 5182 2254 5238 continentibus
2308 5182 2542 5247 facibus,
2594 5190 2770 5237 tractu
2821 5181 3083 5234 continuo
3130 5184 3415 5247 perpetuo-

1841 5288 1948 5341 que
1974 5273 2233 5339 ﬂuentes,
2281 5274 2460 5343 quoad
2522 5274 2666 5329 oculi
2729 5272 3046 5342 longissime
3102 5270 3414 5339 prospicere

1842 5373 2088 5435 possent,
2136 5367 2572 5437 porrigebantur.
2622 5366 2883 5435 Exponite
2939 5363 3178 5419 studium
3228 5362 3412 5431 populi

1843 5456 2044 5519 totius,
2088 5458 2459 5525 apostolorum
2514 5456 2952 5510 contubernium.
2995 5451 3281 5519 Quomodo
3315 5467 3411 5505 su-

1843 5549 1995 5605 daria
2024 5549 2179 5606 faciei
2249 5552 2367 5621 ejus
2404 5552 2469 5606 ad
2511 5550 2825 5620 pratsidinm
2886 5556 3048 5621 atque
3107 5546 3412 5603 custodiam
