3850 6446
401 244 506 302 863

1641 235 1698 292 S.
1742 233 2070 291 GREGORI]
2113 232 2408 290 NYSSLNI

3555 228 3685 284 864

403 361 642 416 ﬁdelium
676 333 1175 429 .discerpebantur.
1259 356 1603 429 Adjiciantur
1671 355 1972 410 narrationi

2095 357 2202 421 tab;
2242 354 2652 428 σκυθρωπάζων
2691 353 2785 408 ἐπὶ
2813 353 2890 423 τῷ
2920 351 3118 415 πάθει,
3151 349 3249 405 καὶ
3278 349 3471 420 θρόνου
3503 348 3687 414 ὲξανο

400 451 566 504 etiam
601 447 900 516 imperator
927 463 1165 503 mmrens
1206 447 1277 502 ob
1307 448 1697 511 calamitatem,
1729 455 1782 501 et
1817 461 1849 502 e
1887 461 1983 501 so-

402 537 476 588 lio
515 550 818 602 exsurgens
876 554 891 590 :
951 544 1174 606 totaque
1225 537 1423 590 civitas
1477 551 1587 590 una
1633 551 1758 590 cmn
1786 550 1985 606 pompa

402 627 580 682 sancti
635 626 910 680 transiens
945 647 958 681 :
992 635 1048 682 et
1103 627 1461 681 consulamini
1510 641 1608 682 vos
1643 626 1874 680 invicem
1928 625 1984 680 in

400 719 751 774 sermonibus
799 720 943 773 istis.
979 717 1148 773 Recte
1181 718 1438 773 Solomon
1472 718 1756 771 tristitiam
1798 728 1980 771 curat.

400 810 561 866 lubet
593 812 739 866 enim
778 811 998 865 tristitia
1047 811 1257 866 aﬂ‘cctis
1295 811 1483 865 viuum
1517 811 1791 879 praeberi:
1824 810 1985 866 vobis

403 915 582 958 autem
617 905 726 959 hoc
773 920 876 975 ego
931 905 1057 958 dico
1106 903 1280 957 vinea:
1309 903 1596 973 operariis.
1635 901 1768 958 Date
1819 901 1990 973 igitur

403 1004 646 1050 vestrum
705 996 895 1050 vinum
953 993 1280 1065 aagritudine
1335 995 1506 1050 animi
1563 994 1809 1057 affectis,
1875 1009 1984 1048 non

403 1087 551 1156 quod
609 1087 931 1142 ebrietatem
1001 1086 1265 1150 inducat,
1306 1095 1400 1140 aut
1455 1086 1621 1140 menti
1674 1083 1986 1150 insidietur,

405 1193 680 1248 oorpusve
709 1187 1054 1249 corrumpat,
1093 1179 1190 1236 sed
1227 1177 1376 1248 quod
1419 1177 1655 1232 laetiﬁcet
1692 1193 1810 1238 cor,
1840 1176 1988 1246 quod

404 1271 566 1325 nobis
593 1271 857 1341 propheta
905 1272 1190 1328 indicabat
1229 1271 1422 1327 dicens
1460 1292 1472 1326 :
1516 1270 1710 1325 Vinum
1745 1271 1987 1338 lwliﬁcat

353 1353 357 1356 ’
405 1375 500 1412 cor
525 1359 777 1417 hominis.
845 1359 1132 1417 Meraciori
1167 1362 1332 1417 misto
1374 1369 1431 1416 et
1479 1359 1894 1417 fecundioribus
1925 1375 1988 1414 ac

406 1450 736 1521 largioribus
766 1467 863 1508 eos
893 1454 1129 1524 excipite
1159 1453 1433 1510 sermonis
1466 1454 1766 1514 calicibus.
1795 1463 1856 1507 ut
1892 1467 1988 1507 vo-

405 1539 491 1595 bis
518 1557 715 1598 rursus
752 1543 805 1597 in
853 1543 1094 1598 la:titiam
1128 1545 1310 1599 luctus
1339 1553 1712 1610 convertatur,
1747 1559 1844 1613 per
1865 1558 1992 1612 gra-

408 1633 538 1686 tiam
573 1634 840 1704 unigeniti
872 1635 966 1691 Dei
1006 1634 1151 1702 Filii,
1195 1653 1292 1708 per
1337 1653 1500 1708 quem
1547 1637 1722 1709 gloria
1774 1635 1906 1701 Deo,
1935 1645 1990 1689 et

406 1721 555 1779 Patri
585 1725 638 1780 in
663 1728 860 1782 saecula
889 1729 1238 1784 saeculorum.
1263 1729 1456 1785 Amen.

2090 450 2376 520 ιστάμενος
2397 466 2410 479 ·
2442 449 2538 501 καὶ
2567 448 2719 511 πόλις
2761 447 2857 516 ὅλη
2894 448 2961 515 τῇ
2991 445 3184 514 πομπῇ
3215 443 3310 496 τοῦ
3335 443 3494 510 ἀγίου
3530 459 3689 511 συμο

2089 538 2485 609 μεταϐαίνουσα
2502 554 2517 568 θ
2576 536 2670 588 καί⁸
2719 533 3087 605 παρακαλεῖτε
3129 530 3394 600 ἀλλήλους
3443 531 3504 582 ὲν
3554 530 3690 591 eoi;

2084 630 2265 698 λόγοις
2287 627 2512 692 τούτοις.
2558 626 2755 690 Καλῶς
2783 624 3034 694 Σολομὼν
3065 622 3303 694 ἰατρεύει
3330 621 3428 690 τὴν
3463 620 3681 687 λύπην.

2086 720 2312 774 Κελεύει
2348 719 2458 790 γὰρ
2491 721 2602 782 τοῖς
2632 719 2692 770 ὲν
2741 717 2884 787 λύπῃ
2917 710 3060 768 οἶνον
3091 712 3311 775 διδόναι,
3339 711 3474 783 πρὸς
3518 711 3687 779 ἡμᾶς

2086 810 2243 866 τοῦτο
2269 810 2462 879 λέγων,
2490 809 2618 873 τοὺς
2636 806 2732 860 τοῦ
2755 804 3075 876 ἀμπελῶνος
3112 803 3370 874 ἐργάτας.
3409 801 3538 852 Δότε
3572 794 3684 851 οὖν

2085 905 2178 958 τὸν
2211 903 2476 973 ὑμέτερον
2521 897 2664 954 οἶνον
2711 899 2825 962 τοῖς
2875 895 3269 966 λυπουμένοις,
3321 893 3383 946 οὐ
3426 891 3518 945 τὸν
3569 891 3686 959 τῆς

2091 996 2260 1066 μέθης
2309 992 2581 1064 ἐργάτην,
2638 990 2735 1045 καὶ
2771 988 2883 1042 τῶν
2931 986 3146 1058 φρενῶν
3191 982 3505 1045 ἐπίϐουλον,
3574 982 3683 1034 καὶ

2089 1087 2294 1158 φθορέα
2325 1085 2420 1140 τοῦ
2452 1083 2722 1155 σώματος,
2745 1079 2880 1135 ἀλλά
2917 1079 3010 1130 τὸν
3037 1077 3136 1147 τὴν
3179 1074 3408 1145 καρδίαν
3442 1071 3681 1142 εὐφραίο

2089 1194 2269 1241 νοντα,
2290 1175 2350 1231 ὃν
2384 1177 2412 1229 ὁ
2439 1175 2731 1247 Προφήτης
2757 1172 2890 1241 ἡμῖν
2914 1167 3222 1222 ἐπεδείκνυε
3252 1165 3427 1231 λέγων
3445 1179 3459 1191 ο
3490 1159 3681 1226 Οἷνος

2087 1267 2394 1337 εὐφραίνει
2419 1263 2671 1333 καρδίαν
2695 1258 3030 1330 ἀνθρώπου.
3076 1253 3392 1322 Μειζοτέρῳ
3418 1249 3496 1320 τῷ
3529 1250 3677 1320 κρά-

2093 1377 2244 1430 ματι,
2289 1358 2387 1412 καὶ
2427 1353 2832 1424 ἀφθονωτέραις
2859 1347 3132 1415 δεξιοῦσθέ
3161 1344 3258 1398 τοῦ
3295 1339 3677 1413 πνευματικοῦ

2089 1453 2249 1520 λόγου
2279 1453 2398 1514 ταῖς
2421 1446 2649 1512 κύλιξιν,
2679 1444 2821 1498 ὥστε
2861 1444 2990 1512 ἡμῖν
3019 1438 3180 1493 πάλιν
3215 1437 3295 1499 εἰς
3329 1432 3680 1505 εὐφροσύνην

2091 1545 2186 1600 καὶ
2212 1540 2534 1611 ἀγαλλίασιν
2561 1556 2626 1590 πε
2635 1534 2996 1608 ριστραφῆναι
3024 1531 3086 1584 τὸ
3125 1528 3341 1591 πένθος,
3365 1525 3548 1595 χάριτι
3575 1521 3674 1575 τοῦ

2097 1631 2417 1705 μονογενοῦς
2447 1627 2576 1682 Υίοῦ
2605 1625 2698 1679 τοῦ
2729 1623 2884 1685 Θεοῦ,
2911 1623 2977 1675 δι’
3001 1615 3062 1674 οὗ
3084 1621 3118 1692 ἡ
3143 1619 3270 1684 δόξα
3297 1616 3376 1688 τῷ
3398 1614 3544 1685 Θεῷ,
3579 1613 3678 1667 καὶ

2022 1710 2068 1769 Β
2098 1724 2272 1794 Πατρὶ
2301 1725 2380 1787 είς
2404 1720 2532 1783 τοὺς
2558 1717 2760 1780 αἰῶνας
2785 1715 2891 1768 τῶν
2915 1711 3148 1766 αἰώνων.
3193 1709 3388 1780 Ἀμήν.

1927 1914 3663 1946 "—M

427 1931 3667 1967 W

1427 2171 1430 2176 .
1674 2095 1904 2182 ΤΟΥ
1981 2091 2359 2182 ΑΥΤΟΥ

1083 2299 1324 2411 ΕΙΣ
1401 2285 2402 2410 ΠΟΥΑΧΕΡΙΑΝ
2476 2280 3007 2404 ΛΟΓΟΣ

1757 2697 2298 2790 EJUSDEM

1180 2913 1720 3030 ORATIO
1798 2902 2912 3028 CONSOLATORIA

1492 3131 1574 3189 ΙΝ
1630 3131 1988 3190 FUNERE
2041 3130 2594 3189 PULCHERUE.

1764 3288 1953 3342 Eodem
1987 3289 2288 3355 interprete.

504 3586 772 3660 Equidem
825 3588 976 3644 haud
1039 3587 1156 3642 scio
1201 3601 1312 3656 quo
1364 3595 1528 3656 pacto
1586 3587 1991 3642 accommodem

2169 3591 2287 3644 Οὐκ
2317 3586 2434 3647 οἶδα
2465 3593 2620 3653 ὅπως
2640 3588 2718 3660 τῷ
2740 3591 2882 3661 λόγῳ
2911 3606 3204 3664 χρήσομαι.
3244 3594 3450 3665 Διπλῆν
3470 3612 3531 3648 τε
3573 3595 3692 3663 γάρ

415 3681 744 3736 orationem.
791 3679 926 3735 Nam
963 3690 1018 3736 ct
1045 3679 1248 3749 duplex
1289 3679 1453 3735 video
1485 3689 1893 3749 argumentum,
1940 3689 1998 3734 et

419 3775 674 3844 utrinque
702 3774 858 3830 triste
886 3783 940 3829 et
973 3773 1252 3837 acerbum,
1285 3783 1345 3828 ut
1380 3781 1788 3842 utrumcunque
1821 3774 1998 3828 oratio

418 3867 750 3937 sumpserit,
807 3867 951 3922 haud
1004 3866 1165 3922 facile
1210 3867 1483 3938 lacrymas
1538 3866 1748 3920 evitare
1799 3867 1994 3935 possit.

417 3957 668 4016 Praesens
699 3961 962 4031 temporis
991 3959 1281 4025 circuitus,
1312 3957 1775 4028 quemadmodum
1806 3959 1859 4014 id
1897 3975 1998 4014 no-

418 4052 505 4107 bis
537 4051 655 4108 beri
683 4066 713 4107 a
741 4063 958 4121 pastore
1003 4053 1382 4116 nuntiabatur,
1417 4051 1739 4106 acerbamm
1786 4066 1996 4114 rerum,

417 4156 539 4210 quae
571 4141 764 4196 vicinae
804 4141 1104 4212 aliquando
1143 4141 1270 4196 urbi
1317 4155 1414 4212 per
1443 4148 1814 4196 terraamotum
1850 4141 1997 4196 acci-

418 4232 641 4297 derunt,
667 4234 990 4290 memoriam
1015 4234 1261 4316 coPtinet
1294 4253 1310 4290 :
1359 4249 1484 4304 quat
1521 4237 1648 4306 quis
1675 4236 1884 4306 absque
1916 4237 1996 4290 la-

417 4325 620 4394 crymis
645 4338 1078 4379 commemorare
1119 4325 1332 4396 possit?
1364 4325 1556 4398 Magna
1583 4336 1764 4382 autem
1795 4329 1912 4383 lucc
1944 4337 1998 4382 et

419 4415 654 4470 illustris
677 4454 694 4480 ,
744 4417 955 4486 totique
989 4416 1084 4486 qui
1115 4417 1218 4472 soli
1265 4417 1552 4489 subjectus
1586 4427 1692 4486 est,
1727 4431 1996 4474 terrarum

417 4507 537 4562 orbi
565 4506 874 4577 proposita,
910 4509 1170 4576 praeclara
1213 4509 1346 4564 urbs
1377 4510 1548 4564 alium
1591 4511 1857 4567 sustinuit
1887 4520 1999 4568 ter-

417 4604 726 4664 raemotum,
755 4607 922 4668 atque
949 4597 1096 4654 haud
1125 4614 1350 4669 parvum
1375 4611 1758 4657 ornamentum
1789 4604 1993 4668 amisit,

418 4686 703 4752 luminari,
726 4688 874 4759 quod
903 4689 968 4745 ad
997 4689 1300 4760 augendam
1331 4691 1733 4762 imperatoriam
1761 4692 1996 4748 feiicita-

417 4789 526 4836 tem
554 4779 610 4835 in
639 4796 704 4836 ea
739 4781 1147 4852 resplendebat,
1182 4791 1406 4855 repente
1443 4785 1673 4855 privata,
1721 4794 1886 4856 atque
1917 4786 1997 4840 id-

417 4873 568 4927 circo
617 4886 726 4927 una
770 4887 896 4927 cum
944 4873 1257 4943 lugentibus
1297 4875 1724 4944 imperatoribus
1758 4893 1996 4933 maerens

416 4980 482 5019 ac
513 4964 928 5021 condolesccns.
973 4963 1114 5032 Quid
1146 4976 1329 5022 autem
1359 4943 1601 5030 dicatur.
1635 4984 1740 5024 non
1773 4969 1994 5041 ignora-
2026 4943 2070 4998 θ

415 5056 489 5111 tis
549 5071 799 5126 prorsus,
862 5058 956 5128 qui
1011 5069 1339 5113 conventum
1391 5060 1700 5131 completis,
1757 5075 1882 5117 cum
1937 5071 1991 5117 et

416 5147 564 5202 hunc
611 5149 790 5218 ipsum
830 5150 1033 5215 locum,
1078 5152 1133 5205 in
1167 5167 1278 5223 quo
1323 5153 1638 5224 congregati
1689 5167 1901 5218 sumus,
1938 5166 1993 5210 et

417 5251 706 5292 maerorem
728 5241 1048 5311 luctumque
1065 5243 1120 5296 in
1137 5258 1204 5297 eo
1227 5243 1475 5298 videatis.
1492 5243 1646 5299 Haud
1665 5244 1830 5314 igitur
1852 5245 1990 5310 scio,

419 5327 488 5382 ad
533 5336 718 5386 utrum
763 5341 1132 5388 terraemotum
1187 5333 1491 5389 orationem
1543 5346 1879 5401 convertam,
1921 5337 1986 5391 ad

418 5436 640 5488 eumne,
667 5423 760 5494 qui
790 5438 938 5479 nunc
969 5426 1194 5489 accidit,
1223 5441 1293 5480 an
1327 5427 1420 5497 qui
1451 5426 1614 5482 olim?
1667 5426 1810 5484 Sane
1847 5427 1994 5483 haud

420 5513 660 5570 alienum
685 5522 771 5570 est
801 5517 1061 5572 adversus
1091 5517 1146 5572 id
1169 5518 1314 5589 quod
1339 5519 1558 5574 excellit
1583 5519 1992 5574 incommodum

421 5606 750 5670 consistere,
787 5615 952 5678 atque
980 5609 1221 5665 civitatis
1250 5611 1529 5681 proprium
1568 5611 1814 5667 dolorem
1849 5612 1995 5666 miti-

424 5713 576 5773 gare,
600 5700 1015 5774 rationibusque
1040 5703 1366 5774 quibusdam
1391 5703 1817 5774 incommodum,
1835 5705 1995 5777 quasi

2097 3682 2208 3754 ὁρῶ
2231 3683 2329 3754 τὴν
2355 3682 2630 3750 ὑπόθεσιν,
2656 3683 2751 3736 καὶ
2781 3683 3111 3755 σκυθρωπὴν
3141 3686 3262 3739 καθ’
3291 3688 3579 3758 ἑκάτερον,
3608 3689 3686 3749 ὡς

2101 3773 2177 3844 μὴ
2205 3774 2384 3846 ῥᾴδιον
2411 3772 2516 3840 ἔξω
2544 3771 2794 3846 δακρύων
2841 3772 2933 3825 τὸν
2980 3772 3137 3841 λόγον
3167 3775 3362 3840 ἐλθεῖν,
3393 3774 3574 3828 ὁτιοῦν
3625 3775 3688 3840 ἐξ

2098 3865 2424 3937 ἀμφοτέρων
2449 3864 2723 3935 ἑλόμενον.
2761 3863 2824 3916 Ἦ
2877 3864 3128 3935 παροῦσα
3165 3865 3260 3919 τοῦ
3295 3867 3485 3936 χρόνου
3521 3865 3686 3935 περρο

2096 3956 2236 4020 οδος,
2268 3955 2448 4019 καθὼς
2468 3957 2598 4027 ἡμῖν
2632 3954 2757 4024 χθὲς
2785 3954 2942 4008 τοῦτο
2985 3957 3138 4029 παρὰ
3168 3956 3262 4012 τοῦ
3295 3959 3549 4028 ποιμένος
3580 3959 3690 4029 ἠγ·-

2097 4047 2256 4116 γελτο
2279 4086 2294 4109 ,
2327 4046 2668 4118 σκυθρωπῶν
2723 4049 3066 4119 πραγμάτων
3093 4047 3204 4102 τῶν
3237 4052 3306 4120 τῇ
3346 4051 3545 4118 γείτονι
3580 4051 3686 4103 πό-

2096 4139 2179 4192 λει
2204 4140 2334 4193 ποτὲ
2371 4139 2463 4193 διὰ
2501 4138 2595 4192 τοῦ
2631 4139 2855 4209 σεισμοῦ
2907 4142 3386 4213 συμπεπτωκότων
3433 4143 3686 4214 περιέχει

2097 4231 2196 4303 τὴν
2231 4231 2476 4303 μνήμην.
2507 4233 2577 4285 Ἀ
2603 4231 2688 4296 τίς
2709 4232 2975 4306 ἀδακρυτὶ
3001 4235 3295 4302 διεξέλθοι;
3326 4237 3359 4306 ἠ
3388 4233 3442 4288 δὲ
3468 4235 3684 4306 μεγάλη

2098 4325 2191 4378 καὶ
2232 4326 2538 4396 περιφανὴς
2588 4324 2726 4396 αῦτη
2771 4342 2864 4379 και
2888 4326 2991 4397 τῆς
3038 4327 3128 4395 ὑφ’
3156 4326 3289 4398 ἡλίῳ
3335 4326 3514 4398 πάσης
3542 4343 3685 4398 προ-

2096 4417 2403 4488 τεταγμένη
2439 4415 2750 4478 καλλίπολις
2787 4417 2945 4472 ἄλλον
2969 4418 3190 4488 σεισμὸν
3225 4417 3452 4488 ὑπέστη,
3485 4418 3584 4471 καὶ
3616 4417 3679 4470 οὗ

2099 4510 2293 4580 μικρὸν
2343 4509 2659 4581 ἀπεσυλήθη
2713 4511 2935 4580 κόσμον,
2957 4510 3051 4563 τοῦ
3093 4511 3152 4563 ὲν
3183 4511 3320 4582 αὐτῇ
3365 4510 3682 4581 λάμψαντος

2098 4601 2383 4670 φωστῆρος
2429 4603 2508 4665 εἰς
2564 4600 2882 4673 προσθήκην
2931 4601 3030 4672 τῆς
3061 4599 3344 4672 βασιλικῆς
3384 4601 3680 4672 εὐκληρίας

2096 4688 2308 4759 ἀθρόως
2333 4689 2712 4761 ἀφαιρεθεῖσα,
2744 4691 2840 4742 καὶ¹
2864 4689 2954 4743 διὰ
2991 4691 3149 4744 τοῦτο
3170 4693 3237 4762 τῇ
3273 4691 3542 4762 κατηφείᾳ.
3565 4690 3678 4744 τῶν

2098 4780 2360 4850 βασιλέων
2397 4781 2958 4854 συσκυθρωπάζουσα.
3009 4783 3082 4836 Τὸ
3113 4782 3171 4836 δὲ
3213 4783 3534 4853 λεγόμενον,
3576 4784 3678 4836 οὐκ

2097 4874 2339 4940 ἀγνοεῖτε
2359 4874 2598 4937 πάντως,
2613 4875 2659 4928 οἱ
2682 4873 3013 4946 πληροῦντες
3035 4875 3126 4930 τὸν
3151 4875 3426 4944 σύλλογον,
3441 4874 3678 4946 ὁρῶντες

2097 4965 2263 5019 αὐτόν
2303 4983 2363 5019 τε
2397 4966 2490 5020 τὸν
2544 4967 2709 5020 τόπον
2749 4967 2939 5021 τοῦτον
2976 4970 3033 5021 ὲν
3059 4961 3104 5038 ᾧ
3152 4968 3536 5039 συνειλέγμεθα
3583 4973 3677 5021 καὶ

2099 5057 2195 5128 τὴν
2223 5058 2282 5111 ὲν
2311 5058 2390 5129 τῷ
2429 5059 2577 5129 τόπῳ
2629 5060 2950 5131 κατήφειαν.
2999 5061 3113 5114 Οὐκ
3155 5057 3270 5115 οἶδα
3318 5061 3494 5114 τοίνυν
3542 5060 3678 5131 πρὸς

2099 5154 2251 5204 ποῖον
2287 5151 2509 5222 σεισμὸν
2551 5151 2738 5224 τρέψω
2777 5151 2870 5206 τὸν
2897 5151 3077 5222 λόγον,
3104 5152 3239 5223 πρὸς
3284 5151 3374 5205 τὸν
3399 5151 3492 5203 νῦν
3520 5151 3553 5221 ἢ
3588 5152 3676 5204 τὸν

2100 5242 2266 5297 πάλαι
2288 5243 2608 5313 γενόμενον;
2631 5245 2703 5298 Ἥ
2736 5243 2913 5307 καλῶς
2946 5244 3058 5314 ἔχει
3088 5244 3224 5315 πρὸς
3251 5241 3314 5296 τὸ
3343 5241 3675 5313 ὑπερϐάλλον

2097 5333 2192 5386 τοῦ
2226 5333 2429 5396 πάθους
2478 5333 2691 5402 στῆναι,
2737 5332 2833 5385 καὶ
2893 5333 3294 5404 καταπραΰνειν
3326 5331 3424 5402 τῆς
3467 5329 3674 5391 πόλεως

2099 5427 2196 5498 τὴν
2225 5426 2361 5480 ἰδίαν
2380 5426 2646 5497 ἀλγηδόνα
2672 5426 2952 5496 λογισμοῖς
2981 5443 3089 5480 τισι
3111 5425 3172 5479 τὸ
3197 5423 3368 5487 πάθος
3399 5439 3673 5493 καταφαρ-

2101 5519 2394 5592 μάσσοντα.
2427 5519 2492 5572 Et
2525 5519 2636 5588 γὰρ
2666 5517 2761 5572 καὶ
2792 5518 2866 5590 μὴ
2906 5517 3106 5581 πάντες
3132 5519 3180 5570 οἱ
3211 5515 3305 5569 τοῦ
3335 5514 3504 5569 κακοῦ
3537 5531 3668 5583 συμ-

2101 5611 2418 5684 μετέχοντες
2439 5610 2518 5681 τῷ
2548 5611 2790 5682 συλλόγῳ
2819 5609 3070 5681 πάρεισιν
3091 5627 3105 5640 ·
3137 5608 3272 5662 άλλά
3293 5607 3382 5661 διὰ
3402 5606 3510 5660 τῶν
3537 5622 3669 5676 παρ-

2098 5703 2265 5760 όντων
2302 5704 2430 5768 ίσως
2462 5703 2555 5757 καὶ
2582 5704 2663 5768 είς
2687 5702 2813 5768 τοὺς
2846 5702 2921 5775 μὴ
2972 5699 3240 5772 παρόντας
3284 5699 3313 5751 ό
3355 5697 3510 5767 λόγος
3549 5696 3661 5750 δια-
