3850 6450
161 346 275 404 865

1220 347 1289 405 ΙΝ
1319 347 1603 404 FUNERE
1631 347 2050 407 PULCIIERLE
2093 347 2376 406 ORATIO.

3323 351 3430 409 866

159 465 469 535 δοθήσεται.
511 464 623 517 Καὶ
665 463 776 535 γάρ
807 464 904 517 καὶ
942 463 1051 516 τῶν
1087 463 1288 534 ἰατρῶν
1327 465 1523 517 ἐκεῖνοι
1575 464 1749 533 σοφοί,

1856 462 2093 533 quodam
2138 463 2388 518 adhibito
2435 460 2836 518 medicamento
2878 463 3071 518 lenire.
3122 463 3240 520 Etsi
3283 468 3432 522 enim

159 559 208 611 oi
240 558 378 628 πρὸς
401 557 463 610 τὸ
485 555 778 620 πλεονάζον
805 555 914 608 τῶν
948 556 1255 626 ἀλγηδόνων
1284 555 1374 609 διά
1412 556 1512 626 τῆς
1554 557 1748 627 τέχνης

161 651 475 720 ἱστάμενοι.
517 649 626 704 τῶν
684 649 741 702 δὲ
782 643 942 720 ἦττον
985 650 1261 720 ὀδυνηρῶν
1308 649 1406 720 τὴν
1454 649 1748 720 θεραπείαν

159 742 602 812 ὑπερτιθέμενοι.
635 741 846 810 Ὠσπερ
866 741 923 793 δέ
949 757 1110 809 φασιν
1139 741 1188 792 οἱ
1219 741 1345 812 περὶ
1365 740 1534 793 ταῦτα
1563 740 1751 806 δεινοὶ,

158 835 208 885 εξ
239 830 336 885 δύο
363 832 502 885 κατὰ
533 831 729 885 ταὺτὸν
751 833 830 886 ἑνὶ
863 831 1077 902 σώματι
1102 831 1254 884 πόνοι
1279 832 1627 901 συμπέσοιεν.
1655 832 1751 902 μό-

157 940 253 976 νου
286 923 382 977 τοῦ
409 923 839 995 ὑπερϐάλλοντος
881 923 978 994 τὴν
1007 922 1258 993 αἴσθησιν
1285 923 1548 991 γίνεσθαι,
1587 925 1642 975 ὲν
1671 923 1751 992 τῷ

156 1016 512 1080 πλεονάζοντι
549 1017 651 1086 τῆς
693 1017 1093 1088 ἐπικρατούσης
1123 1017 1414 1086 ἀλγηδόνος
1456 1016 1750 1070 ὲκκλεπτο-

159 1108 333 1178 μένης
355 1109 453 1177 τῆς
470 1109 690 1177 ἥττονος
709 1125 723 1140 ·
747 1107 889 1160 οὕτω
915 1107 1008 1161 καὶ
1031 1108 1120 1160 ἐπὶ
1141 1107 1236 1160 τοῦ
1263 1108 1524 1178 παρόντος
1545 1107 1748 1177 βλέπω.

153 1198 233 1251 Τὸ
260 1199 370 1270 γάρ
403 1198 522 1251 νέον
561 1215 622 1250 τε
664 1199 759 1251 καὶ
800 1198 1066 1269 ἡμέτερον
1116 1198 1338 1269 ἄλγημα
1359 1237 1373 1261 ,
1404 1198 1511 1252 τῶν
1545 1199 1631 1253 διὰ
1652 1202 1750 1270 τῆς

155 1291 387 1360 μνήμης
419 1289 759 1357 άλγυνόντων
776 1291 924 1360 ἡμᾶς
961 1290 1107 1342 ἐστιν
1129 1289 1606 1360 ὲπικρατέστερον.
1629 1291 1752 1352 Πῶς

152 1381 267 1454 γὰρ
294 1382 396 1434 οὑκ
417 1379 483 1434 ἄν
515 1397 598 1443 τις
627 1381 720 1434 ἐπὶ
747 1382 862 1444 τοῖς
889 1380 1262 1452 συμϐεϐηκόσι
1317 1382 1482 1436 πάθοι
1511 1383 1641 1447 ;Τίς
1667 1380 1754 1434 οὖ-

149 1489 268 1536 τως
294 1471 513 1544 ἀπαθὴς
545 1473 645 1544 τὴν
674 1471 888 1545 ψυχήν;
922 1473 1019 1535 Τίς
1043 1472 1216 1536 οὕτως
1246 1473 1338 1525 τὸν
1363 1474 1563 1544 τρόπον
1597 1473 1748 1542 σιδή-

155 1580 306 1635 ρεος,
369 1564 443 1627 ὡς
489 1565 756 1635 ἀναλγητὶ
798 1564 858 1618 τὸ
911 1565 1122 1636 συμϐὰν
1173 1565 1462 1632 δέξασθαι;
1505 1566 1749 1634 Ἔγνωτε

155 1657 381 1720 πάντως
399 1657 496 1726 τὴν
525 1657 652 1708 νέαν
700 1655 904 1726 ταύτην
935 1657 1265 1729 περιστερὰν
1294 1657 1391 1729 τὴν
1419 1659 1751 1729 ἐντρεφομέ-

152 1765 260 1820 νην
279 1752 345 1820 τῇ
378 1748 630 1820 βασιλικῇ
666 1748 845 1818 καλιᾷ,
874 1748 972 1819 τὴν
1008 1750 1133 1820 άρτι
1163 1750 1260 1820 μὲν
1286 1751 1662 1821 πτερουμένην
1691 1752 1749 1803 ὲν

151 1840 401 1914 λαμπρῷ
435 1839 513 1912 τῷ
547 1840 752 1911 πτερῷ,
789 1843 1103 1912 ὑπερϐᾶσαν
1140 1841 1196 1894 δὲ
1240 1841 1338 1910 τὴν
1379 1841 1596 1913 ἠλικίαν
1628 1843 1750 1906 ταῖς

153 1931 400 2002 χάρισιν.
434 1932 583 1995 ὅπως
607 1931 808 2000 ἀφεῖσα
847 1933 945 2003 την
979 1932 1174 1985 καλιὰν
1211 1932 1415 2003 οἴχεται
1433 1949 1448 1964 ο
1473 1934 1620 1996 ὅπως
1645 1931 1750 1996 ἔξω

150 2023 269 2076 ⁸τῶν
291 2023 585 2094 ὀφθαλμῶν
613 2024 770 2094 ἡμῶν
804 2023 1044 2094 ἀπέπτη,
1078 2024 1224 2087 ὅπως
1257 2025 1430 2094 αὑτὴν
1475 2023 1683 2095 ἀθρόως
1721 2025 1750 2076 6

153 2116 356 2183 φθόνος
371 2114 480 2168 τῶν
504 2115 702 2186 χειρῶν
718 2115 876 2186 ἡμῶν
904 2116 1261 2186 ἀφήρπασεν
1286 2116 1395 2168 εἴτε
1422 2116 1751 2188 περιστεράν

151 2210 266 2279 χρὴ
296 2209 475 2276 λέγειν
505 2207 730 2280 ταύτην,
755 2208 864 2261 εἴτε
908 2208 1158 2272 νεοθαλὲς
1185 2207 1364 2272 ἄνθος,
1396 2207 1424 2260 ὃ
1446 2207 1603 2262 οὔπω
1651 2208 1751 2278 μὲν

150 2299 280 2350 ὅλον
315 2299 422 2350 τῶν
454 2297 706 2351 καλύκων
737 2297 1218 2368 ἐξέλαμψεν,ἀλλά
1262 2298 1323 2350 τὸ
1359 2298 1459 2369 μὲν
1499 2298 1746 2369 ἔλαμπεν

153 2391 284 2462 ἤδη,
309 2390 370 2442 τὸ
405 2390 464 2444 δὲ
497 2390 732 2462 λάμψειν
759 2391 1019 2462 ἠλπίζετο
1037 2408 1050 2422 ·
1075 2393 1168 2444 καὶ
1195 2393 1346 2462 ὅμως
1376 2394 1433 2444 ὲν
1455 2392 1534 2462 τῷ
1568 2392 1756 2464 μικρῷ

151 2499 216 2533 τε
254 2485 351 2535 καὶ
383 2481 564 2534 ἀτελεῖ
599 2481 984 2552 ὑπερέλαμπεν
1017 2497 1032 2510 ·
1068 2483 1216 2546 ὅπως
1241 2482 1453 2551 ἀθρόως
1473 2484 1750 2557 ὲναπέσϐη

153 2574 226 2642 τῇ
257 2571 479 2634 κάλυκι,
507 2573 601 2626 καὶ
647 2573 778 2642 πρὶν
816 2572 895 2634 εἰς
933 2572 1117 2643 ἀκμὴν
1172 2573 1476 2644 προελθεῖν,
1504 2576 1599 2627 καὶ
1631 2575 1750 2628 ὅλον

151 2662 358 2734 εὐωδίᾳ
393 2661 626 2715 πετάσαι
650 2663 708 2715 τὺ
740 2661 921 2725 ἄνθος.
958 2663 1090 2716 αὑτὸ
1125 2665 1255 2734 περὶ
1288 2666 1450 2719 ἑαυτὸ
1473 2668 1753 2741 κατερρύη

151 2755 253 2806 καὶ
292 2753 439 2808 κόνις
465 2752 702 2820 ἐγένετο,
737 2751 765 2804 ὃ
792 2750 915 2804 οὔτε
945 2752 1208 2824 ὲδρέψατό
1237 2772 1342 2818 τις.
1373 2755 1496 2809 οὔτε
1518 2760 1749 2826 ἐστεφα-

151 2844 370 2896 νώσατο
399 2858 414 2872 ’
450 2843 584 2897 ἀλλὰ
633 2845 811 2914 μάτην
857 2844 891 2915 ἡ
922 2842 1083 2913 φύσις
1122 2846 1388 2916 ἐπόνησεν
1415 2864 1428 2877 ⁸
1466 2842 1542 2902 οὑο
1565 2849 1624 2901 τὸ
1653 2851 1751 2919 μὲν

152 2933 364 3004 ἀγαθὸν
394 2936 452 2988 ἐν
477 2936 688 2989 ἐλπίσιν
729 2931 820 3006 ἦν,
848 2938 876 2988 6
903 2937 960 2988 δὲ
997 2936 1189 3006 φθόνος
1220 2937 1406 3007 ξίφους
1431 2939 1586 3010 δίκην
1618 2941 1753 2994 πλά-

152 3043 276 3094 γιος
310 3025 568 3097 ἐμπεσὼν
613 3028 710 3096 τὴν
763 3026 952 3079 ἐλπίδα
1007 3025 1278 3096 διέκοψεν.
1309 3027 1538 3098 Σεισμός
1571 3047 1656 3092 τις
1682 3025 1751 3101 ἦν

1850 571 1958 609 non
1999 570 2214 617 omnes,
2263 555 2329 608 ad
2369 570 2510 624 quos
2538 555 2944 611 incommodum
2976 556 3137 611 simul
3166 559 3429 627 pertinet,

1848 636 2100 701 concioni
2149 648 2422 701 intersunt
2460 662 2474 698 :
2512 654 2751 700 attamen
2798 663 2896 716 per
2926 661 3024 703 eos
3059 649 3153 718 qui
3203 650 3430 715 adsunt,

1852 736 2086 792 forsitan
2115 738 2276 792 etiam
2324 738 2381 791 in
2411 737 2666 791 absentes
2699 739 2880 791 oratio
2908 737 3299 810 divulgabitur.
3333 739 3430 793 Et-

1853 831 1999 885 enim
2030 831 2198 885 etiam
2246 829 2322 883 illi
2354 829 2479 883 boni
2514 837 2568 884 et
2609 829 2878 883 commodi
2916 830 3114 884 medici
3149 841 3300 895 sunt,
3331 832 3429 902 qui

1850 924 2118 978 adversus
2164 923 2491 977 excellentes
2537 928 2593 975 et
2641 933 2964 991 superantes
2990 922 3212 977 dolores
3255 934 3428 979 artem

1850 1015 2164 1070 adhibendo
2197 1015 2530 1076 consistunt,
2572 1027 2786 1075 eorum,
2839 1027 2960 1080 quae
3003 1013 3187 1069 minus
3222 1014 3430 1074 doloris

1852 1105 2080 1170 faciunt,
2119 1107 2386 1162 malorum
2420 1105 2762 1160 curationem
2788 1103 3120 1158 differentes.
3156 1103 3431 1170 Quemad-

1851 1200 2070 1253 modum
2113 1206 2292 1252 autem
2343 1199 2536 1252 harum
2584 1212 2766 1251 rerum
2807 1196 2966 1265 periti
3006 1196 3180 1258 aiunt,
3227 1199 3274 1251 si
3319 1199 3432 1252 duo

1851 1290 2015 1346 simul
2062 1291 2154 1343 uni
2186 1289 2404 1360 corpori
2446 1289 2665 1342 dolores
2694 1286 3016 1349 acciderint,
3057 1301 3183 1342 eum
3216 1289 3308 1356 qui
3337 1304 3432 1342 ex-

1851 1389 2072 1452 superet
2120 1397 2184 1435 ac
2213 1380 2527 1434 dominetur
2569 1380 2749 1434 soluat
2790 1378 3008 1443 sentiri,
3041 1382 3432 1447 exsuperantia

1851 1475 2194 1544 praevalentis
2222 1474 2509 1529 cruciatus
2540 1473 2809 1528 minorem
2852 1471 3096 1527 dolorem
3125 1472 3283 1542 quasi
3319 1470 3436 1525 suf-

1852 1567 2070 1622 furante
2104 1585 2118 1621 :
2167 1567 2310 1622 idem
2342 1568 2508 1622 etiam
2554 1565 2612 1620 in
2646 1579 2706 1620 re
2737 1564 2994 1636 praesenti
3029 1564 3431 1619 animadverto.

1849 1656 1985 1712 Nam
2017 1667 2074 1713 et
2103 1672 2278 1714 novus
2308 1665 2603 1726 nosterque
2634 1657 2894 1727 proprius
2920 1655 3098 1722 dolor,
3135 1657 3204 1712 iis
3241 1657 3431 1723 rebus,

1851 1765 2083 1822 quarum
2137 1749 2396 1804 memoria
2431 1747 2594 1804 nobis
2623 1748 2820 1803 acerba
2873 1755 2976 1813 est,
3025 1748 3228 1813 acrior,
3269 1758 3436 1820 atque

1850 1841 2228 1898 vehementior
2263 1848 2369 1896 est.
2404 1839 2542 1894 Nam
2567 1840 2661 1910 qui
2691 1838 2867 1910 possit
2901 1839 3103 1908 aliquis
3130 1840 3201 1895 ob
3222 1854 3286 1894 ea
3310 1856 3436 1911 quae

1850 1931 2195 1995 acciderunt,
2221 1946 2331 1985 non
2362 1929 2537 1986 allici?
2568 1929 2706 1996 Quis
2731 1931 2916 1986 animo
2957 1931 3094 1984 adeo
3121 1930 3335 1987 alienus
3365 1933 3436 1986 ab

1851 2023 2136 2080 alfectibus
2161 2023 2290 2080 est?
2339 2025 2476 2091 Quis
2504 2023 2642 2081 adeo
2685 2023 2932 2078 moribus
2963 2023 3176 2080 ferreus
3227 2033 3334 2091 est,
3375 2028 3436 2078 ut

1851 2117 2060 2186 absque
2086 2117 2278 2171 dolore
2306 2115 2451 2186 quod
2483 2115 2706 2180 accidit,
2739 2116 3017 2184 excipiat?
3065 2115 3252 2172 Nostis
3280 2133 3437 2186 pror-

1853 2220 1974 2261 sum
2003 2213 2246 2260 teneram
2291 2206 2435 2260 hanc
2468 2205 2803 2272 columbam,
2848 2221 2971 2276 quae
3015 2206 3070 2262 in
3119 2207 3251 2262 nido
3284 2209 3436 2285 regio

1852 2299 2221 2364 nutriebatur,
2257 2313 2380 2368 quae
2405 2297 2519 2368 jam
2558 2300 2796 2369 primum
2825 2298 3045 2370 quidem
3076 2299 3270 2357 nitidis
3304 2317 3438 2371 pen-

1852 2391 1940 2444 nis
1971 2389 2211 2445 volucris
2243 2391 2528 2454 evadebat,
2574 2391 2673 2446 sed
2709 2398 2920 2446 aetatem
2956 2392 3151 2462 gratiis
3175 2401 3229 2447 et
3264 2395 3438 2448 virtu-

1855 2480 2002 2532 tibus
2038 2480 2350 2548 superabat,
2391 2489 2452 2534 ut
2491 2481 2684 2536 relicto
2729 2479 2858 2535 nido
2905 2480 3244 2548 discesserit,
3278 2491 3338 2538 ut
3369 2500 3436 2539 ex

1853 2572 2032 2626 oculis
2057 2571 2266 2625 nostris
2290 2570 2613 2635 avolaverit,
2639 2579 2700 2625 ut
2728 2586 2850 2625 eam
2883 2571 3090 2627 invidia
3123 2586 3348 2644 repente
3369 2578 3438 2634 de

1854 2662 2112 2716 manibus
2144 2664 2348 2718 nostris
2387 2663 2652 2732 rapuerit,
2687 2663 2804 2719 sive
2836 2664 3152 2721 columbam
3183 2667 3322 2723 hanc
3355 2669 3440 2724 di-

1851 2764 1984 2804 cere
2010 2757 2255 2819 oportet,
2299 2751 2416 2806 sive
2446 2764 2638 2806 recens
2685 2750 3046 2821 pullulantem
3097 2753 3311 2821 ﬂorem,
3343 2759 3440 2828 qui

1854 2842 2098 2896 nondum
2133 2841 2354 2912 quidem
2405 2850 2520 2898 toto
2551 2858 2654 2899 suo
2686 2844 2978 2915 splendore
3009 2861 3078 2901 ex
3106 2849 3337 2918 gemmis
3372 2865 3440 2905 ac

1853 2932 2068 3002 vaginis
2090 2933 2429 2996 emersisset,
2463 2934 2558 2988 sed
2583 2935 2780 3004 partim
2809 2935 3029 3005 quidem
3055 2937 3171 3007 jam
3199 2941 3438 2996 enituis-

1855 3031 1957 3090 set,
1995 3025 2190 3093 partim
2220 3041 2351 3079 vero
2377 3025 2432 3078 in
2467 3025 2645 3079 lucem
2697 3041 3018 3083 emersurus
3066 3041 3384 3098 speraretur
3423 3051 3436 3087 :

153 3120 444 3188 ἄντικρυς,
468 3118 706 3186 ἀδελφοὶ,
743 3118 804 3171 τὸ
836 3118 1128 3189 γενόμενον
1149 3137 1162 3149 ·
1197 3121 1440 3190 σεισμὸς,
1468 3121 1619 3174 οὐδὲν
1642 3122 1749 3175 τῶν

1857 3131 1958 3170 nec
1989 3131 2053 3170 eo
2081 3118 2260 3170 minus
2289 3116 2344 3170 in
2384 3117 2582 3186 exigua
2615 3127 2780 3187 atque
2826 3118 3142 3189 imperfecta
3172 3123 3255 3176 sui
3288 3131 3443 3192 parte

151 3212 418 3284 χαλεπῶν
460 3212 882 3282 συμπτωμάτων
929 3211 1455 3283 φιλανθρωπότερος.
1504 3215 1577 3267 Οὐ
1646 3214 1752 3286 γάρ

152 3307 368 3374 ἄψυχον
419 3303 869 3374 οἰκοδομημάτων
923 3303 1118 3367 κάλλος
1179 3304 1538 3376 διελυμήνατο
1569 3323 1582 3337 ·
1629 3306 1752 3361 οὐδὲ

153 3394 408 3456 εὐανθεῖς
441 3395 680 3466 γραφάς.
711 3395 745 3464 ἢ
764 3395 925 3448 λίθων
949 3395 1252 3466 περικαλλῆ
1281 3397 1526 3466 θεάματα
1549 3399 1628 3460 εἰς
1648 3398 1751 3468 γῆν

156 3483 498 3538 κατέϐαλεν·
525 3484 639 3536 ἀλλ’
673 3485 845 3555 αὑτῆς
888 3485 987 3558 τῆς
1041 3486 1256 3555 φύσεως
1299 3487 1361 3540 τὸ
1410 3487 1750 3560 οἰκοδόμημα

153 3577 415 3650 λαμπρὸν
465 3577 543 3648 τῷ
591 3578 797 3640 κάλλει,
847 3579 1300 3649 ὑπεραστράπτον
1340 3583 1458 3644 ταῖς
1492 3580 1746 3652 χάρισιν,

151 3669 374 3742 ἀθρόως
403 3669 728 3741 προσπεσὼν
755 3673 784 3724 ὁ
812 3671 1033 3741 σεισμὸς
1054 3664 1208 3735 οὗτος
1227 3671 1485 3725 διέλυσεν.

1857 3210 2058 3264 mirum
2117 3210 2174 3262 in
2226 3208 2448 3262 modum
2503 3211 2925 3280 reSplenderet:
2985 3224 3045 3268 ut
3105 3225 3332 3286 repente
3384 3219 3443 3272 in

1853 3316 2062 3371 gemma
2084 3301 2435 3366 emarcuerit,
2465 3315 2530 3356 ac
2559 3303 2877 3372 priusquam
2907 3305 2977 3359 ad
3005 3320 3166 3360 suum
3195 3308 3438 3377 vigorem

1854 3393 2216 3463 pervenisset,
2261 3407 2327 3447 ac
2357 3408 2632 3448 summum
2679 3395 3076 3452 incrementum
3124 3407 3322 3452 nactus
3352 3416 3443 3454 es-

1853 3498 1958 3553 set,
2005 3495 2292 3556 lotumque
2339 3502 2466 3540 cum
2514 3488 2667 3542 suavi
2693 3487 2858 3542 odore
2891 3488 3142 3544 decorem
3181 3491 3443 3560 panderet

1851 3594 1916 3633 ac
1941 3578 2294 3643 diffunderet,
2325 3580 2446 3648 ipse
2482 3579 2633 3634 circa
2665 3595 2724 3634 se
2752 3579 3045 3635 deﬂuxerit
3073 3589 3130 3637 et
3157 3582 3213 3636 in
3255 3582 3444 3652 pulve-

1841 3687 1955 3726 rem
1989 3671 2246 3726 redactus
2280 3671 2373 3734 sit,
2406 3686 2572 3740 quem
2604 3687 2780 3740 neque
2811 3673 3102 3743 quisquam
3137 3674 3441 3746 decerpsit,

153 3777 340 3833 neque
370 3765 598 3818 coronis
623 3762 925 3832 adaptavit,
969 3763 1064 3818 sed
1111 3764 1318 3818 frustra
1350 3773 1546 3818 natura
1587 3765 1902 3820 laboravit:
1951 3764 2044 3818 ubi
2075 3763 2280 3817 bonum
2341 3763 2562 3832 quidem
2595 3773 2715 3818 erat
2761 3765 2817 3820 in
2878 3780 2974 3834 spe
3039 3775 3094 3820 et
3159 3778 3445 3838 exspecta-

151 3862 332 3922 tione,
381 3857 586 3911 invidia
618 3874 747 3912 vero
789 3857 952 3927 gladii
1003 3859 1176 3913 instar
1219 3874 1284 3914 ex
1331 3861 1909 3915 transverso'irrnens
1979 3873 2126 3928 spem
2189 3859 2508 3928 interrupit.
2564 3860 2936 3915 Terraetnotus
2997 3864 3221 3932 quidam
3263 3868 3442 3936 plane,

153 3945 402 4011 fratres,
465 3959 584 4001 erat
665 3948 720 4002 id
789 3948 936 4017 quod
1013 3949 1257 4015 accidit,
1326 3958 1671 4006 terrtemotus
1733 3951 1945 4005 acerbis
1987 3949 2210 4004 casibus
2264 3949 2437 4003 nihilo
2498 3951 2682 4004 mitior
2769 3949 2883 4005 Non
2941 3954 3086 4006 enim
3142 3956 3442 4013 inanimum

154 4037 521 4092 aediﬁciorum
551 4039 722 4094 decus
768 4039 1166 4096 labefactavit:
1203 4057 1382 4111 neque
1444 4042 1664 4098 ﬂoridas
1704 4043 1952 4112 picturas
2019 4049 2113 4094 aut
2157 4041 2394 4108 lapidum
2451 4041 2665 4095 eximia;
2732 4042 3158 4110 pulchritudinis
3230 4057 3444 4116 specta-

150 4133 283 4186 cula
331 4133 483 4185 humi
519 4133 816 4202 prostravit
852 4151 864 4186 :
896 4135 990 4188 sed
1023 4133 1199 4203 ipsius
1222 4145 1438 4189 natura:
1466 4135 1756 4190 aedilicium
1815 4133 2231 4204 pulchritudine
2265 4134 2614 4203 splendidum
2636 4173 2653 4196 ,
2701 4138 2998 4204 gratiarum
3052 4152 3117 4192 ac
3177 4140 3440 4195 virtutum

151 4228 380 4296 fulgore
415 4227 711 4289 excellens,
749 4235 972 4295 repente
1003 4226 1206 4295 impetu
1235 4227 1376 4282 facto
1408 4237 1752 4282 teri-zemotus
1784 4227 1874 4280 hic
1904 4226 2177 4279 dissolvit.

227 4316 389 4373 Εἶδον
410 4317 524 4387 ἐγὼ
551 4317 645 4371 καὶ
676 4318 736 4370 τὸ
766 4319 964 4390 ὑψηλὸν
993 4319 1166 4390 ἔρνος,
1196 4321 1287 4373 τον
1323 4321 1585 4392 ὑψίκομον
1624 4323 1742 4390 φοί--

1916 4317 2040 4372 Vidi
2071 4334 2176 4389 ego
2195 4318 2360 4373 etiam
2393 4318 2628 4372 sublime
2665 4319 2797 4372 illud
2841 4333 3089 4390 germen,
3122 4320 3441 4380 alticomam

149 4431 285 4467 νικα
314 4413 396 4483 (τὸ
425 4410 699 4482 βασιλικόν
734 4429 874 4483 φημι
918 4413 1138 4484 κράτος)
1164 4414 1253 4466 τὸν
1292 4417 1414 4477 ταῖς
1449 4415 1751 4484 βασιλικαῖς

149 4507 390 4578 ἀρεταῖς
415 4500 530 4557 οἷόν
577 4522 687 4557 τισι
735 4504 948 4568 κλάδοις
980 4504 1162 4575 πάσης
1190 4507 1608 4575 ὑπερανεστῶτα
1655 4507 1754 4575 τῆς

146 4597 492 4666 οἰκουμένης
522 4597 614 4649 καὶ
662 4596 840 4649 πάντα
883 4596 1319 4666 διαλαμϐάνοντα
1353 4614 1366 4626 ·
1402 4592 1538 4651 εἶδον
1592 4598 1756 4652 αὑτὸν

147 4689 271 4740 τῶν
302 4686 404 4756 μὲν
429 4686 604 4740 ἄλλων
631 4685 955 4756 κρατοῦντα,
978 4689 1042 4756 τῇ
1073 4686 1128 4738 δὲ
1156 4685 1314 4755 φύσει
1347 4687 1752 4756 καμπτόμενον,

148 4779 256 4833 καὶ
307 4776 447 4848 πρὸς
507 4777 606 4847 τὴν
645 4774 915 4846 ἀποϐολὴν
963 4775 1058 4828 τοῦ
1102 4775 1295 4839 ἄνθους
1326 4777 1750 4847 ἐπικλινόμενον.

154 4867 320 4924 Εἶδον
357 4869 452 4922 καὶ
484 4867 582 4939 τὴν
611 4869 804 4936 εὐγενῆ
834 4867 1136 4937 κληματίδα
1154 4865 1250 4938 τὴν
1290 4867 1756 4939 περιειλημμένην

147 4963 237 5034 τῷ
267 4963 494 5032 φοίνικι,
533 4961 632 5032 τὴν
680 4960 740 5012 τὸ
774 4959 930 5022 ἄνθος
963 4962 1095 5029 ἡμῖν
1130 4961 1288 5012 τοῦτο
1317 4959 1606 5024 ὠδινασαν,
1637 4961 1754 5024 οἵας

153 5055 377 5123 ὑπέστη
404 5057 470 5105 ἐκ
487 5051 742 5122 δευτέρου
773 5051 932 5104 πάλιν
957 5051 1151 5114 ὠδῖνας
1167 5053 1224 5104 ὲν
1239 5052 1406 5122 ψυχῇ,
1434 5054 1534 5106 οὑκ
1563 5055 1620 5106 ἐν
1651 5052 1756 5105 σώ-

153 5165 296 5219 ματι
324 5186 341 5208 ,
374 5147 464 5198 ὅτε
513 5145 684 5214 αὑτῆς
737 5139 890 5207 οὗτος
920 5146 947 5196 6
997 5143 1223 5212 βλαστὸς
1264 5144 1585 5198 ἀπετίλλετο
1611 5162 1625 5176 ·
1659 5145 1755 5208 Τίς

149 5235 511 5296 ἀστενάκτως
546 5233 608 5286 τὸ
632 5232 801 5295 πάθος
828 5231 1216 5303 παρέδραμενς
1245 5233 1341 5295 Τίς
1373 5233 1473 5302 τὴν
1504 5232 1601 5286 τοῦ
1637 5232 1754 5302 βίου

152 5328 369 5397 ζημίαν
398 5326 497 5378 οὑκ
545 5325 864 5396 ὠλοφύρατο
894 5341 908 5389 ;
945 5324 987 5376 Τ
994 5325 1045 5395 ῖς
1077 5324 1177 5376 οὑκ
1203 5324 1457 5394 ἐπαφῆκε
1483 5325 1562 5396 τῷ
1591 5325 1754 5379 πάθει

151 5420 375 5488 δάκρυα
414 5434 429 5481 ;
471 5417 566 5478 Τίς
619 5416 680 5468 οὑ
739 5413 998 5484 κατέμιξε
1050 5418 1114 5485 τῇ
1168 5419 1318 5486 κοινῇ
1376 5416 1608 5486 συνῳδίᾳ
1660 5415 1754 5470 τοῦ

155 5512 365 5582 θρήνου
393 5509 492 5572 τὰς
542 5509 676 5569 ἰδίας
711 5508 928 5576 φωνάςς
962 5498 1116 5559 Εἶδον
1145 5506 1323 5576 θέαμα
1368 5507 1578 5574 πιστὸν,
1601 5507 1629 5560 ὂ
1654 5509 1753 5562 οὑκ

155 5604 226 5659 ἂν
253 5606 335 5666 εἰς
363 5603 541 5656 πίστιν
563 5601 704 5654 ἔλθοι
728 5603 839 5664 τοῖς
867 5601 1002 5670 ἀκοῇ
1033 5599 1495 5670 παραδεχομένοις
1523 5601 1592 5654 τὰ
1620 5601 1752 5655 θαύ-

1858 4409 2095 4477 palmam
2138 4407 2565 4478 (imperatoriam
2603 4408 2730 4462 dico
2761 4410 3081 4479 potentiam)
3119 4427 3242 4480 qua:
3270 4413 3444 4485 impe-

1857 4501 2084 4556 ratoriis
2129 4500 2431 4556 virtutibus
2485 4501 2647 4555 veluti
2694 4501 2863 4556 ramis
2897 4503 3228 4570 quibusdam
3277 4521 3443 4576 supra

1856 4605 2074 4644 omnem
2104 4592 2308 4646 eminet
2339 4591 2525 4644 orbem
2559 4600 2853 4651 terrarum,
2904 4599 2958 4645 et
3003 4593 3190 4646 omnia
3239 4596 3449 4665 ample-

1856 4684 2060 4747 ctitur;
2087 4683 2219 4746 vidi,
2247 4686 2490 4753 inquam,
2515 4699 2642 4738 eum
2671 4692 2902 4740 caeteros
2929 4685 3149 4750 quidem
3181 4703 3449 4768 superan-

1858 4784 1962 4831 tem
1997 4786 2162 4846 atque
2195 4777 2523 4843 vincentem,
2563 4787 2773 4832 natura:
2802 4795 2934 4833 vero
2963 4782 3440 4846 succumbentem,

1863 4877 1919 4923 et
1945 4867 2018 4922 ob
2047 4870 2314 4924 amissum
2343 4868 2531 4922 florem
2560 4870 2841 4924 inclinari.
2895 4869 3020 4924 Vidi
3051 4873 3179 4927 item
3213 4889 3447 4942 genero-

1860 4975 1979 5014 sam
2029 4961 2178 5014 illam
2229 4962 2396 5015 vitem
2448 4976 2613 5031 quam
2651 4963 2828 5032 palma
2863 4966 3113 5033 amplexa
3151 4972 3267 5026 est,
3325 4981 3449 5034 quae

1859 5053 2049 5106 liorem
2094 5053 2240 5106 hunc
2283 5053 2444 5108 nobis
2493 5065 2818 5124 pepererat,
2873 5057 3194 5124 qualesnam
3247 5057 3446 5110 iterum

1858 5147 1927 5200 de
1965 5146 2180 5215 integro
2208 5146 2365 5215 quasi
2399 5148 2619 5215 pariens
2663 5147 2888 5202 dolores
2937 5149 3141 5211 animo,
3179 5163 3286 5203 non
3321 5165 3448 5203 cor-

1858 5250 1988 5304 pore
2009 5236 2297 5300 sustinuit,
2329 5253 2452 5291 cum
2488 5238 2591 5290 hoc
2623 5238 2697 5292 ab
2724 5254 2787 5292 ea
2823 5255 3046 5309 germen
3077 5241 3448 5295 avelleretur?

1857 5329 1994 5394 Quis
2029 5331 2238 5398 absque
2269 5331 2529 5400 lacrymis
2557 5331 2768 5386 cladem
2804 5330 3111 5400 prazteriit?
3159 5332 3295 5397 Quis
3320 5333 3446 5386 vita:

1856 5424 2116 5475 damnum
2148 5438 2254 5475 non
2301 5422 2642 5492 deploravit?
2677 5423 2816 5489 Quis
2845 5423 3144 5476 calamitati
3175 5439 3280 5477 non
3319 5424 3442 5477 illa-

1857 5523 2140 5584 crymatus
2167 5523 2250 5568 cst
2280 5515 2303 5567 ?
2356 5516 2491 5579 Quis
2544 5515 2821 5569 communi
2855 5515 3150 5568 concentui
3183 5514 3448 5568 Ian-enta-

1859 5606 2025 5660 tionis
2059 5622 2187 5662 suas
2222 5624 2383 5663 voces
2413 5625 2520 5662 non
2552 5608 2884 5663 admiscuit?
2915 5606 3038 5662 Vidi
3068 5607 3444 5677 spectaculum
