3850 6398
479 295 585 352 867

1747 295 1804 350 S.
1841 293 2169 351 GREGORII
2197 293 2489 348 NYSSENI

479 419 692 466 certum
721 420 776 464 et
804 412 1166 481 exploratum,
1199 413 1343 482 quod
1379 413 1470 482 qui
1501 413 1780 467 auditione
1815 430 1878 468 ac
1907 413 2046 467 fama

2156 432 2320 484 ματα.
2360 410 2510 466 Εἶδον
2536 411 2596 476 ἐξ
2615 409 2913 481 ἀνθρώπων
2941 408 3174 476 πέλαγος
3202 409 3270 476 τῇ
3301 407 3583 478 πυκνότητι
3597 411 3696 460 τῶν

480 501 748 555 miracula
782 503 1076 570 accipiunt,
1114 517 1222 555 non
1273 504 1518 556 credam.
1549 502 1667 558 V'idi
1699 505 1924 573 pelagus
1957 505 2048 556 ho-

2157 503 2504 557 συνεστώτων
2535 542 2550 567 ,
2585 497 2696 556 οἷόν
2744 519 2798 554 τι
2847 500 2990 570 ὕδωρ
3035 498 3174 551 κατὰ
3230 499 3338 551 πᾶν
3393 498 3552 569 μέρος
3597 501 3696 561 τοῖς

479 592 711 656 minum,
746 593 891 662 quod
929 593 1236 662 frequentia
1266 602 1745 664 congregatarum,
1791 605 2051 664 tanquam

481 696 623 750 aqua
653 684 900 752 quasdam
927 685 979 737 in
1008 700 1198 738 omnes
1227 693 1410 753 partes
1439 701 1561 740 sese
1587 687 1764 742 oculis
1793 686 2009 740 oﬂ‘crret
2036 705 2049 738 :

480 774 700 842 plenum
732 785 849 829 erat
878 777 1166 845 templum,
1216 778 1436 844 plenum
1481 779 1669 847 templi
1699 777 2048 841 vestibulum,

481 865 740 933 adjuncta
788 867 997 935 platea,
1054 867 1376 936 angiporta,
1429 868 1599 930 bivia,
1635 868 1834 932 media,
1869 877 2052 921 trans-

478 971 659 1020 versa,
695 959 872 1027 ampla
901 965 1166 1012 tectorum
1201 961 1376 1026 spatia
1408 977 1422 1013 :
1452 959 1714 1029 quidquid
1745 958 2048 1022 videbatur,

479 1047 761 1101 hominum
792 1050 1009 1117 plenum
1041 1057 1180 1112 erat,
1226 1050 1386 1119 quasi
1417 1058 1565 1104 totus
1595 1059 1867 1105 terrarum
1898 1049 2051 1104 orbis

481 1149 702 1207 pr0pter
734 1139 943 1194 cladem
979 1147 1032 1194 et
1062 1140 1423 1194 infortunium
1462 1142 1594 1195 illud
1624 1143 1678 1195 in
1709 1157 1876 1195 unum
1917 1155 2051 1194 con-

479 1230 766 1284 currisset.
803 1229 1187 1300 Spectaculum
1220 1242 1402 1286 autem
1445 1234 1702 1288 omnibus
1734 1232 2050 1302 prepositus

478 1330 598 1377 erat
626 1337 782 1378 sacer
803 1324 892 1378 ille
926 1322 1050 1387 llos,
1078 1323 1169 1394 qui
1197 1323 1253 1378 in
1285 1339 1448 1378 aurea
1477 1324 1667 1378 lectica
1697 1324 2045 1380 alIerebatur.

484 1413 554 1466 Ut
583 1414 828 1466 omnium
860 1414 1244 1483 aspicientium
1297 1415 1483 1468 vultus
1518 1413 1744 1468 demissi
1775 1429 1839 1467 ac
1865 1414 2050 1468 mirsti

481 1507 668 1560 erant!
722 1504 793 1558 Ut
823 1506 1083 1576 lacrymis
1113 1506 1257 1560 oculi
1289 1504 1518 1580 oppleti.
1568 1521 1765 1560 manus
1799 1506 1940 1559 inter
1991 1521 2051 1560 se

480 1593 723 1654 collisaa,
781 1594 1016 1663 gemitus
1069 1595 1247 1648 adhuc
1281 1595 1536 1666 inthpum
1578 1595 1760 1649 cordis
1807 1595 2048 1650 dolorem

478 1684 816 1739 indicantes!
864 1684 979 1738 Non
1011 1685 1144 1738 mihi
1174 1686 1230 1740 in
1278 1685 1372 1740 illo
1407 1681 1650 1758 tempore
1698 1685 1951 1754 (forsitan
1981 1702 2049 1741 ne

2153 594 2449 664 ὀφθαλμοῖς
2492 592 2942 664 προφαινόμενον,
2985 589 3200 661 πλήρης
3237 590 3266 642 ό
3310 588 3429 651 ναός
3463 605 3478 618 ·
3509 589 3696 660 πλῆρες

2152 685 2244 738 τοῦ
2274 685 2402 738 ναοῦ
2449 685 2509 737 τὸ
2541 683 2864 755 προαύλιον,
2895 683 2929 753 ἡ
2982 680 3304 751 ἐκδεχομένη
3353 678 3572 732 πλατεῖα
3595 719 3608 740 ,
3636 679 3694 732 τὰ

2151 778 2387 848 ἄμφοδα,
2411 780 2444 848 ή
2481 778 2641 848 μέση,
2672 776 2741 830 τὰ
2764 776 2988 844 πλάγια,
3017 779 3049 846 ὴ
3082 775 3174 827 ἐπὶ
3208 773 3318 826 τῶν
3337 772 3594 842 δωμάτων
3618 773 3694 824 εύ-

2153 871 2426 943 ρυχωρίαο
2457 871 2564 923 πᾶν
2590 869 2649 922 τὸ
2683 868 2956 940 ὁρώμενον
2989 865 3288 936 ἀνθρώπων
3317 864 3580 932 πλήρωμα
3615 857 3691 931 ἦν,

2151 963 2337 1035 ὥσπερ
2361 964 2540 1035 πάσης
2572 965 2670 1033 τῆς
2697 959 3018 1030 οἰκουμένης
3049 959 3129 1020 είς
3155 954 3346 1008 ταύτὸν
3377 953 3689 1024 συνδραμού-

2153 1074 2254 1128 σης
2275 1057 2368 1109 ἐπὶ
2391 1056 2468 1125 τῷ
2489 1053 2672 1109 πάθει.
2702 1053 2893 1122 Θέαμα
2921 1051 2977 1104 δὲ
3011 1049 3293 1121 προέκειτο
3317 1047 3449 1099 πᾶσι
3483 1045 3544 1096 τὸ
3571 1045 3692 1113 ἱερὸν

2150 1149 2309 1212 ἄνθος
2337 1150 2511 1201 ἐκεῖνο
2561 1146 2654 1200 ἐπὶ
2693 1145 2877 1215 κλίνης
2931 1141 3136 1214 χρυσῆς
3186 1138 3557 1210 κομιζόμενον.
3586 1136 3690 1198 Πῶς

2150 1244 2366 1312 κατηφῆ
2398 1240 2612 1295 πάντων
2643 1235 2709 1309 ἦν
2739 1239 2846 1291 τῶν
2896 1234 3283 1309 προσορῶντων
3306 1231 3375 1284 τὰ
3411 1231 3685 1302 πρόσωπαί

2149 1334 2274 1397 Πῶς
2311 1333 2685 1405 δεδακρυμένα
2712 1332 2780 1384 τὰ
2801 1331 3021 1402 ὄμματα
3047 1331 3059 1382 !
3091 1330 3269 1399 χεῖρες
3297 1322 3549 1394 ἀλλήλαις
3587 1337 3691 1372 συν·

2149 1424 2546 1496 αρασσόμεναιί
2581 1421 2870 1492 στεναγμοὶ
2903 1420 3039 1491 πρὸς
3072 1418 3280 1478 τούτοις
3305 1415 3401 1486 τὴν
3429 1412 3690 1481 ἐγκάρδιον

2149 1517 2340 1587 ὀδύνην
2360 1516 2794 1586 καταμηνύοντες
2818 1516 2832 1568 l
2873 1511 2946 1566 Οὔ
2987 1529 3076 1581 μοι
3097 1508 3240 1574 ἔδοξε
3270 1506 3406 1561 κατὰ
3436 1506 3533 1576 τὴν
3561 1503 3690 1574 ὥραν

2151 1607 2366 1677 ἐκείνην
2393 1606 2554 1677 (τάχα
2574 1605 2630 1658 δὲ
2657 1605 2778 1658 οὐδὲ
2804 1605 2916 1667 τοῖς
2940 1602 3114 1663 ἄλλοις
3135 1599 3242 1652 τῶν
3264 1598 3384 1652 τότε
3410 1597 3687 1664 παρόντων)

2147 1698 2246 1768 τὴν
2277 1701 2341 1752 ὲκ
2368 1697 2579 1767 φύσεως
2611 1697 2769 1768 χάριν
2794 1696 2822 1748 ὁ
2854 1694 3050 1766 χρυσὸς
3077 1691 3437 1752 ἀποστίλϐειν,
3455 1687 3586 1741 ἀλλὰ
3610 1687 3688 1740 καὶ

477 1777 690 1831 caeteris
713 1776 953 1846 quidem,
981 1777 1076 1846 qui
1104 1786 1232 1832 tunc
1263 1754 1514 1847 aderant)
1540 1777 1716 1832 visum
1743 1784 1826 1831 est
1854 1791 2047 1831 aurum

2151 1754 2216 1842 αἱ.
2229 1788 2336 1842 τῶν
2365 1754 2526 1842 λίθων
2559 1754 2766 1856 ἀιῖγὲιι,
2797 1754 2902 1840 κοῖῖ
2923 1785 2990 1838 τὰ
3032 1754 3106 1838 ⁷ἐκ
3144 1781 3345 1855 χρυσοῦ
3393 1780 3687 1849 ὑφάσματα,

478 1867 713 1920 naturali
748 1882 848 1922 suo
877 1869 1074 1922 decore
1120 1869 1389 1922 nitescere
1415 1908 1432 1934 ,
1477 1867 1775 1936 quinetiam
1810 1867 2048 1934 lapidum

479 1955 739 2025 fulgores,
773 1965 829 2011 et
858 1957 1008 2012 aurei
1040 1957 1230 2027 panni,
1273 1965 1328 2011 et
1366 1957 1576 2028 argenti
1623 1957 1963 2026 splendores,
1994 1963 2050 2011 et

478 2049 660 2102 lumen
688 2049 852 2119 ignis,
875 2049 1018 2120 quod
1052 2057 1106 2103 et
1131 2050 1359 2102 multum
1391 2058 1449 2104 et
1477 2049 1757 2117 copiosum
1780 2064 1845 2102 ex
1869 2056 2050 2102 trans-

474 2155 638 2194 verso
693 2139 948 2208 utrinque
1014 2139 1423 2194 continentibus
1477 2139 1653 2194 cereis
1705 2138 2049 2208 lampadibus

476 2233 957 2303 prtetendebatur:
1006 2233 1191 2287 omnia
1242 2233 1389 2288 luctu
1432 2234 1596 2288 simul
1642 2226 2046 2304 nigrescebant,

475 2325 612 2377 nihil
662 2326 904 2379 omnium
945 2339 1130 2379 rerum
1176 2326 1487 2381 communis
1529 2327 1805 2381 mmstitize
1853 2341 2048 2396 expers

475 2422 616 2468 erat.
666 2413 820 2468 Tune
867 2416 1032 2469 etiam
1081 2430 1309 2484 magnus
1354 2415 1520 2470 David
1567 2433 1698 2473 suos
1737 2419 1967 2490 hymnos
1995 2427 2049 2474 et

476 2505 696 2559 laudum
725 2507 1138 2561 decantationes
1166 2507 1641 2564 lamentationibus
1669 2510 2050 2581 accommoda-

473 2598 552 2650 vit
575 2637 590 2660 ,
635 2611 699 2650 ac
732 2611 830 2666 pro
860 2597 1022 2650 hilari
1056 2598 1225 2652 choro
1263 2607 1482 2669 sumpto
1526 2601 1756 2656 invicem
1792 2602 1935 2658 tristi
1986 2619 2050 2659 ac

476 2689 689 2757 lugubri
718 2689 1007 2744 cantilenis
1029 2689 1093 2742 ad
1129 2691 1546 2747 lamentationes
1570 2693 1836 2749 invitavit.
1872 2697 2048 2766 Atque

473 2777 620 2830 omni
658 2791 754 2845 per
803 2777 954 2830 illum
1002 2779 1263 2847 temporis
1308 2781 1600 2836 articulum
1654 2784 1935 2852 voluptate
1978 2785 2050 2840 ab

476 2868 676 2922 animis
707 2869 862 2938 pulsa
896 2877 1058 2939 atque
1090 2879 1386 2936 summota,
1433 2873 1565 2927 sola:
1600 2874 1849 2945 lacryuuze
1877 2875 2049 2930 homi-

477 2962 640 3014 nibus
678 2961 944 3029 voluptati
979 2968 1154 3014 erant.
1331 2963 1334 2965 ‘

548 3051 816 3117 Quoniam
858 3053 1024 3123 igitur
1067 3061 1355 3124 tantopere
1398 3071 1429 3108 a
1471 3057 1885 3126 perturbatione
1909 3061 2050 3115 ratio

475 3148 619 3201 vieta
653 3156 736 3202 est
769 3167 782 3202 :
814 3149 954 3202 haud
986 3148 1359 3218 importunum
1392 3149 1554 3205 fuerit
1582 3162 1815 3206 mentem
1852 3153 2051 3225 fatiga-

476 3248 589 3292 tam
651 3255 777 3294 cum
836 3243 1050 3296 ratione
1100 3241 1347 3295 adhibito
1388 3243 1654 3310 consilio,
1707 3245 1886 3313 quoad
1931 3246 2052 3314 ejus

479 3330 592 3385 ﬁeri
639 3339 841 3400 potest,
884 3331 1112 3388 reﬁcere
1163 3341 1328 3405 atque
1363 3333 1706 3389 conﬁrmare.
1742 3335 2049 3390 Periculum

475 3423 623 3476 enim
679 3424 825 3476 haud
880 3439 1105 3493 parvum
1155 3434 1274 3488 est,
1340 3441 1409 3479 ne
1453 3427 1499 3480 si
1549 3426 1604 3480 in
1659 3427 1762 3481 hoc
1806 3418 2050 3498 Apostoli

484 3512 632 3564 dicto
661 3511 948 3567 audientes
987 3528 1097 3566 non
1128 3513 1415 3574 fuerimus,
1456 3529 1566 3568 una
1595 3531 1718 3570 cum
1757 3531 1853 3586 spe
1884 3518 2054 3574 desti-

491 3603 630 3655 tutis
663 3602 1115 3657 condemnemur.
1159 3599 1250 3656 Ait
1280 3605 1449 3669 enim,
1497 3604 1953 3674 quemadmodum
1984 3622 2052 3663 ex

477 3709 565 3751 co,
598 3694 691 3760 qui
725 3692 930 3746 dudum
970 3695 1256 3757 recitabat,
1298 3695 1626 3760 audivimus,
1665 3711 1771 3749 non
1801 3707 2052 3766 Oportcre

481 3784 702 3838 tristitia
733 3799 833 3838 nos
856 3783 989 3838 allici
1017 3787 1235 3839 nomine
1261 3786 1646 3840 dormientium
1669 3789 1708 3839 ί.
1745 3786 1874 3841 Eam
1903 3791 2048 3842 enim

483 3874 948 3942 perturbationem
1012 3874 1226 3928 illorum
1263 3875 1530 3929 duntaxat
1569 3891 1713 3941 esse,
1755 3883 1847 3948 qui
1897 3893 2048 3949 spem

479 3981 586 4019 nou
623 3966 879 4019 habeant.
934 3964 1037 4020 Sed
1066 3965 1286 4029 dixerit,
1321 3967 1534 4035 opinor,
1567 3969 1767 4038 aliquis
1795 3970 1862 4024 de
1890 3987 2051 4041 grege

478 4058 976 4126 pusillaniu‘torum,
1009 4073 1072 4112 ea
1102 4074 1222 4127 quae
1254 4059 1368 4112 ﬁeri
1399 4075 1504 4113 non
1536 4061 1767 4129 possint,
1803 4061 2046 4116 divinum

479 4151 801 4217 Apostolum
833 4149 1048 4218 jubere,
1083 4160 1138 4204 et
1165 4151 1280 4204 suis
1321 4152 1608 4221 prmceptis
1643 4168 1902 4222 superare
1947 4169 2050 4207 na-

481 4249 684 4294 turam.
718 4241 822 4306 Qui
862 4243 1005 4295 enim
1041 4242 1155 4294 ﬁeri
1185 4250 1385 4310 potest,
1418 4250 1478 4297 ut
1511 4243 1798 4298 affectuum
1836 4257 2050 4314 pertur-

484 4333 757 4386 bationem
793 4341 1013 4401 superet
1045 4336 1091 4386 is
1120 4334 1211 4402 qui
1237 4334 1370 4386 vivit
1399 4335 1452 4388 in
1476 4344 1692 4394 natura.
1725 4353 1828 4391 neu
1866 4337 2049 4391 vinca-

2149 1881 2244 1933 καὶ
2268 1881 2323 1932 αῖ
2355 1879 2449 1933 τοῦ
2474 1881 2712 1950 ἀργύρου
2759 1877 3149 1949 μαρμαρυγαὶ,
3178 1875 3270 1928 καὶ
3300 1873 3361 1925 τὸ
3389 1874 3451 1926 ὲκ
3479 1871 3571 1924 τοῦ
3601 1888 3690 1922 πυ-

2153 1972 2242 2042 ρὸς
2262 1971 2397 2040 φῶς,
2429 1970 2562 2024 πολύ
2598 1989 2658 2023 τε
2683 1971 2778 2024 καὶ¹
2815 1968 3046 2038 ἄφθονον
3089 1967 3230 2020 κατὰ
3251 1966 3321 2019 τὰ
3354 1965 3560 2032 πλάγια
3581 1965 3689 2015 ἑκα-

2147 2063 2382 2134 τέρωθεν
2411 2066 2476 2134 τῇ
2511 2063 2758 2134 συνεχείᾳ
2803 2061 2909 2115 τῶν
2954 2062 3019 2113 ἐκ
3063 2059 3155 2112 τοῦ
3199 2057 3368 2129 κηροῦ
3417 2055 3692 2126 λαμπάδων

2149 2154 2604 2224 παρατεινόμενον
2644 2170 2657 2184 ·
2696 2152 2872 2206 πάντα
2921 2150 2997 2222 τῷ
3042 2149 3225 2203 πένθει
3272 2147 3687 2218 συνεμελαίνετο.

2149 2243 2243 2296 καὶ
2285 2243 2461 2297 πάντα
2512 2245 2722 2314 μετεῖχε
2751 2245 2847 2313 τῆς
2889 2244 3072 2313 κοινῆς
3101 2239 3418 2310 κατηφείας.
3448 2238 3578 2290 Τότε
3609 2238 3690 2289 καὶ

2146 2336 2176 2387 ὀ
2202 2334 2373 2404 μέγας
2399 2335 2560 2388 Δαϐὶδ
2581 2334 2680 2400 τὰς
2710 2334 2842 2397 ιδίας
2873 2333 3138 2406 ὑμνῳδίαις
3165 2335 3274 2395 τοῖς
3308 2330 3522 2402 θρήνοις
3549 2329 3692 2399 ἔχρη-

2151 2440 2260 2488 σεν,
2304 2425 2397 2476 καὶ
2423 2424 2542 2478 ἀντὶ
2595 2425 2822 2496 φαιδρᾶς
2860 2423 3210 2496 χοροστασίας
3260 2419 3573 2490 μεταλαϐὼν
3607 2420 3692 2488 τὴν

2148 2517 2344 2587 γοεράν
2393 2533 2453 2568 τε
2513 2517 2606 2570 καὶ
2645 2516 2933 2586 πένθιμον,
2967 2514 3266 2580 ἐξεκαλεῖτο
3314 2515 3438 2575 τοὺς
3481 2512 3691 2583 θρήνους

2148 2607 2259 2667 τοῖς
2282 2604 2518 2674 μέλεσιν.
2557 2604 2741 2674 Πάσης
2765 2604 2820 2657 δὲ
2851 2603 2992 2657 κατὰ
3022 2603 3113 2656 τὸν
3137 2602 3322 2672 καιρὸν
3352 2603 3556 2655 ἐκεῖνον
3587 2600 3692 2669 ἠδο-

2147 2700 2244 2768 νῆς
2277 2699 2382 2752 τῶν
2410 2697 2595 2768 ψυχῶν
2623 2697 3002 2768 ἁπελαθείσης,
3037 2697 3194 2750 μόνον
3221 2692 3289 2767 ἦν
3324 2699 3379 2749 ὲν
3399 2695 3560 2765 ἡδονῇ
3595 2695 3692 2756 τοῖς

2149 2790 2452 2861 ἀνθρώποις
2472 2792 2530 2844 τὸ
2551 2791 2802 2863 δάκρυον.

2233 3056 2448 3128 Ἐπειδὴ
2491 3055 2669 3109 τοίνυν
2690 3054 2940 3108 τοσοῦτον
2969 3043 3173 3127 ἡττήθη
3209 3055 3300 3109 τοῦ
3331 3054 3533 3119 πάθους
3564 3056 3592 3108 ό
3619 3055 3696 3107 λο-

2151 3146 2379 3215 γισμὸς,
2423 3146 2612 3217 καιρὸς
2656 3146 2723 3198 ἂν
2773 3146 2857 3216 εἴη
2899 3144 2960 3198 τὸ
3011 3145 3286 3216 κεκμηκὸς
3325 3145 3426 3215 τῆς
3475 3145 3698 3207 διανοίας

2150 3237 2238 3290 διὰ
2284 3238 2383 3306 τῆς
2410 3237 2518 3289 τῶν
2569 3237 2842 3308 λογισμῶν
2883 3237 3190 3308 συμϐουλῆς
3236 3239 3313 3302 ὡς
3341 3239 3455 3291 ἔστι
3492 3239 3698 3294 δυνατὸν

2150 3329 2614 3400 ἀναρῤώννυσθαι.
2678 3330 2934 3394 Κίνδυνος
2990 3330 3098 3401 γὰρ
3151 3331 3213 3383 οὐ
3284 3331 3510 3401 μικρὸς,
3570 3347 3695 3401 παρ·

2151 3421 2488 3484 ακούσαντας
2539 3423 2598 3474 ὲν
2649 3421 2820 3491 τούτῳ
2850 3421 2949 3489 τῆς
2990 3421 3084 3474 τοῦ
3142 3422 3459 3476 Ἀποστόλου
3522 3421 3692 3490 φωνῆς

2152 3512 2805 3583 συγκατακριθῆναιντοῖς
2846 3512 3202 3576 ἀνελπίστοις.
3255 3516 3392 3585 Φησὶ
3446 3514 3578 3585 γὰρ,
3610 3533 3700 3568 κα-

2151 3603 2258 3667 θὼς
2311 3603 2402 3656 τοῦ
2445 3603 2984 3672 ὑπαναγινώσκοντος
3037 3606 3240 3677 ἀρτίως
3271 3607 3604 3678 ἠκούσαμεν,
3635 3608 3700 3679 μὴ

2149 3697 2258 3748 δεῖν
2301 3696 2393 3747 ἐπὶ
2438 3695 2544 3747 τῶν
2588 3696 3000 3766 κεκοιμημένων
3035 3697 3339 3752 λυπεῖσθαι.
3379 3699 3572 3753 Μόνων
3604 3701 3700 3770 γὰρ

2151 3784 2307 3838 τοῦτο
2334 3785 2444 3840 τῶν
2475 3787 2574 3838 οὐκ
2598 3787 2828 3856 ἐχόντων
2869 3786 3057 3841 ἐλπίδα
3085 3788 3146 3840 τὸ
3177 3789 3345 3852 πάθος
3374 3785 3532 3844 εἶναι.
3576 3791 3699 3845 Ἀλλ’

2151 3881 2295 3930 εῖποι
2325 3895 2407 3941 τις
2450 3878 2516 3931 ἂν
2535 3921 2549 3944 ,
2577 3875 2750 3948 οἶμαι,
2778 3879 2887 3932 τῶν
2933 3879 3432 3953 μικροψυχοτέρων,
3479 3883 3695 3936 ἀδύνατα

2151 3969 2394 4022 κελεύειν
2434 3970 2527 4022 τὸν
2579 3969 2721 4022 θεῖον
2743 3970 3084 4035 Ἃπόστολον,
3107 3971 3200 4024 καὶ
3247 3973 3591 4044 ὑπερϐαίνειν
3614 3973 3698 4043 τὴν

2151 4060 2312 4128 φύσιν
2349 4061 2459 4123 τοῖς
2487 4060 2841 4130 ἐπιτάγμασι.
2875 4061 3000 4123 Πῶς
3029 4063 3136 4132 γάρ
3163 4063 3276 4115 ἐστι
3299 4063 3521 4118 δυνατὸν
3543 4067 3699 4136 ὑπερ-

2151 4152 2382 4223 αρθῆναι
2413 4151 2506 4204 τοῦ
2555 4151 2761 4216 πάθους
2789 4152 2880 4206 τὸν
2903 4154 2963 4205 ἐν
2989 4157 3056 4224 τῇ
3084 4153 3242 4222 φύσει
3283 4155 3478 4220 ζῶντα,
3516 4158 3606 4209 καὶ
3633 4159 3698 4227 μὴ

2149 4244 2481 4315 κρατηθῆναι
2527 4246 2594 4315 τῇ
2653 4243 2797 4316 λύπῃ
2851 4245 2944 4298 ἐπὶ
3001 4245 3224 4315 τοιούτῳ
3274 4247 3541 4317 θεάματι,
3585 4251 3699 4302 ὅταν

2153 4335 2226 4405 μὴ
2255 4334 2376 4388 καθ’
2405 4336 2552 4406 ὥραν
2579 4338 2636 4388 ὲν
2659 4336 2807 4406 γήρᾳ
2854 4338 3107 4409 συμπέσῃ
3154 4341 3183 4392 ό
3230 4337 3473 4401 θάνατος,
3514 4341 3626 4394 ἀλλ’
3651 4344 3700 4393 ὲν

481 4437 571 4477 tur
600 4424 667 4476 ab
699 4424 864 4476 animi
917 4423 1102 4478 dolore
1123 4463 1138 4486 ,
1191 4425 1261 4478 ob
1295 4427 1400 4480 tale
1425 4429 1795 4496 spectaculum
1825 4438 2046 4483 contra-

2151 4429 2211 4497 τῇ
2238 4427 2427 4498 πρώτῃ
2450 4427 2635 4498 ἡλικίᾳ
2669 4427 3010 4499 κατασϐεσθῇ
3048 4431 3144 4498 μὲν
3169 4429 3246 4501 τῷ
3272 4431 3482 4502 θανάτῳ
3500 4432 3536 4502 ἡ
3554 4431 3664 4496 ὥρα
3681 4473 3700 4496 .,

479 4525 592 4575 cto,
627 4530 746 4568 cum
784 4529 889 4567 non
927 4530 1026 4568 suo
1052 4522 1294 4585 tempore
1329 4517 1383 4570 iu
1420 4527 1700 4572 senectute
1728 4535 1874 4573 mors
1913 4536 2045 4573 con-

478 4607 682 4676 tigerit,
727 4606 821 4660 sed
871 4606 925 4659 in
956 4607 1129 4677 prima
1159 4617 1314 4663 aetate
1349 4619 1521 4663 morte
1552 4611 1897 4679 pulchritudo
1925 4612 2047 4679 qui-

476 4697 597 4750 dem
655 4697 960 4758 aboleatur,
1008 4699 1281 4767 palpebris
1329 4715 1456 4754 vero
1519 4701 1706 4754 radius
1760 4704 2043 4756 oculorum

475 4795 726 4855 tegatur,
782 4801 1047 4855 genarum
1084 4788 1207 4842 item
1256 4790 1426 4842 rubor
1468 4791 1520 4843 in
1555 4791 1815 4859 pallorem
1863 4802 2046 4848 trans-

479 4888 738 4939 mututur,
784 4894 846 4932 os
884 4894 1103 4948 quoque
1144 4880 1364 4934 silentio
1392 4881 1724 4947 detineatur,
1760 4899 1826 4938 ac
1855 4883 1954 4940 ﬁos
1990 4886 2044 4938 in

478 4970 636 5024 labiis
677 4986 940 5040 apparere
993 4971 1188 5026 solitus
1225 4973 1499 5042 nigrescat
1532 4995 1544 5029 :
1579 4977 1743 5045 idque
1787 4994 1897 5032 non
1949 4994 2047 5048 pa-

478 5061 723 5116 rentibus
759 5063 921 5116 modo
947 5063 1206 5118 acerbum
1241 5064 1510 5131 videatur,
1546 5068 1902 5121 verumetiam
1930 5071 2049 5122 cui-

476 5153 558 5206 vis
597 5152 1004 5206 incommodum
1052 5153 1320 5206 intuenti?
1359 5154 1497 5220 Quid
1529 5155 1692 5223 igitur
1725 5171 1826 5210 nos
1857 5158 2050 5210 adver-

477 5259 572 5295 sus
603 5243 742 5298 hos?
791 5241 906 5295 Non
942 5249 1190 5297 nostrum
1219 5243 1470 5306 verbum,
1523 5246 1740 5307 fratres,
1777 5247 2046 5314 dicemus,

477 5335 568 5385 sed
592 5333 798 5388 dictum
823 5349 889 5388 ex
921 5332 1216 5404 Evangelio
1240 5337 1398 5390 nobis
1426 5337 1711 5391 recitatum
1735 5340 1788 5394 in
1811 5340 2048 5394 medium

477 5424 784 5476 ualeremus.
850 5421 1098 5477 Audistis
1155 5423 1444 5477 Dominum
1493 5426 1764 5482 dicentem
1815 5447 1828 5482 :
1878 5429 2050 5484 Sinite

475 5529 659 5580 parvos
709 5531 921 5583 pueros,
971 5524 1018 5570 et
1053 5533 1114 5570 ne
1145 5516 1467 5584 prohibeatis
1518 5534 1605 5572 eos
1647 5522 1816 5575 venire
1845 5521 1914 5574 ad
1946 5538 2046 5576 me.

553 5695 568 5724 ¹
613 5695 626 5747 l
661 5693 858 5750 Thess.
905 5713 988 5762 Iv,
1026 5695 1091 5749 1‘2
1122 5679 1242 5768 sqq.

2148 4521 2393 4591 καλυφθῇ
2441 4521 2497 4573 δὲ
2545 4523 2656 4583 τοῖς
2691 4520 2986 4591 βλεφάροις
3013 4524 3046 4592 η
3075 4523 3184 4574 τῶν
3216 4525 3477 4594 ὀμμάτων
3508 4526 3659 4594 ἀκτὶς
3685 4565 3696 4585 ,

2151 4612 2430 4684 μεταπέσῃ
2449 4615 2504 4666 δὲ
2539 4615 2618 4677 εἰς
2646 4614 2929 4686 ὠχρότητα
2958 4615 3055 4684 τῆς
3077 4619 3307 4684 παρειᾶς
3333 4617 3394 4669 τὸ
3429 4617 3697 4688 ἐρύθημα.

2147 4703 2390 4774 κρατηθῇ
2419 4705 2473 4756 δὲ
2507 4708 2572 4775 τῇ
2603 4708 2779 4776 σιωπῇ
2807 4705 2868 4757 τὸ
2901 4706 3092 4776 στόμα,
3121 4707 3434 4778 μελαίνηται
3465 4708 3597 4762 δὲτὸ
3619 4711 3701 4761 ἐπὶ

2147 4794 2240 4847 τοῦ
2267 4796 2472 4864 χείλους
2517 4796 2672 4858 ἄνθος
2695 4838 2707 4861 ,
2752 4797 2986 4864 χαλεπὸν
3025 4798 3080 4850 δὲ
3132 4799 3205 4870 μὴ
3241 4800 3398 4870 μόνον
3435 4805 3548 4864 τοῖς
3589 4819 3700 4870 γενο

2149 4889 2472 4957 νησαμένοις
2503 4888 2658 4941 τοῦτο
2705 4890 2856 4959 δοκῇ,
2890 4890 3025 4943 ἀλλὰ
3055 4893 3147 4944 καὶ
3199 4894 3358 4946 παντὶ
3381 4894 3459 4964 τῷ
3495 4895 3625 4965 πρὸς
3649 4894 3699 4946 τὸ

2151 4978 2321 5042 πάθος
2367 4978 2732 5049 βλέποντι;Τί
2779 4976 2870 5032 οῦν
2917 4981 3053 5051 πρὸς
3098 4986 3316 5045 τούτους
3372 4986 3532 5055 ἡμεῖς
3560 5003 3574 5050 ;
3602 4986 3700 5053 Οὐχ

2150 5068 2412 5139 ἡμέτερον
2443 5067 2693 5137 ἐροῦμεν,
2716 5067 2954 5137 ἀδελφοὶ,
2977 5070 3150 5138 λόγον,
3181 5072 3316 5125 ἀλλὰ
3336 5073 3434 5144 τὴν
3470 5076 3698 5142 ἀναγνωο

2152 5156 2366 5209 σθεῖσαν
2395 5158 2524 5227 ἡμῖν
2567 5158 2631 5210 ἐκ
2665 5157 2758 5208 τοῦ
2810 5159 3140 5227 Εὐαγγελίου
3190 5163 3346 5232 ῥῆσιν
3397 5164 3699 5234 παραθησό-

2154 5246 2310 5316 μεθα.
2360 5246 2655 5299 Ἠκούσατε
2683 5247 2792 5317 γὰρ
2824 5247 3072 5315 λέγοντος
3095 5249 3189 5304 τοῦ
3222 5252 3421 5323 Κυρίου
3453 5269 3467 5283 ·
3502 5255 3699 5321 Ἅφετε

2145 5341 2217 5393 τὰ
2258 5339 2479 5403 παιδία,
2515 5340 2612 5393 καὶ
2649 5339 2735 5409 μὴ
2779 5343 3037 5396 κωλύετε
3077 5343 3228 5397 αὐτὰ
3267 5344 3542 5414 ἔρχεσθαι
3564 5347 3699 5413 πρὸς

2141 5431 2217 5499 μέ
2247 5449 2260 5461 ·
2297 5431 2411 5484 τῶν
2443 5431 2552 5500 γὰρ
2595 5434 2877 5486 τοιούτων
2903 5435 3073 5488 ἐστὶν
3097 5437 3136 5502 ἠ
3163 5436 3450 5499 ,ϐασιλεία
3482 5437 3599 5490 τῶν
3616 5438 3698 5489 οὐ·

2137 5523 2359 5591 ραι-ῶν.
2397 5527 2606 5580 Οὐκοῦν
2643 5529 2691 5580 εί
2732 5529 2824 5581 καὶ
2865 5528 2960 5581 σοῦ
3007 5529 3336 5600 ἁπεφοίτησε
3378 5531 3438 5584 τὸ
3482 5529 3697 5596 παιδίον,

3598 291 3693 353 εστι
3709 281 3711 284 ⁴
