  <div class='ocr_page' id='page_1' title='image "/cluster/home/n/w/nwhite01/storage/ocr_20150623/46/hvd.32044014713994/440.png"; bbox 0 0 3850 6496; ppageno 0'>
   <div class='ocr_carea' id='block_1_1' title="bbox 2050 56 3524 92">
    <p class='ocr_par' dir='ltr' id='par_1_1' title="bbox 2050 56 3524 92">
     <span class='ocr_line' id='line_1_1' title="bbox 2050 56 3524 92; baseline -0.012 0"><span class='ocrx_word' id='word_1_1' title='bbox 2050 56 3026 92; x_wconf 56' lang='lat' dir='ltr'><strong>‘W</strong></span> <span class='ocrx_word' id='word_1_2' title='bbox 3041 56 3422 72; x_wconf 63' lang='grc' dir='ltr'><strong>εει--πτ-π-τα-π-ι-ιι</strong></span> <span class='ocrx_word' id='word_1_3' title='bbox 3469 61 3476 64; x_wconf 99' lang='grc'><strong>-</strong></span> <span class='ocrx_word' id='word_1_4' title='bbox 3507 56 3524 58; x_wconf 96' lang='grc'><strong>--</strong></span> 
     </span>
    </p>
   </div>
   <div class='ocr_carea' id='block_1_2' title="bbox 129 383 232 438">
    <p class='ocr_par' dir='ltr' id='par_1_2' title="bbox 129 383 232 438">
     <span class='ocr_line' id='line_1_2' title="bbox 129 383 232 438; baseline -0.01 -1"><span class='ocrx_word' id='word_1_5' title='bbox 129 383 232 438; x_wconf 72' lang='grc'><strong>86⁸)</strong></span> 
     </span>
    </p>
   </div>
   <div class='ocr_carea' id='block_1_3' title="bbox 1169 373 2365 469">
    <p class='ocr_par' dir='ltr' id='par_1_3' title="bbox 1169 373 2365 469">
     <span class='ocr_line' id='line_1_3' title="bbox 1169 373 2365 469; baseline 0.001 -39"><span class='ocrx_word' id='word_1_6' title='bbox 1169 377 1237 431; x_wconf 85' lang='grc' dir='ltr'><strong>ΙΝ</strong></span> <span class='ocrx_word' id='word_1_7' title='bbox 1291 376 1570 432; x_wconf 79' lang='lat' dir='ltr'><strong>FUNERE</strong></span> <span class='ocrx_word' id='word_1_8' title='bbox 1611 377 2037 438; x_wconf 65' lang='lat' dir='ltr'><strong>PULCHERIE</strong></span> <span class='ocrx_word' id='word_1_9' title='bbox 2087 373 2365 469; x_wconf 63' lang='lat' dir='ltr'><strong>ORATIO.</strong></span> 
     </span>
    </p>
   </div>
   <div class='ocr_carea' id='block_1_4' title="bbox 3279 365 3476 432">
    <p class='ocr_par' dir='ltr' id='par_1_4' title="bbox 3279 365 3476 432">
     <span class='ocr_line' id='line_1_4' title="bbox 3279 365 3476 432; baseline 0.02 -4"><span class='ocrx_word' id='word_1_10' title='bbox 3279 365 3476 432; x_wconf 64' lang='lat'><strong>870&#39;</strong></span> 
     </span>
    </p>
   </div>
   <div class='ocr_carea' id='block_1_5' title="bbox 129 481 1721 565">
    <p class='ocr_par' dir='ltr' id='par_1_5' title="bbox 129 487 1695 565">
     <span class='ocr_line' id='line_1_5' title="bbox 129 487 1695 565; baseline -0.004 -15"><span class='ocrx_word' id='word_1_11' title='bbox 129 497 262 550; x_wconf 80' lang='grc' dir='ltr'>ἀλλὰ</span> <span class='ocrx_word' id='word_1_12' title='bbox 289 491 425 565; x_wconf 79' lang='grc' dir='ltr'>πρὸς</span> <span class='ocrx_word' id='word_1_13' title='bbox 457 490 549 544; x_wconf 83' lang='grc' dir='ltr'><strong>τὸν</strong></span> <span class='ocrx_word' id='word_1_14' title='bbox 575 489 849 560; x_wconf 87' lang='grc' dir='ltr'>Δεσπότην</span> <span class='ocrx_word' id='word_1_15' title='bbox 887 487 1201 561; x_wconf 79' lang='grc' dir='ltr'>ἁπέδραμεν</span> <span class='ocrx_word' id='word_1_16' title='bbox 1225 507 1239 520; x_wconf 92' lang='grc'><strong>·</strong></span> <span class='ocrx_word' id='word_1_17' title='bbox 1277 490 1360 542; x_wconf 73' lang='grc' dir='ltr'><strong>σοὶ</strong></span> <span class='ocrx_word' id='word_1_18' title='bbox 1383 491 1475 544; x_wconf 82' lang='grc' dir='ltr'><strong>τὸν</strong></span> <span class='ocrx_word' id='word_1_19' title='bbox 1501 490 1695 560; x_wconf 83' lang='grc' dir='ltr'>ὀφθαλ-</span> 
     </span>
    </p>
   </div>
   <div class='ocr_carea' id='block_1_6' title="bbox 1835 481 3390 565">
    <p class='ocr_par' dir='ltr' id='par_1_6' title="bbox 1835 481 3390 554">
     <span class='ocr_line' id='line_1_6' title="bbox 1835 481 3390 554; baseline -0.001 -13"><span class='ocrx_word' id='word_1_20' title='bbox 1835 488 2017 541; x_wconf 85' lang='lat' dir='ltr'><strong>&#39;alium</strong></span> <span class='ocrx_word' id='word_1_21' title='bbox 2047 487 2185 540; x_wconf 83' lang='lat' dir='ltr'><strong>enim</strong></span> <span class='ocrx_word' id='word_1_22' title='bbox 2217 498 2295 544; x_wconf 78' lang='lat' dir='ltr'><strong>est</strong></span> <span class='ocrx_word' id='word_1_23' title='bbox 2329 500 2544 554; x_wconf 81' lang='lat' dir='ltr'><strong><em>regnum</em></strong></span> <span class='ocrx_word' id='word_1_24' title='bbox 2571 483 2820 538; x_wconf 63' lang='lat' dir='ltr'><strong>calorum</strong></span> <span class='ocrx_word' id='word_1_25' title='bbox 2834 484 2877 538; x_wconf 78' lang='grc'>².</span> <span class='ocrx_word' id='word_1_26' title='bbox 2906 481 3142 540; x_wconf 82' lang='lat' dir='ltr'><strong>Proinde</strong></span> <span class='ocrx_word' id='word_1_27' title='bbox 3171 483 3390 540; x_wconf 80' lang='lat' dir='ltr'><strong>etiamsi</strong></span> 
     </span>
    </p>
   </div>
   <div class='ocr_carea' id='block_1_7' title="bbox 134 581 1713 659">
    <p class='ocr_par' dir='ltr' id='par_1_7' title="bbox 134 581 1713 659">
     <span class='ocr_line' id='line_1_7' title="bbox 134 581 1713 659; baseline -0.003 -19"><span class='ocrx_word' id='word_1_28' title='bbox 134 590 228 659; x_wconf 82' lang='grc' dir='ltr'>μὸν</span> <span class='ocrx_word' id='word_1_29' title='bbox 258 585 523 645; x_wconf 74' lang='grc' dir='ltr'><strong>ἔκλεισεν,</strong></span> <span class='ocrx_word' id='word_1_30' title='bbox 547 581 683 636; x_wconf 88' lang='grc' dir='ltr'>άλλά</span> <span class='ocrx_word' id='word_1_31' title='bbox 711 581 788 652; x_wconf 81' lang='grc' dir='ltr'>τῷ</span> <span class='ocrx_word' id='word_1_32' title='bbox 811 581 949 650; x_wconf 75' lang='grc' dir='ltr'>φωτὶ</span> <span class='ocrx_word' id='word_1_33' title='bbox 971 581 1049 650; x_wconf 83' lang='grc' dir='ltr'><strong>τῷ</strong></span> <span class='ocrx_word' id='word_1_34' title='bbox 1078 583 1280 650; x_wconf 81' lang='grc' dir='ltr'>αἰωνίῳ</span> <span class='ocrx_word' id='word_1_35' title='bbox 1299 582 1563 652; x_wconf 81' lang='grc' dir='ltr'><strong>διήνοιξεν</strong></span> <span class='ocrx_word' id='word_1_36' title='bbox 1579 599 1593 613; x_wconf 86' lang='grc'><strong>·</strong></span> <span class='ocrx_word' id='word_1_37' title='bbox 1612 583 1713 648; x_wconf 84' lang='grc' dir='ltr'>τῆς</span> 
     </span>
    </p>
   </div>
   <div class='ocr_carea' id='block_1_8' title="bbox 132 667 1709 745">
    <p class='ocr_par' dir='ltr' id='par_1_8' title="bbox 132 667 1709 745">
     <span class='ocr_line' id='line_1_8' title="bbox 132 667 1709 745; baseline -0.004 -17"><span class='ocrx_word' id='word_1_38' title='bbox 132 676 231 745; x_wconf 79' lang='grc' dir='ltr'>σῆς</span> <span class='ocrx_word' id='word_1_39' title='bbox 252 673 462 742; x_wconf 81' lang='grc' dir='ltr'><strong>ἀπέστη</strong></span> <span class='ocrx_word' id='word_1_40' title='bbox 484 671 786 742; x_wconf 73' lang='grc' dir='ltr'><strong>τραπέζης,</strong></span> <span class='ocrx_word' id='word_1_41' title='bbox 820 667 956 724; x_wconf 81' lang='grc' dir='ltr'>ἀλλὰ</span> <span class='ocrx_word' id='word_1_42' title='bbox 984 672 1064 740; x_wconf 84' lang='grc' dir='ltr'><strong>τῇ’</strong></span> <span class='ocrx_word' id='word_1_43' title='bbox 1083 669 1346 740; x_wconf 85' lang='grc' dir='ltr'>ἀγγελικῇ</span> <span class='ocrx_word' id='word_1_44' title='bbox 1373 669 1672 740; x_wconf 81' lang='grc' dir='ltr'>προσετέθη</span> <span class='ocrx_word' id='word_1_45' title='bbox 1695 687 1709 697; x_wconf 70' lang='grc'>⁸</span> 
     </span>
    </p>
   </div>
   <div class='ocr_carea' id='block_1_9' title="bbox 129 759 1716 831">
    <p class='ocr_par' dir='ltr' id='par_1_9' title="bbox 129 759 1716 831">
     <span class='ocr_line' id='line_1_9' title="bbox 129 759 1716 831; baseline -0.002 -16"><span class='ocrx_word' id='word_1_46' title='bbox 129 764 280 816; x_wconf 81' lang='grc' dir='ltr'>ἔνθεν</span> <span class='ocrx_word' id='word_1_47' title='bbox 331 764 392 815; x_wconf 84' lang='grc' dir='ltr'><strong>τὸ</strong></span> <span class='ocrx_word' id='word_1_48' title='bbox 447 760 613 830; x_wconf 77' lang='grc' dir='ltr'>φυτὸν</span> <span class='ocrx_word' id='word_1_49' title='bbox 665 760 981 829; x_wconf 80' lang='grc' dir='ltr'>ἀνεσπάσθη</span> <span class='ocrx_word' id='word_1_50' title='bbox 1007 798 1022 822; x_wconf 91' lang='grc'><strong>,</strong></span> <span class='ocrx_word' id='word_1_51' title='bbox 1072 759 1205 813; x_wconf 83' lang='grc' dir='ltr'>ἀλλὰ</span> <span class='ocrx_word' id='word_1_52' title='bbox 1277 761 1354 831; x_wconf 82' lang='grc' dir='ltr'>τῷ</span> <span class='ocrx_word' id='word_1_53' title='bbox 1405 761 1716 831; x_wconf 84' lang='grc' dir='ltr'>παραδείσῳ</span> 
     </span>
    </p>
   </div>
   <div class='ocr_carea' id='block_1_10' title="bbox 129 850 1718 924">
    <p class='ocr_par' dir='ltr' id='par_1_10' title="bbox 129 850 1718 924">
     <span class='ocr_line' id='line_1_10' title="bbox 129 850 1718 924; baseline -0.001 -17"><span class='ocrx_word' id='word_1_54' title='bbox 129 854 487 924; x_wconf 75' lang='grc' dir='ltr'>ἐνεφυτεύθη,</span> <span class='ocrx_word' id='word_1_55' title='bbox 514 856 576 905; x_wconf 86' lang='grc' dir='ltr'><strong>ἐκ</strong></span> <span class='ocrx_word' id='word_1_56' title='bbox 604 850 878 922; x_wconf 81' lang='grc' dir='ltr'>βασιλείας</span> <span class='ocrx_word' id='word_1_57' title='bbox 919 853 997 914; x_wconf 82' lang='grc' dir='ltr'>εἰς</span> <span class='ocrx_word' id='word_1_58' title='bbox 1027 851 1300 921; x_wconf 86' lang='grc' dir='ltr'>βασιλείαν</span> <span class='ocrx_word' id='word_1_59' title='bbox 1337 853 1570 922; x_wconf 81' lang='grc' dir='ltr'>μετέστη</span> <span class='ocrx_word' id='word_1_60' title='bbox 1598 869 1613 883; x_wconf 89' lang='grc'><strong>·</strong></span> <span class='ocrx_word' id='word_1_61' title='bbox 1638 854 1718 920; x_wconf 78' lang='grc' dir='ltr'>ἐξ-</span> 
     </span>
    </p>
   </div>
   <div class='ocr_carea' id='block_1_11' title="bbox 125 939 1719 1018">
    <p class='ocr_par' dir='ltr' id='par_1_11' title="bbox 125 939 1719 1018">
     <span class='ocr_line' id='line_1_11' title="bbox 125 939 1719 1018; baseline -0.003 -15"><span class='ocrx_word' id='word_1_62' title='bbox 125 951 355 1003; x_wconf 80' lang='grc' dir='ltr'>εδύσατο</span> <span class='ocrx_word' id='word_1_63' title='bbox 389 951 449 1001; x_wconf 83' lang='grc' dir='ltr'><strong>τὸ</strong></span> <span class='ocrx_word' id='word_1_64' title='bbox 500 950 600 1018; x_wconf 69' lang='grc' dir='ltr'>τῆς</span> <span class='ocrx_word' id='word_1_65' title='bbox 633 945 918 1017; x_wconf 82' lang='grc' dir='ltr'>πορφύρας</span> <span class='ocrx_word' id='word_1_66' title='bbox 949 946 1128 1007; x_wconf 78' lang='grc' dir='ltr'>ἄνθος,</span> <span class='ocrx_word' id='word_1_67' title='bbox 1158 946 1292 999; x_wconf 82' lang='grc' dir='ltr'>ἀλλὰ</span> <span class='ocrx_word' id='word_1_68' title='bbox 1336 948 1435 1017; x_wconf 77' lang='grc' dir='ltr'>τῆς</span> <span class='ocrx_word' id='word_1_69' title='bbox 1479 939 1591 1001; x_wconf 73' lang='grc' dir='ltr'>ἄνω</span> <span class='ocrx_word' id='word_1_70' title='bbox 1625 947 1719 1016; x_wconf 85' lang='grc' dir='ltr'><strong>βα-</strong></span> 
     </span>
    </p>
   </div>
   <div class='ocr_carea' id='block_1_12' title="bbox 129 1034 1720 1109">
    <p class='ocr_par' dir='ltr' id='par_1_12' title="bbox 129 1034 1720 1109">
     <span class='ocr_line' id='line_1_12' title="bbox 129 1034 1720 1109; baseline -0.001 -18"><span class='ocrx_word' id='word_1_71' title='bbox 129 1039 339 1101; x_wconf 88' lang='grc' dir='ltr'>σιλείας</span> <span class='ocrx_word' id='word_1_72' title='bbox 368 1039 468 1109; x_wconf 82' lang='grc' dir='ltr'><strong>τὴν</strong></span> <span class='ocrx_word' id='word_1_73' title='bbox 492 1035 780 1106; x_wconf 76' lang='grc' dir='ltr'>περιϐολὴν</span> <span class='ocrx_word' id='word_1_74' title='bbox 809 1034 1111 1088; x_wconf 89' lang='grc' dir='ltr'>ἐνεδύσατο.</span> <span class='ocrx_word' id='word_1_75' title='bbox 1137 1036 1291 1087; x_wconf 84' lang='grc' dir='ltr'><strong>Εἴπω</strong></span> <span class='ocrx_word' id='word_1_76' title='bbox 1343 1053 1423 1088; x_wconf 92' lang='grc' dir='ltr'><strong>σοι</strong></span> <span class='ocrx_word' id='word_1_77' title='bbox 1451 1036 1548 1106; x_wconf 78' lang='grc' dir='ltr'><strong>τὴν</strong></span> <span class='ocrx_word' id='word_1_78' title='bbox 1586 1035 1720 1106; x_wconf 85' lang='grc' dir='ltr'>ὑλην</span> 
     </span>
    </p>
   </div>
   <div class='ocr_carea' id='block_1_13' title="bbox 124 1125 1716 1197">
    <p class='ocr_par' dir='ltr' id='par_1_13' title="bbox 124 1125 1716 1197">
     <span class='ocr_line' id='line_1_13' title="bbox 124 1125 1716 1197; baseline -0.002 -15"><span class='ocrx_word' id='word_1_79' title='bbox 124 1130 220 1183; x_wconf 79' lang='grc' dir='ltr'>τοῦ</span> <span class='ocrx_word' id='word_1_80' title='bbox 249 1130 395 1182; x_wconf 89' lang='grc' dir='ltr'>Θείου</span> <span class='ocrx_word' id='word_1_81' title='bbox 430 1128 758 1197; x_wconf 69' lang='grc' dir='ltr'>ἐνδύματοςσ</span> <span class='ocrx_word' id='word_1_82' title='bbox 781 1127 842 1178; x_wconf 88' lang='grc' dir='ltr'><strong>οὑ</strong></span> <span class='ocrx_word' id='word_1_83' title='bbox 879 1125 1022 1177; x_wconf 83' lang='grc' dir='ltr'>λίνον</span> <span class='ocrx_word' id='word_1_84' title='bbox 1047 1125 1215 1187; x_wconf 78' lang='grc' dir='ltr'>ἐστὶν,</span> <span class='ocrx_word' id='word_1_85' title='bbox 1245 1127 1365 1179; x_wconf 87' lang='grc' dir='ltr'><strong>οὑδέ</strong></span> <span class='ocrx_word' id='word_1_86' title='bbox 1398 1126 1563 1197; x_wconf 82' lang='grc' dir='ltr'>ἐριον,</span> <span class='ocrx_word' id='word_1_87' title='bbox 1599 1127 1716 1179; x_wconf 84' lang='grc' dir='ltr'><strong>ούδέ</strong></span> 
     </span>
    </p>
   </div>
   <div class='ocr_carea' id='block_1_14' title="bbox 124 1215 1718 1286">
    <p class='ocr_par' dir='ltr' id='par_1_14' title="bbox 124 1215 1718 1286">
     <span class='ocr_line' id='line_1_14' title="bbox 124 1215 1718 1286; baseline -0.001 -17"><span class='ocrx_word' id='word_1_88' title='bbox 124 1218 196 1269; x_wconf 74' lang='grc' dir='ltr'><strong>τὰ</strong></span> <span class='ocrx_word' id='word_1_89' title='bbox 238 1219 305 1269; x_wconf 83' lang='grc' dir='ltr'><strong>ἐκ</strong></span> <span class='ocrx_word' id='word_1_90' title='bbox 337 1215 520 1286; x_wconf 87' lang='grc' dir='ltr'>σηρῶν</span> <span class='ocrx_word' id='word_1_91' title='bbox 570 1215 807 1285; x_wconf 86' lang='grc' dir='ltr'>νήματα.</span> <span class='ocrx_word' id='word_1_92' title='bbox 839 1215 1103 1266; x_wconf 72' lang='grc' dir='ltr'>’Ἄκουσον</span> <span class='ocrx_word' id='word_1_93' title='bbox 1130 1215 1223 1267; x_wconf 82' lang='grc' dir='ltr'>τοῦ</span> <span class='ocrx_word' id='word_1_94' title='bbox 1251 1215 1434 1280; x_wconf 73' lang='grc' dir='ltr'>Δαὸὶδ,</span> <span class='ocrx_word' id='word_1_95' title='bbox 1466 1216 1588 1269; x_wconf 84' lang='grc' dir='ltr'>ὅθεν</span> <span class='ocrx_word' id='word_1_96' title='bbox 1632 1215 1718 1280; x_wconf 81' lang='grc' dir='ltr'>ἐξ·</span> 
     </span>
    </p>
   </div>
   <div class='ocr_carea' id='block_1_15' title="bbox 123 1305 1720 1378">
    <p class='ocr_par' dir='ltr' id='par_1_15' title="bbox 123 1305 1720 1378">
     <span class='ocr_line' id='line_1_15' title="bbox 123 1305 1720 1378; baseline 0.001 -20"><span class='ocrx_word' id='word_1_97' title='bbox 123 1306 452 1375; x_wconf 59' lang='grc' dir='ltr'>ὑφαίνεσθαι</span> <span class='ocrx_word' id='word_1_98' title='bbox 473 1306 621 1373; x_wconf 81' lang='grc' dir='ltr'>λέγει</span> <span class='ocrx_word' id='word_1_99' title='bbox 643 1305 721 1376; x_wconf 85' lang='grc' dir='ltr'>τῷ</span> <span class='ocrx_word' id='word_1_100' title='bbox 747 1305 865 1376; x_wconf 85' lang='grc' dir='ltr'>Θεῷ</span> <span class='ocrx_word' id='word_1_101' title='bbox 885 1306 952 1358; x_wconf 78' lang='grc' dir='ltr'>τὰ</span> <span class='ocrx_word' id='word_1_102' title='bbox 976 1305 1248 1376; x_wconf 85' lang='grc' dir='ltr'>ἐνδύματα</span> <span class='ocrx_word' id='word_1_103' title='bbox 1276 1323 1291 1338; x_wconf 83' lang='lat'><strong><em>°</em></strong></span> <span class='ocrx_word' id='word_1_104' title='bbox 1331 1308 1720 1378; x_wconf 76' lang='grc' dir='ltr'>Ἐξομολόγηο</span> 
     </span>
    </p>
   </div>
   <div class='ocr_carea' id='block_1_16' title="bbox 125 1397 1721 1470">
    <p class='ocr_par' dir='ltr' id='par_1_16' title="bbox 125 1397 1721 1470">
     <span class='ocr_line' id='line_1_16' title="bbox 125 1397 1721 1470; baseline 0.002 -21"><span class='ocrx_word' id='word_1_105' title='bbox 125 1416 237 1449; x_wconf 72' lang='grc' dir='ltr'><strong>σιν</strong></span> <span class='ocrx_word' id='word_1_106' title='bbox 261 1399 360 1450; x_wconf 76' lang='grc' dir='ltr'><strong>καί</strong></span> <span class='ocrx_word' id='word_1_107' title='bbox 398 1397 913 1466; x_wconf 71' lang='grc' dir='ltr'>μεγαλοπρέπειαν</span> <span class='ocrx_word' id='word_1_108' title='bbox 959 1397 1250 1464; x_wconf 81' lang='grc' dir='ltr'>ἑνεδύσω,</span> <span class='ocrx_word' id='word_1_109' title='bbox 1291 1399 1721 1470; x_wconf 78' lang='grc' dir='ltr'>ἀναϐαλλόμενος</span> 
     </span>
    </p>
   </div>
   <div class='ocr_carea' id='block_1_17' title="bbox 128 1482 1722 1560">
    <p class='ocr_par' dir='ltr' id='par_1_17' title="bbox 128 1482 1722 1560">
     <span class='ocr_line' id='line_1_17' title="bbox 128 1482 1722 1560; baseline 0.004 -23"><span class='ocrx_word' id='word_1_110' title='bbox 128 1488 252 1556; x_wconf 71' lang='grc' dir='ltr'>φῶς</span> <span class='ocrx_word' id='word_1_111' title='bbox 281 1489 358 1552; x_wconf 87' lang='grc' dir='ltr'><strong>ῶς</strong></span> <span class='ocrx_word' id='word_1_112' title='bbox 393 1488 626 1559; x_wconf 78' lang='grc' dir='ltr'>ἱμάτιον.</span> <span class='ocrx_word' id='word_1_113' title='bbox 658 1489 818 1558; x_wconf 82' lang='grc' dir='ltr'>Ὁρᾷς</span> <span class='ocrx_word' id='word_1_114' title='bbox 843 1482 933 1542; x_wconf 77' lang='grc' dir='ltr'><strong>οἷα</strong></span> <span class='ocrx_word' id='word_1_115' title='bbox 975 1489 1090 1542; x_wconf 86' lang='grc' dir='ltr'>ἀνθ’</span> <span class='ocrx_word' id='word_1_116' title='bbox 1121 1489 1246 1542; x_wconf 79' lang='grc' dir='ltr'>οἴων</span> <span class='ocrx_word' id='word_1_117' title='bbox 1273 1489 1576 1560; x_wconf 79' lang='grc' dir='ltr'>ὴλλάξατο;</span> <span class='ocrx_word' id='word_1_118' title='bbox 1617 1491 1722 1543; x_wconf 80' lang='grc' dir='ltr'><strong>Λυ-</strong></span> 
     </span>
    </p>
   </div>
   <div class='ocr_carea' id='block_1_18' title="bbox 128 1577 1720 1651">
    <p class='ocr_par' dir='ltr' id='par_1_18' title="bbox 128 1577 1720 1651">
     <span class='ocr_line' id='line_1_18' title="bbox 128 1577 1720 1651; baseline 0.002 -21"><span class='ocrx_word' id='word_1_119' title='bbox 128 1583 227 1632; x_wconf 76' lang='grc' dir='ltr'><strong>πεῖ</strong></span> <span class='ocrx_word' id='word_1_120' title='bbox 259 1597 319 1632; x_wconf 89' lang='grc' dir='ltr'><strong>σε</strong></span> <span class='ocrx_word' id='word_1_121' title='bbox 349 1579 410 1632; x_wconf 78' lang='grc' dir='ltr'>τὸ</span> <span class='ocrx_word' id='word_1_122' title='bbox 435 1577 530 1631; x_wconf 81' lang='grc' dir='ltr'>τοῦ</span> <span class='ocrx_word' id='word_1_123' title='bbox 554 1577 804 1648; x_wconf 84' lang='grc' dir='ltr'>σώματος</span> <span class='ocrx_word' id='word_1_124' title='bbox 836 1579 1029 1643; x_wconf 84' lang='grc' dir='ltr'>κάλλος</span> <span class='ocrx_word' id='word_1_125' title='bbox 1063 1580 1261 1650; x_wconf 85' lang='grc' dir='ltr'>μηκέτι</span> <span class='ocrx_word' id='word_1_126' title='bbox 1290 1581 1636 1651; x_wconf 79' lang='grc' dir='ltr'>φαινόμενον,</span> <span class='ocrx_word' id='word_1_127' title='bbox 1661 1582 1720 1633; x_wconf 89' lang='grc' dir='ltr'><strong>οὑ</strong></span> 
     </span>
    </p>
   </div>
   <div class='ocr_carea' id='block_1_19' title="bbox 129 1669 1724 1740">
    <p class='ocr_par' dir='ltr' id='par_1_19' title="bbox 129 1669 1724 1740">
     <span class='ocr_line' id='line_1_19' title="bbox 129 1669 1724 1740; baseline 0 -18"><span class='ocrx_word' id='word_1_128' title='bbox 129 1671 243 1740; x_wconf 71' lang='grc' dir='ltr'><strong>γὰρ</strong></span> <span class='ocrx_word' id='word_1_129' title='bbox 263 1671 395 1740; x_wconf 81' lang='grc' dir='ltr'>δρᾷς</span> <span class='ocrx_word' id='word_1_130' title='bbox 426 1669 592 1738; x_wconf 78' lang='grc' dir='ltr'>αὐτῆς</span> <span class='ocrx_word' id='word_1_131' title='bbox 617 1669 679 1721; x_wconf 85' lang='grc' dir='ltr'>τὸ</span> <span class='ocrx_word' id='word_1_132' title='bbox 704 1669 955 1740; x_wconf 79' lang='grc' dir='ltr'>ἀληθινὸν</span> <span class='ocrx_word' id='word_1_133' title='bbox 986 1670 1082 1740; x_wconf 80' lang='grc' dir='ltr'>τῆς</span> <span class='ocrx_word' id='word_1_134' title='bbox 1104 1669 1282 1740; x_wconf 74' lang='grc' dir='ltr'>ψυχῆς</span> <span class='ocrx_word' id='word_1_135' title='bbox 1315 1670 1508 1733; x_wconf 84' lang='grc' dir='ltr'>κάλλος</span> <span class='ocrx_word' id='word_1_136' title='bbox 1533 1709 1548 1734; x_wconf 93' lang='grc'><strong>,</strong></span> <span class='ocrx_word' id='word_1_137' title='bbox 1583 1670 1611 1723; x_wconf 88' lang='grc' dir='ltr'>ὂ</span> <span class='ocrx_word' id='word_1_138' title='bbox 1629 1669 1724 1724; x_wconf 80' lang='grc' dir='ltr'>νῦν</span> 
     </span>
    </p>
   </div>
   <div class='ocr_carea' id='block_1_20' title="bbox 127 1760 1725 1832">
    <p class='ocr_par' dir='ltr' id='par_1_20' title="bbox 127 1760 1725 1832">
     <span class='ocr_line' id='line_1_20' title="bbox 127 1760 1725 1832; baseline 0.001 -19"><span class='ocrx_word' id='word_1_139' title='bbox 127 1765 178 1813; x_wconf 59' lang='grc' dir='ltr'><strong>ἐκ</strong></span> <span class='ocrx_word' id='word_1_140' title='bbox 225 1765 291 1832; x_wconf 79' lang='grc' dir='ltr'>τῇ</span> <span class='ocrx_word' id='word_1_141' title='bbox 320 1760 625 1832; x_wconf 82' lang='grc' dir='ltr'>πανηγύρει</span> <span class='ocrx_word' id='word_1_142' title='bbox 656 1762 764 1813; x_wconf 89' lang='grc' dir='ltr'><strong>τῶν</strong></span> <span class='ocrx_word' id='word_1_143' title='bbox 789 1761 1053 1832; x_wconf 82' lang='grc' dir='ltr'>οὐρανίων</span> <span class='ocrx_word' id='word_1_144' title='bbox 1090 1762 1400 1831; x_wconf 83' lang='grc' dir='ltr'>ἀγάλλεται.</span> <span class='ocrx_word' id='word_1_145' title='bbox 1441 1764 1527 1826; x_wconf 85' lang='grc' dir='ltr'>Ὠς</span> <span class='ocrx_word' id='word_1_146' title='bbox 1563 1763 1725 1826; x_wconf 81' lang='grc' dir='ltr'>καλὸς</span> 
     </span>
    </p>
   </div>
   <div class='ocr_carea' id='block_1_21' title="bbox 1819 571 3384 645">
    <p class='ocr_par' dir='ltr' id='par_1_21' title="bbox 1819 571 3384 645">
     <span class='ocr_line' id='line_1_21' title="bbox 1819 571 3384 645; baseline -0.003 -13"><span class='ocrx_word' id='word_1_147' title='bbox 1819 593 1849 632; x_wconf 90' lang='lat' dir='ltr'><strong>a</strong></span> <span class='ocrx_word' id='word_1_148' title='bbox 1877 585 1928 631; x_wconf 90' lang='lat' dir='ltr'><strong>te</strong></span> <span class='ocrx_word' id='word_1_149' title='bbox 1950 577 2214 632; x_wconf 93' lang='lat' dir='ltr'><strong>discessit</strong></span> <span class='ocrx_word' id='word_1_150' title='bbox 2252 576 2455 645; x_wconf 89' lang='lat' dir='ltr'><strong>puella,</strong></span> <span class='ocrx_word' id='word_1_151' title='bbox 2490 582 2731 628; x_wconf 89' lang='lat' dir='ltr'><strong>attamen</strong></span> <span class='ocrx_word' id='word_1_152' title='bbox 2763 573 2830 627; x_wconf 92' lang='lat' dir='ltr'><strong>ad</strong></span> <span class='ocrx_word' id='word_1_153' title='bbox 2865 571 3156 628; x_wconf 91' lang='lat' dir='ltr'><strong>Dominum</strong></span> <span class='ocrx_word' id='word_1_154' title='bbox 3188 590 3384 630; x_wconf 88' lang='lat' dir='ltr'><strong>recur-</strong></span> 
     </span>
    </p>
   </div>
   <div class='ocr_carea' id='block_1_22' title="bbox 1817 664 3391 734">
    <p class='ocr_par' dir='ltr' id='par_1_22' title="bbox 1817 664 3391 734">
     <span class='ocr_line' id='line_1_22' title="bbox 1817 664 3391 734; baseline -0.002 -12"><span class='ocrx_word' id='word_1_155' title='bbox 1817 670 1912 732; x_wconf 86' lang='lat' dir='ltr'><strong>rit,</strong></span> <span class='ocrx_word' id='word_1_156' title='bbox 1945 669 2043 722; x_wconf 89' lang='lat' dir='ltr'><strong>tibi</strong></span> <span class='ocrx_word' id='word_1_157' title='bbox 2075 669 2295 721; x_wconf 91' lang='lat' dir='ltr'><strong>oculum</strong></span> <span class='ocrx_word' id='word_1_158' title='bbox 2320 665 2539 727; x_wconf 89' lang='lat' dir='ltr'><strong>clausit,</strong></span> <span class='ocrx_word' id='word_1_159' title='bbox 2575 665 2670 720; x_wconf 87' lang='lat' dir='ltr'><strong>sed</strong></span> <span class='ocrx_word' id='word_1_160' title='bbox 2701 664 2893 718; x_wconf 88' lang='lat' dir='ltr'><strong>lumini</strong></span> <span class='ocrx_word' id='word_1_161' title='bbox 2917 671 3125 719; x_wconf 62' lang='lat' dir='ltr'><strong>aeterno</strong></span> <span class='ocrx_word' id='word_1_162' title='bbox 3145 666 3391 734; x_wconf 87' lang='lat' dir='ltr'><strong>aperuit;</strong></span> 
     </span>
    </p>
   </div>
   <div class='ocr_carea' id='block_1_23' title="bbox 1816 745 3438 824">
    <p class='ocr_par' dir='ltr' id='par_1_23' title="bbox 1816 745 3438 824">
     <span class='ocr_line' id='line_1_23' title="bbox 1816 745 3438 824; baseline -0.003 -12"><span class='ocrx_word' id='word_1_163' title='bbox 1816 774 1846 812; x_wconf 89' lang='lat' dir='ltr'><strong>a</strong></span> <span class='ocrx_word' id='word_1_164' title='bbox 1880 765 1972 811; x_wconf 89' lang='lat' dir='ltr'><strong>tua</strong></span> <span class='ocrx_word' id='word_1_165' title='bbox 2009 772 2198 811; x_wconf 89' lang='lat' dir='ltr'><strong>mensa</strong></span> <span class='ocrx_word' id='word_1_166' title='bbox 2233 764 2441 810; x_wconf 88' lang='lat' dir='ltr'><strong>remota</strong></span> <span class='ocrx_word' id='word_1_167' title='bbox 2488 765 2608 818; x_wconf 90' lang='lat' dir='ltr'><strong>est,</strong></span> <span class='ocrx_word' id='word_1_168' title='bbox 2657 753 2752 808; x_wconf 90' lang='lat' dir='ltr'><strong>sed</strong></span> <span class='ocrx_word' id='word_1_169' title='bbox 2803 754 3060 824; x_wconf 72' lang='lat' dir='ltr'><strong>angelicae</strong></span> <span class='ocrx_word' id='word_1_170' title='bbox 3105 753 3390 820; x_wconf 85' lang='lat' dir='ltr'><strong>adhibita;</strong></span> <span class='ocrx_word' id='word_1_171' title='bbox 3432 745 3438 754; x_wconf 85' lang='grc'><em>’</em></span> 
     </span>
    </p>
   </div>
   <div class='ocr_carea' id='block_1_24' title="bbox 1818 844 3394 916">
    <p class='ocr_par' dir='ltr' id='par_1_24' title="bbox 1818 844 3394 916">
     <span class='ocr_line' id='line_1_24' title="bbox 1818 844 3394 916; baseline -0.003 -14"><span class='ocrx_word' id='word_1_172' title='bbox 1818 849 1946 902; x_wconf 86' lang='lat' dir='ltr'><strong>hinc</strong></span> <span class='ocrx_word' id='word_1_173' title='bbox 1971 847 2155 916; x_wconf 83' lang='lat' dir='ltr'><strong>planta</strong></span> <span class='ocrx_word' id='word_1_174' title='bbox 2183 845 2398 900; x_wconf 88' lang='lat' dir='ltr'><strong>revulsa</strong></span> <span class='ocrx_word' id='word_1_175' title='bbox 2430 851 2537 904; x_wconf 90' lang='lat' dir='ltr'><strong>est.</strong></span> <span class='ocrx_word' id='word_1_176' title='bbox 2568 851 2623 896; x_wconf 90' lang='lat' dir='ltr'><strong>at</strong></span> <span class='ocrx_word' id='word_1_177' title='bbox 2648 844 2702 898; x_wconf 90' lang='lat' dir='ltr'><strong>in</strong></span> <span class='ocrx_word' id='word_1_178' title='bbox 2735 845 2993 912; x_wconf 76' lang='lat' dir='ltr'><strong>paradiso</strong></span> <span class='ocrx_word' id='word_1_179' title='bbox 3023 850 3141 898; x_wconf 89' lang='lat' dir='ltr'><strong>sata</strong></span> <span class='ocrx_word' id='word_1_180' title='bbox 3157 854 3289 908; x_wconf 90' lang='lat' dir='ltr'><strong>.est;</strong></span> <span class='ocrx_word' id='word_1_181' title='bbox 3324 844 3394 898; x_wconf 90' lang='lat' dir='ltr'><strong>de</strong></span> 
     </span>
    </p>
   </div>
   <div class='ocr_carea' id='block_1_25' title="bbox 1820 933 3392 1006">
    <p class='ocr_par' dir='ltr' id='par_1_25' title="bbox 1820 933 3392 1006">
     <span class='ocr_line' id='line_1_25' title="bbox 1820 933 3392 1006; baseline -0.001 -16"><span class='ocrx_word' id='word_1_182' title='bbox 1820 952 1988 1006; x_wconf 84' lang='lat' dir='ltr'><strong>regno</strong></span> <span class='ocrx_word' id='word_1_183' title='bbox 2032 935 2100 990; x_wconf 89' lang='lat' dir='ltr'><strong>ad</strong></span> <span class='ocrx_word' id='word_1_184' title='bbox 2144 950 2369 1004; x_wconf 81' lang='lat' dir='ltr'><strong>regnum</strong></span> <span class='ocrx_word' id='word_1_185' title='bbox 2421 934 2669 987; x_wconf 87' lang='lat' dir='ltr'><strong>traducta</strong></span> <span class='ocrx_word' id='word_1_186' title='bbox 2733 941 2840 998; x_wconf 90' lang='lat' dir='ltr'><strong>est,</strong></span> <span class='ocrx_word' id='word_1_187' title='bbox 2901 949 3153 1004; x_wconf 67' lang='lat' dir='ltr'><strong>purpurae</strong></span> <span class='ocrx_word' id='word_1_188' title='bbox 3202 933 3392 989; x_wconf 84' lang='lat' dir='ltr'><strong>florem</strong></span> 
     </span>
    </p>
   </div>
   <div class='ocr_carea' id='block_1_26' title="bbox 1817 1012 3394 1097">
    <p class='ocr_par' dir='ltr' id='par_1_26' title="bbox 1817 1012 3394 1097">
     <span class='ocr_line' id='line_1_26' title="bbox 1817 1012 3394 1097; baseline -0.003 -12"><span class='ocrx_word' id='word_1_189' title='bbox 1817 1029 1992 1092; x_wconf 80' lang='lat' dir='ltr'><strong>exuit,</strong></span> <span class='ocrx_word' id='word_1_190' title='bbox 2029 1037 2085 1081; x_wconf 89' lang='lat' dir='ltr'><strong>at</strong></span> <span class='ocrx_word' id='word_1_191' title='bbox 2117 1026 2302 1097; x_wconf 86' lang='lat' dir='ltr'><strong>superi</strong></span> <span class='ocrx_word' id='word_1_192' title='bbox 2340 1021 2497 1094; x_wconf 78' lang='lat' dir='ltr'><strong>regni</strong></span> <span class='ocrx_word' id='word_1_193' title='bbox 2532 1026 2793 1079; x_wconf 85' lang='lat' dir='ltr'><strong>amictum</strong></span> <span class='ocrx_word' id='word_1_194' title='bbox 2827 1012 3022 1079; x_wconf 77' lang='lat' dir='ltr'><strong>induit.</strong></span> <span class='ocrx_word' id='word_1_195' title='bbox 3075 1025 3261 1081; x_wconf 82' lang='lat' dir='ltr'><strong>Dicam</strong></span> <span class='ocrx_word' id='word_1_196' title='bbox 3293 1027 3394 1083; x_wconf 89' lang='lat' dir='ltr'><strong>tibi</strong></span> 
     </span>
    </p>
   </div>
   <div class='ocr_carea' id='block_1_27' title="bbox 1819 1118 3394 1175">
    <p class='ocr_par' dir='ltr' id='par_1_27' title="bbox 1819 1118 3394 1175">
     <span class='ocr_line' id='line_1_27' title="bbox 1819 1118 3394 1175; baseline 0.001 -2"><span class='ocrx_word' id='word_1_197' title='bbox 1819 1121 2104 1175; x_wconf 87' lang='lat' dir='ltr'><strong>materiam</strong></span> <span class='ocrx_word' id='word_1_198' title='bbox 2145 1119 2289 1175; x_wconf 89' lang='lat' dir='ltr'><strong>unde</strong></span> <span class='ocrx_word' id='word_1_199' title='bbox 2340 1118 2649 1172; x_wconf 82' lang='lat' dir='ltr'><strong>confectum</strong></span> <span class='ocrx_word' id='word_1_200' title='bbox 2697 1126 2782 1172; x_wconf 85' lang='lat' dir='ltr'><strong>est</strong></span> <span class='ocrx_word' id='word_1_201' title='bbox 2814 1118 3057 1172; x_wconf 88' lang='lat' dir='ltr'><strong>divinum</strong></span> <span class='ocrx_word' id='word_1_202' title='bbox 3105 1119 3394 1174; x_wconf 89' lang='lat' dir='ltr'><strong>indumen-</strong></span> 
     </span>
    </p>
   </div>
   <div class='ocr_carea' id='block_1_28' title="bbox 1819 1209 3391 1280">
    <p class='ocr_par' dir='ltr' id='par_1_28' title="bbox 1819 1209 3391 1280">
     <span class='ocr_line' id='line_1_28' title="bbox 1819 1209 3391 1280; baseline 0 -15"><span class='ocrx_word' id='word_1_203' title='bbox 1819 1221 1934 1265; x_wconf 87' lang='lat' dir='ltr'><strong>tum</strong></span> <span class='ocrx_word' id='word_1_204' title='bbox 1970 1229 1982 1264; x_wconf 91' lang='lat'><strong>:</strong></span> <span class='ocrx_word' id='word_1_205' title='bbox 2029 1228 2135 1265; x_wconf 91' lang='lat' dir='ltr'><strong>non</strong></span> <span class='ocrx_word' id='word_1_206' title='bbox 2161 1211 2330 1264; x_wconf 92' lang='lat' dir='ltr'><strong>linum</strong></span> <span class='ocrx_word' id='word_1_207' title='bbox 2361 1217 2465 1272; x_wconf 88' lang='lat' dir='ltr'><strong>est,</strong></span> <span class='ocrx_word' id='word_1_208' title='bbox 2494 1223 2671 1278; x_wconf 87' lang='lat' dir='ltr'><strong>neque</strong></span> <span class='ocrx_word' id='word_1_209' title='bbox 2696 1209 2842 1273; x_wconf 89' lang='lat' dir='ltr'><strong>lana,</strong></span> <span class='ocrx_word' id='word_1_210' title='bbox 2872 1225 3045 1280; x_wconf 87' lang='lat' dir='ltr'><strong>neque</strong></span> <span class='ocrx_word' id='word_1_211' title='bbox 3079 1210 3165 1264; x_wconf 81' lang='lat' dir='ltr'><strong>fila</strong></span> <span class='ocrx_word' id='word_1_212' title='bbox 3194 1212 3391 1266; x_wconf 88' lang='lat' dir='ltr'><strong>serica.</strong></span> 
     </span>
    </p>
   </div>
   <div class='ocr_carea' id='block_1_29' title="bbox 1818 1298 3390 1368">
    <p class='ocr_par' dir='ltr' id='par_1_29' title="bbox 1818 1298 3390 1368">
     <span class='ocr_line' id='line_1_29' title="bbox 1818 1298 3390 1368; baseline 0.001 -13"><span class='ocrx_word' id='word_1_213' title='bbox 1818 1301 1960 1356; x_wconf 86' lang='lat' dir='ltr'><strong>Audi</strong></span> <span class='ocrx_word' id='word_1_214' title='bbox 1997 1301 2274 1368; x_wconf 87' lang='lat' dir='ltr'><strong>Davidem,</strong></span> <span class='ocrx_word' id='word_1_215' title='bbox 2298 1299 2442 1353; x_wconf 89' lang='lat' dir='ltr'><strong>unde</strong></span> <span class='ocrx_word' id='word_1_216' title='bbox 2474 1298 2583 1353; x_wconf 84' lang='lat' dir='ltr'><strong>Deo</strong></span> <span class='ocrx_word' id='word_1_217' title='bbox 2611 1302 2828 1355; x_wconf 80' lang='lat' dir='ltr'><strong>contexi</strong></span> <span class='ocrx_word' id='word_1_218' title='bbox 2861 1301 3180 1356; x_wconf 88' lang='lat' dir='ltr'><strong>indumenta</strong></span> <span class='ocrx_word' id='word_1_219' title='bbox 3211 1303 3390 1357; x_wconf 87' lang='lat' dir='ltr'><strong>dicat:</strong></span> 
     </span>
    </p>
   </div>
   <div class='ocr_carea' id='block_1_30' title="bbox 1821 1391 3394 1463">
    <p class='ocr_par' dir='ltr' id='par_1_30' title="bbox 1821 1391 3394 1463">
     <span class='ocr_line' id='line_1_30' title="bbox 1821 1391 3394 1463; baseline -0.001 -15"><span class='ocrx_word' id='word_1_220' title='bbox 1821 1393 2214 1463; x_wconf 71' lang='lat' dir='ltr'><strong>Confessionem</strong></span> <span class='ocrx_word' id='word_1_221' title='bbox 2244 1401 2294 1446; x_wconf 84' lang='lat' dir='ltr'><strong>et</strong></span> <span class='ocrx_word' id='word_1_222' title='bbox 2337 1391 2785 1460; x_wconf 79' lang='lat' dir='ltr'><strong>magniﬁcentiam</strong></span> <span class='ocrx_word' id='word_1_223' title='bbox 2818 1391 3040 1446; x_wconf 73' lang='lat' dir='ltr'><strong>induisti</strong></span> <span class='ocrx_word' id='word_1_224' title='bbox 3059 1392 3101 1456; x_wconf 87' lang='grc'>³,</span> <span class='ocrx_word' id='word_1_225' title='bbox 3137 1393 3394 1461; x_wconf 89' lang='lat' dir='ltr'><strong>superin-</strong></span> 
     </span>
    </p>
   </div>
   <div class='ocr_carea' id='block_1_31' title="bbox 1783 1481 3395 1554">
    <p class='ocr_par' dir='ltr' id='par_1_31' title="bbox 1783 1481 3395 1554">
     <span class='ocr_line' id='line_1_31' title="bbox 1783 1481 3395 1554; baseline 0.001 -17"><span class='ocrx_word' id='word_1_226' title='bbox 1783 1485 2016 1554; x_wconf 79' lang='lat' dir='ltr'><strong>jicicns</strong></span> <span class='ocrx_word' id='word_1_227' title='bbox 2063 1485 2246 1540; x_wconf 85' lang='lat' dir='ltr'><strong>lumen</strong></span> <span class='ocrx_word' id='word_1_228' title='bbox 2297 1482 2454 1552; x_wconf 89' lang='lat' dir='ltr'><strong>quasi</strong></span> <span class='ocrx_word' id='word_1_229' title='bbox 2503 1481 2749 1551; x_wconf 86' lang='lat' dir='ltr'><strong>pallium.</strong></span> <span class='ocrx_word' id='word_1_230' title='bbox 2812 1482 2975 1538; x_wconf 82' lang='lat' dir='ltr'><strong>Vides</strong></span> <span class='ocrx_word' id='word_1_231' title='bbox 3024 1498 3145 1553; x_wconf 58' lang='lat' dir='ltr'><strong>quas</strong></span> <span class='ocrx_word' id='word_1_232' title='bbox 3191 1484 3395 1552; x_wconf 85' lang='lat' dir='ltr'><strong>quibus</strong></span> 
     </span>
    </p>
   </div>
   <div class='ocr_carea' id='block_1_32' title="bbox 1821 1576 3390 1648">
    <p class='ocr_par' dir='ltr' id='par_1_32' title="bbox 1821 1576 3390 1648">
     <span class='ocr_line' id='line_1_32' title="bbox 1821 1576 3390 1648; baseline -0.001 -16"><span class='ocrx_word' id='word_1_233' title='bbox 1821 1578 2274 1633; x_wconf 88' lang='lat' dir='ltr'><strong>commutaverit?</strong></span> <span class='ocrx_word' id='word_1_234' title='bbox 2315 1578 2479 1648; x_wconf 82' lang='lat' dir='ltr'><strong>Angit</strong></span> <span class='ocrx_word' id='word_1_235' title='bbox 2522 1585 2576 1632; x_wconf 90' lang='lat' dir='ltr'><strong>te</strong></span> <span class='ocrx_word' id='word_1_236' title='bbox 2622 1584 2785 1644; x_wconf 90' lang='lat' dir='ltr'><strong>atque</strong></span> <span class='ocrx_word' id='word_1_237' title='bbox 2825 1577 3114 1632; x_wconf 90' lang='lat' dir='ltr'><strong>molestum</strong></span> <span class='ocrx_word' id='word_1_238' title='bbox 3157 1585 3241 1632; x_wconf 90' lang='lat' dir='ltr'><strong>est</strong></span> <span class='ocrx_word' id='word_1_239' title='bbox 3273 1576 3390 1640; x_wconf 89' lang='lat' dir='ltr'><strong>tibi,</strong></span> 
     </span>
    </p>
   </div>
   <div class='ocr_carea' id='block_1_33' title="bbox 1823 1669 3394 1740">
    <p class='ocr_par' dir='ltr' id='par_1_33' title="bbox 1823 1669 3394 1740">
     <span class='ocr_line' id='line_1_33' title="bbox 1823 1669 3394 1740; baseline -0.001 -18"><span class='ocrx_word' id='word_1_240' title='bbox 1823 1670 1966 1739; x_wconf 89' lang='lat' dir='ltr'><strong>quod</strong></span> <span class='ocrx_word' id='word_1_241' title='bbox 2015 1670 2265 1740; x_wconf 90' lang='lat' dir='ltr'><strong>corporis</strong></span> <span class='ocrx_word' id='word_1_242' title='bbox 2304 1669 2470 1724; x_wconf 88' lang='lat' dir='ltr'><strong>decor</strong></span> <span class='ocrx_word' id='word_1_243' title='bbox 2522 1683 2632 1724; x_wconf 92' lang='lat' dir='ltr'><strong>non</strong></span> <span class='ocrx_word' id='word_1_244' title='bbox 2683 1669 2918 1738; x_wconf 86' lang='lat' dir='ltr'><strong>amplius</strong></span> <span class='ocrx_word' id='word_1_245' title='bbox 2966 1677 3236 1738; x_wconf 79' lang='lat' dir='ltr'><strong>apparet:</strong></span> <span class='ocrx_word' id='word_1_246' title='bbox 3283 1682 3394 1722; x_wconf 90' lang='lat' dir='ltr'><strong>non</strong></span> 
     </span>
    </p>
   </div>
   <div class='ocr_carea' id='block_1_34' title="bbox 1825 1757 3396 1828">
    <p class='ocr_par' dir='ltr' id='par_1_34' title="bbox 1825 1757 3396 1828">
     <span class='ocr_line' id='line_1_34' title="bbox 1825 1757 3396 1828; baseline -0.005 -13"><span class='ocrx_word' id='word_1_247' title='bbox 1825 1760 1970 1815; x_wconf 87' lang='lat' dir='ltr'><strong>enim</strong></span> <span class='ocrx_word' id='word_1_248' title='bbox 2005 1759 2155 1814; x_wconf 82' lang='lat' dir='ltr'><strong>vides</strong></span> <span class='ocrx_word' id='word_1_249' title='bbox 2184 1759 2305 1828; x_wconf 86' lang='lat' dir='ltr'><strong>ejus</strong></span> <span class='ocrx_word' id='word_1_250' title='bbox 2340 1773 2520 1814; x_wconf 90' lang='lat' dir='ltr'><strong>veram</strong></span> <span class='ocrx_word' id='word_1_251' title='bbox 2555 1757 2721 1811; x_wconf 91' lang='lat' dir='ltr'><strong>animi</strong></span> <span class='ocrx_word' id='word_1_252' title='bbox 2757 1757 3239 1826; x_wconf 88' lang='lat' dir='ltr'><strong>pulchritudinem.</strong></span> <span class='ocrx_word' id='word_1_253' title='bbox 3272 1771 3396 1824; x_wconf 59' lang='lat' dir='ltr'><strong>quae</strong></span> 
     </span>
    </p>
   </div>
   <div class='ocr_carea' id='block_1_35' title="bbox 127 1842 1721 1924">
    <p class='ocr_par' dir='ltr' id='par_1_35' title="bbox 127 1852 1721 1924">
     <span class='ocr_line' id='line_1_35' title="bbox 127 1852 1721 1924; baseline 0.001 -20"><span class='ocrx_word' id='word_1_254' title='bbox 127 1856 344 1915; x_wconf 83' lang='grc' dir='ltr'>ἐκεῖνος</span> <span class='ocrx_word' id='word_1_255' title='bbox 381 1854 408 1904; x_wconf 87' lang='grc' dir='ltr'><strong>ό</strong></span> <span class='ocrx_word' id='word_1_256' title='bbox 445 1852 722 1922; x_wconf 74' lang='grc' dir='ltr'>ὀφθαλμὸς</span> <span class='ocrx_word' id='word_1_257' title='bbox 763 1854 791 1905; x_wconf 86' lang='grc' dir='ltr'>ὁ</span> <span class='ocrx_word' id='word_1_258' title='bbox 822 1853 915 1905; x_wconf 80' lang='grc' dir='ltr'><strong>τὸν</strong></span> <span class='ocrx_word' id='word_1_259' title='bbox 961 1853 1093 1907; x_wconf 80' lang='grc' dir='ltr'>Θεὸν</span> <span class='ocrx_word' id='word_1_260' title='bbox 1143 1853 1352 1923; x_wconf 86' lang='grc' dir='ltr'>βλέπων</span> <span class='ocrx_word' id='word_1_261' title='bbox 1387 1856 1399 1907; x_wconf 91' lang='lat'><strong>!</strong></span> <span class='ocrx_word' id='word_1_262' title='bbox 1437 1855 1512 1917; x_wconf 86' lang='grc' dir='ltr'>ὡς</span> <span class='ocrx_word' id='word_1_263' title='bbox 1539 1855 1637 1924; x_wconf 85' lang='grc' dir='ltr'>ἡδὺ</span> <span class='ocrx_word' id='word_1_264' title='bbox 1667 1857 1721 1906; x_wconf 70' lang='grc' dir='ltr'><strong>τὸ</strong></span> 
     </span>
    </p>
   </div>
   <div class='ocr_carea' id='block_1_36' title="bbox 1835 1842 3394 1924">
    <p class='ocr_par' dir='ltr' id='par_1_36' title="bbox 1835 1849 3394 1918">
     <span class='ocr_line' id='line_1_36' title="bbox 1835 1849 3394 1918; baseline -0.004 -13"><span class='ocrx_word' id='word_1_265' title='bbox 1835 1866 1974 1905; x_wconf 90' lang='lat' dir='ltr'><strong>nunc</strong></span> <span class='ocrx_word' id='word_1_266' title='bbox 2006 1852 2059 1905; x_wconf 93' lang='lat' dir='ltr'><strong>in</strong></span> <span class='ocrx_word' id='word_1_267' title='bbox 2090 1859 2364 1905; x_wconf 87' lang='lat' dir='ltr'><strong>conventu</strong></span> <span class='ocrx_word' id='word_1_268' title='bbox 2399 1851 2640 1905; x_wconf 66' lang='lat' dir='ltr'><strong>coalitum</strong></span> <span class='ocrx_word' id='word_1_269' title='bbox 2683 1849 2918 1904; x_wconf 82' lang='lat' dir='ltr'><strong>exsultat</strong></span> <span class='ocrx_word' id='word_1_270' title='bbox 2946 1857 3110 1918; x_wconf 89' lang='lat' dir='ltr'><strong>atque</strong></span> <span class='ocrx_word' id='word_1_271' title='bbox 3136 1849 3348 1902; x_wconf 60' lang='lat' dir='ltr'><strong>laetatur</strong></span> <span class='ocrx_word' id='word_1_272' title='bbox 3378 1865 3394 1900; x_wconf 91' lang='lat'><strong>:</strong></span> 
     </span>
    </p>
   </div>
   <div class='ocr_carea' id='block_1_37' title="bbox 128 1945 1718 2017">
    <p class='ocr_par' dir='ltr' id='par_1_37' title="bbox 128 1945 1718 2017">
     <span class='ocr_line' id='line_1_37' title="bbox 128 1945 1718 2017; baseline 0.002 -19"><span class='ocrx_word' id='word_1_273' title='bbox 128 1947 316 2016; x_wconf 82' lang='grc' dir='ltr'>στόμα</span> <span class='ocrx_word' id='word_1_274' title='bbox 352 1948 472 2009; x_wconf 87' lang='grc' dir='ltr'>ταῖς</span> <span class='ocrx_word' id='word_1_275' title='bbox 505 1945 680 2008; x_wconf 82' lang='grc' dir='ltr'>θείαις</span> <span class='ocrx_word' id='word_1_276' title='bbox 726 1946 1019 2016; x_wconf 84' lang='grc' dir='ltr'>ὑμνῳδίαις</span> <span class='ocrx_word' id='word_1_277' title='bbox 1075 1947 1579 2017; x_wconf 76' lang='grc' dir='ltr'>καλλωπιζόμενονί</span> <span class='ocrx_word' id='word_1_278' title='bbox 1623 1948 1718 2001; x_wconf 82' lang='grc' dir='ltr'>Ἐκ</span> 
     </span>
    </p>
   </div>
   <div class='ocr_carea' id='block_1_38' title="bbox 125 2036 1719 2107">
    <p class='ocr_par' dir='ltr' id='par_1_38' title="bbox 125 2036 1719 2107">
     <span class='ocr_line' id='line_1_38' title="bbox 125 2036 1719 2107; baseline 0.002 -18"><span class='ocrx_word' id='word_1_279' title='bbox 125 2037 435 2105; x_wconf 83' lang='grc' dir='ltr'>στόματος</span> <span class='ocrx_word' id='word_1_280' title='bbox 459 2036 589 2107; x_wconf 88' lang='grc' dir='ltr'>γὰρ,</span> <span class='ocrx_word' id='word_1_281' title='bbox 616 2037 767 2106; x_wconf 76' lang='grc' dir='ltr'>φησὶ,</span> <span class='ocrx_word' id='word_1_282' title='bbox 796 2038 1029 2102; x_wconf 77' lang='grc' dir='ltr'>νηπίων</span> <span class='ocrx_word' id='word_1_283' title='bbox 1057 2039 1152 2091; x_wconf 81' lang='grc' dir='ltr'><strong>καί</strong></span> <span class='ocrx_word' id='word_1_284' title='bbox 1185 2037 1559 2105; x_wconf 76' lang='grc' dir='ltr'>θηλαζόντων</span> <span class='ocrx_word' id='word_1_285' title='bbox 1579 2055 1719 2092; x_wconf 84' lang='grc' dir='ltr'>κατ-</span> 
     </span>
    </p>
   </div>
   <div class='ocr_carea' id='block_1_39' title="bbox 126 2121 1722 2198">
    <p class='ocr_par' dir='ltr' id='par_1_39' title="bbox 126 2121 1722 2198">
     <span class='ocr_line' id='line_1_39' title="bbox 126 2121 1722 2198; baseline 0.002 -21"><span class='ocrx_word' id='word_1_286' title='bbox 126 2126 364 2192; x_wconf 80' lang='grc' dir='ltr'>ηρτίσω</span> <span class='ocrx_word' id='word_1_287' title='bbox 408 2121 601 2178; x_wconf 77' lang='grc' dir='ltr'>αἶνον.</span> <span class='ocrx_word' id='word_1_288' title='bbox 641 2125 730 2188; x_wconf 83' lang='grc' dir='ltr'>Ὠς</span> <span class='ocrx_word' id='word_1_289' title='bbox 768 2125 931 2178; x_wconf 77' lang='grc' dir='ltr'>καλαὶ</span> <span class='ocrx_word' id='word_1_290' title='bbox 959 2128 1014 2178; x_wconf 82' lang='lat' dir='ltr'><strong>al</strong></span> <span class='ocrx_word' id='word_1_291' title='bbox 1055 2129 1234 2197; x_wconf 87' lang='grc' dir='ltr'>χεῖρες</span> <span class='ocrx_word' id='word_1_292' title='bbox 1268 2130 1322 2180; x_wconf 89' lang='grc' dir='ltr'>αἱ</span> <span class='ocrx_word' id='word_1_293' title='bbox 1368 2128 1634 2198; x_wconf 85' lang='grc' dir='ltr'>μηδέποτε</span> <span class='ocrx_word' id='word_1_294' title='bbox 1661 2128 1722 2180; x_wconf 85' lang='grc' dir='ltr'>τὸ</span> 
     </span>
    </p>
   </div>
   <div class='ocr_carea' id='block_1_40' title="bbox 127 2215 1722 2289">
    <p class='ocr_par' dir='ltr' id='par_1_40' title="bbox 127 2215 1722 2289">
     <span class='ocr_line' id='line_1_40' title="bbox 127 2215 1722 2289; baseline 0.003 -21"><span class='ocrx_word' id='word_1_295' title='bbox 127 2215 310 2268; x_wconf 79' lang='grc' dir='ltr'>κακὸν</span> <span class='ocrx_word' id='word_1_296' title='bbox 344 2217 706 2287; x_wconf 81' lang='grc' dir='ltr'>ἐνεργήσασαι</span> <span class='ocrx_word' id='word_1_297' title='bbox 742 2217 754 2269; x_wconf 89' lang='lat'><strong>!</strong></span> <span class='ocrx_word' id='word_1_298' title='bbox 798 2216 872 2280; x_wconf 82' lang='grc' dir='ltr'>ὡς</span> <span class='ocrx_word' id='word_1_299' title='bbox 899 2217 1087 2287; x_wconf 84' lang='grc' dir='ltr'>ὡραῖοι</span> <span class='ocrx_word' id='word_1_300' title='bbox 1115 2218 1165 2269; x_wconf 83' lang='grc' dir='ltr'>οἱ</span> <span class='ocrx_word' id='word_1_301' title='bbox 1204 2217 1393 2284; x_wconf 80' lang='grc' dir='ltr'>πόδες,</span> <span class='ocrx_word' id='word_1_302' title='bbox 1421 2220 1470 2270; x_wconf 77' lang='grc' dir='ltr'>οἱ</span> <span class='ocrx_word' id='word_1_303' title='bbox 1503 2219 1576 2289; x_wconf 81' lang='grc' dir='ltr'>μὴ</span> <span class='ocrx_word' id='word_1_304' title='bbox 1601 2222 1722 2272; x_wconf 87' lang='grc' dir='ltr'>ἐπι-</span> 
     </span>
    </p>
   </div>
   <div class='ocr_carea' id='block_1_41' title="bbox 127 2307 1724 2380">
    <p class='ocr_par' dir='ltr' id='par_1_41' title="bbox 127 2307 1724 2380">
     <span class='ocr_line' id='line_1_41' title="bbox 127 2307 1724 2380; baseline 0.002 -22"><span class='ocrx_word' id='word_1_305' title='bbox 127 2309 334 2370; x_wconf 72' lang='grc' dir='ltr'>ϐάντες</span> <span class='ocrx_word' id='word_1_306' title='bbox 375 2308 572 2370; x_wconf 83' lang='grc' dir='ltr'>κακίας</span> <span class='ocrx_word' id='word_1_307' title='bbox 596 2347 610 2368; x_wconf 92' lang='grc'><strong>,</strong></span> <span class='ocrx_word' id='word_1_308' title='bbox 657 2307 791 2377; x_wconf 76' lang='grc' dir='ltr'>μηδὲ</span> <span class='ocrx_word' id='word_1_309' title='bbox 836 2311 900 2378; x_wconf 82' lang='grc' dir='ltr'>τῇ</span> <span class='ocrx_word' id='word_1_310' title='bbox 956 2308 1059 2378; x_wconf 79' lang='grc' dir='ltr'>ὁδῷ</span> <span class='ocrx_word' id='word_1_311' title='bbox 1116 2309 1224 2362; x_wconf 90' lang='grc' dir='ltr'><strong>τῶν</strong></span> <span class='ocrx_word' id='word_1_312' title='bbox 1280 2309 1618 2380; x_wconf 85' lang='grc' dir='ltr'>ἁμαρτωλῶν</span> <span class='ocrx_word' id='word_1_313' title='bbox 1663 2309 1724 2361; x_wconf 76' lang='grc' dir='ltr'><strong>τὸ</strong></span> 
     </span>
    </p>
   </div>
   <div class='ocr_carea' id='block_1_42' title="bbox 129 2397 1725 2471">
    <p class='ocr_par' dir='ltr' id='par_1_42' title="bbox 129 2397 1725 2471">
     <span class='ocr_line' id='line_1_42' title="bbox 129 2397 1725 2471; baseline 0.001 -19"><span class='ocrx_word' id='word_1_314' title='bbox 129 2401 291 2470; x_wconf 77' lang='grc' dir='ltr'>ἴχνος</span> <span class='ocrx_word' id='word_1_315' title='bbox 335 2397 543 2452; x_wconf 77' lang='grc' dir='ltr'>ἑαυτῶν</span> <span class='ocrx_word' id='word_1_316' title='bbox 604 2400 993 2467; x_wconf 79' lang='grc' dir='ltr'>ἐπιστήσαντες</span> <span class='ocrx_word' id='word_1_317' title='bbox 1037 2401 1050 2453; x_wconf 91' lang='lat'><strong>!</strong></span> <span class='ocrx_word' id='word_1_318' title='bbox 1100 2400 1174 2463; x_wconf 84' lang='grc' dir='ltr'><strong>ὡς</strong></span> <span class='ocrx_word' id='word_1_319' title='bbox 1238 2400 1375 2471; x_wconf 83' lang='grc' dir='ltr'>καλὴ</span> <span class='ocrx_word' id='word_1_320' title='bbox 1425 2403 1574 2454; x_wconf 81' lang='grc' dir='ltr'>πᾶσα</span> <span class='ocrx_word' id='word_1_321' title='bbox 1625 2402 1725 2470; x_wconf 85' lang='grc' dir='ltr'>τῆς</span> 
     </span>
    </p>
   </div>
   <div class='ocr_carea' id='block_1_43' title="bbox 124 2490 1723 2563">
    <p class='ocr_par' dir='ltr' id='par_1_43' title="bbox 124 2490 1723 2563">
     <span class='ocr_line' id='line_1_43' title="bbox 124 2490 1723 2563; baseline 0.002 -21"><span class='ocrx_word' id='word_1_322' title='bbox 124 2493 318 2561; x_wconf 64' lang='grc' dir='ltr'>ψυχῆς</span> <span class='ocrx_word' id='word_1_323' title='bbox 344 2491 557 2561; x_wconf 80' lang='grc' dir='ltr'>ἐκείνης</span> <span class='ocrx_word' id='word_1_324' title='bbox 577 2493 610 2561; x_wconf 84' lang='grc' dir='ltr'>ἡ</span> <span class='ocrx_word' id='word_1_325' title='bbox 637 2490 778 2560; x_wconf 63' lang='grc' dir='ltr'>ὄψις,</span> <span class='ocrx_word' id='word_1_326' title='bbox 805 2492 864 2543; x_wconf 83' lang='grc' dir='ltr'><strong>οὑ</strong></span> <span class='ocrx_word' id='word_1_327' title='bbox 896 2491 1057 2544; x_wconf 88' lang='grc' dir='ltr'>λίθων</span> <span class='ocrx_word' id='word_1_328' title='bbox 1086 2493 1278 2560; x_wconf 84' lang='grc' dir='ltr'>αὐγαῖς</span> <span class='ocrx_word' id='word_1_329' title='bbox 1316 2493 1723 2563; x_wconf 83' lang='grc' dir='ltr'>κεκοσμημένη,</span> 
     </span>
    </p>
   </div>
   <div class='ocr_carea' id='block_1_44' title="bbox 131 2582 1727 2654">
    <p class='ocr_par' dir='ltr' id='par_1_44' title="bbox 131 2582 1727 2654">
     <span class='ocr_line' id='line_1_44' title="bbox 131 2582 1727 2654; baseline 0.001 -19"><span class='ocrx_word' id='word_1_330' title='bbox 131 2584 258 2635; x_wconf 84' lang='grc' dir='ltr'>ἀλλ’</span> <span class='ocrx_word' id='word_1_331' title='bbox 295 2582 559 2654; x_wconf 80' lang='grc' dir='ltr'>ἁπλότητι</span> <span class='ocrx_word' id='word_1_332' title='bbox 589 2585 684 2635; x_wconf 68' lang='grc' dir='ltr'>καὶ</span> <span class='ocrx_word' id='word_1_333' title='bbox 718 2583 923 2652; x_wconf 84' lang='grc' dir='ltr'>ἀκακίᾳ</span> <span class='ocrx_word' id='word_1_334' title='bbox 943 2582 1300 2653; x_wconf 88' lang='grc' dir='ltr'>ἐκλάμπουσα</span> <span class='ocrx_word' id='word_1_335' title='bbox 1326 2584 1338 2635; x_wconf 86' lang='lat'><strong>!</strong></span> <span class='ocrx_word' id='word_1_336' title='bbox 1385 2582 1543 2635; x_wconf 84' lang='grc' dir='ltr'>Ἀλλὰ</span> <span class='ocrx_word' id='word_1_337' title='bbox 1569 2583 1727 2636; x_wconf 84' lang='grc' dir='ltr'>λυπεῖ</span> 
     </span>
    </p>
   </div>
   <div class='ocr_carea' id='block_1_45' title="bbox 131 2674 1724 2746">
    <p class='ocr_par' dir='ltr' id='par_1_45' title="bbox 131 2674 1724 2746">
     <span class='ocr_line' id='line_1_45' title="bbox 131 2674 1724 2746; baseline 0 -18"><span class='ocrx_word' id='word_1_338' title='bbox 131 2693 198 2728; x_wconf 87' lang='grc' dir='ltr'><strong>σε</strong></span> <span class='ocrx_word' id='word_1_339' title='bbox 234 2674 407 2744; x_wconf 84' lang='grc' dir='ltr'>τυχὸν</span> <span class='ocrx_word' id='word_1_340' title='bbox 437 2675 498 2728; x_wconf 85' lang='grc' dir='ltr'><strong>τὸ</strong></span> <span class='ocrx_word' id='word_1_341' title='bbox 548 2675 621 2745; x_wconf 83' lang='grc' dir='ltr'>μὴ</span> <span class='ocrx_word' id='word_1_342' title='bbox 654 2677 731 2738; x_wconf 86' lang='grc' dir='ltr'>εἰς</span> <span class='ocrx_word' id='word_1_343' title='bbox 758 2675 934 2746; x_wconf 84' lang='grc' dir='ltr'>γῆρας</span> <span class='ocrx_word' id='word_1_344' title='bbox 960 2675 1151 2728; x_wconf 79' lang='grc' dir='ltr'>ἐλθεῖν.</span> <span class='ocrx_word' id='word_1_345' title='bbox 1193 2676 1257 2727; x_wconf 90' lang='grc' dir='ltr'><strong>Τί</strong></span> <span class='ocrx_word' id='word_1_346' title='bbox 1304 2675 1430 2744; x_wconf 86' lang='grc' dir='ltr'>γὰρ,</span> <span class='ocrx_word' id='word_1_347' title='bbox 1454 2675 1572 2728; x_wconf 86' lang='grc' dir='ltr'>είπέ</span> <span class='ocrx_word' id='word_1_348' title='bbox 1614 2693 1724 2746; x_wconf 89' lang='grc' dir='ltr'>μοι,</span> 
     </span>
    </p>
   </div>
   <div class='ocr_carea' id='block_1_46' title="bbox 127 2762 1728 2839">
    <p class='ocr_par' dir='ltr' id='par_1_46' title="bbox 127 2762 1728 2839">
     <span class='ocr_line' id='line_1_46' title="bbox 127 2762 1728 2839; baseline 0.001 -21"><span class='ocrx_word' id='word_1_349' title='bbox 127 2766 307 2819; x_wconf 83' lang='grc' dir='ltr'>καλὸν</span> <span class='ocrx_word' id='word_1_350' title='bbox 338 2768 531 2839; x_wconf 85' lang='grc' dir='ltr'>ἐνορᾷς</span> <span class='ocrx_word' id='word_1_351' title='bbox 553 2767 628 2837; x_wconf 83' lang='grc' dir='ltr'><strong>τῷ</strong></span> <span class='ocrx_word' id='word_1_352' title='bbox 657 2768 838 2838; x_wconf 77' lang='grc' dir='ltr'>γήρᾳ;</span> <span class='ocrx_word' id='word_1_353' title='bbox 869 2762 1012 2836; x_wconf 74' lang='grc' dir='ltr'>Ἀρα</span> <span class='ocrx_word' id='word_1_354' title='bbox 1059 2766 1222 2820; x_wconf 80' lang='grc' dir='ltr'>καλὸν</span> <span class='ocrx_word' id='word_1_355' title='bbox 1253 2766 1313 2819; x_wconf 84' lang='grc' dir='ltr'><strong>τὸ</strong></span> <span class='ocrx_word' id='word_1_356' title='bbox 1357 2765 1633 2830; x_wconf 80' lang='grc' dir='ltr'>κνίζεσθαι</span> <span class='ocrx_word' id='word_1_357' title='bbox 1659 2766 1728 2819; x_wconf 84' lang='grc' dir='ltr'><strong>τὰ</strong></span> 
     </span>
    </p>
   </div>
   <div class='ocr_carea' id='block_1_47' title="bbox 128 2851 1728 2925">
    <p class='ocr_par' dir='ltr' id='par_1_47' title="bbox 128 2851 1728 2925">
     <span class='ocr_line' id='line_1_47' title="bbox 128 2851 1728 2925; baseline 0.003 -22"><span class='ocrx_word' id='word_1_358' title='bbox 128 2852 394 2922; x_wconf 73' lang='grc' dir='ltr'>ὄμματα,</span> <span class='ocrx_word' id='word_1_359' title='bbox 419 2851 479 2903; x_wconf 79' lang='grc' dir='ltr'><strong>τὸ</strong></span> <span class='ocrx_word' id='word_1_360' title='bbox 503 2852 796 2923; x_wconf 76' lang='grc' dir='ltr'>ρυσοῦσθαι</span> <span class='ocrx_word' id='word_1_361' title='bbox 821 2853 919 2924; x_wconf 82' lang='grc' dir='ltr'>τὴν</span> <span class='ocrx_word' id='word_1_362' title='bbox 959 2853 1212 2925; x_wconf 74' lang='grc' dir='ltr'>παρειὰν,</span> <span class='ocrx_word' id='word_1_363' title='bbox 1231 2854 1290 2906; x_wconf 85' lang='grc' dir='ltr'><strong>τὸ</strong></span> <span class='ocrx_word' id='word_1_364' title='bbox 1309 2854 1570 2924; x_wconf 78' lang='grc' dir='ltr'>ἀπορρεῖν</span> <span class='ocrx_word' id='word_1_365' title='bbox 1601 2856 1728 2917; x_wconf 80' lang='grc' dir='ltr'>τοὺς</span> 
     </span>
    </p>
   </div>
   <div class='ocr_carea' id='block_1_48' title="bbox 129 2943 1727 3016">
    <p class='ocr_par' dir='ltr' id='par_1_48' title="bbox 129 2943 1727 3016">
     <span class='ocr_line' id='line_1_48' title="bbox 129 2943 1727 3016; baseline 0.003 -22"><span class='ocrx_word' id='word_1_366' title='bbox 129 2944 364 3004; x_wconf 75' lang='grc' dir='ltr'>ὀδόντας</span> <span class='ocrx_word' id='word_1_367' title='bbox 414 2943 508 2994; x_wconf 76' lang='grc' dir='ltr'>τοῦ</span> <span class='ocrx_word' id='word_1_368' title='bbox 565 2943 852 3011; x_wconf 87' lang='grc' dir='ltr'>στόματος,</span> <span class='ocrx_word' id='word_1_369' title='bbox 896 2945 988 2996; x_wconf 76' lang='grc' dir='ltr'><strong>καὶ</strong></span> <span class='ocrx_word' id='word_1_370' title='bbox 1038 2945 1332 3014; x_wconf 71' lang='grc' dir='ltr'>ψελλισμὸν</span> <span class='ocrx_word' id='word_1_371' title='bbox 1388 2947 1633 3015; x_wconf 79' lang='grc' dir='ltr'>ἐμποιεῖν</span> <span class='ocrx_word' id='word_1_372' title='bbox 1661 2948 1727 3016; x_wconf 81' lang='grc' dir='ltr'>τῇ</span> 
     </span>
    </p>
   </div>
   <div class='ocr_carea' id='block_1_49' title="bbox 131 3031 1730 3109">
    <p class='ocr_par' dir='ltr' id='par_1_49' title="bbox 131 3031 1730 3109">
     <span class='ocr_line' id='line_1_49' title="bbox 131 3031 1730 3109; baseline 0.004 -26"><span class='ocrx_word' id='word_1_373' title='bbox 131 3031 388 3103; x_wconf 70' lang='grc' dir='ltr'>γλώσσῃ,</span> <span class='ocrx_word' id='word_1_374' title='bbox 427 3034 488 3085; x_wconf 80' lang='grc' dir='ltr'>τὸ</span> <span class='ocrx_word' id='word_1_375' title='bbox 535 3035 863 3105; x_wconf 82' lang='grc' dir='ltr'>ὑποτρέμειν</span> <span class='ocrx_word' id='word_1_376' title='bbox 909 3038 973 3105; x_wconf 87' lang='grc' dir='ltr'>τῇ</span> <span class='ocrx_word' id='word_1_377' title='bbox 1017 3035 1196 3105; x_wconf 73' lang='grc' dir='ltr'>χειρὶ,</span> <span class='ocrx_word' id='word_1_378' title='bbox 1231 3038 1323 3088; x_wconf 81' lang='grc' dir='ltr'><strong>καὶ</strong></span> <span class='ocrx_word' id='word_1_379' title='bbox 1357 3039 1436 3100; x_wconf 87' lang='grc' dir='ltr'>εἰς</span> <span class='ocrx_word' id='word_1_380' title='bbox 1483 3041 1586 3109; x_wconf 84' lang='grc' dir='ltr'>γῆν</span> <span class='ocrx_word' id='word_1_381' title='bbox 1635 3038 1730 3090; x_wconf 80' lang='grc' dir='ltr'>κύο</span> 
     </span>
    </p>
   </div>
   <div class='ocr_carea' id='block_1_50' title="bbox 132 3125 1732 3197">
    <p class='ocr_par' dir='ltr' id='par_1_50' title="bbox 132 3125 1732 3197">
     <span class='ocr_line' id='line_1_50' title="bbox 132 3125 1732 3197; baseline 0.003 -21"><span class='ocrx_word' id='word_1_382' title='bbox 132 3141 324 3185; x_wconf 81' lang='grc' dir='ltr'>πτειν,</span> <span class='ocrx_word' id='word_1_383' title='bbox 348 3125 443 3177; x_wconf 59' lang='grc' dir='ltr'><strong>καὶ⁵</strong></span> <span class='ocrx_word' id='word_1_384' title='bbox 489 3125 820 3188; x_wconf 79' lang='grc' dir='ltr'>ὑποσκάζειν</span> <span class='ocrx_word' id='word_1_385' title='bbox 851 3125 928 3195; x_wconf 84' lang='grc' dir='ltr'>τῷ</span> <span class='ocrx_word' id='word_1_386' title='bbox 966 3127 1108 3189; x_wconf 78' lang='grc' dir='ltr'>ποδὶ,</span> <span class='ocrx_word' id='word_1_387' title='bbox 1136 3127 1227 3178; x_wconf 56' lang='grc' dir='ltr'><strong>καὶ⁵</strong></span> <span class='ocrx_word' id='word_1_388' title='bbox 1271 3131 1623 3197; x_wconf 84' lang='grc' dir='ltr'>χειραγωγοῖς</span> <span class='ocrx_word' id='word_1_389' title='bbox 1641 3131 1732 3181; x_wconf 89' lang='grc' dir='ltr'>ἐπ-</span> 
     </span>
    </p>
   </div>
   <div class='ocr_carea' id='block_1_51' title="bbox 1825 1939 3399 2012">
    <p class='ocr_par' dir='ltr' id='par_1_51' title="bbox 1825 1939 3399 2012">
     <span class='ocr_line' id='line_1_51' title="bbox 1825 1939 3399 2012; baseline -0.003 -16"><span class='ocrx_word' id='word_1_390' title='bbox 1825 1958 1986 2012; x_wconf 83' lang='lat' dir='ltr'><strong>quam</strong></span> <span class='ocrx_word' id='word_1_391' title='bbox 2029 1944 2314 2012; x_wconf 89' lang='lat' dir='ltr'><strong>speciosus</strong></span> <span class='ocrx_word' id='word_1_392' title='bbox 2348 1944 2439 1999; x_wconf 90' lang='lat' dir='ltr'><strong>ille</strong></span> <span class='ocrx_word' id='word_1_393' title='bbox 2459 1944 2674 2007; x_wconf 89' lang='lat' dir='ltr'><strong>oculus,</strong></span> <span class='ocrx_word' id='word_1_394' title='bbox 2700 1941 2792 2011; x_wconf 92' lang='lat' dir='ltr'><strong>qui</strong></span> <span class='ocrx_word' id='word_1_395' title='bbox 2827 1939 2994 1996; x_wconf 89' lang='lat' dir='ltr'><strong>Deum</strong></span> <span class='ocrx_word' id='word_1_396' title='bbox 3024 1941 3207 1995; x_wconf 88' lang='lat' dir='ltr'><strong>videt:</strong></span> <span class='ocrx_word' id='word_1_397' title='bbox 3232 1952 3399 2008; x_wconf 86' lang='lat' dir='ltr'><strong>quam</strong></span> 
     </span>
    </p>
   </div>
   <div class='ocr_carea' id='block_1_52' title="bbox 1827 2033 3399 2090">
    <p class='ocr_par' dir='ltr' id='par_1_52' title="bbox 1827 2033 3399 2090">
     <span class='ocr_line' id='line_1_52' title="bbox 1827 2033 3399 2090; baseline -0.001 -2"><span class='ocrx_word' id='word_1_398' title='bbox 1827 2050 1995 2090; x_wconf 85' lang='lat' dir='ltr'><strong>suave</strong></span> <span class='ocrx_word' id='word_1_399' title='bbox 2023 2049 2085 2090; x_wconf 91' lang='lat' dir='ltr'><strong>os</strong></span> <span class='ocrx_word' id='word_1_400' title='bbox 2123 2034 2434 2090; x_wconf 85' lang='lat' dir='ltr'><strong>divinarum</strong></span> <span class='ocrx_word' id='word_1_401' title='bbox 2489 2035 2708 2090; x_wconf 91' lang='lat' dir='ltr'><strong>laudum</strong></span> <span class='ocrx_word' id='word_1_402' title='bbox 2745 2033 3124 2089; x_wconf 89' lang='lat' dir='ltr'><strong>decantatione</strong></span> <span class='ocrx_word' id='word_1_403' title='bbox 3156 2046 3399 2088; x_wconf 59' lang='lat' dir='ltr'><strong>exornec</strong></span> 
     </span>
    </p>
   </div>
   <div class='ocr_carea' id='block_1_53' title="bbox 1829 2124 3400 2195">
    <p class='ocr_par' dir='ltr' id='par_1_53' title="bbox 1829 2124 3400 2195">
     <span class='ocr_line' id='line_1_53' title="bbox 1829 2124 3400 2195; baseline -0.001 -17"><span class='ocrx_word' id='word_1_404' title='bbox 1829 2136 1916 2178; x_wconf 93' lang='lat' dir='ltr'><strong>tur</strong></span> <span class='ocrx_word' id='word_1_405' title='bbox 1946 2141 1960 2176; x_wconf 89' lang='lat'><strong>:</strong></span> <span class='ocrx_word' id='word_1_406' title='bbox 1999 2124 2082 2178; x_wconf 79' lang='lat' dir='ltr'><strong>Ea:</strong></span> <span class='ocrx_word' id='word_1_407' title='bbox 2115 2143 2202 2180; x_wconf 85' lang='lat' dir='ltr'><strong>ore</strong></span> <span class='ocrx_word' id='word_1_408' title='bbox 2223 2128 2388 2189; x_wconf 88' lang='lat' dir='ltr'><strong>enim,</strong></span> <span class='ocrx_word' id='word_1_409' title='bbox 2421 2127 2618 2195; x_wconf 88' lang='lat' dir='ltr'><strong>inqttit,</strong></span> <span class='ocrx_word' id='word_1_410' title='bbox 2660 2125 2946 2194; x_wconf 77' lang='lat' dir='ltr'><strong>infantium</strong></span> <span class='ocrx_word' id='word_1_411' title='bbox 2993 2134 3039 2178; x_wconf 89' lang='lat' dir='ltr'><strong>et</strong></span> <span class='ocrx_word' id='word_1_412' title='bbox 3089 2124 3400 2178; x_wconf 72' lang='lat' dir='ltr'><strong>laetantium</strong></span> 
     </span>
    </p>
   </div>
   <div class='ocr_carea' id='block_1_54' title="bbox 1827 2215 3404 2286">
    <p class='ocr_par' dir='ltr' id='par_1_54' title="bbox 1827 2215 3404 2286">
     <span class='ocr_line' id='line_1_54' title="bbox 1827 2215 3404 2286; baseline 0.001 -18"><span class='ocrx_word' id='word_1_413' title='bbox 1827 2215 2093 2284; x_wconf 77' lang='lat' dir='ltr'><strong>perfecisti</strong></span> <span class='ocrx_word' id='word_1_414' title='bbox 2147 2216 2411 2270; x_wconf 75' lang='lat' dir='ltr'><strong>laudem&quot;.</strong></span> <span class='ocrx_word' id='word_1_415' title='bbox 2471 2216 2645 2283; x_wconf 81' lang='lat' dir='ltr'><strong>Quam</strong></span> <span class='ocrx_word' id='word_1_416' title='bbox 2694 2217 2935 2286; x_wconf 67' lang='lat' dir='ltr'><strong>pulchra:</strong></span> <span class='ocrx_word' id='word_1_417' title='bbox 2986 2231 3223 2283; x_wconf 89' lang='lat' dir='ltr'><strong>manus,</strong></span> <span class='ocrx_word' id='word_1_418' title='bbox 3280 2230 3404 2285; x_wconf 63' lang='lat' dir='ltr'><strong>qua</strong></span> 
     </span>
    </p>
   </div>
   <div class='ocr_carea' id='block_1_55' title="bbox 1830 2306 3400 2379">
    <p class='ocr_par' dir='ltr' id='par_1_55' title="bbox 1830 2306 3400 2379">
     <span class='ocr_line' id='line_1_55' title="bbox 1830 2306 3400 2379; baseline 0 -18"><span class='ocrx_word' id='word_1_419' title='bbox 1830 2323 2107 2377; x_wconf 90' lang='lat' dir='ltr'><strong>nunquam</strong></span> <span class='ocrx_word' id='word_1_420' title='bbox 2135 2309 2336 2365; x_wconf 76' lang='lat' dir='ltr'><strong>malum</strong></span> <span class='ocrx_word' id='word_1_421' title='bbox 2361 2318 2594 2379; x_wconf 55' lang='lat' dir='ltr'><strong>operata</strong></span> <span class='ocrx_word' id='word_1_422' title='bbox 2619 2310 2774 2366; x_wconf 88' lang='lat' dir='ltr'><strong>sttnt!</strong></span> <span class='ocrx_word' id='word_1_423' title='bbox 2813 2306 2984 2374; x_wconf 87' lang='lat' dir='ltr'><strong>Quam</strong></span> <span class='ocrx_word' id='word_1_424' title='bbox 3005 2308 3188 2364; x_wconf 89' lang='lat' dir='ltr'><strong>decori</strong></span> <span class='ocrx_word' id='word_1_425' title='bbox 3211 2307 3400 2378; x_wconf 87' lang='lat' dir='ltr'><strong>pedes,</strong></span> 
     </span>
    </p>
   </div>
   <div class='ocr_carea' id='block_1_56' title="bbox 1833 2398 3400 2468">
    <p class='ocr_par' dir='ltr' id='par_1_56' title="bbox 1833 2398 3400 2468">
     <span class='ocr_line' id='line_1_56' title="bbox 1833 2398 3400 2468; baseline -0.001 -18"><span class='ocrx_word' id='word_1_426' title='bbox 1833 2398 1926 2467; x_wconf 90' lang='lat' dir='ltr'><strong>qui</strong></span> <span class='ocrx_word' id='word_1_427' title='bbox 1961 2399 2026 2452; x_wconf 90' lang='lat' dir='ltr'><strong>ad</strong></span> <span class='ocrx_word' id='word_1_428' title='bbox 2058 2398 2360 2468; x_wconf 88' lang='lat' dir='ltr'><strong>nequitiam</strong></span> <span class='ocrx_word' id='word_1_429' title='bbox 2395 2407 2558 2468; x_wconf 84' lang='lat' dir='ltr'><strong>atque</strong></span> <span class='ocrx_word' id='word_1_430' title='bbox 2591 2399 2853 2453; x_wconf 87' lang='lat' dir='ltr'><strong>malitiam</strong></span> <span class='ocrx_word' id='word_1_431' title='bbox 2885 2413 2996 2452; x_wconf 88' lang='lat' dir='ltr'><strong>non</strong></span> <span class='ocrx_word' id='word_1_432' title='bbox 3028 2405 3400 2461; x_wconf 89' lang='lat' dir='ltr'><strong>accesserunt,</strong></span> 
     </span>
    </p>
   </div>
   <div class='ocr_carea' id='block_1_57' title="bbox 1837 2490 3402 2562">
    <p class='ocr_par' dir='ltr' id='par_1_57' title="bbox 1837 2490 3402 2562">
     <span class='ocr_line' id='line_1_57' title="bbox 1837 2490 3402 2562; baseline 0 -17"><span class='ocrx_word' id='word_1_433' title='bbox 1837 2505 2013 2560; x_wconf 89' lang='lat' dir='ltr'><strong>neque</strong></span> <span class='ocrx_word' id='word_1_434' title='bbox 2057 2493 2110 2544; x_wconf 91' lang='lat' dir='ltr'><strong>in</strong></span> <span class='ocrx_word' id='word_1_435' title='bbox 2147 2492 2230 2544; x_wconf 89' lang='lat' dir='ltr'><strong>via</strong></span> <span class='ocrx_word' id='word_1_436' title='bbox 2262 2499 2612 2561; x_wconf 90' lang='lat' dir='ltr'><strong>peccatorum</strong></span> <span class='ocrx_word' id='word_1_437' title='bbox 2653 2492 2943 2562; x_wconf 83' lang='lat' dir='ltr'><strong>vestigium</strong></span> <span class='ocrx_word' id='word_1_438' title='bbox 2977 2506 3138 2546; x_wconf 86' lang='lat' dir='ltr'><strong>suum</strong></span> <span class='ocrx_word' id='word_1_439' title='bbox 3169 2490 3402 2560; x_wconf 86' lang='lat' dir='ltr'><strong>impres-</strong></span> 
     </span>
    </p>
   </div>
   <div class='ocr_carea' id='block_1_58' title="bbox 1832 2580 3402 2652">
    <p class='ocr_par' dir='ltr' id='par_1_58' title="bbox 1832 2580 3402 2652">
     <span class='ocr_line' id='line_1_58' title="bbox 1832 2580 3402 2652; baseline -0.002 -13"><span class='ocrx_word' id='word_1_440' title='bbox 1832 2585 2054 2640; x_wconf 87' lang='lat' dir='ltr'><strong>serunt!</strong></span> <span class='ocrx_word' id='word_1_441' title='bbox 2111 2583 2284 2648; x_wconf 89' lang='lat' dir='ltr'><strong>Quam</strong></span> <span class='ocrx_word' id='word_1_442' title='bbox 2335 2583 2585 2652; x_wconf 89' lang='lat' dir='ltr'><strong>speciosa</strong></span> <span class='ocrx_word' id='word_1_443' title='bbox 2636 2591 2750 2636; x_wconf 93' lang='lat' dir='ltr'><strong>tota</strong></span> <span class='ocrx_word' id='word_1_444' title='bbox 2780 2583 2976 2636; x_wconf 64' lang='lat' dir='ltr'><strong>animae</strong></span> <span class='ocrx_word' id='word_1_445' title='bbox 3025 2582 3169 2636; x_wconf 89' lang='lat' dir='ltr'><strong>illius</strong></span> <span class='ocrx_word' id='word_1_446' title='bbox 3212 2580 3402 2644; x_wconf 83' lang='lat' dir='ltr'><strong>facies,</strong></span> 
     </span>
    </p>
   </div>
   <div class='ocr_carea' id='block_1_59' title="bbox 1831 2673 3402 2745">
    <p class='ocr_par' dir='ltr' id='par_1_59' title="bbox 1831 2673 3402 2745">
     <span class='ocr_line' id='line_1_59' title="bbox 1831 2673 3402 2745; baseline -0.001 -16"><span class='ocrx_word' id='word_1_447' title='bbox 1831 2692 1940 2730; x_wconf 90' lang='lat' dir='ltr'><strong>non</strong></span> <span class='ocrx_word' id='word_1_448' title='bbox 1993 2674 2232 2744; x_wconf 84' lang='lat' dir='ltr'><strong>lapidum</strong></span> <span class='ocrx_word' id='word_1_449' title='bbox 2276 2674 2580 2745; x_wconf 81' lang='lat' dir='ltr'><strong>fulgoribus</strong></span> <span class='ocrx_word' id='word_1_450' title='bbox 2625 2683 2844 2737; x_wconf 88' lang='lat' dir='ltr'><strong>ornata.</strong></span> <span class='ocrx_word' id='word_1_451' title='bbox 2890 2673 2985 2728; x_wconf 87' lang='lat' dir='ltr'><strong>sed</strong></span> <span class='ocrx_word' id='word_1_452' title='bbox 3029 2673 3402 2742; x_wconf 86' lang='lat' dir='ltr'><strong>simplicitate,</strong></span> 
     </span>
    </p>
   </div>
   <div class='ocr_carea' id='block_1_60' title="bbox 1835 2762 3406 2836">
    <p class='ocr_par' dir='ltr' id='par_1_60' title="bbox 1835 2762 3406 2836">
     <span class='ocr_line' id='line_1_60' title="bbox 1835 2762 3406 2836; baseline -0.003 -15"><span class='ocrx_word' id='word_1_453' title='bbox 1835 2767 2150 2836; x_wconf 79' lang='lat' dir='ltr'><strong>integritate</strong></span> <span class='ocrx_word' id='word_1_454' title='bbox 2175 2775 2229 2820; x_wconf 90' lang='lat' dir='ltr'><strong>et</strong></span> <span class='ocrx_word' id='word_1_455' title='bbox 2257 2766 2566 2820; x_wconf 89' lang='lat' dir='ltr'><strong>innocentia</strong></span> <span class='ocrx_word' id='word_1_456' title='bbox 2593 2765 2984 2835; x_wconf 69' lang='lat' dir='ltr'><strong>resplendens!</strong></span> <span class='ocrx_word' id='word_1_457' title='bbox 3021 2762 3127 2817; x_wconf 89' lang='lat' dir='ltr'><strong>Sed</strong></span> <span class='ocrx_word' id='word_1_458' title='bbox 3170 2763 3406 2816; x_wconf 83' lang='lat' dir='ltr'><strong>forsitan</strong></span> 
     </span>
    </p>
   </div>
   <div class='ocr_carea' id='block_1_61' title="bbox 1835 2846 3406 2926">
    <p class='ocr_par' dir='ltr' id='par_1_61' title="bbox 1835 2846 3406 2926">
     <span class='ocr_line' id='line_1_61' title="bbox 1835 2846 3406 2926; baseline -0.006 -17"><span class='ocrx_word' id='word_1_459' title='bbox 1835 2860 1984 2926; x_wconf 82' lang='lat' dir='ltr'><strong>angit</strong></span> <span class='ocrx_word' id='word_1_460' title='bbox 2019 2866 2094 2921; x_wconf 91' lang='lat' dir='ltr'><strong>te,</strong></span> <span class='ocrx_word' id='word_1_461' title='bbox 2143 2855 2286 2925; x_wconf 90' lang='lat' dir='ltr'><strong>quod</strong></span> <span class='ocrx_word' id='word_1_462' title='bbox 2325 2855 2391 2909; x_wconf 88' lang='lat' dir='ltr'><strong>ad</strong></span> <span class='ocrx_word' id='word_1_463' title='bbox 2423 2863 2756 2908; x_wconf 84' lang='lat' dir='ltr'><strong>senectutem</strong></span> <span class='ocrx_word' id='word_1_464' title='bbox 2797 2867 2905 2906; x_wconf 92' lang='lat' dir='ltr'><strong>non</strong></span> <span class='ocrx_word' id='word_1_465' title='bbox 2956 2849 3228 2920; x_wconf 89' lang='lat' dir='ltr'><strong>pervenit.</strong></span> <span class='ocrx_word' id='word_1_466' title='bbox 3261 2846 3406 2914; x_wconf 86' lang='lat' dir='ltr'><strong>Quid</strong></span> 
     </span>
    </p>
   </div>
   <div class='ocr_carea' id='block_1_62' title="bbox 1835 2936 3406 3016">
    <p class='ocr_par' dir='ltr' id='par_1_62' title="bbox 1835 2936 3406 3016">
     <span class='ocr_line' id='line_1_62' title="bbox 1835 2936 3406 3016; baseline -0.005 -15"><span class='ocrx_word' id='word_1_467' title='bbox 1835 2963 1985 3011; x_wconf 87' lang='lat' dir='ltr'><strong>vero,</strong></span> <span class='ocrx_word' id='word_1_468' title='bbox 2032 2949 2120 3002; x_wconf 92' lang='lat' dir='ltr'><strong>dic</strong></span> <span class='ocrx_word' id='word_1_469' title='bbox 2151 2947 2324 3010; x_wconf 89' lang='lat' dir='ltr'><strong>mihi,</strong></span> <span class='ocrx_word' id='word_1_470' title='bbox 2375 2945 2587 3016; x_wconf 84' lang='lat' dir='ltr'><strong>pulchri</strong></span> <span class='ocrx_word' id='word_1_471' title='bbox 2628 2945 2810 2998; x_wconf 91' lang='lat' dir='ltr'><strong>cernis</strong></span> <span class='ocrx_word' id='word_1_472' title='bbox 2855 2944 2909 2996; x_wconf 91' lang='lat' dir='ltr'><strong>in</strong></span> <span class='ocrx_word' id='word_1_473' title='bbox 2957 2939 3276 2996; x_wconf 84' lang='lat' dir='ltr'><strong>senectute?</strong></span> <span class='ocrx_word' id='word_1_474' title='bbox 3325 2936 3406 2993; x_wconf 78' lang='lat' dir='ltr'><strong>An</strong></span> 
     </span>
    </p>
   </div>
   <div class='ocr_carea' id='block_1_63' title="bbox 1835 3031 3408 3112">
    <p class='ocr_par' dir='ltr' id='par_1_63' title="bbox 1835 3031 3408 3112">
     <span class='ocr_line' id='line_1_63' title="bbox 1835 3031 3408 3112; baseline -0.006 -17"><span class='ocrx_word' id='word_1_475' title='bbox 1835 3042 2122 3112; x_wconf 88' lang='lat' dir='ltr'><strong>pulchrum</strong></span> <span class='ocrx_word' id='word_1_476' title='bbox 2165 3041 2381 3110; x_wconf 90' lang='lat' dir='ltr'><strong>prurire</strong></span> <span class='ocrx_word' id='word_1_477' title='bbox 2429 3054 2492 3095; x_wconf 89' lang='lat' dir='ltr'><strong>ac</strong></span> <span class='ocrx_word' id='word_1_478' title='bbox 2541 3037 2727 3092; x_wconf 84' lang='lat' dir='ltr'><strong>fricari</strong></span> <span class='ocrx_word' id='word_1_479' title='bbox 2760 3036 2972 3096; x_wconf 88' lang='lat' dir='ltr'><strong>oculos.</strong></span> <span class='ocrx_word' id='word_1_480' title='bbox 3009 3031 3288 3104; x_wconf 85' lang='lat' dir='ltr'><strong>corrugari</strong></span> <span class='ocrx_word' id='word_1_481' title='bbox 3317 3047 3408 3101; x_wconf 73' lang='lat' dir='ltr'><strong>ge-</strong></span> 
     </span>
    </p>
   </div>
   <div class='ocr_carea' id='block_1_64' title="bbox 1837 3123 3406 3197">
    <p class='ocr_par' dir='ltr' id='par_1_64' title="bbox 1837 3123 3406 3197">
     <span class='ocr_line' id='line_1_64' title="bbox 1837 3123 3406 3197; baseline -0.008 -10"><span class='ocrx_word' id='word_1_482' title='bbox 1837 3149 1958 3196; x_wconf 89' lang='lat' dir='ltr'><strong>nas,</strong></span> <span class='ocrx_word' id='word_1_483' title='bbox 1999 3148 2066 3186; x_wconf 84' lang='lat' dir='ltr'><strong>cx</strong></span> <span class='ocrx_word' id='word_1_484' title='bbox 2102 3147 2196 3187; x_wconf 89' lang='lat' dir='ltr'><strong>ore</strong></span> <span class='ocrx_word' id='word_1_485' title='bbox 2225 3132 2466 3187; x_wconf 86' lang='lat' dir='ltr'><strong>defluere</strong></span> <span class='ocrx_word' id='word_1_486' title='bbox 2501 3132 2715 3195; x_wconf 83' lang='lat' dir='ltr'><strong>dentes,</strong></span> <span class='ocrx_word' id='word_1_487' title='bbox 2768 3138 2818 3182; x_wconf 89' lang='lat' dir='ltr'><strong>et</strong></span> <span class='ocrx_word' id='word_1_488' title='bbox 2864 3129 3061 3197; x_wconf 69' lang='lat' dir='ltr'><strong>linguae</strong></span> <span class='ocrx_word' id='word_1_489' title='bbox 3107 3123 3406 3179; x_wconf 88' lang='lat' dir='ltr'><strong>balbutiem</strong></span> 
     </span>
    </p>
   </div>
   <div class='ocr_carea' id='block_1_65' title="bbox 131 3204 1721 3294">
    <p class='ocr_par' dir='ltr' id='par_1_65' title="bbox 131 3214 1721 3288">
     <span class='ocr_line' id='line_1_65' title="bbox 131 3214 1721 3288; baseline 0.003 -22"><span class='ocrx_word' id='word_1_490' title='bbox 131 3214 470 3285; x_wconf 83' lang='grc' dir='ltr'>ερείδεσθαι,</span> <span class='ocrx_word' id='word_1_491' title='bbox 509 3218 602 3268; x_wconf 74' lang='grc' dir='ltr'>καὶ</span> <span class='ocrx_word' id='word_1_492' title='bbox 629 3219 917 3285; x_wconf 88' lang='grc' dir='ltr'>παρανοεῖν</span> <span class='ocrx_word' id='word_1_493' title='bbox 937 3219 1001 3286; x_wconf 81' lang='grc' dir='ltr'>τῇ</span> <span class='ocrx_word' id='word_1_494' title='bbox 1044 3217 1258 3287; x_wconf 74' lang='grc' dir='ltr'>καρδίᾳ,</span> <span class='ocrx_word' id='word_1_495' title='bbox 1290 3218 1383 3270; x_wconf 65' lang='grc' dir='ltr'><strong>καὶ⁹</strong></span> <span class='ocrx_word' id='word_1_496' title='bbox 1412 3218 1721 3288; x_wconf 83' lang='grc' dir='ltr'>παραφθέγ-</span> 
     </span>
    </p>
   </div>
   <div class='ocr_carea' id='block_1_66' title="bbox 1835 3204 3408 3294">
    <p class='ocr_par' dir='ltr' id='par_1_66' title="bbox 1835 3218 3408 3294">
     <span class='ocr_line' id='line_1_66' title="bbox 1835 3218 3408 3294; baseline -0.006 -15"><span class='ocrx_word' id='word_1_497' title='bbox 1835 3227 2180 3294; x_wconf 86' lang='lat' dir='ltr'><strong>ingenerari,</strong></span> <span class='ocrx_word' id='word_1_498' title='bbox 2214 3225 2469 3280; x_wconf 88' lang='lat' dir='ltr'><strong>manibus</strong></span> <span class='ocrx_word' id='word_1_499' title='bbox 2507 3222 2953 3283; x_wconf 86' lang='lat' dir='ltr'><strong>subtremiscere,</strong></span> <span class='ocrx_word' id='word_1_500' title='bbox 2990 3220 3056 3274; x_wconf 87' lang='lat' dir='ltr'><strong>ad</strong></span> <span class='ocrx_word' id='word_1_501' title='bbox 3085 3227 3288 3273; x_wconf 90' lang='lat' dir='ltr'><strong>terram</strong></span> <span class='ocrx_word' id='word_1_502' title='bbox 3323 3218 3408 3270; x_wconf 85' lang='lat' dir='ltr'><strong>in-</strong></span> 
     </span>
    </p>
   </div>
   <div class='ocr_carea' id='block_1_67' title="bbox 133 3305 1730 3381">
    <p class='ocr_par' dir='ltr' id='par_1_67' title="bbox 133 3305 1730 3381">
     <span class='ocr_line' id='line_1_67' title="bbox 133 3305 1730 3381; baseline 0.004 -24"><span class='ocrx_word' id='word_1_503' title='bbox 133 3305 341 3373; x_wconf 77' lang='grc' dir='ltr'>γεσθαι</span> <span class='ocrx_word' id='word_1_504' title='bbox 364 3309 429 3376; x_wconf 87' lang='grc' dir='ltr'>τῇ</span> <span class='ocrx_word' id='word_1_505' title='bbox 465 3311 614 3377; x_wconf 69' lang='grc' dir='ltr'>φωνῇ</span> <span class='ocrx_word' id='word_1_506' title='bbox 646 3351 658 3370; x_wconf 83' lang='grc'><strong>,</strong></span> <span class='ocrx_word' id='word_1_507' title='bbox 688 3305 774 3360; x_wconf 79' lang='grc' dir='ltr'>οἷα</span> <span class='ocrx_word' id='word_1_508' title='bbox 812 3309 876 3378; x_wconf 84' lang='grc' dir='ltr'>τῇ</span> <span class='ocrx_word' id='word_1_509' title='bbox 917 3308 1100 3378; x_wconf 74' lang='grc' dir='ltr'>ἡλικίᾳ</span> <span class='ocrx_word' id='word_1_510' title='bbox 1129 3309 1302 3380; x_wconf 79' lang='grc' dir='ltr'>ταύτῃ</span> <span class='ocrx_word' id='word_1_511' title='bbox 1331 3311 1452 3360; x_wconf 86' lang='grc' dir='ltr'>κατ’</span> <span class='ocrx_word' id='word_1_512' title='bbox 1484 3311 1730 3381; x_wconf 83' lang='grc' dir='ltr'>ἀνάγκην</span> 
     </span>
    </p>
   </div>
   <div class='ocr_carea' id='block_1_68' title="bbox 133 3395 1728 3472">
    <p class='ocr_par' dir='ltr' id='par_1_68' title="bbox 133 3395 1728 3472">
     <span class='ocr_line' id='line_1_68' title="bbox 133 3395 1728 3472; baseline 0.003 -23"><span class='ocrx_word' id='word_1_513' title='bbox 133 3395 438 3466; x_wconf 75' lang='grc' dir='ltr'>συμϐαίνει</span> <span class='ocrx_word' id='word_1_514' title='bbox 485 3398 667 3466; x_wconf 75' lang='grc' dir='ltr'>πάθη;</span> <span class='ocrx_word' id='word_1_515' title='bbox 695 3400 803 3451; x_wconf 78' lang='grc' dir='ltr'>Καὶ</span> <span class='ocrx_word' id='word_1_516' title='bbox 851 3399 992 3468; x_wconf 80' lang='grc' dir='ltr'>ὑπὲρ</span> <span class='ocrx_word' id='word_1_517' title='bbox 1039 3397 1229 3450; x_wconf 80' lang='grc' dir='ltr'>τούτου</span> <span class='ocrx_word' id='word_1_518' title='bbox 1285 3401 1728 3472; x_wconf 79' lang='grc' dir='ltr'>ἀγανακτοῦμεν,</span> 
     </span>
    </p>
   </div>
   <div class='ocr_carea' id='block_1_69' title="bbox 130 3473 1733 3562">
    <p class='ocr_par' dir='ltr' id='par_1_69' title="bbox 130 3473 1733 3562">
     <span class='ocr_line' id='line_1_69' title="bbox 130 3473 1733 3562; baseline 0.004 -21"><span class='ocrx_word' id='word_1_519' title='bbox 130 3491 225 3542; x_wconf 80' lang='grc' dir='ltr'><strong>ὅτι</strong></span> <span class='ocrx_word' id='word_1_520' title='bbox 261 3490 341 3560; x_wconf 72' lang='grc' dir='ltr'>μὴ</span> <span class='ocrx_word' id='word_1_521' title='bbox 370 3490 596 3558; x_wconf 82' lang='grc' dir='ltr'>ἀφίκετο</span> <span class='ocrx_word' id='word_1_522' title='bbox 625 3493 705 3552; x_wconf 86' lang='grc' dir='ltr'>εἰς</span> <span class='ocrx_word' id='word_1_523' title='bbox 751 3491 850 3560; x_wconf 85' lang='grc' dir='ltr'>τὴν</span> <span class='ocrx_word' id='word_1_524' title='bbox 896 3491 999 3543; x_wconf 90' lang='grc' dir='ltr'><strong>τῶν</strong></span> <span class='ocrx_word' id='word_1_525' title='bbox 1046 3491 1302 3544; x_wconf 87' lang='grc' dir='ltr'>τοιούτων</span> <span class='ocrx_word' id='word_1_526' title='bbox 1356 3495 1580 3562; x_wconf 90' lang='grc' dir='ltr'>πεῖραν;</span> <span class='ocrx_word' id='word_1_527' title='bbox 1624 3473 1733 3548; x_wconf 62' lang='grc' dir='ltr'><strong>Καὶ</strong></span> 
     </span>
    </p>
   </div>
   <div class='ocr_carea' id='block_1_70' title="bbox 137 3575 1732 3655">
    <p class='ocr_par' dir='ltr' id='par_1_70' title="bbox 137 3575 1732 3655">
     <span class='ocr_line' id='line_1_70' title="bbox 137 3575 1732 3655; baseline 0.001 -21"><span class='ocrx_word' id='word_1_528' title='bbox 137 3583 261 3652; x_wconf 76' lang='grc' dir='ltr'>μὴν</span> <span class='ocrx_word' id='word_1_529' title='bbox 283 3582 600 3652; x_wconf 85' lang='grc' dir='ltr'>συγχαίρειν</span> <span class='ocrx_word' id='word_1_530' title='bbox 628 3583 894 3653; x_wconf 87' lang='grc' dir='ltr'>προσήκει</span> <span class='ocrx_word' id='word_1_531' title='bbox 926 3583 1184 3645; x_wconf 81' lang='grc' dir='ltr'>ἐκείνοις,</span> <span class='ocrx_word' id='word_1_532' title='bbox 1212 3575 1338 3653; x_wconf 80' lang='grc' dir='ltr'><strong>ὧνὴ</strong></span> <span class='ocrx_word' id='word_1_533' title='bbox 1366 3582 1479 3655; x_wconf 79' lang='grc' dir='ltr'><strong>ζωὴ</strong></span> <span class='ocrx_word' id='word_1_534' title='bbox 1508 3585 1607 3655; x_wconf 85' lang='grc' dir='ltr'><strong>τὴν</strong></span> <span class='ocrx_word' id='word_1_535' title='bbox 1626 3585 1732 3636; x_wconf 90' lang='grc' dir='ltr'><strong>τῶν</strong></span> 
     </span>
    </p>
   </div>
   <div class='ocr_carea' id='block_1_71' title="bbox 133 3673 1734 3744">
    <p class='ocr_par' dir='ltr' id='par_1_71' title="bbox 133 3673 1734 3744">
     <span class='ocr_line' id='line_1_71' title="bbox 133 3673 1734 3744; baseline 0.001 -18"><span class='ocrx_word' id='word_1_536' title='bbox 133 3674 493 3744; x_wconf 84' lang='grc' dir='ltr'>σκυθρωπῶν</span> <span class='ocrx_word' id='word_1_537' title='bbox 524 3677 718 3743; x_wconf 88' lang='grc' dir='ltr'>πεῖραν</span> <span class='ocrx_word' id='word_1_538' title='bbox 749 3674 810 3725; x_wconf 90' lang='grc' dir='ltr'><strong>οὑ</strong></span> <span class='ocrx_word' id='word_1_539' title='bbox 851 3674 1201 3744; x_wconf 80' lang='grc' dir='ltr'>παρεδέξατο,</span> <span class='ocrx_word' id='word_1_540' title='bbox 1224 3674 1318 3725; x_wconf 73' lang='grc' dir='ltr'><strong>καὶ</strong></span> <span class='ocrx_word' id='word_1_541' title='bbox 1353 3673 1474 3726; x_wconf 72' lang='grc' dir='ltr'>οὔτε</span> <span class='ocrx_word' id='word_1_542' title='bbox 1504 3675 1734 3728; x_wconf 81' lang='grc' dir='ltr'>ἐνταῦθα</span> 
     </span>
    </p>
   </div>
   <div class='ocr_carea' id='block_1_72' title="bbox 129 3763 1733 3835">
    <p class='ocr_par' dir='ltr' id='par_1_72' title="bbox 129 3763 1733 3835">
     <span class='ocr_line' id='line_1_72' title="bbox 129 3763 1733 3835; baseline 0.001 -19"><span class='ocrx_word' id='word_1_543' title='bbox 129 3764 255 3817; x_wconf 82' lang='grc' dir='ltr'><strong>τῶν</strong></span> <span class='ocrx_word' id='word_1_544' title='bbox 285 3764 544 3835; x_wconf 83' lang='grc' dir='ltr'>λυπηρῶν</span> <span class='ocrx_word' id='word_1_545' title='bbox 573 3764 787 3834; x_wconf 70' lang='grc' dir='ltr'>ᾔσθετο,</span> <span class='ocrx_word' id='word_1_546' title='bbox 815 3763 937 3815; x_wconf 73' lang='grc' dir='ltr'>οὔτε</span> <span class='ocrx_word' id='word_1_547' title='bbox 964 3781 1015 3816; x_wconf 90' lang='grc' dir='ltr'><strong>τι</strong></span> <span class='ocrx_word' id='word_1_548' title='bbox 1073 3764 1182 3816; x_wconf 91' lang='grc' dir='ltr'><strong>τῶν</strong></span> <span class='ocrx_word' id='word_1_549' title='bbox 1228 3766 1346 3817; x_wconf 85' lang='grc' dir='ltr'>ἐκεῖ</span> <span class='ocrx_word' id='word_1_550' title='bbox 1397 3765 1733 3834; x_wconf 87' lang='grc' dir='ltr'>σκυθρωπῶν</span> 
     </span>
    </p>
   </div>
   <div class='ocr_carea' id='block_1_73' title="bbox 130 3855 1732 3926">
    <p class='ocr_par' dir='ltr' id='par_1_73' title="bbox 130 3855 1732 3926">
     <span class='ocr_line' id='line_1_73' title="bbox 130 3855 1732 3926; baseline -0.001 -17"><span class='ocrx_word' id='word_1_551' title='bbox 130 3857 533 3925; x_wconf 79' lang='grc' dir='ltr'>ἐπιγνώσεται.</span> <span class='ocrx_word' id='word_1_552' title='bbox 575 3857 636 3908; x_wconf 80' lang='grc' dir='ltr'><strong>Ἦ</strong></span> <span class='ocrx_word' id='word_1_553' title='bbox 678 3855 785 3926; x_wconf 76' lang='grc' dir='ltr'>γὰρ</span> <span class='ocrx_word' id='word_1_554' title='bbox 818 3855 1042 3926; x_wconf 81' lang='grc' dir='ltr'>τοιαύτη</span> <span class='ocrx_word' id='word_1_555' title='bbox 1075 3855 1219 3926; x_wconf 73' lang='grc' dir='ltr'>ψυχὴ</span> <span class='ocrx_word' id='word_1_556' title='bbox 1247 3858 1280 3924; x_wconf 86' lang='grc' dir='ltr'><strong>ἡ</strong></span> <span class='ocrx_word' id='word_1_557' title='bbox 1308 3857 1406 3908; x_wconf 91' lang='grc' dir='ltr'><strong>οὑκ</strong></span> <span class='ocrx_word' id='word_1_558' title='bbox 1429 3855 1624 3925; x_wconf 76' lang='grc' dir='ltr'>ἔχουσα</span> <span class='ocrx_word' id='word_1_559' title='bbox 1648 3857 1732 3924; x_wconf 83' lang='grc' dir='ltr'><strong>ἐφ’</strong></span> 
     </span>
    </p>
   </div>
   <div class='ocr_carea' id='block_1_74' title="bbox 127 3947 1732 4020">
    <p class='ocr_par' dir='ltr' id='par_1_74' title="bbox 127 3947 1732 4020">
     <span class='ocr_line' id='line_1_74' title="bbox 127 3947 1732 4020; baseline 0 -19"><span class='ocrx_word' id='word_1_560' title='bbox 127 3952 254 4020; x_wconf 80' lang='grc' dir='ltr'>ὅτῳ</span> <span class='ocrx_word' id='word_1_561' title='bbox 282 3951 361 4012; x_wconf 85' lang='grc' dir='ltr'>εἰς</span> <span class='ocrx_word' id='word_1_562' title='bbox 401 3949 582 4019; x_wconf 83' lang='grc' dir='ltr'>κρίσιν</span> <span class='ocrx_word' id='word_1_563' title='bbox 615 3947 762 4018; x_wconf 74' lang='grc' dir='ltr'>ἔλθῃ,</span> <span class='ocrx_word' id='word_1_564' title='bbox 810 3948 1032 4015; x_wconf 81' lang='grc' dir='ltr'>γέενναν</span> <span class='ocrx_word' id='word_1_565' title='bbox 1057 3948 1118 4000; x_wconf 84' lang='grc' dir='ltr'><strong>οὑ</strong></span> <span class='ocrx_word' id='word_1_566' title='bbox 1150 3947 1413 4015; x_wconf 80' lang='grc' dir='ltr'>φοϐεῖται,</span> <span class='ocrx_word' id='word_1_567' title='bbox 1446 3947 1625 4017; x_wconf 91' lang='grc' dir='ltr'>κρίσιν</span> <span class='ocrx_word' id='word_1_568' title='bbox 1670 3949 1732 4001; x_wconf 89' lang='grc' dir='ltr'><strong>οὑ</strong></span> 
     </span>
    </p>
   </div>
   <div class='ocr_carea' id='block_1_75' title="bbox 124 4038 1732 4109">
    <p class='ocr_par' dir='ltr' id='par_1_75' title="bbox 124 4038 1732 4109">
     <span class='ocr_line' id='line_1_75' title="bbox 124 4038 1732 4109; baseline -0.002 -15"><span class='ocrx_word' id='word_1_569' title='bbox 124 4043 419 4094; x_wconf 78' lang='grc' dir='ltr'>δέδοικεν·</span> <span class='ocrx_word' id='word_1_570' title='bbox 447 4039 646 4109; x_wconf 61' lang='grc' dir='ltr'>ἄφοϐος</span> <span class='ocrx_word' id='word_1_571' title='bbox 696 4041 934 4109; x_wconf 80' lang='grc' dir='ltr'>διαμένει</span> <span class='ocrx_word' id='word_1_572' title='bbox 979 4039 1074 4092; x_wconf 73' lang='grc' dir='ltr'><strong>καὶ</strong></span> <span class='ocrx_word' id='word_1_573' title='bbox 1111 4038 1550 4109; x_wconf 84' lang='grc' dir='ltr'>ἀκατάπληκτος,</span> <span class='ocrx_word' id='word_1_574' title='bbox 1580 4040 1732 4092; x_wconf 87' lang='grc' dir='ltr'>ούδε-</span> 
     </span>
    </p>
   </div>
   <div class='ocr_carea' id='block_1_76' title="bbox 125 4130 1731 4202">
    <p class='ocr_par' dir='ltr' id='par_1_76' title="bbox 125 4130 1731 4202">
     <span class='ocr_line' id='line_1_76' title="bbox 125 4130 1731 4202; baseline -0.003 -15"><span class='ocrx_word' id='word_1_575' title='bbox 125 4136 232 4198; x_wconf 73' lang='grc' dir='ltr'><strong>νὸς</strong></span> <span class='ocrx_word' id='word_1_576' title='bbox 283 4132 520 4202; x_wconf 87' lang='grc' dir='ltr'>πονηροῦ</span> <span class='ocrx_word' id='word_1_577' title='bbox 573 4130 872 4194; x_wconf 79' lang='grc' dir='ltr'>συνειδότος</span> <span class='ocrx_word' id='word_1_578' title='bbox 914 4132 1003 4183; x_wconf 78' lang='grc' dir='ltr'>τὸν</span> <span class='ocrx_word' id='word_1_579' title='bbox 1031 4134 1130 4199; x_wconf 86' lang='grc' dir='ltr'>τῆς</span> <span class='ocrx_word' id='word_1_580' title='bbox 1165 4130 1398 4201; x_wconf 84' lang='grc' dir='ltr'>κρίσεως</span> <span class='ocrx_word' id='word_1_581' title='bbox 1440 4130 1602 4199; x_wconf 71' lang='grc' dir='ltr'>φόϐον</span> <span class='ocrx_word' id='word_1_582' title='bbox 1635 4132 1731 4182; x_wconf 85' lang='grc' dir='ltr'>ἐπ-</span> 
     </span>
    </p>
   </div>
   <div class='ocr_carea' id='block_1_77' title="bbox 123 4218 1733 4294">
    <p class='ocr_par' dir='ltr' id='par_1_77' title="bbox 123 4218 1733 4294">
     <span class='ocr_line' id='line_1_77' title="bbox 123 4218 1733 4294; baseline -0.004 -13"><span class='ocrx_word' id='word_1_583' title='bbox 123 4231 396 4294; x_wconf 81' lang='grc' dir='ltr'>άγοντος.</span> <span class='ocrx_word' id='word_1_584' title='bbox 427 4224 568 4276; x_wconf 80' lang='grc' dir='ltr'>Ἀλλ’</span> <span class='ocrx_word' id='word_1_585' title='bbox 594 4224 720 4289; x_wconf 75' lang='grc' dir='ltr'>ἔδει,</span> <span class='ocrx_word' id='word_1_586' title='bbox 757 4223 941 4292; x_wconf 69' lang='grc' dir='ltr'>φησὶν,</span> <span class='ocrx_word' id='word_1_587' title='bbox 992 4223 1160 4291; x_wconf 75' lang='grc' dir='ltr'>αὑτὴν</span> <span class='ocrx_word' id='word_1_588' title='bbox 1189 4224 1267 4284; x_wconf 86' lang='grc' dir='ltr'><strong>είς</strong></span> <span class='ocrx_word' id='word_1_589' title='bbox 1297 4218 1494 4292; x_wconf 79' lang='grc' dir='ltr'>μέτρον</span> <span class='ocrx_word' id='word_1_590' title='bbox 1520 4223 1733 4292; x_wconf 79' lang='grc' dir='ltr'>ἡλικίας</span> 
     </span>
    </p>
   </div>
   <div class='ocr_carea' id='block_1_78' title="bbox 125 4314 1733 4385">
    <p class='ocr_par' dir='ltr' id='par_1_78' title="bbox 125 4314 1733 4385">
     <span class='ocr_line' id='line_1_78' title="bbox 125 4314 1733 4385; baseline -0.003 -14"><span class='ocrx_word' id='word_1_591' title='bbox 125 4321 350 4380; x_wconf 74' lang='grc' dir='ltr'>ἐλθεῖν,</span> <span class='ocrx_word' id='word_1_592' title='bbox 390 4317 484 4368; x_wconf 77' lang='grc' dir='ltr'><strong>καὶ</strong></span> <span class='ocrx_word' id='word_1_593' title='bbox 522 4315 777 4385; x_wconf 80' lang='grc' dir='ltr'>νυμφικῷ</span> <span class='ocrx_word' id='word_1_594' title='bbox 828 4315 1052 4384; x_wconf 86' lang='grc' dir='ltr'>θαλάμῳ</span> <span class='ocrx_word' id='word_1_595' title='bbox 1083 4314 1563 4383; x_wconf 71' lang='grc' dir='ltr'>ἐμφαιδρυνθῆναι.</span> <span class='ocrx_word' id='word_1_596' title='bbox 1597 4315 1733 4367; x_wconf 71' lang='grc' dir='ltr'>Ἀλλ’</span> 
     </span>
    </p>
   </div>
   <div class='ocr_carea' id='block_1_79' title="bbox 123 4406 1733 4482">
    <p class='ocr_par' dir='ltr' id='par_1_79' title="bbox 123 4406 1733 4482">
     <span class='ocr_line' id='line_1_79' title="bbox 123 4406 1733 4482; baseline -0.003 -17"><span class='ocrx_word' id='word_1_597' title='bbox 123 4415 266 4482; x_wconf 78' lang='grc' dir='ltr'>ἐρεῖ</span> <span class='ocrx_word' id='word_1_598' title='bbox 291 4428 376 4462; x_wconf 87' lang='grc' dir='ltr'><strong>σοι</strong></span> <span class='ocrx_word' id='word_1_599' title='bbox 400 4411 536 4480; x_wconf 77' lang='grc' dir='ltr'>πρὸς</span> <span class='ocrx_word' id='word_1_600' title='bbox 563 4409 720 4462; x_wconf 77' lang='grc' dir='ltr'>τοῦτο</span> <span class='ocrx_word' id='word_1_601' title='bbox 745 4410 773 4459; x_wconf 81' lang='grc' dir='ltr'><strong>ό</strong></span> <span class='ocrx_word' id='word_1_602' title='bbox 796 4407 1046 4477; x_wconf 77' lang='grc' dir='ltr'>ἀληθινὸς</span> <span class='ocrx_word' id='word_1_603' title='bbox 1077 4406 1330 4476; x_wconf 68' lang='grc' dir='ltr'>νυμφίος,</span> <span class='ocrx_word' id='word_1_604' title='bbox 1363 4410 1442 4462; x_wconf 80' lang='grc' dir='ltr'>ὅτι</span> <span class='ocrx_word' id='word_1_605' title='bbox 1473 4409 1733 4478; x_wconf 86' lang='grc' dir='ltr'>κρείττων</span> 
     </span>
    </p>
   </div>
   <div class='ocr_carea' id='block_1_80' title="bbox 120 4501 1731 4573">
    <p class='ocr_par' dir='ltr' id='par_1_80' title="bbox 120 4501 1731 4573">
     <span class='ocr_line' id='line_1_80' title="bbox 120 4501 1731 4573; baseline -0.001 -19"><span class='ocrx_word' id='word_1_606' title='bbox 120 4507 169 4573; x_wconf 76' lang='grc' dir='ltr'>ἡ</span> <span class='ocrx_word' id='word_1_607' title='bbox 193 4501 436 4572; x_wconf 85' lang='grc' dir='ltr'>οὑρανία</span> <span class='ocrx_word' id='word_1_608' title='bbox 471 4502 710 4563; x_wconf 81' lang='grc' dir='ltr'>παστὰς,</span> <span class='ocrx_word' id='word_1_609' title='bbox 744 4503 1135 4572; x_wconf 84' lang='grc' dir='ltr'>προτιμότερος</span> <span class='ocrx_word' id='word_1_610' title='bbox 1168 4505 1370 4566; x_wconf 82' lang='grc' dir='ltr'>ἐκεῖνος</span> <span class='ocrx_word' id='word_1_611' title='bbox 1411 4504 1439 4555; x_wconf 86' lang='grc' dir='ltr'>ὁ</span> <span class='ocrx_word' id='word_1_612' title='bbox 1473 4501 1731 4571; x_wconf 80' lang='grc' dir='ltr'>θάλαμος,</span> 
     </span>
    </p>
   </div>
   <div class='ocr_carea' id='block_1_81' title="bbox 1830 3310 3408 3387">
    <p class='ocr_par' dir='ltr' id='par_1_81' title="bbox 1830 3310 3408 3387">
     <span class='ocr_line' id='line_1_81' title="bbox 1830 3310 3408 3387; baseline -0.006 -15"><span class='ocrx_word' id='word_1_613' title='bbox 1830 3318 2070 3382; x_wconf 91' lang='lat' dir='ltr'><strong>curvari,</strong></span> <span class='ocrx_word' id='word_1_614' title='bbox 2100 3318 2339 3372; x_wconf 89' lang='lat' dir='ltr'><strong>titubare</strong></span> <span class='ocrx_word' id='word_1_615' title='bbox 2379 3326 2543 3387; x_wconf 86' lang='lat' dir='ltr'><strong>atque</strong></span> <span class='ocrx_word' id='word_1_616' title='bbox 2574 3314 2992 3372; x_wconf 87' lang='lat' dir='ltr'><strong>subclaudicare</strong></span> <span class='ocrx_word' id='word_1_617' title='bbox 3023 3312 3271 3382; x_wconf 89' lang='lat' dir='ltr'><strong>pedibus,</strong></span> <span class='ocrx_word' id='word_1_618' title='bbox 3304 3310 3408 3363; x_wconf 78' lang='lat' dir='ltr'><strong>du-</strong></span> 
     </span>
    </p>
   </div>
   <div class='ocr_carea' id='block_1_82' title="bbox 1830 3400 3402 3480">
    <p class='ocr_par' dir='ltr' id='par_1_82' title="bbox 1830 3400 3402 3480">
     <span class='ocr_line' id='line_1_82' title="bbox 1830 3400 3402 3480; baseline -0.007 -16"><span class='ocrx_word' id='word_1_619' title='bbox 1830 3411 1987 3466; x_wconf 86' lang='lat' dir='ltr'><strong>cibus</strong></span> <span class='ocrx_word' id='word_1_620' title='bbox 2027 3410 2214 3472; x_wconf 91' lang='lat' dir='ltr'><strong>inniti,</strong></span> <span class='ocrx_word' id='word_1_621' title='bbox 2255 3411 2506 3480; x_wconf 86' lang='lat' dir='ltr'><strong>desipere</strong></span> <span class='ocrx_word' id='word_1_622' title='bbox 2536 3408 2701 3464; x_wconf 82' lang='lat' dir='ltr'><strong>corde</strong></span> <span class='ocrx_word' id='word_1_623' title='bbox 2736 3421 2799 3460; x_wconf 87' lang='lat' dir='ltr'><strong>ac</strong></span> <span class='ocrx_word' id='word_1_624' title='bbox 2830 3405 3092 3466; x_wconf 87' lang='lat' dir='ltr'><strong>delirare,</strong></span> <span class='ocrx_word' id='word_1_625' title='bbox 3140 3417 3274 3455; x_wconf 88' lang='lat' dir='ltr'><strong>voce</strong></span> <span class='ocrx_word' id='word_1_626' title='bbox 3309 3400 3402 3454; x_wconf 84' lang='lat' dir='ltr'><strong>ab-</strong></span> 
     </span>
    </p>
   </div>
   <div class='ocr_carea' id='block_1_83' title="bbox 1830 3490 3410 3570">
    <p class='ocr_par' dir='ltr' id='par_1_83' title="bbox 1830 3490 3410 3570">
     <span class='ocr_line' id='line_1_83' title="bbox 1830 3490 3410 3570; baseline -0.008 -14"><span class='ocrx_word' id='word_1_627' title='bbox 1830 3501 1995 3556; x_wconf 88' lang='lat' dir='ltr'><strong>surda</strong></span> <span class='ocrx_word' id='word_1_628' title='bbox 2026 3511 2190 3570; x_wconf 90' lang='lat' dir='ltr'><strong>atque</strong></span> <span class='ocrx_word' id='word_1_629' title='bbox 2222 3503 2397 3570; x_wconf 91' lang='lat' dir='ltr'><strong>inepta</strong></span> <span class='ocrx_word' id='word_1_630' title='bbox 2432 3497 2820 3570; x_wconf 83' lang='lat' dir='ltr'><strong>pronuntiare?</strong></span> <span class='ocrx_word' id='word_1_631' title='bbox 2863 3495 3056 3562; x_wconf 85' lang='lat' dir='ltr'><strong>Qualia</strong></span> <span class='ocrx_word' id='word_1_632' title='bbox 3099 3494 3228 3548; x_wconf 89' lang='lat' dir='ltr'><strong>huic</strong></span> <span class='ocrx_word' id='word_1_633' title='bbox 3259 3490 3410 3546; x_wconf 68' lang='lat' dir='ltr'><strong>aetati</strong></span> 
     </span>
    </p>
   </div>
   <div class='ocr_carea' id='block_1_84' title="bbox 1834 3585 3411 3650">
    <p class='ocr_par' dir='ltr' id='par_1_84' title="bbox 1834 3585 3411 3650">
     <span class='ocr_line' id='line_1_84' title="bbox 1834 3585 3411 3650; baseline -0.006 -2"><span class='ocrx_word' id='word_1_634' title='bbox 1834 3595 2150 3650; x_wconf 88' lang='lat' dir='ltr'><strong>necessario</strong></span> <span class='ocrx_word' id='word_1_635' title='bbox 2201 3595 2457 3649; x_wconf 84' lang='lat' dir='ltr'><strong>accidunt</strong></span> <span class='ocrx_word' id='word_1_636' title='bbox 2505 3592 2868 3647; x_wconf 90' lang='lat' dir='ltr'><strong>incommoda.</strong></span> <span class='ocrx_word' id='word_1_637' title='bbox 2923 3589 2987 3643; x_wconf 88' lang='lat' dir='ltr'><strong>Et</strong></span> <span class='ocrx_word' id='word_1_638' title='bbox 3020 3589 3228 3643; x_wconf 87' lang='lat' dir='ltr'><strong>idcirco</strong></span> <span class='ocrx_word' id='word_1_639' title='bbox 3271 3585 3411 3640; x_wconf 88' lang='lat' dir='ltr'><strong>indi-</strong></span> 
     </span>
    </p>
   </div>
   <div class='ocr_carea' id='block_1_85' title="bbox 1832 3679 3410 3757">
    <p class='ocr_par' dir='ltr' id='par_1_85' title="bbox 1832 3679 3410 3757">
     <span class='ocr_line' id='line_1_85' title="bbox 1832 3679 3410 3757; baseline -0.005 -19"><span class='ocrx_word' id='word_1_640' title='bbox 1832 3704 2062 3757; x_wconf 82' lang='lat' dir='ltr'><strong>gnamut‘</strong></span> <span class='ocrx_word' id='word_1_641' title='bbox 2099 3695 2152 3740; x_wconf 88' lang='lat' dir='ltr'><strong>et</strong></span> <span class='ocrx_word' id='word_1_642' title='bbox 2181 3686 2613 3751; x_wconf 88' lang='lat' dir='ltr'><strong>stomachamur,</strong></span> <span class='ocrx_word' id='word_1_643' title='bbox 2663 3683 2810 3754; x_wconf 90' lang='lat' dir='ltr'><strong>quod</strong></span> <span class='ocrx_word' id='word_1_644' title='bbox 2840 3682 2906 3736; x_wconf 88' lang='lat' dir='ltr'><strong>ad</strong></span> <span class='ocrx_word' id='word_1_645' title='bbox 2937 3679 3205 3750; x_wconf 87' lang='lat' dir='ltr'><strong>ejusmodi</strong></span> <span class='ocrx_word' id='word_1_646' title='bbox 3234 3679 3410 3731; x_wconf 92' lang='lat' dir='ltr'><strong>malo-</strong></span> 
     </span>
    </p>
   </div>
   <div class='ocr_carea' id='block_1_86' title="bbox 1834 3768 3412 3848">
    <p class='ocr_par' dir='ltr' id='par_1_86' title="bbox 1834 3768 3412 3848">
     <span class='ocr_line' id='line_1_86' title="bbox 1834 3768 3412 3848; baseline -0.005 -16"><span class='ocrx_word' id='word_1_647' title='bbox 1834 3794 1955 3832; x_wconf 88' lang='lat' dir='ltr'><strong>rum</strong></span> <span class='ocrx_word' id='word_1_648' title='bbox 1991 3779 2380 3848; x_wconf 82' lang='lat' dir='ltr'><strong>experientiam</strong></span> <span class='ocrx_word' id='word_1_649' title='bbox 2410 3793 2520 3831; x_wconf 91' lang='lat' dir='ltr'><strong>non</strong></span> <span class='ocrx_word' id='word_1_650' title='bbox 2560 3773 2904 3846; x_wconf 83' lang='lat' dir='ltr'><strong>pervenerit?</strong></span> <span class='ocrx_word' id='word_1_651' title='bbox 2949 3772 3110 3842; x_wconf 83' lang='lat' dir='ltr'><strong>Atqui</strong></span> <span class='ocrx_word' id='word_1_652' title='bbox 3146 3768 3412 3840; x_wconf 77' lang='lat' dir='ltr'><strong>gratulari</strong></span> 
     </span>
    </p>
   </div>
   <div class='ocr_carea' id='block_1_87' title="bbox 1835 3864 3411 3938">
    <p class='ocr_par' dir='ltr' id='par_1_87' title="bbox 1835 3864 3411 3938">
     <span class='ocr_line' id='line_1_87' title="bbox 1835 3864 3411 3938; baseline -0.005 -16"><span class='ocrx_word' id='word_1_653' title='bbox 1835 3869 2090 3922; x_wconf 88' lang='lat' dir='ltr'><strong>convenit</strong></span> <span class='ocrx_word' id='word_1_654' title='bbox 2134 3869 2242 3922; x_wconf 86' lang='lat' dir='ltr'><strong>illis</strong></span> <span class='ocrx_word' id='word_1_655' title='bbox 2299 3883 2530 3938; x_wconf 89' lang='lat' dir='ltr'><strong>quorum</strong></span> <span class='ocrx_word' id='word_1_656' title='bbox 2580 3869 2690 3920; x_wconf 90' lang='lat' dir='ltr'><strong>vita</strong></span> <span class='ocrx_word' id='word_1_657' title='bbox 2739 3881 2922 3921; x_wconf 90' lang='lat' dir='ltr'><strong>rerum</strong></span> <span class='ocrx_word' id='word_1_658' title='bbox 2972 3864 3292 3917; x_wconf 86' lang='lat' dir='ltr'><strong>acerbarum</strong></span> <span class='ocrx_word' id='word_1_659' title='bbox 3345 3875 3411 3914; x_wconf 88' lang='lat' dir='ltr'><strong>ac</strong></span> 
     </span>
    </p>
   </div>
   <div class='ocr_carea' id='block_1_88' title="bbox 1835 3952 3410 4028">
    <p class='ocr_par' dir='ltr' id='par_1_88' title="bbox 1835 3952 3410 4028">
     <span class='ocr_line' id='line_1_88' title="bbox 1835 3952 3410 4028; baseline -0.005 -17"><span class='ocrx_word' id='word_1_660' title='bbox 1835 3959 2073 4012; x_wconf 89' lang='lat' dir='ltr'><strong>tristium</strong></span> <span class='ocrx_word' id='word_1_661' title='bbox 2114 3960 2412 4028; x_wconf 88' lang='lat' dir='ltr'><strong>periculum</strong></span> <span class='ocrx_word' id='word_1_662' title='bbox 2440 3974 2548 4012; x_wconf 91' lang='lat' dir='ltr'><strong>non</strong></span> <span class='ocrx_word' id='word_1_663' title='bbox 2577 3958 2726 4020; x_wconf 90' lang='lat' dir='ltr'><strong>fecit,</strong></span> <span class='ocrx_word' id='word_1_664' title='bbox 2758 3965 2812 4011; x_wconf 83' lang='lat' dir='ltr'><strong>et.</strong></span> <span class='ocrx_word' id='word_1_665' title='bbox 2845 3969 2968 4009; x_wconf 91' lang='lat' dir='ltr'><strong>cum</strong></span> <span class='ocrx_word' id='word_1_666' title='bbox 3013 3953 3101 4008; x_wconf 90' lang='lat' dir='ltr'><strong>hic</strong></span> <span class='ocrx_word' id='word_1_667' title='bbox 3124 3952 3260 4006; x_wconf 87' lang='lat' dir='ltr'><strong>nihil</strong></span> <span class='ocrx_word' id='word_1_668' title='bbox 3290 3965 3410 4005; x_wconf 88' lang='lat' dir='ltr'><strong>mo-</strong></span> 
     </span>
    </p>
   </div>
   <div class='ocr_carea' id='block_1_89' title="bbox 1835 4042 3411 4111">
    <p class='ocr_par' dir='ltr' id='par_1_89' title="bbox 1835 4042 3411 4111">
     <span class='ocr_line' id='line_1_89' title="bbox 1835 4042 3411 4111; baseline -0.004 -11"><span class='ocrx_word' id='word_1_669' title='bbox 1835 4049 2003 4103; x_wconf 66' lang='lat' dir='ltr'><strong>lestiae</strong></span> <span class='ocrx_word' id='word_1_670' title='bbox 2035 4049 2294 4111; x_wconf 89' lang='lat' dir='ltr'><strong>senserit,</strong></span> <span class='ocrx_word' id='word_1_671' title='bbox 2339 4056 2454 4100; x_wconf 86' lang='lat' dir='ltr'><strong>tum</strong></span> <span class='ocrx_word' id='word_1_672' title='bbox 2488 4047 2623 4100; x_wconf 85' lang='lat' dir='ltr'><strong>nihil</strong></span> <span class='ocrx_word' id='word_1_673' title='bbox 2652 4046 2970 4101; x_wconf 87' lang='lat' dir='ltr'><strong>acerbitatis</strong></span> <span class='ocrx_word' id='word_1_674' title='bbox 3002 4045 3114 4098; x_wconf 88' lang='lat' dir='ltr'><strong>illlc</strong></span> <span class='ocrx_word' id='word_1_675' title='bbox 3163 4042 3411 4110; x_wconf 83' lang='lat' dir='ltr'><strong>experie-</strong></span> 
     </span>
    </p>
   </div>
   <div class='ocr_carea' id='block_1_90' title="bbox 1835 4136 3408 4206">
    <p class='ocr_par' dir='ltr' id='par_1_90' title="bbox 1835 4136 3408 4206">
     <span class='ocr_line' id='line_1_90' title="bbox 1835 4136 3408 4206; baseline -0.003 -14"><span class='ocrx_word' id='word_1_676' title='bbox 1835 4148 1943 4192; x_wconf 86' lang='lat' dir='ltr'><strong>tur.</strong></span> <span class='ocrx_word' id='word_1_677' title='bbox 1975 4137 2106 4191; x_wconf 83' lang='lat' dir='ltr'><strong>Nam</strong></span> <span class='ocrx_word' id='word_1_678' title='bbox 2141 4139 2413 4206; x_wconf 85' lang='lat' dir='ltr'><strong>ejusmodi</strong></span> <span class='ocrx_word' id='word_1_679' title='bbox 2450 4140 2654 4200; x_wconf 89' lang='lat' dir='ltr'><strong>anima,</strong></span> <span class='ocrx_word' id='word_1_680' title='bbox 2701 4153 2823 4192; x_wconf 88' lang='lat' dir='ltr'><strong>cum</strong></span> <span class='ocrx_word' id='word_1_681' title='bbox 2864 4138 3072 4191; x_wconf 91' lang='lat' dir='ltr'><strong>nullum</strong></span> <span class='ocrx_word' id='word_1_682' title='bbox 3105 4137 3158 4188; x_wconf 89' lang='lat' dir='ltr'><strong>in</strong></span> <span class='ocrx_word' id='word_1_683' title='bbox 3201 4151 3261 4188; x_wconf 88' lang='lat' dir='ltr'><strong>se</strong></span> <span class='ocrx_word' id='word_1_684' title='bbox 3300 4136 3408 4188; x_wconf 82' lang='lat' dir='ltr'><strong>cri-</strong></span> 
     </span>
    </p>
   </div>
   <div class='ocr_carea' id='block_1_91' title="bbox 1836 4226 3408 4297">
    <p class='ocr_par' dir='ltr' id='par_1_91' title="bbox 1836 4226 3408 4297">
     <span class='ocr_line' id='line_1_91' title="bbox 1836 4226 3408 4297; baseline -0.003 -14"><span class='ocrx_word' id='word_1_685' title='bbox 1836 4245 1957 4283; x_wconf 90' lang='lat' dir='ltr'><strong>men</strong></span> <span class='ocrx_word' id='word_1_686' title='bbox 1991 4230 2207 4290; x_wconf 88' lang='lat' dir='ltr'><strong>habeat,</strong></span> <span class='ocrx_word' id='word_1_687' title='bbox 2245 4229 2404 4297; x_wconf 88' lang='lat' dir='ltr'><strong>cujus</strong></span> <span class='ocrx_word' id='word_1_688' title='bbox 2445 4230 2666 4283; x_wconf 91' lang='lat' dir='ltr'><strong>nomine</strong></span> <span class='ocrx_word' id='word_1_689' title='bbox 2689 4230 2743 4282; x_wconf 91' lang='lat' dir='ltr'><strong>in</strong></span> <span class='ocrx_word' id='word_1_690' title='bbox 2773 4228 3037 4296; x_wconf 89' lang='lat' dir='ltr'><strong>judicium</strong></span> <span class='ocrx_word' id='word_1_691' title='bbox 3075 4226 3276 4285; x_wconf 87' lang='lat' dir='ltr'><strong>veniat.</strong></span> <span class='ocrx_word' id='word_1_692' title='bbox 3315 4241 3408 4294; x_wconf 86' lang='lat' dir='ltr'><strong>ge-</strong></span> 
     </span>
    </p>
   </div>
   <div class='ocr_carea' id='block_1_92' title="bbox 1837 4317 3408 4389">
    <p class='ocr_par' dir='ltr' id='par_1_92' title="bbox 1837 4317 3408 4389">
     <span class='ocr_line' id='line_1_92' title="bbox 1837 4317 3408 4389; baseline -0.001 -17"><span class='ocrx_word' id='word_1_693' title='bbox 1837 4320 2070 4374; x_wconf 86' lang='lat' dir='ltr'><strong>hennam</strong></span> <span class='ocrx_word' id='word_1_694' title='bbox 2103 4336 2210 4374; x_wconf 92' lang='lat' dir='ltr'><strong>non</strong></span> <span class='ocrx_word' id='word_1_695' title='bbox 2240 4323 2452 4382; x_wconf 82' lang='lat' dir='ltr'><strong>metuit,</strong></span> <span class='ocrx_word' id='word_1_696' title='bbox 2474 4321 2742 4389; x_wconf 90' lang='lat' dir='ltr'><strong>judicium</strong></span> <span class='ocrx_word' id='word_1_697' title='bbox 2776 4336 2883 4374; x_wconf 90' lang='lat' dir='ltr'><strong>non</strong></span> <span class='ocrx_word' id='word_1_698' title='bbox 2913 4321 3062 4374; x_wconf 90' lang='lat' dir='ltr'><strong>timet</strong></span> <span class='ocrx_word' id='word_1_699' title='bbox 3095 4337 3108 4372; x_wconf 91' lang='lat'>:</span> <span class='ocrx_word' id='word_1_700' title='bbox 3139 4317 3408 4387; x_wconf 86' lang='lat' dir='ltr'><strong>intrepida</strong></span> 
     </span>
    </p>
   </div>
   <div class='ocr_carea' id='block_1_93' title="bbox 1837 4412 3412 4483">
    <p class='ocr_par' dir='ltr' id='par_1_93' title="bbox 1837 4412 3412 4483">
     <span class='ocr_line' id='line_1_93' title="bbox 1837 4412 3412 4483; baseline -0.001 -18"><span class='ocrx_word' id='word_1_701' title='bbox 1837 4421 1998 4482; x_wconf 85' lang='lat' dir='ltr'><strong>atque</strong></span> <span class='ocrx_word' id='word_1_702' title='bbox 2029 4413 2396 4482; x_wconf 85' lang='lat' dir='ltr'><strong>imperterrita</strong></span> <span class='ocrx_word' id='word_1_703' title='bbox 2433 4422 2733 4483; x_wconf 84' lang='lat' dir='ltr'><strong>permanet,</strong></span> <span class='ocrx_word' id='word_1_704' title='bbox 2766 4414 2912 4467; x_wconf 87' lang='lat' dir='ltr'><strong>nulla</strong></span> <span class='ocrx_word' id='word_1_705' title='bbox 2941 4426 3102 4481; x_wconf 89' lang='lat' dir='ltr'><strong>prava</strong></span> <span class='ocrx_word' id='word_1_706' title='bbox 3125 4412 3412 4464; x_wconf 87' lang='lat' dir='ltr'><strong>conscien-</strong></span> 
     </span>
    </p>
   </div>
   <div class='ocr_carea' id='block_1_94' title="bbox 1839 4503 3410 4574">
    <p class='ocr_par' dir='ltr' id='par_1_94' title="bbox 1839 4503 3410 4574">
     <span class='ocr_line' id='line_1_94' title="bbox 1839 4503 3410 4574; baseline -0.001 -17"><span class='ocrx_word' id='word_1_707' title='bbox 1839 4507 1912 4558; x_wconf 90' lang='lat' dir='ltr'><strong>tia</strong></span> <span class='ocrx_word' id='word_1_708' title='bbox 1936 4505 2124 4574; x_wconf 89' lang='lat' dir='ltr'><strong>judicii</strong></span> <span class='ocrx_word' id='word_1_709' title='bbox 2151 4514 2412 4559; x_wconf 85' lang='lat' dir='ltr'><strong>terrorem</strong></span> <span class='ocrx_word' id='word_1_710' title='bbox 2447 4506 2760 4559; x_wconf 82' lang='lat' dir='ltr'><strong>incutiente.</strong></span> <span class='ocrx_word' id='word_1_711' title='bbox 2786 4507 2855 4558; x_wconf 82' lang='lat' dir='ltr'><strong>At</strong></span> <span class='ocrx_word' id='word_1_712' title='bbox 2877 4505 3181 4574; x_wconf 88' lang='lat' dir='ltr'><strong>oportebat,</strong></span> <span class='ocrx_word' id='word_1_713' title='bbox 3209 4503 3410 4573; x_wconf 91' lang='lat' dir='ltr'><strong>inquit,</strong></span> 
     </span>
    </p>
   </div>
   <div class='ocr_carea' id='block_1_95' title="bbox 119 4589 1731 4664">
    <p class='ocr_par' dir='ltr' id='par_1_95' title="bbox 119 4589 1731 4664">
     <span class='ocr_line' id='line_1_95' title="bbox 119 4589 1731 4664; baseline -0.001 -16"><span class='ocrx_word' id='word_1_714' title='bbox 119 4601 198 4648; x_wconf 82' lang='grc' dir='ltr'><strong>ἐν</strong></span> <span class='ocrx_word' id='word_1_715' title='bbox 250 4589 300 4661; x_wconf 80' lang='grc' dir='ltr'><strong>ᾧ</strong></span> <span class='ocrx_word' id='word_1_716' title='bbox 327 4593 551 4664; x_wconf 86' lang='grc' dir='ltr'>χηρείας</span> <span class='ocrx_word' id='word_1_717' title='bbox 601 4594 763 4661; x_wconf 70' lang='grc' dir='ltr'>φόϐος</span> <span class='ocrx_word' id='word_1_718' title='bbox 789 4595 886 4646; x_wconf 86' lang='grc' dir='ltr'><strong>οὑκ</strong></span> <span class='ocrx_word' id='word_1_719' title='bbox 921 4594 1086 4645; x_wconf 81' lang='grc' dir='ltr'>ἔστιν.</span> <span class='ocrx_word' id='word_1_720' title='bbox 1124 4595 1277 4657; x_wconf 89' lang='grc' dir='ltr'>Τίνος</span> <span class='ocrx_word' id='word_1_721' title='bbox 1310 4591 1421 4658; x_wconf 80' lang='grc' dir='ltr'>οὖν,</span> <span class='ocrx_word' id='word_1_722' title='bbox 1458 4594 1578 4646; x_wconf 84' lang='grc' dir='ltr'>εἰπέ</span> <span class='ocrx_word' id='word_1_723' title='bbox 1621 4611 1731 4664; x_wconf 88' lang='grc' dir='ltr'>μοι,</span> 
     </span>
    </p>
   </div>
   <div class='ocr_carea' id='block_1_96' title="bbox 114 4683 1731 4755">
    <p class='ocr_par' dir='ltr' id='par_1_96' title="bbox 114 4683 1731 4755">
     <span class='ocr_line' id='line_1_96' title="bbox 114 4683 1731 4755; baseline -0.001 -17"><span class='ocrx_word' id='word_1_724' title='bbox 114 4687 257 4738; x_wconf 80' lang='grc' dir='ltr'><strong>τῶν</strong></span> <span class='ocrx_word' id='word_1_725' title='bbox 309 4683 490 4736; x_wconf 85' lang='grc' dir='ltr'>καλῶν</span> <span class='ocrx_word' id='word_1_726' title='bbox 543 4685 911 4755; x_wconf 81' lang='grc' dir='ltr'>ἀπεστέρηται</span> <span class='ocrx_word' id='word_1_727' title='bbox 938 4685 1026 4736; x_wconf 72' lang='grc' dir='ltr'>τὸν</span> <span class='ocrx_word' id='word_1_728' title='bbox 1060 4684 1311 4754; x_wconf 82' lang='grc' dir='ltr'>σάρκινον</span> <span class='ocrx_word' id='word_1_729' title='bbox 1356 4685 1542 4737; x_wconf 82' lang='grc' dir='ltr'>τοῦτον</span> <span class='ocrx_word' id='word_1_730' title='bbox 1577 4685 1731 4736; x_wconf 86' lang='grc' dir='ltr'>ἐκδυ-</span> 
     </span>
    </p>
   </div>
   <div class='ocr_carea' id='block_1_97' title="bbox 117 4774 1733 4846">
    <p class='ocr_par' dir='ltr' id='par_1_97' title="bbox 117 4774 1733 4846">
     <span class='ocr_line' id='line_1_97' title="bbox 117 4774 1733 4846; baseline -0.002 -16"><span class='ocrx_word' id='word_1_731' title='bbox 117 4776 366 4846; x_wconf 81' lang='grc' dir='ltr'>σαμένη</span> <span class='ocrx_word' id='word_1_732' title='bbox 423 4775 751 4838; x_wconf 84' lang='grc' dir='ltr'>6ίον;Είπω</span> <span class='ocrx_word' id='word_1_733' title='bbox 790 4792 869 4826; x_wconf 90' lang='grc' dir='ltr'><strong>σοι</strong></span> <span class='ocrx_word' id='word_1_734' title='bbox 923 4776 989 4828; x_wconf 76' lang='grc' dir='ltr'><strong>τὰ</strong></span> <span class='ocrx_word' id='word_1_735' title='bbox 1043 4775 1134 4827; x_wconf 76' lang='grc' dir='ltr'>τοῦ</span> <span class='ocrx_word' id='word_1_736' title='bbox 1185 4775 1300 4844; x_wconf 82' lang='grc' dir='ltr'>βίου</span> <span class='ocrx_word' id='word_1_737' title='bbox 1363 4774 1531 4828; x_wconf 81' lang='grc' dir='ltr'><strong>καλὸι⁸</strong></span> <span class='ocrx_word' id='word_1_738' title='bbox 1567 4775 1733 4828; x_wconf 82' lang='grc' dir='ltr'>λύπαι</span> 
     </span>
    </p>
   </div>
   <div class='ocr_carea' id='block_1_98' title="bbox 116 4865 1730 4935">
    <p class='ocr_par' dir='ltr' id='par_1_98' title="bbox 116 4865 1730 4935">
     <span class='ocr_line' id='line_1_98' title="bbox 116 4865 1730 4935; baseline -0.001 -16"><span class='ocrx_word' id='word_1_739' title='bbox 116 4869 242 4923; x_wconf 75' lang='grc' dir='ltr'><strong>καὶ</strong></span> <span class='ocrx_word' id='word_1_740' title='bbox 281 4866 486 4935; x_wconf 64' lang='grc' dir='ltr'>ἡδοναὶ,</span> <span class='ocrx_word' id='word_1_741' title='bbox 518 4866 676 4934; x_wconf 69' lang='grc' dir='ltr'>θυμοὶ</span> <span class='ocrx_word' id='word_1_742' title='bbox 717 4867 807 4917; x_wconf 70' lang='grc' dir='ltr'><strong>καὶ</strong></span> <span class='ocrx_word' id='word_1_743' title='bbox 841 4865 1009 4932; x_wconf 69' lang='grc' dir='ltr'>φόϐοι,</span> <span class='ocrx_word' id='word_1_744' title='bbox 1041 4865 1250 4926; x_wconf 86' lang='grc' dir='ltr'>ἐλπίδες</span> <span class='ocrx_word' id='word_1_745' title='bbox 1286 4866 1380 4918; x_wconf 77' lang='grc' dir='ltr'><strong>καὶ</strong></span> <span class='ocrx_word' id='word_1_746' title='bbox 1424 4865 1730 4935; x_wconf 80' lang='grc' dir='ltr'><strong>ἐπιθυμίαι⁶</strong></span> 
     </span>
    </p>
   </div>
   <div class='ocr_carea' id='block_1_99' title="bbox 111 4951 1733 5029">
    <p class='ocr_par' dir='ltr' id='par_1_99' title="bbox 111 4951 1733 5029">
     <span class='ocr_line' id='line_1_99' title="bbox 111 4951 1733 5029; baseline -0.003 -15"><span class='ocrx_word' id='word_1_747' title='bbox 111 4959 328 5014; x_wconf 79' lang='grc' dir='ltr'>ταῦτά</span> <span class='ocrx_word' id='word_1_748' title='bbox 365 4961 477 5010; x_wconf 85' lang='grc' dir='ltr'>ἐστι</span> <span class='ocrx_word' id='word_1_749' title='bbox 511 4959 602 5010; x_wconf 81' lang='grc' dir='ltr'><strong>καὶ</strong></span> <span class='ocrx_word' id='word_1_750' title='bbox 649 4957 716 5009; x_wconf 81' lang='grc' dir='ltr'><strong>τὰ</strong></span> <span class='ocrx_word' id='word_1_751' title='bbox 753 4956 973 5009; x_wconf 76' lang='grc' dir='ltr'>τοιαῦτα</span> <span class='ocrx_word' id='word_1_752' title='bbox 1013 4951 1092 5020; x_wconf 84' lang='grc' dir='ltr'>οἷς</span> <span class='ocrx_word' id='word_1_753' title='bbox 1136 4957 1277 5010; x_wconf 81' lang='grc' dir='ltr'>κατὰ</span> <span class='ocrx_word' id='word_1_754' title='bbox 1317 4959 1415 5028; x_wconf 82' lang='grc' dir='ltr'><strong>τὴν</strong></span> <span class='ocrx_word' id='word_1_755' title='bbox 1454 4959 1733 5029; x_wconf 78' lang='grc' dir='ltr'>παροῦσαν</span> 
     </span>
    </p>
   </div>
   <div class='ocr_carea' id='block_1_100' title="bbox 111 5051 816 5123">
    <p class='ocr_par' dir='ltr' id='par_1_100' title="bbox 111 5051 816 5123">
     <span class='ocr_line' id='line_1_100' title="bbox 111 5051 816 5123; baseline -0.004 -17"><span class='ocrx_word' id='word_1_756' title='bbox 111 5055 298 5123; x_wconf 79' lang='grc' dir='ltr'>ζωὴν</span> <span class='ocrx_word' id='word_1_757' title='bbox 331 5051 816 5121; x_wconf 79' lang='grc' dir='ltr'>συμπεπλέγμεθα.</span> 
     </span>
    </p>
   </div>
   <div class='ocr_carea' id='block_1_101' title="bbox 1839 4598 3414 4665">
    <p class='ocr_par' dir='ltr' id='par_1_101' title="bbox 1839 4598 3414 4665">
     <span class='ocr_line' id='line_1_101' title="bbox 1839 4598 3414 4665; baseline -0.003 -12"><span class='ocrx_word' id='word_1_758' title='bbox 1839 4614 1956 4653; x_wconf 86' lang='lat' dir='ltr'><strong>eam</strong></span> <span class='ocrx_word' id='word_1_759' title='bbox 1985 4599 2048 4651; x_wconf 90' lang='lat' dir='ltr'><strong>ad</strong></span> <span class='ocrx_word' id='word_1_760' title='bbox 2068 4599 2276 4665; x_wconf 91' lang='lat' dir='ltr'><strong>justum</strong></span> <span class='ocrx_word' id='word_1_761' title='bbox 2305 4599 2482 4652; x_wconf 63' lang='lat' dir='ltr'><strong>aetatis</strong></span> <span class='ocrx_word' id='word_1_762' title='bbox 2507 4599 2726 4652; x_wconf 90' lang='lat' dir='ltr'><strong>modum</strong></span> <span class='ocrx_word' id='word_1_763' title='bbox 2750 4599 2988 4658; x_wconf 85' lang='lat' dir='ltr'><strong>venisse,</strong></span> <span class='ocrx_word' id='word_1_764' title='bbox 3014 4608 3066 4650; x_wconf 89' lang='lat' dir='ltr'><strong>et</strong></span> <span class='ocrx_word' id='word_1_765' title='bbox 3095 4598 3147 4650; x_wconf 91' lang='lat' dir='ltr'><strong>in</strong></span> <span class='ocrx_word' id='word_1_766' title='bbox 3172 4598 3414 4650; x_wconf 82' lang='lat' dir='ltr'><strong>thalamo</strong></span> 
     </span>
    </p>
   </div>
   <div class='ocr_carea' id='block_1_102' title="bbox 1840 4688 3415 4760">
    <p class='ocr_par' dir='ltr' id='par_1_102' title="bbox 1840 4688 3415 4760">
     <span class='ocr_line' id='line_1_102' title="bbox 1840 4688 3415 4760; baseline -0.001 -17"><span class='ocrx_word' id='word_1_767' title='bbox 1840 4691 2068 4760; x_wconf 89' lang='lat' dir='ltr'><strong>nuptiali</strong></span> <span class='ocrx_word' id='word_1_768' title='bbox 2101 4691 2418 4744; x_wconf 74' lang='lat' dir='ltr'><strong>exhilarari.</strong></span> <span class='ocrx_word' id='word_1_769' title='bbox 2453 4688 2652 4743; x_wconf 81' lang='lat' dir='ltr'><strong>Verum</strong></span> <span class='ocrx_word' id='word_1_770' title='bbox 2683 4690 2749 4742; x_wconf 90' lang='lat' dir='ltr'><strong>ad</strong></span> <span class='ocrx_word' id='word_1_771' title='bbox 2786 4692 2886 4743; x_wconf 87' lang='lat' dir='ltr'><strong>hoc</strong></span> <span class='ocrx_word' id='word_1_772' title='bbox 2915 4690 3011 4744; x_wconf 89' lang='lat' dir='ltr'><strong>tibi</strong></span> <span class='ocrx_word' id='word_1_773' title='bbox 3055 4705 3216 4742; x_wconf 86' lang='lat' dir='ltr'><strong>verus</strong></span> <span class='ocrx_word' id='word_1_774' title='bbox 3247 4703 3415 4756; x_wconf 89' lang='lat' dir='ltr'><strong>spon-</strong></span> 
     </span>
    </p>
   </div>
   <div class='ocr_carea' id='block_1_103' title="bbox 1841 4781 3420 4851">
    <p class='ocr_par' dir='ltr' id='par_1_103' title="bbox 1841 4781 3420 4851">
     <span class='ocr_line' id='line_1_103' title="bbox 1841 4781 3420 4851; baseline -0.001 -15"><span class='ocrx_word' id='word_1_775' title='bbox 1841 4800 1937 4836; x_wconf 88' lang='lat' dir='ltr'><strong>sus</strong></span> <span class='ocrx_word' id='word_1_776' title='bbox 1970 4784 2137 4846; x_wconf 77' lang='lat' dir='ltr'><strong>(licet,</strong></span> <span class='ocrx_word' id='word_1_777' title='bbox 2175 4781 2318 4851; x_wconf 88' lang='lat' dir='ltr'><strong>quod</strong></span> <span class='ocrx_word' id='word_1_778' title='bbox 2355 4783 2545 4837; x_wconf 86' lang='lat' dir='ltr'><strong>melior</strong></span> <span class='ocrx_word' id='word_1_779' title='bbox 2574 4784 2626 4835; x_wconf 93' lang='lat' dir='ltr'><strong>in</strong></span> <span class='ocrx_word' id='word_1_780' title='bbox 2673 4783 2814 4836; x_wconf 70' lang='lat' dir='ltr'><strong>cmlo</strong></span> <span class='ocrx_word' id='word_1_781' title='bbox 2841 4784 2913 4838; x_wconf 90' lang='lat' dir='ltr'><strong>sil.</strong></span> <span class='ocrx_word' id='word_1_782' title='bbox 2960 4784 3132 4835; x_wconf 84' lang='lat' dir='ltr'><strong>lectus</strong></span> <span class='ocrx_word' id='word_1_783' title='bbox 3161 4782 3420 4850; x_wconf 80' lang='lat' dir='ltr'><strong>genialis;</strong></span> 
     </span>
    </p>
   </div>
   <div class='ocr_carea' id='block_1_104' title="bbox 1841 4872 3415 4935">
    <p class='ocr_par' dir='ltr' id='par_1_104' title="bbox 1841 4872 3415 4935">
     <span class='ocr_line' id='line_1_104' title="bbox 1841 4872 3415 4935; baseline -0.001 -11"><span class='ocrx_word' id='word_1_784' title='bbox 1841 4873 2231 4927; x_wconf 84' lang='lat' dir='ltr'><strong>anteferendus</strong></span> <span class='ocrx_word' id='word_1_785' title='bbox 2294 4873 2383 4927; x_wconf 87' lang='lat' dir='ltr'><strong>ille</strong></span> <span class='ocrx_word' id='word_1_786' title='bbox 2423 4873 2717 4935; x_wconf 85' lang='lat' dir='ltr'><strong>thalamus,</strong></span> <span class='ocrx_word' id='word_1_787' title='bbox 2762 4873 2853 4925; x_wconf 86' lang='lat' dir='ltr'><strong>ubi</strong></span> <span class='ocrx_word' id='word_1_788' title='bbox 2903 4872 3185 4926; x_wconf 87' lang='lat' dir='ltr'><strong>viduitatis</strong></span> <span class='ocrx_word' id='word_1_789' title='bbox 3237 4877 3415 4924; x_wconf 88' lang='lat' dir='ltr'><strong>metus</strong></span> 
     </span>
    </p>
   </div>
   <div class='ocr_carea' id='block_1_105' title="bbox 1843 4962 3412 5031">
    <p class='ocr_par' dir='ltr' id='par_1_105' title="bbox 1843 4962 3412 5031">
     <span class='ocr_line' id='line_1_105' title="bbox 1843 4962 3412 5031; baseline -0.004 -15"><span class='ocrx_word' id='word_1_790' title='bbox 1843 4980 1948 5016; x_wconf 90' lang='lat' dir='ltr'><strong>non</strong></span> <span class='ocrx_word' id='word_1_791' title='bbox 1993 4973 2096 5018; x_wconf 88' lang='lat' dir='ltr'><strong>est.</strong></span> <span class='ocrx_word' id='word_1_792' title='bbox 2154 4963 2273 5027; x_wconf 85' lang='lat' dir='ltr'><strong>Quo</strong></span> <span class='ocrx_word' id='word_1_793' title='bbox 2304 4963 2489 5031; x_wconf 80' lang='lat' dir='ltr'><strong>igitur,</strong></span> <span class='ocrx_word' id='word_1_794' title='bbox 2523 4977 2709 5030; x_wconf 76' lang='lat' dir='ltr'><strong>quaeso</strong></span> <span class='ocrx_word' id='word_1_795' title='bbox 2747 4970 2820 5026; x_wconf 87' lang='lat' dir='ltr'><strong>te,</strong></span> <span class='ocrx_word' id='word_1_796' title='bbox 2858 4964 3003 5016; x_wconf 90' lang='lat' dir='ltr'><strong>bono</strong></span> <span class='ocrx_word' id='word_1_797' title='bbox 3052 4962 3258 5031; x_wconf 89' lang='lat' dir='ltr'><strong>privata</strong></span> <span class='ocrx_word' id='word_1_798' title='bbox 3308 4967 3412 5019; x_wconf 89' lang='lat' dir='ltr'><strong>est,</strong></span> 
     </span>
    </p>
   </div>
   <div class='ocr_carea' id='block_1_106' title="bbox 1838 5047 3417 5108">
    <p class='ocr_par' dir='ltr' id='par_1_106' title="bbox 1838 5047 3417 5108">
     <span class='ocr_line' id='line_1_106' title="bbox 1838 5047 3417 5108; baseline -0.004 -2"><span class='ocrx_word' id='word_1_799' title='bbox 1838 5069 1961 5106; x_wconf 92' lang='lat' dir='ltr'><strong>cum</strong></span> <span class='ocrx_word' id='word_1_800' title='bbox 1994 5054 2135 5108; x_wconf 89' lang='lat' dir='ltr'><strong>hanc</strong></span> <span class='ocrx_word' id='word_1_801' title='bbox 2167 5054 2439 5106; x_wconf 88' lang='lat' dir='ltr'><strong>carnalem</strong></span> <span class='ocrx_word' id='word_1_802' title='bbox 2484 5053 2650 5106; x_wconf 91' lang='lat' dir='ltr'><strong>vitam</strong></span> <span class='ocrx_word' id='word_1_803' title='bbox 2701 5053 2885 5107; x_wconf 11' lang='lat' dir='ltr'><strong>exaruit?</strong></span> <span class='ocrx_word' id='word_1_804' title='bbox 2937 5052 3119 5105; x_wconf 89' lang='lat' dir='ltr'><strong>Dicam</strong></span> <span class='ocrx_word' id='word_1_805' title='bbox 3169 5048 3262 5103; x_wconf 91' lang='lat' dir='ltr'><strong>tibi</strong></span> <span class='ocrx_word' id='word_1_806' title='bbox 3294 5047 3417 5100; x_wconf 71' lang='lat' dir='ltr'><strong>vitae</strong></span> 
     </span>
    </p>
   </div>
   <div class='ocr_carea' id='block_1_107' title="bbox 111 5144 3416 5217">
    <p class='ocr_par' dir='ltr' id='par_1_107' title="bbox 111 5144 3416 5217">
     <span class='ocr_line' id='line_1_107' title="bbox 111 5144 3416 5217; baseline -0.001 -14"><span class='ocrx_word' id='word_1_807' title='bbox 111 5156 298 5206; x_wconf 75' lang='lat' dir='ltr'><strong>bona</strong></span> <span class='ocrx_word' id='word_1_808' title='bbox 336 5164 352 5199; x_wconf 91' lang='lat'><strong>:</strong></span> <span class='ocrx_word' id='word_1_809' title='bbox 390 5145 556 5198; x_wconf 86' lang='lat' dir='ltr'><strong>animi</strong></span> <span class='ocrx_word' id='word_1_810' title='bbox 593 5144 947 5213; x_wconf 71' lang='lat' dir='ltr'><strong>mgritudiues</strong></span> <span class='ocrx_word' id='word_1_811' title='bbox 980 5156 1032 5197; x_wconf 80' lang='lat' dir='ltr'><strong>et</strong></span> <span class='ocrx_word' id='word_1_812' title='bbox 1066 5144 1349 5210; x_wconf 77' lang='lat' dir='ltr'><strong>molestiae,</strong></span> <span class='ocrx_word' id='word_1_813' title='bbox 1400 5144 1732 5215; x_wconf 88' lang='lat' dir='ltr'><strong>voluptates,</strong></span> <span class='ocrx_word' id='word_1_814' title='bbox 1776 5148 1888 5211; x_wconf 72' lang='lat' dir='ltr'><strong>irae,</strong></span> <span class='ocrx_word' id='word_1_815' title='bbox 1924 5156 2121 5208; x_wconf 89' lang='lat' dir='ltr'><strong>metus,</strong></span> <span class='ocrx_word' id='word_1_816' title='bbox 2159 5163 2320 5216; x_wconf 89' lang='lat' dir='ltr'><strong>spes,</strong></span> <span class='ocrx_word' id='word_1_817' title='bbox 2358 5147 2688 5217; x_wconf 87' lang='lat' dir='ltr'><strong>cupiditates</strong></span> <span class='ocrx_word' id='word_1_818' title='bbox 2743 5158 2798 5202; x_wconf 93' lang='lat' dir='ltr'><strong>et</strong></span> <span class='ocrx_word' id='word_1_819' title='bbox 2839 5148 3110 5204; x_wconf 88' lang='lat' dir='ltr'><strong>desideria</strong></span> <span class='ocrx_word' id='word_1_820' title='bbox 3149 5165 3160 5199; x_wconf 90' lang='lat'>:</span> <span class='ocrx_word' id='word_1_821' title='bbox 3210 5147 3324 5199; x_wconf 65' lang='lat' dir='ltr'><strong>haec</strong></span> <span class='ocrx_word' id='word_1_822' title='bbox 3361 5161 3416 5215; x_wconf 53' lang='lat' dir='ltr'><strong>et</strong></span> 
     </span>
    </p>
   </div>
   <div class='ocr_carea' id='block_1_108' title="bbox 104 5237 2450 5315">
    <p class='ocr_par' dir='ltr' id='par_1_108' title="bbox 104 5237 2450 5315">
     <span class='ocr_line' id='line_1_108' title="bbox 104 5237 2450 5315; baseline -0 -20"><span class='ocrx_word' id='word_1_823' title='bbox 104 5240 430 5315; x_wconf 72' lang='lat' dir='ltr'><strong>ejusmodi</strong></span> <span class='ocrx_word' id='word_1_824' title='bbox 485 5248 632 5304; x_wconf 84' lang='lat' dir='ltr'><strong>sunt,</strong></span> <span class='ocrx_word' id='word_1_825' title='bbox 683 5239 882 5306; x_wconf 87' lang='lat' dir='ltr'><strong>quibus</strong></span> <span class='ocrx_word' id='word_1_826' title='bbox 929 5237 982 5290; x_wconf 91' lang='lat' dir='ltr'><strong>in</strong></span> <span class='ocrx_word' id='word_1_827' title='bbox 1020 5238 1275 5305; x_wconf 68' lang='lat' dir='ltr'><strong>przesenti</strong></span> <span class='ocrx_word' id='word_1_828' title='bbox 1328 5239 1435 5290; x_wconf 88' lang='lat' dir='ltr'><strong>vita</strong></span> <span class='ocrx_word' id='word_1_829' title='bbox 1477 5237 1738 5306; x_wconf 84' lang='lat' dir='ltr'><strong>implicati</strong></span> <span class='ocrx_word' id='word_1_830' title='bbox 1777 5249 1938 5308; x_wconf 77' lang='lat' dir='ltr'><strong>atque</strong></span> <span class='ocrx_word' id='word_1_831' title='bbox 1971 5241 2206 5294; x_wconf 80' lang='lat' dir='ltr'><strong>connexi</strong></span> <span class='ocrx_word' id='word_1_832' title='bbox 2237 5255 2450 5294; x_wconf 89' lang='lat' dir='ltr'><strong>sumus.</strong></span> 
     </span>
    </p>
   </div>
   <div class='ocr_carea' id='block_1_109' title="bbox 214 5331 1721 5405">
    <p class='ocr_par' dir='ltr' id='par_1_109' title="bbox 214 5331 1721 5400">
     <span class='ocr_line' id='line_1_109' title="bbox 214 5331 1721 5400; baseline -0.003 -10"><span class='ocrx_word' id='word_1_833' title='bbox 214 5338 288 5390; x_wconf 87' lang='grc' dir='ltr'><strong>Τί</strong></span> <span class='ocrx_word' id='word_1_834' title='bbox 322 5331 417 5389; x_wconf 76' lang='grc' dir='ltr'><strong>οὖν</strong></span> <span class='ocrx_word' id='word_1_835' title='bbox 465 5334 632 5388; x_wconf 79' lang='grc' dir='ltr'>κακὸν</span> <span class='ocrx_word' id='word_1_836' title='bbox 666 5331 931 5384; x_wconf 79' lang='grc' dir='ltr'>πέπονθεν</span> <span class='ocrx_word' id='word_1_837' title='bbox 980 5333 1013 5400; x_wconf 86' lang='grc' dir='ltr'><strong>ἡ</strong></span> <span class='ocrx_word' id='word_1_838' title='bbox 1055 5331 1319 5382; x_wconf 88' lang='grc' dir='ltr'>τοσούτων</span> <span class='ocrx_word' id='word_1_839' title='bbox 1363 5331 1721 5399; x_wconf 70' lang='grc' dir='ltr'>ἀπαλλαγεῖσα</span> 
     </span>
    </p>
   </div>
   <div class='ocr_carea' id='block_1_110' title="bbox 1835 5331 3416 5405">
    <p class='ocr_par' dir='ltr' id='par_1_110' title="bbox 1911 5334 3416 5405">
     <span class='ocr_line' id='line_1_110' title="bbox 1911 5334 3416 5405; baseline 0.001 -17"><span class='ocrx_word' id='word_1_840' title='bbox 1911 5335 2052 5400; x_wconf 88' lang='lat' dir='ltr'><strong>Quid</strong></span> <span class='ocrx_word' id='word_1_841' title='bbox 2086 5334 2252 5403; x_wconf 84' lang='lat' dir='ltr'><strong>igitur</strong></span> <span class='ocrx_word' id='word_1_842' title='bbox 2279 5334 2407 5388; x_wconf 88' lang='lat' dir='ltr'><strong>mali</strong></span> <span class='ocrx_word' id='word_1_843' title='bbox 2456 5335 2655 5388; x_wconf 90' lang='lat' dir='ltr'><strong>accidit</strong></span> <span class='ocrx_word' id='word_1_844' title='bbox 2700 5335 2774 5395; x_wconf 80' lang='lat' dir='ltr'><strong>ei,</strong></span> <span class='ocrx_word' id='word_1_845' title='bbox 2805 5349 2926 5402; x_wconf 71' lang='lat' dir='ltr'><strong>quae</strong></span> <span class='ocrx_word' id='word_1_846' title='bbox 2975 5347 3003 5385; x_wconf 86' lang='lat' dir='ltr'><strong>a</strong></span> <span class='ocrx_word' id='word_1_847' title='bbox 3043 5341 3124 5386; x_wconf 91' lang='lat' dir='ltr'><strong>tot</strong></span> <span class='ocrx_word' id='word_1_848' title='bbox 3165 5335 3416 5405; x_wconf 86' lang='lat' dir='ltr'><strong>tyrannis</strong></span> 
     </span>
    </p>
   </div>
   <div class='ocr_carea' id='block_1_111' title="bbox 98 5422 1721 5501">
    <p class='ocr_par' dir='ltr' id='par_1_111' title="bbox 98 5422 1721 5501">
     <span class='ocr_line' id='line_1_111' title="bbox 98 5422 1721 5501; baseline -0.02 20"><span class='ocrx_word' id='word_1_849' title='bbox 98 5431 467 5501; x_wconf 53' lang='grc' dir='ltr'><strong>τυράννωνῖ</strong></span> <span class='ocrx_word' id='word_1_850' title='bbox 504 5427 778 5478; x_wconf 52' lang='lat' dir='ltr'><strong>&quot;Emam&quot;</strong></span> <span class='ocrx_word' id='word_1_851' title='bbox 805 5423 914 5494; x_wconf 62' lang='grc' dir='ltr'>γάρ</span> <span class='ocrx_word' id='word_1_852' title='bbox 946 5422 1132 5485; x_wconf 78' lang='grc' dir='ltr'>πάθος,</span> <span class='ocrx_word' id='word_1_853' title='bbox 1161 5423 1289 5474; x_wconf 84' lang='grc' dir='ltr'>ὅταν</span> <span class='ocrx_word' id='word_1_854' title='bbox 1313 5423 1606 5493; x_wconf 69' lang='grc' dir='ltr'>ἐπικρατῇ,</span> <span class='ocrx_word' id='word_1_855' title='bbox 1637 5425 1721 5493; x_wconf 68' lang='grc' dir='ltr'>τῆς</span> 
     </span>
    </p>
   </div>
   <div class='ocr_carea' id='block_1_112' title="bbox 1835 5422 3419 5501">
    <p class='ocr_par' dir='ltr' id='par_1_112' title="bbox 1841 5424 3419 5495">
     <span class='ocr_line' id='line_1_112' title="bbox 1841 5424 3419 5495; baseline 0 -17"><span class='ocrx_word' id='word_1_856' title='bbox 1841 5427 2066 5479; x_wconf 84' lang='lat' dir='ltr'><strong>liberata</strong></span> <span class='ocrx_word' id='word_1_857' title='bbox 2101 5425 2211 5478; x_wconf 87' lang='lat' dir='ltr'><strong>sit?</strong></span> <span class='ocrx_word' id='word_1_858' title='bbox 2243 5424 2633 5495; x_wconf 83' lang='lat' dir='ltr'><strong>Unusquisque</strong></span> <span class='ocrx_word' id='word_1_859' title='bbox 2661 5427 2804 5480; x_wconf 87' lang='lat' dir='ltr'><strong>enim</strong></span> <span class='ocrx_word' id='word_1_860' title='bbox 2843 5424 3072 5480; x_wconf 74' lang='lat' dir='ltr'><strong>affectus</strong></span> <span class='ocrx_word' id='word_1_861' title='bbox 3103 5439 3167 5478; x_wconf 88' lang='lat' dir='ltr'><strong>ac</strong></span> <span class='ocrx_word' id='word_1_862' title='bbox 3201 5436 3419 5494; x_wconf 77' lang='lat' dir='ltr'><strong>pertur~</strong></span> 
     </span>
    </p>
   </div>
   <div class='ocr_carea' id='block_1_113' title="bbox 92 5513 1721 5596">
    <p class='ocr_par' dir='ltr' id='par_1_113' title="bbox 92 5513 1721 5596">
     <span class='ocr_line' id='line_1_113' title="bbox 92 5513 1721 5596; baseline -0.003 -25"><span class='ocrx_word' id='word_1_863' title='bbox 92 5522 329 5596; x_wconf 58' lang='grc' dir='ltr'>ψ-,νχῆς</span> <span class='ocrx_word' id='word_1_864' title='bbox 367 5519 626 5589; x_wconf 86' lang='grc' dir='ltr'>τύραννος</span> <span class='ocrx_word' id='word_1_865' title='bbox 670 5517 822 5587; x_wconf 75' lang='grc' dir='ltr'>ἡμῶν</span> <span class='ocrx_word' id='word_1_866' title='bbox 856 5515 1086 5584; x_wconf 84' lang='grc' dir='ltr'>γίνεται,</span> <span class='ocrx_word' id='word_1_867' title='bbox 1126 5514 1253 5575; x_wconf 70' lang='grc' dir='ltr'>τοὺς</span> <span class='ocrx_word' id='word_1_868' title='bbox 1281 5513 1572 5582; x_wconf 80' lang='grc' dir='ltr'>λογισμοὺς</span> <span class='ocrx_word' id='word_1_869' title='bbox 1610 5515 1721 5566; x_wconf 84' lang='grc' dir='ltr'>δου-</span> 
     </span>
    </p>
   </div>
   <div class='ocr_carea' id='block_1_114' title="bbox 1835 5513 3417 5596">
    <p class='ocr_par' dir='ltr' id='par_1_114' title="bbox 1840 5516 3417 5586">
     <span class='ocr_line' id='line_1_114' title="bbox 1840 5516 3417 5586; baseline 0 -16"><span class='ocrx_word' id='word_1_870' title='bbox 1840 5519 2010 5581; x_wconf 72' lang='grc' dir='ltr'>Ιιιιὶῖο,</span> <span class='ocrx_word' id='word_1_871' title='bbox 2053 5533 2177 5570; x_wconf 91' lang='lat' dir='ltr'><strong>cum</strong></span> <span class='ocrx_word' id='word_1_872' title='bbox 2213 5518 2468 5586; x_wconf 75' lang='lat' dir='ltr'><strong>przevalet</strong></span> <span class='ocrx_word' id='word_1_873' title='bbox 2500 5533 2564 5571; x_wconf 89' lang='lat' dir='ltr'><strong>ac</strong></span> <span class='ocrx_word' id='word_1_874' title='bbox 2596 5517 2930 5581; x_wconf 90' lang='lat' dir='ltr'><strong>dominatur,</strong></span> <span class='ocrx_word' id='word_1_875' title='bbox 2968 5517 3275 5570; x_wconf 88' lang='lat' dir='ltr'><strong>rationibus</strong></span> <span class='ocrx_word' id='word_1_876' title='bbox 3311 5516 3417 5570; x_wconf 83' lang='lat' dir='ltr'><strong>sibi</strong></span> 
     </span>
    </p>
   </div>
   <div class='ocr_carea' id='block_1_115' title="bbox 94 5605 1721 5683">
    <p class='ocr_par' dir='ltr' id='par_1_115' title="bbox 94 5605 1721 5683">
     <span class='ocr_line' id='line_1_115' title="bbox 94 5605 1721 5683; baseline -0.006 -16"><span class='ocrx_word' id='word_1_877' title='bbox 94 5614 490 5683; x_wconf 66' lang='grc' dir='ltr'>λευσὰμενον.</span> <span class='ocrx_word' id='word_1_878' title='bbox 523 5611 592 5662; x_wconf 85' lang='grc' dir='ltr'><em>Ἢ</em></span> <span class='ocrx_word' id='word_1_879' title='bbox 626 5608 784 5661; x_wconf 85' lang='grc' dir='ltr'>λυπεῖ</span> <span class='ocrx_word' id='word_1_880' title='bbox 815 5607 961 5677; x_wconf 75' lang='grc' dir='ltr'>ἡμᾶς</span> <span class='ocrx_word' id='word_1_881' title='bbox 982 5647 995 5668; x_wconf 92' lang='grc'><strong>,</strong></span> <span class='ocrx_word' id='word_1_882' title='bbox 1032 5607 1112 5658; x_wconf 82' lang='grc' dir='ltr'><strong>ὅτι</strong></span> <span class='ocrx_word' id='word_1_883' title='bbox 1150 5605 1223 5676; x_wconf 80' lang='grc' dir='ltr'>μὴ</span> <span class='ocrx_word' id='word_1_884' title='bbox 1266 5605 1610 5676; x_wconf 77' lang='grc' dir='ltr'>κατεπονήθη</span> <span class='ocrx_word' id='word_1_885' title='bbox 1645 5605 1721 5658; x_wconf 68' lang='grc' dir='ltr'>διὰ</span> 
     </span>
    </p>
   </div>
   <div class='ocr_carea' id='block_1_116' title="bbox 1835 5605 3422 5683">
    <p class='ocr_par' dir='ltr' id='par_1_116' title="bbox 1838 5608 3422 5679">
     <span class='ocr_line' id='line_1_116' title="bbox 1838 5608 3422 5679; baseline 0.001 -17"><span class='ocrx_word' id='word_1_886' title='bbox 1838 5608 2170 5679; x_wconf 70' lang='lat' dir='ltr'><strong>snlijugatis,</strong></span> <span class='ocrx_word' id='word_1_887' title='bbox 2197 5609 2364 5662; x_wconf 90' lang='lat' dir='ltr'><strong>animi</strong></span> <span class='ocrx_word' id='word_1_888' title='bbox 2396 5610 2571 5663; x_wconf 90' lang='lat' dir='ltr'><strong>nostri</strong></span> <span class='ocrx_word' id='word_1_889' title='bbox 2601 5619 2867 5679; x_wconf 79' lang='lat' dir='ltr'><strong>tyrannus</strong></span> <span class='ocrx_word' id='word_1_890' title='bbox 2893 5608 3129 5663; x_wconf 76' lang='lat' dir='ltr'><strong>exsistit.</strong></span> <span class='ocrx_word' id='word_1_891' title='bbox 3164 5608 3246 5662; x_wconf 85' lang='lat' dir='ltr'><strong>An</strong></span> <span class='ocrx_word' id='word_1_892' title='bbox 3275 5608 3422 5664; x_wconf 80' lang='lat' dir='ltr'><strong>male</strong></span> 
     </span>
    </p>
   </div>
   <div class='ocr_carea' id='block_1_117' title="bbox 219 5795 752 5864">
    <p class='ocr_par' dir='ltr' id='par_1_117' title="bbox 219 5795 752 5864">
     <span class='ocr_line' id='line_1_117' title="bbox 219 5795 752 5864; baseline 0.002 -14"><span class='ocrx_word' id='word_1_893' title='bbox 219 5799 243 5828; x_wconf 80' lang='grc'>³</span> <span class='ocrx_word' id='word_1_894' title='bbox 283 5795 475 5851; x_wconf 79' lang='lat' dir='ltr'><strong>Matth.</strong></span> <span class='ocrx_word' id='word_1_895' title='bbox 510 5813 634 5864; x_wconf 53' lang='grc' dir='ltr'>τις,</span> <span class='ocrx_word' id='word_1_896' title='bbox 666 5797 752 5851; x_wconf 66' lang='lat' dir='ltr'><strong>ll.</strong></span> 
     </span>
    </p>
   </div>
   <div class='ocr_carea' id='block_1_118' title="bbox 866 5789 1796 5860">
    <p class='ocr_par' dir='ltr' id='par_1_118' title="bbox 866 5789 1796 5860">
     <span class='ocr_line' id='line_1_118' title="bbox 866 5789 1796 5860; baseline -0.006 -13"><span class='ocrx_word' id='word_1_897' title='bbox 866 5795 884 5825; x_wconf 85' lang='grc'>⁸</span> <span class='ocrx_word' id='word_1_898' title='bbox 911 5793 1053 5849; x_wconf 83' lang='lat' dir='ltr'><strong>Psal.</strong></span> <span class='ocrx_word' id='word_1_899' title='bbox 1089 5809 1204 5860; x_wconf 85' lang='lat' dir='ltr'><strong>cm,</strong></span> <span class='ocrx_word' id='word_1_900' title='bbox 1253 5793 1302 5846; x_wconf 86' lang='lat' dir='ltr'><strong>l.</strong></span> <span class='ocrx_word' id='word_1_901' title='bbox 1377 5790 1396 5822; x_wconf 68' lang='grc'>⁸</span> <span class='ocrx_word' id='word_1_902' title='bbox 1425 5789 1572 5845; x_wconf 84' lang='lat' dir='ltr'><strong>Psal.</strong></span> <span class='ocrx_word' id='word_1_903' title='bbox 1608 5803 1723 5854; x_wconf 86' lang='lat' dir='ltr'><strong>vut,</strong></span> <span class='ocrx_word' id='word_1_904' title='bbox 1749 5789 1796 5842; x_wconf 76' lang='grc'>3.</span> 
     </span>
    </p>
   </div>
  </div>
