1810 3147
451 110 484 138 IN
506 110 645 139 I‘UNERE
664 110 876 138 PULCHERIE
892 110 1035 137 ORATIO.
1507 113 1559 140 87'-

32 179 62 205 ρ,
83 171 123 196 καὶ
138 171 194 201 ταῖς
215 169 326 201 ὠλέναις
346 170 426 197 αὑτὸν
447 169 637 206 ὲμπλεξαμένη
648 190 656 203 ,
671 170 724 205 πρὸ
738 184 746 205 ΔΑ

846 179 857 197 e
879 175 1094 198 consentaneum
1120 170 1156 198 sit
1177 170 1364 197 Abrallamnm
1387 170 1512 198 affectum
1534 177 1560 199 et

31 216 40 241 5
55 215 99 250 τήν
118 215 217 250 καιρίαν
232 215 347 249 ἐδέχετο.
369 213 430 251 Ἆρ’
448 215 497 242 οὐχ
512 213 588 241 εἶπεν
606 215 640 241 ἂν
654 215 721 249 πρὸς

32 260 139 295 Ἀϐραὰμ
152 260 234 287 ταῦτα
248 260 282 286 τὰ
296 261 423 295 ῥήματα;
446 261 540 286 Φείσαι
555 260 602 286 τοῦ
616 260 719 293 παιδὸς,

31 329 33 334 ,
51 307 85 341 μὴ
101 307 206 341 πονηρὸν
219 306 287 342 γένῃ
296 306 343 332 τοῦ
359 306 417 341 βίου
430 306 551 341 διήγημα
561 325 568 337 ,
585 306 622 341 μὴ
638 305 721 340 μῦθος

31 352 74 378 ετὰ
89 352 165 379 ταῦτα
178 351 265 387 χρόνῳ
286 351 447 386 γενώμεθα,
474 351 511 387 μὴ
528 351 664 386 φθονήσῃς
682 350 722 386 τῷ

31 399 63 432 ῆς
75 399 149 433 ζωῆς,
162 398 198 434 μὴ
211 399 344 434 στερήσῃς
357 398 437 424 αὑτὸν
449 398 498 432 τῆς
510 397 637 432 γλυκείας
647 398 721 424 ἀκτῖ-

31 444 133 478 ιάλαμος
144 443 259 474 τέκνοις,
271 443 302 469 ού
314 443 397 477 τάφος
412 443 487 478 παρὰ
501 442 627 477 πατέρων
640 450 721 468 orto-.2-

30 498 54 517 αι
64 499 70 505 ·
86 491 207 524 στέφανος
221 489 348 525 γαμικὸς,
362 490 392 516 οὺ
405 488 479 523 ξίφος
494 488 611 522 φονικόν·
630 488 720 522 γαμὴ-

30 537 143 572 λαμπὰς,
156 537 185 563 οὺ
203 536 258 571 πῦρ
280 535 431 570 ἐπιτάφιον.
452 535 544 561 Ταῦτα
564 534 660 570 λῃσταὶ
675 534 722 560 καὶ

30 591 67 610 ,ιοι
78 604 84 616 ,
103 584 131 610 οὺ
148 583 272 618 πατέρων
292 584 382 618 χεῖρες
394 582 440 608 ἐπὶ
455 581 508 608 τῶν
524 581 625 607 τέκνων
644 581 722 616 ἐργά-

30 638 44 657 ι.
57 629 87 656 Εί
97 630 123 656 δὲ
134 630 184 665 χρὴ
194 630 303 660 πάντως
314 628 440 663 γενέσθαι
453 628 484 654 τὸ
499 627 592 660 κακὸν,
609 627 646 662 μὴ
658 627 721 653 είδοι

30 683 51 706 ις
69 675 200 710 ὀφθαλμὸς
216 675 396 711 νεκρούμενον
412 674 458 701 τὸν
476 675 578 701 Ἰσαάκ.
606 674 671 701 Ἰδοὺ
688 674 722 701 δι’

30 722 102 757 ’ἑρων
123 719 190 749 ὦσον
213 722 243 748 τὸ
264 721 358 755 ξίφος,
377 722 423 748 ἀπ’
445 721 512 756 ἐμοῦ
534 722 584 756 τῆς
603 721 722 752 δειλαίας

30 776 107 799 ενος·
134 768 182 802 μία
199 768 255 799 τοῖς
269 767 346 794 δυσὶν
367 767 478 801 ἀρκέσει
501 767 601 803 πληγή.
626 767 722 793 Κηινὸν

30 814 164 849 μφοτέρων
187 813 306 848 γινέσθω
329 814 361 840 τὸ
382 814 471 849 χῶμα”
499 813 547 849 μία
570 812 654 848 στήλη
673 813 722 848 τὴν

43 860 180 895 συμφορὰν
197 858 381 895 τραγῳδείτω.

775 216 924 242 animalum
952 215 1074 242 futurum
1091 214 1188 247 fuisse,
1207 215 1229 242 si
1249 215 1282 242 ad
1299 219 1457 249 prasentcm
1473 216 1560 243 solam

774 260 857 286 vitam
884 260 1051 294 respiceret.
1076 260 1099 287 si
1128 267 1225 287 servus
1255 264 1360 287 natura:
1377 264 1461 293 esset,
1486 262 1507 289 si
1533 262 1560 288 in

774 306 903 341 praesenti
932 306 1034 334 saeculo
1057 306 1118 333 vita!
1134 306 1308 333 dulcedinem
1330 307 1483 334 consistere
1502 308 1560 334 exi-

774 353 909 379 stimaret.
936 350 989 379 Sed
1010 352 1075 386 quid
1097 353 1130 379 de
1150 352 1195 378 illo
1222 352 1295 382 diro,
1318 353 1419 381 omissa
1445 353 1560 380 muliere

774 397 923 425 inﬁrmiore
937 402 1015 433 parte
1031 398 1157 425 humanae
1170 401 1289 425 natum-2’
1304 398 1361 425 Nisi
1376 403 1402 425 et
1419 400 1463 425 illa
1475 407 1488 425 ει
1502 400 1559 426 viro

773 445 864 472 divina
879 444 1042 477 didicisset;
1058 444 1111 472 nisi
1124 445 1249 472 sclvissct
1264 445 1401 471 occultant
1419 446 1501 471 vitam
1515 454 1558 477 ea,

772 498 833 525 quae
841 496 963 525 apparet,
971 498 1033 518 esse
1041 491 1173 526 potiorem
1182 512 1189 524 ,
1198 499 1250 517 non
1259 492 1440 518 commissura
1450 493 1557 526 fuisset,

773 543 803 564 ut
818 539 859 565 vir
873 538 1009 571 eiusmodi
1027 538 1093 572 quid
1119 538 1253 565 adversus
1274 538 1357 564 ﬁlium
1373 543 1555 573 perpetraret.

773 583 890 611 Prorsus
912 585 984 611 enim
1008 584 1140 611 maternis
1163 588 1299 611 commota
1324 585 1479 611 visceribus
1503 586 1557 611 lilio

772 629 939 657 circumfusa
956 629 1064 661 fuisset,
1086 634 1114 656 et
1132 630 1203 657 ulnis
1218 638 1278 657 cum
1295 631 1418 664 amplexa
1437 639 1485 665 pro
1499 632 1558 665 ipso

773 674 852 702 letale
869 676 968 703 vulnus
984 676 1148 709 accepisset.
1170 676 1212 703 An
1237 683 1290 703 non
1316 677 1349 703 ad
1372 676 1557 704 Aliraliamum

772 720 903 755 ejusmodi
918 721 1009 748 verbis
1028 728 1110 748 usura
1126 721 1242 749 fuisset?
1258 721 1344 750 Parce
1361 722 1428 753 lilio,
1451 723 1487 749 mi
1506 723 1558 756 vir,

773 775 807 794 ne
824 774 913 802 pravae
930 767 957 793 in
976 767 1032 793 vita
1057 767 1225 795 narrationis
1243 768 1357 795 materia
1381 768 1441 801 tias,
1467 777 1501 795 ne
1517 768 1558 795 ia-

774 812 836 839 bula
857 812 1010 847 insequenti
1025 813 1143 847 tempori
1166 813 1274 844 ﬁamus,
1292 821 1326 841 ne
1344 813 1403 840 lilio
1416 814 1499 840 vitam
1516 813 1559 840 in-

739 858 759 884 B
773 859 877 889 videas.
893 866 926 886 ne
942 859 1032 893 prives
1048 866 1110 886 eum
1129 859 1202 886 dulci
1220 859 1298 886 radio
1318 860 1421 892 solari;
1435 860 1558 895 nuptiale

30 905 94 933 Ilum
114 906 186 939 ﬁliis,
209 914 262 934 non
280 907 437 941 sepulcrum
453 914 468 933 a
485 907 608 942 patribus
626 907 717 934 curari
736 912 818 941 atque
841 906 948 934 institui
984 907 1071 939 solet;
1099 914 1203 934 corona
1239 908 1379 943 nuptialis,
1406 915 1459 935 non
1483 908 1558 935 ensis

41 962 48 986 ;
78 953 145 980 ta'da
171 954 344 989 conjugalis,

387 961 440 981 non
468 954 539 989 ignis
567 954 736 988 sepulcralis.
765 953 828 980 Ilaec
848 954 970 981 latrones
997 957 1024 980 et
1050 954 1162 985 hostes,
1191 961 1245 981 non
1272 958 1381 988 patrum
1409 961 1505 981 manus
1528 953 1556 980 in

29 1004 176 1034 :-rpetrant.
193 999 270 1034 Quod
286 1001 309 1028 si
324 1001 436 1028 omnino
450 1001 550 1027 malum
564 1000 713 1035 perpetrari
737 1007 768 1026 ac
788 1000 977 1035 rcprmsentari
1001 1004 1110 1035 oportet
1127 1010 1133 1027 :
1160 1008 1195 1028 ne
1225 1000 1315 1031 videat
1347 1001 1445 1028 oculus
1466 1000 1557 1027 Sarra:

33 1053 59 1071 III
78 1045 180 1079 necari,
199 1052 232 1073 en
252 1052 302 1080 per
330 1049 479 1080 utrumque
502 1045 583 1079 adige
607 1044 737 1079 gladium,
759 1052 773 1071 a
790 1053 832 1072 me
859 1044 959 1072 misera
974 1045 1052 1072 initio
1068 1045 1152 1076 facto,
1173 1053 1226 1072 una
1247 1045 1381 1073 ambobus
1396 1047 1475 1081 plaga
1489 1047 1558 1074 satis

29 1094 167 1121 onunuuis
187 1094 320 1121 ambobus
335 1094 457 1121 tumulus
478 1093 621 1123 excitetur.
648 1099 720 1120 unus
741 1092 839 1120 titulus
853 1092 1038 1120 miserabilem
1056 1092 1198 1127 utriusque
1221 1100 1317 1121 casum
1346 1094 1453 1129 prodat.

29 1147 64 1165 τα
80 1138 186 1170 πάντως
200 1138 232 1165 ἂν
246 1139 293 1165 καὶ
304 1138 339 1165 τὰ
352 1139 463 1166 τοιαῦτα
477 1138 575 1174 διεξῄει
588 1140 604 1173 ή
617 1139 720 1174 Eappa,

29 1186 115 1210 ἐκεῖνα
129 1186 183 1216 τοῖς
197 1184 345 1219 ὀφθαλμοῖς
357 1184 480 1215 ἔϐλεπεν,
492 1184 563 1219 ἆπερ
574 1184 637 1219 ἡμῖν
648 1185 722 1211 ἔστιν

29 1238 44 1256 ι.
72 1230 146 1265 ᾜδει
161 1229 215 1264 γὰρ
234 1229 319 1256 ὅτιτὸ
340 1229 415 1260 τέλος
436 1229 487 1264 τῆς
503 1229 533 1255 ὲν
547 1229 629 1263 σαρκὶ
649 1228 721 1263 ζωῆς

29 1276 68 1302 τοῦ
81 1275 215 1311 θειοτέρου
229 1275 285 1310 βίου
301 1277 357 1307 τοῖς
372 1275 521 1309 μεταστᾶσι
539 1274 657 1308 γίνεται·
670 1283 720 1301 κα-

31 1329 56 1347 ει
86 1322 182 1353 σκιὰς,
209 1319 412 1355 καταλαμϐάνει
439 1320 577 1356 ἀλήθειαν·
608 1320 720 1354 ἀφίησιν

29 1375 38 1397 ς
54 1366 103 1392 καὶ
114 1366 217 1396 πλάνας
229 1366 276 1392 καὶ
285 1365 425 1401 θορύϐους,
443 1366 490 1391 καὶ
499 1365 618 1401 εὑρίσκει
628 1366 717 1391 ἐκεῖνα

29 1412 70 1438 ιθὰ
80 1432 87 1444 ,
109 1412 127 1439 ἃ
143 1412 213 1447 ὑπὲρ
226 1410 366 1446 ὀφθαλμόν
383 1420 414 1437 τε
431 1411 478 1437 καὶ
493 1411 577 1445 ἀκοὴν
590 1411 636 1437 καὶ
650 1420 717 1443 καρ-

29 1460 90 1486 ιτίν.
105 1458 172 1485 οὔτε
191 1459 261 1494 ἔρως
278 1459 358 1485 αὐτὸν
374 1458 495 1490 ἀνιάσει,
512 1457 574 1485 οὔτε
587 1458 718 1493 ἐπιθυμία

29 1506 44 1532 ὰ
61 1505 258 1542 παραστρέψει·
273 1505 320 1539 οὐχ
333 1504 506 1540 ὑπερηφανία
515 1504 657 1539 χαυνώσει·
670 1504 719 1530 οὐκ

30 1560 37 1577 ι
57 1551 144 1582 πάθος
157 1550 212 1577 τῶν
226 1550 381 1577 λυπούντων
399 1549 449 1585 τὴν
461 1549 550 1585 ψυχὴν
565 1549 717 1586 ἐνοχλήσει,

28 1597 103 1624 πάντα
114 1596 219 1631 γίνεται
233 1595 307 1631 αὐτῷ
318 1596 415 1627 ὁΘεός.
427 1596 475 1622 Διὰ
484 1595 562 1622 τοῦτο
574 1596 719 1631 προθύμως

34 1642 75 1678 τῷ
96 1642 155 1678 Θεῷ
167 1642 213 1670 τὸν
228 1642 318 1669 παῖδα.
332 1642 364 1668 Τί
383 1642 410 1668 δὲ
423 1642 437 1668 ὁ
456 1642 542 1677 μέγας
565 1641 639 1674 ’1ώ6;
655 1642 719 1668 Ὅτε

28 1688 199 1725 γυμνωθέντι
221 1688 330 1715 πάντων
350 1688 405 1714 τῶν
428 1687 576 1723 περιόντων
597 1686 718 1722 ἀθρόως,

28 1736 57 1762 πὶ
68 1736 132 1767 ταῖς
147 1734 346 1771 προλαὸούσαις
359 1735 476 1769 πληγαῖς
489 1734 539 1769 τὴν
550 1733 639 1769 ψυχήν
653 1734 720 1760 ἀνα-

28 1790 76 1812 αι,
110 1780 127 1817 ή
148 1780 291 1807 τελευταία
315 1779 489 1814 κατεμηνύθη
517 1779 625 1814 πληγὴ,
646 1779 720 1811 ὅπως

28 1837 35 1854 ι
59 1828 112 1862 τὴν
129 1827 176 1853 ὲπὶ
196 1827 253 1858 τοῖς
275 1827 353 1853 παισὶ
368 1826 527 1861 συμφοράν;
545 1826 625 1861 Τρεῖς
646 1824 720 1861 αὐτῷ

28 1882 79 1909 ρες
95 1871 178 1909 ἦσαν,
193 1872 240 1899 καὶ
250 1872 343 1903 παῖδες
356 1872 439 1898 ὲπτά·
450 1872 615 1907 μακαριστὸς
628 1869 662 1907 ἦν
671 1872 720 1907 τῆς

28 1920 71 1951 ἷας
81 1926 90 1934 ⁸
107 1919 231 1946 τοσοῦτοι
243 1919 297 1954 γὰρ
311 1918 397 1950 ὄντες,
410 1916 450 1949 εἷς
460 1916 530 1953 ἦσαν
541 1919 565 1944 ot
576 1918 675 1949 πὰπες
686 1918 720 1952 τῇ

28 1966 142 2001 λλήλων
164 1967 283 2001 στοργῇ·
302 1964 333 1992 οὐ
352 1964 524 2001 διῃρημένως
543 1963 603 1990 καθ’
626 1963 721 1990 ἑαυτὸν

28 2021 36 2044 ς
50 2011 236 2047 βιοτεύοντες,
251 2010 319 2038 ἀλλὰ
331 2011 431 2042 πάντες
443 2011 507 2045 παρ’
525 2009 647 2045 ἀλλήλοις
663 2017 721 2044 φοι-

28 2079 31 2088 ,
58 2057 107 2084 διὰ
134 2057 185 2088 τῆς
206 2056 350 2090 ἐγκυκλίου
370 2055 568 2091 φιλοφροσύνης
589 2054 721 2082 διετέλουν

28 2111 124 2134 ιοντες
143 2102 274 2137 ἀλλήλους
291 2103 319 2127 ὲν
332 2100 370 2135 τῷ
390 2100 467 2136 μέρει
479 2100 524 2127 καὶ
542 2100 722 2136 εὐφραινόμε-

28 2150 46 2177 ιὶ
60 2149 137 2184 δῆτα
151 2149 199 2175 καὶ
212 2149 271 2175 τότε
289 2148 359 2175 κατὰ
371 2148 494 2182 περίοδον
513 2148 588 2182 παρὰ
601 2147 640 2182 τῷ
659 2155 722 2182 πρε-

28 2207 45 2233 ρ
67 2196 128 2222 τῶν
148 2194 270 2229 ἀδελφῶν
294 2192 327 2230 ἦν
344 2194 374 2220 τὺ
390 2194 539 2228 συμπόσιον
550 2201 556 2208 ·
573 2194 684 2229 πλήρεις
696 2193 720 2219 οἱ

28 2252 71 2274 ες,
87 2242 201 2277 πλήρης
218 2241 271 2267 τῶν
283 2240 420 2275 ἐδωδίμων
431 2240 448 2274 ή
463 2240 586 2274 τράπεζα
596 2247 602 2253 ·
615 2240 644 2265 ὲν
657 2247 720 2274 χερ-

29 2288 170 2319 κύλικες·
186 2287 324 2322 θεάματα,
337 2285 375 2317 ὡς
388 2285 470 2317 είκὺς,
489 2285 534 2311 ἐπὶ
550 2284 652 2315 τούτοις
674 2284 721 2310 καὶ

28 2342 100 2364 ατα,
118 2333 170 2359 καὶ
185 2333 268 2358 πᾶσαι
288 2331 416 2367 θυμηδίαι
429 2329 609 2366 συμποτικαί·
621 2330 720 2364 τρόπος

28 2378 218 2415 ιοῳροσύναι,
238 2378 367 2412 παίγνια,
386 2377 559 2413 μειδιάματα·
574 2376 661 2403 πάντα
671 2377 721 2402 ὅσα

28 2435 39 2451 ν
58 2425 173 2460 συνόδῳ
194 2425 261 2451 νέων
274 2424 316 2458 ἐφ’
330 2424 422 2456 ἑστίας
440 2422 615 2459 ἀθρύνεσθαι.
629 2422 661 2448 Τί
673 2420 719 2449 οὖν

29 2480 115 2504 τοις;
137 2470 184 2497 Ἐν
201 2471 276 2506 ἀκμῇ
289 2472 338 2505 τῆς
352 2470 527 2501 ἀπολαύσεως
536 2469 590 2496 τῶν
604 2469 719 2504 ἡδίστων

28 2518 132 2549 θέντος
153 2517 246 2548 αὐτοῖς
264 2516 311 2543 τοῦ
336 2517 451 2551 ὀρόφου,
475 2515 560 2550 τάφος
582 2515 635 2542 τῶν
655 2514 719 2541 δέκα

33 2564 69 2590 τὺ
98 2564 256 2599 συμπόσιον
271 2562 386 2594 γίνεται.
401 2562 456 2588 Καὶ
475 2563 531 2594 τοῖς
554 2562 651 2596 αἵμασι
666 2561 721 2587 τῶν

28 2610 148 2644 κρατὴρ
169 2608 378 2643 καταμίγνυται,
400 2608 447 2634 καὶ
463 2608 496 2634 τὰ
509 2606 625 2642 ἐδώδιμα
639 2606 677 2642 τῷ
689 2606 721 2632 ὲκ

28 2656 128 2683 ιάτων
143 2655 237 2691 λύθρῳ
249 2654 453 2689 κατεμολύνετο.
469 2652 603 2687 Τοιαύτης
619 2660 720 2687 συμφο-

39 2701 109 2729 Ίὼὸ
133 2701 315 2736 ἀγγελθείσης
335 2700 446 2735 (θέασαί
468 2707 512 2734 μοι
526 2698 565 2734 τῷ
583 2699 654 2734 λόγῳ
673 2698 718 2724 τὸν

28 2757 46 2780 ι,
60 2747 117 2782 οὐχ
131 2747 179 2773 ἴνα.
189 2746 331 2782 θαυμάσῃς
344 2746 421 2780 μόνον
432 2744 476 2771 τὸν
484 2744 608 2779 νικητήψ
622 2743 718 2779 μικρὸν

28 2796 67 2821 ὲκ
79 2791 134 2820 τοῦ
152 2793 291 2828 (θαύματος
306 2791 410 2827 κέρδος·
424 2790 480 2818 ἀλλ’
497 2790 540 2817 ἵνα.
555 2789 679 2824 ζηλώσῃς
689 2790 718 2815 ὲν

28 2840 93 2870 ιίοις
107 2839 158 2865 τδν
172 2838 266 2873 ἄνδρα,
288 2838 334 2864 καί
352 2845 393 2863 σοι
411 2836 522 2871 γένηται
543 2835 718 2871 παιδοτρίϐης

30 2888 188 2918 ΡΑτιιοι.
207 2887 265 2917 (in.
286 2884 395 2916 XLVI.

805 1137 868 1164 Ilaac
886 1143 914 1164 et
928 1138 1062 1172 ejusmodi
1082 1138 1165 1165 Sarra
1188 1146 1303 1173 prorsus
1322 1140 1429 1166 dictura
1449 1139 1558 1172 fuisset,

767 1183 821 1210 nisi
837 1183 881 1209 illa
897 1184 985 1210 oculis
1003 1183 1117 1211 vidisset
1147 1191 1207 1218 qua)
1226 1188 1349 1211 nostrum
1378 1185 1465 1213 visura
1489 1185 1558 1213 eﬂ‘u-

768 1228 854 1263 giunt.
871 1228 989 1256 Noverat
1013 1230 1085 1256 enim
1100 1229 1173 1265 quod
1189 1229 1250 1258 ﬁnis
1265 1230 1328 1257 vita:
1355 1231 1476 1259 carnalis
1505 1232 1559 1259 IIII-

766 1275 834 1301 tium
849 1275 1017 1309 augustioris
1029 1275 1091 1302 vita
1107 1275 1226 1302 instituti
1243 1276 1329 1311 (hinc)
1356 1277 1500 1306 translatis
1511 1285 1559 1307 ex-

767 1320 864 1352 sistat;
881 1319 1012 1354 relinquit
1030 1320 1153 1351 umhras,
1165 1321 1323 1355 assequitur
1333 1322 1488 1354 veritatem,
1516 1323 1558 1350 di-

772 1365 854 1392 mittit
867 1365 979 1393 fraudes
993 1369 1021 1393 et
1035 1373 1143 1393 errores
1167 1370 1195 1393 et
1223 1367 1378 1400 tumultus,
1404 1372 1432 1395 ct
1455 1368 1558 1396 invenit

771 1412 817 1439 illa
833 1411 914 1443 bona,
932 1419 993 1446 quae
1007 1416 1072 1439 sunt
1085 1420 1168 1447 supra
1182 1413 1303 1443 oculum.
1317 1418 1344 1441 et
1366 1414 1500 1449 auditum,
1530 1420 1558 1443 et

771 1465 837 1486 cor:
856 1465 944 1493 neque
958 1465 1035 1486 amor
1051 1466 1113 1486 eum
1131 1463 1222 1494 auget.
1245 1466 1335 1494 neque
1350 1460 1460 1488 sordida
1478 1462 1557 1497 cupi-

771 1505 842 1532 ditas
854 1510 1001 1539 pcrvertet,
1018 1510 1099 1541 atque
1112 1506 1281 1541 depravabit,
1299 1515 1352 1534 non
1368 1508 1496 1543 superbia
1515 1509 1558 1537 in-

772 1550 857 1583 ﬂabit,
868 1559 920 1577 non
936 1551 1036 1586 aliquis
1047 1551 1118 1579 alius
1131 1550 1244 1579 allectus
1259 1553 1380 1580 animum
1388 1561 1491 1588 angens
1500 1562 1558 1582 mo-

733 1590 754 1618 (ἶ
771 1596 856 1624 lestus
873 1597 935 1629 erit,
951 1597 999 1624 sed
1015 1598 1106 1624 omnia
1124 1597 1154 1624 Ilt
1167 1598 1191 1625 ei
1209 1597 1291 1626 Ilens.
1321 1598 1425 1627 Idcirco
1440 1600 1558 1628 libenter

771 1641 826 1669 Deo
844 1642 930 1669 tilium
945 1642 1000 1669 dat.
1027 1642 1099 1676 Quid
1126 1644 1189 1671 item
1207 1652 1323 1679 magnus
1347 1644 1417 1673 Job?
1445 1654 1506 1673 cum
1530 1648 1555 1675 ei

770 1693 881 1723 repente
892 1689 970 1723 quasi
986 1697 1041 1716 uno
1056 1689 1158 1725 impetu
1172 1689 1294 1717 adversas
1309 1690 1427 1720 fortuna:
1439 1692 1556 1726 spoliato

749 1726 756 1733 ’
770 1734 898 1762 omnibus
907 1735 990 1763 rebus
998 1742 1031 1762 ac
1040 1736 1138 1770 copiis,
1148 1735 1249 1770 quibus
1256 1736 1452 1770 abundaverat,
1464 1738 1555 1773 prius-

770 1786 852 1814 quam
868 1787 883 1806 α
899 1780 1089 1815 superioribus
1110 1781 1197 1816 plagis
1209 1785 1237 1808 et
1265 1782 1468 1811 calamitatibus
1496 1784 1556 1811 ani-

771 1833 845 1853 mum
859 1826 1013 1862 collegisset
1025 1846 1032 1858 ,
1052 1827 1147 1854 ultima
1166 1828 1291 1856 nuntiata
1306 1829 1398 1857 clades
1419 1834 1461 1857 est
1477 1839 1484 1857 :
1500 1838 1556 1865 quo

771 1872 863 1899 animo
871 1880 964 1900 casum
976 1873 1123 1900 liberorum
1140 1874 1261 1909 accepit?
1274 1874 1342 1902 Tres
1353 1875 1378 1902 ei
1390 1875 1452 1903 lilia:
1460 1882 1555 1910 erant,

770 1917 819 1945 ﬁlii
834 1922 949 1952 septem,
965 1919 1074 1946 nomine
1087 1918 1226 1947 Ielicitatis
1245 1921 1273 1947 in
1295 1920 1390 1948 liberis
1408 1929 1556 1956 procrean-

771 1964 832 1997 dis;
847 1969 875 1992 et
891 1965 927 1991 ob
951 1965 1088 1999 egregiam
1121 1965 1239 1993 indolem
1267 1966 1424 1995 eorumdem
1455 1967 1554 2002 dignus

771 2013 830 2036 erat
843 2010 889 2044 qui
905 2010 1099 2044 praedicaretur
1115 2018 1148 2037 ac
1162 2011 1258 2039 beatus
1282 2012 1430 2041 haberetur
1449 2022 1456 2038 :
1489 2020 1553 2041 nam

772 2061 835 2080 cum
850 2058 889 2081 tot
903 2059 1007 2085 essent,
1024 2059 1119 2082 mutuo
1131 2055 1203 2083 inter
1217 2063 1247 2083 se
1261 2063 1354 2084 amOre
1370 2058 1449 2092 quasi
1481 2065 1553 2090 unus

772 2100 892 2127 universi
905 2104 1003 2127 erant:
1022 2109 1076 2127 non
1093 2103 1238 2136 separatim
1267 2110 1299 2130 ac
1323 2103 1432 2132 divisint
1459 2112 1508 2139 per
1523 2114 1553 2133 se

772 2146 872 2180 singuli
890 2146 1024 2178 viventes,
1050 2146 1097 2174 sed
1124 2153 1220 2175 omnes
1238 2156 1267 2175 se
1278 2152 1374 2176 mutuo
1399 2149 1554 2184 frequenter

773 2191 844 2218 inter
861 2199 890 2219 se
904 2192 1064 2222 invisentes.
1084 2196 1162 2227 quasi
1182 2194 1413 2223 vicissitudinario
1436 2196 1554 2230 quodam

772 2242 800 2265 et
815 2237 917 2265 usitato
940 2237 1029 2265 ollicio
1056 2243 1138 2273 atque
1164 2240 1293 2267 comitate
1321 2241 1453 2269 invitandi
1472 2246 1555 2278 atque

773 2283 925 2318 excipiendi
947 2288 1078 2319 perpetuo
1091 2284 1159 2312 alter
1168 2285 1283 2313 alterum
1298 2287 1379 2314 modo
1391 2287 1554 2324 delectabat,

774 2328 855 2356 modo
869 2329 985 2356 invicem
1002 2330 1072 2357 alter
1090 2330 1124 2357 ab
1137 2331 1223 2358 altero
1237 2332 1452 2364 exhilarabatur,
1474 2339 1555 2369 atque

773 2374 840 2402 adeo
852 2376 933 2403 etiam
951 2380 1017 2404 tunc
1034 2377 1232 2405 vicissitudinis
1247 2378 1328 2406 oﬂicii
1350 2380 1417 2407 orbe
1438 2381 1555 2408 decurso

773 2425 855 2456 atque
868 2427 992 2457 peracto,
1009 2422 1079 2457 apud
1093 2422 1203 2450 fratrem
1219 2425 1367 2451 maximum
1393 2429 1459 2452 natu
1488 2433 1555 2453 con-

772 2468 873 2495 vivium
888 2473 963 2495 erat:
980 2469 1053 2503 pleni
1066 2473 1187 2496 crateres
1198 2489 1205 2501 ,
1225 2470 1305 2505 plena
1320 2478 1413 2498 mensa
1424 2472 1553 2498 esculen-

772 2519 873 2546 torum.
889 2514 917 2540 in
928 2514 1055 2541 manibus
1083 2514 1193 2548 calices,
1220 2517 1386 2550 spectacula,
1412 2521 1443 2543 ut
1458 2517 1554 2544 verisi-

772 2560 836 2586 mile
849 2563 902 2591 esl,
920 2559 954 2586 ad
970 2560 1028 2587 haec
1044 2560 1147 2587 festiva;
1173 2561 1352 2596 jucunda-uiue
1370 2563 1552 2600 narrationes,

771 2610 798 2631 et
809 2606 900 2632 omnia
930 2606 1013 2633 animi
1040 2607 1237 2635 oblectamenta
1267 2609 1399 2635 conviviis
1430 2608 1553 2636 adhiberi

772 2656 919 2679 consueta:
935 2659 994 2679 mos
1011 2661 1092 2684 unus,
1108 2661 1162 2680 una
1182 2654 1261 2686 ratio,
1277 2662 1329 2680 nua
1348 2655 1489 2682 VOIIIIIIISZ
1504 2646 1553 2682 ’00-

772 2697 853 2725 mitas
868 2701 896 2724 et
910 2697 1046 2730 hilaritas,
1074 2698 1189 2730 ludicra,
1210 2699 1298 2725 risus:
1316 2700 1406 2726 omnia
1423 2707 1552 2734 quaecun-

771 2749 824 2775 que
841 2749 890 2776 par
904 2747 946 2769 est
969 2742 995 2769 in
1013 2747 1149 2770 conventu
1175 2744 1307 2778 juvenum
1324 2744 1396 2771 domi
1428 2753 1485 2772 suze
1504 2753 1553 2780 per

772 2788 864 2815 luxum
882 2792 963 2823 atque
977 2789 1090 2817 delicias
1107 2790 1214 2825 agitari.
1241 2790 1310 2823 Quid
1340 2790 1423 2825 igitur
1455 2799 1553 2819 conse—

772 2840 863 2862 cutum
888 2835 947 2863 est?
968 2835 1035 2863 Cum
1052 2834 1095 2864 his
1116 2836 1194 2867 rebus
1206 2835 1336 2871 iucundis
1355 2836 1411 2869 jam
1436 2838 1553 2866 maxime

1335 2884 1375 2915 28
