3620 6294
571 191 677 249 875
1793 184 1851 240 S.
1893 183 2215 242 GREGORII
2238 185 2523 243 NYSSENI

575 318 917 374 fruerentur,
966 308 1213 377 nihilque
1250 306 1314 360 ad
1353 304 1682 359 hilaritatem
1739 305 1849 372 jam
1904 320 2004 374 am]

2103 321 2138 358 is
2167 311 2210 365 Α
2238 306 2266 357 6
2279 306 2534 377 ἀθλητὴς,
2553 305 2630 376 τῷ
2645 305 2766 360 καθ’
2787 304 2976 359 ἑαυτὸν
2997 303 3308 375 ὑποδείγματι
3322 309 3410 379 πρὸς
3419 312 3532 382 {maps

571 405 695 461 addi
732 410 949 474 posset:
1006 406 1148 454 tecto
1182 411 1344 466 super
1381 409 1478 450 eos
1511 395 1774 464 collapso,
1819 395 2000 463 scpulc

2117 409 2132 446 l
2237 398 2330 450 καὶ
2360 397 2606 469 ἀνδρείαν
2630 397 2732 468 τὴν
2758 397 2934 466 ψυχὴν
2973 395 3194 464 ἀλείφων
3227 397 3274 448 ἐν
3302 401 3418 469 καιρῷ
3439 405 3532 470 τῆςᾎ

571 495 813 550 omnium
833 491 1019 545 decem
1069 487 1364 540 liberorum
1394 483 1709 538 convivium
1766 483 2000 538 exsistit.

2092 497 2135 536 lc
2235 490 2552 560 πειρασμῶν
2599 488 2970 558 συμπλοκῆς),
3005 485 3060 538 τί
3102 481 3188 540 οὖν
3221 489 3404 559 ἐποίησεν
3433 498 3521 548 ii:-

567 587 832 657 sanguine
857 582 1118 651 juveuum
1149 587 1328 633 crater
1353 575 1825 640 commiscebatur,
1885 582 1938 628 et
1971 590 1996 629 e

2115 602 2131 612 -
2234 573 2345 648 ἆρά
2374 597 2424 632 τι
2452 579 2703 647 δυσγενὲς
2734 579 2827 632 καὶ
2863 577 3206 648 μικρόψυχον.
3236 579 3264 649 ἢ
3291 576 3374 634 εἷπε
3393 585 3439 653 τῷ
3458 592 3532 658 {.4};

566 677 711 728 lenta
747 670 1072 726 ohlritorum
1107 681 1398 736 corporum
1439 679 1636 719 cruore
1696 663 1990 733 coinquina

2110 693 2132 703 -
2232 669 2264 740 ἢ
2307 669 2395 722 διὰ
2429 672 2699 740 σχήματος
2746 669 3043 736 ἐνεδείξατο
3063 709 3079 732 ,
3113 668 3146 738 ἢ
3173 672 3354 740 παρειὰν
3376 675 3530 744 ulla:

568 774 676 817 tur.
716 761 820 818 Ubi
851 759 1122 831 ejusmodi
1161 758 1346 813 clades
1365 755 1504 810 Jobo
1544 756 1796 809 nuntiata
1831 763 1916 810 est
1963 759 1980 826 (

2100 776 2133 806 ι·
2229 762 2425 827 ὄνυξιν,
2442 763 2476 834 ἢ
2491 761 2680 834 τρίχας
2698 762 2797 833 τῆς
2823 761 3060 831 κεφαλῆς
3081 761 3319 825 ἀποτίλας,
3341 764 3463 832 him
3476 791 3529 825 ιτ..

565 856 765 920 sidera,
796 868 1006 924 quaeso,
1035 850 1281 906 adhibita
1323 849 1535 904 ratione
1566 847 1849 912 athletam,
1905 862 1994 901 nm

2101 854 2131 899 ιι
2230 852 2570 922 πασάμενος,
2612 852 2646 922 ἢ
2680 853 2747 906 τὰ
2795 851 2963 922 στήθη
3007 853 3127 914 ταῖς
3162 853 3290 921 χερσί
3315 861 3530 923 μαστιγίαι

567 947 830 997 victorem
853 940 1120 996 duntaxat
1147 936 1479 992 admireris:
1542 948 1734 1003 parum
1791 934 1932 988 enim
1991 934 1996 985 l

2113 931 2129 983 ί
2228 947 2321 1001 ἐπὶ
2363 949 2464 1018 γῆν
2499 947 2690 1001 ἑαυτὸν
2723 947 2906 1018 ῥίψας,
2932 948 2967 1018 ἢ
2996 946 3278 1018 θρηνῳδοὺς
3293 950 3417 1019 ἑαυτῷ
3436 933 3541 1020 egeri

563 1035 783 1089 exsistit
809 1049 873 1089 ex
899 1031 1284 1090 admiratione,
1318 1029 1410 1082 sed
1443 1038 1502 1082 ut
1525 1028 1702 1081 virum
1751 1026 1806 1080 in
1857 1026 1992 1081 simil

2115 1041 2128 1080 i
2230 1056 2353 1103 σας,
2379 1041 2411 1110 ἢ
2439 1038 2725 1092 ἀνακαλῶν
2751 1039 2822 1091 τὰ
2843 1037 2951 1092 τῶν
2982 1037 3341 1107 κατοιχομένων
3358 1043 3530 1110 Mam:

566 1125 816 1189 imiteris,
870 1134 924 1178 et
971 1123 1042 1178 sit
1101 1120 1194 1175 tibi
1239 1119 1441 1174 athleta
1494 1133 1592 1188 pro
1646 1115 1965 1186 paedotriba,

2094 1128 2128 1167 0
2226 1129 2547 1200 ἐποιμὼζων
2575 1132 2640 1199 τῇ
2684 1131 2906 1202 μνήμῃς
2936 1129 3048 1182 Οὐκ
3082 1128 3192 1181 ἔστι
3218 1129 3375 1183 τούτων
3395 1134 3523 1187 οὑὶἑνέ..

562 1219 811 1286 exemplo
845 1216 911 1270 ad
947 1214 1259 1285 patientiam
1307 1221 1470 1280 atque
1503 1211 1873 1265 fortitudinem
1911 1209 1967 1262 in

2095 1224 2128 1262 ι’
2223 1224 2251 1275 6
2279 1221 2376 1291 μὲν
2400 1222 2506 1275 τῶν
2534 1221 2716 1274 κακῶν
2745 1218 2984 1293 μηνυτὴς
3003 1220 3100 1291 τὴν
3133 1220 3256 1273 κατά
3269 1224 3363 1284 τοὺς
3381 1225 3482 1286 παῖδας
3493 1247 3524 1290 1;.

561 1325 691 1378 pore
721 1308 1076 1362 tentationum
1107 1304 1395 1360 conﬂictus
1427 1303 1668 1357 animum
1705 1317 1936 1372 ungens,
1965 1317 1990 1354 a

2115 1316 2128 1355 Β
2225 1315 2394 1381 φορὰν
2423 1310 2734 1381 διηγήσατο’
2771 1312 2800 1363 6
2847 1310 2904 1363 δὲ
2944 1308 3080 1378 ὁμοῦ
3113 1325 3170 1360 τε
3199 1310 3392 1378 ﬁmum,
3422 1315 3524 1363 nisi.

560 1397 933 1465 confirmans),
971 1396 1101 1465 quid
1143 1396 1309 1466 igitur
1333 1397 1417 1447 vir
1443 1394 1532 1448 ille
1561 1393 1733 1447 fecit?
1788 1393 1868 1445 Au
1919 1392 1989 1445 ali

2101 1391 2122 1445 Ι
2225 1404 2352 1472 περὶ
2399 1403 2495 1471 τῆς
2527 1401 2635 1455 τῶν
2681 1401 2848 1454 ὄντων
2879 1399 3182 1469 ἐφιλοσόφει
3222 1399 3401 1468 φύσεως,

560 1492 828 1562 abiectum
877 1497 932 1544 et
961 1488 1085 1550 vile,
1118 1487 1301 1557 qualia
1337 1485 1625 1556 degeneris
1651 1491 1705 1538 et
1733 1482 1913 1554 exigui
1955 1497 1986 1535 a

2097 1484 2122 1537 ii
2223 1492 2352 1544 ὄντα
2387 1491 2580 1560 λέγων,
2607 1493 2700 1544 καὶ
2733 1489 2882 1562 παρά
2911 1490 3053 1554 τίνος
3082 1493 3160 1552 εἰς
3201 1489 3367 1556 γένεσιν
3386 1492 3526 1556 haud:

560 1584 808 1638 homines
836 1581 1179 1635 committere
1205 1579 1402 1640 solent,
1463 1586 1558 1630 aut
1603 1577 1771 1631 verbo
1805 1579 1968 1644 dixit,

2103 1589 2122 1632 t
2222 1583 2342 1636 τίνα
2369 1584 2513 1646 εἰκὸς
2537 1582 2646 1635 τῶν
2671 1583 2838 1635 ὄντων
2875 1583 3198 1634 ἐπιστατεῖν·
3223 1581 3276 1634 '0
3291 1582 3525 1648 K13me

557 1675 743 1729 habitu
774 1681 1037 1743 gestuque
1069 1669 1316 1741 corporis
1353 1669 1678 1738 designavit,
1716 1669 1799 1723 vel
1833 1685 1986 1738 genas

2115 1700 2123 1712 ν
2155 1659 2192 1711 Β
2221 1675 2254 1726 ὁ
2282 1673 2492 1739 Κύριος
2517 1672 2814 1740 ἀφείλετο.
2850 1671 2944 1724 Ἐκ
2964 1669 3125 1733 Θεοῦ,
3159 1672 3291 1739 φησι,
3314 1669 3394 1732 rei;
3411 1673 3544 1743 idae;

555 1766 752 1836 guihus
785 1764 1052 1828 lacerans,
1087 1759 1170 1814 vel
1215 1760 1398 1813 crines
1430 1773 1462 1813 e
1509 1758 1690 1828 capite
1744 1758 1983 1812 evellens

2100 1757 2122 1811 ει
2223 1767 2256 1836 ἡ
2287 1766 2518 1834 γένεσις,
2544 1766 2636 1817 καὶ
2664 1764 2800 1836 πρὸς
2823 1763 2982 1816 αὐτὸν
3006 1765 3040 1834 ἡ
3069 1762 3318 1824 ἀνάλυσις·
3336 1761 3529 1831 totum

555 1855 832 1925 pulverem
891 1854 1229 1920 inspergens,
1294 1850 1378 1904 vel
1417 1855 1608 1918 pectus
1673 1847 1930 1902 manibus

2098 1878 2122 1888 -
2223 1855 2360 1925 πρὸς
2399 1857 2572 1908 ἐκεῖνο
2603 1855 2696 1908 καὶ
2732 1853 3041 1908 ἀναλύεται.
3095 1852 3221 1915 Θεὸς
3245 1847 3321 1905 οὖν
3345 1852 3367 1902 6
3390 1851 3446 1902 tu}

555 1963 686 2002 sans
735 1955 792 2000 et
822 1945 1081 2007 tundens,
1135 1942 1218 1996 vel
1247 1939 1398 1994 humi
1429 1955 1632 2010 corpus
1687 1940 1976 2010 abjiciens,

2107 1941 2120 1993 ί
2220 1946 2320 2016 τὴν
2347 1945 2590 2010 ἐξουσίαν
2617 1945 2775 2015 ἔχων,
2804 1946 2833 1998 6
2858 1944 3018 2006 αὐτὸς
3045 1943 3158 2013 ἔχει
3185 1942 3268 1995 καὶ
3289 1940 3358 1994 τοῦ
3384 1942 3530 2009 damula

555 2037 868 2110 lugubrium
899 2035 1201 2090 carminum
1254 2032 1635 2086 decantatores
1683 2032 1786 2086 sibi
1830 2032 1984 2087 adhit

2104 2075 2118 2097 ,
2220 2034 2316 2105 τὴν
2345 2035 2606 2100 ἐξουσίαν.
2653 2033 2877 2102 ’Δγαθὺς
2901 2033 2980 2087 ὢν
3013 2032 3193 2102 ἀγαθὰ
3233 2031 3529 2101 βουλεύετα,;τ

551 2133 637 2184 vel
664 2128 985 2185 nominatim
1019 2133 1265 2180 mortuos
1304 2124 1425 2178 illos
1456 2124 1776 2194 implorans,
1809 2140 1980 2179 meme

2102 2153 2113 2164 -
2219 2126 2296 2177 ὢν
2335 2125 2396 2178 τὸ
2439 2125 2711 2196 συμφέρον
2752 2125 3056 2180 ἐπίσταται.
3105 2124 3197 2187 ’.Ως
3225 2121 3294 2188 τῷ
3318 2123 3446 2191 Κυρίῳ
3464 2121 3531 2174 53:9

551 2236 658 2291 que
706 2218 1108 2290 ingemiscens?
1155 2216 1358 2271 Horum
1392 2215 1530 2268 nihil
1589 2222 1694 2278 est,
1760 2214 1856 2270 sed
1890 2231 1980 2270 nul

2097 2233 2115 2270 ς
2223 2215 2405 2286 (ἔδοξε
2437 2217 2494 2269 δὲ
2538 2217 2751 2279 πάντως
2778 2215 3013 2288 καλῶς),
3042 2215 3213 2279 οὕτως
3235 2217 3312 2269 καὶ
3340 2212 3526 2280 ἐποίεε]

553 2313 774 2382 quidam
806 2309 1352 2366 rerumadversarum
1369 2321 1558 2361 casum
1593 2306 1892 2360 liberorum
1920 2322 1982 2360 na

2219 2308 2289 2362 τὸ
2319 2307 2504 2377 ὄνομα
2523 2310 2741 2376 Κυρίου
2766 2309 3190 2380 εὐλογημένοι

553 2407 630 2461 vit
661 2425 675 2460 :
711 2405 800 2459 ille
834 2417 966 2458 vero
995 2402 1153 2458 simul
1188 2408 1350 2471 atque
1379 2398 1602 2463 audivit,
1635 2399 1817 2453 statim
1847 2398 1916 2454 de
1944 2414 2124 2455 rerum
2156 2409 2350 2454 natura
2387 2402 2833 2471 pliilOSOphorum
2881 2417 3032 2456 more
3081 2401 3354 2456 disserebat
3381 2417 3392 2452 :
3433 2396 3534 2449 uir

551 2498 821 2554 exsistant
847 2495 1073 2553 docens.
1102 2500 1158 2547 et
1186 2507 1214 2544 a
1243 2493 1421 2562 quoin
1447 2498 1697 2544 naturam
1733 2489 2126 2559 producantur,
2191 2492 2320 2546 item
2381 2508 2542 2562 quem
2575 2508 2674 2563 par
2704 2493 2776 2548 sit
2807 2491 2967 2549 rebus
2999 2493 3263 2549 universis
3291 2504 3461 2561 praesit.
3480 2486 3532 2538 [ει

553 2607 651 2644 nus
674 2587 840 2652 dedit,
862 2584 1122 2640 Dominus
1149 2583 1434 2638 abstulit”:
1467 2597 1535 2637 ex
1598 2580 1731 2644 Deo,
1778 2580 1974 2651 inquit,
2013 2582 2322 2638 hominibus
2347 2593 2432 2639 est
2469 2594 2642 2648 ortus,
2681 2585 2806 2640 item
2837 2585 2903 2640 ad
2943 2584 3101 2640 illum
3140 2585 3351 2640 reditus:
3379 2583 3545 2648 ιιιιὼπε·

551 2693 674 2742 ctus
705 2692 811 2748 est,
848 2683 914 2738 ad
948 2681 1080 2736 illud
1099 2681 1264 2735 etiam
1295 2680 1454 2734 redit.
1476 2677 1924 2750 Deusigitur,qui
1959 2678 2122 2734 dandi
2153 2688 2473 2750 potestatem
2525 2681 2708 2749 habet,
2737 2682 2878 2736 idem
2909 2683 3077 2737 etiam
3137 2679 3374 2736 auferendi
3403 2679 3458 2746 jus
3485 2677 3536 2726 tu:

553 2779 736 2833 Bonus
779 2791 903 2832 cum
965 2774 1054 2838 sit,
1091 2773 1228 2828 bene
1261 2773 1530 2827 consulit:
1587 2772 1804 2840 sapiens
1860 2787 1984 2826 cum
2042 2772 2132 2838 sit,
2165 2774 2295 2843 quid
2346 2773 2479 2829 utile
2535 2775 2628 2840 sit,
2675 2775 2852 2829 novit.
2911 2773 3065 2828 Sicut
3118 2773 3321 2828 Domino
3357 2773 3545 2843 timui

552 2870 750 2940 placuit
782 2865 1010 2939 (placuit
1035 2870 1217 2918 autem
1252 2870 1401 2917 recte
1434 2876 1686 2932 prorsus,
1736 2860 2003 2932 quidquid
2051 2862 2318 2934 placuit),
2369 2865 2440 2918 ita
2487 2865 2654 2920 etiam
2707 2863 2856 2921 fecit.
2905 2863 2992 2921 Sit
3048 2882 3234 2921 nomen
3276 2863 3434 2918 Domiti
3476 2859 3545 2932 iul

551 2970 713 3014 ctum.

619 3050 784 3108 Vides
804 3057 1008 3122 quanta
1039 3045 1308 3103 celsitudo
1337 3045 1506 3100 animi
1533 3045 1924 3116 magnitudinis
1945 3045 2048 3101 athl

2102 3074 2117 3086 '
2142 3056 2186 3114 C
2301 3044 2463 3115 Ὁρᾷς
2508 3043 2672 3098 πόσον
2706 3043 2768 3096 τὸ
2805 3041 2938 3112 ὕψος
2979 3043 3080 3112 τῆς
3129 3043 3219 3096 τοῦ
3266 3041 3438 3111 ἀθλητοῦ
3467 3059 3531 3107 an

551 3154 620 3199 ta:
651 3144 755 3208 sit;
771 3147 1149 3211 tempestatem
1173 3137 1482 3192 aﬂlictionis
1503 3139 1782 3193 transtulit
1799 3138 1863 3192 ad
1878 3145 1980 3193 stuc

2115 3160 2118 3191 |
2222 3137 2402 3205 φυϊας.
2427 3135 2517 3188 τὸν
2547 3137 2645 3207 τῆς
2673 3135 2902 3206 θλίψεως
2923 3137 3114 3206 καιρὸν
3135 3137 3211 3198 είς
3229 3134 3544 3202 ὲπίσκεψενςῆςελ

553 3250 733 3291 rerum
761 3226 1310 3288 considerationis’et
1335 3229 1833 3299 contemplationis.
1889 3227 1982 3284 Not

2115 3267 2122 3281 .
2218 3228 2325 3282 τῶν
2363 3228 2532 3286 ὄντων
2563 3227 2877 3298 φιλοσοφίας
2903 3228 3247 3298 μετέστησεν.
3279 3227 3397 3297 ᾜδει
3417 3227 3478 3292 γὰρ
3498 3227 3544 3299 εἴ

550 3329 696 3383 enim
723 3336 935 3388 exacte,
965 3323 1111 3394 quod
1136 3337 1264 3377 vera
1299 3322 1411 3375 vita
1445 3337 1538 3392 per
1577 3336 1728 3391 spem
1759 3321 1979 3390 reposit:

2116 3351 2118 3358 ι
2221 3320 2351 3382 ϐῶς,
2382 3321 2463 3372 ὅτι
2509 3322 2542 3391 ἡ
2587 3320 2773 3383 ὅντως,
2801 3319 2913 3391 ζωὴ
2957 3318 3023 3372 δι’
3052 3319 3259 3382 ἐλπίδος
3281 3318 3545 3394 ἀπόκειτκηψ

551 3434 660 3489 que
687 3413 968 3471 recondita
1003 3413 1114 3480 sit;
1155 3427 1394 3483 presens
1420 3426 1551 3466 vero
1582 3411 1692 3465 vita
1729 3410 1896 3466 veluti
1936 3426 1980 3465 st

2116 3441 2119 3462 ι
2219 3411 2465 3484 παροῦσα
2487 3411 2600 3483 ζωὴ
2619 3412 2781 3464 οἱονεὶ
2800 3412 3015 3482 σπέρμα
3035 3412 3136 3481 τῆς
3158 3410 3411 3481 μελλούσης
3427 3408 3545 3489 “tibi

553 3511 750 3563 futurae
797 3506 890 3562 sit.
919 3503 1102 3575 Longe
1129 3511 1312 3558 autem
1342 3503 1702 3573 praesentibus
1749 3510 1982 3572 praestan

2116 3520 2120 3550 ἱ
2216 3505 2272 3557 δὲ
2305 3504 2576 3574 διενήνοχε
2607 3502 2714 3555 τῶν
2745 3502 3025 3573 παρόντων
3073 3502 3146 3556 τὰ
3176 3497 3545 3572 προσδοκώμενιῇ

552 3600 764 3673 potiora
793 3605 924 3654 sunt
963 3611 1027 3652 ea
1053 3611 1175 3666 quae
1195 3601 1587 3664 exspectantur
1607 3600 1770 3663 atque
1805 3605 1981 3662 sperat

2115 3637 2116 3643 η
2215 3595 2460 3666 διαφέρει
2486 3597 2514 3648 6
2547 3593 2746 3664 στάχυς
2776 3593 2870 3646 τοῦ
2902 3593 3100 3647 κόκκου
3135 3593 3251 3646 ὅθεν
3275 3591 3474 3660 iusim.
3495 3591 3517 3636 Ῑ·
3543 3605 3544 3631 ι

551 3699 814 3764 quantum
869 3687 1052 3744 diﬁ'ert
1105 3687 1257 3756 spica
1289 3699 1542 3756 agrano,
1603 3684 1744 3738 unde
1801 3684 1980 3738 enasci

2100 3700 2114 3736 :
2219 3679 2330 3751 βίος
2358 3680 2609 3748 ἀναλογεῖ
2647 3680 2782 3751 πρὸς
2812 3679 2903 3734 τὸν
2935 3679 3158 3732 κόκκονο
3193 3682 3220 3733 6
3248 3680 3299 3733 δὲ
3326 3678 3527 3749 προσέιι--

551 3796 790 3852 praesens
818 3780 928 3835 vita
959 3777 1365 3848 proportionem
1398 3775 1559 3830 habet
1591 3785 1754 3844 atque
1784 3775 1980 3829 assimil

2116 3792 2118 3802 λ
2217 3770 2350 3841 βίος,
2383 3773 2442 3825 ἐν
2472 3771 2549 3841 τῷ
2582 3770 2766 3824 κάλλει
2799 3769 2893 3822 τοῦ
2943 3771 3177 3841 στάχυος
3215 3770 3448 3826 δείκνυται,
3471 3766 3545 3852 El

550 3873 620 3928 ad
647 3886 913 3945 granum;
941 3871 1122 3924 futura
1173 3883 1302 3924 vero
1339 3869 1448 3922 vita
1501 3883 1596 3938 per
1654 3867 1979 3937 pulchritudi

2096 3882 2113 3920 ι
2213 3858 2280 3911 τὸ
2317 3858 2580 3928 φθαρτὸν
2598 3859 2772 3913 τοῦτο
2803 3858 3171 3914 ἐνδύσασθαι
3198 3860 3525 3928 ἀφθαρσιά,ι;

549 3965 715 4035 spicae
743 3961 1052 4018 ostenditur
1079 3974 1142 4015 ac
1174 3959 1511 4030 designatur.
1566 3957 1779 4028 Oportet
1819 3959 1964 4013 enim

2116 3989 2117 3994 η
2215 3950 2437 4016 θνητὸν
2461 3951 2637 4004 τοῦτο
2658 3949 3026 4006 ἐνδύσασθαι
3052 3951 3381 4006 ἀθανασίαν.
3407 3949 3545 4035 Πρὸςτῖ

549 4055 798 4124 ruptibile
829 4053 926 4108 hoc
948 4051 1164 4106 induere
1186 4049 1759 4114 iucorruptibilitatem,
1808 4051 1936 4104 item
1975 4070 1978 4098 τ

2215 4039 2426 4110 βλέπων
2447 4041 2476 4092 6
2516 4039 2636 4093 'ltb6
2665 4041 2947 4113 συγχαίρει
2970 4044 3084 4106 τοῖς
3106 4043 3305 4104 τέκνοις
3326 4041 3402 4110 τῆς
3424 4038 3545 4124 εὔιΡῆ

551 4148 658 4200 tale
673 4147 768 4200 hoc
788 4145 1009 4200 induere
1025 4143 1483 4198 immortalitatem
1502 4142 1567 4196 “.
1585 4141 1665 4197 Ad
1684 4146 1798 4196 haec
1815 4141 1980 4212 respit

2108 4157 2114 4193 ε
2212 4132 2288 4196 ὡς
2315 4132 2512 4186 θᾶττον
2549 4131 2868 4203 ἐκλυθείσης
2895 4132 3003 4188 τῶν
3038 4133 3134 4187 τοῦ
3167 4134 3278 4203 βίου
3302 4132 3537 4201 δεσμῶν-τοι

549 4235 654 4290 Job
683 4237 990 4306 gratulatur
1024 4234 1152 4288 ﬁliis
1181 4232 1251 4287 ob
1301 4230 1653 4294 felicitatem,
1706 4239 1767 4286 ut
1802 4231 1897 4300 qui
1950 4247 1978 4286 c

2214 4240 2327 4294 ριον
2356 4223 2435 4286 δὲ,
2485 4224 2566 4277 ὅτι
2599 4223 2699 4294 τῆς
2742 4225 3072 4295 ἐπαγγελίας
3103 4227 3198 4280 τοῦ
3243 4225 3360 4279 Θεοῦ

549 4327 676 4380 vitae
695 4325 932 4380 vinculis
957 4320 1191 4378 exsoluti
1220 4329 1383 4390 atque
1430 4323 1667 4391 exempti
1700 4331 1901 4376 essent.
1943 4319 1978 4371 C

2210 4315 2331 4369 ἀντὶ
2354 4315 2462 4368 τῶν
2486 4316 2890 4388 ἀφαιρεθέντων
2917 4317 3136 4372 πάντων
3160 4319 3476 4388 ὐτωσχομένηςι
3494 4314 3545 4376 Η

549 4415 627 4470 rei
659 4424 977 4485 argumento
1002 4421 1108 4475 est,
1137 4412 1283 4483 quod
1309 4427 1432 4466 cum
1462 4413 1804 4482 promisisset
1829 4411 1969 4467 Deus

2143 4397 2186 4452 ι)
2210 4408 2387 4472 ἄλλοις
2413 4410 2584 4463 ἅπασι
2615 4409 3091 4482 διπλασιασθείσης
3114 4413 3214 4482 τῆς
3233 4411 3487 4466 ἀντιδόσεως.
3503 4397 3545 4485 ἢ

545 4506 698 4574 plum
729 4506 973 4560 omnium
1001 4519 1192 4558 eorum
1220 4519 1342 4574 qua:
1393 4503 1644 4574 adempta
1673 4512 1858 4558 essent
1885 4517 1973 4558 res

2211 4500 2320 4556 τῶν
2347 4501 2551 4554 τέκνων
2585 4501 2676 4555 τὸν
2716 4502 3110 4574 διπλασιασμὸν
3155 4506 3254 4557 οὐκ
3295 4500 3545 4574 maximi

550 4605 664 4649 tum
705 4596 797 4662 iri,
840 4597 897 4650 in
929 4597 1186 4652 omnibus
1235 4597 1358 4652 aliis
1410 4596 1687 4666 duplicata
1748 4596 1979 4650 restituti

2211 4591 2342 4644 δέκα
2394 4592 2528 4662 μόνα
2577 4593 2697 4646 ἀντὶ
2752 4593 2858 4646 τῶν
2912 4594 3314 4666 ἀφαιρεθέντων
3354 4593 3447 4646 δέκα

549 4687 790 4741 solorum
829 4685 1124 4740 liberorum
1154 4663 1578 4755 duplicationem
1633 4667 1739 4740 non
1791 4686 1974 4756 requis

2226 4681 2440 4754 Ἐπειδὴ
2460 4683 2515 4736 δὲ
2530 4684 2586 4737 αἱ
2607 4684 2715 4737 τῶν
2735 4685 2831 4738 ἀνθ
2841 4685 3034 4756 ρώπων
3053 4663 3227 4758 ψυχαὶ
3244 4691 3317 4750 είς
3329 4687 3398 4739 ἀεὶ

537 4775 644 4831 sed
672 4775 858 4829 decem
889 4775 991 4828 soli
1023 4789 1122 4844 pro
1150 4774 1374 4829 totidem
1401 4774 1619 4830 amissis
1644 4773 1757 4828 dati
1783 4781 1930 4829 sunt.

2211 4773 2400 4827 τούτου
2453 4775 2609 4846 χάριν
2658 4775 2766 4828 τῶν
2808 4777 3196 4848 ἀπολλυμένων
3231 4777 3461 4832 διπλασίαν

484 4870 492 4879 '
545 4866 808 4937 quoniam
844 4866 1040 4920 anima:
1091 4865 1371 4920 hominum
1407 4865 1462 4920 in
1525 4875 1844 4935 perpetuum
1893 4882 1913 4936 ι

2211 4864 2311 4934 τὴν
2339 4865 2620 4919 ἀντίδοσιν.
2677 4867 2800 4920 Ἐπὶ
2837 4867 2892 4922 δὲ
2933 4868 3042 4921 τῶν
3083 4870 3291 4922 τέκνων
3322 4869 3377 4921 τὰ
3398 4864 3545 4937 ἐπετειῆ

539 4964 698 5020 .nent,
731 4955 936 5010 idcirco
989 4957 1220 5010 alterum
1267 4965 1500 5019 tantum,
1535 4967 1800 5026 quantum
1831 4958 1968 5012 amis

2213 4959 2323 5019 τοῖς
2344 4956 2748 5028 προγεννηθεῖσι
2770 4959 3210 5030 συναριθμεῖται.ι
3225 4962 3296 5022 ὡς
3317 4960 3472 5012 πάνυ
3488 4949 3545 5030 ’ὶῆ

544 5044 760 5118 recipit.
791 5045 946 5113 Quod
973 5047 1040 5101 ad
1067 5046 1268 5103 liberos
1302 5047 1496 5102 attinet
1529 5050 1622 5118 qui
1659 5055 1783 5119 post
1812 5049 1928 5103 nati
1957 5063 1973 5102 ε

2213 5043 2446 5110 ζώντων,
2464 5046 2558 5098 καὶ
2580 5047 2730 5100 οὐδὲν
2757 5047 2849 5100 τοῦ
2870 5050 3210 5122 προσκαίρου
3240 5049 3432 5102 θανάτου
3448 5035 3545 5122 τέσξῆ

543 5153 668 5192 cum
697 5139 849 5208 prius
879 5141 1022 5193 natis
1054 5153 1162 5192 una
1191 5149 1675 5203 connumerantur,
1704 5139 1862 5210 quasi
1918 5153 1972 5193 οι

2211 5136 2523 5208 οιχομένους
2549 5138 2686 5210 πρὸς
2719 5139 2780 5192 τὸ
2815 5135 2953 5194 εῖναι
2980 5141 3298 5204 κωλύοντος.
3329 5139 3434 5192 αἰδὲ
3458 5137 3510 5199 τε

545 5227 655 5283 Deo
682 5229 886 5293 vivant,
921 5243 986 5281 ac
1013 5227 1344 5297 temporaria
1378 5240 1528 5281 mors
1558 5227 1668 5281 vita
1702 5226 1974 5282 defunctis

2209 5228 2263 5281 τί
2289 5229 2436 5281 ἐστιν
2471 5229 2557 5282 ἐπ’
2581 5228 2881 5302 ἀνθρώπων
2908 5233 2938 5284 6
2969 5231 3224 5298 θάνατος,
3250 5233 3296 5285 εί
3330 5231 3392 5301 μὴ

545 5318 644 5384 hil,
669 5335 778 5388 quo
801 5319 986 5373 minus
1013 5317 1146 5382 sint,
1183 5317 1570 5388 impedimento
1597 5318 1688 5373 sit.
1741 5315 1931 5388 Neque
1959 5333 1974 5371 ι

2213 5319 2454 5391 θάρσιον.
2497 5321 2714 5393 Ἐπειδὴ
2740 5323 2844 5395 γὰρ
2867 5317 2976 5376 οἶόν
3002 5341 3056 5377 τι
3082 5325 3273 5387 σκεῦος
3294 5312 3545 5395 ἁγαθῶνέᾱῆ

545 5410 692 5467 aliud
727 5411 1022 5480 quidquam
1048 5420 1133 5465 est
1159 5410 1214 5464 in
1237 5410 1552 5467 hominibus
1583 5426 1752 5476 mors,
1793 5410 1899 5465 nisi
1943 5427 1974 5466 v

2206 5409 2266 5463 τὸ
2295 5413 2412 5466 κατ’
2442 5411 2614 5484 ἀρχὰς
2639 5415 2672 5483 ἡ
2700 5413 2858 5482 φύσις
2881 5413 3035 5486 ἡμῶν
3063 5415 3218 5486 παρὰ
3239 5414 3326 5469 τοῦ

614 5590 632 5620 ⁸
660 5583 785 5643 Job.
822 5605 876 5645 ι.
906 5589 970 5643 2|
1009 5605 1132 5662 sqq.
1196 5591 1241 5623 ‘°
1268 5590 1290 5645 ι
1319 5591 1447 5650 Cor.
1487 5606 1580 5656 xv,
1626 5588 1715 5643 55.
