1810 3147
5 137 17 162 7
461 131 591 160 ORATZO
605 132 779 161 FUNEBRIS
800 133 845 160 DE
858 133 1041 162 PLACIIJA.

1516 141 1568 168 87S

5 191 146 225 τεσκευάσθη
157 209 164 221 ,
185 189 234 217 τοῦ
250 191 278 217 δὲ
295 190 393 226 ἐχθροῦ
409 191 463 218 τῶν
483 191 576 227 ψυχῶν
600 192 679 227 ἡμῶν
695 192 719 218 δι

851 193 870 219 is
882 192 1014 227 expiatio.
1028 192 1255 229 Quandoquidem
1273 196 1344 223 enim
1360 200 1458 225 natura
1474 203 1565 225 nostra

5 240 59 273 άτης
74 239 130 273 ἡμῖν
140 237 169 263 τὸ
183 237 268 264 κακὸν
280 238 498 273 παρεγχέαντος,
511 239 542 265 τὸ
554 238 655 272 ἀγαθὸν
671 237 724 273 χώ-

5 285 66 311 ροὺκ
79 284 156 319 ἔσχεν
184 283 277 310 τούτου
296 284 398 315 ἕνεκεν,
421 284 458 316 ὡς
477 285 510 312 ἂν
526 284 563 320 μὴ
587 283 726 320 διαιωνίζῃ

5 331 23 356 iv
35 331 49 365 ἡ
59 330 181 364 ἐμφυεϊσα
196 329 289 360 κακία,
304 329 416 364 προνοίᾳ
431 330 563 365 κρείττονι
579 329 686 365 θανάτῳ
695 329 726 356 τὸ

9 375 50 406 ﬁo;
59 375 117 410 πρὸς
129 374 222 410 καιρὸν
233 374 380 407 διαλύεται,
392 375 436 402 ἵνα
449 375 498 410 τῆς
509 375 607 406 κακίας
620 374 727 411 ἐκρυεί-

16 418 158 454 ὰναπλασθῇ
171 418 202 445 τὸ
212 417 390 453 ἀνθρώπινον,
405 419 451 445 καὶ
468 419 566 453 ἀμιγὲς
577 419 675 450 κακίας
686 418 726 454 τῷ

5 465 81 500 ἀρχῆς
97 464 265 499 ἀποκαταστῇ
285 463 343 499 βίῳ.
363 463 448 491 Τοῦτο
462 463 516 498 γάρ
535 465 610 490 ἐστιν
625 465 641 499 ἡ
658 464 725 492 ἀνά-

5 521 53 543 σις.
69 512 84 547 ὴ
97 512 134 543 είς
153 511 183 537 τὸ
195 511 307 547 ἀρχαῖον
323 511 373 546 τῆς
389 510 496 545 φύσεως
510 511 588 545 ἡμῶν
602 511 726 538 ἁναστοι-

5 566 67 589 υσις.
90 558 119 584 El
140 555 186 584 οὖν
208 556 349 592 ἀμήχανόν
372 557 446 582 ἐστιν
465 556 724 592 ἀναστοιχειωθῆναι

7 612 19 634 ς
42 603 70 629 τὸ
85 604 200 640 κρεῖττον
218 602 266 638 τὴν
285 601 365 636 φύσιν
381 602 466 637 χωρὶς
480 603 662 635 ἀναστάσεωςθ
678 603 726 630 θα-

5 657 30 674 δυ
57 648 83 675 δὲ
104 647 344 683 προηγησαμένου,
371 647 519 679 ἀνάστασις
540 647 666 682 γενέσθαι
692 649 723 675 οὺ

5 702 78 720 αται·
95 694 191 728 ἀγαθὸν
208 694 241 720 ἂν
264 693 306 729 εἴη
330 694 345 720 ὸ
368 693 480 726 Θάνατος
491 714 499 724 ,
514 694 585 730 ἀρχὴ
604 694 651 721 καὶ
667 694 725 726 ὁδὸς

21 740 85 775 πρὸς
106 740 133 766 τὸ
155 740 277 775 κρεῖττον
303 738 455 774 μεταϐολῆς
477 741 543 774 ἡμῖν
570 740 723 775 γινόμενος.

5 784 50 810 οὖν
69 785 232 819 ἐκϐάλωμεν,
255 784 381 818 ἀδελφοὶ,
406 785 455 820 τὴν
478 785 567 821 λύπην
585 787 649 821 περὶ
671 786 725 812 τῶν

5 830 154 865 ιιμημένων,
171 830 205 866 ἢν
229 830 305 865 μόνοι
321 830 502 865 ὑπομένουσιν
516 830 541 856 οι
555 830 594 866 μὴ
617 830 724 866 ἔχοντες

777 246 793 265 a
810 238 864 266 Deo
880 247 993 266 summae
1016 247 1121 272 rerum,
1142 241 1226 268 veluti
1255 249 1304 269 vas
1320 242 1459 276 quoddam
1479 243 1568 271 bono-

777 292 838 311 rum
854 292 940 320 capax
961 286 996 312 ιιι)
1011 285 1091 313 initio
1108 287 1218 313 condita
1247 291 1299 320 est.
1328 288 1375 315 sed
1393 288 1428 316 ab
1455 289 1569 317 inimico

777 331 931 358 animarum
948 336 1104 360 nostrarum
1134 341 1181 367 per
1201 333 1323 361 fraudem
1351 335 1431 362 nobis
1446 336 1512 363 vitio
1525 335 1568 363 af-

777 376 851 409 fuso,
865 377 967 405 bonum
986 378 1077 405 locum
1104 386 1159 406 non
1178 379 1291 407 habuit:
1309 379 1414 408 idcirco
1430 390 1464 409 ne
1489 382 1566 409 vitio-

777 423 845 450 sitas
857 422 939 450 nobis
958 422 1097 451 inhaerens
1112 429 1243 459 perpetuo
1272 425 1395 457 duraret,
1421 426 1567 460 providen-

776 467 813 493 tia
832 468 937 495 meliori
958 474 1046 497 morte
1064 477 1111 497 vas
1138 470 1174 496 ad
1203 475 1311 505 tempus
1335 471 1506 505 dissolvitur,
1537 477 1566 500 ut

776 513 822 540 ubi
839 514 976 542 vitiositas
998 514 1145 547 eﬂluxetit,
1165 516 1329 544 reformetur
1354 525 1439 552 genus
1467 518 1568 546 huma-

775 567 853 590 num,
869 563 952 595 atque
965 560 1103 596 integrum
1123 569 1156 589 ac
1172 570 1271 596 purum
1285 570 1299 589 a
1320 564 1497 598 permistione
1523 565 1564 591 vi-

775 605 906 633 tiositatis
924 605 952 632 in
970 606 1115 641 pristinum
1129 607 1191 635 vita:
1212 612 1312 635 statum
1331 609 1501 636 restituatur.
1533 609 1562 636 Id

775 650 848 678 enim
877 652 1045 680 resurrectio
1069 656 1123 685 est,
1150 661 1248 688 nempe
1274 657 1379 681 naturae
1407 658 1507 681 nostra
1537 655 1564 682 in

776 697 922 731 pristinum
940 702 1042 725 statum
1061 699 1208 733 reparatio.
1227 698 1256 727 Si
1274 699 1357 735 igitur
1375 699 1433 727 ﬁeri
1451 707 1505 727 non
1516 707 1565 735 po-

776 746 838 774 test,
854 747 884 769 ut
902 743 1006 779 absque
1020 744 1227 772 resurrectione
1251 749 1350 772 natura
1366 745 1399 773 ad
1424 746 1563 773 meliorem

777 788 893 815 fortunam
912 793 939 816 et
953 793 1055 817 statum
1072 790 1230 826 redigatur:
1248 798 1280 819 ac
1291 791 1344 819 nisi
1358 798 1434 819 mors
1448 798 1564 827 praeces-

778 834 856 866 serit,
870 835 1037 863 resurrectio
1056 835 1114 863 ﬁeri
1130 844 1186 864 non
1202 841 1309 872 potest:
1326 837 1397 865 bona
1412 845 1457 865 res
1479 836 1564 864 fuerit

6 877 48 904 δα.
74 876 161 909 Ἐλπὶς
183 876 212 903 δέ
233 876 308 903 ἐστιν
330 877 344 903 ό
365 876 491 913 Χριστός·
514 872 536 910 ᾧ
554 877 571 912 ἡ
591 876 655 910 δόξα
677 877 720 904 καὶ

848 898 861 911 ν.
876 884 906 907 ut
925 889 986 916 qua
1003 881 1113 909 initium
1130 889 1164 910 ac
1176 883 1219 910 via
1233 883 1396 911 mutationis
1418 883 1445 910 in
1465 883 1562 913 melius

5 931 60 954 τος,
91 923 154 959 τιμὴ
177 922 225 949 καὶ
246 922 430 958 προσκύνησις
453 922 493 954 εἰς
521 922 584 953 τοὺς
613 922 723 954 αἰῶνας.

5 969 44 1003 ψ

779 926 856 954 nobis
871 927 997 955 exsistat.
1009 926 1127 956 Proinde
1137 936 1169 956 ex
1181 929 1273 957 animo
1283 929 1437 965 ejiciamus.
1451 928 1562 960 fratres.

779 972 969 1007 mgritudinem
983 977 1010 1001 et
1026 973 1147 1001 dolorem
1160 975 1354 1003 dormientium
1375 977 1486 1003 nomine
1494 982 1562 1002 con-

5 1023 68 1047 ,um,
84 1022 160 1050 quem
177 1014 227 1043 soli
251 1014 397 1046 sustinent,
416 1014 462 1049 qui
488 1021 564 1049 spem
588 1021 642 1042 non
667 1014 777 1046 habent.
802 1018 870 1053 Spes
884 1024 975 1047 autem
1001 1024 1043 1047 est
1068 1019 1196 1048 Christus
1217 1028 1225 1047 :
1246 1022 1291 1049 cui
1311 1022 1399 1057 gloria
1418 1026 1446 1049 et
1476 1021 1561 1056 impe-

5 1074 17 1091 r,
33 1060 119 1088 honos
128 1064 154 1088 et
165 1060 288 1088 adoratio
301 1060 329 1088 in
342 1060 452 1088 saecula.
469 1060 566 1088 Amen.

5 1167 1539 1188 mm

568 1246 682 1289 ΤΟΥ
727 1245 915 1290 ΑΥΤΟΥ

293 1341 796 1410 ΕΠΙΤΑΦΙΟΣ
875 1343 1190 1411 ΛΟΓΟΣ

471 1458 526 1485 ΕΙΣ
548 1458 751 1485 ΠΛᾹΚΙΔΛΔΝ
772 1456 995 1485 ΒΔΣΙΛΙΣΣΑΝ.·

603 1631 873 1677 EJUSDEM

372 1738 670 1796 ORATIO
723 1740 1109 1797 FUNEBRIS

493 1851 536 1878 DE
556 1851 724 1879 PLACILLA
743 1850 989 1880 IIIPERATRICE.

611 1929 703 1954 Eodem
726 1929 877 1960 interprete.

5 2077 115 2109 πιστὸς
136 2078 184 2104 καὶ
204 2077 334 2114 φρόνιμος
356 2077 494 2113 οίδωνόμος
514 2078 563 2113 (ἐκ
584 2078 639 2114 γὰρ
658 2078 712 2105 τῶν

839 2079 898 2107 lelis
914 2082 942 2107 et
961 2078 1081 2115 prudens
1098 2078 1272 2114 dispensator
1290 2078 1364 2114 (nam
1389 2079 1424 2107 ab
1440 2079 1476 2107 iis
1492 2088 1553 2115 qua:

5 2124 140 2160 ισμένων
153 2123 207 2151 ἀπὸ
220 2124 267 2150 τοῦ
277 2123 349 2150 θείου
360 2124 527 2158 Εὑαγγελίου
539 2125 715 2160 προοιμιαζο-

5 2170 30 2196 ἐν
45 2168 224 2204 κατέστησεν
238 2169 252 2195 ὸ
265 2169 366 2204 Κύριος
378 2170 424 2196 ἐπὶ
436 2170 485 2206 τῆς
500 2170 589 2202 οίκίας
600 2170 714 2207 ταύτης,

5 2217 78 2244 όναι
94 2217 126 2243 ὲν
143 2215 232 2251 καιρῷ
248 2217 304 2248 τοῖς
316 2216 551 2252 οίκονομουμένοις
563 2216 593 2244 τὺ
606 2218 715 2253 σιτομέ-

5 2261 118 2293 καλῶς
134 2261 164 2289 ὲν
188 2261 225 2296 τῷ
241 2261 295 2297 πρὸ
316 2261 410 2289 τούτου
430 2262 518 2298 χρόνῳ
532 2262 714 2294 καταδικάσας

5 2308 117 2336 ιωνίαν
142 2307 182 2342 τῷ
204 2307 286 2343 λόγῳ,
309 2308 323 2333 ὁ
339 2307 429 2340 καλῶς
449 2307 497 2334 τοῦ
515 2308 646 2342 μεγέθους
664 2309 714 2343 τῆς

5 2355 55 2386 πᾶς
71 2353 294 2389 ἐπαισθόμενος,
313 2353 360 2380 καὶ
373 2354 492 2389 τιμήσας
514 2355 547 2389 τῇ
564 2355 664 2390 ἡσυχίᾳ
683 2355 713 2381 τὸ

8 2423 18 2434 ,
41 2400 104 2427 οὐκ
118 2397 169 2426 οἷδ’
182 2400 254 2432 ὅπως
268 2401 297 2426 ὲν
317 2399 355 2435 τῷ
367 2400 480 2435 παρόντι
496 2400 616 2436 συλλόγῳ
633 2401 713 2427 πάλιν

5 2455 36 2473 ει
52 2446 95 2481 τῇ
116 2445 267 2481 Ἐκκλησία¹
276 2445 321 2472 τδν
334 2444 422 2479 λόγον,
435 2446 516 2477 αὐτὸς
527 2446 651 2473 ἀναλύων
664 2448 713 2477 τὴν

5 2492 74 2520 ατὰ
87 2491 138 2518 τοῦ
152 2491 230 2526 λόγου
245 2491 334 2526 ψῆφον
345 2500 353 2506 ·
372 2492 460 2518 καίτοι
479 2500 511 2526 γε
531 2492 633 2528 σφόδρα
647 2492 712 2520 θαυ-

9 2537 78 2571 τῆς
104 2535 242 2567 συνέσεως
258 2536 286 2561 ὲν
310 2535 416 2568 πολλοῖς
430 2536 476 2562 τὸν
496 2536 665 2569 διδάσκαλον,
683 2539 712 2563 ὲν

5 2582 150 2618 μάλιστα
175 2581 254 2607 πλέον
271 2581 483 2616 ὑπερεθαύμασα
495 2602 503 2614 ,
521 2582 558 2614 ὡς
575 2582 666 2612 καλῶς
682 2583 711 2608 ὲν

5 2627 89 2663 ρορᾷ
104 2627 155 2653 τὸν
167 2626 246 2661 λόγον
258 2627 486 2661 κατασιγάσαντα.
504 2628 645 2664 Προσφυὲς
656 2629 710 2663 γάρ

5 2675 39 2700 εἴ
51 2672 112 2700 καὶ
126 2671 294 2707 κατάλληλον
307 2670 376 2700 εἷναι
393 2675 449 2705 τοῖς
463 2673 589 2701 πενθοῦσι
604 2675 711 2710 φάρμα-

5 2719 96 2754 ςιγὴ,
115 2718 148 2745 τὸ
159 2718 273 2745 διοιδοῦν
291 2719 341 2755 τῆς
355 2719 442 2755 ψυχῆς
456 2720 543 2756 χρόνῳ
557 2721 604 2747 καὶ
625 2729 709 2756 κατη-

25 2764 166 2801 ἡσυχίας
184 2764 365 2793 ἐκπίπτουσα.
393 2766 436 2798 Ὠς
457 2767 483 2793 εῐ
495 2766 527 2801 γέ
538 2775 580 2798 τις
600 2767 639 2794 ἔτι
659 2767 708 2803 τὴν

5 2855 94 2884 mh.
113 2862 182 2891 xxv,
194 2855 230 2883 20
245 2862 307 2890 sqq.

766 2133 799 2153 ex
821 2125 913 2153 divino
940 2125 1086 2160 Evangelia
1105 2125 1216 2152 recitata
1231 2125 1324 2157 sunt',
1340 2124 1455 2159 ordior),
1471 2134 1552 2162 quem

767 2170 887 2206 praefecit
908 2171 1037 2198 Dominus
1054 2170 1119 2198 huic
1145 2169 1264 2203 familiae,
1289 2173 1319 2198 ut
1333 2170 1379 2199 det
1391 2170 1418 2198 in
1430 2175 1552 2206 tempore

766 2216 816 2244 sibi
831 2216 985 2244 commissis
999 2216 1123 2244 dimensa
1145 2222 1177 2243 ac
1193 2220 1251 2243 rata
1270 2216 1382 2250 cibaria,
1397 2224 1458 2244 cum
1474 2221 1551 2246 ante-

767 2262 817 2290 hac
830 2266 903 2290 recte
925 2262 1120 2290 continentiam
1143 2262 1218 2289 vocis
1237 2262 1355 2289 orationi
1371 2267 1452 2298 atque
1465 2263 1551 2291 silen-

766 2308 832 2334 tium
850 2307 992 2335 indixisset
1008 2317 1014 2335 :
1031 2311 1061 2334 ut
1086 2307 1132 2343 qui
1162 2311 1235 2334 recte
1254 2308 1442 2343 magnitudine
1465 2308 1551 2337 cladis

766 2354 964 2386 animadversa,
994 2354 1098 2381 luctum
1130 2353 1240 2381 silentio
1268 2354 1405 2381 honorare
1431 2354 1512 2382 vellet
1540 2364 1548 2381 :

766 2400 859 2427 nescio
870 2399 1007 2434 quomodo
1020 2400 1047 2426 in
1064 2399 1192 2434 praesenti
1209 2403 1343 2427 conventu
1360 2399 1450 2426 denuo
1469 2400 1550 2427 redu-

765 2446 802 2472 cit
814 2445 942 2473 Ecclesiaa
965 2452 1128 2476 sermonem,
1154 2445 1212 2480 ipse
1231 2452 1308 2473 suam
1332 2445 1465 2472 adversus
1484 2453 1549 2474 ora-

765 2492 866 2519 tionem
886 2491 1048 2519 sententiam
1070 2490 1231 2518 rescindens
1245 2499 1251 2517 :
1266 2495 1294 2518 et
1313 2490 1422 2525 quidem
1443 2498 1504 2518 cum
1519 2491 1549 2518 in

764 2538 857 2565 multis
871 2538 954 2565 rebus
977 2537 1151 2564 vehementer
1165 2537 1286 2564 admiror
1301 2536 1471 2571 prudentiam
1487 2543 1548 2563 ma-

764 2584 852 2618 gistri,
876 2587 933 2610 tum
951 2583 978 2609 in
993 2583 1045 2609 hoc
1074 2583 1190 2610 maxime
1207 2590 1291 2618 supra
1305 2583 1415 2610 modum
1428 2582 1545 2610 admira-

764 2634 808 2657 tus
822 2636 893 2660 sum,
916 2628 990 2663 quod
1013 2628 1117 2655 recenti
1143 2627 1220 2655 clade
1236 2627 1354 2663 orationi
1369 2632 1443 2655 recte
1463 2628 1548 2655 silen-

763 2675 830 2702 tium
854 2674 994 2702 indixerit.
1012 2674 1112 2709 Aptum
1143 2674 1215 2701 enim
1231 2673 1298 2700 mihi
1325 2677 1352 2700 et
1381 2674 1546 2701 conveniens

763 2720 920 2756 lugentibus
946 2720 1117 2754 remedium,
1152 2719 1292 2747 silentium
1321 2726 1383 2747 esse
1416 2719 1544 2751 videtur,

761 2766 861 2802 quippe
882 2765 977 2794 dolore
1005 2770 1164 2794 aestuantem
1190 2770 1217 2793 et
1244 2765 1464 2794 eﬂ'ervescentem
1485 2765 1545 2793 ani-
