3620 6294
104 245 163 298 81
1083 231 1346 290 ORATIO
1385 229 1736 289 FUNEBRIS
1798 228 1886 282 DE
1946 223 2306 281 PLACILLA.

3228 210 3333 265 258?.

17 368 21 397 ῖ
45 378 65 407 ξ
86 365 306 425 -κλυσεν,
333 361 365 431 ἢ
400 360 673 431 κατεπόθη
704 360 782 433 τῷ
799 360 1057 433 χάσματι.
1084 359 1157 413 Τὸ
1183 359 1242 413 δὲ
1273 358 1445 429 παρὸν

1924 352 2239 415 inl‘estatur,
2276 348 2380 403 alia
2410 360 2539 403 vero
2569 359 2699 415 pars
2742 356 2878 414 pace
2922 338 3141 396 fruitur.
3187 340 3330 405 Quid

16 450 48 499 ές
68 458 242 526 λατάσης
271 454 479 524 ἀθρόως
506 456 603 525 τῆς
622 455 944 525 οἰκουμένης
974 452 1091 506 ἐστὶ
1118 452 1321 521 πληγή.
1352 451 1468 504 Οὐκ
1490 449 1643 503 ἐστιν

3 538 11 587 ζ
44 544 212 608 ξν-τθνος
237 545 292 597 ἓν
322 545 354 615 ἢ
392 545 545 597 πόλιν
577 545 705 615 μίαν
736 543 1182 616 ἀπολοφύρασθαι
1206 560 1219 573 ·
1266 542 1378 596 ἀλλ’
1415 542 1645 612 ἁρμόζει

0 640 200 708 ξηηςπ-ζιχα
230 638 328 707 τήν
355 637 449 691 τοῦ
498 638 972 709 Ναϐουχοδονόσορ
1006 635 1294 708 προΐεσθαι
1340 633 1543 704 φωνὴν,
1577 632 1651 702 ἢν

0 746 3 751 ⁷
53 732 197 803 ξηρὸς
255 732 381 793 τούς
440 730 788 801 ὑποχειρίους
840 729 1166 798 πεποίηται’
1230 726 1403 793 ’Υμῖν
1457 724 1642 793 λέγω,

0 826 227 889 “;·;ἶχαὸς,
285 823 492 891 φυλαὶ,
546 823 840 892 γλῶσσαι.
877 821 1094 875 Μᾶλλον
1140 820 1196 873 δὲ
1252 816 1644 889 συγχωρήσατέ

20 946 79 982 πη
102 928 171 971 οι,
200 911 514 980 προσθεῖναί
544 929 595 965 τι
620 911 700 981 τῷ
733 910 1002 981 Ἀσσυρίῳ
1032 910 1374 981 κηρύγματι,
1409 907 1643 979 μεγαλο-

99 1004 362 1075 ωνότερον
420 1004 758 1076 ἀνακηρύξαι
818 1003 917 1074 τὴν
971 1003 1254 1073 συμφορὰν
1305 1003 1401 1055 καὶ
1448 1002 1642 1063 εἰπεῖν,

0 1110 61 1161 ζ’τ.
89 1113 126 1157 ,ς
164 1095 232 1148 ἄν
276 1113 364 1159 τις
409 1096 502 1149 ἐπὶ
534 1096 737 1167 σκηνῆς
779 1095 1088 1166 ἀναϐοήσας
1135 1095 1312 1147 εἴποι·
1350 1090 1420 1146 Ὦ
1464 1092 1647 1155 πόλεις

0 1170 149 1263 QII}.
181 1187 366 1256 δῆμοι,
400 1187 495 1240 καὶ
528 1186 653 1257 ἔθνη
700 1187 795 1240 καὶ
840 1186 1103 1257 σύμπασα
1146 1185 1241 1256 γῆν
1279 1186 1374 1238 καὶ
1403 1185 1502 1254 τῆς
1546 1184 1645 1238 θα“

0 1261 260 1355 ττςίὶσσης
310 1280 435 1331 ὅσον
479 1296 539 1331 τε
588 1277 833 1348 πλώϊμον
876 1278 972 1333 καὶ
1016 1278 1140 1331 ὅσον
1192 1273 1543 1345 οἰκούμενον·
1598 1266 1645 1325 ὦ

0 1421 65 1447 3%,,
88 1358 236 1439 ἄσης
262 1369 365 1440 τῆς
398 1369 521 1423 καθ’
551 1371 699 1440 ἡμᾶς
729 1369 1056 1439 οἰκουμένης
1084 1369 1209 1422 ὅσον
1263 1366 1341 1437 τῷ
1380 1366 1646 1435 σκήπτρῳ

194 1462 479 1530 βασιλείας
526 1461 828 1524 εὐθύνεται,
871 1456 917 1515 ὦ
965 1461 1166 1523 πάντες
1203 1460 1253 1513 οἱ
1308 1454 1646 1527 πανταχόθεν

0 1542 362 1625 ..νξυίιθρωποῃ
405 1557 557 1625 κοινῇ
586 1554 664 1623 τῷ
714 1555 878 1608 πάθει
926 1553 1335 1618 ὲπιστενάξατε,
1366 1553 1518 1621 κοινῇ
1550 1548 1644 1602 τοῦ

92 1644 249 1717 ιήνου
300 1646 397 1714 τὴν
448 1645 709 1716 συνῳδίαν
747 1644 1039 1715 στήσασθε,
1081 1647 1234 1715 κοινῇ
1278 1645 1378 1713 τήν
1424 1643 1645 1696 πάντων

0 1724 255 1808 ΔῨίιμίαν
286 1736 726 1807 ἀπολοφύρασθε.
768 1737 842 1790 Ἢ
872 1736 1147 1807 βούλεσθε,
1196 1735 1370 1798 καθὼς
1424 1735 1490 1790 ἂν
1533 1727 1642 1796 οἶός

128 1822 199 1893 ὦ,
246 1830 348 1881 καὶ
369 1830 466 1899 τὴν
500 1828 703 1899 ζημίαν
732 1830 862 1899 ύμῖν
889 1829 1263 1899 διηγήσωμαι;
1293 1828 1561 1893 Ἢνεγκεν
1584 1826 1642 1879 ὲν

8 1918 23 1995 ξ
81 1926 102 1998 _l
136 1919 266 1973 καθ’
301 1921 449 1990 ἡμᾶς
475 1921 639 1992 γενεᾷ
675 1922 708 1990 ἡ
740 1920 1054 1992 ἀνθρωπίνη
1095 1920 1257 1988 φύσις
1281 1919 1491 1973 ἐκϐᾶσα
1518 1918 1643 1979 τοὺς

0 1996 209 2074 ⁷⁷³ἴους
261 2012 451 2082 ὄρους,
502 2013 595 2066 καὶ
649 2012 719 2065 τὰ
777 2012 978 2083 συνήθη
1039 2012 1216 2083 μέτρα
1266 2013 1558 2080 νικήσασα,
1605 2013 1638 2079 ή

70 2089 232 2177 ξὸσις,
271 2103 476 2173 μᾶλλον
514 2104 572 2156 δὲ
604 2105 631 2157 ὁ
656 2104 754 2173 τῆς
794 2102 1006 2173 φύσεως
1041 2102 1264 2173 Κύριος,
1298 2099 1641 2171 ἀνθρωπίνην

2 2180 51 2213 ³⁷
76 2188 217 2265 ³ιχὴν
251 2198 319 2250 ἐν
348 2196 641 2266 γυναικείῳ
678 2195 757 2264 τῷ
790 2195 1024 2267 σώματι,
1055 2196 1198 2265 ὑπὲρ
1243 2193 1419 2247 πάντα
1457 2191 1641 2261 σχεδὸν

0 2276 97 2338 ιιενὶ
130 2287 494 2358 προλαβόντα
521 2286 621 2358 τῆς
652 2288 853 2360 ἀρετῆς
892 2288 1284 2357 ὑποδείγματα.
1321 2289 1377 2339 ἐν
1493 2286 1642 2337 πᾶσα

17 2372 137 2431 λέθίςν
196 2377 488 2449 σώματος,
534 2380 684 2433 πᾶσα
719 2379 777 2432 δὲ
814 2378 991 2449 ψυχῆς
1029 2378 1197 2448 ἀρετὴ
1242 2376 1638 2447 συνδραμοῦσαν

1 2468 226 2543 λῖλῦμα
278 2472 516 2526 ἄπιστον
562 2472 730 2536 ἔδειξε
778 2473 845 2542 τῇ
891 2470 1208 2542 ἀνθρωπίνῃ
1258 2469 1406 2539 ζωῇ.
1461 2469 1641 2523 πόσων

0 2561 267 2616 ίτποηί’·αθῶν
298 2563 608 2635 συνδρομὴν
632 2565 730 2634 μιᾷ
757 2563 904 2634 ψυχῇ
935 2565 993 2615 ἐν
1025 2562 1105 2616 ἐνὶ
1132 2560 1374 2633 ἐχώρησε
1393 2560 1637 2631 σώματιῖ

0 2642 36 2688 έίτ
72 2654 142 2708 ἀὶ
173 2656 260 2719 ὡς
317 2657 384 2710 ἂν
438 2656 672 2741 μὰςλιστα
708 2656 1017 2725 καταφανὲς
1070 2654 1239 2708 ἅπασι
1286 2653 1496 2721 γένοιτο
1540 2652 1641 2720 τῆς

18 2747 231 2807 vsa;
265 2746 337 2797 τὺ
365 2738 669 2815 εὐτύχημα,
714 2745 806 2797 ἐπὶ
831 2744 923 2799 τὸν
962 2742 1186 2815 ὑψηλὸι
1206 2741 1392 2813 θρόνον
1422 2740 1520 2809 τῆς
1549 2738 1639 2807 βα·

0 2799 248 2897 ρἠ-λείας
282 2799 587 2902 ἁνόιγειιαιι,Ι
626 2799 773 2897 ὅπως
811 2832 963 2904 ἡλίου
1206 2799 1272 2884 ὲκ
1306 2829 1401 2883 τοῦ
1436 2799 1640 2898 ὐιίηλοῦ

17 2922 367 2996 ’λιιώματος
413 2927 593 2978 πᾶσαν
628 2925 726 2995 τὴν
771 2923 1095 2995 οἰκουμένην
1146 2910 1266 2984 ἕαῖς
1311 2922 1491 2974 ἀκτῖσι
1534 2920 1642 2971 τῶν

0 3016 253 3070 ηιξσετῶν
296 3016 729 3087 καταλάμψειεν,
766 3018 862 3069 καὶ
890 3016 966 3087 τῷ
992 3017 1132 3070 κατὰ
1163 3014 1312 3071 θείαν
1339 3014 1518 3084 ψῆφον
1544 3014 1642 3083 τῆς

0 3108 383 3179 harmoniam;
422 3109 638 3177 ἁπάσης
684 3108 1109 3179 προ-τεταγμένῳ
1158 3108 1235 3169 είς
1288 3105 1402 3177 βίου
1438 3122 1498 3158 τε
1543 3104 1639 3158 καὶ
1680 3162 1681 3165 η

80 3200 336 3263 ,τελείας
403 3201 685 3254 κοινωνίαν
760 3198 1226 3270 συναρμοσθεῖσα,
1304 3196 1638 3267 μακαριστὸν

3 3321 37 3353 ,τ,
66 3293 206 3346 οῖοίει
254 3294 337 3346 δι’
364 3294 561 3363 ἑαυτῆς
587 3294 651 3345 τὸ
688 3294 947 3363 ὑπήκοον,
977 3291 1165 3355 ὅντως,
1198 3289 1379 3351 καθώς
1405 3302 1567 3361 φησιν
1605 3287 1637 3357 ή

0 3402 46 3447 1r
72 3388 255 3457 ηφὴ,
300 3386 500 3457 βοηθὸς
530 3385 678 3456 αὐτῷ
711 3387 846 3454 πρὸς
886 3386 994 3437 πᾶν
1028 3382 1231 3451 ἀγαθὸν
1259 3380 1541 3451 γινομένη.
1575 3378 1639 3432 Εἰ

38 3477 467 3548 ⁵;λ‹ι.νθριςι›πίας
489 3475 557 3549 ἦν
584 3480 613 3531 ὀ
660 3478 870 3548 καιρὸς,
908 3477 938 3547 ἢ
981 3476 1302 3546 συνέτρεχεν
1333 3472 1483 3543 αὐτῷ
1506 3472 1639 3544 πρὸς

6 3599 68 3636 ,ρς
94 3570 348 3638 ἀγαθὸν
372 3568 549 3635 τοῦτο,
576 3570 609 3640 ἦ
638 3570 730 3622 καὶ
773 3568 1102 3638 προέτρεχεν
1122 3580 1136 3595 ’
1170 3565 1283 3629 ἴσος
1308 3561 1376 3636 ῆν
1423 3567 1451 3621 ὁ
1478 3564 1641 3631 ζυγὸς

6 3700 33 3727 ςς
76 3660 401 3731 ατέρωθεν
426 3664 491 3731 τῇ
526 3661 626 3730 τῆς
653 3659 1059 3730 φιλανθρωπίας
1091 3660 1250 3729 ῥοπῇ.
1280 3658 1562 3727 Μαρτυρεῖ
1585 3656 1640 3709 δὲ

44 3773 85 3817 ς)
116 3753 292 3821 λόγῳ
334 3751 403 3805 τά
418 3768 475 3804 τε
499 3752 763 3822 πρότερον
792 3750 1025 3820 ἀριθμὸν
1056 3748 1312 3813 νικῶντα,
1338 3748 1431 3801 καὶ⁵
1454 3746 1523 3801 τὰ
1550 3746 1643 3798 ἐπὶ

14 3846 105 3909 ,λῦ
140 3844 451 3916 παρόντος
487 3843 835 3913 κηρύγματα,
880 3841 917 3894 δι
943 3841 1038 3894 νῦν
1070 3840 1219 3910 παρὰ
1261 3839 1354 3892 τοῦ
1404 3839 1642 3909 κήρυκος

8 3964 47 3984 ι-
75 3956 112 4002 ς
163 3935 461 4007 ἀληθείας
507 3934 840 4005 ἠκούσαμεν.
890 3934 953 3985 Εἰ
990 3932 1049 3985 τὸ
1096 3930 1315 3993 εὐσεὸὲς
1342 3930 1638 4000 ἐπιζητεῖς,

8 4010 19 4065 ἒ
48 4030 207 4093 sub;
242 4024 331 4099 ἦν
365 4027 691 4098 ἀμφοτέρων
712 4029 742 4079 ό
768 4026 904 4097 πρὸς
932 4024 1211 4077 εὐσέϐειαν
1242 4022 1459 4093 δρόμος.
1491 4023 1553 4075 Εἰ
1582 4021 1644 4073 τὸ

62 4121 439 4193 ιονοητικὸν,
473 4123 521 4173 εἰ
550 4121 610 4173 τὸ
654 4120 881 4183 δίκαιον,
914 4120 961 4171 εί
1007 4117 1134 4171 ἄλλο
1170 4134 1222 4169 τι
1258 4115 1367 4168 τῶν
1398 4117 1531 4184 πρὸς
1585 4116 1644 4168 τὸ

10 4248 15 4253 ν
72 4220 297 4269 εῖττον
333 4212 784 4283 σπουδαζομένων
803 4228 816 4242 ο
852 4212 1029 4265 πάντα
1059 4211 1116 4265 ὲν
1154 4208 1355 4281 ἁμίλλῃ
1382 4205 1451 4280 ἦν
1482 4207 1647 4277 ἀλλή-

4 4326 137 4372 ,ρυς
181 4306 377 4376 νικᾷν
405 4307 464 4357 ὲν
493 4307 614 4366 ’ταῖς
640 4303 911 4366 εὐποιίαις
942 4301 1405 4371 φιλονεικούντων,
1424 4301 1518 4353 καὶ
1547 4301 1646 4353 οὐκ

1748 445 1986 502 rursus?
2010 445 2118 503 Aut
2148 442 2355 495 fulmen
2386 436 2595 508 aliquid
2626 434 3033 498 concremavit,
3060 441 3153 487 aut
3179 447 3334 502 aquai

1747 539 1830 594 vis
1859 537 2079 603 obruit,
2116 536 2183 588 ab
2215 533 2369 588 hiatu
2403 539 2568 601 atque
2596 530 2856 600 voragine
2888 526 3091 583 alicubi
3139 525 3333 581 absor-

1748 631 1862 700 ptio
1890 630 2035 685 facta
2064 636 2169 684 est.
2205 629 2285 682 Ac
2316 640 2559 696 praesens
2588 624 2793 677 malum
2830 620 3073 677 universi
3106 632 3335 690 prorsus

1746 723 1900 778 orbis
1939 730 2213 778 terrarum
2264 720 2467 773 vulnus
2508 726 2594 771 est
2651 734 2664 770 :
2712 716 2828 770 ﬁeri
2877 730 2986 769 non
3041 721 3220 784 potest
3276 718 3336 764 ut

1748 829 1856 868 una
1892 829 2061 884 gens,
2100 820 2196 865 aut
2233 810 2368 864 urbs
2406 822 2514 861 una
2547 807 2903 869 lamentetur,
2940 805 3036 860 sed
3072 801 3335 858 convenit

1747 906 1980 963 forsitan
2008 905 2573 963 Nabuchodonosoris
2606 904 2771 961 edere
2803 917 2994 957 vocem
3015 941 3030 965 ,
3067 916 3174 970 qua
3205 899 3336 955 sub-

1748 998 1893 1053 ditos
1920 997 2157 1067 appellat
2187 1015 2201 1052 :
2237 996 2394 1063 Vobis
2427 994 2568 1058 dico,
2595 993 2802 1064 populi,
2834 992 3031 1056 tribus,
3058 992 3258 1062 linguw
3287 989 3330 1044 δ.

1750 1087 1862 1141 lmo
1895 1103 2026 1144 vero
2070 1089 2371 1158 permittite
2404 1088 2535 1142 mihi
2583 1094 2644 1140 ut
2690 1084 2947 1154 adjiciam
2993 1084 3203 1153 aliquid
3233 1085 3335 1137 As-

1748 1179 1898 1249 syrio
1940 1179 2249 1249 praeconio,
2301 1188 2361 1231 ut
2405 1176 2659 1247 ampliori
2704 1190 2839 1231 voce
2888 1175 3223 1244 proclamem
3268 1188 3333 1227 ac

1747 1270 2020 1341 divulgem
2051 1270 2262 1324 cladem
2292 1284 2357 1324 ac
2382 1269 2564 1325 dicam
2588 1310 2603 1334 ,
2632 1276 2693 1323 ut
2721 1268 2925 1337 aliquis
2957 1268 3010 1321 in
3037 1282 3204 1322 scena
3234 1282 3333 1321 exs

1746 1360 1992 1414 clamans
2027 1359 2269 1414 dixerit:
2303 1361 2347 1413 υ
2375 1361 2626 1415 civitates
2667 1370 2721 1415 et
2766 1358 2951 1429 populi
2976 1395 2990 1423 ,
3034 1365 3092 1413 et
3131 1365 3326 1430 gentes

1744 1460 1798 1505 et
1831 1451 2093 1507 universa
2128 1461 2275 1506 terra
2300 1491 2315 1512 ,
2348 1459 2403 1506 et
2430 1453 2604 1507 maris
2638 1450 2903 1521 quidquid
2935 1459 3050 1508 tum
3092 1450 3325 1505 navibus

1748 1544 2033 1611 pervium,
2070 1551 2186 1599 tum
2217 1544 2540 1614 (gentibus)
2574 1546 2881 1619 habitatum
2912 1552 3036 1599 est:
3070 1558 3105 1597 o
3145 1543 3327 1600 omnis

1747 1635 1923 1689 nostri
1947 1636 2103 1691 orbis
2126 1636 2395 1706 quidquid
2429 1637 2643 1707 imperii
2673 1649 2893 1707 sceptro
2921 1636 3153 1707 regitur,
3174 1651 3209 1690 ο
3229 1635 3328 1705 qui

1675 1706 1719 1764 Β
1745 1743 1814 1779 ex
1841 1727 2098 1784 omnibus
2121 1729 2371 1797 partibus
2397 1706 2745 1784 conﬂuxistis
2769 1706 3042 1793 homines,
3077 1742 3328 1782 commu-

1745 1821 1889 1874 niter
1916 1820 2220 1874 calamitati
2252 1820 2597 1891 ingemiscite
2618 1862 2633 1888 ,
2662 1821 3026 1877 communiter
3060 1821 3327 1875 lamenta-

1746 1912 1914 1967 tionis
1941 1922 2272 1966 concentum
2317 1914 2626 1976 instituite,
2671 1915 3041 1968 communiter
3078 1916 3327 1968 omnium

1738 2003 2019 2071 jacturam
2050 2002 2365 2072 deplorate!
2408 2005 2491 2058 An
2545 2004 2713 2058 vultis
2762 2012 2841 2067 ut,
2889 2010 3051 2074 prout
3099 2011 3323 2073 potero,

1744 2095 1909 2147 etiam
1960 2095 2355 2153 detrimentum
2408 2095 2568 2150 vobis
2610 2096 2931 2165 exponam?
2974 2095 3125 2149 Tulit
3164 2102 3327 2149 aetate

1744 2193 1934 2245 nosu‘a
1969 2185 2208 2243 humana
2244 2194 2439 2243 natura
2468 2194 2625 2241 extra
2659 2200 2792 2242 suos
2837 2186 3103 2241 terminos
3134 2200 3326 2257 egres-

1744 2294 1839 2341 sa,
1890 2280 2284 2348 consuetisque
2328 2279 2508 2334 modis
2557 2279 2870 2347 superatis,
2916 2278 3041 2333 tulit
3089 2284 3325 2344 natura,

1746 2371 1855 2425 imo
1880 2386 2010 2427 vero
2035 2382 2245 2426 natura:
2274 2371 2542 2427 Dominus
2572 2372 2867 2426 humanam
2890 2372 3131 2427 animam
3164 2372 3218 2426 in
3250 2371 3331 2426 fe-

1746 2461 1927 2519 mineo
1953 2478 2183 2532 corpore
2208 2479 2379 2534 supra
2406 2465 2588 2520 omnia
2622 2464 3015 2535 propemodum
3040 2464 3327 2534 superiora

1745 2557 1965 2611 virtutis
1992 2557 2242 2627 exempla
2265 2595 2282 2622 ,
2312 2557 2368 2611 in
2401 2573 2508 2628 qua
2538 2558 2719 2612 omnis
2750 2564 2864 2611 tum
2895 2558 3144 2628 corporis
3164 2596 3180 2621 ,
3206 2566 3324 2612 tum

1744 2646 1912 2700 animi
1946 2649 2171 2703 virtutis
2209 2663 2483 2704 concursu
2516 2648 2694 2713 facto,
2727 2650 3053 2704 miraculum
3088 2651 3331 2705 incredi-

1746 2740 1853 2793 bile
1884 2738 2007 2794 vitae
2050 2740 2305 2795 humanae
2354 2740 2660 2795 exhibitum
2705 2749 2823 2807 est,
2872 2750 3011 2811 quot
3058 2741 3327 2796 bonorum

1744 2845 2078 2887 concursum
2112 2846 2219 2886 una
2257 2832 2440 2887 anima
2486 2834 2542 2887 in
2590 2849 2700 2888 uno
2738 2848 2973 2903 corpore
3012 2833 3287 2888 continuit
3307 2833 3335 2887 ?‘

1745 2924 1921 2993 Atque
1949 2932 2009 2979 ut
2039 2925 2296 2979 omnibus
2324 2926 2674 2995 potissimum
2708 2926 2998 2997 perspicua
3028 2927 3121 2981 liat
3149 2926 3327 2982 aetatis

1746 3024 1950 3071 nostrae
1982 3016 2218 3073 felicitas
2239 3057 2254 3079 ,
2282 3020 2348 3074 ad
2376 3019 2616 3074 sublime
2646 3020 2846 3076 solium
2876 3021 3026 3091 regni
3058 3019 3327 3083 evehitur,

1746 3116 1805 3161 ut
1832 3109 1967 3165 solis
1996 3111 2050 3163 in
2083 3112 2305 3166 modum
2337 3113 2598 3166 virtutum
2636 3110 2808 3167 radiis
2836 3126 2867 3166 e
2896 3111 3118 3167 sublimi
3144 3110 3331 3181 digni-

1748 3211 1858 3256 tate
1903 3202 2225 3257 universum
2269 3204 2455 3258 orbem
2497 3204 2837 3270 illustraret,
2880 3210 3045 3274 atque
3088 3203 3179 3266 ei,
3231 3202 3329 3273 qui

1748 3294 2006 3350 universo
2039 3295 2159 3350 orbi
2200 3303 2472 3351 terrarum
2507 3297 2698 3352 divino
2734 3297 2968 3352 arbitrio
2998 3297 3329 3367 praepositus

1744 3397 1932 3451 esset,
1964 3386 2033 3440 ad
2061 3388 2189 3441 vitae
2218 3389 2425 3457 pariter
2459 3396 2515 3443 et
2550 3388 2764 3457 imperii
2802 3387 3123 3442 societatem
3155 3401 3329 3458 copu-

1747 3482 1892 3543 lata,
1933 3480 2188 3535 subditos
2237 3495 2334 3551 per
2369 3496 2491 3537 sese
2543 3482 2731 3536 beatos
2770 3480 3038 3545 ediceret,
3081 3496 3205 3534 cum
3242 3497 3329 3535 re-

1746 3589 1876 3627 vera
1897 3614 1912 3637 ,
1943 3581 2001 3626 ut
2035 3573 2213 3642 inquit
2247 3572 2534 3643 Scriptura
2559 3613 2575 3638 ,
2621 3573 2933 3627 auxiliatrix
2976 3573 3025 3631 ei
3069 3580 3219 3630 esset
3262 3574 3330 3628 ad

1748 3680 1912 3720 omne
1940 3666 2167 3719 bonum.
2203 3664 2260 3719 Si
2290 3665 2688 3719 humanitatem
2724 3681 2813 3721 res
2847 3666 3200 3737 postulabat,
3236 3672 3331 3720 aut

1749 3757 2114 3812 concurrebat
2138 3772 2263 3812 cum
2289 3772 2356 3813 eo
2384 3757 2453 3811 ad
2478 3758 2579 3811 hoc
2612 3758 2817 3811 bonum
2841 3797 2857 3820 ,
2884 3766 2978 3811 aut
3002 3758 3168 3812 etiam
3200 3771 3333 3827 pra:-

1750 3849 2009 3903 currebat
2036 3868 2048 3903 :
2083 3865 2182 3919 par
2215 3861 2334 3905 erat
2362 3850 2617 3919 utrinque
2652 3850 2788 3906 libra
2822 3850 3186 3921 propensione
3218 3850 3311 3904 hu.

1748 3940 2049 3994 manitatis.
2086 3940 2165 3993 Ac
2201 3940 2520 3994 testimonio
2553 3951 2681 3994 sunt
2711 3939 2947 3994 orationi
2977 3955 3099 3994 cum
3136 3941 3317 4010 priora

1752 4030 1895 4085 facta
1928 4030 2350 4101 innumerabilia
2376 4072 2390 4094 ,
2426 4038 2537 4083 tum
2571 4028 2858 4099 praesentis
2888 4029 3149 4099 temporis
3181 4040 3319 4099 pra!-

1751 4122 1947 4187 conia,
1978 4136 2100 4189 qua:
2142 4134 2290 4173 nunc
2334 4119 2649 4174 audivimus
2692 4135 2722 4173 ιι
2768 4134 3020 4191 praecone
3049 4119 3320 4175 veritatis.

1754 4212 1810 4267 Si
1848 4213 2104 4281 pietatem
2139 4211 2418 4280 requiris”
2436 4212 2750 4267 communis
2777 4219 2895 4266 erat
2926 4212 3176 4281 utrisque
3205 4226 3331 4266 cur-

1754 4321 1850 4361 sus
1881 4305 1947 4358 ad
1981 4305 2238 4374 pietatem
2271 4321 2285 4358 :
2320 4304 2367 4357 si
2403 4302 2802 4372 providentiam
2822 4343 2838 4367 ,
2871 4304 2920 4361 si
2946 4302 3217 4372 justitiam
3239 4342 3254 4367 ,
3283 4303 3331 4358 si

97 4406 135 4456 ὁ
180 4397 553 4472 ἡττώμενος.
588 4399 707 4467 Ἰση
742 4414 824 4460 τις
852 4395 1176 4466 ἀμφοτέρων
1210 4397 1245 4465 ή
1281 4396 1366 4447 ἐπ’
1397 4394 1526 4465 ἁλλή

1916 4394 2068 4449 aliud
2097 4409 2163 4449 ex
2190 4394 2258 4449 iis
2288 4409 2408 4463 quae
2437 4395 2659 4450 virtutis
2688 4395 2913 4450 nomine
2941 4395 3182 4465 bonique
3205 4410 3330 4451 con-

30 4542 31 4545 η
70 4512 208 4565 ρις,
251 4494 297 4562 ἡ
341 4490 441 4560 μὲν
468 4490 668 4559 ἀρετῆς
700 4485 859 4543 ἆθλον
889 4484 1033 4559 εἶχεν
1059 4488 1151 4541 τὸν
1184 4491 1283 4559 τῆς
1323 4488 1649 4558 οἰκουμένης

18 4636 33 4663 ,Α
54 4581 504 4651 >οτεταγμένον
524 4625 538 4647 ,
572 4585 601 4635 ὁ
645 4581 701 4634 δὲ
750 4581 949 4651 μικρὰν
996 4582 1181 4651 ήγεῐτο
1208 4581 1310 4650 γῆς
1339 4598 1397 4633 τε
1428 4584 1520 4635 καὶ
1548 4579 1648 4633 θα-

0 4694 237 4748 ημττης
280 4674 391 4745 τὴν
443 4673 692 4738 ἐξουσίαν
733 4673 1019 4744 συγκρίσει
1047 4671 1140 4726 τοῦ
1185 4671 1305 4725 κατ’
1351 4673 1518 4743 αὐτὴν
1559 4673 1651 4725 εὐ-

0 4750 413 4841 ρζχήματοςο
459 4765 580 4828 ἴσας
614 4766 862 4836 ἀλλήλοις
898 4767 1284 4836 ἀντιπαρεῖχον
1315 4764 1414 4827 τὰς
1452 4765 1665 4847 εὐφροο.

2 4918 20 4926 _
56 4880 218 4925 νας,
304 4857 575 4927 ἀλλήλους
633 4876 689 4910 τε
757 4858 1043 4928 βλέποντες
1106 4858 1199 4911 καὶ
1254 4857 1346 4910 ὐπ’
1402 4857 1646 4927 ἀλλήλων

5 4940 19 5019 τ’
45 4956 332 5027 ὡμενοι
352 4967 365 4980 ·
398 4953 427 5003 ὁ
457 4951 554 5019 μὲν
578 4950 816 5013 τοιοῦτος
840 4951 914 5004 ὢν
942 4945 1053 5013 οἷός
1080 4953 1195 5003 ἐστι
1220 4950 1400 5019 (ποῖον
1432 4949 1539 5019 γάρ
1563 4966 1646 5011 τις

2 5032 231 5110 λλ).ος
332 5043 474 5114 ὑπὲρ
531 5042 592 5094 τὸ
643 5043 963 5111 φαινόμενον
1018 5040 1271 5107 δείξειεν;
1329 5041 1420 5093 καὶ
1458 5039 1544 5108 εἴη
1583 5055 1646 5106 γε

0 5130 15 5135 γ
40 5137 351 5212 ιρκέσαιι
383 5134 477 5185 καὶ
507 5134 586 5195 είς
632 5133 869 5200 ἐκγόνων
909 5132 1053 5203 ζωὴν
1090 5134 1150 5185 τὸ
1175 5131 1504 5204 δρώμενον),
1546 5129 1646 5200 τὴν

2 5228 5 5231 ⁷
36 5277 51 5295 ,
97 5230 225 5283 οἵα.
267 5242 372 5287 τις
404 5220 495 5294 ἦν,
524 5224 623 5275 οὐκ
642 5223 789 5275 ἔστιν
820 5222 1091 5287 ὑποδεῖξαι
1129 5223 1206 5294 τῷ
1233 5224 1405 5293 λόγῳ·
1439 5223 1500 5275 οὐ
1539 5222 1647 5293 γὰρ

46 5320 305 5398 ριλέλε
320 5315 476 5369 ιπταί
502 5332 554 5367 τι
582 5316 751 5386 αὐτῆς
774 5316 841 5368 δι’
864 5316 1145 5384 ἀκριϐείας
1171 5317 1320 5387 παρὰ
1339 5318 1435 5388 τῆς
1454 5318 1647 5388 τέχνης

34 5420 309 5483 οἱωμα
338 5425 351 5436 ·
405 5409 516 5460 ἀλλ’
566 5410 614 5460 εἰ
662 5408 754 5460 καί
802 5426 854 5460 τι
901 5408 1121 5477 γέγονεν
1150 5410 1207 5461 ὲν
1258 5411 1553 5479 γραφαίςή
1590 5411 1647 5463 ὲν

25 5511 372 5577 .ἁσμασι,
407 5501 585 5554 πάντα
617 5501 716 5571 τῆς
745 5500 1002 5571 ἀληθείας
1028 5502 1174 5553 ἐστὶν
1206 5501 1540 5573 ἐνδεέστερα.

1749 4487 2012 4559 sequendi
2044 4502 2211 4542 causa
2240 4495 2574 4557 expetuntur
2604 4506 2618 4542 :
2661 4489 2847 4543 omnia
2872 4489 3044 4558 posita
3070 4498 3229 4543 erant
3269 4490 3329 4543 in

1748 4584 2050 4637 certamine
2099 4579 2547 4637 contendentium
2603 4597 2827 4647 secum,
2876 4591 2997 4637 uter
3043 4583 3112 4638 ab
3155 4584 3330 4638 altero

1751 4674 2055 4729 benefactis
2094 4681 2150 4728 et
2184 4673 2379 4728 ciliciis
2410 4673 2743 4739 vinceretur,
2774 4688 2877 4729 nec
2908 4674 3170 4729 alteruter
3208 4683 3329 4729 erat

1751 4768 1997 4840 inferior.
2035 4766 2287 4838 IEqualis
2313 4766 2564 4836 quzedam
2597 4781 2663 4820 ac
2692 4781 2791 4837 par
2817 4774 2938 4823 erat
2962 4769 3211 4837 utrisque
3237 4766 3327 4822 in-

1752 4869 1836 4915 ter
1865 4862 2018 4930 ipsos
2055 4868 2247 4912 mutua
2292 4858 2469 4928 gratia
2515 4859 3021 4929 commoditasque,
3065 4859 3158 4912 illa
3201 4858 3329 4928 qui-

1754 4954 1876 5007 dem
1908 4950 2194 5020 prazmium
2226 4948 2447 5002 virtutis
2475 4947 2703 5002 habebat
2734 4948 2857 5002 orbi
2887 4956 3157 5002 terrarum
3189 4960 3327 5015 pra:-

1755 5042 1991 5112 positum
2022 5060 2035 5094 :
2067 5041 2154 5093 hic
2188 5055 2316 5095 vero
2346 5041 2498 5109 parvi
2529 5040 2836 5095 aestimabat
2860 5048 3021 5094 terra;
3049 5038 3329 5106 marisque

1755 5135 2041 5189 arbitrium
2093 5148 2156 5185 ac
2208 5140 2533 5200 potestatem
2594 5148 2706 5201 pra:
2756 5148 2822 5187 ea
2867 5130 3162 5195 felicitate,
3220 5144 3327 5199 qua

1716 5256 1719 5259 -
1756 5229 1902 5280 illam
1934 5234 2129 5280 nactus
2159 5234 2318 5279 erat:
2354 5240 2512 5294 pares
2542 5225 2777 5279 invicem
2814 5225 2951 5278 alter
2985 5224 3141 5278 alteri
3175 5223 3331 5277 oble-

1754 5320 2028 5374 «lationes
2052 5317 2401 5389 praebebant,
2427 5317 2556 5371 dum
2588 5326 2643 5371 et
2668 5318 2806 5370 alter
2836 5318 3064 5371 alterum
3093 5315 3324 5375 videret.

1754 5425 1808 5468 et
1837 5414 1974 5465 alter
2002 5412 2070 5465 ab
2100 5411 2271 5465 altero
2301 5410 2717 5480 conspiceretur
2741 5428 2753 5463 :
2789 5409 2875 5462 hic
2904 5409 3123 5479 quidem
3158 5408 3285 5461 talis
3311 5448 3327 5469 ,

1760 5505 1938 5574 qualis
1969 5511 2054 5557 est
2088 5503 2344 5573 (qualem
2383 5503 2528 5556 enim
2555 5500 3012 5571 pulchritudinem
3057 5501 3180 5570 quis
3227 5514 3324 5554 su-

0 5619 75 5677 Ja
124 5608 307 5653 eam
342 5629 356 5653 ,
398 5606 519 5660 qua:
550 5601 806 5661 apparet,
840 5592 1185 5649 ostenderit?
1214 5604 1266 5649 et
1301 5594 1521 5663 quidem
1556 5596 1638 5649 vel
1691 5598 1756 5651 ad
1795 5604 2055 5665 nepotum
2098 5610 2272 5667 usque
2322 5595 2485 5647 vitam
2526 5593 2806 5648 duraverit
2838 5609 2935 5652 ea.
2997 5609 3120 5664 quae
3167 5592 3322 5649 vide-

0 5696 5 5703 ’
85 5717 117 5750 ι
174 5713 369 5767 Dan.
407 5724 487 5769 ιιι,
522 5708 575 5760 4.
