3850 6396
502 261 606 313 883
1720 256 1776 310 S.
1813 253 2141 310 GREGORH
2184 252 2476 309 NYSSENI
3658 252 3754 308 886

500 387 609 439 tur,
647 376 1056 450 pulchritudo),
1096 377 1187 431 illa
1216 394 1346 433 vero
1388 379 1568 447 qualis
1612 378 1859 447 quaedam
1901 386 2068 441 esset,
2112 392 2220 431 non
2255 384 2434 446 potest
2489 372 2854 428 demonstrari
2895 373 3182 429 oratione:
3225 389 3334 429 non
3380 372 3531 429 enim
3583 381 3750 425 exstat

496 471 616 540 ejus
655 470 877 541 aliquod
915 472 1272 526 simulacrum
1295 512 1310 535 ,
1350 475 1495 542 quod
1534 488 1627 542 per
1661 482 1833 525 artem
1868 478 2059 526 exacte
2095 471 2433 527 elaboratum
2469 469 2575 530 sit,
2611 467 2706 522 sed
2740 468 2785 522 si
2818 467 2962 537 quod
2995 470 3158 522 etiam
3188 466 3464 537 depictum
3529 464 3620 519 vel
3681 462 3752 515 ef—
3816 470 3826 542 ἶ

498 569 683 622 fictum
713 576 833 631 est,
860 566 1046 621 omnia
1074 580 1103 619 a
1131 567 1363 621 veritate
1391 568 1584 637 procul
1618 567 1838 622 absunt.

568 659 854 730 Ejusmodi
870 660 1031 714 etiam
1059 674 1233 729 usque
1247 658 1426 714 adhuc
1450 669 1581 715 sunt
1615 676 1679 715 ea
1702 651 1823 729 quae
1843 673 2077 714 narran-

2250 650 2485 705 Τοιαῦτα
2534 651 2628 703 καὶ
2670 648 2831 719 μέχρι
2869 646 3058 699 τούτου
3095 644 3164 698 τά
3203 644 3554 715 διηγήματα·
3599 643 3669 696 τὰ
3702 644 3748 695 ἂ
3824 690 3825 745 ι

495 762 588 805 tur
604 770 616 805 :
635 768 756 821 qua:
769 760 1075 821 sequuntur
1092 750 1535 821 qualiaﬂtursus
1549 753 1785 806 clamare
1799 765 1983 821 cogor.
1999 750 2077 802 Ac

497 844 627 897 mihi
658 845 928 913 ignoscite
966 852 1189 913 propter
1236 844 1642 897 incommodum
1676 843 1963 896 clamando
1988 856 2077 895 ex-

499 944 580 987 tra
609 936 828 989 modum
852 935 1173 1005 egredienti.
1228 934 1273 989 0
1300 933 1572 997 Thracia,
1615 932 1933 1003 fugiendum
1973 948 2074 987 no-

496 1028 654 1079 men!
686 1026 730 1079 0
758 1025 944 1080 infelix
974 1026 1271 1095 praedium,
1303 1040 1438 1095 gens
1471 1024 1725 1079 cladibus
1756 1025 2072 1080 nobilitata!

496 1115 542 1169 0
583 1115 735 1186 prius
768 1115 989 1185 quidem
1020 1115 1205 1170 hostili
1241 1115 1354 1185 igni
1403 1116 1764 1169 barbarorum
1801 1115 2076 1169 incursio-

498 1211 583 1262 nis
609 1216 850 1270 vastata,
897 1221 1043 1260 nunc
1074 1222 1203 1261 vero
1251 1216 1417 1278 caput
1476 1222 1539 1261 ac
1599 1222 1875 1264 summam
1923 1222 2075 1261 com-

499 1300 682 1353 munis
737 1298 1070 1354 calamitatis
1103 1298 1157 1352 in
1203 1306 1260 1353 te
1311 1299 1619 1368 recipiens,
1672 1299 1822 1353 illinc
1874 1299 2073 1352 bonum

499 1389 805 1460 abripitur,
837 1388 949 1443 illic
979 1388 1185 1442 invidia
1217 1388 1481 1444 adversus
1506 1388 1791 1457 imperium
1824 1397 2074 1457 grassata

498 1498 563 1538 ac
591 1481 923 1538 debacchata
982 1489 1105 1543 est,
1170 1480 1283 1535 illic
1330 1482 1480 1537 orbis
1536 1491 1804 1535 terrarum
1856 1483 2075 1535 naufra-

498 1577 646 1645 gium
682 1574 886 1630 factum
916 1582 1042 1638 est,
1096 1573 1208 1627 illic
1258 1581 1518 1643 tanquam
1576 1574 1797 1628 turbine
1837 1577 2073 1644 correpti

498 1665 565 1720 ad
593 1667 876 1736 scopulum
912 1666 1279 1736 impingentes
1308 1666 1363 1718 in
1400 1666 1627 1719 fundum
1657 1666 1893 1721 tristitia:
1915 1675 2077 1737 atque

497 1756 752 1809 mmroris
776 1754 1017 1810 demersi
1069 1758 1293 1809 sumus!
1327 1754 1373 1810 0
1403 1755 1598 1809 malam
1652 1756 1800 1812 illam
1834 1761 2073 1828 peregri-

496 1848 811 1911 nationem,
835 1860 959 1915 quae
985 1846 1221 1901 reditum
1244 1846 1567 1917 denegavit!
1593 1850 1635 1900 0
1661 1863 1833 1918 aquas
1858 1863 2074 1902 amaras

496 1952 728 2005 quarum
761 1935 943 1991 fontes
992 1937 1204 1992 utinam
1243 1952 1351 1992 non
1386 1938 1783 1995 desiderasset!
1833 1939 1879 1994 0
1939 1955 2075 2009 pne-

2178 746 2271 798 ὲπὶ
2330 743 2540 805 τούτοις
2589 736 2717 802 οἵας
2782 738 2949 791 Πάλιν
3012 736 3140 807 βοᾷν
3192 736 3596 803 ἀναγκάζομαι.
3656 736 3747 786 Καί

2182 853 2271 907 μοι
2306 834 2580 903 σύγγνωτε
2630 831 2965 903 ὑπερϐοῶντι
3010 831 3071 881 τὸ
3115 827 3302 890 πάθος.
3335 823 3405 879 '0
3452 828 3669 897 Θρᾴκη,
3698 827 3749 877 τὸ

2178 928 2409 996 φευκτὸν
2452 924 2655 995 δνομαῑ
2695 920 2766 974 '0
2794 921 3054 991 δυστυχὲς
3084 920 3300 990 χωρίον,
3328 918 3479 981 ἔθνος
3506 921 3576 971 ὲκ
3624 936 3746 987 συμο

2179 1019 2359 1090 φορῶν
2387 1015 2813 1087 γνωριζόμενονε
2836 1010 2909 1066 *Ω
2939 1013 3200 1084 πρότερον
3228 1012 3325 1082 μὲν
3355 1010 3608 1082 πολεμίῳ
3628 1014 3749 1081 mp!
3812 1075 3826 1101 '

2176 1114 2297 1174 ταῖς
2342 1108 2452 1161 τῶν
2487 1106 2778 1179 βαρϐάρων
2817 1104 3134 1175 ἐπιδρομαῖς
3164 1102 3451 1174 δῃωθεῖσα,
3479 1102 3578 1155 νῦν
3616 1102 3669 1154 6‘s
3697 1104 3750 1154 τὸ

2178 1200 2469 1270 κεφάλαιον
2508 1199 2609 1269 τῆς
2648 1197 2834 1269 κοινῆς
2866 1198 3150 1268 συμφορᾶς
3177 1197 3233 1248 ὲν
3257 1196 3421 1266 ἑαυτῇ
3463 1194 3745 1264 δεξαμένη.

2177 1295 2387 1349 ἐκεῖθεν
2431 1293 2491 1345 τὸ
2539 1291 2742 1362 ἀγαθὸν
2779 1289 3169 1361 ἀναρπάζεται,
3194 1289 3309 1340 ἐκεῖ
3329 1288 3361 1340 6
3391 1286 3590 1356 φθόνος
3617 1287 3750 1339 κατά

2175 1389 2275 1458 τῆς
2304 1386 2579 1457 βασιλείας
2621 1384 2929 1454 ἐκώμασεν,
2971 1383 3090 1435 ἐκεῖ
3114 1381 3336 1449 γέγονεν
3363 1379 3427 1432 τὸ
3454 1380 3558 1449 τῆς
3584 1380 3752 1431 οἴκου·

2180 1480 2347 1550 μένης
2370 1481 2647 1545 ναυάγιον,
2668 1477 2785 1529 ἐκεῖ
2804 1473 3053 1544 καθάπερ
3079 1476 3137 1526 ὲν
3157 1471 3382 1525 κλύδωνι
3401 1469 3484 1540 τῷ
3509 1469 3752 1540 προϐόλῳ

2177 1569 2663 1644 προσπταίσαντες,
2702 1565 2781 1637 τῷ
2823 1566 2925 1635 τῆς
2964 1563 3139 1635 λύπης
3169 1560 3317 1633 βυθῷ
3376 1558 3747 1628 κατεδύημενι

2180 1664 2245 1715 Ὢ
2270 1661 2512 1732 πονηρᾶς
2537 1658 2801 1730 ἐκδημίας
2829 1657 3063 1724 ἐκείνης,
3093 1656 3127 1724 ἢ
3160 1653 3258 1724 τὴν
3282 1649 3640 1721 ὑποστροφὴν
3663 1652 3753 1701 οὐκ
3818 1692 3826 1705 .

2176 1754 2485 1809 dné6wxsv!
2516 1753 2580 1807 Ὢ
2609 1750 2821 1823 πικρῶν
2849 1749 3077 1814 ὑδάτων,
3100 1740 3175 1799 ὧν
3204 1745 3302 1809 τάς
3328 1742 3518 1815 πηγὰς
3560 1741 3753 1793 ἐπεπό-

2177 1845 2359 1915 θησεν,
2409 1844 2484 1907 ὡς
2524 1843 2624 1896 οὐκ
2665 1841 2923 1910 ὥφειλενῑ
2953 1837 3024 1891 '0
3072 1838 3286 1909 χωρίον,
3327 1839 3385 1890 ὲν
3415 1830 3464 1904 ᾧ
3494 1835 3562 1889 τὸ
3594 1834 3752 1898 πάθος

2177 1937 2423 2007 ἐγένετο,
2483 1935 2573 1989 διά
2621 1934 2686 1987 τὸ
2730 1933 2902 1996 πάθος
2960 1934 3026 2002 τῇ
3077 1930 3382 1999 σκοτομήνη
3443 1927 3751 1997 ἐπώνυμον.

494 2028 645 2079 dium
673 2066 688 2091 ,
733 2026 789 2081 in
819 2041 929 2096 quo
958 2027 1145 2082 clades
1190 2026 1425 2092 accidit,
1478 2036 1701 2097 propter
1742 2028 1955 2081 cladem
2006 2028 2076 2081 ab

2189 2029 2396 2083 Ἀκούω
2420 2028 2530 2099 γάρ
2554 2027 2695 2082 κατά
2723 2025 2822 2097 τὴν
2848 2025 3076 2095 πάτριον
3105 2022 3283 2075 αὐτῶν
3316 2020 3578 2089 γλῶσσαν
3615 2018 3751 2071 Σιών

494 2123 732 2175 obscura
777 2126 941 2174 nocte
970 2133 1278 2189 cognomen
1306 2119 1562 2175 sortitum
1595 2121 1609 2173 !
1650 2121 1829 2175 Audio
1888 2120 2030 2174 enin
2057 2159 2071 2182 ,

497 2209 671 2279 patria
703 2223 895 2264 eorum
932 2208 1117 2280 lingua
1147 2208 1480 2274 Scotoumt‘n,
1510 2226 1545 2264 a
1580 2212 1806 2266 tenebris
1837 2211 2071 2277 scilicet,

503 2303 679 2355 locum
748 2300 898 2354 illum
947 2301 1362 2372 cognominari;
1416 2302 1527 2357 illic
1587 2304 1947 2359 obtenebrata
1994 2314 2079 2360 est

501 2394 725 2448 lucerna
802 2429 820 2457 ,
869 2392 984 2446 illic
1014 2393 1325 2449 exstinctus
1356 2403 1441 2449 est
1492 2396 1931 2465 splendor,illic
1988 2414 2077 2451 ra-

501 2484 577 2537 dii
604 2485 874 2539 virtutum
907 2484 1186 2539 obscurati
1230 2495 1359 2540 sunt
1381 2526 1397 2550 ,
1429 2488 1592 2556 periit
1626 2488 1841 2558 imperii
1910 2504 2077 2544 orna-

503 2583 791 2638 mentum,
852 2573 1087 2643 justitiaa
1162 2575 1638 2644 gubernaculum,
1718 2576 2077 2632 humanitatis

503 2667 723 2736 imago,
789 2666 903 2720 imo
967 2682 1098 2721 vero
1164 2666 1280 2736 ipsa
1347 2667 1667 2738 principalis
1724 2667 2079 2724 humanitatis

502 2759 718 2823 forma;
768 2758 1035 2815 maritalis
1066 2758 1275 2813 amoris
1327 2760 1499 2830 figura
1548 2769 1712 2830 atque
1769 2761 2077 2829 exemplum

500 2851 742 2904 ablatura
773 2859 894 2915 est,
941 2859 1154 2905 castum
1190 2850 1544 2905 continentia:
1596 2860 1758 2921 atque
1806 2852 2078 2907 sobrieta-

501 2940 576 2995 tis
609 2950 663 2994 et
694 2940 971 3010 pudicitiae
995 2940 1285 2995 donarium
1308 2983 1323 3008 ,
1399 2942 1577 2999 facilis
1620 2942 1771 2997 aditu
1803 2944 2077 3014 gravitas,

502 3047 613 3086 non
644 3033 1043 3089 contemnenda
1078 3032 1314 3088 facilitas
1367 3043 1421 3089 et
1487 3035 1854 3091 mansuetudo
1890 3054 1903 3090 :
1966 3038 2078 3089 alta

506 3122 676 3177 animi
702 3122 983 3178 humilitas
1015 3132 1180 3194 atque
1204 3125 1473 3180 modestia
1501 3164 1516 3188 ,
1565 3126 1741 3196 pudor
1776 3126 2078 3197 ingenuus,

505 3216 821 3284 promiscua
866 3215 1135 3270 bonorum
1164 3217 1451 3271 harmonia
1482 3236 1496 3271 :
1554 3218 1720 3289 periit
1776 3218 1899 3274 fidei
1930 3221 2081 3276 zelus

505 3314 561 3363 et
580 3307 823 3362 studium
845 3349 860 3373 ,
894 3306 1156 3363 Ecclesiae
1192 3309 1449 3365 columna
1469 3348 1484 3373 ,
1536 3310 1790 3365 altarium
1821 3318 2077 3374 ornatus,

507 3416 812 3471 pauperum
862 3402 1101 3466 divitiae,
1159 3404 1347 3459 multis
1406 3402 1880 3459 subministrando
1935 3375 2150 3457 sulti-c

508 3496 665 3550 ciens
719 3495 949 3559 dextra,
1006 3495 1317 3551 communis
1362 3496 1697 3565 jactatorum
1746 3507 1803 3550 et
1854 3494 2083 3549 afﬂicto—

509 3601 632 3639 rum
681 3594 894 3655 portus.
954 3585 1163 3657 Lugeat
1234 3588 1523 3657 virginitas
1552 3629 1568 3652 ,
1617 3589 1950 3643 lamentetur
2003 3588 2085 3641 vi.

509 3674 694 3730 duitas
719 3715 733 3739 ,
764 3676 939 3745 ploret
966 3679 1199 3745 orbitas,
1235 3687 1572 3750 cognoscant
1600 3679 1732 3750 quid
1769 3679 2083 3743 habuerint,

511 3774 800 3837 postquam
833 3769 1033 3824 habere
1069 3770 1373 3824 desierunt.
1404 3770 1517 3825 [mo
1541 3786 1672 3827 vero
1702 3770 1836 3842 quid
1889 3772 2087 3825 attinet

512 3872 601 3912 me
625 3859 679 3912 in
713 3868 896 3928 partes
928 3870 981 3915 et
1032 3860 1255 3916 ordines
1288 3860 1533 3917 dividere
1583 3862 2087 3918 lamentationem?

512 3949 843 4021 Ingemiscat
868 3953 1050 4009 omnis
1093 3964 1230 4008 aetas
1252 3992 1268 4018 ,
1299 3953 1633 4024 profundum
1657 3971 1689 4011 e
1721 3955 1901 4011 medio
1922 3956 2087 4011 corde

514 4042 777 4114 gemitum
834 4044 1003 4101 edens
1043 4064 1056 4099 :
1107 4061 1222 4117 una.
1271 4047 1452 4116 lugeat
1501 4047 1665 4102 etiam
1722 4048 2085 4105 sacerdotium

516 4136 695 4206 ipsum
716 4136 1010 4205 ,quoniam
1046 4136 1253 4191 invidia
1285 4153 1637 4193 communem
1683 4148 1943 4194 ornatum
2001 4138 2089 4194 deo

515 4227 700 4283 traxit.
740 4227 997 4298 Nunquid
1025 4232 1374 4285 temerarium
1426 4230 1589 4286 fuerit
1653 4229 1940 4302 PrOpbetaa
1997 4231 2080 4285 di-

525 4328 679 4374 ctum
720 4319 855 4374 illud
902 4320 1149 4390 proferre
1176 4322 1199 4375 ‘!
1239 4322 1417 4388 Quare
1438 4323 1681 4391 repulisti
1701 4363 1716 4387 ,
1748 4323 1917 4387 Deus,
1947 4324 2002 4377 in
2022 4324 2088 4392 ﬁ-

426 4437 433 4449 ’
516 4413 677 4467 nem?
710 4422 760 4464 et
812 4412 1107 4466 concitatus
1154 4422 1234 4467 est
1292 4413 1444 4481 furor
1490 4424 1610 4471 tuus
1672 4415 1925 4469 adversus
1973 4432 2088 4469 oves

518 4518 732 4571 pascua
765 4511 871 4557 tua:
890 4503 949 4556 ’ἲ
969 4504 1213 4569 Quorum
1249 4517 1600 4576 peccatorum
1630 4522 1824 4578 pmnas
1849 4507 2093 4562 luimus?

521 4591 640 4657 Qua
665 4592 733 4648 de
760 4594 979 4650 causa?
1018 4594 1193 4665 Cujus
1238 4599 1315 4651 rei
1348 4599 1571 4653 nomine
1602 4598 1726 4654 aliis
1760 4613 1926 4668 super
1967 4598 2092 4653 aliis

523 4684 777 4740 cladibus
832 4685 1124 4757 allligimur
1175 4696 1230 4743 et
1291 4690 1666 4759 castigamur?
1729 4691 1812 4745 An
1860 4689 2082 4745 forsitan

523 4786 813 4841 propterea
851 4780 998 4841 quod
1044 4780 1287 4835 abundat
1314 4780 1569 4841 impietas
1610 4783 1887 4837 variarum
1925 4782 2082 4837 haere-

2199 4678 2314 4750 μῶν
2367 4677 2749 4748 ἀποψήσαντες
2768 4714 2785 4739 ,
2847 4672 3010 4727 πάλιν
3055 4673 3113 4725 ὲν
3168 4668 3403 4740 τοσαύτῃ
3463 4668 3768 4738 γεγόναμεν

2198 4771 2471 4841 συμφορᾷ.
2499 4768 2632 4821 Τότε
2660 4766 2724 4820 τὸ
2754 4764 3002 4829 νεοθαλὲς
3028 4763 3184 4826 ἄνθος
3211 4760 3649 4833 ἀπωδυράμεθα,
3685 4761 3769 4813 νῦν

2426 4800 2471 4840 ᾖ.
2508 4800 2632 4821 ιυδῦ
2661 4800 2724 4820 ἰν
2760 4800 3001 4829 νςννυ-ιιῠν

522 4786 813 4848 propterea
851 4780 998 4849 quod
1044 4780 1287 4835 abundat
1314 4780 1569 4851 impietas
1610 4783 1887 4837 variarum
1925 4782 2095 4837 haere-

524 4883 658 4923 seon
679 4908 695 4935 ,
727 4868 844 4924 haec
875 4868 1170 4925 adversum
1218 4886 1321 4927 nos
1385 4874 1659 4927 sententia
1689 4874 1929 4927 obtinuit
1957 4873 1981 4927 ?
2014 4873 2097 4927 Vi-

524 4960 649 5016 dete
703 4962 853 5017 enim
906 4962 1110 5033 quibus
1145 4962 1199 5016 in
1234 4963 1433 5033 exiguo
1483 4973 1727 5033 tempore
1774 4965 1934 5019 malis
1962 4979 2096 5019 con-

524 5052 723 5107 ﬂictati
771 5053 969 5110 simus.
1025 5053 1276 5109 Nondum
1324 5071 1353 5109 a
1388 5054 1569 5125 priore
1615 5054 1770 5109 clade
1805 5055 2099 5125 respiravi-

530 5161 693 5209 mus,
736 5145 980 5201 nondum
1039 5146 1311 5218 larrymas
1358 5147 1426 5203 ab
1482 5148 1656 5203 oculis
1701 5147 2098 5211 abstersimus,

529 5252 725 5292 rursus
752 5237 806 5291 in
845 5245 1053 5292 tantam
1081 5239 1373 5295 incidimus
1424 5241 1808 5295 calamitatem.
1837 5237 1992 5293 Tunc
2016 5248 2096 5294 te-

529 5342 722 5381 nerum
765 5326 951 5382 florem
979 5328 1412 5398 deploravimus,
1449 5344 1597 5383 nunc
1628 5330 1803 5399 ipsum
1839 5342 2095 5392 ramum,

530 5419 678 5473 unde
733 5417 833 5472 llos
885 5419 1213 5489 germinavit
1247 5427 1302 5473 et
1338 5428 1535 5475 enatus
1568 5429 1652 5475 est
1683 5440 1696 5475 :
1734 5430 1867 5476 tunc
1899 5434 2090 5489 spera-

530 5522 644 5564 tum
678 5510 928 5564 decorem
949 5551 964 5574 ,
1009 5527 1158 5566 nunc
1185 5528 1307 5565 eum
1339 5511 1432 5582 qui
1470 5513 1641 5584 viguit
1674 5532 1685 5567 :
1726 5522 1857 5569 tunc
1886 5513 2091 5568 bonum

534 5601 675 5671 quod
700 5604 1141 5671 exspectabatur,
1195 5620 1338 5669 nunc
1384 5607 1458 5672 id,
1486 5608 1643 5679 cujus
1671 5605 1971 5678 periculum
2005 5603 2088 5658 fa-

602 5691 628 5723 ⁸
665 5692 809 5751 Pani.
848 5709 1053 5759 nam,
1093 5696 1141 5747 l.

2004 5900 2017 5941 ί

2179 2139 2389 2191 τουμιν
2431 2121 2522 2173 τὸν
2565 2120 2730 2174 τόπον
2760 2114 3222 2188 ἐπονομάζεσθαι·
3258 2115 3375 2166 ἐκεῖ
3403 2110 3697 2177 ἐσκοτίσθη
3727 2112 3753 2161 6

2178 2216 2387 2287 λύχνος,
2417 2215 2533 2268 ἐκεῖ
2579 2209 2917 2280 κατεσϐέσθη
2963 2208 3024 2262 τὸ
3051 2208 3271 2278 φέγγος,
3302 2208 3420 2260 ἐκεῖ
3461 2208 3519 2259 αἱ
3546 2206 3753 2264 ἀκτῖνες

2177 2307 2285 2361 τῶν
2315 2306 2523 2377 ἀρετῶν
2545 2303 2967 2377 ἡμαυρώθησαν,
3009 2300 3215 2371 οἴχεται
3242 2298 3342 2368 τῆς
3376 2296 3662 2367 βασιλείας
3700 2297 3755 2347 τὺ
3817 2287 3826 2297 ”

2178 2398 2638 2471 έγκαλλώπισμα,
2670 2398 2734 2450 τὸ
2766 2396 2865 2467 τῆς
2909 2390 3253 2463 δικαιοσύνης
3284 2391 3566 2459 πηδάλιον,
3596 2392 3631 2460 ἡ
3662 2390 3755 2459 τῆς

2179 2490 2587 2562 φιλανθρωπίας
2614 2488 2775 2541 εἰκὼν
2794 2529 2808 2553 ,
2845 2484 3041 2556 μᾶλλον
3069 2484 3125 2537 δὲ
3154 2482 3287 2537 αὐτὸ
3323 2483 3385 2536 τὸ
3410 2482 3721 2552 ἀρχέτυπον
3738 2499 3750 2509 ο

2179 2578 2426 2652 ἀφῃρέθη
2474 2577 2574 2647 τῆς
2617 2576 2931 2647 φιλανδρίας
2958 2575 2986 2626 6
3024 2572 3215 2638 τύπος,
3242 2572 3303 2625 τὸ
3330 2571 3497 2640 ἁγνὸν
3523 2572 3630 2641 τῆς
3658 2588 3755 2624 σω-

2180 2670 2452 2743 φροσύνης
2473 2669 2746 2738 ἀνάθημα,
2773 2669 2805 2737 ἠ
2835 2665 3151 2733 εὐπρόσιτος
3180 2663 3466 2753 σεμόνότης,
3494 2664 3529 2732 ἡ
3553 2664 3757 2753 ἀκαταέ

2180 2761 2442 2833 φρόνητος
2492 2758 2809 2833 ἡμεεότης.
2855 2756 2889 2825 ἡ
2944 2753 3121 2823 ὑψηλὴ
3165 2749 3681 2821 ταπεινοφροσύνην
3727 2752 3755 2819 ἡ

2181 2837 2711 2922 πεπαρῤησιασμῖνη
2752 2843 2936 2907 αἰδὼς,
2967 2845 3003 2913 η
3055 2841 3358 2911 σύμμικτος
3398 2838 3511 2892 τῶν
3541 2837 3756 2906 ἀγαθῶν

2182 2920 2414 3015 ἁρμονία
2430 2957 2445 2971 ο
2474 2920 2679 3010 οἴχεὲαι
2704 2941 2732 2991 6
2754 2937 2851 3008 τῆς
2874 2935 3110 2996 πίστεως
3137 2931 3316 3003 ζῆλος,
3340 2932 3370 2985 6
3393 2930 3497 3001 τῆς
3530 2931 3757 2998 Ἐκκλη.

2184 3038 2304 3100 σίας
2352 3032 2561 3096 στύλος,
2611 3031 2641 3082 6
2683 3030 2791 3084 τῶν
2835 3026 3233 3096 θυσιαστηρίων
3280 3022 3526 3093 κόσμος,
3583 3023 3616 3075 6
3661 3022 3757 3073 τῶν
3821 3031 3826 3051 ⁴

2181 3125 2492 3197 πενομένων
2516 3120 2762 3187 πλοῦτος,
2801 3121 2836 3191 η
2874 3114 3183 3187 πολυαρκὴς
3203 3113 3371 3180 δεξιά,
3387 3115 3416 3167 6
3444 3110 3634 3176 κοινδς
3660 3110 3757 3164 τῶν

2182 3214 2666 3286 καταπονουμένων
2691 3212 2875 3282 λιμήν.
2896 3207 3166 3264 Πενθείτω
3185 3210 3218 3278 ἡ
3237 3204 3526 3274 παρθενία,
3549 3202 3759 3274 θρηνεί-

2183 3327 2259 3363 τω
2296 3310 2330 3380 ἡ
2376 3305 2610 3378 χηρεία,
2644 3301 2918 3375 ὀδυρέσθω
2962 3302 2995 3370 ἡ
3043 3298 3277 3369 ὀρφανία
3304 3338 3319 3363 ,
3369 3295 3677 3364 γνώτωσαν
3715 3293 3759 3344 τί

2183 3397 2327 3472 εἶχον
2350 3400 2437 3453 ὅτε
2455 3399 2554 3452 οὐκ
2572 3395 2805 3466 ἔχουσιν.
2831 3391 3045 3446 Μᾶλλον
3069 3389 3128 3443 δὲ
3152 3388 3204 3442 τί
3229 3388 3333 3459 χρή
3366 3403 3434 3457 με
3458 3383 3607 3440 κατὰ
3629 3383 3759 3454 μέρη

2183 3492 2277 3545 καὶ
2302 3488 2482 3553 τάξεις
2508 3486 2735 3555 διαιρεῖν
2774 3483 2867 3537 τὸν
2910 3480 3139 3551 θρῆνον;
3182 3477 3494 3541 Στεναζέτω
3534 3476 3691 3528 πᾶσα
3732 3475 3760 3543 ἠ

2183 3582 2365 3653 γενεὰ,
2401 3579 2581 3651 βύθιον
2610 3578 2676 3631 ὲκ
2707 3576 2880 3647 μέσης
2913 3571 3139 3645 καρδίας
3170 3571 3259 3624 τὸν
3293 3568 3605 3638 στεναγμὸν
3636 3567 3760 3619 ἀνα-
3816 3628 3826 3649 ⁴

2184 3674 2508 3744 πέμπουσα·
2550 3665 2927 3738 συμπενθείτω
2956 3662 3050 3717 καὶ
3079 3664 3114 3733 ὴ
3163 3658 3429 3731 ἱερωσύνη
3479 3656 3651 3744 αὑτὴ,
3681 3655 3760 3706 τὸν

2185 3742 2363 3821 κοινὸν
2391 3763 2592 3833 κόσμον
2618 3759 2711 3813 τοῦ
2752 3758 2952 3829 φθόνου
2991 3753 3449 3821 ἀποσυλήσαντος.
3497 3742 3657 3817 Ἀρα
3697 3745 3760 3815 μὴ

2184 3854 2452 3927 τολμηρὸν
2474 3853 2535 3907 τὸ
2556 3850 2650 3905 τοῦ
2671 3850 2955 3922 Προφήτου
2974 3848 3168 3907 εἰπεῖν,
3186 3843 3267 3909 τὸ,
3296 3842 3429 3896 Ἵνα
3445 3841 3502 3894 τι
3520 3838 3758 3897 ἀπώσω,

2186 3952 2219 4004 d
2253 3948 2415 4013 Θεὸς,
2445 3948 2534 4011 εὶς
2586 3942 2792 4008 τέλος,
2830 3939 2931 3994 καὶ
2978 3936 3299 4007 διωργίσθη
3350 3935 3384 3986 ό
3424 3932 3625 3999 θυμός
3657 3946 3761 3983 σον

2184 4041 2284 4094 ἐπὶ
2311 4039 2575 4107 πρόϐατα
2603 4031 2793 4103 νομῆς
2826 4045 2943 4085 σου
2960 4045 2981 4095 ;
3021 4028 3197 4083 Ποίων
3224 4023 3643 4094 ἁμαρτημάτων
3674 4020 3759 4079 τὰς

2185 4132 2335 4195 δίκας
2366 4126 2744 4198 ὲκτιννύομεν;
2782 4124 2952 4193 Ὑπὲρ
2994 4120 3137 4183 τίνος
3159 4119 3273 4180 ταῖς
3300 4112 3641 4184 ἐπαλλήλοις
3666 4111 3761 4163 τῶν

2189 4220 2484 4294 συμφορῶν
2516 4215 2922 4290 μαστιζόμεθα;
2971 4213 3042 4267 Ἢ
3070 4212 3210 4281 τάχα
3246 4207 3333 4261 διά
3373 4206 3433 4260 τὸ
3467 4205 3759 4258 πλεονάσαι
3820 4234 3826 4249 .

2187 4316 2284 4387 τὴν
2305 4312 2557 4368 ἀσέϐειαν
2576 4309 2683 4364 τῶν
2710 4307 2967 4363 ποικίλων
2987 4303 3271 4376 αἱρέσεων.
3298 4297 3438 4369 αὑτὴ
3461 4296 3592 4351 καθ’
3616 4294 3763 4367 ἡμῶν

2188 4410 2222 4479 ἠ
2264 4405 2443 4477 ψῆφος
2481 4402 2817 4475 ἐκράτησεν;
2878 4398 3071 4468 Ὀρᾶτε
3122 4394 3232 4465 γὰρ
3287 4392 3416 4453 οἵοις
3468 4390 3668 4452 κακοζ
3714 4388 3763 4439 ὲν

2190 4497 2382 4567 βραχεῖ
2406 4492 2812 4564 συνηνέχθημεν
2853 4489 3049 4561 χρόνῳ.
3096 4486 3262 4539 Οὔπω
3289 4482 3383 4536 ἐπὶ
3412 4484 3480 4552 τῇ
3521 4482 3765 4551 προτέρα

2192 4587 2373 4657 πληγῇ
2405 4583 2860 4647 ἀναπνεύσαντες,
2897 4579 3051 4634 οὔπω
3076 4578 3136 4632 τὸ
3167 4578 3400 4648 δάκρυον
3432 4573 3545 4628 τῶν
3582 4574 3766 4643 ὀφθαλ-

2193 4864 2325 4917 αὑτὸ
2356 4862 2416 4916 τὸ
2440 4861 2616 4932 ἔρνος,
2644 4859 2737 4930 ἀφ’
2762 4852 2835 4913 οὗ»
2859 4857 2921 4911 τὸ
2946 4856 3103 4918 ἄνθος
3131 4853 3496 4924 ὲϐλάσθησεν·
3524 4854 3658 4906 τότε
3682 4852 3766 4919 τὴν

2170 4954 2542 5025 ,ἐλπισθεῖσαν
2601 4951 2785 5023 ὥραν,
2835 4949 2929 5003 νῦν
2978 4948 3077 5019 τὴν
3123 4946 3486 5017 ἀκμάσασαν
3542 4944 3671 4998 τότε
3719 4943 3769 4993 τὸ

2196 5044 2640 5118 προσδοκώμενον
2678 5041 2902 5111 ἀγαθὸν,
2934 5039 3029 5094 νῦν
3060 5039 3123 5092 τὸ
3164 5040 3224 5091 ὲν
3268 5035 3431 5109 πείρᾳ
3456 5036 3762 5105 γενόμενον.

2195 5135 2343 5210 ’Δρά
2375 5154 2466 5208 μοι
2501 5131 2896 5204 συγγνώσεσθε,
2938 5130 3177 5200 ἀδελφοὶ,
3223 5129 3271 5183 sl
3300 5146 3352 5182 τι
3378 5127 3467 5181 διὰ
3496 5127 3565 5180 τὸ
3605 5125 3767 5185 πάθος

2206 5229 2693 5301 παραληρήσαιμι;
2729 5226 2902 5295 Τάχα,
2937 5222 3116 5286 καθώς
3149 5236 3313 5291 φησιν
3340 5219 3370 5272 6
3424 5218 3763 5279 ‘Andctolix,

2204 5324 2296 5377 xui.
2322 5322 2458 5393 αὑτὴ
2488 5324 2521 5394 η
2560 5320 2737 5383 κτίσις
2770 5318 2847 5389 τῷ
2876 5316 3125 5388 ἡμετέρῳ
3160 5311 3314 5383 κακῷ
3363 5309 3763 5375 συνεστέναξεν.

2214 5416 2543 5485 ’Υπομνήσω
2584 5412 2642 5466 δὲ
2663 5411 2771 5464 τῶν
2796 5408 3094 5479 γεγονότων
3123 5406 3286 5476 ὑμᾶς,
3326 5403 3421 5455 καὶ
3446 5399 3607 5471 οἶμαι
3652 5400 3765 5459 τοὺς
3824 5454 3825 5459 η

2205 5506 2429 5570 πολλοὺς
2452 5507 2563 5569 τοῖς
2579 5502 2891 5574 λεγομένοις
2907 5496 3281 5570 συνθήσεσθαι·
3307 5496 3434 5547 Ὅτε
3463 5492 3655 5565 χρυσῷ
3680 5491 3763 5545 καὶ

2206 5599 2494 5672 πορφυρίδι
2546 5593 2935 5667 κεκαλυμμένη
2990 5592 3082 5645 ἐπὶ
3128 5590 3228 5662 τὴν
3274 5588 3427 5643 πόλιν
3474 5588 3510 5658 ἡ
3565 5586 3763 5659 βασιλὶς
