3850 6416
88 272 198 331 835

1133 275 1389 333 ORATIO
1416 276 1757 334 FUNEBRIS
1794 276 1881 333 DE
1909 276 2269 334 PLACILLA.

3216 286 3321 345 886

87 387 374 457 ἐκομίζετο
404 388 576 461 (κλίνη
602 390 659 444 δὲ
686 386 753 463 ἧν
778 392 810 463 ἡ
834 392 1151 462 κομίζουσαι
1168 433 1184 457 ,
1214 394 1307 447 καὶ⁵
1334 394 1481 447 πᾶσα
1511 392 1656 458 ἀξία,

1777 401 1909 450 :tum
1968 402 2072 448 est.
2111 394 2192 447 An
2250 393 2550 464 ignoscetis
2597 394 2751 459 mibi,
2808 395 3027 461 fratres,
3103 399 3149 453 si
3210 417 3322 469 quo

86 482 183 532 .ια“ι
214 479 400 551 ἡλικία
436 483 584 536 πᾶσα
626 484 951 553 προχεθεῖσα
989 484 1082 537 τοῦ
1116 485 1325 549 ἄστεος,
1360 486 1656 539 ἀπεστενο-

84 570 256 642 χώρει
299 573 390 628 διὰ
430 574 523 627 τοῦ
583 575 819 645 πλήθους
859 577 920 629 τὸ
978 576 1274 647 ὕπαιθρον*
1328 577 1542 630 πάντων
1595 577 1658 628 ἐκ

88 663 289 726 ποδῶν.
326 666 420 718 καὶ
465 665 573 719 τῶν
598 667 969 737 ὑπερεχόντων
1014 670 1126 730 τοῖς
1174 666 1495 738 ἀξιώμασιν,
1524 683 1657 737 προ-

87 756 483 826 πομπευόντων
509 758 601 812 τοῦ
630 758 834 823 πάθους
852 776 867 790 ο
898 744 1176 831 μ’έμνησθε
1211 762 1425 823 πάντως
1454 761 1601 822 ὅπως
1630 762 1661 813 ό

85 846 241 915 ἥλιος
262 848 383 909 ταῖς
407 846 651 915 νεφέλαις
675 847 772 909 τὰς
802 849 1021 911 ἀκτῖνας
1053 847 1245 902 ἑαυτοῦ
1274 849 1657 920 συνεκάλυψεν,

85 937 268 1010 ὡςσᾶν
300 938 375 1008 μὴ
407 938 503 991 ῐδοι
535 939 673 1008 τάχα
704 938 927 1011 καθαρῷ
956 939 1034 1009 τῷ
1067 943 1206 1008 φωτὶ
1240 942 1375 1012 μετά
1418 942 1658 995 τοιούτου

89 1030 377 1100 σχήματος
403 1029 813 1084 εἰσελαύνουσαν
839 1032 938 1101 τὴν
981 1030 1230 1101 βασιλίδα
1256 1035 1322 1104 τῇ
1353 1032 1524 1099 πόλει,
1560 1034 1660 1088 οὐκ

90 1121 187 1172 ἐπὶ
218 1120 461 1191 ἀρματός
507 1137 673 1184 τινος,
706 1121 739 1192 ἢ
774 1121 1089 1192 χρυσοδέτου
1134 1122 1366 1192 ἀπήνης,
1400 1122 1543 1177 κατά
1568 1124 1660 1176 τὸν

92 1212 367 1281 βασίλειον
392 1212 615 1282 κόσμον,
647 1214 761 1275 τοῖς
780 1212 1094 1285 δορυφόροις
1122 1213 1516 1285 ἀγαλλομένην,
1544 1213 1657 1268 ἀλλ’

87 1304 152 1354 ἐν
202 1300 348 1373 σορῷ
393 1302 828 1374 κεκαλυμμένην,
883 1304 1360 1375 ἐπικρυπτομένην
1408 1306 1469 1359 τὸ
1522 1300 1660 1369 εἶδος

90 1395 273 1448 ἐκεῖνο
302 1394 380 1465 τῷ
413 1394 718 1467 σκυθρωπῷ
762 1396 1216 1467 προκαλύμματιο
1267 1397 1445 1467 θέαμα
1489 1397 1660 1451 δεινόν

89 1504 153 1540 τε
192 1488 289 1541 καὶ
323 1486 572 1551 ἐλεεινὸν,
624 1486 873 1558 δακρύων
904 1489 1125 1560 ἀφορμὴ
1165 1488 1498 1559 προκειμένη
1550 1492 1661 1550 τοῖς

1757 486 1922 539 modo
1945 492 2172 555 propter
2219 484 2429 540 cladem
2460 486 2678 555 ineptus
2714 487 2821 544 sim
2854 496 2911 543 et
2952 488 3195 543 absurda
3244 492 3321 543 Io-

1755 577 1933 646 quar?
1958 575 2208 632 Forsitan
2234 618 2249 643 ,
2286 586 2342 631 ut
2388 576 2567 649 inquit
2591 574 2887 650 Apustolus
2907 582 2951 648 ‘,
3000 582 3163 637 etiam
3192 580 3320 653 ipsa

1756 678 2007 725 creatura
2043 676 2235 724 nostro
2288 669 2635 725 incommodo
2684 672 2974 744 ingemuit.
3012 676 3190 744 Atque
3228 691 3319 727 cu-

1756 775 1876 814 rum
1920 774 2041 829 quaa
2097 758 2457 825 acciderunt,
2490 761 2645 815 vobis
2692 764 3010 817 memoriam
3045 764 3322 819 renovabo

1756 866 1819 905 ac
1842 852 2132 921 plerosque
2158 850 2355 920 opinor
2386 850 2455 905 iis
2479 892 2494 917 ,
2526 866 2648 921 qua:
2679 852 2933 907 dicantur
2952 893 2966 917 ,
2996 869 3324 910 assensuros

1757 957 1899 996 esse.
1929 940 2065 996 Cum
2092 955 2229 994 auro
2260 955 2647 1011 purpureaque
2691 949 2840 997 veste
2872 943 3047 996 velata
3082 944 3324 1013 impera-

1758 1032 1866 1086 trix
1900 1033 1955 1085 in
1985 1030 2173 1085 urbem
2206 1039 2517 1099 portaretur
2560 1030 2780 1101 (lectica
2810 1041 2990 1086 autem
3028 1042 3180 1099 erat,
3219 1049 3324 1103 qua

1760 1122 2142 1192 portabatur),
2186 1130 2351 1191 atque
2402 1122 2551 1176 omni
2601 1122 2827 1188 ordine,
2865 1124 3012 1176 omni
3054 1131 3213 1178 :etate
3259 1140 3325 1178 ex

1760 1213 1896 1268 urbe
1932 1211 2176 1282 profusa,
2215 1212 2474 1281 quidquid
2510 1212 2615 1267 soli
2647 1212 2759 1267 aeri
2796 1221 2987 1282 aperto
3018 1214 3324 1283 expositum

1760 1312 1939 1365 esset,
1968 1320 2080 1373 pra:
2107 1304 2455 1359 multitudine
2484 1304 2647 1359 nimis
2696 1313 2990 1373 angustum
3028 1305 3323 1367 videretur,

1761 1406 1928 1467 atque
1976 1413 2165 1453 omnes
2208 1399 2372 1453 etiam
2412 1397 2679 1468 dignitate
2724 1399 3055 1454 excellentes
3101 1386 3329 1469 pedibus

1761 1489 1925 1545 funus
1965 1498 2465 1560 prosequerentur:
2495 1490 2825 1546 meministis
2858 1506 3087 1560 prorsus
3107 1531 3121 1555 ,
3156 1500 3215 1545 ut
3248 1491 3329 1545 sol

92 1578 512 1649 ἐντυγχάνουσιν
532 1596 544 1608 ³
568 1580 634 1650 ἢν
656 1578 801 1642 ἄπας
826 1579 935 1633 τῶν
956 1580 1397 1650 συνειλεγμένων,
1414 1582 1441 1632 ὁ
1463 1578 1663 1649 επηλύς

1777 1580 1975 1635 iebulis
2020 1594 2153 1634 suos
2183 1580 2367 1635 radios
2392 1580 2703 1650 obtegeret,
2734 1596 2801 1635 ne
2825 1580 3056 1634 forsitan
3081 1594 3222 1648 puro
3247 1580 3329 1632 lu-

88 1685 155 1720 τε
213 1670 308 1721 καὶ
358 1669 390 1721 ό
440 1668 723 1739 ἐγχώριος,
761 1670 860 1723 οὐκ
894 1670 1226 1740 εὐφημίαις,
1268 1669 1403 1723 άλλά
1446 1667 1663 1739 θρήνοις

1777 1670 1910 1725 nine
1939 1670 2147 1725 videret
2168 1670 2571 1739 imperatricem
2600 1686 2725 1725 cum
2754 1670 3026 1739 ejusmodi
3057 1670 3242 1724 habitu
3276 1670 3329 1724 in

88 1758 377 1814 εἰσιοῦσαν
415 1760 646 1831 ἐδέχετο.
683 1760 818 1814 Τότε
847 1761 941 1816 καὶ
983 1764 1012 1815 ό
1047 1762 1154 1832 ἀὴρ
1194 1761 1458 1824 πενθικῶς
1502 1762 1663 1823 ὲσκυτ

1777 1762 1953 1816 irbem
1986 1762 2251 1815 invectam
2272 1801 2288 1825 ,
2318 1776 2426 1816 non
2458 1762 2512 1815 in
2544 1777 2710 1816 curru
2743 1762 2979 1832 quodam
3000 1801 3013 1824 ,
3044 1770 3139 1815 aut
3166 1760 3331 1815 rheda

89 1851 408 1922 θρὼπασεν,
438 1847 549 1906 οἷον
579 1852 787 1924 ἱμάτιόν
810 1871 864 1907 τι
900 1852 1150 1907 πενθικὸν
1191 1853 1281 1905 τὸν
1314 1852 1475 1921 ζόφον
1503 1868 1660 1922 περι-

1777 1868 1903 1907 ιιιτο
1937 1853 2176 1907 revincta
2207 1867 2307 1923 pro
2338 1852 2485 1922 regio
2514 1860 2713 1907 ornatu
2755 1852 3082 1908 satellitibus
3124 1851 3335 1918 Stipan-

91 1942 443 2011 ϐαλλόμενος.
485 1943 642 1997 Ἀλλά
684 1944 781 1998 καὶ
819 1946 875 1997 αἱ
926 1943 1163 2013 νεφέλαι,
1216 1943 1399 2006 καθὼς
1443 1944 1662 1997 δυνατὸν

1777 1944 1916 1998 tibus
1945 1945 2155 2007 laetam,
2190 1944 2284 1999 sed
2316 1943 2369 1997 in
2411 1944 2590 1998 loculo
2636 1950 2868 2009 tectam,
2916 1942 3143 1996 formam
3184 1941 3348 1993 illam.

89 2035 290 2097 αὑταῖς
337 2030 426 2106 ἦν,
479 2035 829 2106 ἐπεδάκρυον,
876 2034 1089 2099 ἁπαλὰς
1128 2035 1365 2105 φεκάδας
1408 2035 1527 2088 ἀντὶ
1571 2034 1664 2088 δα-

1777 2036 1913 2092 lristi
1942 2037 2246 2090 velamento
2274 2035 2626 2098 occultatam,
2669 2034 3041 2104 spectaculum
3076 2032 3331 2087 acerbum

92 2127 286 2197 κρύων
323 2128 634 2197 ἐπαφιεῖσαι
664 2127 739 2199 τῷ
764 2128 944 2183 πάθει.

1777 2128 1973 2199 pariter
2010 2143 2073 2182 ac
2105 2128 2451 2191 miserabile,
2485 2142 2605 2197 qua:
2632 2126 2890 2181 omnibus
2914 2123 3335 2181 occurrentibus

93 2219 467 2290 lacrymarum
494 2225 748 2276 materies
779 2221 1052 2291 proposita
1075 2232 1221 2277 esset
1246 2238 1260 2276 :
1292 2236 1455 2291 quam
1480 2221 1659 2278 omnis
1682 2221 1916 2291 populus
1946 2220 2039 2290 qui
2068 2219 2440 2283 conﬂuxerat,
2466 2228 2575 2273 tam
2606 2218 2928 2290 peregrinus
2953 2233 3117 2288 quam
3152 2217 3339 2271 dome-

94 2309 297 2373 sticus,
348 2325 455 2366 non
497 2309 699 2368 faustis
744 2312 1261 2377 acclamationibus,
1338 2311 1434 2367 sed
1491 2311 1971 2367 lamentationibus
2016 2312 2385 2366 introeuntem
2441 2311 2768 2381 excipiebat.
2822 2308 2978 2364 Tunc
3026 2310 3190 2365 etiam
3245 2325 3339 2364 aer

93 2407 387 2477 lugubrem
424 2407 480 2461 in
513 2406 729 2461 inodum
774 2407 946 2461 tristis
984 2409 1102 2471 fuit,
1136 2418 1393 2477 tanquam
1433 2407 1595 2478 pallio
1633 2406 1867 2477 quodam
1898 2406 2135 2477 lugubri,
2163 2404 2393 2475 caligine
2419 2420 2478 2458 se
2506 2403 2739 2459 induens
2772 2410 2934 2471 atque
2964 2401 3333 2455 circumdans.

90 2504 244 2570 Quin
268 2503 432 2558 etiam
462 2502 655 2567 nubes,
694 2513 855 2572 prout
902 2503 969 2556 ab
1017 2501 1150 2572 ipsis
1195 2503 1310 2557 ﬁeri
1352 2512 1582 2573 poterat,
1613 2503 2116 2573 illacrymabantur,
2148 2500 2339 2555 molles
2366 2514 2432 2553 ac
2475 2508 2667 2553 tenues
2696 2497 2893 2569 pluvia:
2921 2504 3157 2568 guttaset
3185 2512 3338 2552 rores

92 2598 273 2653 luctui
298 2598 660 2669 laerymarum
687 2598 806 2653 loco
827 2598 1303 2668 superfundentes.

168 2682 251 2739 Ἦ
288 2685 459 2739 ταῦτα
493 2686 589 2757 μὲν
621 2685 789 2749 ὅντως
819 2686 982 2759 λῆρός
1016 2689 1156 2753 ἐστι,
1200 2690 1294 2741 καὶ
1326 2688 1446 2742 οὐδὲ
1493 2687 1669 2757 λέγειν

92 2778 285 2845 ἄξιον;
327 2778 389 2830 El
416 2778 525 2847 τάρ
555 2794 607 2830 τι
636 2778 728 2830 καὶ
754 2779 974 2847 γέγονεν
1008 2780 1066 2831 ἐν
1096 2782 1161 2853 τῇ
1195 2781 1367 2833 κτίσει
1409 2779 1667 2840 τοιοῦτον,

90 2866 215 2923 οἷον
259 2870 597 2940 ἐπισημῆναι
633 2871 733 2940 τὴν
783 2870 1087 2941 συμφοράν,
1134 2872 1196 2924 ού
1236 2872 1385 2942 παρά
1422 2872 1521 2943 τῆς
1552 2872 1670 2924 κτί-

92 2980 244 3026 σεως
275 2963 464 3031 γέγονε
500 2962 735 3025 πάντως,
770 2963 901 3016 ἀλλά
941 2964 1092 3033 παρά
1126 2964 1220 3017 τοῦ
1269 2964 1537 3018 Δεσπότου
1572 2963 1671 3032 τῆς

95 3056 352 3120 κτίσεως,
383 3054 648 3124 τιμῶντος
695 3054 761 3107 δι’
791 3047 866 3107 ὧν
894 3056 1065 3107 ἐποίει
1090 3056 1187 3125 τῆς
1212 3056 1367 3118 ὁσίας
1396 3056 1486 3108 τὸν
1514 3054 1673 3109 θάνα-

92 3158 215 3195 τον.
255 3141 443 3211 Τίμιος
482 3141 608 3211 γὰρ,
647 3142 830 3211 φησὶν,
864 3140 1103 3195 ἐναντίον
1136 3143 1339 3215 Κυρίου
1386 3145 1415 3196 ὁ
1448 3143 1673 3206 θάνατος

92 3232 212 3287 τῶν
240 3232 404 3287 ὁσίων
436 3232 620 3287 αὑτοῦ.
658 3232 808 3289 Εἶδον
836 3235 890 3288 δὲ
943 3234 1053 3303 ἐγὼ
1098 3236 1218 3288 τότε
1261 3237 1444 3307 ἕτερον
1496 3236 1673 3306 θέαμα

90 3326 211 3378 τῶν
257 3326 563 3396 είρημένων
608 3326 1051 3398 παραδοξότερον.
1101 3325 1252 3381 εἶδον
1304 3328 1523 3383 διπλοῦν
1570 3330 1671 3401 ὀμ·

94 3419 268 3487 ὅρον,
296 3416 389 3470 τὸν
421 3418 519 3487 μὲν
553 3418 617 3469 ὲκ
642 3416 735 3470 τοῦ
762 3417 923 3489 ἀέρος
941 3459 955 3483 ,
987 3420 1076 3472 τὸν
1112 3420 1169 3473 δὲ
1198 3422 1261 3473 ἐκ
1292 3422 1399 3474 τῶν
1426 3422 1676 3493 δακρύων

96 3512 197 3563 ἐπὶ
220 3509 319 3575 τὴν
352 3512 455 3579 γῆν
484 3512 873 3583 καταρρέοντα,
904 3514 999 3565 καὶ
1021 3514 1121 3566 ούκ
1142 3510 1209 3584 ἧν
1237 3515 1265 3565 ό
1299 3515 1358 3579 ἐξ
1384 3515 1677 3587 ὀφθαλμῶν

97 3604 263 3667 ὑετὸς
285 3602 382 3655 τοῦ
414 3603 477 3654 ἐκ
504 3601 613 3655 τῶν
660 3604 835 3672 νεφῶν
867 3605 1224 3677 ἐνδεέστερος.
1268 3607 1357 3659 Ἐν
1404 3608 1513 3679 γὰρ
1558 3626 1679 3661 τοσ-

93 3694 298 3756 αύταις
320 3692 575 3762 μυριάσιν
598 3692 707 3745 τῶν
738 3693 1149 3764 συμπαρόντων,
1176 3696 1276 3749 οὐκ
1304 3691 1372 3767 ἦν
1407 3696 1677 3768 ὀφθαλμὸς

94 3791 130 3842 ὁ
162 3789 242 3858 μὴ
280 3786 631 3857 καταϐρέχων
675 3786 773 3857 τὴν
817 3788 919 3857 γῆν
966 3790 1083 3850 ταῖς
1110 3788 1217 3841 τῶν
1253 3788 1500 3860 δακρύων
1554 3806 1664 3842 στα-

96 3878 280 3946 γόσιν.
355 3875 490 3928 Ἀλλ’
536 3876 598 3928 ού
647 3876 824 3939 καλῶς
875 3878 1013 3949 τάχα
1064 3878 1163 3947 τῆς
1216 3877 1312 3931 τοῦ
1361 3878 1680 3933 διδασκάλου

94 3969 333 4039 γνώμης
363 3968 789 4037 ἐστοχασάμεθα,
817 3967 977 4021 πλέον
1006 3971 1036 4039 ἢ
1063 3968 1169 4021 ἔδει
1188 3970 1301 4032 τοῖς
1338 3970 1679 4041 σκυθρωποῖς

94 4060 533 4133 ἑμὸαθύναντες.
576 4061 735 4124 "iam;
762 4061 868 4133 γάρ
904 4060 1147 4130 βούλεται
1174 4062 1507 4132 θεραπεῦσαι
1543 4064 1680 4133 μᾶλ-

96 4156 194 4206 λον
236 4153 271 4225 ἢ
304 4154 524 4206 ἀνιᾶσαι
560 4154 658 4223 τὴν
703 4153 903 4220 ἀκοήν·
940 4154 1100 4223 ἡμεῖς
1130 4153 1184 4205 δὲ
1212 4154 1271 4205 τὸ
1316 4155 1556 4208 ἐναντίον
1587 4155 1682 4209 νῦν

97 4246 508 4315 πεποιήκαμεν.
565 4245 773 4315 Ὥσπερ
816 4245 882 4299 ἂν
930 4245 984 4297 εἴ
1015 4263 1098 4310 τις
1133 4245 1312 4317 ἰατρὸς
1341 4250 1681 4318 τραυματίαν

96 4333 311 4392 λαὸὼν.
348 4332 422 4403 μὴ
458 4333 619 4403 μόνον
648 4333 875 4403 ἀμελοίη
929 4334 1027 4404 τῆς
1071 4332 1386 4405 θεραπείας,
1419 4336 1553 4390 ἀλλά
1589 4338 1683 4391 καὶ

97 4426 399 4498 βρωτικοῖς
427 4443 535 4478 τισι
568 4426 880 4497 φαρμάκοις
912 4427 1323 4498 προσεπιτρίϐοι
1356 4429 1445 4482 τὸν
1490 4428 1685 4483 ὀδυνώ-

1843 2687 1927 2741 Αη
1980 2686 2096 2741 Ιιαεο
2146 2685 2369 2755 quidem
2427 2684 2788 2739 deliramenta
2831 2698 2895 2738 ac
2938 2698 3097 2754 nugae
3151 2699 3337 2739 revera

1773 2788 1936 2842 sunt,
1991 2793 2055 2832 ac
2114 2792 2182 2831 ne
2228 2776 2389 2847 digna
2424 2774 2645 2845 quidem
2670 2816 2685 2841 ,
2720 2788 2842 2844 qua:
2878 2773 3173 2828 dicantur?
3204 2772 3339 2827 Nam

1773 2867 1988 2921 etiamsi
2030 2866 2302 2934 ejusmodi
2350 2863 2481 2934 quid
2522 2862 2727 2918 accidit
2765 2863 2820 2916 in
2863 2869 3152 2927 creatura,
3192 2861 3340 2932 quod

1774 2960 1984 3015 cladem
2029 2958 2299 3013 indicaret
2328 2967 2382 3012 et
2427 2956 2699 3025 insignem
2736 2953 2995 3018 eﬂiceret,
3042 2969 3271 3023 prorsus
3312 2968 3341 3006 a

1773 3064 2025 3106 creatura
2071 3052 2273 3104 factum
2306 3064 2413 3102 non
2433 3055 2555 3113 est;
2594 3045 2690 3101 sed
2727 3060 2759 3100 a
2788 3052 3057 3100 creatura:
3086 3043 3339 3107 Domino,

1775 3159 1872 3213 per
1906 3157 1969 3197 ea
2017 3158 2138 3212 qua:
2180 3141 2448 3203 faciebat,
2485 3146 2693 3196 sancta:
2734 3146 2968 3194 mortem
3012 3138 3341 3192 honorante.

1776 3235 2053 3291 llonorata
2075 3235 2220 3290 enim
2244 3241 2349 3296 est.
2375 3234 2554 3303 inquit
2581 3232 2689 3296 ille,
2713 3246 2900 3286 coram
2939 3228 3170 3284 Domino
3196 3244 3345 3283 mors

1774 3336 2091 3384 sanctorum
2122 3327 2243 3397 ejus
2278 3328 2321 3378 ⁷.
2367 3324 2493 3381 Vidi
2518 3334 2698 3379 autem
2742 3338 2845 3395 ego
2880 3331 3014 3377 tunc
3036 3321 3183 3376 aliud
3218 3335 3345 3390 spe-

1775 3419 2047 3472 ctaculum
2082 3418 2243 3472 modo
2270 3416 2435 3471 dictis
2466 3415 2643 3486 magis
2673 3414 3013 3484 inopinatum
3049 3410 3347 3465 admirabi-

1776 3508 1993 3578 liusque
2033 3525 2045 3561 :
2084 3508 2201 3563 vidi
2243 3508 2518 3579 duplicem
2575 3506 2802 3561 imbrem
2830 3546 2845 3567 .
2904 3520 3070 3559 unum
3122 3504 3343 3573 quidem

1775 3618 1842 3656 ex
1877 3616 2024 3664 aere,
2059 3600 2295 3654 alterum
2328 3614 2459 3655 vero
2488 3615 2555 3654 ex
2606 3598 2782 3653 oculis
2815 3598 3235 3667 lacrymantium
3277 3593 3345 3646 ad

1779 3702 1984 3748 terram
2016 3692 2368 3758 deﬂuentem,
2410 3707 2474 3747 ac
2501 3707 2610 3746 non
2641 3699 2762 3746 erat
2792 3690 2975 3744 minor
3003 3689 3185 3758 pluvia
3216 3702 3349 3740 ocn-

1780 3786 1956 3838 lorum
1981 3824 1997 3847 ,
2049 3799 2214 3854 quam
2259 3784 2307 3838 is
2340 3784 2433 3852 qui
2475 3798 2506 3838 e
2537 3782 2778 3838 nubibus
2810 3778 3134 3851 proﬂuebat.
3173 3777 3228 3831 In
3272 3787 3350 3830 tot

1780 3868 2022 3935 millibus
2047 3880 2193 3936 enim
2226 3878 2319 3948 qui
2367 3878 2531 3933 simul
2560 3877 2809 3941 aderant,
2845 3874 3032 3929 nullus
3066 3879 3186 3926 erat
3215 3886 3349 3925 ocu-

1781 3972 1868 4026 lus
1912 3971 2006 4040 qui
2041 3978 2244 4025 terram
2293 3970 2659 4038 lacrymarum
2702 3966 2872 4037 guttis
2912 3980 3021 4018 non
3068 3963 3346 4033 irrigaret.

1783 4064 1983 4121 Verum
2023 4063 2169 4118 haud
2207 4070 2355 4117 recta
2389 4060 2625 4114 fortasse
2658 4057 2983 4125 conjectura
3014 4055 3080 4109 ad
3112 4061 3346 4107 mentem

1784 4157 2135 4228 praeceptoris
2160 4152 2560 4225 assequendam
2589 4152 2675 4205 usi
2708 4165 2921 4212 sumus,
2953 4156 3009 4203 et
3042 4149 3116 4201 ita
3152 4162 3182 4198 a
3222 4161 3351 4200 sen-

1784 4252 1952 4304 tentia
1978 4250 2099 4317 ejus
2135 4247 2537 4308 aberravimus,
2584 4245 2787 4313 quippe
2834 4243 3001 4296 rebus
3034 4239 3251 4294 acerbis
3287 4254 3352 4293 ac

1783 4339 2035 4395 tristibus
2076 4338 2283 4393 diutius
2322 4351 2485 4407 quam
2517 4342 2734 4405 oportet
2766 4333 3063 4387 immorati.
3094 4328 3352 4384 Forsitan

1784 4434 1929 4488 enim
1967 4447 2160 4487 curare
2199 4432 2400 4501 potius,
2437 4444 2599 4499 quam
2638 4425 2889 4481 molestia
2927 4439 3089 4480 aures
3126 4422 3351 4477 afficere

100 4535 292 4589 μενον.
347 4518 553 4572 Οὐκοῦν
599 4518 958 4588 ὲπαντλητέον
1008 4519 1098 4572 τὸν
1142 4518 1369 4591 ἐλαιώδη
1417 4518 1572 4589 λόγον
1614 4524 1672 4592 τῇ

1786 4528 1926 4587 vult.
1961 4542 2062 4581 nos
2100 4540 2230 4579 vero
2259 4522 2600 4577 contrarium
2628 4533 2776 4574 nunc
2808 4517 3059 4572 fecimus.
3092 4515 3267 4571 Veluti
3305 4514 3353 4569 si

92 4609 379 4681 διοιδούσῃ
393 4610 597 4681 πληγῇ.
622 4606 772 4663 Οἶδεν
801 4612 908 4682 γὰρ
932 4611 1026 4665 καὶ
1050 4613 1083 4683 ἡ
1109 4612 1435 4684 εὐαγγελικὴ
1471 4614 1679 4684 ἰατρεία

92 4709 165 4774 τῇ
199 4702 393 4771 στύψει
422 4701 514 4755 τοῦ
536 4700 677 4755 οἴνου
694 4701 1085 4770 καταμιγνύειν
1113 4702 1173 4755 τὸ
1194 4702 1389 4757 ἔλαιον.
1443 4704 1679 4758 Ἐπικλί-

92 4811 289 4863 νωμεν
314 4789 405 4846 οὖν
436 4794 583 4863 ύμῖν,
615 4793 766 4865 παρά
796 4794 895 4863 τῆς
927 4794 1147 4865 Γραφῆς
1193 4795 1445 4858 λαϐόντες
1472 4796 1561 4848 τὸν
1589 4796 1682 4849 τοῦ

92 4886 290 4937 ελαίου
344 4885 663 4956 καμψάκην,
694 4886 770 4950 ὡς
823 4886 935 4939 ἔστι
976 4888 1220 4953 δυνατὸν,
1270 4888 1330 4939 τὸ
1365 4888 1684 4957 σκυθρωπὸν

88 4980 217 5029 τῶν
273 4979 579 5048 εἰρημένων
637 4980 715 5042 είς
786 4980 1133 5050 παραμυθίαν
1197 4979 1681 5050 παλινῳδῆσαντες.

110 5068 288 5122 Ἀλλά
320 5086 409 5139 μοι
440 5069 626 5139 μηδεὶς
658 5069 954 5121 απιστείτω
998 5069 1077 5138 τῷ
1124 5069 1419 5139 λεγομένω.
1451 5070 1551 5122 κᾶν
1585 5087 1685 5121 πα-

94 5160 333 5232 ράδοξον
456 5161 660 5226 Ἔστιν,
697 5161 933 5229 ἀδελφοὶ,
976 5162 1036 5214 τὸ
1066 5162 1289 5228 ἀγαθὸν,
1324 5162 1352 5215 ὂ
1396 5162 1683 5232 ζητοῦμεν,

89 5258 252 5318 ἐστι,
285 5255 376 5306 καὶ
401 5254 498 5307 οὐκ
529 5253 821 5308 ἀπόλωλεν.
858 5254 1071 5307 Μᾶλλον
1103 5254 1159 5307 δὲ
1192 5255 1510 5325 μικρότερον
1533 5252 1685 5307 εἷπον

94 5350 208 5416 τῆς
256 5346 532 5413 ἀληθείας.
570 5347 643 5399 Ού
694 5348 851 5416 μόνον
886 5348 994 5417 γάρ
1027 5346 1140 5399 ἔστι
1189 5346 1250 5399 τὸ
1281 5348 1501 5413 ἀγαθὸν,
1554 5348 1686 5401 ἀλλὰ

92 5442 206 5492 καὶ
234 5440 292 5489 ἐν
318 5436 718 5507 ὑψηλοτέροιςῆ
754 5438 1033 5509 πρότερον.
1056 5438 1165 5509 Τὴν
1197 5438 1439 5507 βασιλίδα
1470 5438 1648 5510 ζητεῖς
1672 5496 1680 5504 ,

112 5529 223 5582 Ἑν
242 5526 659 5597 τοίς-βασιλείοις
680 5528 774 5598 τὴν
795 5529 1069 5600 διαγωγὴν
1092 5528 1225 5599 ἔχει.
1262 5530 1396 5583 Ἀλλ’
1425 5529 1687 5602 ὀφθαλμῴ

261 5709 422 5764 Ilum.
474 5725 589 5775 viil,
631 5711 721 5765 ‘22.
794 5712 811 5740 ⁷
864 5710 1004 5765 Psal.
1037 5712 1275 5772 canit.

1784 4618 1910 4687 quis
1949 4616 2194 4671 medicus
2232 4620 2516 4683 acceptum
2548 4613 2793 4665 saucium
2834 4623 2943 4662 non
2972 4606 3131 4660 modo
3159 4618 3358 4659 curare

1786 4706 2047 4777 negligat,
2089 4719 2277 4760 verum
2317 4703 2481 4757 etiam
2529 4699 2890 4756 exedentibus
2940 4695 3270 4765 quibusdam
3301 4702 3358 4745 et

1786 4798 2147 4856 consumendi
2177 4797 2289 4852 vim
2326 4793 2658 4849 habentibus
2695 4790 3107 4846 medicamentis
3133 4788 3357 4853 insuper

1790 4894 2053 4949 miserum
2080 4890 2365 4946 doloribus
2388 4887 2592 4956 afﬂigat
2624 4893 2789 4954 atque
2816 4882 3090 4936 conticiat.
3114 4873 3349 4933 Proinde

1792 4981 2181 5037 intumescenti
2228 4980 2440 5033 vulneri
2492 4974 2819 5031 cll'undenda
2860 4981 2945 5027 est
2993 4970 3203 5030 oratio,
3236 4980 3358 5035 qum

1793 5072 2154 5134 sicutoleum,
2174 5068 2408 5123 leniendi
2432 5064 2826 5137 mitigandiqne
2845 5062 2945 5115 vim
2966 5060 3185 5113 habeat.
3208 5054 3360 5109 Solet

1792 5164 1937 5218 enim
1995 5162 2159 5217 etiam
2207 5158 2522 5228 evangelica
2575 5155 2844 5211 medicina
2905 5152 3015 5205 vini
3066 5146 3361 5204 astrictiva:

1793 5264 2000 5309 natura:
2021 5253 2199 5308 oleum
2224 5251 2548 5305 admiscere.
2577 5248 2974 5303 Convertamus
2996 5242 3161 5311 igitur
3184 5238 3356 5299 vobis.

1793 5346 2000 5403 oleario
2024 5362 2055 5400 a
2091 5360 2249 5401 sacra
2287 5342 2576 5413 Scriptura
2610 5354 2739 5394 vase
2765 5345 3003 5405 sumpto,
3028 5331 3210 5403 quoad
3241 5330 3361 5399 ejus

1796 5439 1911 5494 ﬂeri
1944 5445 2143 5508 potest,
2171 5436 2447 5506 prioribus
2477 5431 2753 5487 contraria
2780 5428 2835 5481 in
2864 5425 3105 5481 medium
3134 5422 3364 5477 aﬂ'ercn-«

1795 5540 1899 5596 tes,
1932 5529 2287 5585 acerbitatem
2320 5540 2483 5598 atque
2504 5521 2820 5579 mcestitiam
2844 5533 3034 5576 eorum
3063 5530 3185 5586 qua:
3214 5514 3361 5571 dicta
