3850 6394
124 272 238 332 8ἷῦ

1158 272 1423 329 ORATIO
1451 272 1800 332 FUNEBRIS
1840 273 1927 328 DE
1968 271 2327 329 PLACILLA.

3258 316 3259 321 η
3279 265 3390 321 890

124 391 344 463 ἐστινῆ
384 392 471 445 ὅτε
511 392 891 465 βουλόμεθα,ἢ
940 396 1025 463 ἐφ’
1076 396 1199 448 ὅσον
1248 397 1615 467 ἐπιποθοῦμεν
1656 399 1716 449 ἐν

1832 402 2049 459 nostra,
2093 394 2354 465 quoniam
2401 392 2455 446 in
2485 401 2673 446 nostra
2708 395 2982 461 potestate
3004 399 3117 443 non
3149 392 3266 450 est,
3297 386 3384 439 vel

126 483 288 555 αύτῴ
330 480 508 536 εἶναι’
554 482 688 537 ἀλλά
732 485 825 537 καὶ
857 485 1188 556 είσαγόμεθα
1215 487 1289 550 ὠς
1334 490 1434 540 οὐκ
1474 489 1716 558 οἴδαμεν,

126 580 233 630 καὶ
273 577 648 647 ἐξοικιζόμεθα
689 578 777 630 ὅτε
807 578 907 631 οὐκ
952 580 1189 649 οἴδαμεν.
1227 578 1300 632 Τὸ
1334 580 1388 633 δὲ
1420 580 1514 633 τοῦ
1560 581 1717 634 πίθου

129 670 374 738 αἴνιγμα
419 672 648 740 νοήσεις,
685 669 778 722 ἐὰν
813 672 890 733 εἰς
921 670 982 723 τὸ
1020 671 1339 742 ἀπλήρωτον
1386 671 1493 726 τῶν
1527 673 1717 726 ἐπιθυ-

133 759 286 829 μιῶν
328 758 658 828 amatam.
701 757 863 829 Ὀρᾷς
892 756 1010 821 πῶς
1048 757 1400 811 ὲπαντλοῦσιν
1428 759 1639 822 ἑαυτοῖς
1669 761 1717 811 οἱ

129 852 417 923 ἄνθρωποι
441 850 540 914 τὰς
575 851 757 921 τιμὰς,
788 850 886 913 τάς
916 849 1252 917 δυναστείας,
1290 849 1387 913 τὰς
1416 850 1593 915 δόξας,
1626 851 1720 903 καὶ

131 946 322 999 πάντα
353 943 420 997 τὰ
448 940 705 1008 τοιαῦτα;
740 941 853 994 ἀλλ’
886 942 1114 1012 ὑπορρεῖ
1150 940 1210 993 τὸ
1250 941 1594 1012 βαλλόμενον,
1628 943 1721 995 καὶ

129 1034 201 1086 οὐ
253 1033 560 1104 παραμένει
594 1031 673 1101 τῷ
710 1032 884 1102 ἔχοντι
904 1048 917 1061 ·
949 1033 983 1101 ἡ
1020 1033 1115 1102 μὲν
1142 1031 1249 1104 γὰρ
1280 1033 1407 1104 περὶ
1427 1032 1526 1104 τὴν
1540 1034 1718 1097 δόξαν,

131 1124 235 1176 καὶ
278 1124 378 1194 τὴν
431 1121 747 1175 δυναστείαν
794 1122 887 1173 καὶ
930 1120 1029 1185 τὴν
1060 1120 1224 1191 τιμὴν
1258 1120 1458 1191 σπουδὴ
1492 1120 1718 1174 πάντοτε

131 1215 481 1284 ἐνεργεῖται⁶
529 1214 557 1265 ὁ
600 1211 655 1264 δὲ
703 1213 799 1282 τῆς
846 1211 1138 1280 ἐπιθυμίας
1174 1212 1331 1275 πίθος
1371 1212 1519 1283 μένει
1549 1212 1721 1282 ἀπλή-

132 1324 334 1379 ρωτος.
384 1306 451 1359 Τί
496 1305 553 1359 δὲ
590 1308 625 1377 ἠ
673 1304 1111 1376 φιλοχρηματίας
1159 1306 1260 1358 οὐκ
1308 1304 1521 1374 ἀληθῶς
1564 1305 1721 1369 πίθος

129 1397 470 1469 τετρημένος
516 1395 685 1459 ἐστὶν,
737 1395 841 1465 ὂλῳ
884 1394 963 1465 τῷ
1006 1396 1238 1465 πυθμένι
1287 1397 1456 1467 ῥέων,
1533 1390 1577 1464 ᾧ
1616 1397 1721 1451 κᾶν

132 1491 323 1543 πᾶσαν
353 1488 694 1561 ἐπαντλήσῃς
720 1487 816 1559 τὴν
837 1487 1135 1553 θάλασσαν,
1180 1488 1528 1560 πληρωθῆναι
1558 1489 1720 1558 φύσιν

130 1583 240 1635 οὐκ
270 1582 383 1652 ἔχει
404 1598 417 1647 ;

209 1849 277 1900 Τί
312 1842 403 1901 οὖν
429 1847 693 1919 λυπηρὸν,
718 1849 767 1902 εί
793 1848 902 1902 τῶν
934 1848 1027 1903 τοῦ
1062 1848 1175 1920 βίου
1206 1849 1392 1903 κακῶν
1412 1852 1445 1920 ἡ
1476 1850 1720 1920 μακαρία

127 1939 495 2011 κεχώρισται,
528 1942 622 1993 καὶ
650 1939 838 2011 ὥσπερ
871 1940 990 1994 τινὰ
1017 1940 1198 2013 λήμην
1229 1939 1320 1992 τὸν
1349 1940 1445 1992 τοῦ
1474 1939 1721 2009 σώματος

134 2035 315 2106 ῥύπον
348 2032 717 2097 ἀποϐαλοῦσα,
758 2032 975 2105 καθαρᾷ
1001 2038 1066 2104 τῇ
1105 2034 1250 2105 ψυχῇ
1284 2033 1419 2105 πρὸς
1450 2033 1547 2103 τὴν
1580 2035 1719 2103 άκήο

133 2143 306 2197 ρατον
344 2126 488 2198 ζωὴν
529 2126 955 2196 μετανίσταται,
995 2128 1051 2179 ἐν
1144 2126 1327 2195 ἀπάτη
1363 2126 1424 2178 ού
1446 2126 1721 2178 πολιτεύε-

131 2236 262 2285 ται,
291 2218 510 2291 διαϐολὴ
531 2221 589 2272 ού
612 2218 924 2272 πιστεύεται
945 2259 959 2283 ,
990 2219 1248 2272 κολακεία
1274 2220 1455 2289 χώραν
1470 2220 1569 2271 οὐκ
1588 2219 1720 2288 ἔχει,

130 2310 337 2379 ψεῦδος
375 2311 437 2363 οὐ
461 2312 909 2381 καταμίγνυται,
963 2311 1125 2382 ἡδονή
1167 2328 1225 2364 τε
1273 2312 1366 2364 καὶ
1414 2310 1580 2379 λύπη,
1630 2312 1721 2363 καὶ

133 2403 307 2473 φόὸος
339 2402 429 2456 καὶ
458 2403 677 2475 θάρσος,
713 2404 807 2458 καὶ
826 2404 985 2456 πενία
1014 2404 1107 2456 καὶ
1130 2403 1380 2466 πλοῦτος,
1401 2406 1494 2456 και
1512 2403 1723 2456 δουλεία

129 2497 236 2547 καὶ
264 2494 539 2566 κυριότης,
569 2495 662 2548 καὶ
695 2497 842 2549 πᾶσα
870 2497 904 2566 ἡ
937 2496 1159 2561 τοιαύτη
1184 2493 1279 2547 τοῦ
1310 2494 1424 2564 βίου
1442 2494 1725 2564 ἀνωμαλία

131 2588 215 2650 ὡς
247 2588 584 2658 πορρωτάτω
610 2587 707 2658 τῆς
739 2586 882 2658 ζωῆς
912 2588 1126 2659 ἐκείνης
1152 2587 1726 2659 ἐξώρισταηἈπέδρα

133 2679 376 2741 ἐκεῖθεν,
406 2677 588 2742 καθώς
614 2696 779 2748 φησιν
807 2680 835 2731 ὁ
866 2680 1169 2750 προφήτης,
1213 2678 1400 2747 ὀδύνη,
1434 2679 1526 2731 καὶ
1559 2677 1723 2748 λύπη,

134 2771 239 2823 καὶ
266 2770 587 2841 στεναγμός.
637 2771 783 2823 Ἀντὶ
824 2771 881 2825 δέ
916 2770 1122 2823 τούτων
1154 2773 1247 2836 τί;
1300 2770 1583 2835 Ἀπάθεια,
1620 2788 1724 2840 μα-

135 2861 426 2932 καριότης,
472 2861 646 2914 κακοῦ
693 2861 894 2924 παντὸς
919 2860 1295 2933 ἀλλοτρίωσις,
1326 2862 1576 2931 ἀγγέλων
1604 2865 1727 2932 ὁμι-

134 2951 255 3015 λία,
281 2952 391 3005 τῶν
421 2954 668 3024 ἀοράτων
705 2953 928 3025 θεωρία,
950 2953 1087 3007 Θεοῦ
1116 2954 1394 3025 μετουσία,
1423 2954 1727 3024 εὐφροσύνη

136 3045 297 3107 τέλος
323 3045 424 3098 οὐκ
474 3044 689 3116 ἔχουσα.
726 3042 836 3117 τΔρ
868 3042 961 3101 οὖν
985 3046 1273 3100 λυπεῖσθαι
1308 3047 1576 3118 προσήκει
1601 3046 1729 3117 περὶ

138 3137 248 3206 τῆς
264 3138 552 3207 βασιλίδος,
578 3140 848 3209 μαθόντας
870 3134 955 3193 οἷα
974 3139 1091 3195 ἀνθ’
1106 3140 1234 3193 οἴων
1257 3140 1552 3209 ὴλλάξατος
1578 3142 1726 3192 Κατ-
1755 3119 1797 3175 (δ

141 3230 300 3284 ἑλιπε
330 3231 608 3301 βασιλείαν
634 3232 849 3303 γηῑνην,
868 3232 1003 3286 ἀλλὰ
1029 3233 1127 3303 τὴν
1148 3234 1397 3304 οὐράνιον
1414 3233 1725 3285 κατέλαϐεν·

143 3322 387 3377 ἀπέθετο
418 3324 511 3377 τὸν
568 3326 631 3377 ἐκ
666 3324 828 3377 λίθων
854 3326 1134 3393 στέφανον,
1166 3323 1302 3377 ἀλλὰ
1328 3324 1422 3377 τὸν
1451 3326 1551 3395 τῆς
1578 3324 1733 3396 δόξης

144 3414 514 3486 περιεθήκατο
534 3432 550 3446 ⁸
590 3416 895 3470 ἀπεδύσατο
943 3418 1043 3488 τὴν
1073 3417 1399 3489 πορφυρίδα,
1435 3418 1569 3471 ἀλλὰ
1594 3420 1729 3488 Χρι-

143 3510 276 3562 στὸν
327 3509 631 3563 ἐνεδύσατο.
683 3510 852 3563 Τοῦτό
885 3511 1000 3563 ἐστι
1042 3510 1103 3563 τὸ
1137 3510 1409 3580 βασιλικὸν
1443 3511 1610 3575 ὅντως
1637 3511 1733 3564 καὶ

137 3601 331 3671 τίμιον
382 3600 605 3672 ἔνδυμα.
646 3602 755 3672 Τὴν
818 3596 920 3656 ὦδε
974 3602 1260 3675 πορφύραν
1310 3604 1493 3658 ἀκούω
1538 3608 1731 3676 αἵματι

138 3694 342 3764 κόχλου
369 3694 509 3756 τινος
530 3693 826 3757 θαλασσίας
852 3694 1365 3767 φοινίσσεσθαιοτὴν
1379 3696 1436 3749 δὲ
1460 3696 1575 3750 άνω
1600 3714 1731 3768 πορ-

140 3792 219 3860 φύ
230 3808 351 3862 ραν,
378 3790 439 3843 τὸ
454 3789 545 3843 τοῦ
564 3788 801 3861 Χριστοῦ
827 3785 967 3861 αἷμα
988 3790 1224 3861 λάμπειν
1243 3795 1405 3844 ποιεῖ.
1436 3789 1587 3854 Εἶδες
1610 3793 1732 3844 ὅσον

140 3887 206 3937 ἐν
242 3883 320 3955 τῷ
336 3882 594 3955 ἐνδύματι
631 3883 690 3936 τὸ
722 3884 995 3955 διάφορον.
1031 3884 1218 3938 Βούλει
1248 3885 1533 3956 πεισθῆναι
1560 3886 1643 3938 ὅτι
1676 3887 1733 3937 ἐν
1800 3884 1805 3893 ⁴

140 3976 382 4039 ἐκείνοις
406 3977 586 4044 ἐστίν;
622 3975 921 4047 Ἀνάγνωθι
964 3976 1026 4031 τὸ
1060 3977 1414 4046 Εὐαγγέλιον·
1462 3976 1658 4039 Δεῦτε,
1679 3979 1737 4029 οὶ

141 4068 545 4137 εὐλογημένοι
592 4068 698 4122 τοῦ
740 4071 969 4138 Πατρός
1014 4087 1135 4137 μου
1170 4069 1355 4139 (φησιν
1394 4068 1564 4121 ταῦτα
1600 4068 1734 4138 πρὸς

141 4161 277 4222 τοὺς
295 4159 502 4224 δεξιοὺς
523 4159 552 4211 ὀ
579 4158 815 4229 κριτὴς),
842 4155 1337 4227 κληρονομήσατε
1362 4157 1476 4224 τὴν
1498 4159 1735 4225 ἡτοιμα-

142 4251 389 4322 σμένην
430 4250 570 4320 ὐμῒν
610 4251 936 4316 βασιλείαν
957 4268 969 4279 ·
999 4251 1097 4321 τὴν
1130 4251 1279 4319 παρά
1334 4251 1477 4313 τίνος
1506 4253 1733 4320 ἡτοιμα-

145 4345 395 4416 σμένηνς
451 4345 553 4396 Ἢν
576 4344 808 4406 ἑαυτοῖς,
832 4343 988 4413 φησι,
1026 4342 1115 4395 διὰ
1144 4342 1252 4394 τῶν
1280 4342 1456 4414 ἔργων
1481 4359 1735 4412 προητοι-

148 4439 388 4509 μάσατε.
434 4435 594 4501 Πῶς;
648 4436 947 4495 Ἐπείνων,
1002 4434 1247 4502 ἐδίψων,
1320 4434 1494 4499 ξένος
1548 4433 1730 4501 ἤμην,

144 4530 404 4601 γυμνὸς,
432 4527 716 4594 ἀσθενὴς,
743 4528 811 4581 ἐν
824 4525 1089 4596 φυλακῇ.
1109 4525 1396 4593 Ἐφ’ὅσον
1415 4525 1737 4591 ἐποιήσατε

145 4621 242 4676 ἐνί
269 4624 494 4674 τούτων
512 4619 630 4673 τῶν
655 4621 1014 4688 ἐλαχίστων,
1036 4618 1163 4689 ἐμοὶ
1188 4617 1529 4683 ἐποιήσατε.
1560 4619 1620 4670 Εἰ
1642 4613 1736 4670 οὖν

146 4719 185 4785 ἡ
212 4717 343 4785 περὶ
364 4714 533 4768 ταῦτα
561 4714 764 4784 σπουδὴ
789 4712 1062 4783 βασιλείας
1098 4712 1358 4781 πρόξενος
1377 4711 1603 4779 γίνεται,
1624 4712 1739 4780 ἀρι-

150 4808 426 4879 θμήσατε,
456 4808 611 4878 εἴπερ
639 4806 860 4860 δυνατόν
894 4808 1038 4859 ἐστιν
1060 4803 1563 4875 ἐξαριθμήσασθαι,
1585 4804 1737 4856 πόσοι

148 4903 271 4963 τοῖς
310 4900 567 4968 ἐνδύμασι
620 4902 735 4962 τοῖς
778 4900 908 4970 παρ’
950 4900 1114 4969 αὐτῆς
1148 4897 1553 4963 ὲσκεπάθησανί
1583 4898 1739 4950 πόσοι

147 4995 224 5063 τῇ
291 4993 500 5063 μεγάλῃ
546 4993 726 5063 ἐκείνῃ
788 4992 937 5061 δεξιᾷ
1000 4992 1391 5063 διετράφησανί
1440 4992 1595 5045 πόσοι
1636 4992 1743 5043 τῶν

151 5083 569 5139 κατακλείστων
594 5084 694 5136 οὐκ
719 5082 1060 5151 ἐπισκέψεως
1097 5083 1273 5151 μόνον,
1303 5082 1439 5136 ἀλλά
1482 5083 1576 5135 καὶ
1606 5098 1745 5134 παν-

149 5177 350 5239 τελοῦς
405 5176 649 5243 ἀφέσεως
683 5175 1024 5246 ἠξιώθησανί
1068 5177 1132 5229 Et
1166 5176 1222 5227 δὲ
1262 5177 1323 5228 τὸ
1352 5175 1747 5244 ἐπισκέψασθαι

149 5270 252 5325 τὸν
272 5268 676 5328 κατάκλειστον.
703 5267 951 5338 προξενεῖ
974 5268 1249 5339 βασιλείαν
1271 5284 1283 5297 ’
1307 5268 1367 5320 τὸ
1389 5267 1747 5339 ἐλευθερῶσαι

151 5360 261 5430 τῆς
294 5358 564 5428 τιμωρίας
587 5358 788 5428 δηλαδὴ
814 5359 1058 5420 πλείονος
1093 5358 1258 5427 τιμῆς
1296 5358 1467 5423 ἄξιον,
1504 5359 1661 5427 εἴπερ
1693 5375 1745 5410 τι

159 5453 443 5525 βασιλείας
500 5453 646 5506 ἐστὶν
699 5450 988 5522 ἀνώτερον.
1039 5451 1176 5503 Ἀλλ’
1221 5452 1281 5503 ού
1340 5452 1499 5521 μέχρι
1539 5451 1744 5505 τούτων

157 5546 312 5601 ἐστὶν
340 5545 551 5615 ἐκείνης
571 5547 599 5598 ὁ
624 5543 1451 5616 ἕπαινος.11αρέρχεταιγάρκαὶ
1480 5543 1547 5596 τὰ
1577 5561 1743 5615 προσ-

239 5732 286 5761 "
324 5725 430 5782 lsa.
470 5744 639 5807 xxxv,
681 5726 767 5782 lO.
847 5726 888 5757 "
930 5724 1120 5779 Matth.
1158 5740 1291 5791 an,
1326 5722 1394 5778 54
1435 5741 1557 5795 sqq.

1819 486 2043 557 quando
2072 487 2343 547 volumus,
2380 484 2465 539 vel
2513 483 2759 554 quandiu
2797 480 3198 543 desideramus,
3231 477 3293 531 in
3326 492 3391 531 ea

1819 597 1942 636 esse
1975 598 1989 635 :
2023 579 2156 649 quin
2188 581 2353 632 etiam
2379 578 2663 633 nescimus
2704 571 3166 646 quemadmodum
3217 570 3393 623 intro-

1819 672 2107 733 ducamur,
2150 685 2329 741 neque
2382 668 2639 723 novimus
2686 663 2906 737 quando
2936 660 3393 733 migrarejubea-

1821 782 1963 819 mur.
2002 763 2174 817 Porro
2205 762 2337 816 dolii
2365 761 2596 830 anigma
2628 766 2793 829 atque
2831 756 3177 810 involucrum
3227 750 3391 805 intel-

1822 860 1992 930 lig-es,
2034 858 2081 912 si
2116 856 2181 910 ad
2214 854 2574 924 inexplebiles
2596 859 2649 907 et
2684 848 3025 904 insatiabiles
3063 844 3395 915 cupiditates

1822 950 2151 1020 respexeris.
2186 945 2367 1011 Vides,
2407 954 2466 998 ut
2496 942 2746 997 homines
2791 940 2893 995 sibi
2952 952 3169 1008 semper
3211 933 3395 989 aliun-

1820 1045 1953 1098 dant
1988 1052 2042 1098 et
2078 1047 2336 1111 aggerant
2366 1040 2604 1092 honores
2624 1074 2639 1099 ,
2678 1042 2997 1105 potentatus
3019 1070 3035 1095 ,
3070 1028 3277 1100 glorias
3299 1066 3314 1092 ,
3340 1035 3397 1080 et

1819 1137 2003 1189 omnia
2040 1131 2359 1204 ejusmodi?
2401 1130 2469 1183 At
2513 1126 2659 1198 quod
2704 1126 3059 1190 immittitur,
3093 1121 3299 1182 eﬂluit,
3340 1125 3398 1172 et

1820 1244 1928 1283 non
1959 1234 2242 1298 permanet
2268 1227 2323 1279 in
2354 1239 2419 1278 eo
2442 1237 2550 1293 quo
2594 1221 2938 1284 continetur;
2988 1232 3115 1271 nam
3153 1214 3398 1269 studium

1821 1320 2038 1390 quidem
2069 1319 2277 1390 gloria,
2310 1322 2623 1387 potentatus
2656 1320 2711 1368 et
2743 1312 2971 1366 honoris
3001 1322 3222 1378 semper
3245 1321 3403 1362 exer-

1821 1424 1973 1469 cetur
2025 1420 2077 1467 et
2108 1412 2291 1484 viget,
2338 1408 2431 1464 sed
2475 1406 2793 1477 cupiditatis
2823 1404 3033 1459 dolium
3068 1397 3401 1468 inexplebile

1821 1513 2025 1559 manet.
2070 1502 2212 1569 Quid
2252 1505 2378 1556 item
2412 1500 2656 1570 pecunia
2701 1494 2986 1552 studium?
3021 1493 3103 1546 An
3135 1506 3241 1545 non
3272 1502 3402 1542 vere

1820 1596 2029 1651 dolium
2076 1595 2416 1669 perforatum
2463 1602 2568 1655 est,
2599 1600 2715 1644 toto
2756 1588 2926 1642 fundo
2958 1581 3276 1656 pernucns?
3311 1578 3401 1633 cui

1821 1692 1865 1745 si
1898 1692 1981 1743 vel
2015 1696 2189 1741 totum
2231 1702 2381 1741 mare
2413 1684 2662 1738 aliundas
2686 1722 2700 1746 ,
2739 1697 2801 1737 ea
2844 1689 3040 1735 natura
3073 1687 3189 1739 est,
3221 1683 3281 1730 ut
3307 1691 3404 1730 ex-

1824 1782 1958 1852 pleri
1991 1795 2099 1833 non
2138 1779 2338 1849 possit.

1892 1874 2034 1941 Quid
2065 1876 2231 1944 igitur
2259 1872 2551 1926 molestum
2586 1876 2639 1924 et
2681 1867 2942 1922 acerbum
2983 1869 3088 1927 est,
3125 1860 3169 1915 si
3212 1876 3242 1912 a
3280 1858 3405 1912 vita

1825 1968 1982 2021 malis
2033 1968 2194 2021 beata
2252 1964 2358 2020 ista
2414 1968 2699 2033 segregata
2754 1967 2881 2021 est,
2935 1964 2990 2011 et
3044 1953 3209 2007 veluti
3262 1951 3401 2014 lgma

1824 2058 2079 2128 quadam,
2138 2055 2388 2127 corporis
2435 2051 2693 2108 sordibus
2740 2046 3003 2117 abjectis,
3053 2058 3187 2113 pura
3220 2043 3403 2095 anima

1824 2150 1891 2203 ad
1930 2150 2290 2203 immortalem
2334 2154 2388 2201 et
2434 2146 2808 2212 incorruptam
2858 2139 3026 2192 vitam
3078 2132 3309 2189 transit?
3347 2133 3403 2186 in

1822 2261 1931 2315 qua
1984 2243 2134 2297 fraus
2183 2256 2291 2295 non
2341 2247 2629 2295 exercetur
2673 2256 2684 2290 :
2730 2232 3020 2288 calumnia
3067 2243 3175 2283 non
3230 2224 3405 2280 credi-

1824 2345 1961 2389 tur:
1999 2334 2241 2388 adulatio
2288 2333 2467 2386 locum
2513 2346 2622 2385 non
2670 2327 2870 2391 habet;
2923 2321 3267 2378 mendacium
3296 2333 3405 2371 non

1825 2427 2203 2492 immiscctur;
2250 2426 2502 2494 voluptas
2546 2424 2675 2476 item
2721 2429 2776 2474 et
2821 2415 3109 2487 agritudo,
3144 2419 3322 2466 metus
3354 2417 3410 2466 et

1827 2520 2025 2574 llducia
2046 2560 2061 2583 ,
2093 2529 2387 2589 paupertas
2422 2525 2476 2571 et
2520 2514 2725 2569 divitia
2746 2555 2761 2579 ,
2802 2510 3042 2566 servitus
3072 2515 3127 2562 et
3159 2505 3411 2562 domina-

1825 2617 1943 2681 tio,
1994 2615 2283 2683 omnisque
2330 2612 2458 2666 talis
2509 2610 2633 2663 vita
2690 2603 3037 2674 inaqualilas
3092 2615 3254 2670 quam
3290 2598 3409 2652 lon-

1827 2704 2050 2774 gissime
2089 2702 2158 2755 ab
2191 2702 2282 2753 illa
2312 2700 2423 2752 vita
2454 2705 2662 2751 remota
2716 2705 2820 2749 est.
2876 2690 3102 2761 Aufugit
3144 2689 3314 2748 illinc,
3351 2691 3412 2738 ut

1828 2795 2006 2861 inquit
2054 2788 2403 2865 propheta“,
2452 2787 2610 2840 dolor
2655 2792 2709 2839 et
2751 2782 3022 2843 molestia,
3060 2786 3113 2833 et
3155 2777 3412 2848 gemitus.

1828 2885 1933 2940 Pro
1964 2886 2050 2939 his
2089 2898 2219 2938 vero
2250 2880 2425 2951 quid?
2473 2876 2852 2947 lmpatibilitas
2896 2880 2950 2927 et
2993 2871 3260 2924 malorum
3319 2866 3411 2919 in-

1830 2978 2357 3044 commodorumque
2381 2972 2652 3037 vacuitas,
2678 2966 2982 3032 beatitudo,
3009 2965 3078 3017 ab
3099 2959 3419 3019 omniman

1832 3073 2124 3134 alienatio,
2196 3068 2515 3139 angelorum
2586 3060 2971 3125 consuetudo,
3050 3052 3409 3110 invisibilium

1835 3162 2257 3232 contemplatio,
2292 3161 2533 3216 societas
2564 3172 2687 3211 cum
2714 3155 2845 3219 Deo,
2881 3151 3066 3207 latitia
3102 3149 3263 3202 linem
3299 3158 3409 3197 non

1835 3257 2066 3311 habens.
2097 3251 2354 3323 Nunquid
2378 3251 2545 3321 igitur
2576 3260 2812 3303 moerere
2832 3239 3093 3297 convenit
3125 3237 3193 3291 de
3221 3233 3411 3304 regina

1831 3350 2057 3405 edoctos
2090 3362 2212 3417 qua
2269 3344 2472 3415 quibus
2517 3334 2983 3396 commutaverit?
3034 3328 3277 3398 Reliquit
3326 3341 3413 3379 re-

1833 3458 1999 3514 gnum
2035 3446 2317 3502 terrestre,
2349 3451 2412 3491 ac
2441 3435 2665 3490 caeleste
2704 3438 2958 3485 assecuta
2999 3431 3126 3480 est:
3160 3418 3415 3493 deposuit
3508 3412 3518 3427 ‘

1833 3549 2094 3590 coronam
2141 3528 2416 3600 lapidibus
2452 3537 2723 3584 ornatam.
2762 3528 2819 3574 at
2868 3517 3054 3587 gloria
3099 3523 3304 3566 corona
3353 3522 3417 3562 se

1832 3622 2191 3681 circumdedit
2218 3640 2231 3674 :
2257 3619 2409 3674 exuit
2438 3624 2640 3671 vestem
2664 3623 3024 3683 purpuream,
3054 3615 3109 3659 at
3129 3603 3414 3658 Christum

1834 3716 2033 3771 induit.
2062 3712 2179 3767 Hoc
2202 3717 2286 3767 est
2312 3724 2440 3765 vere
2468 3707 2678 3776 regium
2706 3718 2769 3757 ac
2796 3700 3100 3773 pretiosum
3128 3694 3419 3750 indumen-

1833 3819 1969 3863 tum.
2024 3803 2178 3859 Hanc
2232 3811 2509 3858 terrenam
2570 3809 2873 3868 purpuram
2930 3791 3095 3845 audio
3144 3786 3417 3856 sanguine

1835 3900 2063 3956 concha
2089 3896 2379 3966 cujusdam
2410 3893 2639 3946 marina
2676 3888 2991 3943 rubescere.
3044 3884 3115 3935 At
3163 3893 3419 3949 superna

1834 4006 2091 4063 purpura
2114 3988 2317 4044 Christi
2343 3984 2570 4054 sanguis
2592 3978 2938 4050 splendorem
2959 3983 3015 4027 et
3030 3972 3216 4063 liorem
3239 3968 3410 4023 addit.

1838 4062 2035 4135 Vidisti
2069 4089 2271 4149 quanta
2323 4079 2395 4132 sit
2432 4076 2487 4128 in
2529 4072 2851 4126 indumento
2893 4062 3200 4121 dilerentia
3247 4070 3419 4129 atque

1836 4172 2177 4243 prastantia.
2226 4167 2324 4223 Vis
2372 4167 2469 4220 tibi
2519 4163 2681 4218 ﬁdem
2726 4160 2844 4215 ﬁeri
2896 4155 3045 4227 quod
3086 4154 3198 4208 illis
3245 4151 3416 4205 rebus

1839 4265 2089 4320 fruatur?
2131 4263 2273 4333 Lege
2320 4257 2713 4327 Evangelium:
2751 4253 2970 4313 Venite,
3011 4246 3269 4302 benedicti
3302 4243 3413 4297 Pa-

1839 4360 1935 4412 tris
1965 4358 2086 4417 mei.
2118 4356 2299 4423 inquit
2340 4352 2478 4423 (hac
2517 4351 2583 4402 ad
2616 4349 2874 4401 dexteros
2901 4342 3127 4409 ludes),
3154 4336 3415 4409 possidete

1839 4461 2089 4520 paratum
2130 4448 2273 4502 vobis
2324 4461 2540 4516 regnum
2566 4442 2632 4494 “.
2677 4439 2834 4507 Quod
2886 4453 2915 4491 a
2965 4451 3074 4505 quo
3120 4431 3421 4503 paratum?

1839 4540 1996 4607 Quod
2030 4539 2187 4593 vobis
2218 4538 2346 4605 ipsi,
2381 4535 2579 4604 inquit,
2624 4546 2722 4601 per
2766 4543 2933 4598 opera
2984 4522 3412 4596 praparavistis.

1840 4628 2165 4697 Quomodo?
2206 4624 2554 4686 Esuriebam,
2591 4620 2867 4679 sitiebam,
2900 4616 3207 4685 peregrinus
3247 4626 3413 4667 eram.

1844 4723 2038 4787 nudus,
2067 4722 2336 4791 inﬁrmus,
2385 4720 2439 4771 in
2481 4730 2711 4769 carcere.
2751 4711 3029 4778 Quatenus
3078 4705 3278 4776 fecistis
3324 4702 3418 4753 uni

1844 4819 1907 4871 de
1941 4816 2020 4869 his
2077 4814 2336 4873 minimis,
2390 4811 2519 4864 mihi
2562 4807 2785 4877 fecistis.
2828 4802 2886 4857 Si
2937 4802 3103 4870 igitur
3150 4792 3421 4866 ejusmodi

1846 4923 2033 4964 rerum
2070 4905 2316 4961 studium
2365 4901 2518 4971 regni
2557 4895 2887 4955 conciliandi
2924 4895 3032 4947 vim
3070 4889 3232 4943 habet
3266 4905 3278 4939 :
3312 4899 3419 4937 nu-

1844 5008 2072 5062 merate,
2111 4996 2158 5051 si
2187 4994 2351 5049 modo
2380 4990 2693 5047 enumerari
2725 4994 2977 5058 possunt,
3010 4989 3143 5050 quot
3167 4976 3421 5031 homines

1846 5087 2185 5143 indumentis
2214 5086 2283 5139 ab
2306 5084 2399 5138 illa
2432 5082 2797 5152 suppeditatis
2823 5073 3064 5144 cooperti
3095 5072 3208 5125 sint
3234 5084 3248 5132 ;
3286 5074 3422 5135 quot

1847 5194 1877 5233 a
1906 5194 2100 5248 magna
2138 5176 2231 5230 illa
2276 5175 2467 5231 dextra
2502 5174 2757 5227 alimenta
2802 5165 3149 5235 acceperint;
3190 5168 3329 5230 quot
3362 5157 3419 5211 in

1847 5285 2122 5326 carcerem
2152 5268 2398 5322 conclusi
2437 5281 2549 5320 non
2588 5263 2750 5319 modo
2783 5261 2854 5315 ab
2879 5274 2944 5312 ea
2968 5254 3196 5315 visitati,
3226 5263 3418 5305 verum

1853 5361 2015 5413 etiam
2070 5359 2291 5427 penitus
2337 5355 2713 5409 dimissionem
2762 5344 3001 5402 assecuti
3057 5340 3206 5397 sint!
3260 5336 3419 5402 Quod

1853 5453 1899 5508 si
1932 5452 2154 5506 visitare
2184 5450 2528 5511 conclusum,
2571 5457 2797 5513 regnum
2842 5435 3142 5493 conciliat:
3183 5430 3423 5485 liberare

1852 5561 2008 5616 poeula
2034 5543 2288 5599 nimirum
2317 5540 2509 5611 majori
2539 5536 2763 5609 pramio
2795 5532 3017 5603 dignum
3049 5533 3157 5593 est,
3190 5525 3235 5579 si
3259 5521 3425 5575 modo
