3850 6388
508 235 612 292 891
1740 236 1798 292 S.
1822 232 2146 292 GREGORII
2184 232 2472 290 NYSSENI
3647 235 3746 291 893

509 351 715 423 aliquid
742 366 907 419 regno
924 350 1273 421 praestantius
1292 357 1347 405 et
1368 350 1725 409 excellentius
1739 360 1845 409 est.
1871 352 2029 409 Verut

2223 350 2477 422 εταγμένα
2506 353 2617 416 τοῖς
2639 349 3079 423 κατορθώμασιν.
3128 350 3289 406 Πόσοι
3312 351 3375 404 δι’
3413 350 3632 420 ἐκείνην
3651 350 3743 418 τὴν

511 456 619 495 ιιοη
649 440 737 495 hic
762 442 1017 495 consistit
1045 441 1191 496 illius
1226 441 1365 495 laus.
1390 440 1523 495 Nam
1552 442 1719 497 etiam
1753 445 1895 499 ultra
1918 460 2031 500 mar

2220 442 2273 512 ἧς
2300 442 2647 506 ἀναστάσεως
2667 442 2826 515 χάριν
2853 444 2935 513 ἐφ’
2974 442 3182 497 ἑαυτῶν
3206 442 3530 513 ἐγνώρισαν,
3559 441 3611 495 οἳ
3634 446 3740 507 τοῖς

507 532 637 585 data
668 542 815 586 recte
857 530 1013 586 factis
1056 531 1436 603 progreditur,
1481 543 1617 604 quot
1661 546 1881 605 pr0pler
1922 536 2027 590 illat

2220 536 2357 606 59m;
2385 534 2765 599 ἀποθανόντες,
2794 536 2887 588 καὶ
2913 536 3011 607 τὴν
3038 536 3131 589 ἐπὶ
3149 534 3363 605 θανάτῳ
3387 535 3570 605 ψῆφον
3596 533 3740 599 δεξά-

506 624 929 678 resurrectionis
979 625 1209 694 gratiam
1262 625 1317 679 in
1378 640 1501 679 sese
1553 627 1936 696 agnoverunt?
1973 645 2026 696 qt

2208 628 2535 689 svor.,1té.).w
2571 626 2637 681 δι’
2671 628 2841 697 αὐτῆς
2891 629 2971 691 εἰς
3002 627 3100 698 τὴν
3138 626 3283 698 ζωὴν
3317 626 3728 696 ἀνεκλήθησανί

505 712 717 784 legibus
768 713 1012 780 mortui,
1069 723 1125 768 et
1174 714 1368 785 capitis
1407 714 1693 779 damnati,
1738 732 1933 773 rursus
1974 733 2025 787 ρ(

2215 721 2269 772 ἓν
2283 720 2601 791 ὀφθαλμοῖς,
2618 719 2727 772 τῶν
2743 720 2862 791 είρη
2872 718 3046 789 μένων
3062 721 3095 789 ἡ
3116 720 3405 793 μαρτυρία.
3425 715 3581 782 Εἶδες
3598 719 3735 788 παρὰ

502 816 623 854 eam
665 802 733 856 ad
784 803 953 856 vitam
1002 802 1244 857 revocati
1300 803 1466 857 sunt?
1517 805 1575 858 ln
1627 804 1803 859 oculis
1851 813 1937 860 est
1984 804 2016 859 d

2210 814 2227 866 5
2258 811 2642 884 θυσιαστήριον
2674 812 2977 880 ἀπογνόντα
2998 811 3097 882 τὴν
3127 812 3398 883 σωτηρίαν
3433 811 3730 881 μειράκιον.

499 899 712 947 ctorqu
746 893 1141 949 testimonium.
1175 892 1371 949 Vidisti
1400 894 1554 964 juxta
1578 896 1769 959 altare,
1796 897 1889 966 qui
1920 898 2019 950 salt

2209 898 2317 968 ἴδες
2353 904 2573 973 γύναιον
2624 904 2720 957 ἐπὶ
2765 904 3087 971 κατακρίσει
3125 903 3351 972 ἀδελφοῦ
3394 903 3729 973 ὀδυρόμενον,

498 994 610 1039 tem
634 986 1044 1055 desperaverat,
1077 987 1570 1042 adolescentulum.
1601 985 1804 1042 Vidisti
1840 990 2018 1043 muliet

2210 994 2259 1048 >ὖ
2287 995 2355 1048 τὰ
2399 996 2582 1065 ἀγαθά
2627 998 2696 1066 τῇ
2736 994 3035 1066 Ἐκκλησία
3079 994 3463 1066 κηρύσσοντος,
3500 994 3730 1064 ὅπωςτῇ

494 1076 678 1131 culam
721 1078 793 1132 ob
832 1077 1237 1133 damnationem
1290 1079 1474 1133 fratris
1513 1080 1918 1135 lamentantem.
1948 1081 2014 1133 Αι

2304 1104 2353 1160 ιῃ
2376 1088 2473 1158 τῆς
2499 1087 2767 1159 βασιλίδος
2798 1089 2830 1157 ή
2868 1086 3162 1157 σκυθρωπὴ
3188 1085 3281 1139 τοῦ
3304 1085 3539 1138 θανάτου
3562 1085 3731 1154 ψῆφος
3814 1086 3824 1099 “

496 1167 686 1222 divisti
713 1183 779 1222 ex
816 1182 901 1233 eo,
938 1168 1030 1238 qui
1075 1170 1216 1225 bona
1245 1170 1506 1225 Ecclesia
1538 1170 1889 1240 praedicabat,
1916 1178 1975 1224 ut
2006 1171 2016 1225 i

2210 1196 2242 1241 ς
2287 1179 2433 1250 ζωὴν
2478 1178 2793 1233 ἀναλύεται.
2823 1174 2969 1249 *Αρα
3002 1179 3096 1232 καὶ
3129 1177 3287 1249 μόνον
3313 1176 3521 1243 ταῦταὶ
3551 1177 3653 1245 τὴν
3678 1176 3730 1229 δὲ

493 1261 814 1315 memoriam
864 1262 1065 1333 regina;
1116 1263 1290 1319 tristis
1338 1263 1613 1318 sententia
1663 1264 1945 1318 mortifera
2003 1262 2013 1317 i

2209 1272 2661 1345 ιπεινοφροσύνην
2701 1271 2806 1325 πού
2835 1271 3107 1343 θήσομεν,
3154 1272 3222 1342 ἢν
3275 1270 3729 1341 προτιμοτέρανὴ

492 1351 659 1405 vitam
681 1351 927 1407 resoluta
961 1352 1057 1408 sit.
1088 1352 1169 1407 An
1201 1354 1367 1408 etiam
1396 1352 1510 1409 hac
1537 1352 1695 1410 sola?
1718 1353 1901 1409 Animi
1926 1368 2012 1409 vet

2208 1365 2348 1437 ραφὴ
2380 1368 2613 1441 ποιεῖται
2641 1364 2841 1429 παντὸς
2864 1364 2958 1417 τοῦ
3003 1365 3123 1419 κατ’
3148 1362 3349 1434 ἀρετὴν
3379 1360 3728 1432 κατορθώμα-

489 1442 881 1499 demissionem
926 1442 1018 1497 ubi
1079 1443 1510 1499 collocabimus?
1551 1442 1725 1510 Quam
1771 1442 2009 1514 Scriptut

2211 1474 2276 1524 ιςς
2332 1456 2492 1519 Ἥτις
2534 1452 2922 1527 συνηνιοχοῦσα
2973 1452 3051 1525 τῷ
3109 1452 3330 1525 μεγάλῳ
3372 1452 3587 1523 βασιλεῖ
3640 1452 3731 1521 τὴν

491 1534 712 1605 ρηεΐοη
728 1537 875 1591 omni
905 1538 1172 1607 praeclaro
1195 1545 1360 1608 atque
1384 1553 1510 1594 cum
1540 1539 1741 1593 virtute
1759 1537 2011 1609 conjunct

2207 1546 2421 1618 ισαύτην
2461 1547 2657 1619 ἀρχὴν,
2698 1548 2879 1617 πάσης
2932 1545 3249 1608 δυναστείας
3295 1541 3727 1611 ύποκυπτούσης,

492 1625 765 1680 facinori?
816 1625 949 1693 Qum
1001 1642 1125 1681 cum
1178 1636 1388 1682 tantum
1432 1628 1722 1699 imperium
1769 1644 1878 1683 una
1926 1645 2012 1685 cut

2209 1637 2410 1692 ιιούτων
2438 1638 2609 1691 ἐθνῶν
2644 1636 3071 1700 ὑποτελούντων,
3104 1635 3210 1705 γῆς
3245 1651 3306 1688 τε
3342 1636 3437 1687 καὶ
3467 1633 3729 1701 θαλάττης

487 1733 686 1789 magno
711 1719 1041 1789 imperatore
1066 1719 1443 1776 moderaretur
1464 1762 1479 1787 ,
1509 1698 1657 1777 omni
1690 1731 1971 1794 potentatu
1996 1740 2007 1778 ε

2208 1728 2354 1781 ιτῶν
2380 1728 2597 1781 οἰκείων
2651 1727 2917 1798 ἑκατέρας
2974 1698 3397 1796 ὼρυςρορούσης,
3432 1724 3536 1777 οὐκ

487 1812 881 1879 submittente,
926 1822 1005 1868 tot
1052 1815 1310 1885 gentibus
1352 1815 1589 1873 subditis
1626 1828 1681 1873 et
1727 1819 1999 1873 tributarii

2208 1817 2275 1871 ιθ’
2308 1818 2506 1887 ἑαυτῆς
2540 1816 2618 1887 τῷ
2666 1815 2819 1886 τύφῳ
2856 1815 2943 1868 ἀεὶ
2988 1812 3124 1883 πρὸς
3160 1812 3379 1882 ἑαυτὴν,
3420 1810 3523 1863 ούκ
3557 1810 3640 1871 είς
3668 1810 3728 1860 τὰ

483 1919 611 1981 cum
637 1914 782 1959 terra
808 1906 1013 1975 pariter
1038 1921 1101 1960 ac
1130 1921 1280 1961 mare
1320 1908 1438 1964 suis
1486 1916 1718 1978 utraque
1751 1910 1927 1979 copiis
1958 1918 2003 1964 st

2205 1908 2255 1970 ίω
2289 1908 2486 1978 ἑαυτῆς
2516 1905 2916 1960 ἀποϐλέπουσα·
2956 1905 3046 1959 διά
3072 1903 3231 1958 τοῦτο
3259 1902 3354 1956 τοῦ
3382 1900 3725 1973 μακαρισμοῦ

482 2004 677 2064 parent
705 2010 824 2050 eam
853 2005 1019 2066 atque
1049 1996 1298 2053 foverent
1330 2014 1344 2051 :
1376 2000 1650 2069 superbia:
1669 2000 1960 2056 adversum
1995 2019 2002 2055 ε

2206 2002 2359 2052 νεται
2385 1997 2738 2069 κληρονόμος,
2767 1997 2855 2049 διὰ
2885 1998 2984 2068 τῆς
3009 1995 3347 2068 προσκαίρου
3373 2009 3726 2063 ταπεινοφρο-

482 2085 691 2139 aditum
722 2102 833 2140 non
851 2088 1022 2152 dedit,
1052 2103 1267 2158 semper
1294 2087 1363 2144 ad
1387 2093 1646 2167 seipsam,
1671 2107 1777 2145 non
1810 2091 1875 2144 ad
1909 2092 2002 2147 hci

1824 2091 1875 2144 λά
1909 2092 2049 2147 bona
2151 2092 2314 2163 σύνης
2335 2092 2395 2144 τὸ
2432 2090 2683 2163 ἀληθινὸν
2712 2090 2844 2159 ὕψος
2868 2089 3344 2160 ὲμπορευσαμένη.

479 2196 581 2236 sua
616 2191 842 2237 externa
877 2184 1199 2255 respiciens,
1228 2194 1514 2256 prOpterea
1556 2187 1910 2243 beatitudinis
1953 2189 2127 2245 haeres
2170 2189 2408 2254 exsistit,
2456 2202 2557 2259 pro
2604 2186 2935 2257 temporaria
2980 2185 3149 2238 animi
3196 2183 3529 2238 demissione
3569 2190 3726 2251 atque

477 2275 793 2331 humilitate
832 2293 961 2333 vera
1004 2279 1327 2336 celsitudine
1356 2281 1607 2351 quaesita.

553 2370 737 2425 Dicam
758 2372 922 2427 etiam
939 2373 1160 2443 aliquod
1189 2376 1459 2431 maritalis
1478 2376 1685 2432 amoris
1708 2377 1969 2434 indicium
1996 2386 2050 2433 et

2219 2372 2372 2426 Εἴπω
2418 2391 2471 2426 τι
2527 2374 2621 2426 καὶ
2674 2372 2775 2441 τῆς
2823 2370 3138 2443 φιλανδρίας
3193 2372 3513 2442 τεκμήριον·
3585 2371 3723 2423 Ἔδει

476 2472 878 2533 argumentum.
922 2464 1220 2535 Oportebat
1262 2468 1507 2531 omnino,
1554 2468 1736 2522 soluto
1776 2484 1996 2538 corpora

2205 2466 2388 2531 ὶντως,
2436 2464 2795 2536 διαλυομένης
2838 2464 2938 2535 τῆς
2966 2463 3282 2533 σωματικῆς
3311 2462 3596 2531 συζυγίας,
3640 2464 3725 2516 καὶ

476 2554 753 2626 conjugio,
791 2556 953 2610 etiam
996 2558 1232 2628 pretiosa
1286 2559 1426 2613 bona
1474 2561 1676 2630 quibus
1713 2561 1996 2617 abundaba

2203 2564 2218 2610 ι
2255 2556 2416 2627 τίμια
2456 2556 2564 2609 τῶν
2603 2557 2916 2627 προσόντων
2964 2553 3138 2625 αύτῆς
3177 2554 3393 2623 ἀγαθῶν
3433 2555 3615 2608 ἐλθεῖν
3653 2558 3723 2618 είς

473 2646 663 2701 venire
690 2647 745 2701 in
767 2647 1110 2705 divisionem.
1140 2650 1425 2716 Quomodo
1449 2653 1615 2721 igitur
1641 2652 1769 2708 fecit
1794 2653 1990 2709 distrib

2206 2649 2429 2720 αίρεσιν.
2468 2647 2590 2711 Πῶς
2618 2643 2712 2701 οὖν
2757 2648 3050 2717 ἐποιήσατο
3085 2646 3184 2717 τὴν
3218 2646 3513 2717 διανομήν;
3550 2646 3726 2714 Τριῶν

473 2737 722 2793 tionem?
750 2737 885 2794 Cum
914 2748 1028 2797 tres
1054 2750 1238 2798 essent
1268 2743 1424 2798 liberi
1450 2744 1587 2813 (haec
1611 2745 1756 2800 cnim
1784 2746 1989 2801 bonoru

2206 2756 2320 2792 των
2366 2739 2574 2793 τέκνων
2631 2739 2824 2810 (ταῦτα
2871 2738 2980 2810 γὰρ
3032 2738 3142 2791 τῶν
3178 2737 3398 2806 ἀγαθῶν
3443 2737 3514 2790 τὰ
3560 2742 3726 2807 κεφά-

471 2829 651 2898 capita
687 2833 837 2898 sunt)
882 2833 976 2904 qui
1014 2833 1191 2890 virilis
1225 2851 1393 2891 sexus
1424 2845 1628 2901 essent,
1668 2838 1815 2909 apud
1838 2849 1990 2908 patre

2205 2832 2320 2901 ιια),
2359 2834 2487 2896 τοὺς
2520 2831 2754 2904 ἄρρενας
2784 2832 2860 2901 τῷ
2890 2833 3059 2903 πατρὶ
3086 2831 3536 2903 προσκατέλιπεν,
3586 2829 3725 2884 ῶστε

470 2920 715 2993 reliquit,
755 2927 846 2993 qui
894 2942 1062 2996 regno
1097 2928 1219 2997 ejus
1258 2930 1513 2999 praesidio
1540 2939 1727 2988 essent
1756 2951 1770 2987 :
1795 2934 1865 2988 ad
1888 2950 1987 2990 sua

2205 2941 2287 2977 ναι
2329 2922 2495 2977 αὑτοῦ
2537 2925 2636 2995 τῆς
2682 2923 2959 2993 βασιλείας
2991 2923 3311 2993 ἐρείσματα·
3351 2921 3448 2991 τῆς
3489 2920 3548 2976 δὲ
3595 2922 3725 2982 ίδξας

470 3028 601 3067 vero
652 3024 863 3084 partem
916 3017 1090 3073 solam
1138 3019 1302 3073 ﬁliam
1352 3022 1627 3090 pertinere
1684 3023 1990 3079 existimavi

2204 3014 2363 3086 ερίδος
2416 3016 2586 3087 μόνην
2626 3014 2725 3085 τὴν
2772 3014 3043 3087 θυγατέρα
3087 3013 3511 3083 ἀποπεποίηται.
3566 3013 3724 3084 Ὁρᾷς

470 3100 638 3161 Vides
671 3115 878 3176 quanto
905 3109 1145 3165 candore
1174 3120 1337 3181 atque
1363 3112 1619 3182 aequitate
1640 3114 1807 3168 animi
1833 3116 1990 3185 parit:

2204 3109 2261 3171 ὒς
2300 3108 2598 3179 εὐγνώμων
2642 3124 2703 3160 τε
2734 3108 2829 3161 καί⁵
2870 3107 3240 3177 φιλόστοργος,
3276 3107 3334 3159 έν
3374 3107 3484 3169 τοῖς
3522 3107 3724 3174 τιμίοις

465 3210 534 3249 ac
561 3196 897 3270 indulgentia
926 3202 997 3256 sit
1031 3216 1152 3269 usa,
1184 3217 1306 3272 qua:
1337 3203 1391 3258 in
1438 3206 1603 3261 rebus
1632 3205 1889 3275 pretiosis
1923 3223 1985 3259 m:

2237 3201 2401 3254 πλέον
2437 3194 2515 3272 τῷ
2558 3201 2714 3273 ἀνδρὶ
2762 3201 3200 3271 συγχωρήσασα;
3255 3199 3393 3253 Ἀλλ’
3426 3199 3456 3252 ὃ
3488 3199 3722 3269 μάλιστα

466 3288 639 3358 jorem
690 3298 898 3360 partem
958 3292 1076 3347 viro
1122 3294 1509 3349 concesserit?
1553 3294 1820 3351 Caeterum
1892 3314 1986 3367 qut

2202 3294 2272 3365 t9‘
2303 3292 2461 3364 ἡμῶν
2490 3292 2742 3361 λέγεσθαι
2767 3292 2895 3362 χρὴ,
2916 3290 3076 3344 τοῦτο
3110 3290 3365 3362 προσθεὶς
3385 3292 3722 3345 καταπαύσω

468 3380 705 3436 maxime
735 3398 765 3435 a
797 3382 961 3436 nobis
994 3383 1103 3437 dici
1135 3392 1377 3453 oportet,
1438 3384 1529 3440 ubi
1581 3386 1861 3456 adjecero,
1917 3404 1988 3444 set

2202 3404 2229 3439 ν
2255 3386 2411 3454 λόγον
2435 3403 2446 3415 ·
2471 3386 2543 3439 Τὸ
2580 3386 2687 3439 τῶν
2720 3384 2953 3438 εἰδώλων
2993 3387 3147 3455 μῖσος
3166 3384 3341 3437 κοινὸν
3363 3384 3588 3437 πάντων
3613 3384 3722 3436 ἐστὶ

467 3473 614 3525 moni
646 3472 809 3527 ﬁnem
856 3475 1155 3544 imponam.
1190 3474 1622 3532 Simulacrorum
1656 3476 1845 3531 odium
1894 3492 1987 3532 con

2201 3480 2245 3533 iv
2290 3480 2622 3551 μετεχόντων
2666 3479 2763 3549 τῆς
2807 3478 3075 3541 πίστεως·
3115 3477 3229 3530 ἀλλ’
3268 3478 3488 3548 ἐκείνης
3514 3476 3721 3549 ἐξαίρε-

466 3576 632 3617 mune
682 3571 768 3618 est
814 3564 1058 3618 omnium
1118 3566 1211 3636 qui
1247 3566 1370 3621 ﬁdei
1406 3567 1702 3637 participes
1733 3574 1903 3623 sunt:
1941 3582 1986 3623 se

2200 3587 2247 3632 ν,
2296 3569 2357 3622 τὸ
2406 3570 2507 3640 τὴν
2566 3567 2847 3639 Ἀρειανὴν
2894 3567 3152 3621 ἀπιστίαν
3192 3568 3397 3637 ὁμοίως
3450 3571 3518 3638 τῇ
3572 3569 3720 3621 εἰδω-

463 3652 587 3722 ejus
611 3655 947 3725 pmcipuum
969 3694 984 3719 ,
1013 3656 1160 3726 quod
1189 3656 1450 3711 Arianam
1478 3657 1851 3713 inﬁdelitatem
1880 3658 1983 3713 sim

2200 3662 2426 3734 λατρεία
2482 3659 2884 3731 βδελύττεσθαι.
2945 3659 3085 3722 Τοὺς
3119 3658 3224 3729 γὰρ
3266 3660 3324 3711 ὲν
3354 3661 3421 3730 τῇ
3453 3658 3635 3712 κτίσει
3664 3658 3720 3712 τὺ

464 3750 590 3805 liter
640 3759 806 3821 atque
852 3752 1273 3807 simulacrorum
1331 3754 1538 3808 cultum
1596 3752 1981 3809 abominabatu

2199 3758 2288 3809 :i'ov
2340 3751 2479 3809 εἶναι
2517 3755 2861 3825 νομίζοντας,
2902 3754 3055 3806 οὐδὲν
3082 3751 3341 3805 ἐλάττονα
3378 3751 3561 3805 σέϐειν
3588 3753 3719 3823 ᾧετο

461 3841 598 3897 Nam
637 3858 775 3909 eos,
817 3846 910 3915 qui
959 3845 1014 3899 in
1065 3855 1317 3901 creatura
1365 3862 1569 3903 numen
1616 3846 1863 3901 divinum
1912 3862 1981 3903 es;

2197 3850 2244 3901 iv
2294 3847 2779 3902 είδωλοποιούντων
2809 3846 2909 3909 τάς
2956 3845 3108 3910 ὕλας,
3138 3843 3317 3907 καλῶς
3342 3844 3433 3897 καὶ
3479 3844 3717 3909 εὐσεϐῶς

460 3936 863 4003 existimarent,
893 3938 1067 3993 nihilo
1100 3940 1313 3993 minora
1351 3939 1534 3995 colere
1566 3950 1731 4011 atque
1782 3957 1980 3998 venera

2201 3942 2294 3997 ὖτο
2314 3942 2590 4014 κρίνουσα.
2607 3940 2665 3995 '0
2699 3940 2808 4011 γὰρ
2837 3940 2900 3993 τὸ
2926 3940 3137 4009 κτίσμα
3149 3937 3489 4009 προσκυνιῖιν,
3507 3938 3618 3990 κᾶν
3638 3940 3716 3992 ἐπ’

459 4030 709 4098 putabat,
738 4045 902 4100 quam
932 4033 1026 4101 qui
1055 4048 1120 4086 ex
1153 4032 1381 4088 materia
1411 4018 1710 4089 simulacra
1748 4034 1979 4090 efﬁciunt

2192 4035 2357 4104 opus:
2386 4033 2481 4087 τοῦ
2506 4032 2745 4104 Χριστοῦ
2774 4030 2933 4085 τοῦτο
2951 4031 3129 4093 ποιεῖ,
3160 4027 3554 4099 είδωλολάτρης
3582 4032 3712 4094 ἐστὶ,

457 4138 524 4177 ac
553 4130 701 4179 recte
724 4132 779 4178 et
805 4125 894 4193 pie
942 4124 1017 4177 ita
1044 4125 1347 4194 judicabat.
1399 4125 1533 4180 Nam
1575 4128 1673 4197 qui
1723 4135 1976 4183 creatura

2193 4127 2370 4199 ριστοῦ
2382 4125 2638 4197 δνοματῷ
2658 4124 2858 4195 εἰδώλῳ
2884 4123 3127 4193 θέμενος.
3152 4122 3249 4175 Διά
3265 4121 3420 4175 τοῦτο
3445 4121 3713 4191 μαθοῦσα,

458 4214 672 4279 adorat,
707 4216 924 4271 etiamsi
961 4216 1016 4271 in
1042 4216 1262 4272 nomine
1284 4216 1487 4273 Christi
1514 4218 1567 4273 id
1611 4219 1762 4283 facit,
1807 4220 1978 4276 simul.

2191 4238 2214 4273 ι
2230 4220 2329 4273 ούκ
2341 4219 2456 4273 ἔστι
2471 4219 2603 4281 Θεὸς
2620 4218 2953 4289 πρόσφατος,
2977 4215 3103 4286 μίαν
3122 4215 3444 4283 προσεκύνει
3461 4215 3711 4283 θεότητα,

456 4320 680 4359 crorum
710 4308 890 4361 cultor
928 4316 1034 4373 est,
1068 4307 1270 4364 Christi
1302 4323 1501 4365 nomen
1530 4310 1829 4367 simulacro
1858 4310 1976 4381 imp

2194 4330 2229 4381 tv
2257 4313 2314 4364 ὲν
2343 4311 2517 4381 Πατρὶ
2553 4310 2647 4363 καὶ⁴
2668 4309 2781 4380 Υίῷ
2820 4309 2915 4363 καὶ
2941 4306 3221 4378 Πνεύματι
3250 4306 3391 4375 ἁγίῳ
3425 4304 3714 4376 δοξαζομέ-

456 4412 617 4452 nens.
650 4397 885 4460 Idcirco,
930 4415 1053 4453 cum
1096 4400 1385 4456 didicisset
1439 4400 1587 4472 quod
1618 4417 1729 4456 non
1760 4401 1833 4457 sit
1884 4401 1976 4457 Det

2210 4420 2247 4455 ν.
2277 4401 2461 4473 Ταύτῃ
2501 4399 2772 4470 ὲνηυξήθη
2826 4401 2891 4469 τῇ
2948 4397 3151 4461 πίστει,
3187 4395 3360 4467 ταύτῃ
3406 4396 3708 4465 ἒνήκμασε,

455 4504 651 4544 recens
682 4498 734 4543 et
776 4506 974 4556 novus,
1002 4506 1169 4546 unam
1209 4478 1467 4549 deitatem
1502 4493 1788 4557 adorabat,
1820 4510 1943 4565 qua:
1973 4512 1975 4549 λ

2190 4494 2303 4566 ιύτῃ
2326 4494 2387 4547 τὸ
2416 4493 2630 4564 πνεῦμα
2657 4491 3071 4563 παρακατέθετο
3101 4509 3112 4519 ·
3148 4490 3254 4543 ὑπὸ
3282 4488 3487 4560 ταύτης
3538 4506 3710 4558 προσ-

453 4579 639 4645 Patre,
671 4592 725 4636 et
774 4583 934 4647 Filio,
962 4592 1018 4639 et
1070 4584 1279 4655 Spiritu
1312 4595 1507 4642 sancto
1553 4586 1915 4657 glorificatur.
1968 4586 1973 4639 ἰ

2190 4588 2266 4659 [θη
2305 4586 2384 4657 τῷ
2432 4586 2616 4656 κόλπῳ
2658 4584 2752 4639 τοῦ
2780 4583 2982 4655 πατρὸς
3025 4584 3123 4654 τῆς
3176 4581 3412 4644 πίστεως
3460 4580 3710 4649 ’Δϐραάμ

453 4674 559 4730 hac
583 4675 690 4730 ﬁde
718 4678 914 4740 crevit,
952 4678 1006 4731 in
1044 4679 1149 4733 hac
1180 4679 1369 4750 viguit,
1409 4680 1551 4750 apud
1595 4681 1740 4735 hanc
1770 4681 1967 4750 spiritu

2190 4677 2279 4749 ιρά
2301 4678 2398 4748 τὴν
2415 4676 2505 4730 τοῦ
2532 4676 2855 4748 παραδείσου
2877 4675 3061 4747 πηγὴν
3090 4667 3192 4744 (ἧς
3220 4674 3254 4744 ὴ
3281 4670 3435 4743 ῥανὶς
3465 4671 3561 4724 ἐπὶ
3588 4673 3710 4733 τοὺς

449 4766 709 4836 deposuit
738 4786 752 4823 :
780 4768 847 4821 ab
876 4768 975 4823 hac
996 4769 1181 4824 oblata
1205 4782 1289 4826 est
1311 4770 1458 4827 sinui
1490 4770 1667 4827 Patris
1692 4771 1817 4827 ﬁdei
1849 4772 1969 4827 Abr;

2186 4768 2385 4831 τίστους
2409 4767 2508 4821 οὐκ
2535 4765 2812 4838 ἔρχεται),
2844 4765 2949 4818 ὑπὸ
2987 4764 3085 4835 τὴν
3118 4765 3276 4817 σκιὰν
3299 4761 3389 4815 τοῦ
3422 4760 3588 4825 ξύλου
3616 4762 3706 4830 τῆς

451 4858 597 4913 hami
622 4858 778 4928 juxta
814 4859 1016 4914 fontem
1046 4861 1325 4930 paradisi:
1369 4860 1531 4931 cujus
1555 4861 1751 4915 humor
1787 4868 1841 4916 et
1873 4870 1969 4933 gut

2182 4860 2269 4930 υῆς
2294 4860 2387 4913 τοῦ
2420 4858 2825 4929 νπεφυτευμένου
2854 4857 3003 4928 παρά
3022 4856 3121 4919 τὰς
3144 4855 3406 4919 διεξόδους
3436 4854 3547 4907 τῶν
3580 4854 3702 4909 ὑδά-

444 4951 519 5006 ad
571 4951 822 5008 inﬁdeles
870 4967 980 5007 non
1024 4962 1264 5009 manat:
1321 4956 1425 5011 sub
1472 4956 1666 5011 mnbra
1719 4957 1852 5028 ligni
1898 4958 1964 5011 vit

2182 4972 2252 5017 υν,
2284 4947 2359 5008 ὧν
2390 4955 2483 5007 καὶ
2541 4954 2701 5025 ἡμεῖς
2750 4950 3113 5021 ἀξιωθείημεν
3162 4950 3221 5002 ὲν
3263 4946 3483 5017 Χριστῷ
3532 4946 3702 5017 Ἰησοῦ

444 5041 593 5110 quod
619 5040 920 5111 plantatum
950 5041 1213 5111 estjuxta
1248 5042 1515 5099 decursus
1553 5058 1846 5113 aquarum,
1893 5060 1964 5115 qu

2177 5046 2203 5116 ῤ
2269 5046 2456 5118 Κυρίῳ
2516 5045 2718 5116 ἡμῶνο
2795 5037 2841 5113 ᾧ
2895 5046 2929 5116 ἡ
2978 5042 3103 5110 δόξα
3163 5042 3243 5106 είς
3304 5041 3429 5103 τοὺς
3476 5039 3697 5100 αἰῶνας.

445 5132 552 5187 lius
575 5132 740 5187 rebus
768 5131 934 5189 etiam
962 5149 1062 5189 nos
1083 5133 1236 5204 digni
1261 5133 1583 5199 habeantur,
1616 5150 1711 5205 per
1738 5133 2017 5191 Christum
2137 5139 2330 5211 Ἀμὴν.

442 5223 629 5284 Iesum
652 5227 941 5285 Dominum
964 5238 1213 5284 nostrum
1241 5246 1255 5283 :
1282 5228 1368 5283 cui
1394 5228 1565 5299 gloria
1591 5229 1645 5282 in
1669 5229 1891 5284 saecula.
1915 5229 2111 5288 Amen.

2036 5494 2108 5511 ..ι-ο
