3850 6432
130 261 255 321 893

1112 269 1203 327 DE
1237 272 1395 329 VITA
1437 275 1497 333 S.
1529 275 1862 335 GREGORII
1901 278 2436 341 THAUMATURGJ.

3290 290 3396 350 894

130 419 3385 471 Ἥ

1442 593 1672 680 ΤΟΥ
1754 594 2131 683 ΑΥΤΟΥ

339 778 581 895 ΕΙΣ
617 778 935 896 TON
974 781 1347 899 BION
1410 786 1707 903 ΤΟΥ

1813 786 2245 945 mor
2333 788 3201 909 I‘PHI‘OPIOY

1316 1001 1359 1054 Τ
1382 1002 1486 1056 ΟΥ
1542 1002 2248 1064 ΘΑΥΜΔΤΟΥΡΓΟΥ.

1523 1332 2071 1425 EJUSDEM

778 1543 958 1659 DE
1065 1542 1415 1665 VITA

1547 1547 1977 1664 BEATI
2082 1550 2763 1669 GREGORII

1342 1770 1862 1829 MIRACULORUM
1883 1771 2198 1830 OPIFICIS.

1517 1928 1702 1979 Eodem
1744 1927 2042 1992 interprete.

212 2238 278 2292 Ὀ
318 2239 415 2308 μὲν
439 2237 642 2301 σκοπὸς
670 2232 751 2301 εἷς
782 2238 898 2291 ἐστι
925 2234 1020 2290 τοῦ
1051 2253 1111 2290 τε
1140 2236 1410 2309 ἡμετέρου
1425 2236 1605 2306 λόγου,
1631 2240 1707 2292 κα¹

1897 2238 1964 2293 Ει
1997 2237 2176 2293 oratio
2211 2235 2431 2307 quidem
2462 2245 2686 2302 nostra,
2726 2243 2783 2293 et
2825 2250 3069 2308 prasens
3098 2245 3402 2293 conventus

117 2328 223 2382 τοῦ
238 2328 507 2400 παρόντος
522 2331 554 2399 ὴ
565 2329 680 2399 μῶν
701 2328 986 2397 συλλόγου.
1004 2328 1043 2381 Γ
1050 2328 1300 2399 ρηγόριος
1324 2329 1433 2399 γὰρ
1449 2330 1477 2381 ό
1503 2331 1693 2397 Μέγας
1701 2369 1716 2393 ν

119 2424 263 2493 ὑμῖν
293 2440 354 2476 τε
379 2422 476 2492 τῆς
510 2422 750 2487 συνόδου,
793 2422 961 2494 κάμοὶ
1008 2422 1109 2493 τῆς
1148 2421 1433 2487 διαλέξεως
1466 2423 1719 2487 ὑπόθεσις

119 2516 442 2587 πρόκειται.
486 2514 627 2583 Ἐγὼ
665 2516 723 2569 δὲ
773 2516 874 2585 τῆς
916 2515 1085 2586 αὐτῆς
1146 2510 1300 2585 οἶμαι
1328 2517 1526 2587 χρῆναι
1556 2516 1717 2569 δυνά-

121 2625 304 2679 μεως,
357 2607 502 2680 ἔργῳ
560 2625 621 2661 τε
678 2606 1023 2679 κατορθῶσαι
1065 2607 1164 2678 τὴν
1193 2608 1415 2679 ἀρετὴν,
1455 2608 1549 2661 καὶ
1574 2607 1717 2679 λόγῳ

118 2700 255 2755 κατ’
281 2700 440 2765 ἀξίαν
465 2699 533 2754 τὰ
572 2699 711 2753 καλά
755 2699 1138 2771 διηγήσασθαι.
1168 2701 1329 2753 Ὥστε
1358 2699 1565 2771 ταύτην
1593 2701 1715 2753 ἐπι-

119 2791 363 2864 κλητέον
387 2790 453 2845 ἂν
481 2789 567 2861 εἴη
593 2790 694 2861 τὴν
735 2788 1073 2860 συμμαχίαν,
1102 2789 1169 2842 δι’
1196 2783 1264 2859 ἧς
1300 2789 1358 2841 ὲν
1387 2788 1465 2859 τῷ
1495 2788 1594 2859 βίῳ
1616 2790 1716 2859 τὴν

117 2883 330 2955 ἀρετὴν
353 2885 556 2946 ἐκεῖνος
586 2880 966 2953 κατώρθωσεν.
1006 2879 1163 2934 Ἐστι
1190 2880 1245 2933 δὲ
1283 2879 1444 2951 αὕτη,
1474 2879 1617 2933 κατά
1651 2895 1714 2947 γε

114 2972 216 3029 τὸν
281 2976 412 3047 ἐμὸν
455 2974 633 3043 λόγον,
664 2973 812 3043 ἠτοῦ
857 2971 1169 3043 Πνεύματος
1193 2972 1371 3044 χάρις,
1394 2973 1428 3042 ἡ
1456 2971 1551 3025 καὶ
1580 2971 1714 3043 πρὸς

114 3068 214 3121 τὸν
247 3065 361 3137 βίον
385 3067 480 3120 καὶ
511 3066 645 3138 πρὸς
674 3066 764 3119 τὸν
794 3065 951 3134 λόγον
987 3066 1114 3129 τοὺς
1140 3066 1269 3137 περὶ
1300 3064 1557 3136 ἑκάτερον
1592 3064 1715 3117 τού-

114 3176 234 3212 των
288 3158 693 3220 ἐσπουδακότας
720 3156 786 3210 δι’
817 3158 1016 3228 ἑαυτῆς
1046 3156 1387 3228 ἐνισχύουσα.
1435 3158 1589 3210 Ἐπεὶ
1620 3152 1713 3210 οὖν

115 3254 147 3305 ὁ
177 3251 435 3322 λαμπρὸς
461 3253 664 3312 ἐκεῖνος
695 3250 788 3304 καὶ⁸
842 3249 1204 3322 περίϐλεπτος
1232 3249 1347 3319 βίος
1371 3252 1438 3321 τῇ
1484 3249 1712 3322 δυνάμει

115 3341 464 3413 κατωρθώθη
494 3341 588 3396 τοῦ
616 3343 960 3413 Πνεύματος·
989 3341 1154 3413 εὐχῆς
1179 3341 1339 3413 ἔργον
1362 3342 1500 3406 ἐστὶ,
1518 3343 1713 3397 τοσαύ-

114 3449 225 3502 την
253 3431 428 3485 ὲλθείν
463 3433 558 3486 ἐπὶ
584 3433 676 3486 τὸν
706 3433 864 3501 λόγον
906 3432 1183 3504 βοήθειαν,
1206 3435 1303 3505 ὅση
1338 3434 1529 3504 γέγονε
1560 3434 1711 3507 παρά

112 3527 214 3581 τὸν
248 3524 362 3596 βίον
399 3525 613 3594 ἐκείνῳ,
643 3525 717 3589 ὡς
753 3524 829 3597 μὴ
854 3526 1083 3580 κατόπιν
1108 3527 1394 3599 εὑρεθῆναι
1416 3527 1519 3599 τῆς
1551 3529 1709 3596 ἀξίας

1825 2331 1892 2385 ad
1930 2347 2095 2385 unam
2142 2330 2500 2401 eamdemque
2542 2345 2655 2386 rem
2700 2338 2933 2401 specta..
2983 2329 3213 2403 Magnus
3253 2331 3399 2386 enim

1824 2423 1915 2477 ille
1944 2420 2241 2493 Gregorius
2267 2438 2393 2477 cum
2440 2422 2595 2478 vobis
2641 2423 3004 2479 conveniendi
3052 2436 3222 2479 causa
3270 2422 3397 2485 fuit,

1824 2522 1939 2569 tum
1962 2514 2094 2569 mihi
2125 2514 2531 2573 sermocinandi
2559 2515 2788 2570 materia
2819 2523 2986 2586 atque
3013 2524 3399 2583 argumentum

1822 2606 2166 2678 propositum
2200 2614 2305 2660 est.
2362 2605 2478 2677 Ego
2526 2622 2656 2662 vero
2704 2606 2896 2662 eadem
2945 2606 3204 2663 facultate
3260 2622 3400 2681 Opus

1820 2713 1945 2753 esse
1973 2705 2103 2768 puto
2127 2738 2143 2762 ,
2180 2698 2226 2752 si
2263 2705 2318 2752 et
2348 2700 2609 2752 virtutem
2660 2701 2887 2771 exsequi
2921 2700 3103 2766 factis,
3151 2713 3206 2758 et
3257 2719 3400 2773 pne-

1820 2791 1987 2848 claris
2020 2789 2361 2847 facinoribus
2391 2790 2537 2846 dicta
2583 2807 2875 2863 exaequare
2904 2794 3060 2850 velis.
3092 2794 3281 2865 Itaque
3316 2798 3401 2850 in-

1819 2884 2128 2943 vocantium
2166 2884 2331 2940 fuerit
2358 2885 2649 2947 auxilium,
2688 2901 2799 2955 quo
2834 2886 2925 2941 ille
2974 2887 3029 2941 in
3079 2888 3190 2942 vita
3222 2889 3402 2942 virtu-

1820 2980 1927 3029 tem
1954 2980 2253 3030 exsecutus
2289 2981 2395 3029 est.
2428 2971 2526 3028 Est
2569 2983 2753 3027 autem
2813 2973 2968 3039 illud,
3021 2988 3141 3028 mea
3176 2975 3397 3043 quidem

1819 3066 2099 3134 Opinione,
2130 3064 2309 3136 gratia
2342 3064 2589 3135 (sancti)
2630 3063 2916 3135 Spiritus:
2958 3080 3082 3134 qua:
3122 3063 3191 3118 ad
3229 3066 3396 3123 vitam

1817 3163 1873 3211 et
1904 3155 1971 3209 ad
2002 3156 2310 3211 orationem
2350 3155 2546 3210 barum
2582 3171 2766 3211 rerum
2803 3157 3095 3228 utriusque
3126 3157 3397 3212 studiosis

1817 3264 1917 3320 per
1945 3265 2065 3306 sese
2093 3250 2243 3305 vires
2276 3248 2683 3304 subministrat.
2729 3247 3002 3315 Quoniam
3043 3250 3215 3320 igitur
3260 3265 3399 3319 pra:-

1816 3343 1965 3398 clara
1997 3342 2114 3405 illa,
2148 3341 2470 3412 spectabilis
2505 3349 2562 3397 et
2598 3341 2832 3398 illustris
2858 3343 2970 3397 vita
3003 3343 3209 3398 virtute
3237 3349 3401 3412 atque

1816 3435 2065 3507 potentia
2114 3433 2358 3505 Spiritus
2389 3443 2587 3490 exacta
2626 3433 2985 3505 perfectaque
3017 3442 3103 3491 est
3138 3453 3152 3489 :
3183 3435 3396 3505 precari

1814 3536 1870 3584 et
1895 3536 2090 3599 optare
2110 3536 2348 3598 oportet,
2380 3536 2440 3581 ut
2469 3537 2672 3597 quanta
2695 3542 2800 3598 ope
2825 3527 2917 3582 ille
2946 3543 3043 3599 per
3070 3528 3235 3583 vitam
3265 3544 3401 3584 usus

113 3617 235 3671 τῶν
266 3617 707 3689 κατορθωμάτων
733 3617 825 3671 τὸν
865 3617 1106 3683 ἔπαινον,
1151 3618 1288 3673 ἀλλά
1327 3619 1568 3674 τοιοῦτον
1597 3622 1707 3675 ἐπι·

1816 3629 1919 3685 est,
1952 3628 2168 3675 tantum
2196 3620 2390 3673 auxilii
2429 3620 2656 3675 accedat
2679 3619 2940 3686 orationi,
2974 3635 3086 3690 quo
3137 3620 3397 3691 amplitu-

113 3708 399 3781 δειχθῆναι
444 3712 556 3773 τοῖς
602 3708 837 3782 παροῦσι
881 3708 969 3763 διὰ
1015 3710 1115 3780 τῆς
1148 3712 1372 3782 μνήμης
1404 3711 1496 3765 τὸν
1522 3712 1712 3783 ἄνδρα,

114 3799 237 3865 οἷος
265 3797 337 3873 ἦν
390 3803 502 3865 τοῖς
562 3802 682 3855 κατ’
717 3803 923 3855 ἐκεῖνον
955 3802 1046 3855 τὸν
1079 3804 1271 3873 χρόνον
1303 3803 1468 3867 αὐτὸς
1509 3804 1715 3869 ἐκεῖνος

116 3896 215 3948 ἐπὶ
244 3893 355 3948 τῶν
389 3894 565 3965 ἔργων
597 3893 894 3965 ὁρώμενος.
937 3896 1001 3951 Εἰ
1048 3896 1147 3965 μὲν
1178 3890 1272 3949 οὖν
1310 3896 1545 3968 ἀκερδὴς
1576 3892 1645 3967 ἦν
1676 3899 1709 3968 ή

119 3988 319 4058 μνήμη
361 3985 465 4039 τῶν
524 3987 644 4039 κατ’
692 3986 894 4059 ἀρετὴν
924 3987 1287 4059 προεχόντων,
1328 3989 1423 4042 καὶ
1471 3989 1738 4067 μηδεμία,

114 4080 261 4152 πρὸς
319 4078 381 4131 τὸ
423 4078 588 4131 καλὸν
632 4078 849 4147 ἐγένετο
891 4079 1221 4152 συνεισφορά
1252 4083 1363 4143 τοῖς
1394 4080 1739 4145 ἀκούουσιν,;

114 4172 379 4246 περιττὸν
400 4171 529 4236 ἴσως
548 4170 613 4225 ἂν
640 4167 709 4243 ἦν
730 4172 823 4226 καὶ
839 4172 1095 4241 ἀνόνητον
1129 4171 1220 4224 ἐπὶ
1244 4171 1433 4243 μηδενὶ
1456 4172 1711 4243 χρησίμῳ

114 4266 421 4339 προσάγειν
451 4268 531 4329 εις
547 4265 824 4337 εὐφημίαν
855 4265 947 4319 τὸν
974 4264 1152 4333 λόγον,
1173 4264 1336 4318 αὐτόν
1358 4282 1418 4317 τε
1445 4264 1712 4329 διεξιόντα

118 4359 330 4430 μάτην,
374 4357 469 4411 καὶ
520 4357 618 4429 τὴν
670 4358 840 4429 ἀκοὴν
886 4357 1070 4429 ἀργῶς
1119 4355 1521 4412 ἀποκναίοντα⁹
1558 4361 1706 4411 ἐπει·

113 4454 182 4525 δὴ
216 4453 276 4507 δὲ
320 4454 356 4524 ἡ
403 4450 628 4523 τοιαύτη
669 4450 766 4505 τοῦ
809 4451 970 4520 λόγου
1012 4451 1196 4523 χάρις,
1232 4453 1282 4505 εἰ
1325 4450 1709 4522 προσηκόντως

113 4547 354 4617 γένοιτο,
390 4546 566 4601 κοινὸν
592 4546 740 4599 ἔσται
763 4544 871 4598 τῶν
897 4545 1201 4598 ἀκουόντων
1227 4543 1287 4598 τὸ
1315 4542 1708 4615 κέρδος.καθά-

115 4659 228 4713 περ
263 4643 292 4695 ό
332 4640 542 4712 πυρσὸς
584 4642 695 4703 τοῖς
738 4641 804 4693 ὲκ
856 4638 1134 4710 θαλάσσης
1173 4637 1573 4709 προσπλέουσιν
1621 4640 1708 4707 ἐφ’

114 4730 315 4786 ἑαυτὸν
374 4730 609 4785 εὐθύνων
638 4732 763 4795 τοὺς
786 4732 845 4784 ἐν
867 4730 945 4801 τῷ
968 4729 1117 4801 ζόφῳ
1150 4730 1537 4801 πλανωμένους
1567 4731 1709 4786 κατά

111 4823 176 4876 τὸ
202 4822 442 4891 πέλαγος
460 4836 475 4853 ·
512 4822 633 4893 ἴσης
664 4818 816 4893 οἶμαι
846 4822 958 4875 δεῖν
996 4822 1132 4892 πρὸς
1156 4821 1315 4875 τοῦτο
1347 4823 1443 4894 τῆς
1473 4823 1706 4894 σπουδῆς

111 4915 426 4984 ἑκατέροις,
463 4915 592 4983 ύμῖν
617 4931 676 4967 τε
705 4913 841 4985 πρὸς
869 4915 970 4985 τὴν
998 4917 1284 4985 ἀκρόασιν,
1318 4916 1410 4968 καὶ
1450 4915 1585 4986 πρὸς
1614 4916 1704 4969 τον
1730 4951 1775 5010 c

109 5010 278 5077 λόγον
338 5008 479 5079 ἐμοί.
518 5008 685 5079 Δῆλον
740 5009 870 5079 γὰρ,
917 5010 1000 5063 ὅτι
1047 5008 1255 5081 πυρσοῦ
1289 5009 1445 5079 δίκην
1478 5009 1566 5063 διὰ
1605 5010 1703 5080 τῆς

112 5106 344 5174 μνήμης
392 5101 680 5173 ἐκλάμψας
714 5104 834 5161 ταῖς
864 5101 1063 5171 ψυχαῖς
1091 5103 1124 5172 ὴ
1135 5101 1250 5172 μῶν
1278 5103 1307 5154 ό
1337 5103 1456 5155 κατ’
1501 5100 1702 5173 ἀρετὴν

108 5195 286 5251 αύτοῦ
323 5195 458 5265 βίος,
489 5196 608 5260 ὁδὸς
643 5195 780 5266 πρὸς
825 5195 886 5247 τὸ
910 5194 1114 5264 ἀγαθὸν
1150 5195 1228 5266 τῷ
1254 5212 1313 5249 τε
1334 5195 1582 5261 διεξιόντι
1609 5196 1700 5248 καὶ

104 5294 225 5355 τοῖς
280 5289 539 5344 ἀκούουσι
589 5289 818 5358 γίνεται.
866 5290 1198 5362 Πεφύκαμεν
1227 5292 1336 5362 γάρ
1379 5307 1495 5353 πως
1528 5290 1577 5342 οἱ
1607 5288 1700 5342 ἄν·

105 5384 135 5437 θ
145 5399 329 5455 ρωποι
357 5382 493 5454 πρὸς
518 5380 663 5435 ἅπαν
691 5382 753 5435 τὸ
769 5382 1052 5436 ἐπαινετόν
1084 5399 1143 5435 τε
1172 5381 1268 5435 καὶ
1288 5382 1468 5452 τίμιον
1484 5380 1700 5443 οἰκείως

108 5475 321 5528 ἐθέλειν
351 5474 515 5544 ἔχειν,
544 5473 642 5529 καὶ
669 5476 727 5529 ὲν
755 5474 1019 5545 ἐπιθυμίᾳ
1054 5477 1151 5545 τῆς
1168 5474 1413 5545 κτήσεως
1432 5472 1699 5542 γίνεσθαι.

118 5567 191 5621 Ἦ
227 5565 332 5637 μὲν
357 5562 451 5620 οὖν
500 5566 757 5629 ὑπόθεσις
787 5564 898 5619 τῶν
936 5566 1108 5633 λόγων
1143 5564 1377 5634 τοσαύτη
1404 5583 1419 5596 ο
1470 5563 1595 5634 ἐμοὶ
1645 5563 1703 5616 δὲ

110 5658 455 5729 πανταχόθεν
483 5659 765 5712 ἀκίνδυνόν
796 5660 912 5712 ἐστι
937 5657 1349 5728 κατατολμῶντι
1376 5658 1475 5727 τῆς
1513 5657 1702 5710 ύποθέ·

1816 3713 1944 3767 dine
1977 3722 2121 3768 recte
2153 3710 2447 3776 factorum,
2476 3726 2588 3766 non
2618 3710 2848 3767 inferior
2893 3712 3017 3767 laus
3049 3727 3173 3768 esse
3215 3711 3401 3768 videa-

1814 3813 1905 3860 tur
1932 3824 1945 3858 :
1982 3804 2081 3860 sed
2108 3805 2237 3860 talis
2261 3804 2623 3875 przesentibus
2655 3804 3179 3859 commemoratione
3213 3819 3397 3858 rerum

1814 3898 1885 3953 ab
1911 3912 1977 3953 eo
2000 3905 2280 3969 gestarum
2321 3897 2406 3950 vir
2449 3911 2573 3952 esse
2607 3896 3040 3958 demonstretur,
3075 3895 3257 3966 qualis
3304 3896 3399 3951 ille

1814 3992 1935 4062 ipse
1966 3991 2131 4046 factis
2162 3992 2281 4063 suis
2312 3990 2382 4045 ab
2414 3990 2565 4046 illius
2589 3991 2769 4045 aetatis
2808 3990 3124 4045 hominibus
3170 3991 3396 4060 conspi-

1813 4082 2082 4137 ciebatur.
2116 4082 2407 4136 Enimvero
2442 4081 2488 4136 si
2531 4081 2739 4136 mentio
2787 4096 3001 4143 eorum,
3053 4081 3146 4152 qui
3191 4082 3397 4137 virtute

1811 4174 2235 4238 excelluerunt,
2292 4188 2418 4228 cum
2467 4173 2620 4228 nullo
2662 4173 2821 4228 lucro
2877 4173 3172 4243 conjuncta
3227 4181 3393 4238 esset,

1811 4266 2133 4336 nullumque
2162 4264 2516 4321 audientibus
2547 4264 2675 4321 inde
2722 4265 2793 4320 ad
2843 4265 3051 4320 bouum
3105 4264 3397 4321 aﬂ‘erretur

1812 4357 2211 4427 adiumentum.
2260 4373 2667 4429 supervacuum
2732 4355 3009 4422 forsitan,
3071 4372 3139 4412 ac
3182 4358 3393 4412 nullum

1810 4465 1989 4521 operae
2029 4450 2266 4521 pretium
2308 4458 2481 4515 esset,
2517 4450 2671 4505 nulla
2719 4449 3005 4521 proposita
3039 4449 3304 4516 utilitate,
3343 4461 3398 4506 et

1809 4541 2059 4598 eamdem
2090 4559 2204 4599 rem
2233 4541 2439 4597 frustra
2464 4541 2970 4605 commemorando,
2998 4548 3054 4597 et
3100 4557 3267 4598 aures
3301 4559 3398 4598 ne-

1808 4637 2111 4709 quidquam
2150 4636 2505 4693 obtundendo
2560 4636 2822 4690 laudandi
2874 4650 3043 4692 causa
3083 4636 3393 4691 orationem

1810 4730 1866 4785 in
1897 4729 2137 4786 medium
2171 4730 2404 4795 efferre;
2440 4728 2534 4783 sed
2578 4728 2838 4798 quoniam
2868 4726 3142 4797 ejusmodi
3190 4741 3392 4781 munus

1808 4822 2097 4887 orationis,
2124 4821 2169 4877 si
2203 4829 2353 4877 recte
2376 4827 2430 4875 et
2450 4820 2737 4875 commode
2770 4818 3121 4881 adhibeatur,
3150 4833 3390 4873 commu-

1809 4928 1878 4968 ne
1905 4912 2244 4967 audientium
2295 4911 2727 4967 emolumentum
2762 4911 2889 4973 erit,
2923 4917 3187 4980 tanquam
3220 4908 3307 4962 fax
3358 4923 3389 4961 e

1810 5004 1947 5058 mari
1990 5004 2454 5074 adnavigantibus
2480 5004 2547 5059 ad
2578 5019 2699 5059 sese
2732 5003 2977 5075 dirigens
3021 5017 3139 5064 eos,
3183 5000 3277 5071 qui
3334 5000 3389 5053 in

1809 5096 2045 5167 caligine
2072 5111 2169 5166 per
2196 5096 2422 5167 pelagus
2446 5095 2737 5150 oberrant:
2775 5095 2890 5165 pari
2922 5092 3108 5149 studio
3140 5089 3393 5158 utrisque

1808 5199 1863 5244 et
1908 5188 2065 5244 vobis
2110 5187 2575 5252 auscultantibus,
2608 5194 2662 5240 et
2696 5185 2829 5240 mihi
2880 5182 3086 5240 dicenti
3124 5179 3191 5234 ad
3246 5179 3388 5233 hanc

1808 5297 1924 5337 rem
1943 5284 2084 5351 opus
2124 5295 2249 5335 esse
2284 5286 2438 5350 puto.
2491 5277 2848 5347 Perspicuum
2898 5281 2982 5328 est
3019 5272 3187 5334 enim,
3238 5270 3385 5340 quod

1809 5376 1917 5428 vita
1951 5373 2073 5442 ejus
2108 5389 2203 5443 per
2229 5373 2484 5426 virtutem
2512 5378 2793 5424 transacta
2825 5365 2990 5421 veluti
3021 5363 3107 5419 fax
3138 5371 3385 5434 quaedam

1808 5466 2009 5521 animis
2057 5466 2263 5519 nostris
2316 5478 2414 5533 per
2460 5458 3045 5517 commemorationem
3095 5455 3383 5526 aﬂulgens,

1808 5560 1950 5614 viam
1986 5558 2053 5613 ad
2085 5559 2288 5614 bonum
2313 5568 2420 5611 tam
2452 5551 2931 5613 commemoranti,
2966 5566 3128 5621 quam
3158 5547 3386 5602 audien—

1810 5654 1958 5709 tibus
2011 5652 2292 5724 patefacit.
2332 5649 2539 5704 Natura
2582 5646 2728 5703 enim
2771 5645 2823 5699 id
2873 5644 3033 5699 nobis
3070 5642 3387 5697 hominibus

114 5769 262 5817 σεως
285 5795 299 5822 ,
329 5752 438 5807 εἴτε
469 5751 873 5825 συνεπαρθῆναι
893 5750 970 5823 τῷ
992 5751 1211 5823 μεγέθει
1238 5750 1344 5804 τῶν
1376 5748 1707 5821 πραγμάτωῖ

1821 5745 2227 5818 quodammodo
2279 5743 2505 5800 insitum
2538 5746 2659 5806 cst,
2694 5747 2752 5794 ut
2802 5736 3068 5809 quidquid
3105 5734 3385 5791 laudabile
