3850 6394
513 229 621 304 sos
1723 230 1784 288 ε.
1813 229 2142 292 οιιεοοιυι
2172 228 2467 292 Νιεεειιι
3667 227 3772 286 896

513 356 618 416 est,
654 357 706 402 et
738 346 794 402 in
826 346 1000 420 pretio
1029 346 1283 416 habetur,
1314 349 1382 408 ad
1428 349 1483 406 id
1516 359 1731 407 nosmet
1781 351 2076 424 adjungere

2185 352 2212 404 6
2239 350 2397 418 λόγος
2428 347 2717 421 ίσχύσειεν,
2760 349 2870 401 εἴτε
2896 349 2990 402 καὶ
3017 345 3118 418 μή.
3154 345 3296 412 Ἴσος
3327 344 3437 416 γὰρ
3463 343 3622 453 ἔσται
3653 347 3768 453 καθ’

512 449 568 494 et
592 439 1012 494 accommodare
1042 441 1296 504 velimus,
1332 441 1496 511 idque
1527 443 1813 520 acquirere
1859 442 2076 498 studea-

2185 443 2438 514 ἑκάτερον
2470 441 2546 512 τῷ
2581 440 3045 544 ὲγκωμιαζομένιρ
3099 441 3128 493 6
3160 439 3399 544 gramm”.
3431 438 3641 544 Ei‘pév
3668 439 3766 544 γάρ
3823 438 3827 544 ‘l

511 545 654 584 mus.
689 529 755 584 Et
810 540 1197 600 argumentum
1246 507 1467 602 quidem
1507 507 1776 588 orationis
1809 535 1919 590 tale
1961 543 2076 590 est:

2185 507 2422 603 ἐφίκοιτο
2442 507 2549 586 τῶν
2570 507 2862 602 θαυμάτων
2956 507 3133 600 λόγος,
3182 530 3444 600 ἐκπλήξει
3469 528 3581 630 τὴν
3601 507 3765 598 ἀκοὴν
3825 507 3827 592 ί

511 620 644 674 mihi
679 636 808 674 vero
842 632 1226 692 argumentum
1261 631 1499 678 tractare
1525 625 1748 678 conanti
1781 625 1988 679 nullum
2019 642 2076 680 ει

2185 629 2398 689 πάντως
2434 628 2546 689 τοῖς
2585 624 2998 695 κατορθώμασιν
3021 641 3036 654 ·
3077 624 3203 676 εἰδὲ
3230 623 3462 678 κατόπιν
3482 620 3584 674 τοῦ
3619 624 3765 692 μγέο

510 717 856 780 utrocunque
931 721 1134 772 eventu
1206 714 1513 784 periculum
1571 715 1850 784 impendet
1903 731 1920 768 :
1972 715 2076 774 sivt

2185 717 2310 782 θους
2338 716 2505 779 ἔλθοι,
2549 716 2643 770 καὶ
2697 714 2869 780 οὕτως
2902 717 2936 786 ἡ
2981 715 3109 781 δόξα
3136 714 3231 768 τοῦ
3279 711 3760 784 ὲγκωμιαζομένου

508 817 634 856 cum
668 804 1042 872 magnitudine
1067 819 1254 866 rerum
1283 822 1394 864 una
1419 821 1714 878 assurgere
1747 807 2076 864 sublimitate

2185 809 2584 881 λαμπρύνεται.
2632 808 2854 880 ’Δρίστη
2893 807 3002 878 γὰρ
3025 805 3216 910 ἀνδρὸς
3265 805 3538 910 εὐφημία,
3561 804 3624 907 16
3655 805 3762 856 ἐπι-

506 907 608 948 sua
634 895 810 948 oratio
842 895 1096 961 valuerit,
1139 898 1255 952 sive
1285 897 1631 952 non.Parem
1675 898 1845 961 enim,
1870 901 2076 954 utru‘m-

2185 900 2463 971 δειχθῆναι
2496 903 2595 969 τῆς
2617 899 2899 970 δυνάμεως
2935 897 3044 950 τῶν
3066 896 3458 966 εὐφημούντων
3484 895 3757 1000 ἀμείνονα.

505 998 724 1054 cunque
754 985 950 1042 horum
981 991 1248 1053 evenerit,
1280 991 1494 1045 laudem
1532 991 1578 1046 is
1605 991 1699 1062 qui
1735 993 2063 1056 celebratur,
2095 1001 2444 1063 assequetur.
2479 992 2615 1048 Nam
2650 994 2696 1048 si
2723 998 2975 1048 assecuta
3014 989 3232 1061 quidem
3260 990 3437 1044 oratio
3501 988 3761 1043 miracula
3803 1077 3822 1091 ι

505 1079 694 1144 fuerit,
735 1098 918 1137 rerum
946 1086 1207 1154 praclare
1237 1099 1515 1155 gestarum
1575 1088 2102 1144 commemoratione
2139 1104 2372 1158 prorsus
2401 1088 2801 1160 obstupefaciet
2830 1089 3146 1152 auditores;
3182 1086 3266 1142 sin
3295 1094 3483 1142 autem
3517 1102 3551 1139 a
3619 1094 3762 1152 tergo

506 1165 695 1226 l'elicta
727 1173 903 1228 oratio
938 1176 1370 1246 magnitudinem
1412 1193 1592 1232 rerum
1629 1179 1813 1236 minus
1845 1184 2064 1250 assequi
2101 1181 2364 1250 potuerit,
2423 1182 2590 1236 etiam
2628 1181 2732 1236 hac
2781 1180 2997 1234 ratione
3037 1178 3212 1249 gloria
3251 1177 3392 1245 ejus,
3456 1177 3625 1246 cujus
3658 1177 3763 1229 lau-

503 1262 601 1316 des
634 1265 1032 1332 persequimur,
1069 1265 1358 1320 clarescet.
1391 1265 1856 1325 Prestantissima
1887 1270 2038 1326 enim
2081 1271 2184 1324 viri
2227 1271 2349 1326 laus
2375 1278 2482 1338 est,
2519 1271 2563 1327 si
2599 1270 2720 1342 ejus
2761 1270 2940 1325 virtus
2973 1268 3152 1324 maior
3177 1282 3302 1324 esse
3332 1268 3760 1335 demonstretur,

504 1371 668 1426 quam
732 1356 1072 1411 laudantium
1123 1359 1358 1415 facultas
1412 1360 1649 1419 dicendo
1710 1365 1931 1434 assequi
1982 1375 2182 1436 potest.

568 1450 836 1505 Caeterum
863 1467 1022 1506 nemo
1050 1468 1116 1506 ex
1142 1454 1210 1508 iis
1227 1457 1318 1524 qui
1339 1455 1525 1511 divina
1547 1460 1815 1529 sapientia
1837 1461 2075 1516 instituti

2257 1463 2457 1534 Μηδεὶς
2485 1463 2544 1517 δὲ
2569 1461 2680 1516 τῶν
2716 1464 2784 1534 τῇ
2816 1461 2938 1532 θείᾳ
2966 1460 3129 1531 σοφία
3157 1455 3612 1527 πεπαιδευμένων
3635 1461 3763 1512 κατὰ

503 1548 654 1605 sum,
681 1555 833 1595 more
867 1548 1219 1596 externorum
1249 1551 1304 1599 et
1339 1559 1369 1600 ε
1398 1545 1502 1602 fide
1531 1557 1719 1604 nostra
1743 1551 2070 1618 alienorum,

2185 1557 2282 1628 την
2319 1556 2428 1608 τῶν
2445 1555 2550 1620 ἔξω
2572 1553 2860 1626 συνήθειαν
2887 1554 3007 1618 ταῖς
3041 1552 3316 1621 τεχνικαῖς
3346 1549 3458 1602 τῶν
3482 1550 3761 1618 ἐγκωμίων

502 1631 818 1686 artificiosis
865 1631 1125 1687 laudativi
1177 1638 1394 1705 generis
1442 1639 1663 1694 dicendi
1718 1645 2074 1713 apparatibus

501 1721 712 1776 laudari
746 1721 1021 1779 desideret
1049 1741 1198 1792 eum,
1225 1729 1318 1798 qui
1344 1740 1572 1801 propter
1596 1734 1908 1803 spiritualia
1930 1739 2074 1793 bona

499 1812 828 1868 celebratur.
862 1813 979 1870 Non
1010 1819 1155 1872 enini
1191 1820 1360 1875 simili
1397 1825 1614 1881 ratione
1637 1841 1740 1882 nos
1775 1837 1938 1899 atque
1966 1844 2073 1884 ete-

498 1906 602 1960 teri
636 1905 703 1962 de
733 1908 879 1963 bono
912 1909 1274 1980 judicamus;
1323 1931 1500 1986 neque
1537 1920 1759 1976 easdem
1792 1921 1862 1977 de
1909 1923 2075 1977 rebus

497 1997 692 2052 iisdem
727 2003 964 2069 reperiat
1014 2002 1217 2072 aliquis
1267 2006 1582 2074 opiniones,
1619 2017 1730 2064 tum
1781 2013 1924 2081 apud
1979 2028 2075 2068 eos

497 2087 592 2158 qui
641 2089 922 2144 mundano
973 2107 1126 2148 more
1175 2095 1399 2160 vivunt,
1457 2107 1568 2152 tum
1619 2101 1761 2170 apud
1809 2102 1931 2166 hos,
1981 2105 2074 2175 qui

497 2176 764 2233 mundum
800 2183 1141 2250 supergressi
1179 2192 1330 2238 sunt.
1363 2185 1477 2241 lllis
1517 2187 1662 2240 enim
1691 2202 1898 2258 magna:
1927 2206 2076 2260 quae-

497 2269 622 2323 dam
666 2269 961 2342 studioque
1007 2272 1188 2345 digna:
1239 2284 1405 2345 atque
1451 2279 1771 2348 expetendae
1809 2297 1898 2337 res
1953 2299 2077 2340 esse

496 2361 776 2434 videntur,
801 2362 1028 2432 divitiae,
1056 2383 1258 2437 genus,
1290 2371 1487 2441 gloria,
1521 2374 1782 2430 mundani
1824 2385 2078 2448 potenta-

495 2461 609 2518 tus,
641 2453 859 2520 fabulze,
883 2457 1085 2526 quibus
1122 2475 1240 2515 suae
1265 2462 1497 2533 quisque
1525 2466 1715 2534 patriae
1763 2467 2076 2524 conditores

496 2544 744 2599 celebrat
772 2564 786 2601 :
821 2548 951 2602 item
983 2547 1279 2620 fugiendae,
1316 2567 1451 2608 sana
1480 2555 1702 2625 quidem
1729 2570 1913 2614 mente
1937 2575 2078 2630 prato

497 2635 661 2700 ditis,
696 2640 1046 2696 narrationes
1075 2684 1091 2709 ,
1123 2649 1362 2713 tropaea,
1413 2647 1640 2716 proalia,
1678 2649 1945 2708 bellorum
1993 2653 2078 2708 in-

496 2729 821 2784 commoda:
850 2743 1041 2790 nostro
1062 2749 1197 2794 vero
1227 2735 1441 2806 judicio
1471 2755 1582 2795 una
1629 2741 1684 2796 in
1715 2745 1892 2813 pretio
1935 2755 1991 2801 et
2021 2747 2075 2802 in

497 2820 708 2877 honore
752 2822 929 2892 patria
962 2833 1071 2892 est,
1109 2829 1425 2896 paradisus,
1479 2833 1655 2902 prima
1699 2837 1916 2906 generis
1970 2838 2073 2894 hu—

2181 1648 2390 1715 ἐφόδοις
2419 1645 2755 1700 ἐπαινεῖσθαι
2790 1645 3020 1714 ζητείτω
3057 1643 3150 1698 τὸν
3182 1639 3579 1711 πνευματικῶς
3618 1641 3763 1691 ἐπαι-

2179 1739 2460 1809 νούμενον.
2497 1739 2572 1796 Οὐ
2604 1737 2712 1808 γὰρ
2747 1737 2856 1794 ἀπὸ
2901 1735 3013 1788 τῶν
3057 1734 3260 1805 ὁμοίων
3293 1736 3426 1805 ἡμῖν
3451 1749 3513 1785 τε
3549 1732 3648 1786 καὶ
3669 1734 3764 1794 τοῖς

2177 1833 2358 1896 ἄλλοις
2383 1833 2416 1902 ἡ
2444 1830 2540 1885 τοῦ
2574 1830 2741 1884 καλοῦ
2765 1829 2945 1900 κρίσις
2973 1828 3122 1882 ἐστίν
3138 1843 3153 1860 ο
3186 1827 3308 1880 οὐτε
3330 1826 3430 1890 τὰς
3447 1824 3627 1888 αὐτὰς
3651 1841 3765 1899 περὶ

2175 1925 2285 1978 τῶν
2314 1923 2492 1977 αὐτῶν
2525 1922 2823 1993 ὑπολήψεις
2855 1921 3006 1992 εὖροι
3032 1939 3115 1984 τις
3135 1920 3222 1986 ἃν,
3255 1923 3367 1984 τοῖς
3406 1937 3468 1974 τε
3501 1920 3650 1974 κατὰ
3686 1921 3763 1972 τὸν

2179 2019 2382 2088 κόσμον
2411 2017 2597 2083 ζῶσιν,
2631 2017 2859 2077 καὶτοῖς
2912 2014 3380 2084 ὐπερανεστηκόσι
3413 2012 3509 2066 τοῦ
3546 2011 3760 2082 κόσμου.

2179 2111 2304 2172 Τοῖς
2336 2109 2434 2180 μὲν
2460 2109 2567 2178 γὰρ
2601 2107 2748 2178 μέγα
2780 2123 2834 2159 τι
2863 2106 3014 2158 δοκεῖ
3051 2107 3145 2158 καὶ
3182 2104 3422 2174 σπουδῆς
3454 2104 3610 2169 ἄξιον
3638 2101 3761 2157 εἶναι

2177 2200 2426 2265 πλοῦτος,
2447 2201 2542 2256 καὶ
2561 2199 2737 2268 γένος,
2758 2199 2851 2252 καὶ
2863 2197 3010 2263 δόξα,
3032 2199 3126 2251 καὶ
3147 2198 3411 2268 κοσμικαὶ
3429 2195 3760 2258 δυναστεῖαι,

2177 2293 2269 2348 καὶ
2317 2289 2477 2362 μῦθοι
2508 2291 2606 2356 τὰς
2644 2291 2912 2361 πατρίδας
2950 2289 3250 2355 οἰκίζοντες
3271 2329 3286 2352 ,
3338 2292 3434 2342 καὶ
3460 2291 3531 2344 τά
3567 2289 3765 2358 φευκτά

2187 2386 2302 2447 τοῖς
2329 2400 2396 2451 γε
2424 2382 2548 2436 νοῦν
2575 2381 2761 2453 ἔχουσι
2800 2381 3136 2452 διηγήματα,
3162 2381 3419 2452 τρόπαια,
3456 2380 3554 2434 καὶ
3581 2381 3763 2453 μάχαι,

2178 2478 2271 2530 καὶ
2305 2477 2373 2530 τὰ
2410 2479 2476 2530 ὲκ
2499 2476 2752 2545 πολέμων
2778 2475 2924 2529 κακά
2944 2491 2958 2504 ·
2988 2474 3068 2545 τῷ
3091 2474 3152 2528 δὲ
3173 2473 3294 2528 καθ’
3325 2475 3475 2545 ἡμᾶς
3505 2473 3658 2544 λόγῳ

2175 2570 2462 2640 τετίμηται
2495 2569 2714 2639 πατρὶς,
2743 2569 2771 2621 6
2803 2566 3163 2637 παράδεισος,
3189 2568 3222 2636 ἡ
3248 2566 3439 2637 πρώτη
3467 2565 3566 2618 τοῦ
3585 2565 3767 2635 γένους

2177 2663 2284 2714 τῶν
2307 2659 2606 2732 ἀνθρώπων
2637 2659 2810 2714 ἑστία⁸
2843 2660 2944 2729 μία
2971 2659 3145 2723 πόλις,
3175 2660 3208 2728 ἡ
3241 2658 3590 2729 ἐπουράνιος,
3625 2660 3660 2727 ἡ
3690 2656 3767 2709 διὰ

2176 2752 2286 2804 τῶν
2312 2750 2528 2815 ζώντων
2556 2749 2719 2803 λίθων
2739 2748 3141 2820 συνῳκισμένη,
3164 2743 3234 2820 ἧς
3265 2746 3514 2818 τεχνίτης
3556 2747 3657 2800 καὶ
3686 2747 3767 2818 δηο

2181 2843 2440 2915 μιουργὸς
2461 2843 2490 2894 6
2508 2842 2639 2905 Θεός
2659 2859 2674 2872 ·
2701 2842 2799 2912 μία
2817 2843 3010 2911 γένους
3035 2841 3368 2911 σεμνότης,ἡ
3387 2838 3526 2910 πρὸς
3541 2839 3636 2893 τὸν
3647 2838 3766 2892 Θεὸν

495 2912 644 2965 mani
694 2914 874 2978 sedes,
923 2931 1032 2970 una
1081 2919 1302 2986 civitas,
1344 2921 1437 2976 illa
1483 2923 1763 2994 etelesﬁs,
1809 2944 1935 2998 qua:
1981 2946 2076 3000 per

2185 2912 2508 3005 o7xtouia°
2561 2933 2621 2987 οὐ
2667 2933 2809 2988 κατὰ
2855 2933 2916 2987 τὸ
2981 2932 3288 3003 αὐτόματόν
3335 2948 3443 2985 τινι
3490 2931 3763 3004 γινομένη,

495 3001 746 3059 viventes
774 3005 984 3076 lapides
1017 3011 1362 3066 construitur
1391 3021 1446 3068 et
1490 3025 1929 3086 eoagmentatur,
1979 3036 2076 3077 cu-

491 3093 585 3164 jus
617 3095 815 3151 artifex
847 3104 902 3152 et
935 3099 1194 3156 conditor
1224 3110 1311 3159 est
1357 3103 1503 3160 Deus
1525 3107 1543 3138 ³
1571 3124 1585 3160 :
1617 3125 1761 3164 unus
1792 3113 2072 3182 splendor.

500 3200 606 3240 una
663 3190 885 3258 generis
933 3191 1262 3261 amplitudo,
1311 3198 1702 3268 propinquitas
1740 3217 1866 3257 cum
1916 3203 2072 3260 Deo:

497 3293 619 3346 qua:
648 3294 757 3334 non
788 3297 922 3338 casu
956 3282 1188 3340 fortuito
1219 3301 1284 3340 ac
1315 3296 1520 3344 temere
1572 3293 1829 3361 cuiquam
1865 3297 2078 3352 contin-

495 3371 594 3438 git,
663 3375 1126 3441 quemadmodum
1173 3377 1460 3435 mundana
1514 3386 1733 3453 generis
1782 3387 2074 3455 claritudo,

499 3476 620 3529 qua:
654 3477 798 3533 saepe
843 3466 1007 3520 etiam
1055 3469 1122 3523 ad
1156 3469 1436 3541 improbos
1469 3482 1524 3527 et
1576 3476 1752 3533 malos
1794 3493 1891 3547 per
1937 3480 2079 3538 hanc

498 3551 782 3608 fortuitam
813 3556 1254 3617 vicissitudinem
1291 3579 1354 3618 ac
1389 3565 1586 3620 seriem
1613 3576 1816 3626 temere
1848 3586 2078 3628 manans

501 3643 766 3715 defertur,
785 3648 884 3703 sed
905 3667 1026 3720 quae
1055 3669 1164 3708 non
1195 3656 1356 3712 aliter
1387 3666 1550 3729 atque
1575 3661 1760 3716 liberte
1782 3665 2078 3726 voluntatis

499 3739 769 3797 electione
797 3746 1008 3815 acquiri
1047 3755 1245 3816 potest.
1293 3751 1561 3822 Quotquot
1601 3757 1740 3810 enim
1776 3772 2077 3827 receperunt

489 3847 641 3898 eum,
675 3835 855 3905 inquit
897 3836 1082 3892 divina
1134 3857 1260 3909 vox,
1311 3843 1461 3898 dedit
1529 3849 1605 3902 eis
1642 3859 1954 3918 potestatem
2010 3864 2070 3908 ut

499 3923 605 3988 filii
636 3924 734 3980 Dei
763 3929 948 3996 ﬁerent
973 3932 1012 3984 '.
1045 3931 1162 3998 Qua
1193 3934 1502 4003 nobilitate,
1538 3941 1667 4011 quid
1713 3943 2076 4014 splendidius,

499 4017 630 4086 quid
665 4017 971 4088 honestius,
1002 4025 1133 4094 quid
1168 4030 1458 4097 augustius
1490 4046 1611 4088 esse
1653 4037 1862 4103 possit?
1894 4036 2078 4097 Patria

498 4123 628 4163 vero
657 4111 778 4166 aliis
805 4113 1026 4182 quidem
1058 4119 1316 4174 omnibus
1342 4119 1544 4179 fabula:
1574 4133 1740 4195 atque
1771 4139 2080 4190 commenta

498 4199 917 4278 dminonumque
945 4205 1168 4264 fraudes
1197 4226 1261 4266 ac
1291 4214 1528 4270 ludibria
1561 4219 1828 4277 fabulosis
1878 4238 2078 4280 narra—

2184 3029 2326 3082 κατά
2355 3027 2451 3100 τὴν
2486 3029 2544 3081 ἐν
2589 3025 2666 3096 τῷ
2722 3025 2914 3096 κόσμῳ
2961 3024 3261 3094 εὐγένειαν,
3310 3023 3346 3094 ἢ
3389 3024 3486 3077 καὶ
3513 3023 3614 3076 ἐπὶ
3656 3023 3766 3087 τοὺς

2185 3122 2421 3191 φαύλους
2451 3119 2708 3183 πολλάκις
2733 3118 2822 3172 διά
2849 3118 2950 3189 τῆς
2978 3118 3288 3189 αὐτομάτου
3313 3117 3520 3187 ταύτης
3549 3116 3765 3170 ἀκολου-

2183 3215 2305 3280 θίας
2339 3214 2539 3286 ῥέουσα
2589 3213 2840 3283 φέρεται,
2885 3212 2999 3266 ἀλλ’
3029 3213 3096 3282 ἣν
3131 3211 3230 3265 οὐκ
3251 3210 3397 3264 ἐστιν
3419 3210 3622 3275 άλλως,
3653 3211 3688 3281 ἢ
3714 3209 3766 3262 ὲκ

2184 3308 2558 3380 προαιρέσεως
2588 3305 2912 3376 κτήσασθαι.
2949 3305 3124 3359 Ὅσοι
3165 3305 3275 3374 γὰρ
3305 3304 3528 3401 ἔλαϐον
3567 3301 3765 3401 αὐτόν,

2184 3398 2348 3468 φησὶν
2378 3398 2410 3468 ἡ
2443 3395 2564 3449 θεία
2581 3393 2772 3466 φωνὴ,
2799 3393 3022 3447 ἔδωκεν
3039 3391 3244 3458 αὐτοῖς
3265 3390 3563 3491 ἐξουσίαν
3597 3390 3767 3491 testa

2187 3487 2337 3544 Θεοῦ
2388 3485 2689 3557 γενέσθαι.
2742 3485 2853 3554 Τῆς
2900 3483 2958 3537 δὲ
2999 3481 3257 3550 τοιαύτης
3306 3479 3592 3547 εὐγενείας
3626 3479 3679 3531 τί
3712 3479 3767 3530 ἂν

2187 3580 2510 3652 σεμνότερον
2532 3579 2741 3647 γένοιτο
2760 3595 2775 3641 ;
2808 3577 3019 3648 Πάτρια
3038 3575 3094 3628 δὲ
3119 3577 3229 3638 τοῖς
3259 3573 3356 3643 μὲν
3379 3572 3566 3638 άλλοις
3587 3571 3764 3635 ἅπασι,

2189 3674 2349 3746 μῦθοι
2376 3673 2470 3728 καὶ
2507 3671 2827 3740 πλάσματα,
2850 3668 2946 3722 καὶ
2989 3667 3256 3737 δαιμόνων
3286 3666 3496 3720 ἀπάται
3548 3681 3763 3720 συνανα·

2188 3768 2521 3838 μεμιγμέναι
2540 3767 2653 3827 τοῖς
2679 3762 2927 3834 μυθικοῖς
2958 3759 3291 3830 διηγήμασιν
3311 3774 3324 3787 ο
3349 3757 3418 3810 τά
3447 3757 3507 3810 δὲ
3533 3756 3766 3828 ἡμέτερα

2185 3863 2411 3933 πάτρια.
2438 3859 2548 3913 τῶν
2575 3856 2949 3926 διηγουμένων
2966 3854 3068 3906 οὐκ
3100 3850 3392 3906 ἐπιδέεται.
3425 3850 3522 3912 Είς
3549 3849 3666 3920 γὰρ
3693 3848 3767 3900 τὸν

2183 3952 2412 4025 οὐρανόν
2439 3967 2522 4014 τις
2567 3947 2709 4011 ἰδὼν,
2741 3948 2836 4001 καὶ
2873 3947 2942 4000 τά
2973 3948 3032 3999 ἐν
3059 3942 3209 4013 αὐτῷ
3239 3942 3409 4013 κάλλη
3430 3981 3446 4004 ,
3473 3941 3576 3995 καὶ
3606 3942 3767 3995 πᾶσαν

2186 4045 2283 4116 τὴν
2306 4045 2483 4098 κτίσιν
2506 4041 2584 4113 τῷ
2613 4041 2715 4110 τῆς
2743 4039 2921 4110 ψυχῆς
2962 4035 3223 4107 ὀφθαλμῷ
3257 4036 3636 4104 κατανοήσας,
3659 4035 3767 4086 aeno

2187 4135 2376 4207 περᾶν
2434 4135 2494 4188 ὲν
2535 4133 2746 4197 τούτοις
2798 4131 3052 4202 θαύματα
3113 4128 3441 4182 καταλαόεῖν
3491 4127 3765 4197 ἐξισχύση,

2184 4229 2360 4284 ταῦτα
2387 4229 2490 4298 τῆς
2515 4227 2787 4298 ἡμετέρας
2814 4224 3068 4295 πατρίδος
3085 4223 3309 4293 εὑρήσει
3332 4220 3401 4274 τά
3428 4220 3766 4292 διηγήματασ
3825 4237 3827 4242 π

503 4293 752 4350 tionibus
812 4298 978 4352 simul
1003 4303 1300 4369 permista:
1338 4315 1532 4362 nostra
1561 4320 1742 4370 autem
1775 4316 1954 4384 patria
1981 4333 2076 4372 ex-

2189 4321 2388 4391 μᾶλλον
2418 4288 2484 4376 δέ
2501 4288 2603 4372 οὐκ
2641 4288 2812 4388 αὐτῆς
2867 4288 2969 4385 τῆς
3019 4288 3300 4385 πατρίδος,
3330 4311 3470 4366 ἀλλὰ
3496 4313 3606 4384 τῆς
3633 4315 3767 4365 ἀποιο

500 4387 840 4454 positoribus
872 4398 927 4444 et
983 4397 1364 4454 narratoribus
1403 4415 1541 4470 opus
1576 4420 1685 4459 non
1722 4406 1906 4462 habet.
1943 4408 2076 4464 Nam

500 4478 544 4532 si
572 4479 696 4546 quis
728 4480 928 4534 cwlum
975 4488 1317 4553 suspexerit,
1365 4506 1539 4562 eaque
1593 4511 1717 4565 quae
1773 4499 1909 4556 inibi
1949 4508 2079 4557 sunt

499 4582 844 4635 ornamenta,
870 4581 925 4628 et
959 4592 1176 4633 omnem
1209 4591 1520 4640 creaturam
1554 4588 1721 4644 animi
1756 4593 1916 4646 oculo
1941 4608 2077 4649 con-

500 4664 845 4734 sideraverit,
869 4684 1209 4743 quaecunque
1228 4675 1284 4730 in
1307 4675 1390 4731 his
1427 4679 1690 4734 miracula
1715 4685 2077 4753 comprehen-

498 4753 631 4810 dere
658 4761 916 4825 potuerit,
949 4761 1048 4818 has
1078 4774 1283 4821 nostra:
1332 4770 1525 4838 patriae
1541 4774 1776 4842 reperiet
1801 4778 2078 4832 narratio-

501 4860 600 4900 nes
618 4864 630 4899 :
649 4846 757 4901 imo
775 4865 904 4903 vero
921 4867 1029 4908 non
1051 4854 1224 4924 ipsius
1247 4859 1458 4926 patriae,
1476 4861 1571 4915 sed
1591 4863 1842 4930 coloniae,
1862 4881 2026 4936 quam
2047 4885 2078 4924 a

501 4937 820 4995 sublimiore
833 4941 941 4995 vita
959 4944 1146 5015 rejecti
1163 4955 1219 5002 et
1235 4949 1457 5020 relegati
1475 4954 1738 5008 mundum
1753 4966 2076 5025 praesentem

481 5031 762 5086 .nimirum
788 5038 1026 5091 assecuti
1051 5054 1262 5095 sumus.
1292 5040 1448 5107 Quod
1481 5044 1528 5099 si
1561 5047 1689 5101 talis
1719 5057 1804 5103 est
1837 5051 2076 5116 colonia,

501 5122 816 5180 existimare
853 5135 1085 5198 oportet,
1115 5132 1296 5200 qualis
1331 5134 1404 5189 sit
1427 5151 1491 5190 ea
1519 5138 1669 5203 urbs,
1699 5141 1844 5195 unde
1867 5143 2080 5198 colonia

505 5215 736 5272 deducta
771 5228 880 5283 est,
921 5238 1042 5290 qua:
1069 5223 1142 5276 sit
1174 5225 1226 5278 in
1259 5241 1322 5280 ea
1351 5229 1723 5296 pulchritudo,
1753 5250 1874 5304 quae
1908 5237 1980 5292 sit
2025 5239 2078 5294 in

504 5320 565 5358 ea
595 5309 764 5379 regia,
788 5326 910 5379 qua:
943 5311 1174 5371 beatitas
1201 5330 1395 5374 eorum
1435 5320 1637 5390 quibus
1668 5324 1757 5378 illa
1811 5326 2081 5383 habitatio

503 5401 747 5457 obvenit.
780 5403 914 5460 Nam
940 5409 986 5462 si
1022 5423 1106 5476 ea,
1141 5427 1263 5479 quae
1299 5412 1352 5467 in
1379 5415 1543 5472 rebus
1578 5421 1780 5476 creatis
1813 5435 2080 5494 apparent

503 5495 772 5552 eiusmodi
802 5507 951 5568 sunt,
999 5511 1056 5558 ut
1101 5505 1252 5558 nulla
1295 5507 1546 5564 oratione
1595 5513 1876 5582 explicari,
1932 5518 2081 5573 nulla

581 5646 791 5731 ’illebr.
827 5695 875 5731 xu
904 5720 916 5743 ,
963 5680 1041 5740 ιο.
1093 5656 1138 5714 ’ν
1169 5681 1324 5740 Joan.
1364 5703 1401 5754 ι,
1441 5687 1522 5743 l2.

2184 4416 2331 4478 κίας,
2370 4416 2436 4485 ἢν
2461 4413 2572 4467 ἀπὸ
2595 4413 2694 4481 τῆς
2718 4409 3055 4481 ὑψηλοτέρας
3087 4409 3229 4479 ζωῆς
3256 4405 3675 4508 ἀποικισθέντες
3693 4404 3766 4508 τόν

2181 4511 2427 4579 παρόντα
2445 4505 2850 4576 κατειλήφαμεν
2869 4503 3094 4572 κόσμον.
3123 4502 3184 4553 El
3205 4498 3262 4552 δὲ
3287 4501 3319 4570 ἡ
3345 4497 3582 4552 ἀποικία
3604 4497 3769 4552 tota-J-

2177 4615 2245 4668 τη
2267 4638 2279 4660 ,
2321 4595 2639 4664 λογίσασθαι
2667 4594 2773 4665 χρὴ
2798 4593 2881 4654 τίς
2909 4594 2940 4662 ἡ
2977 4591 3079 4661 τῆς
3114 4589 3372 4652 ἀποικίας
3413 4589 3764 4660 μητρόπολις,

2177 4691 2231 4743 τί
2265 4689 2325 4742 τὸ
2355 4691 2414 4741 ἐν
2433 4687 2618 4759 ἐκείνῃ
2658 4686 2873 4749 κάλλος.
2897 4679 2984 4738 οἷα
3021 4685 3079 4738 ἐν
3117 4684 3254 4753 αὐτῇ
3289 4682 3357 4734 τὰ
3389 4680 3668 4751 βασίλεια,
3697 4679 3766 4740 τίς

2187 4781 2219 4849 ή
2263 4779 2601 4850 μακαριότης
2645 4776 2754 4830 τῶν
2805 4775 3020 4846 ἐκείνην
3055 4773 3351 4844 εἰληφότων
3387 4771 3491 4843 τὴν
3537 4771 3763 4876 οἰκησινν.

2188 4875 2251 4927 Et
2274 4873 2383 4944 γὰρ
2409 4875 2480 4924 τὰ
2505 4871 2806 4941 φαινόμενα
2850 4869 2993 4922 κατὰ
3035 4867 3134 4937 τὴν
3181 4867 3357 4919 κτίσιν
3407 4864 3664 4929 τοιαῦτα,
3701 4864 3764 4922 ὡς

2189 4966 2328 5036 ὑπὲρ
2345 4966 2562 5018 ἔπαινον
2594 4959 2760 5017 εἶναι·
2783 4962 2833 5015 τί
2863 4963 2967 5033 χρὴ
2990 4961 3050 5015 τὸ
3081 4961 3220 5032 ὑπὲρ
3241 4959 3398 5012 τοῦτο
3429 4956 3760 5025 λογίσασθαι,

2188 5058 2216 5111 ὃ
2246 5059 2384 5127 μήτε
2409 5055 2670 5126 ὀφθαλμῷ
2703 5054 2886 5108 λαϐεῖν
2915 5053 3138 5106 δυνατόν
3178 5054 3312 5113 ἐστι,
3345 5051 3484 5120 μήτε
3525 5051 3762 5149 χωρῆσαι

2189 5153 2256 5220 τῇ
2285 5152 2444 5220 ἀκοῇ.
2481 5151 2615 5218 μήτε
2641 5148 2849 5217 διανοίᾳ
2882 5145 3245 5216 στοχάσασθαι
3266 5163 3282 5211 ;
3305 5144 3402 5203 Διὰ
3439 5142 3650 5212 ταύτης
3676 5142 3762 5205 τῆς

2191 5243 2565 5313 πνευματικῆς
2623 5240 2894 5311 εὐφημίας
2957 5240 3066 5292 τῶν
3108 5235 3611 5308 ἐγκωμιαζομένων
3646 5235 3762 5286 om:

2189 5335 2362 5404 κρίνει
2394 5336 2518 5398 τούς
2547 5335 2697 5388 κάτω
2718 5334 2916 5405 λήρους
2940 5335 2968 5386 6
2999 5333 3138 5396 θεῖος
3166 5331 3274 5384 τῶν
3307 5329 3601 5398 ἐγκωμίων
3623 5325 3760 5429 ἐπαι-

2189 5445 2299 5493 νος,
2344 5428 2567 5499 αἰσχρὸν
2616 5421 2977 5497 εἶναικρίνων
3035 5427 3159 5490 τοὺς
3215 5422 3322 5477 ἀπὸ
3362 5419 3472 5474 τῶν
3519 5419 3758 5520 τοιούτων

2191 5520 2567 5592 ἐγνωσμένους
2600 5519 2689 5575 διὰ
2735 5519 2840 5574 τῶν
2870 5519 3010 5573 κατὰ
3040 5519 3136 5587 τὴν
3159 5516 3258 5588 γῆν
3288 5513 3483 5586 τιμίων
3524 5513 3757 5581 σεμνύνε-
