3850 6398
110 286 216 345 897

1098 278 1187 334 DE
1216 280 1377 337 VITA
1413 281 1471 337 S.
1511 280 1837 337 GREGORH
1884 278 2405 341 THAUMATURGI.

3246 244 3381 341 898‘

114 405 264 460 σθαι.
311 399 589 472 Κοσμικδς
642 396 743 469 μὲν
770 395 878 469 γάρ
906 413 991 461 τις
1033 397 1172 469 ἀνὴρ
1202 398 1339 465 πρὸς
1373 398 1471 468 τὴν
1502 396 1690 468 ὑλικὴν

1800 398 2005 453 ratione
2036 396 2427 469 comprehendi
2471 398 2719 470 possint:
2764 398 2894 470 quid
2933 397 3003 455 dc
3039 399 3107 455 iis
3165 400 3356 456 existi-

112 493 463 566 εὐδαιμονίαν
496 489 840 551 ἀποϐλέπων,
867 487 1050 542 ἐκτῶν
1069 487 1325 542 τοιούτων
1352 491 1464 549 τοῖς
1490 486 1691 558 ἀνθρώ·

112 607 240 653 ποις
272 583 573 659 ἐρανιζέτω
624 582 716 635 τὸν
758 580 997 645 ἔπαινον,
1043 581 1093 633 εί
1126 579 1323 651 πατρίς
1343 596 1447 632 τινι
1472 580 1689 647 γέγονεν

110 680 345 753 εὔφορος
380 675 759 747 βοσκημάτων,
778 674 826 726 εἰ
847 672 1132 740 γειτνιῶσα
1156 672 1399 726 θάλασσα
1411 671 1690 736 πλεονάζει

110 774 178 828 δι’
211 773 410 843 ὲαυτῆς
433 772 545 831 τοῖς
574 763 936 836 λαιμαργοῖηι
961 764 1058 826 τὰς
1088 762 1240 825 ὔλας,
1266 764 1314 815 εί
1337 761 1499 815 λίθων
1526 761 1691 815 ὲπάλ-

111 866 267 938 ληλοι
284 865 457 925 θέσεις
477 859 575 923 τὰς
586 855 928 919 κατασκευὰς
947 854 1392 918 καλλωπίζουσιν.
1411 854 1469 906 Ὀ
1479 852 1535 906 δὲ
1556 853 1690 924 πρὸς

108 957 206 1012 τὸν
223 958 335 1011 ἀνω
370 953 485 1025 βίον
517 951 750 1022 βλέπων,
794 940 839 1015 ᾧ
881 946 1075 1009 κάλλος
1106 946 1203 1016 μέν
1236 948 1382 998 ἐστιν
1412 945 1565 1016 ήτῆς
1589 943 1691 1013 ψυ-

109 1048 221 1119 χῆς
248 1044 558 1114 καθαρότης
579 1057 594 1071 ⁸
627 1038 853 1101 πλοῦτος
880 1036 957 1101 δὲ,
995 1037 1027 1103 ἡ
1074 1035 1426 1106 ἀκτημοσύνη
1450 1053 1463 1066 ⁸
1494 1036 1690 1106 πατρὶς

110 1141 193 1207 δὲ,
224 1143 258 1212 ἡ
293 1140 461 1210 ἀρετή
485 1154 497 1167 ⁸
521 1133 673 1195 πόλις
709 1131 788 1195 δὲ,
817 1130 956 1184 αὐτὰ
1002 1128 1098 1182 τοῦ
1124 1128 1257 1181 Θεοῦ
1304 1127 1371 1182 τὰ
1404 1128 1649 1198 βασίλεια
1673 1145 1690 1161 ο

112 1233 319 1294 ῦνειδος
364 1228 462 1301 τὴν
506 1228 562 1278 ὲν
612 1225 723 1288 τοῖς
778 1222 986 1293 γηῖνοις
1038 1219 1345 1290 φιλοτιμίαν
1388 1222 1688 1291 ποιήσεται.

113 1322 333 1380 Οὐκοῦν
383 1316 714 1378 ἀποστάντες
748 1315 841 1368 καὶ
882 1314 1041 1383 ἡμεῖς
1083 1312 1191 1365 τῶν
1230 1311 1487 1365 τοιούτων
1532 1312 1691 1365 ἐπαί-

114 1435 247 1483 νων,
302 1414 423 1466 οὔτε
466 1410 566 1482 τὴν
610 1407 849 1479 πατρίδα
899 1408 1011 1468 τοῖς
1035 1404 1275 1467 ἐπαίνοις
1313 1403 1406 1457 τοῦ
1438 1404 1690 1473 Μεγάλου

114 1502 420 1581 Γρηγορίου
441 1500 845 1573 προσθήσομεν,
890 1497 1015 1551 οὒτε
1053 1496 1349 1567 προγόνους
1374 1498 1453 1560 εἰς
1482 1513 1691 1566 συμμα-

109 1597 243 1669 χίαν
261 1597 377 1651 τῶν
401 1593 689 1664 ἐγκωμίων
712 1588 1164 1663 παραληψόμεθα,
1187 1587 1383 1651 εἰδότες
1415 1589 1495 1641 ὅτι
1518 1589 1692 1652 οὐδεὶς

1790 490 2047 545 mandum
2081 501 2183 554 est,
2206 504 2327 560 quae
2350 504 2514 561 supra
2552 490 2667 545 haec
2699 500 2846 559 sunt,
2879 505 2999 562 quae
3020 506 3193 562 neque
3223 506 3357 547 ocu-

1789 582 1842 636 lo
1871 582 2261 652 comprehendi
2318 590 2568 653 possunt,
2620 596 2797 653 neque
2842 584 3067 639 auribus
3123 584 3354 655 percipi,

1790 688 1966 743 neque
2011 673 2210 728 mentis
2259 681 2315 728 et
2357 673 2727 745 intelligentia:
2772 675 3124 744 conjecturis,
3168 675 3357 746 qualia

1790 764 1922 830 sint,
1959 764 2197 832 judicari
2234 774 2286 819 et
2315 765 2619 820 existimari
2655 768 2877 836 potest?
2916 766 3016 822 Per
3058 768 3201 823 hanc
3242 770 3358 839 spi-

1788 854 2040 921 ritualem
2064 855 2301 921 laudem,
2333 856 2400 910 ah
2426 857 2495 911 iis
2522 857 2616 927 qui
2648 859 3118 926 commendantur,
3172 860 3358 916 divina

1789 946 2166 1000 laudationum
2202 948 2285 1002 lex
2327 946 2572 1005 infernas
2603 949 2702 1005 has
2746 966 2917 1020 nugas
2962 961 3122 1022 atque
3157 952 3360 1009 delira—

1792 1045 1972 1092 menta
2002 1039 2241 1092 secernit
2268 1050 2323 1093 et
2348 1040 2613 1106 excludit,
2654 1050 2813 1112 turpe
2846 1050 3009 1112 atque
3037 1045 3357 1101 indecorum

1789 1145 1915 1185 esse
1968 1129 2228 1199 judicans
2293 1147 2418 1195 eos,
2487 1133 2581 1203 qui
2630 1145 2850 1204 propter
2898 1136 3167 1205 ejusmodi
3216 1136 3360 1192 bona

1790 1222 1906 1275 noti
1945 1229 2094 1287 sunt,
2130 1238 2225 1291 per
2253 1238 2348 1278 eas
2382 1238 2468 1278 res
2528 1240 2647 1295 quae
2701 1227 2755 1279 in
2793 1235 2940 1281 terra
3002 1227 3271 1282 habentur
3300 1227 3358 1283 in

1791 1313 1985 1383 pretio,
2012 1314 2273 1369 celebrari
2301 1323 2463 1384 atque
2496 1316 2799 1372 honestari.
2848 1317 2983 1371 Nam
3040 1319 3085 1373 si
3139 1317 3358 1390 quidem

1790 1405 1991 1475 aliquis
2018 1414 2102 1460 est
2122 1406 2284 1460 homo
2309 1406 2637 1469 mundanus,
2662 1409 2753 1478 qui
2782 1410 3117 1464 materialem
3150 1416 3363 1481 spectat

1792 1495 2130 1562 felicitatem,
2173 1497 2220 1552 is
2253 1512 2319 1552 ex
2350 1497 2659 1567 huiusmodi
2688 1499 2853 1552 rebus
2884 1499 3100 1554 laudem
3124 1500 3363 1555 homini-

1792 1589 1894 1645 bus
1924 1598 2191 1659 corroget,
2233 1590 2275 1645 si
2309 1590 2396 1644 cui
2435 1590 2609 1660 patria
2643 1603 2899 1661 pecorum
2933 1590 3082 1647 ferax
3114 1592 3362 1664 contige-

110 1690 323 1763 ἀληθής
366 1689 513 1742 ἐστιν
569 1687 806 1749 ἔπαινος,
852 1685 911 1748 ὃς
940 1683 1006 1737 ἂν
1045 1682 1121 1752 μὴ
1146 1680 1255 1734 τῶν
1287 1681 1692 1751 ἐπαινουμένων

1800 1680 1887 1742 rit,
1923 1679 1969 1734 si
2007 1694 2158 1734 mare
2191 1679 2425 1735 vicinum
2463 1682 2601 1748 gula
2636 1681 2833 1737 deditis
2866 1694 2961 1752 per
2994 1696 3113 1737 sese
3146 1682 3365 1739 abunde

112 1784 251 1846 ίδιος
360 1782 519 1836 ἰδιον
539 1781 597 1834 δέ
622 1795 833 1851 φαμεν,
857 1777 888 1831 ὃ
912 1775 1153 1847 διαμένει
1182 1775 1397 1838 πάντως
1432 1775 1511 1839 είς
1534 1775 1592 1828 τὸ
1613 1775 1690 1828 δι-

1800 1787 1882 1826 res
1909 1778 2063 1841 aptas
2097 1772 2163 1826 ad
2193 1772 2525 1828 vescendum
2567 1774 2892 1843 suppeditat,
2934 1774 2981 1829 si
3021 1774 3228 1844 lapides
3268 1774 3362 1827 alii

108 1877 310 1947 ηνεκὲς
330 1873 710 1943 ἀναφαίρετον.

1800 1864 1922 1920 aliis
1960 1863 2365 1934 superimpositi
2408 1864 2637 1921 aediﬁcia
2680 1875 2965 1922 exornent.
3010 1865 3081 1920 At
3127 1866 3221 1936 qui
3266 1881 3366 1921 su-

112 1984 306 2040 peram
351 1965 584 2035 suspicit
629 1963 811 2029 vitam,
861 1960 949 2017 cui
989 1956 1336 2030 pulchritudo
1380 1966 1544 2028 atque
1588 1965 1967 2020 ornamentum
2002 1958 2168 2013 animi
2204 1957 2414 2028 puritas
2443 1967 2566 2025 est;
2618 1959 2706 2012 cui
2740 1958 2961 2024 divitia,
3002 1960 3228 2031 inopia;
3269 1959 3364 2015 cui

112 2063 315 2134 patria,
340 2060 551 2123 virtus;
578 2057 666 2110 cui
690 2054 907 2119 civitas,
933 2053 1065 2107 item
1110 2051 1230 2121 ipsa
1277 2064 1440 2121 regna
1477 2049 1592 2116 Dei,
1630 2051 1683 2106 in
1731 2052 1895 2107 rebus
1929 2050 2165 2106 terrenis
2209 2049 2666 2121 magniﬁcentiam
2701 2060 2755 2106 et
2794 2054 3215 2111 ostentationem
3256 2054 3363 2109 sibi

112 2159 325 2231 probro
352 2163 517 2225 atque
543 2152 797 2209 dedecori
825 2164 949 2207 esse
978 2149 1161 2205 ducet.
1194 2146 1558 2214 Quamobrem
1588 2149 1751 2204 etiam
1796 2163 1898 2203 nos
1935 2147 2156 2203 omissis
2187 2146 2461 2217 ejusmodi
2487 2147 2742 2203 laudibus
2774 2164 2950 2219 neque
2979 2151 3209 2220 patriam
3237 2152 3362 2206 lau-

110 2248 281 2303 dibus
314 2244 494 2315 Magni
534 2241 780 2314 Gregorii
826 2239 1173 2310 adjiciemus,
1207 2252 1385 2307 neque
1419 2238 1659 2308 majores
1705 2240 1759 2294 in
1795 2238 2104 2295 subsidium
2135 2238 2513 2293 laudationum
2543 2254 2912 2307 assumemus,
2944 2243 3179 2298 scientes
3215 2243 3366 2314 quod

112 2343 269 2398 nulla
296 2356 421 2396 vera
446 2337 518 2393 sit
548 2337 670 2393 laus
706 2349 826 2405 quae
853 2349 1064 2400 eorum,
1098 2332 1192 2403 qui
1228 2331 1540 2397 laudantur,
1586 2333 1806 2402 propria
1854 2348 1965 2387 non
1996 2332 2090 2386 sit.
2122 2329 2413 2401 Proprium
2449 2339 2632 2387 autem
2665 2332 2922 2405 dicimus,
2954 2332 3100 2405 quod
3134 2350 3367 2405 prorsus

114 2442 438 2505 perpetuum
472 2430 547 2486 ita
575 2428 880 2500 permanet,
907 2436 965 2482 ut
992 2423 1159 2480 adimi
1190 2424 1462 2480 auferrive
1489 2437 1595 2479 non
1626 2426 1820 2496 possit.

200 2525 361 2581 Ἐπεὶ⁵
390 2518 486 2578 οὖν
513 2522 732 2577 πάντων
760 2518 1139 2592 χωριζόμενοι,
1169 2515 1421 2581 πλούτου,
1456 2533 1694 2587 περιφα-

110 2618 286 2683 νείας,
315 2616 497 2688 δόξης,
518 2614 707 2684 τιμῆς,
737 2610 971 2682 τρυφῆς,
994 2609 1367 2673 ἀπολαύσεως,
1394 2607 1694 2676 συγγενῶν,

112 2711 322 2784 φίλων,
356 2707 526 2780 μόνης
556 2706 653 2776 τῆς
682 2705 825 2758 κατὰ
870 2702 1066 2758 κακίαν
1098 2702 1133 2774 ἢ
1166 2701 1368 2774 ἀρετὴν
1403 2699 1693 2764 διαθέσεως

112 2802 413 2875 ἀχώριστοι
444 2798 676 2869 μένομεν
699 2811 713 2824 ·
758 2794 921 2867 μόνον
948 2795 1204 2865 κρίνομεν
1235 2791 1572 2864 μακαριστὸν
1602 2791 1694 2845 τὸν

113 2893 395 2965 ἐνάρετον.
444 2889 555 2944 Καί
605 2904 672 2960 με
732 2885 924 2958 μηδεὶς
969 2884 1169 2939 οἰέσθω
1211 2884 1289 2957 τῷ
1338 2885 1504 2956 μηδὲν
1550 2883 1699 2956 ἔχειν

115 2984 321 3058 σεμνὸν
346 2982 474 3055 περὶ⁹
506 2982 605 3053 τῆς
638 2979 892 3049 πατρίδος
910 3016 926 3043 ,
957 2976 991 3049 ἢ
1024 2975 1133 3030 τῶν
1164 2977 1446 3049 προγόνων
1473 2975 1569 3030 τοῦ
1600 2978 1697 3031 ἀν-

112 3077 244 3150 δρὸς
276 3072 672 3147 διηγήσασθαι,
719 3072 776 3125 ὲν
821 3070 1057 3140 σχήματι
1088 3068 1183 3121 τοῦ
1215 3068 1391 3123 δοκεῖν
1437 3070 1698 3141 περιορᾷν

112 3169 230 3225 τῶν
257 3167 512 3223 τοιούτων
545 3162 940 3218 ύπεκκλέπτειν
969 3160 1032 3214 τὸ
1063 3160 1284 3225 ὄνειδος.
1334 3160 1431 3224 Τίς
1459 3160 1567 3231 γὰρ
1597 3161 1701 3213 οὐκ

1868 2516 2137 2581 Quoniam
2171 2514 2339 2586 igitur
2364 2530 2490 2570 cum
2519 2518 2702 2571 omnia
2732 2517 2892 2573 nobis
2927 2518 3253 2589 eripiantur,
3289 2522 3369 2576 di-

1797 2608 1960 2675 vitiae,
1995 2608 2290 2674 claritudo,
2332 2608 2525 2680 gloria,
2559 2610 2756 2677 honor,
2798 2611 3023 2679 deliciae,
3067 2620 3230 2683 atque
3274 2614 3366 2667 lu-

1798 2716 1919 2765 xus,
1953 2701 2203 2770 voluptas
2226 2706 2280 2755 et
2306 2700 2622 2767 oblectatio,
2671 2704 2912 2772 cognati,
2959 2705 3159 2773 amici,
3212 2707 3368 2765 solus

1799 2791 1891 2848 ille
1924 2792 2144 2847 habitus
2176 2800 2232 2847 et
2264 2792 2512 2859 aﬂ’ectus,
2535 2809 2646 2864 quo
2671 2795 2753 2850 vel
2786 2809 2912 2849 cum
2945 2797 3080 2852 vitio
3102 2799 3185 2854 vel
3236 2814 3366 2856 cum

1799 2883 2001 2939 virtute
2035 2884 2315 2953 conjuncti
2345 2899 2557 2948 sumus,
2592 2884 2664 2939 ita
2706 2885 2863 2940 nobis
2898 2885 3144 2955 inhaeret,
3183 2900 3242 2944 ut
3276 2906 3367 2947 se-

1800 2976 1979 3044 parari
2016 2983 2074 3030 et
2096 2974 2299 3029 auferri
2338 2988 2445 3028 non
2476 2976 2651 3045 possit
2679 2994 2693 3030 :
2723 2977 2899 3032 solum
2922 2977 3140 3034 beatum
3171 2980 3372 3037 haben.

1800 3067 1929 3122 dum
1961 3082 2084 3123 esse
2112 3066 2428 3136 iudicamus
2457 3083 2601 3137 eum,
2627 3069 2721 3139 qui
2746 3070 2945 3126 virtute
2975 3073 3238 3142 praeditus
3270 3076 3365 3132 sit.

1800 3159 1880 3215 Ac
1906 3174 2067 3215 nemo
2093 3166 2248 3231 putet
2276 3174 2365 3214 me
2391 3159 2531 3214 nihil
2558 3161 2799 3231 amplum
2822 3170 2986 3234 atque
3016 3166 3364 3237 magniﬁcum

112 3256 229 3317 οἶδε
274 3260 374 3332 τὴν
416 3256 729 3327 ἐπωνυμίαν
768 3254 863 3309 τοῦ
913 3254 1111 3307 πόντου
1143 3252 1242 3324 τὴν
1280 3252 1432 3324 παρὰ
1474 3253 1691 3307 πάντων

1802 3252 1870 3307 de
1905 3253 2078 3324 patria
2137 3252 2508 3323 majoribusve
2555 3253 2660 3307 viri
2698 3268 2860 3324 posse
2918 3270 3369 3324 commemorare,

115 3350 425 3424 ἀνθρώπων
456 3347 579 3402 κατ’
609 3346 884 3417 ἐξαίρετον
918 3343 1268 3398 ἀνατεθεῖσαν
1298 3342 1376 3413 τῷ
1414 3342 1555 3398 ἔθνει
1578 3383 1593 3408 ,
1632 3344 1697 3397 δι’

113 3440 189 3517 ἧς
214 3442 326 3496 τῶν
349 3440 408 3507 ἐξ
440 3438 616 3511 ἀρχῆς
645 3436 934 3507 εἰληχότων
970 3434 1061 3489 τὸν
1091 3434 1269 3506 χῶρον
1292 3438 1327 3505 ἡ
1352 3435 1524 3507 ἀρετὴ
1556 3452 1698 3508 μαρ-

114 3538 404 3609 τυρεῖται;
437 3533 614 3595 Μόνος
637 3530 746 3602 γὰρ
764 3532 824 3595 ἐξ
845 3529 1060 3599 ἀπάσης
1082 3529 1185 3600 γῆς
1213 3545 1271 3582 τε
1298 3529 1393 3582 καὶ⁴
1421 3528 1698 3600 θαλάσσης

115 3635 278 3693 οὕτος
300 3628 331 3681 ό
360 3626 552 3688 πόντος
588 3622 841 3690 Εὔξεινος
877 3621 1238 3690 ὀνομάζεται,
1278 3620 1388 3674 εἴτε
1421 3619 1521 3692 τὴν
1566 3622 1700 3693 πρὸς

116 3720 249 3783 τοὺς
278 3714 682 3785 ἐπιδημοῦντας
719 3712 828 3766 τῶν
861 3711 1030 3778 ξένων
1064 3710 1460 3783 φιλοφροσύνην
1493 3728 1703 3784 μαρτυ-

122 3811 349 3887 ροῦντος
388 3808 572 3870 αὐτοῖς
601 3805 697 3858 τοῦ
732 3803 995 3874 ὀνόματος
1015 3843 1031 3868 ,
1078 3802 1189 3856 εἴτε
1219 3801 1312 3856 καὶ
1338 3804 1422 3857 ὅτι
1462 3803 1701 3866 τοιοῦτος

118 3906 154 3960 ό
194 3902 374 3976 χῶρός
420 3900 592 3961 ἐστιν,
619 3897 694 3960 ῶς
727 3895 804 3967 μὴ
839 3895 997 3965 μόνον
1043 3898 1155 3959 τοῖς
1196 3896 1482 3966 ἐγχωρίοις
1524 3913 1581 3949 τε
1610 3898 1704 3949 καὶ

120 3996 463 4066 αὐτόχθοσιν,
513 3990 649 4046 ἀλλὰ
692 3988 786 4044 καὶ
827 3991 938 4052 τοῖς
986 3988 1361 4058 ἁπανταχόθεν
1411 3990 1490 4052 είς
1542 3988 1704 4042 αὐτὸν

128 4085 414 4157 φοιτῶσιν,
447 4081 547 4147 τὰς
573 4080 712 4153 πρὸς
735 4080 796 4132 τὸ
821 4079 918 4150 ζῇν
952 4078 1304 4149 παρασκευὰς
1332 4076 1578 4147 ἀφθόνως
1607 4096 1705 4148 χα-

127 4179 397 4252 ρίζεσθαι.
426 4173 659 4244 Τοιαύτη
695 4171 805 4241 γὰρ
836 4174 870 4241 ἡ
894 4170 1055 4240 φύσις
1088 4170 1186 4241 τῆς
1223 4169 1406 4240 χώρας
1426 4210 1440 4236 ,
1468 4168 1543 4234 ὡς
1569 4170 1705 4224 πάν-

124 4290 233 4329 των
264 4271 376 4324 τῶν
405 4269 541 4341 πρὸς
567 4269 677 4338 τὴν
695 4265 838 4337 ζωὴν
860 4266 1175 4336 ἀναγκαίων
1211 4265 1500 4337 πάμφορος
1528 4261 1665 4321 εἶναι
1684 4309 1700 4327 .

122 4364 223 4421 καὶ
243 4361 461 4436 μηδὲ[ν]
476 4363 584 4416 τῶν
604 4361 735 4433 παρ’
754 4360 959 4430 ἑτέροις
984 4358 1205 4428 ἀγαθῶν
1225 4358 1495 4431 ἀμοιρεῖν,
1511 4359 1588 4422 ῶς
1609 4360 1704 4414 καὶ

120 4459 226 4532 τῆς
265 4456 541 4527 θαλάσσης
572 4454 753 4516 αὐτοῖς
802 4452 907 4506 ῐδια
936 4451 1006 4504 τὰ
1045 4450 1380 4520 πανταχόθεν
1419 4450 1698 4521 ποιούσης.

1801 3345 1897 3401 sed
1928 3345 2033 3402 sub
2058 3344 2240 3416 specie
2267 3352 2433 3416 atque
2464 3350 2731 3416 prietextu
2761 3348 3186 3417 contemptionis
3224 3350 3375 3421 ejus-a

1800 3437 1947 3491 modi
1974 3451 2156 3492 rerum
2186 3435 2425 3492 dedecus
2446 3445 2610 3507 atque
2633 3438 3026 3508 turpitudinem
3053 3443 3209 3510 quasi
3243 3444 3368 3500 sub-

1800 3530 2003 3586 ducere
2050 3538 2213 3600 atque
2243 3530 2522 3590 sulfurari.
2568 3529 2704 3597 Quis
2749 3532 2894 3586 enim
2924 3533 3136 3604 ignorat
3167 3544 3370 3607 cogno-

1802 3642 1929 3681 men
1956 3626 2141 3692 Ponti,
2169 3626 2315 3696 quod
2345 3626 2415 3681 ab
2451 3626 2708 3681 omnibus
2755 3625 3070 3685 hominibus
3108 3637 3367 3701 tanquam

1802 3718 2140 3789 praecipuum
2164 3718 2426 3788 quiddam
2455 3732 2519 3772 ac
2552 3719 2828 3788 peculiare
2852 3721 2997 3789 genti
3050 3720 3367 3791 impositum

1802 3819 1967 3880 atque
1999 3810 2261 3865 tributum
2301 3818 2406 3876 est,
2439 3823 2535 3879 per
2555 3809 2702 3879 quod
2727 3824 2938 3876 eorum,
2970 3812 3170 3881 quibus
3215 3814 3373 3872 locus

1803 3903 1872 3957 ab
1896 3904 2051 3957 initio
2078 3902 2321 3968 obvenit,
2358 3903 2530 3956 virtus
2560 3904 2989 3960 demonstratur.
3028 3904 3189 3961 Solus
3222 3908 3371 3963 enim

1801 4008 1865 4049 ex
1921 3994 2069 4048 omni
2110 4000 2253 4048 terra
2305 3992 2554 4062 marique
2579 3992 2666 4045 hic
2713 3989 2942 4059 Pontus,
2995 3993 3255 4060 εὖξεινος,
3312 3996 3370 4052 id

1800 4094 1923 4146 est,
1981 4084 2299 4152 hospitalis,
2368 4082 2678 4151 hospitibus
2739 4092 2795 4139 et
2861 4087 3163 4157 peregrinis
3214 4102 3369 4144 com-

1802 4174 1998 4229 modus
2047 4182 2103 4228 et
2150 4174 2326 4228 bonus
2373 4172 2723 4239 nominatur,
2773 4172 2889 4228 sive
2949 4177 3262 4232 comitatem
3316 4189 3373 4235 et

1802 4264 2194 4320 humanitatem
2260 4263 2380 4332 ejus
2450 4276 2577 4333 erga
2637 4263 2874 4320 advenas
2931 4273 2985 4321 et
3050 4270 3373 4340 peregrinos

1802 4353 1934 4408 inibi
1965 4362 2246 4410 versantes
2282 4361 2579 4409 attestante
2611 4353 2879 4409 vocabulo
2910 4373 2924 4421 ;
2979 4356 3095 4412 sive
3142 4359 3369 4426 idcirco,

1802 4445 1947 4517 quod
1981 4445 2135 4501 locus
2166 4446 2435 4515 ejusmodi
2468 4452 2574 4511 est,
2611 4454 2671 4499 ut
2707 4460 2819 4500 non
2850 4446 3012 4501 modo
3076 4448 3270 4506 incolis
3313 4461 3373 4509 et

120 4548 387 4605 Τοιούτου
416 4547 473 4600 δὲ
500 4546 651 4610 ὄντος
675 4544 769 4599 τοῦ
797 4544 982 4607 ἔθνους
1020 4542 1239 4607 παντὸς,
1267 4542 1343 4606 ὡς
1366 4543 1503 4614 ὅπερ
1526 4542 1591 4597 ἄν
1618 4561 1697 4607 τις

1805 4536 2097 4605 indigenis,
2128 4552 2319 4591 verum
2343 4535 2508 4590 etiam
2541 4536 2670 4601 illis,
2697 4537 2789 4605 qui
2822 4551 2889 4590 ex
2919 4539 3175 4595 omnibus
3202 4544 3373 4611 parti-

122 4640 297 4699 αὐτοῦ
344 4640 505 4712 μέρος
544 4637 629 4707 ἐφ’
668 4634 861 4693 ἑαυτοῦ
902 4633 1310 4704 κατασκέψηται
1330 4676 1345 4700 ,
1376 4634 1484 4687 τῶν
1529 4634 1697 4688 ἄλλων

1811 4625 1913 4681 bus
1942 4641 2008 4680 eo
2038 4626 2303 4682 accedunt
2330 4634 2383 4680 et
2415 4624 2719 4690 conﬂuunt,
2761 4633 2831 4681 ad
2863 4628 3152 4684 vivendum
3185 4634 3369 4688 subsi—

122 4731 483 4807 προτερεύειν
507 4730 715 4784 οῐεσθαι
742 4747 759 4762 ο
785 4728 941 4789 οὐδὲν
972 4727 1032 4781 δὲ
1056 4721 1218 4798 ἧττον
1246 4728 1311 4795 τῇ
1344 4729 1493 4797 κοινῇ
1526 4727 1697 4797 κρίσει

1802 4719 1890 4772 dia
1954 4726 2119 4788 atque
2167 4726 2503 4774 commeatus
2556 4718 2769 4773 abunde
2838 4721 3147 4790 suppeditet
3208 4735 3370 4795 atque

122 4824 223 4879 τοῦ
255 4823 463 4889 ἔθνους,
501 4815 611 4875 οἶόν
660 4837 742 4883 τις
776 4817 987 4889 κορυφὴ
1030 4817 1210 4885 πάσης
1247 4816 1345 4885 τῆς
1378 4817 1704 4887 περιοικίδος

121 4917 236 4972 τῶν
267 4915 465 4981 ἄλλων,
493 4916 528 4985 ἡ
550 4912 646 4967 τοῦ
675 4912 911 4984 μεγάλου
933 4909 1230 4981 Γρηγορίου
1264 4908 1420 4972 πόλις
1446 4908 1610 4972 ἐστὶν,
1637 4906 1703 4978 ἦν

124 5006 383 5081 βασιλεύς
412 5023 495 5069 τις
523 5004 791 5075 ἐπίσημος
810 5002 919 5056 τῶν
948 5002 1046 5072 τὴν
1072 5000 1246 5072 ἀρχὴν
1274 5004 1386 5064 τοῖς
1412 4999 1701 5071 Ῥωμαίοις

121 5098 581 5174 κρατυνομένων,
632 5098 852 5167 Καῖσαρ
892 5094 955 5147 τὺ
990 5094 1194 5164 ὀνομα,
1231 5092 1392 5165 ἔρωτι
1425 5092 1521 5145 καὶ
1554 5090 1707 5161 πόθῳ

120 5198 229 5269 τῆς
260 5194 446 5267 χώρας
492 5193 674 5256 ἁλοὺς,
727 5192 820 5246 ἐπὶ
858 5190 937 5260 τῷ
972 5190 1086 5261 ἰδίῳ
1122 5189 1363 5258 όνόματιῗ
1393 5185 1701 5241 Νεοκαισά-

127 5305 286 5362 ρειαν
314 5284 605 5342 καλεῖσθαι,
622 5284 721 5355 τὴν
741 5284 894 5337 πόλιν
913 5282 1164 5353 ἠξίωσεν.
1196 5280 1334 5333 Ἀλλ’
1358 5279 1508 5333 οὐδὲν
1530 5277 1701 5332 ταῦτα

124 5380 268 5451 πρὸς
314 5376 405 5431 τὸν
453 5374 654 5429 σκοπὸν
700 5374 792 5429 τὸν
831 5372 1121 5444 ἡμέτερον,
1175 5368 1315 5423 ὥστε
1364 5368 1452 5423 διὰ
1496 5367 1700 5422 τούτων

124 5470 341 5525 οἴεσθαι
369 5467 692 5537 σεμνότερον
720 5463 1090 5525 ἀποδεικνύειν
1113 5461 1205 5516 τὸν
1234 5461 1406 5532 μέγαν
1436 5462 1493 5513 ἐν
1527 5459 1703 5527 ἁγίοις

125 5566 362 5626 ἐκεῖνον,
394 5561 443 5613 εί
475 5561 709 5630 καρποῖς
737 5555 911 5630 βρίθει
942 5556 976 5625 ἡ
1001 5553 1173 5625 χώρα,
1202 5554 1248 5605 εί
1275 5554 1308 5623 ἡ
1343 5552 1498 5614 πόλις
1535 5566 1703 5613 καταέ

128 5654 362 5715 σκευαῖς
409 5649 849 5705 κεκαλλώπισται
874 5686 890 5711 ,
926 5648 973 5699 εί
1006 5648 1071 5718 τῇ
1111 5644 1312 5714 γείτονι
1352 5645 1589 5715 θαλάττῃ
1632 5642 1699 5696 τά

126 5743 473 5816 πανταχόθεν
503 5743 638 5815 πρὸς
664 5742 724 5797 τὸ
750 5739 940 5797 δοκοῦν
967 5741 1087 5795 κατ’
1117 5738 1365 5806 ἐξουσίαν
1398 5738 1697 5808 εἰσάγεται.

1804 4811 2203 4866 subministret.
2238 4808 2522 4878 Ejusmodi
2546 4810 2697 4865 enim
2731 4820 2927 4866 natura
2951 4813 3230 4884 religionis
3261 4828 3365 4886 est,

1807 4910 1865 4956 ut
1902 4910 1957 4957 et
1985 4901 2231 4956 omnium
2265 4915 2471 4963 rerum,
2513 4917 2635 4971 quae
2662 4901 2729 4955 ad
2753 4902 2919 4957 vitam
2950 4908 3366 4963 sustentandam

1808 4992 2131 5051 necessarie
2166 4999 2314 5054 sunt,
2347 5006 2562 5046 summe
2597 4992 2813 5057 fertilis,
2850 5003 2904 5048 et
2952 4997 3365 5068 peregrinorum

1806 5086 2026 5156 quidem
2063 5085 2329 5139 bonorum
2371 5084 2576 5139 nullius
2604 5100 2803 5154 expers
2830 5086 2920 5150 sit,
2946 5102 3069 5141 cum
3118 5102 3268 5144 mare
3316 5094 3365 5146 ei

1807 5178 2027 5248 propria
2069 5176 2233 5230 faciat
2260 5190 2347 5240 ea,
2372 5190 2492 5245 quae
2518 5191 2586 5230 ex
2615 5178 2869 5234 omnibus
2903 5179 3214 5249 regionibus
3238 5182 3366 5237 illuc

1806 5271 2189 5341 importantur.
2223 5266 2359 5322 Cum
2402 5278 2582 5323 autem
2615 5269 2885 5336 ejusmodi
2921 5280 3035 5325 tota
3077 5272 3228 5328 natio
3261 5275 3363 5337 sit,

1807 5369 1869 5417 ut
1890 5374 2273 5432 quamcunque
2303 5360 2429 5429 quis
2460 5359 2581 5430 ejus
2630 5370 2837 5430 partem
2877 5378 2971 5432 per
3017 5376 3139 5419 sese
3195 5366 3365 5420 solam

1808 5457 2259 5522 consideraverit,
2281 5456 2492 5510 caeteris
2522 5464 2780 5525 praestare
2804 5471 2923 5510 eam
2954 5457 3368 5515 existimaturus

1807 5549 2114 5608 δίιτηὶὺὶΙο
2156 5549 2337 5609 minus
2390 5548 2670 5603 communi
2720 5548 2930 5616 judicio
2977 5550 3155 5617 gentis
3197 5552 3364 5607 veluti

1806 5651 1971 5713 caput
1998 5638 2269 5711 quoddam
2309 5636 2551 5691 omnium
2583 5638 2811 5693 aliarum
2862 5638 3213 5697 finitimarum
3251 5643 3364 5697 Ma-

1808 5735 1899 5807 gni
1939 5730 2184 5803 Gregorii
2232 5729 2427 5784 civitas
2474 5735 2578 5792 est,
2626 5744 2790 5798 quam
2848 5732 3037 5787 urbem
3070 5734 3361 5805 imperator
