3850 6436
482 265 587 322 899

1719 262 1780 321 S.
1821 262 2154 321 GREGORII
2196 264 2485 321 NYSSENI

3628 270 3731 325 9:00

483 388 704 459 quidam
755 385 989 458 insignis
1051 400 1118 442 ex
1170 385 1241 442 iis
1283 385 1376 457 qui
1438 383 1704 441 Romanis
1759 387 2047 457 imperium

2165 389 2300 443 Ἀλλ’
2340 391 2460 444 οὐδὲ
2493 390 2601 444 τῶν
2637 376 2916 463 προγόνων
2942 392 3128 458 αὐτοῦ,
3162 392 3271 447 τῶν
3299 388 3731 467 προκαθηγησα-

485 480 969 546 conﬁrmaverunt,
1002 479 1189 537 Caesar
1226 481 1472 544 nomine,
1513 497 1700 538 amore
1739 498 1804 537 ac
1836 483 2055 539 deside-

484 573 567 628 rio
596 573 701 626 loci
731 581 926 644 captus
974 588 1077 630 suo
1125 573 1347 629 nomine
1382 571 1790 629 Neoctesaream
1822 575 2055 645 insigni-

482 667 580 721 vit.
612 663 813 721 Verum
840 666 959 721 haec
987 666 1126 721 nihil
1157 668 1434 738 pertinent
1466 666 1535 720 ad
1566 674 1816 722 nostrum
1856 681 2057 738 propo-

483 760 651 814 situm
680 769 733 814 et
762 759 1099 823 institutum,
1132 769 1191 815 ut
1230 775 1327 830 per
1360 760 1475 814 haec
1500 760 1826 829 ampliorem
1872 769 1928 816 et
1955 776 2055 815 au-

482 851 784 921 gustiorem
827 850 1210 906 existimemus
1258 866 1360 907 nos
1406 850 1880 907 demonstraturos
1931 866 2056 907 esse

392 934 395 937 “
485 956 742 1011 magnum
774 942 926 997 illum
963 943 1141 997 virum
1174 944 1316 998 inter
1343 952 1585 1007 sanctos,
1620 942 1666 996 si
1699 943 1849 1014 regio
1879 942 2054 1013 frugi-

485 1032 590 1087 bus
621 1032 896 1097 abundet,
927 1034 972 1088 si
1006 1033 1139 1088 urbs
1171 1033 1431 1104 operibus
1465 1041 1521 1088 et
1560 1032 1810 1089 aediliciis
1858 1041 2053 1089 ornata

485 1124 580 1185 sit,
608 1126 655 1180 si
684 1139 782 1194 per
815 1139 969 1181 mare
998 1126 1238 1180 vicinum
1269 1125 1337 1179 ad
1362 1126 1644 1181 arbitrium
1696 1141 1784 1181 res
1814 1125 2055 1197 undique

486 1232 684 1288 magna
720 1217 879 1286 copia
916 1218 1302 1288 imponentur.
1334 1217 1403 1271 At
1430 1233 1531 1273 nec
1583 1226 1873 1288 parentum
1926 1219 2053 1289 qui-

2153 482 2328 552 μένων
2357 481 2459 552 τῆς
2491 481 2634 536 κατά
2682 482 2862 555 σάρκα
2902 484 3202 554 γενέσεως,
3237 488 3458 557 μνήμην
3506 488 3606 541 ἐπὶ
3637 488 3729 541 τοῦ

2151 562 2307 643 λόγου
2343 575 2678 647 ποιήσομαι,
2719 574 2946 629 πλοῦτον
2997 576 3093 631 καὶ
3132 577 3445 650 φιλοτιμίας
3490 580 3588 633 καὶ
3636 581 3726 643 τὰς

2151 666 2418 739 κοσμικὰς
2459 667 2817 738 περιφανείας
2862 667 3042 722 αὐτῶν
3081 669 3453 743 διηγούμενος.
3506 671 3576 724 Τί
3624 673 3726 745 γὰρ

2150 759 2323 813 ταῦτα
2356 760 2690 813 συντελέσειε
2720 758 2854 830 πρὸς
2880 759 3120 828 ἔπαινον,
3148 762 3330 831 τάφοι,
3362 763 3461 817 καὶ
3493 764 3723 835 στῆλαι,

2154 852 2246 904 καί
2278 852 2696 923 ἐπιγράμματα,
2724 852 2817 906 καὶ
2846 851 2916 904 τά
2940 852 3109 923 νεκρὰ
3133 851 3444 925 διηγήματα
3468 856 3610 926 πρὸς
3638 857 3725 908 τὸν

2151 940 2246 995 τοῦ
2293 941 2500 1012 κόσμου
2540 942 2740 1006 παντὸς
2782 942 2972 997 ἑαυτὸν
3021 944 3402 1017 ὐπεράραντα;
3448 946 3632 1011 ἄλλως
3672 948 3725 1001 δὲ

2150 1031 2270 1085 οὐτε
2301 1031 2522 1086 δυνατόν
2549 1033 2697 1087 ἐστιν
2731 1034 2813 1098 είς
2849 1036 3132 1089 κοινωνίαν
3160 1038 3257 1107 τῆς
3285 1038 3565 1113 εὐφημίας
3588 1041 3726 1094 ὲκεί-
3790 1076 3805 1087 ι

2150 1141 2273 1188 νους
2298 1123 2472 1193 ἄγειν,
2500 1118 2575 1179 ὧν
2603 1124 2702 1197 τὴν
2735 1127 3056 1195 συγγένειαν
3084 1119 3238 1191 οὐτος
3264 1129 3359 1201 τῆς
3381 1130 3526 1186 κατὰ
3550 1131 3723 1203 ψυχὴν

2150 1214 2463 1285 ἀγχιστείας
2491 1216 2796 1288 ἠρνήσατο;
2847 1218 2910 1271 Oi
2944 1218 3042 1288 μὲν
3084 1219 3191 1289 γάρ
3221 1219 3278 1271 ὲν
3304 1222 3369 1289 τῇ
3406 1221 3591 1296 πλάνῃ
3622 1223 3725 1275 τῶν

485 1307 609 1363 dem
664 1306 807 1377 ejus,
866 1308 960 1377 qui
1023 1306 1326 1362 nativitatis
1375 1306 1496 1375 ejus
1560 1307 1804 1363 carnalis
1862 1315 2050 1361 aucto-

2165 1304 2388 1360 εἰδώλων
2412 1306 2835 1380 ἐματαιώθησαν
2850 1326 2864 1340 ·
2891 1311 2919 1362 ὁ
2939 1308 3017 1375 δὲ,
3043 1309 3176 1382 πρὸς
3196 1310 3293 1381 τὴν
3318 1310 3580 1381 ἀλήθειαν
3601 1314 3726 1367 ἀνα-

487 1412 576 1452 res
607 1395 849 1459 fuerunt,
884 1397 940 1452 in
979 1398 1233 1467 praesenti
1275 1398 1526 1451 oratione
1580 1396 1776 1451 faciam
1821 1398 2053 1453 mentio-

2165 1396 2381 1467 ὅλέψας,
2417 1400 2485 1469 τῇ
2515 1399 2628 1454 ἄνω
2670 1400 2956 1472 συγγενείᾳ
2992 1400 3079 1454 διά
3115 1401 3213 1473 τῆς
3255 1401 3493 1465 πίστεως
3538 1405 3723 1458 ἑαυτὸν

488 1503 636 1553 nem,
678 1489 919 1555 divitias,
948 1488 1380 1560 magniﬁcentias
1421 1498 1477 1544 et
1530 1487 1848 1558 splendores
1896 1504 2057 1543 mun-

2165 1488 2525 1560 εἰσεποίησεν.

487 1585 661 1640 danos
684 1600 875 1640 eorum
914 1600 1215 1655 exponens.
1251 1583 1392 1651 Quid
1426 1584 1571 1639 enim
1613 1584 1728 1638 haec
1765 1582 2058 1640 conferunt
2094 1585 2160 1640 ad
2188 1585 2733 1658 laudem?sepulcra,
2758 1594 2971 1651 statuae,
2996 1587 3381 1660 inscriptiones
3432 1594 3490 1641 et
3562 1586 3724 1649 tituli,

3817 944 3819 1053 ἵ

3816 1104 3819 1181 l

3817 1238 3819 1345 l

488 1685 715 1733 mortua:
776 1686 833 1734 et
896 1678 1090 1735 inanes
1143 1679 1488 1733 narrationes
1538 1676 1605 1732 ad
1650 1693 1798 1743 eum,
1846 1680 1941 1749 qui
1997 1694 2121 1735 sese
2157 1695 2323 1752 supra
2361 1696 2577 1736 omnem
2611 1682 2877 1737 mundum
2908 1682 3180 1738 extulerat
3207 1691 3262 1738 et
3282 1690 3563 1744 evexerat,
3597 1695 3727 1751 pra:-
3816 1682 3819 1747 γ

488 1771 677 1831 δοτιίιη
714 1788 837 1827 cum
868 1787 937 1826 ne
969 1772 1086 1828 ﬁeri
1119 1772 1341 1844 quidem
1383 1772 1578 1846 possit,
1609 1780 1670 1827 ut
1708 1772 1765 1827 in
1810 1772 2128 1830 societatem
2162 1775 2339 1831 laudis
2371 1776 2448 1829 illi
2493 1785 2868 1841 assumantur,
2942 1791 3176 1846 quorum
3248 1779 3374 1843 iste,
3446 1773 3600 1846 quod
3666 1774 3725 1826 ad

488 1863 684 1919 anima:
706 1866 1166 1937 propinquitatem
1187 1865 1398 1932 attinet,
1417 1865 1800 1937 cognationem
1836 1865 2048 1936 respuit
2084 1876 2137 1922 et
2161 1876 2487 1937 aspernatur
2511 1868 2536 1923 ?
2560 1867 2694 1924 Nam
2726 1869 2805 1925 illi
2834 1868 3054 1941 quidem
3094 1884 3191 1941 per
3253 1884 3503 1926 errorem
3570 1869 3728 1924 simu-

487 1957 760 2012 lacrorum
822 1959 955 2015 vani
1010 1970 1066 2015 et
1114 1957 1283 2029 inepti
1342 1957 1585 2022 fuerunt,
1618 1958 1708 2015 hic
1750 1967 1931 2015 autem
1965 1958 2033 2015 ad
2066 1962 2348 2017 veritatem
2378 1962 2555 2019 oculis
2587 1962 2819 2020 sublatis
2861 1978 3076 2035 supera:
3109 1962 3428 2035 cognationi
3474 1976 3603 2021 sese
3640 1978 3729 2033 per

488 2050 650 2107 ﬁdem
675 2052 925 2118 inservit,
965 2060 1021 2108 et
1060 2053 1225 2124 quasi
1251 2053 1309 2110 in
1344 2053 1694 2123 adoptionem
1727 2052 1897 2108 dedit.

558 2144 746 2216 Itaque
795 2146 1070 2216 quomodo
1120 2144 1364 2216 quidem,
1418 2144 1687 2216 quibusve
1736 2144 2057 2215 parentibus
2088 2158 2131 2213 Β

490 2247 655 2293 natus
686 2237 779 2301 sit,
807 2244 901 2291 aut
926 2251 1091 2308 quam
1119 2238 1188 2292 ab
1216 2236 1374 2292 initio
1397 2238 1585 2293 urbem
1625 2236 1938 2303 incoluerit,
1997 2247 2060 2292 ut

490 2345 612 2400 qua:
641 2328 778 2383 nihil
807 2327 1014 2384 faciant
1037 2327 1105 2381 ad
1131 2328 1472 2400 propositam
1504 2328 1898 2393 narrationem,
1918 2344 2060 2399 prae-

492 2420 893 2492 termittemus;
934 2419 1149 2474 initium
1177 2428 1357 2475 autem
1394 2419 1574 2475 laudis
1598 2419 1729 2475 hinc
1760 2436 2061 2488 sumemus,

491 2512 639 2567 unde
663 2513 754 2568 ille
802 2511 971 2566 vitam
1019 2526 1143 2567 cum
1178 2512 1380 2567 virtute
1424 2511 1777 2582 coniunctam
1829 2527 2062 2569 exorsus

492 2614 597 2659 cst.
641 2604 779 2658 Cum
816 2604 961 2658 enim
986 2618 1218 2674 corpore
1255 2603 1547 2659 admodum
1560 2604 1790 2675 juvenili
1826 2606 2062 2660 naturali

491 2696 843 2767 cogitationis
874 2710 1029 2763 cura,
1056 2696 1377 2767 parentibus
1420 2696 1534 2751 vita
1564 2695 1862 2762 defunctis,
1890 2698 2064 2754 desti-

493 2798 649 2843 tutus
691 2795 871 2843 esset;
902 2787 1123 2859 quando
1185 2788 1458 2860 plerisque
1519 2796 1681 2845 atate
1745 2788 2062 2861 imperfecta

492 2898 649 2937 mens
683 2880 817 2952 quid
850 2880 923 2938 sit
958 2880 1164 2936 bonum
1207 2880 1512 2952 diiudicare
1547 2882 1726 2938 nescit
1755 2900 1769 2939 :
1811 2882 2065 2953 protinus

491 2962 571 3043 ab
594 2975 752 3029 initio
785 2972 1029 3029 ostendit
1064 2972 1244 3044 qualis
1274 2974 1330 3029 in
1375 2980 1536 3029 aetate
1563 2972 1802 3045 perfecta
1848 2972 2065 3033 futurus

490 3076 662 3124 esset.
691 3068 768 3120 Ac
794 3065 1255 3137 quemadmodum
1318 3068 1564 3138 germina
1622 3083 1911 3140 generosa,
1937 3085 2063 3127 cum

493 3175 522 3214 a
554 3161 730 3232 primo
763 3160 1101 3215 incremento
1128 3158 1184 3214 in
1210 3159 1449 3217 directos
1496 3176 1678 3218 ramos
1713 3172 2062 3226 excrescunt,

494 3268 590 3323 per
622 3260 944 3323 praesentem
986 3250 1455 3322 pulchritudinem
1506 3252 1763 3323 agricolis
1820 3254 2064 3309 futurum

493 3344 745 3409 decorem
777 3350 1199 3412 prmmonstrant
1236 3359 1252 3397 :
1286 3341 1478 3397 eodem
1527 3342 1690 3399 modo
1733 3343 1900 3399 etiam
1952 3345 2063 3408 ille,

493 3436 726 3504 quando‘
758 3434 974 3489 caeteris
1003 3442 1224 3505 propter
1274 3434 1638 3506 ignorantiam
1667 3438 1952 3494 erroribus
2009 3445 2066 3495 et

2242 2144 2379 2199 Ἀλλ’
2403 2146 2551 2209 ὅπως
2590 2144 2709 2217 μὲν,
2749 2146 2784 2218 ἢ
2827 2144 2935 2199 ἀπὸ
2967 2144 3130 2199 τίνων
3172 2146 3387 2214 ἐγένετο
3410 2188 3427 2213 ,
3456 2148 3492 2219 ἢ
3525 2150 3649 2203 τίνα
3672 2150 3727 2203 τὸ

2160 2239 2280 2292 κατ’
2310 2239 2483 2312 ἀρχὰς
2504 2238 2688 2312 ᾤκησε
2715 2239 2888 2303 πόλιν,
2919 2238 2996 2303 ώς
3024 2238 3176 2292 οὐδὲν
3207 2241 3337 2310 ἡμῖν
3367 2242 3723 2299 συντελοῦντα

2161 2329 2296 2401 πρὸς
2328 2329 2430 2400 τὴν
2470 2327 2842 2401 προκειμένην
2869 2325 3127 2399 σπουδὴν,
3155 2327 3573 2399 παραλείπομεν
3593 2347 3609 2360 ο
3634 2332 3729 2403 ἀρ-

2160 2423 2261 2495 χὴν
2305 2422 2362 2476 δὲ
2408 2421 2611 2493 ταύτην
2638 2422 2737 2494 τῆς
2764 2420 3039 2492 εὐφημίας
3066 2419 3350 2492 ληψόμεθα
3369 2460 3385 2485 ,
3423 2420 3495 2492 ἣν
3523 2423 3730 2488 ἐκεῖνος

2161 2516 2255 2569 τοῦ
2302 2516 2423 2570 κατ’
2470 2513 2673 2586 ἀρετὴν
2724 2513 2840 2583 βίου
2893 2512 3208 2582 πεποίηται.
3253 2512 3470 2585 Ἐπειδὴ
3522 2515 3635 2586 γάρ
3676 2517 3729 2568 ἐν

2162 2603 2357 2676 κομιδῇ
2390 2602 2495 2675 νέῳ
2520 2601 2597 2673 τῷ
2626 2600 2837 2672 σώματι
2862 2601 2961 2673 τῆς
2997 2603 3230 2673 φυσικῆς
3256 2600 3579 2672 κηδεμονίας
3602 2603 3730 2675 ἔρη-

2165 2716 2264 2771 μος
2295 2694 2394 2771 ἦν,
2426 2696 2537 2750 τῶν
2575 2695 2776 2765 γονέων
2818 2693 3280 2766 τετελευτηκότων
3318 2694 3411 2748 τὸν
3459 2693 3601 2765 βίον,
3646 2697 3727 2749 ὅτε

2163 2789 2358 2861 ἀτελὴς
2387 2788 2477 2857 ὐφ’
2518 2788 2734 2859 ἡλικίας
2763 2783 2898 2841 οὐσα
2937 2787 3049 2850 τοῖς
3096 2786 3309 2851 πολλοῖς
3333 2788 3367 2858 ἡ
3393 2787 3607 2842 διάνοια
3639 2789 3730 2859 τῆς

2164 2879 2257 2934 τοῦ
2300 2878 2466 2934 καλοῦ
2502 2880 2735 2951 κρίσεως
2773 2878 3108 2950 ἁμαρτάνει.
3157 2878 3357 2944 ἔδειξεν
3388 2879 3556 2944 εὐθὺς
3584 2882 3730 2952 παρὰ

2163 2977 2261 3047 τὴν
2298 2972 2554 3047 πρώτην,
2605 2966 2717 3036 οἷος
2754 2973 2813 3026 ἐν
2856 2972 2934 3043 τῷ
2977 2971 3167 3043 τελείῳ
3197 2975 3296 3046 τῆς
3330 2973 3553 3043 ἡλικίας
3584 2977 3734 3045 γενή-

2167 3085 2339 3122 σεται.
2386 3066 2497 3120 Καὶ
2538 3063 2787 3132 καθάπερ
2816 3064 2885 3118 τὰ
2912 3064 3107 3135 εὐγενῆ
3152 3063 3260 3117 τῶν
3311 3064 3730 3137 βλαστημάτων,

2165 3160 2291 3214 ὅταν
2324 3160 2388 3213 ὲκ
2433 3159 2656 3231 πρώτης
2682 3158 2962 3230 αὐξήσεως
2988 3158 3067 3221 είς
3098 3156 3404 3225 εὐθυγενεῖς
3445 3157 3731 3230 ἀναδράμῃ

2164 3255 2288 3316 τοὺς
2329 3253 2579 3325 ὄρπηκας
2603 3291 2619 3315 ,
2670 3249 3011 3321 προδείκνυσι
3053 3252 3167 3313 τοῖς
3206 3250 3465 3321 γηπόνοις
3500 3250 3593 3306 διὰ
3640 3252 3734 3321 τῆς

2167 3342 2451 3413 παρούσης
2501 3342 2649 3413 ὧρας
2692 3344 2752 3395 τὸ
2802 3342 2883 3404 είς
2916 3341 3139 3410 ὕστερον
3184 3340 3409 3405 κάλλος’
3455 3341 3552 3396 τὸν
3580 3342 3734 3397 αὐτὸν

2166 3437 2364 3508 τρόπον
2396 3437 2645 3500 κάκεῖνος
2670 3476 2684 3498 ,
2714 3435 2803 3488 ὅτε
2837 3435 2950 3497 τοῖς
2979 3432 3159 3497 ἄλλοις
3195 3433 3289 3487 ὐπ’
3322 3433 3553 3503 ἀγνοίας
3582 3452 3734 3505 περι-

493 3526 766 3582 obnoxius
796 3535 852 3581 et
883 3525 1129 3581 lubricus
1154 3534 1240 3581 est
1287 3528 1525 3593 animus,
1556 3528 1623 3583 ad
1653 3544 1745 3585 res
1794 3544 1966 3586 vanas
2014 3539 2064 3585 et

2171 3527 2379 3598 σφαλής
2400 3528 2548 3581 ἔστιν
2575 3529 2608 3599 ἡ
2634 3527 2800 3598 ψυχὴ,
2825 3526 2961 3599 πρὸς
2981 3525 3048 3579 τά
3072 3524 3279 3597 μάταιά
3300 3542 3360 3579 τε
3385 3526 3481 3580 καὶ
3507 3525 3735 3597 ἀνόνητα
3818 3552 3819 3599 γ

494 3618 723 3673 inutiles
757 3617 1054 3687 iuventute
1104 3616 1267 3674 facile
1346 3619 1667 3691 plerumque
1711 3622 2062 3691 prolabente:

494 3721 626 3765 tunc
649 3726 745 3776 per
778 3712 1010 3781 primam
1045 3710 1169 3765 vitae
1196 3710 1436 3767 instituti
1460 3714 1783 3769 electionem
1830 3715 2068 3771 ostendit

493 3802 551 3856 in
579 3818 700 3858 sese
720 3817 908 3857 verum
933 3816 1057 3858 esse
1092 3802 1223 3873 illud
1272 3803 1495 3859 verbum
1527 3803 1752 3860 Davidis
1795 3804 2063 3862 dicentis:

493 3893 681 3949 Justus
715 3903 772 3948 ut
797 3893 975 3963 palma
999 3893 1265 3963 ﬂarebit'.
1308 3894 1436 3951 Sola
1471 3897 1617 3952 enim
1658 3898 1915 3953 nimirum
1953 3900 2067 3955 haec

496 3988 659 4043 arbor
688 3987 932 4059 perfecta
964 3988 1338 4046 crassitudine
1361 3991 1669 4048 cacuminis
1699 4006 1729 4046 a
1764 4002 1910 4047 terra
1943 4007 2067 4047 sur-

494 4081 571 4150 git
594 4089 651 4136 et
677 4082 970 4144 excrescit.
1003 4098 1237 4154 cumque
1258 4084 1609 4154 proceritatis
1666 4085 2066 4141 incrementum

495 4173 891 4244 progrediatur,
923 4174 1130 4229 nullam
1153 4175 1208 4230 in
1233 4174 1576 4232 latitudinem
1604 4191 1635 4230 a
1658 4186 1902 4247 tempore
1922 4176 2068 4232 acci-

494 4262 573 4331 pit
592 4262 985 4318 accessionem.
1045 4262 1137 4318 Sic
1177 4264 1342 4319 etiam
1396 4264 1487 4321 ille
1516 4280 1547 4319 a
1595 4266 1775 4336 primo
1823 4265 2069 4337 germine

495 4354 700 4420 ﬂoruit,
722 4355 993 4411 electione
1019 4355 1144 4410 vita:
1166 4355 1404 4411 instituti
1436 4358 1687 4428 protinus
1717 4356 1993 4428 perfectus
2014 4367 2069 4413 et

495 4446 857 4501 eminentibus
910 4446 1198 4503 frondibus
1237 4462 1577 4520 consurgens
1623 4459 1679 4506 et
1711 4463 2065 4506 excrescens.

496 4536 766 4594 Omnibus
834 4538 979 4592 enim
1059 4540 1303 4607 omissis,
1377 4556 1609 4613 quarum
1655 4556 1838 4597 rerum
1884 4540 2068 4597 studio

494 4629 754 4697 juvenilis
782 4638 917 4685 tetas
950 4638 1186 4696 tenetur,
1217 4633 1574 4703 equitatione,
1611 4634 1925 4699 venatione,
1950 4634 2067 4689 cul-

498 4729 556 4775 tu
586 4722 907 4788 ammniore,
940 4721 1297 4791 indumentis,
1329 4726 1622 4794 aleatione,
1653 4726 1889 4790 deliciis,
1943 4734 2064 4781 sta—

497 4813 593 4866 tim
620 4820 767 4869 totus
803 4815 1157 4885 acquirendis
1186 4817 1870 4883 virtutibusincumbebat,
1917 4817 2067 4874 dein-

2172 3616 2684 3688 κατολισθαινούσης
2713 3615 3019 3687 προχείρως
3043 3615 3118 3678 ὡς
3140 3614 3210 3668 τά
3244 3614 3412 3669 πολλὰ
3436 3615 3539 3688 τῆς
3559 3616 3737 3687 νεότηο
3818 3664 3819 3683 η

2168 3728 2260 3775 τος
2279 3727 2293 3742 ·
2320 3709 2440 3764 τότε
2460 3709 2549 3765 διά
2579 3710 2678 3781 τῆς
2709 3709 2931 3781 πρώτης
2949 3707 3041 3763 τοῦ
3077 3707 3192 3779 βίου
3221 3708 3510 3780 αἱρέσεως,
3542 3707 3738 3775 ἔδειξεν

2170 3803 2255 3872 ἐφ’
2288 3800 2485 3857 ἑαυτοῦ
2527 3802 2619 3856 τὸν
2662 3800 2826 3855 Δαόὶδ
2865 3799 3213 3871 ἀληθεύοντα,
3257 3799 3341 3853 δτι
3389 3801 3635 3866 Δίκαιος
3665 3802 3739 3865 ὡς

2170 3894 2373 3966 φοῖνιξ
2403 3892 2744 3960 ἐξανθήσει.
2777 3893 2953 3947 Μόνον
2980 3891 3087 3964 γὰρ
3109 3891 3172 3963 δὴ
3196 3890 3351 3945 τοῦτο
3377 3891 3489 3946 τῶν
3510 3892 3741 3963 δένδρων

2170 3988 2361 4058 τελείῳ
2385 3987 2464 4056 τῷ
2496 3985 2662 4056 πάχει
2698 3986 2800 4057 τῆς
2831 3984 3076 4057 κορυφῆς
3106 3984 3214 4038 ἀπὸ
3241 3984 3340 4056 τῆς
3368 3984 3476 4055 γῆς
3503 3986 3739 4054 ἀναφύε-

2168 4094 2294 4134 ται·
2327 4079 2423 4132 καὶ
2448 4077 2550 4149 τῆς
2577 4078 2718 4132 κατά
2753 4078 2814 4131 τὸ
2850 4079 3024 4150 μῆκος
3056 4079 3396 4150 ὲπιδιδούσης
3420 4078 3703 4153 αὐξήσεως
3722 4123 3736 4149 ,

2171 4170 2427 4242 οὐδεμίαν
2470 4170 2567 4223 ἐπὶ
2606 4171 2668 4223 τὸ
2699 4169 2900 4234 πλάτος
2927 4169 3245 4243 προσθήκην
3272 4170 3383 4224 ἀπὸ
3425 4171 3521 4224 τοῦ
3551 4174 3739 4244 χρόνον

2170 4264 2402 4334 δέχεται.
2447 4263 2603 4317 Οὐτω
2662 4264 2914 4327 κάκεῖνος
2961 4262 3070 4316 ἀπὸ
3112 4263 3211 4334 τῆς
3272 4261 3494 4335 πρώτης
3540 4265 3736 4335 ῆνθησε

2174 4356 2429 4428 βλάστης,
2471 4356 2632 4420 εὐθὺς
2659 4358 2726 4427 τῇ
2758 4356 2965 4429 αἱρέσει
2994 4353 3088 4408 τοῦ
3117 4354 3232 4424 βίου
3258 4354 3461 4419 τέλειος
3487 4354 3739 4427 ἀνασχὼν

2172 4450 2267 4503 καὶ
2290 4448 2573 4519 ὐψίκομος.
2608 4448 2833 4502 Πάντων
2862 4447 2969 4519 γάρ
2996 4445 3259 4510 ἀποστάς,
3300 4446 3429 4518 περὶ
3466 4445 3503 4499 ἃ
3531 4446 3597 4500 τὸ
3628 4446 3742 4499 νέον

2171 4543 2269 4613 τῆς
2307 4541 2520 4613 ἡλικίας
2562 4538 2860 4611 ἐπτόηται,
2908 4540 3170 4609 ἱππικῆς,
3208 4536 3584 4609 κυνηγεσίων,
3619 4539 3741 4591 καλο

2170 4634 2555 4706 λωπισμάτων,
2582 4632 2910 4704 ἐνδυμάτων,
2934 4630 3177 4696 κυϐείας,
3199 4632 3429 4702 τρυφῆςο
3445 4630 3613 4694 εὐθὺς
3629 4631 3742 4693 ὅλος

2169 4728 2271 4796 τῆς
2301 4727 2408 4780 τῶν
2441 4724 2652 4798 ἀρετῶν
2679 4724 2924 4796 κτήσεως
2952 4720 3050 4796 ἦν,
3081 4723 3142 4776 τὸ
3186 4724 3497 4794 πρόσφορον
3526 4723 3622 4777 ἀεὶ
3649 4725 3741 4793 τῆς

2173 4819 2452 4889 παρούσης
2478 4817 2625 4888 αὐτῷ
2651 4816 2867 4889 ἡλικίας
2896 4816 3131 4888 καθεξῆς
3172 4814 3626 4886 προαιρούμενος.
3660 4816 3741 4869 Γί-

496 4918 627 4973 ceps
647 4904 858 4976 eligens
869 4922 933 4962 ac
956 4922 1291 4980 persequens
1302 4909 1563 4981 quidquid
1588 4910 1838 4980 praesenti
1853 4925 2064 4980 semper

2171 4930 2317 4967 νεται
2363 4912 2420 4965 δὲ
2463 4911 2612 4981 αὐτῷ
2655 4909 2846 4982 πρώτη
2879 4910 2980 4980 τῆς
3017 4909 3261 4981 κτήσεως
3298 4906 3406 4960 τῶν
3438 4906 3674 4978 ἀρετῶν,
3708 4908 3738 4975 ή

496 4998 645 5052 aetati
674 5013 788 5053 suae
807 5000 1141 5058 convcuiens
1162 5012 1215 5057 et
1238 5004 1708 5059 accommodatum
1736 5011 1906 5060 esset.
1958 5004 2064 5058 lni-

2171 5002 2300 5074 περὶ
2325 5001 2423 5073 τὴν
2454 5001 2646 5071 σοφίαν
2691 5000 2916 5071 σπουδή.
2953 4999 3134 5070 Ταύτῃ
3176 4998 3233 5052 δὲ
3265 4997 3551 5051 συνείπετο
3578 4997 3741 5051 καθά-

499 5092 636 5146 tium
665 5099 848 5147 autem
886 5093 1347 5163 acquirendarum
1386 5096 1651 5150 virtutum
1687 5111 1717 5149 a
1754 5096 1936 5151 studio
1980 5110 2064 5151 sa-

2172 5111 2277 5164 περ
2327 5111 2411 5158 τις
2456 5094 2633 5156 πῶλος
2680 5092 3078 5162 συνεζευγμένη
3117 5093 3150 5161 ἡ
3201 5089 3561 5161 σωφροσύνη·
3608 5090 3738 5159 πρὸς

501 5182 719 5253 pientis
745 5182 891 5251 fecit,
925 5193 1089 5255 atque
1118 5185 1258 5241 hanc
1287 5187 1459 5241 veluti
1481 5187 1662 5258 pullus
1690 5185 1912 5258 quidam
1938 5201 2064 5241 con-

2171 5187 2457 5258 ἀμφότερα
2487 5186 2543 5239 δὲ
2579 5185 2864 5256 σύμμαχος
2904 5180 2972 5256 ἦν
3005 5186 3041 5255 ή
3069 5183 3361 5254 ἐγκράτεια
3384 5200 3400 5213 ο
3436 5181 3497 5235 τὸ
3519 5182 3581 5235 δὲ
3617 5183 3739 5237 ἄτυ-

497 5278 726 5347 junctus
751 5293 864 5332 una
909 5279 1238 5349 sequebatur
1289 5281 1595 5336 sobrietas:
1632 5281 1850 5351 utrique
1888 5288 2064 5336 autem

2170 5293 2271 5347 φον
2300 5276 2447 5347 αὐτῷ
2477 5277 2571 5330 καὶ
2603 5274 2889 5348 ἀόργητον,
2915 5278 2980 5345 τῇ
3015 5275 3123 5328 τῶν
3147 5273 3442 5345 χρημάτων
3475 5271 3737 5345 ὑπεροψίᾳ

498 5368 831 5425 continentia
858 5371 1113 5440 praesidio
1138 5381 1296 5427 erat:
1332 5372 1499 5427 animi
1528 5388 1660 5429 vero
1704 5372 2064 5427 humilitatem

2180 5367 2647 5440 συγκατωρθώθη.
2700 5369 2777 5421 Οὐ
2829 5368 2938 5438 γάρ
2978 5367 3122 5420 ἔστιν
3165 5366 3298 5437 άλλη
3331 5364 3502 5433 τύφου
3540 5381 3602 5418 τε
3648 5364 3733 5417 καὶ

499 5469 554 5515 et
577 5460 1008 5517 moderationem
1042 5478 1149 5518 una
1181 5479 1308 5519 cum
1359 5464 1766 5535 contemptione
1815 5463 2064 5536 pecunia

2178 5462 2553 5533 ὑπερηφανίας
2584 5461 2796 5530 γένεσις
2819 5500 2834 5525 ,
2879 5460 2953 5531 μὴ
2986 5462 3087 5531 τῆς
3124 5457 3435 5523 πλεονεξίας
3476 5459 3639 5529 ἑαυτῇ
3670 5456 3731 5509 τὰ

501 5564 620 5603 rum
649 5557 937 5607 assecutus
963 5560 1070 5609 est.
1109 5551 1230 5612 Non
1255 5554 1400 5612 enim
1422 5553 1641 5613 aliunde
1668 5554 1847 5613 fastus
1873 5561 1929 5613 et
1975 5566 2064 5611 su-

2177 5552 2401 5611 τοιαῦτα
2431 5552 2577 5625 πάθη
2619 5551 3057 5623 συνεισαγούσης.
3093 5549 3361 5622 Καθάπερ
3392 5549 3451 5603 δὲ
3504 5547 3597 5603 τὺν
3638 5565 3733 5603 πα-

572 5729 593 5760 ⁸
626 5726 770 5786 Psal.
806 5742 912 5795 xei,
940 5727 1030 5786 15.
