3850 6412
128 285 222 340 90!

1081 268 1170 324 DE
1204 267 1364 324 VITA
1407 267 1465 325 S.
1508 263 1837 323 (ΞΜ-280811
1889 262 2418 321 THAUMATURCI.

3258 266 3364 324 902

128 396 391 471 τριάρῃν
426 388 680 462 ’Δϐραάμ
708 388 737 441 ό
767 385 922 455 λόγος
968 384 1223 455 κατέχει,
1256 385 1358 454 τῆς
1387 381 1694 451 Χαλδαῖκῆς

1801 378 1979 448 perhia
2003 378 2237 442 exsistit,
2270 379 2375 434 nisi
2408 378 2657 447 avaritia,
2685 394 2908 451 remque
2937 393 3092 434 suam
3122 380 3364 452 qualibet

131 485 444 558 φιλοσοφίας
468 484 526 536 ἐν
554 482 834 553 ἐπιστήμῃ
861 478 1169 548 γενόμενον,
1204 477 1299 530 καὶ
1331 475 1429 546 τήν
1462 472 1694 544 ἐναρμό-

130 581 240 635 νιόν
282 595 341 631 τε
376 575 471 631 καὶ
509 571 853 642 τεταγμένην
893 568 1001 622 τῶν
1042 568 1256 637 ἄστρων
1284 564 1694 635 κατανοήσαντα

131 672 277 727 θέσιν
332 668 427 722 καὶ
479 666 723 736 κίνησιν,
764 660 1048 731 ὑποϐάθρᾳ
1095 655 1401 728 χρήσασθαι
1448 658 1514 727 τῇ
1566 655 1695 726 περὶ

130 763 300 820 ταῦτα
322 758 520 831 γνώσει
544 755 681 827 πρὸς
700 753 797 823 τὴν
814 751 909 805 τοῦ
930 747 1324 818 ὑπερκειμένου
1344 746 1548 814 ἀγαθοῦ
1570 745 1696 799 θεω-

133 855 272 927 ρίαν,
293 847 666 918 λογισάμενον,
683 842 758 906 ὼς
771 842 898 894 εἰτά
916 839 982 908 τῆ
996 837 1242 909 αἰσθήσει
1258 837 1435 909 ληπτά
1447 836 1692 903 τοιαῦτα,

131 945 180 999 τί
206 943 274 997 ἀν
309 940 395 1011 είη
428 937 498 991 τά
541 935 682 1005 ὑπὲρ
708 928 1000 999 αἰσθησιν;
1031 928 1125 981 καὶ
1170 927 1342 990 οὕτως
1382 927 1476 980 τοῦ
1506 928 1696 998 ζητου-

134 1038 298 1109 μένου
345 1033 548 1102 τυχεῖν,
595 1023 704 1080 οίον
749 1020 1013 1075 ἐπιϐάντα
1057 1020 1159 1091 τῆς
1189 1019 1294 1084 ἔξω
1334 1020 1524 1089 σοφίας
1552 1061 1565 1084 ,
1603 1022 1697 1074 καὶ

129 1128 418 1199 γενόμενον
448 1122 516 1175 δι’
548 1115 717 1184 αὐτῆς
762 1112 1109 1184 ὑψηλότερον,
1158 1111 1300 1165 ὥστε
1340 1112 1695 1183 προσεγγίσαι

128 1220 328 1291 τρόπον
376 1212 498 1267 τινά
544 1207 608 1260 δι’
646 1204 815 1274 αὑτῆς
852 1206 965 1267 τοῖς
1006 1201 1300 1273 ἀλήπτοις·
1347 1201 1489 1255 οὕτω
1535 1203 1629 1255 καὶ
1669 1203 1698 1255 ὁ

129 1311 318 1379 Μέγας
347 1298 530 1364 οὗτος,
559 1300 627 1369 τῇ
660 1295 764 1362 ἔξω
799 1296 1088 1365 φιλοσοφίᾳ
1125 1294 1191 1347 δι’
1222 1293 1538 1365 ἐπιμελείας
1574 1294 1698 1348 καθο

127 1402 409 1474 ομιλήσις,
420 1390 486 1445 δι’
507 1383 581 1444 ὧν
595 1391 624 1442 ὁ
637 1387 990 1458 Ἑλληνισμὸς
1012 1388 1123 1449 τοῖς
1139 1384 1351 1449 πολλοῖς
1366 1384 1697 1455 βεϐαιοῦται,

127 1495 217 1550 διά
250 1488 457 1543 τούτων
493 1481 751 1553 ὼδηγήθη
795 1480 932 1552 πρὸς
976 1479 1075 1549 τὴν
1118 1477 1213 1532 τοῦ
1266 1476 1696 1550 Χριστιανισμοῦ

125 1579 474 1648 κατανόησιν,
503 1575 598 1628 καὶ
631 1569 947 1625 καταλιπὼν
981 1570 1078 1641 τὴν
1123 1569 1548 1641 πεπλανημένην
1590 1569 1699 1622 τῶν

120 1673 377 1745 πατέρων
397 1667 713 1740 θρησκείαν,
742 1664 929 1736 ἐζήτει
954 1663 1053 1736 τὴν
1087 1662 1196 1717 τῶν
1223 1663 1393 1717 ὄντων
1421 1662 1697 1733 ἀλήθειαν,

120 1767 180 1832 ἐξ
204 1762 391 1820 αὑτῶν
427 1759 535 1814 τῶν
561 1756 953 1826 πεπονημένων
980 1758 1092 1819 τοῖς
1113 1753 1314 1819 ἔξωθεν
1344 1753 1611 1823 διδαχθεὶς
1636 1755 1697 1808 τὸ
1726 1751 1770 1807 Β

120 1857 234 1910 τῶν
278 1849 603 1922 Ἑλληνικῶν
637 1848 924 1918 δογμάτων
959 1846 1286 1901 ἀσύστατον.
1334 1845 1552 1915 Ἐπειδὴ
1587 1845 1698 1917 γὰρ

122 1947 266 2003 εἶδεν
286 1945 422 2019 πρὸς
440 1941 726 2013 διαφόρους
748 1937 1043 2009 ὑπολήψεις
1063 1941 1121 1992 ἐν
1139 1940 1259 2002 ταῖς
1279 1936 1409 2009 περὶ
1430 1936 1523 1990 τοῦ
1541 1937 1698 1993 Θείου

121 2041 306 2106 δόξαις
334 2034 658 2109 σχιζομένην
686 2032 785 2104 τὴν
813 2032 1131 2104 Ἑλληνικὴν
1163 2033 1258 2085 καὶ
1297 2032 1396 2104 τὴν
1427 2030 1699 2104 βάρϐαρον

121 2132 324 2204 ὁμοίως
348 2125 682 2199 φιλοσοφίαν,
705 2124 799 2177 καὶ
821 2125 947 2187 τοὺς
979 2123 1086 2177 τῶν
1111 2122 1400 2192 δογμάτων
1428 2140 1699 2195 προεστη-

123 2225 311 2286 κότας,
337 2218 459 2273 οὔτε
482 2218 617 2290 πρὸς
640 2216 903 2286 ἀλλήλους
928 2216 1340 2287 συμϐαίνοντας,
1384 2216 1558 2271 καὶτὸ
1577 2216 1699 2270 καθ’

122 2316 319 2371 ἑαυτὸν
362 2314 590 2367 ἕκαστον
622 2309 910 2383 κρατύνειν
949 2311 1016 2380 τῇ
1065 2310 1317 2381 περινοίᾳ
1359 2309 1469 2363 τῶν
1520 2308 1697 2377 λόγων

123 2405 594 2479 φιλονεικοῦνταςθ
625 2402 851 2465 τούτους
886 2402 984 2472 μὲν
1018 2400 1209 2473 ὥσπερ
1239 2404 1299 2455 ἐν
1331 2401 1579 2474 ἐμφυλίῳ
1604 2420 1701 2456 πο-

122 2501 182 2555 λέ
190 2516 299 2571 μῳ,
324 2496 415 2549 ὑπ’
432 2493 677 2566 ἀλλήλων
699 2491 1168 2563 ἀνατρεπομένους
1187 2492 1480 2546 κατέλιπεν
1499 2509 1513 2522 ·
1542 2509 1704 2545 κατα-

123 2590 394 2663 λαμϐάνει
423 2588 481 2641 δὲ
512 2586 605 2640 τὸν
636 2584 848 2639 ἑστῶτα
874 2584 1030 2653 λόγον
1051 2584 1151 2654 τῆς
1181 2584 1418 2647 πίστεως
1437 2624 1452 2650 ,
1497 2583 1591 2638 τὸν
1612 2585 1701 2638 οὑ-

118 2682 289 2753 δεμιᾷ
320 2680 513 2750 λογικῇ
541 2696 647 2731 τινι
678 2674 971 2747 περιεργίᾳ
1018 2675 1113 2729 καὶ
1153 2678 1428 2746 τεχνικαῖς
1475 2676 1702 2741 πλοκαῖς

121 2771 550 2844 κρατυνόμενον,
573 2767 709 2823 ἀλλά
729 2767 796 2822 δι’
814 2767 1115 2839 ἁπλότητος
1142 2766 1404 2838 ῥημάτων
1424 2767 1702 2839 δμοτίμως

120 2868 265 2921 πᾶσι
298 2862 803 2933 καταγγελλόμενον
829 2878 843 2892 ·
866 2861 926 2925 δς
949 2862 1008 2914 ἐν
1033 2860 1181 2932 αὑτῷ
1207 2860 1284 2932 τῷ
1310 2861 1451 2933 ὑπὲρ
1475 2860 1574 2933 τὴν
1615 2862 1705 2915 πί-

122 2978 246 3015 στιν
281 2955 454 3020 εῖναι,
476 2956 539 3010 τὸ
560 2955 751 3010 πιστὸν
784 2954 916 3026 ἔχει.
944 2955 1008 3008 Ei
1029 2954 1138 3027 γάρ
1165 2952 1404 3009 τοιοῦτον
1426 2950 1496 3027 ἦν
1523 2956 1583 3009 τὸ
1615 2954 1705 3009 λε-

118 3053 378 3123 γόμενον,
422 3046 500 3112 ὡς
535 3048 604 3118 τῇ
632 3044 742 3100 τῶν
777 3044 1133 3117 ἀνθρωπίνων
1170 3043 1447 3115 λογισμῶν
1474 3045 1699 3117 δυνάμει
1724 3087 1771 3152 c

118 3138 669 3212 καταλαμϐάνεσθαι,
711 3136 861 3190 οὐδὲν
903 3134 971 3189 ἀν
1015 3135 1115 3207 τῆς
1156 3135 1479 3207 Ἑλληνικῆς
1509 3138 1700 3207 σοφίας

115 3236 375 3307 διήνεγκε
411 3230 694 3301 (κάκεῖνοι
720 3226 850 3299 γάρ,
878 3227 1014 3298 ὅπερ
1041 3225 1108 3281 ἂν
1140 3226 1464 3281 καταλαϐεῖν
1490 3228 1703 3301 ἐξισχύο

118 3343 318 3394 σωσιν,
352 3325 533 3379 ἐκεῖνο
562 3322 657 3376 καὶ
685 3315 824 3374 εἷναι
852 3319 1197 3388 δοξάζουσιν)
1217 3359 1232 3384 ,
1268 3319 1391 3373 ἐπεὶ
1416 3320 1475 3373 δέ
1512 3321 1704 3375 ἀνεπί-

119 3422 291 3485 ϐατός
321 3420 437 3474 ἐστι
471 3415 752 3486 λογισμοῖς
775 3412 1140 3484 ἀνθρωπίνοις
1166 3413 1265 3483 τῆς
1305 3412 1704 3484 ὑπερκειμένης

118 3514 345 3584 φύσεως
369 3513 404 3583 ἡ
432 3506 759 3579 κατάληψις,
788 3504 977 3558 τούτου
1004 3504 1165 3577 χάριν
1193 3506 1228 3575 ή
1250 3504 1443 3568 πίστις.
1458 3503 1579 3559 ἀντὶ
1597 3504 1704 3557 τῶν

126 3602 409 3674 λογισμῶν
436 3599 667 3670 γίνεται,
688 3598 801 3659 τοῖς
832 3595 970 3666 ὑπὲρ
1000 3593 1155 3662 λόγον
1185 3610 1247 3647 τε
1273 3593 1370 3648 καὶ
1400 3592 1705 3665 κατάληψιν

122 3696 332 3768 ἑαυτὴν
369 3691 777 3747 ἐπεκτείνουσα.
818 3687 918 3741 Διά
963 3685 1173 3751 ταῦτα,
1216 3687 1399 3750 καθὼς
1445 3687 1575 3759 περὶ
1608 3684 1702 3739 τοῦ

118 3788 409 3850 Μωῦσέως
432 3785 595 3856 φησὶν
631 3784 664 3855 ή
692 3781 904 3854 Γραφὴ,
935 3780 1017 3833 ὅτι
1050 3778 1342 3850 ἐπαιδεύθη
1368 3779 1516 3852 πάσῃ
1542 3779 1704 3850 σοφίᾳ

115 3880 236 3935 τῶν
267 3877 581 3947 Αἰγυπτίων
598 3890 611 3905 ·
636 3874 808 3937 οὕτως
833 3870 926 3927 καὶ
952 3872 981 3925 ὁ
1004 3869 1186 3940 Μέγας
1207 3864 1382 3935 οὗτος,
1412 3869 1501 3924 διά
1524 3870 1705 3942 πάσης

118 3971 303 4027 ἐλθὼν
328 3973 429 4041 τῆς
464 3967 573 4021 τῶν
607 3964 876 4037 Ἑλλήνων
915 3961 1270 4026 παιδεύσεως,
1314 3962 1409 4015 καὶ
1448 3961 1610 4031 γνοὺς
1633 3965 1701 4034 τῇ

119 4064 304 4135 πείρᾳ
335 4060 446 4115 τῶν
492 4058 624 4129 παρ’
676 4057 859 4117 αὑτοῖς
900 4055 1187 4125 δογμάτων
1229 4054 1292 4108 τὸ
1340 4053 1563 4119 ἀσθενὲς
1608 4056 1705 4108 καὶ

120 4153 458 4216 ἀσύστατον,
488 4147 734 4221 μαθητὴς
757 4145 851 4200 τοῦ
875 4144 1204 4213 Εὑαγγελίου
1227 4143 1549 4199 καθίσταται
1568 4162 1583 4178 ο
1610 4144 1707 4199 καὶ

120 4244 265 4317 πρὶν
298 4241 531 4314 ἀχθῆναι
569 4239 660 4294 διά
695 4238 794 4309 τῆς
848 4236 1117 4307 μυστικῆς
1159 4253 1220 4290 τε
1269 4236 1367 4290 καὶ
1409 4235 1703 4308 ἀσωμάτου

120 4336 439 4406 γεννήσεως
458 4371 477 4396 ,
531 4329 705 4394 οὕτως
749 4327 1033 4399 κατώρθου
1064 4325 1155 4379 τὸν
1204 4325 1339 4396 βίον,
1383 4325 1460 4389 ὡς
1501 4326 1706 4399 μηδένα

1794 468 2006 524 ratione
2039 469 2269 540 augendi
2299 469 2536 523 studium
2575 468 2843 539 ejusmodi
2876 470 3007 525 vitia
3038 485 3146 526 una
3175 487 3362 527 secum

1796 558 2039 614 inducat.
2065 558 2529 626 Quemadmodum
2570 570 2750 616 autem
2777 561 2917 616 fama
2949 569 3097 617 tenet
3126 563 3364 633 patriar-

1794 652 1953 707 cham
1979 651 2351 707 Abrahamum
2383 651 2691 708 Chaldaica:
2725 654 3079 725 philosophiae
3137 655 3367 710 scientia

1794 744 2103 815 praeditum,
2136 759 2262 798 cum
2310 746 2665 808 concinnum,
2727 753 2935 816 aptum,
2989 754 3192 816 ratum,
3238 761 3369 802 con-

1795 844 2056 901 stantem,
2110 844 2343 901 certum,
2392 836 2810 908 ordinatumque
2844 836 3006 892 situm
3043 852 3107 893 ac
3158 849 3366 894 motum

1796 930 2037 987 siderum
2069 931 2567 998 animadvertisset,
2598 934 2789 987 harum
2819 950 2999 988 rerum
3055 935 3369 1005 cognitione

1796 1030 2055 1091 tanquam
2087 1023 2233 1078 scala
2286 1033 2450 1094 atque
2506 1023 2838 1079 adminiculo
2871 1040 3029 1080 usum
3085 1025 3255 1082 fuisse
3299 1026 3367 1081 ad

1797 1118 1982 1186 superi
2013 1117 2141 1171 boni
2176 1117 2716 1187 contemplationem,
2751 1133 2873 1172 cum
2902 1127 3200 1189 reputaret,
3220 1119 3367 1190 quod

1798 1195 1842 1262 si
1879 1223 1944 1263 ea
1977 1223 2099 1278 quae
2149 1224 2315 1265 sensu
2370 1209 2929 1279 comprehenduntur,
2985 1211 3110 1265 talia
3160 1218 3367 1275 essent,

1797 1302 1960 1368 quale
1992 1317 2114 1358 esse
2145 1308 2329 1372 posset
2356 1302 2434 1369 id,
2474 1302 2617 1373 quod
2646 1317 2867 1360 sensum
2903 1311 3126 1373 superat
3163 1322 3176 1357 :
3209 1312 3372 1374 atque

1796 1394 1873 1448 ita
1904 1403 2217 1451 assecutum
2269 1411 2393 1452 esse
2417 1395 2495 1459 id.
2543 1396 2687 1467 quod
2745 1396 3045 1466 quaerebat,
3096 1411 3219 1450 cum
3272 1410 3369 1450 ex-

1798 1495 2009 1545 ternam
2043 1488 2364 1557 sapientiam
2390 1486 2546 1557 quasi
2574 1486 3004 1549 conscendisset,
3028 1500 3091 1539 ac
3120 1500 3217 1556 per
3247 1499 3368 1539 eam

1800 1579 2093 1637 sublimior
2116 1579 2402 1642 evasisset,
2437 1587 2495 1632 ut
2522 1579 2688 1633 rebus
2720 1578 3369 1650 incomprehensibilibus

1800 1682 1855 1727 et
1886 1683 2101 1744 captum
2134 1671 2518 1744 eﬁ'ugientibus
2552 1687 2648 1743 per
2679 1672 2825 1725 illam
2857 1670 3260 1743 quodammodo
3277 1686 3373 1741 ap-

1798 1766 2190 1836 propinquaret
2227 1784 2241 1819 :
2283 1765 2358 1820 ita
2390 1765 2555 1820 etiam
2584 1762 2813 1836 Magnus
2859 1765 2982 1828 iste,
3014 1778 3138 1817 cum
3174 1762 3229 1816 in
3273 1778 3372 1817 ex-

1798 1867 1967 1913 terna:
2021 1858 2303 1929 sapientiae
2354 1859 2537 1914 studio
2569 1858 2858 1929 diligenter
2916 1864 3171 1912 versatus
3203 1862 3368 1922 esset,

1799 1963 1894 2018 per
1925 1962 2063 2018 quas
2091 1963 2179 2003 res
2204 1947 2450 2018 plerique
2481 1963 2697 2003 errores
2723 1945 3034 2003 Graecorum
3065 1946 3376 2017 gentilium-

1799 2055 1906 2109 que
1934 2039 2218 2095 stabiliunt
2246 2047 2409 2109 atque
2458 2038 2807 2104 conﬁrmant,
2873 2039 2941 2094 iis
2989 2038 3154 2095 rebus
3213 2040 3373 2109 quasi

1799 2131 2034 2186 ducibus
2054 2140 2108 2186 et
2134 2130 2408 2187 indicibus
2439 2147 2571 2187 usus
2599 2138 2683 2187 est
2710 2130 2777 2185 ad
2798 2128 3123 2187 Christianae
3151 2130 3375 2202 religio-

1800 2222 1887 2277 nis
1913 2220 2300 2293 cognitionem,
2332 2235 2395 2275 ac
2428 2219 2614 2276 relicta
2643 2220 2781 2276 falsa
2813 2229 3094 2291 parentum
3131 2235 3195 2276 ac
3251 2235 3374 2276 ma-

1796 2310 1980 2382 jorum
2012 2311 2295 2383 religione,
2330 2326 2514 2365 rerum
2548 2311 2830 2367 veritatem
2857 2312 3239 2382 quaerebat,“
3264 2310 3374 2366 illis

1801 2399 1935 2469 ipsis
1958 2416 2081 2471 quae
2124 2401 2194 2454 ab
2241 2400 2485 2456 externis
2522 2400 2863 2471 philosophis
2906 2402 3183 2457 elaborata
3221 2410 3372 2467 sunt,

1802 2491 2049 2557 edoctus,
2088 2506 2252 2562 quam
2297 2506 2406 2545 non
2455 2490 2759 2547 censistere
2812 2492 3059 2562 possint,
3095 2478 3374 2563 quamque

1802 2597 1996 2653 parum
2049 2580 2158 2637 sibi
2211 2589 2467 2636 constent
2527 2580 2811 2637 sententiae
2866 2589 3031 2651 atque
3079 2580 3375 2651 Opiniones

1801 2671 2132 2729 Graecanica:
2183 2656 2466 2727 doctrinae.
2502 2669 2865 2743 Posteaquam
2920 2674 3067 2728 enim
3124 2672 3374 2727 animad-

1800 2765 1964 2821 vertit
1979 2762 2293 2819 Graecorum
2323 2764 2487 2820 simul
2504 2779 2568 2819 ac
2592 2764 2949 2819 barbarorum
2974 2764 3373 2835 philosophiam

1802 2859 1857 2914 in
1908 2858 1977 2915 iis
2023 2858 2334 2921 sententiis,
2383 2857 2584 2927 quibus
2633 2858 2700 2913 de
2757 2859 2984 2913 numine
3030 2858 3215 2913 divino
3242 2859 3374 2929 quid

1804 2951 2152 3008 sentiendum
2183 2952 2255 3007 sit
2280 2958 2545 3014 statuunt,
2588 2951 2641 3004 in
2668 2949 2915 3006 diversas
2950 2950 3127 3006 scindi
3157 2951 3375 3021 opinio-

1802 3058 1902 3099 nes
1927 3060 1941 3105 :
1968 3057 2271 3114 earumque
2309 3041 2700 3097 sententiarum
2733 3040 3205 3113 praesides,.neque
3232 3042 3377 3097 inter

1802 3150 1925 3192 sese
1954 3150 2258 3207 congruere
2289 3145 2453 3205 atque
2481 3133 2837 3199 concordare,
2873 3141 2926 3189 et
2965 3134 3152 3190 solerti
3181 3135 3373 3206 exqui-

1800 3228 2015 3299 sitaque
2066 3226 2359 3282 verborum
2386 3234 2439 3281 et
2471 3232 2915 3297 argumentorum
2972 3228 3376 3296 excogitatione

1800 3336 1955 3377 suam
2015 3332 2462 3389 unumquemque
2525 3314 2851 3373 sententiam
2900 3316 3150 3373 stabilire
3208 3326 3375 3388 atque

1801 3414 2127 3470 conﬁrmare
2148 3410 2369 3477 conari;
2390 3410 2492 3466 bos
2522 3409 2761 3479 quidem,
2787 3417 3045 3478 tanquam
3071 3408 3376 3468 domestico

1801 3506 1946 3562 bello
1974 3520 2033 3561 se
2070 3504 2303 3559 invicem
2337 3509 2645 3558 evertentes
2665 3510 2719 3557 et
2748 3501 3101 3558 conﬁcientes
3132 3502 3372 3574 reliquit.

1801 3596 2164 3667 Consequitur
2190 3607 2369 3650 autem
2400 3601 2455 3651 et
2481 3592 2826 3665 amplectitur
2851 3593 3243 3651 consistentem
3261 3603 3379 3650 sta-

1801 3690 2073 3761 bilemque
2103 3702 2167 3742 ac
2194 3687 2408 3742 ﬁrmum
2430 3686 2553 3742 ﬁdei
2581 3700 2909 3751 sermonem,
2933 3686 3024 3756 qui
3044 3701 3152 3740 non
3179 3685 3380 3756 exqui-

1802 3784 1906 3839 sita
1935 3782 2171 3854 quadam
2227 3789 2389 3851 atque
2420 3778 2750 3835 redundanti
2792 3778 3084 3834 verborum
3138 3781 3377 3836 curiosi-

1801 3883 1934 3938 tate,
1974 3882 2031 3929 ct
2067 3872 2382 3928 artiﬁciosis
2432 3872 2663 3927 nexibus
2696 3880 3141 3942 argumentorum
3174 3873 3377 3927 conﬁr-

1801 3974 2006 4031 matur,
2033 3964 2130 4021 sed
2154 3979 2252 4035 per
2276 3963 2683 4033 simplicitatem
2705 3962 2994 4017 verborum
3024 3950 3281 4018 clunibus
3305 3979 3374 4019 ex

1801 4072 1962 4128 aequo
1999 4056 2354 4110 annuntiatur
2382 4073 2397 4109 :
2428 4053 2521 4125 qui
2574 4052 2629 4109 in
2678 4053 2783 4107 hoc
2836 4052 2980 4122 ipso,
3016 4054 3162 4124 quod
3207 4070 3374 4125 supra

1804 4148 1962 4204 ﬁdem
1985 4157 2091 4213 est,
2122 4146 2230 4201 vim
2263 4145 2385 4201 ﬁdei
2420 4144 2686 4200 faciendae
2717 4144 2881 4199 habet
2911 4162 2926 4211 ;
2960 4159 3084 4199 nam
3117 4144 3164 4200 si
3194 4144 3272 4208 id,
3306 4144 3375 4202 de

1804 4258 1915 4315 quo
1949 4256 2132 4299 sermo
2157 4240 2408 4303 habetur,
2426 4237 2693 4309 ejusmodi
2730 4246 2895 4303 esset,
2920 4245 2979 4292 ut
3010 4238 3373 4295 humanarum

1805 4336 1858 4391 vi
1897 4334 2170 4389 rationum
2191 4340 2244 4387 et
2279 4331 2801 4403 argumentationum
2836 4331 3223 4402 comprehendi
3246 4348 3377 4402 pos-

120 4426 308 4500 ῥύπον
333 4424 431 4495 τῆς
461 4421 735 4493 ἁμαρτίας
775 4419 870 4473 ἐπὶ
898 4418 959 4472 τδ
999 4417 1223 4490 λουτρὸν
1266 4417 1702 4487 εἰσενέγκασθαι.

1808 4436 1912 4495 set,
1939 4426 2079 4483 nihil
2124 4441 2155 4481 a
2200 4423 2514 4480 Graecanica
2544 4424 2809 4494 sapientia
2858 4424 3100 4481 dilhrret
3135 4424 3283 4496 (nam
3317 4434 3376 4481 et

118 4516 318 4588 Οὔσης
347 4516 404 4570 δὲ
439 4513 588 4585 αὑτῷ
620 4513 721 4584 τῆς
744 4510 1018 4581 διαγωγῆς
1050 4511 1108 4563 ἐν
1138 4508 1399 4582 Αἰγύπτῳ
1431 4511 1575 4565 κατά
1608 4510 1709 4583 τὴν

123 4612 382 4686 μεγάλην
409 4607 505 4663 τοῦ
545 4606 895 4678 Ἀλεξάνδρου
920 4604 1095 4670 πόλιν,
1120 4605 1202 4669 εἰς
1228 4605 1295 4676 ἢν
1322 4604 1416 4658 καὶ
1446 4607 1480 4676 ὴ
1504 4622 1710 4659 παντα-

120 4704 295 4778 χόθεν
334 4701 579 4773 συνέρρει
615 4698 807 4768 νεότης
846 4697 956 4751 τῶν
994 4695 1125 4769 περὶ
1165 4696 1484 4767 φιλοσοφίαν
1511 4714 1573 4751 τε
1613 4697 1710 4752 καὶ

123 4794 388 4867 ἰατρικὴν
436 4791 847 4846 ἐσπουδακότων
870 4807 885 4821 ·
946 4789 1184 4861 χαλεπὸν
1224 4784 1295 4862 ῆν
1337 4791 1450 4854 τοῖς
1492 4789 1710 4863 όμήλιξι

120 4892 350 4961 θέαμα,
397 4888 516 4950 νέος
558 4884 700 4955 ὑπὲρ
742 4882 842 4955 τὴν
885 4882 1101 4954 ἡλικίαν
1136 4884 1205 4954 τῇ
1249 4880 1575 4955 σωφροσύνῃ
1616 4900 1709 4937 κο-

121 4980 468 5054 σμούμενος.
507 4977 567 5030 ὐ
598 4976 708 5047 γὰρ
750 4975 845 5029 τοῦ
876 4973 1271 5044 καθαρεύοντος
1312 4973 1533 5039 ἔπαινος
1554 5015 1570 5039 ,
1597 4974 1710 5029 τῶν

125 5071 519 5147 μολυνομένων
566 5068 769 5131 ϐνειδος
799 5062 888 5137 ἦν.
946 5066 1033 5129 Ὠς
1069 5065 1135 5120 ἂν
1184 5060 1278 5120 οὖν
1325 5065 1590 5135 ἀπολογία
1622 5082 1710 5129 τις

120 5166 222 5236 εἴη
245 5165 361 5226 τοῖς
389 5160 727 5224 ἀκολάστοις,
753 5157 816 5211 τὸ
839 5157 914 5229 μὴ
946 5158 1138 5229 μόνους
1157 5157 1352 5221 αὑτοὺς
1374 5152 1511 5211 εἶναι
1532 5157 1709 5211 δοκεῖν

118 5256 433 5320 τοιούτους,
463 5253 677 5307 ἐπίνοιά
700 5269 786 5317 τις
824 5249 885 5316 ἐξ
923 5250 1213 5323 ἐπιϐουλῆς
1246 5250 1377 5322 παρ’
1406 5250 1583 5306 αὑτῶν
1608 5251 1708 5304 ἐπ·-

119 5348 462 5420 εσκευάσθη,
484 5344 579 5400 τοῦ
599 5345 787 5417 μῶμόν
812 5362 932 5399 τινα
953 5342 1031 5416 τῷ
1053 5342 1153 5415 βίῳ
1169 5343 1264 5398 τοῦ
1283 5343 1533 5413 Μεγάλου
1547 5360 1715 5415 προσ-

118 5437 453 5512 τρίψασθαι.
493 5436 601 5489 Καὶ
633 5433 990 5507 προϐάλλεται
1023 5434 1154 5505 παρ’
1181 5433 1384 5497 αὐτῶν,
1416 5434 1498 5497 εἰς
1532 5433 1713 5487 διαϐο-

119 5533 234 5604 λὴν
279 5528 490 5585 ἐκείνου
514 5566 532 5593 ,
582 5525 804 5598 γύναιον
845 5524 1119 5599 ἑταιρικὸν
1140 5564 1157 5594 ,
1196 5523 1258 5591 ἐξ
1295 5525 1590 5598 οἰκήματος
1619 5526 1709 5581 ἐπ’

241 5712 260 5742 δ
286 5712 411 5764 Act.
442 5722 536 5773 vn,
557 5704 649 5762 22.

1809 4521 1887 4578 illi
1942 4519 2309 4592 quodcunque
2363 4515 2826 4587 comprehendere
2879 4515 3181 4583 valuerint,
3237 4516 3372 4574 illud

1808 4614 1973 4670 etiam
2022 4624 2145 4668 esse
2177 4607 2453 4675 censent),
2503 4606 2599 4663 sed
2630 4608 2888 4678 quoniam
2930 4623 3051 4663 eam
3092 4616 3372 4675 naturam,

1806 4720 1926 4777 qua!
1958 4704 2012 4759 in
2052 4701 2266 4774 superis
2319 4699 2543 4756 sedibus
2572 4700 2735 4754 rebus
2785 4698 3041 4770 pmsidet
3076 4700 3371 4766 universis,

1806 4797 2168 4869 cogitationes
2220 4800 2274 4849 et
2312 4793 2549 4846 rationes
2594 4791 2846 4847 humana:
2874 4792 3093 4861 assequi
3135 4799 3190 4847 et
3222 4806 3374 4846 corn-

1809 4887 2152 4963 prehendere
2191 4901 2301 4941 nou
2350 4891 2612 4955 possunt;
2644 4883 2852 4939 idcirco
2896 4882 3035 4939 ﬁdes
3078 4883 3133 4938 in
3189 4884 3371 4938 locum

1806 4981 2081 5036 rationum
2132 4976 2411 5040 succedit,
2443 4976 2509 5031 ad
2539 4991 2625 5041 ea,
2646 4992 2767 5047 qua:
2797 4984 3057 5047 superant
3103 4976 3369 5031 rationem

1805 5080 1861 5127 et
1889 5069 2430 5140 comprehensionem
2457 5107 2472 5132 ,
2499 5070 2734 5125 enitens.
2778 5068 3067 5140 Propterea
3112 5070 3375 5140 quemad-

1806 5160 2029 5216 modum
2060 5160 2129 5215 de
2177 5159 2360 5231 Moyse
2386 5159 2518 5215 dicit
2562 5159 2846 5230 Scriptura
2874 5160 2915 5226 ⁸,
2944 5160 3089 5230 quod
3122 5159 3371 5216 eruditus

1810 5260 1959 5307 esset
2009 5250 2159 5305 omni
2202 5249 2469 5321 sapientia
2499 5249 2876 5322 Egyptiorum
2904 5270 2919 5305 :
2954 5252 3028 5305 ita
3056 5251 3220 5305 etiam
3254 5267 3366 5305 ma-

1811 5360 1952 5417 gnus
1981 5345 2084 5400 iste
2111 5343 2215 5408 vir,
2250 5358 2373 5399 cum
2421 5359 2635 5400 omnem
2666 5343 2977 5400 Graecorum
3009 5345 3370 5402 eruditionem

1809 5449 1875 5491 ac
1894 5434 2238 5506 disciplinam
2268 5443 2643 5506 perscrutatus
2667 5444 2832 5501 esset,
2853 5435 3102 5507 factoque
3125 5438 3371 5508 periculo

1809 5525 2114 5595 didicisset,
2144 5540 2307 5598 quam
2342 5526 2571 5584 inﬁrma:
2621 5543 2809 5584 eorum
2860 5528 3149 5600 opiniones
3207 5537 3374 5602 atque
