3850 6392
490 207 606 264 3οό

1718 206 1778 262 S.
1820 205 2153 264 GREGORII
2196 207 2487 266 NYSSENI

3655 225 3750 280 θοι

495 320 782 380 sententia:
807 322 940 388 sint,
974 337 1252 395 quamque
1281 337 1474 393 parum
1509 321 1612 378 sibi
1662 328 1938 391 Constent,
1983 326 2067 380 di-

2170 327 2366 398 ἀτιμίᾳ
2400 332 2870 403 κατεγνωσμένον.
2895 333 2999 388 Τοῦ
3025 334 3104 399 εξ,
3123 337 3268 392 κατά
3283 340 3346 394 τὸ
3368 341 3627 412 σύνηθες,
3649 351 3749 410 rei;

496 416 744 487 scipulus
769 415 1045 486 Evangelii
1071 418 1130 472 lit
1165 436 1179 472 :
1217 433 1282 472 ac
1313 417 1633 489 priusquam
1659 431 1755 487 per
1780 420 2069 490 mysticam

495 514 551 564 et
588 509 965 579 incorpoream
1023 509 1365 563 nativitatem
1424 508 1713 564 institutus
1732 519 1900 572 esset,
1935 511 2072 567 adeo

493 610 642 656 recte
677 608 843 671 atque
881 601 1146 672 praeclare
1201 616 1330 657 sese
1365 601 1420 655 in
1453 601 1563 655 vita
1598 601 1839 672 gerebat,
1876 613 1934 658 ut
1956 602 2074 656 nul-

494 690 575 747 las
596 693 804 760 peccati
833 691 1026 749 sordes
1057 689 1126 747 ad
1160 692 1438 747 lavacrum
1459 692 1696 747 allerret.
1724 693 1858 747 Cum
1885 703 2068 748 autem

493 783 712 853 degeret
750 785 807 839 in
848 783 1085 856 Egypto
1120 784 1176 838 in
1225 798 1421 855 magna
1456 783 1750 858 Alexandri
1807 786 1979 849 urbe,
2014 786 2071 840 in

492 888 653 940 quam
679 890 744 930 ex
770 875 1024 930 omnibus
1040 874 1288 945 partibus
1320 874 1678 944 philosophiae
1715 885 1768 930 et
1792 875 2072 931 medicinae

488 966 738 1022 studiosa
773 966 1036 1036 juventus
1067 965 1375 1020 conﬂuebat
1406 983 1420 1020 :
1456 967 1742 1019 molestum
1785 977 2071 1036 spectacu-

490 1057 602 1114 lum
667 1059 972 1130 aequalibus
1003 1068 1120 1114 erat
1151 1058 1474 1113 adolescens
1530 1073 1694 1127 super
1739 1067 1952 1114 aetatem
1989 1074 2072 1114 so-

491 1147 721 1204 brietate
768 1149 1239 1220 temperantiaque
1280 1157 1532 1202 ornatus.
1581 1147 1715 1218 Ejus
1767 1150 1912 1204 enim
1945 1149 2070 1204 vitae

489 1241 744 1310 puritatis
783 1247 837 1292 et
877 1237 1210 1307 integritatis
1259 1237 1377 1292 laus
1433 1237 1769 1306 impurorum
1806 1239 2068 1308 probrum

490 1348 555 1387 ac
588 1332 825 1387 dedecus
881 1341 1018 1386 erat.
1054 1331 1125 1386 Ut
1184 1330 1350 1402 igitur
1383 1327 1618 1400 aliquam
1659 1335 2068 1386 excusationem

491 1425 919 1496 intemperantes
951 1439 1014 1477 ac
1060 1422 1335 1478 libidinosi
1386 1423 1651 1479 haberent
1700 1425 1746 1478 si
1801 1425 1902 1493 ipsi
1957 1440 2068 1479 non

489 1519 589 1574 soli
621 1519 756 1573 tales
785 1532 904 1572 esse
933 1517 1189 1570 videntur
1228 1534 1242 1570 :
1276 1515 1505 1572 insidias
1547 1516 2067 1582 comminiscuntur,

489 1619 544 1664 et
575 1608 782 1662 vafrum
816 1608 1088 1679 quoddam
1145 1608 1437 1662 consilium
1495 1610 1830 1678 excogitant.
1860 1620 1919 1662 ut
1969 1609 2068 1662 ali-

2174 419 2366 488 λογάσι
2398 422 2506 476 τῶν
2531 425 2740 497 ἀνδρῶν
2779 428 2837 479 ὲν
2869 429 3050 498 σεμνῷ
3074 430 3153 501 τῷ
3181 435 3423 505 σχήματι
3451 437 3583 507 περί
3614 455 3748 503 τινος

2172 507 2282 560 τῶν
2312 510 2453 562 κατά
2489 512 2806 584 φιλοσοφίαν
2831 517 3293 590 διασκοπουμένου
3322 525 3419 578 καὶ
3451 543 3747 583 συνασκουο
3817 513 3822 594 Ι

2176 599 2362 670 μένου,
2393 602 2643 672 πρόσεισι
2663 607 2725 660 τὸ
2749 607 2971 675 γύναιον
3009 610 3368 683 ἀκκιζὸμενόν
3409 634 3472 670 τε
3502 620 3601 672 καὶ
3625 619 3743 690 θρυ-

2173 692 2441 763 πτόμενον
2457 733 2472 756 ,
2498 696 2590 748 καὶ
2611 695 2700 749 διὰ
2728 699 2946 754 πάντων
2967 703 3028 756 τὸ
3053 698 3190 758 εἶναι
3213 707 3346 778 πρὸς
3373 710 3544 762 αὐτὸν
3567 713 3624 764 ὲν
3643 729 3746 764 aov-

2173 782 2352 855 ηθείᾳ,
2367 785 2435 838 δι’
2452 781 2526 839 ὧν
2545 787 2842 856 ὲφθέγγετό
2857 806 2918 842 τε
2938 793 3030 844 καὶ
3044 796 3241 863 ἐποίει,
3258 802 3741 874 σχηματιζόμενον·

2172 875 2290 932 εἶτα
2311 877 2465 946 ἔλεγε
2485 879 2590 933 τῶν
2611 880 2978 951 μισθωμάτων
2991 883 3428 961 ἀποστερεῖσθαι,
3449 898 3743 966 προστιθεῖσι

2173 982 2243 1060 σα
2261 967 2353 1020 καὶ
2489 969 2742 1039 ἀφορμὰς
2755 971 2846 1023 ὑπ’
2865 973 2964 1026 ἀνα
2975 972 3160 1038 ιδείας,
3185 980 3322 1051 ὑπὲρ
3340 974 3417 1036 ὧν
3441 987 3635 1055 ᾐτιᾶτο
3655 988 3742 1060 τὴν

2170 1059 2279 1113 τῶν
2302 1059 2509 1130 μισθῶν
2528 1062 2915 1134 ἀποστέρησιν.
2941 1065 3061 1119 Τῶν
3086 1067 3143 1120 δὲ
3170 1077 3591 1140 συνεγνωκότων
3607 1082 3742 1140 αὐτῷ
3803 1083 3814 1093 ’

2169 1151 2260 1204 τὸν
2291 1151 2528 1223 καθαρὸν
2559 1151 2701 1223 βίον,
2736 1156 3190 1222 ἀγανακτούντων
3219 1175 3279 1210 τε
3305 1137 3401 1218 καὶ
3430 1169 3572 1240 ὀργῇ
3613 1137 3741 1227 κατά

2171 1242 2264 1296 τοῦ
2306 1245 2526 1312 γυναίου
2561 1248 3018 1319 συγκινουμένων,
3061 1249 3185 1303 οὔτε
3231 1261 3611 1334 συνεταράχθη
3639 1269 3742 1329 τοῖς

2172 1337 2310 1408 ὑπὲρ
2349 1337 2515 1390 αὐτοῦ
2556 1339 3005 1409 χαλεπαίνουσιν,
3052 1342 3178 1399 οὔτε
3221 1361 3276 1400 τι
3319 1349 3562 1408 τοιοῦτον
3596 1352 3739 1410 εἶπεν

2173 1429 2700 1522 συκοφαντούμενος,
2722 1426 2835 1486 οἷον
2857 1434 3002 1498 είκὸς
3030 1436 3122 1490 τὸν
3153 1439 3473 1512 ἀχθόμενον·
3516 1445 3582 1498 ού
3613 1451 3739 1522 μάρ-

2169 1539 2339 1592 τυρας
2365 1522 2460 1575 τοῦ
2486 1521 2603 1592 βίου
2636 1525 3108 1595 προσεκαλέσατο,
3138 1532 3236 1602 οὐχ
3262 1533 3412 1605 ὅρκῳ
3433 1536 3528 1588 τὸν
3563 1521 3736 1608 μῶμοι

2170 1612 2456 1678 ἀπώσατο,
2483 1616 2545 1668 ού
2580 1615 2678 1687 τὴν
2717 1618 2916 1672 κακίαν
2950 1619 3058 1673 τῶν
3092 1622 3263 1678 ταῦτα
3304 1627 3427 1679 κατ’
3457 1629 3632 1682 αὑτοῦ
3659 1648 3740 1683 συ-

489 1719 653 1772 quam
720 1688 900 1755 notam
952 1712 1005 1756 et
1053 1700 1323 1755 maculam
1390 1701 1571 1770 magni
1626 1701 1774 1755 illius
1807 1701 1911 1754 viri
1945 1701 2066 1756 vitae

2170 1707 2596 1777 σκευασαμένων
2643 1707 2950 1779 διήλεγξεν·
3003 1713 3120 1767 ἀλλ’
3169 1717 3226 1769 ὲν
3273 1718 3523 1792 ἠρεμαίᾳ
3560 1739 3620 1776 τε
3657 1727 3739 1777 καὶ

491 1798 791 1852 inurerent.
847 1795 926 1848 Ac
980 1794 1302 1864 producitur
1359 1793 1426 1847 ab
1471 1793 1552 1849 eis
1597 1810 1719 1863 quae
1771 1793 1923 1848 illum
1979 1811 2070 1851 ca-

489 1885 851 1941 lumniaretur
876 1884 1196 1939 muliercula
1218 1885 1494 1947 meretrix,
1518 1900 1639 1954 qua:
1668 1898 1899 1954 corpore
1924 1899 2070 1954 qua:-

490 1988 634 2035 stum
669 1977 894 2042 faceret,
915 1975 1138 2031 infamia
1172 1977 1409 2048 irrogata
1443 1993 1511 2033 ex
1553 1993 1776 2032 carcere
1807 1978 2067 2035 dimissa:

489 2085 729 2141 cumque
775 2070 866 2124 ille
921 2084 1020 2138 pro
1077 2068 1477 2123 consuetudine
1529 2084 1656 2123 cum
1711 2069 1846 2124 viris
1889 2070 2069 2128 doctis

489 2173 654 2235 atque
688 2162 912 2218 delectis
939 2164 995 2216 in
1018 2161 1205 2215 habitu
1235 2161 1383 2230 gravi
1408 2169 1463 2216 et
1492 2161 1720 2216 honesto
1743 2161 1810 2216 de
1832 2161 2067 2230 quadam

489 2258 793 2328 quaestione
834 2251 1213 2325 philosOpbic‘a
1243 2253 1560 2323 dispiceret,
1600 2268 1818 2322 unaque
1853 2268 1912 2308 se
1940 2268 2065 2308 cum

493 2351 601 2404 illis
631 2355 934 2412 exerceret,
975 2345 1296 2400 muliercula
1340 2345 1553 2400 accedit
1589 2344 1789 2415 ineptis
1821 2345 2068 2415 gestibus

491 2441 728 2496 formam
763 2444 1073 2504 ostentans,
1106 2445 1160 2492 et
1195 2436 1479 2491 mollitiem
1519 2437 1818 2506 lusumque
1856 2452 1966 2508 pra:
2009 2453 2069 2494 se

490 2533 697 2594 ferens,
725 2539 781 2586 et
839 2545 935 2602 per
969 2529 1152 2584 omnia
1186 2544 1307 2599 quae
1334 2536 1388 2583 et
1427 2528 1645 2583 dicebat
1689 2537 1744 2583 et
1799 2527 2066 2598 faciebat,

490 2640 616 2680 sese
645 2637 1011 2677 consuescere
1031 2635 1156 2676 cum
1178 2635 1244 2675 eo
1271 2620 1539 2676 simulans
1561 2638 1574 2674 :
1600 2621 1820 2674 tandem
1851 2621 2069 2676 dicebat

487 2731 549 2774 se
605 2714 952 2770 mercedibus
1000 2712 1307 2768 fraudatam
1361 2727 1527 2776 esse,
1572 2712 1846 2782 adjiciens
1899 2715 2065 2769 etiam

485 2823 690 2866 causas
741 2822 852 2878 prae
901 2805 1260 2876 impudentia.
1293 2820 1392 2875 pro
1418 2805 1618 2874 quibus
1645 2807 1979 2877 querebatur
2007 2822 2068 2862 se

488 2901 837 2958 mercedibus
858 2915 980 2956 esse
1000 2898 1404 2954 fraudatam.At
1421 2913 1547 2952 cum
1571 2898 1673 2963 illi.
1691 2899 1787 2970 qui
1803 2900 1922 2970 ejus
1946 2901 2069 2957 vita:

488 2994 782 3066 puritatem
824 3000 880 3048 et
923 2991 1320 3049 continentiam
1373 3007 1484 3046 non
1528 2991 1880 3062 ignorabant,
1924 2993 2071 3048 indi-

2171 1796 2494 1888 καθεστώσῃ
2531 1804 2682 1888 φωνῇ
2726 1803 2861 1872 πρός
2896 1821 3018 1858 τινα
3045 1807 3156 1860 τῶν
3197 1811 3444 1882 συνήθων
3479 1816 3742 1888 ἀποστρα-

2171 1891 2291 1957 φεὶς
2312 1929 2329 1954 ,
2365 1910 2385 1942 e
2424 1887 2495 1944 Ὦ
2527 1884 2702 1957 οὗτος,
2737 1914 2758 1948 s
2786 1894 2888 1967 ἔφη
2910 1934 2925 1961 ,
2957 1915 2977 1948 v
3013 1897 3264 1955 διάλυσον
3297 1903 3438 1976 αὐτῇ
3473 1907 3546 1960 τὸ
3579 1884 3737 1980 ἀργύ-

2171 1999 2307 2052 ριον,
2337 1984 2412 2047 ὡς
2441 1985 2507 2038 ἂν
2535 1986 2612 2057 μὴ
2643 1986 2732 2040 διὰ
2777 1987 2959 2043 πλεῖον
2983 1990 3266 2061 διοχλοῦσα
3285 2035 3301 2059 ,
3321 1996 3422 2068 τὴν
3453 2004 3737 2073 προκειμέ-

2171 2089 2266 2142 νην
2295 2073 2387 2126 τοῦ
2425 2073 2584 2143 λόγου
2623 2077 2859 2148 σπουδὴν
2890 2079 3266 2152 ὲπιταράσσοι.
3310 2103 3330 2137 ι
3371 2088 3528 2142 Ἐπεὶ
3556 2091 3614 2145 δὲ
3643 2111 3738 2162 μα-

2169 2163 2281 2219 θὼν
2315 2167 2469 2240 παρά
2503 2167 2602 2238 τῆς
2647 2171 2913 2242 ὲταιρίδος
2951 2175 2979 2225 ὁ
3031 2172 3189 2228 τοῦτο
3225 2185 3735 2252 προστεταγμένας,

2168 2255 2292 2311 ὅσον
2335 2257 2456 2328 ᾔτει
2507 2261 2641 2332 παρ’
2684 2261 2850 2315 αὑτοῦ
2889 2263 2954 2316 τὸ
2993 2266 3280 2337 ἀργύριον,
3327 2270 3566 2342 ἑτοίμως
3603 2277 3737 2331 ἅπαν

2171 2347 2633 2421 ἀπηριθμήσατο,
2666 2352 2762 2405 καὶ
2788 2354 2960 2425 πέρας
2993 2351 3138 2427 εἶχεν
3173 2359 3314 2412 κατὰ
3339 2362 3435 2415 τοῦ
3468 2364 3740 2437 σώφρονος

2167 2443 2202 2512 ἡ
2237 2442 2498 2510 ἐπιϐουλὴ
2539 2445 2653 2509 τοῖς
2690 2447 3026 2512 ἀκολάστοις.
3063 2451 3158 2507 καὶ
3199 2447 3268 2523 ἦν
3299 2455 3359 2507 ἐν
3407 2460 3532 2520 ταῖς
3560 2463 3738 2532 χερσὶν

2168 2533 2269 2605 ἤδη
2307 2534 2404 2606 τῆς
2447 2535 2645 2607 ἀτίμου
2691 2540 2750 2592 τὸ
2785 2540 2974 2611 κέρδος
2997 2557 3010 2571 ⁸
3046 2544 3169 2596 τότε
3203 2545 3267 2617 δὴ
3302 2547 3515 2614 γίνεται
3560 2550 3738 2608 θεόθεν

2167 2624 2204 2694 ἡ
2244 2643 2304 2678 τε
2345 2629 2622 2700 μαρτυρία
2659 2631 2762 2702 τῆς
2807 2635 3162 2704 σωφροσύνης
3198 2636 3295 2690 τοῦ
3339 2639 3487 2705 νέου,
3520 2643 3744 2713 καὶτῆς

2168 2716 2276 2770 τῶν
2301 2718 2579 2788 ὁμηλίκων
2616 2724 2977 2792 συκοφαντίας
3000 2726 3030 2779 ὁ
3055 2725 3292 2797 ἔλεγχος.
3343 2729 3510 2802 Ὁμοῦ
3534 2733 3647 2805 γὰρ
3673 2735 3742 2804 τῷ

2169 2809 2530 2876 ὐποδέξασθαι
2557 2816 2624 2885 τῇ
2658 2817 2802 2887 χειρὶ
2831 2817 2892 2871 τὸ
2918 2817 3214 2891 ἀργύριον.
3243 2821 3517 2893 πνεύματι
3555 2825 3742 2898 δαιμο-

2169 2904 2266 2974 νίῳ
2290 2905 2710 2977 στρεϐλωθεῖσα.
2734 2908 2830 2962 καὶ
2860 2908 3163 2984 βρυχηθμῷ
3185 2913 3442 2985 θηριώδει
3464 2921 3623 2992 παρὰ
3652 2921 3743 2993 τὴν

2169 2995 2518 3070 ἀνθρωπίνην
2541 2998 2724 3070 φωνὴν
2749 3000 3121 3071 ἀνοιμώξασα,
3153 3005 3343 3061 πίπτει
3366 3012 3589 3084 πρηνὴς
3610 3016 3744 3069 κατὰ

489 3093 870 3159 gnarentur,et
887 3090 963 3141 ita
980 3085 1246 3140 adversus
1265 3083 1644 3140 mulierculam
1661 3098 2067 3141 commoveren-

2172 3089 2234 3143 τὸ
2268 3091 2433 3161 μέσον
2465 3092 2574 3147 τῶν
2598 3094 3061 3165 συνειλεγμένων·
3096 3100 3277 3172 θέαμα
3312 3083 3549 3175 φρικτόν
3573 3125 3635 3164 τε
3659 3113 3744 3163 καὶ

489 3187 600 3244 tur,
627 3193 807 3249 neque
834 3193 942 3232 una
972 3177 1325 3248 perturbatus
1353 3184 1440 3232 est
1471 3190 1600 3230 cum
1630 3177 1700 3232 iis
1721 3217 1739 3244 ,
1767 3178 1859 3248 qui
1888 3177 2063 3248 ipsius

488 3272 710 3330 nomine
738 3267 1244 3334 stotttacbabantur,
1266 3281 1444 3336 neque
1460 3265 1763 3337 quidquam
1787 3266 2063 3338 ejusmodi

489 3364 665 3429 dixit,
701 3378 827 3418 cum
873 3360 1166 3416 calumniis
1205 3367 1584 3430 premeretur,
1613 3361 1771 3431 quale
1816 3377 2066 3433 pronun-

489 3457 628 3511 tiare
670 3469 769 3525 par
817 3462 962 3508 esset
993 3468 1140 3512 eum.
1169 3453 1263 3522 qui
1307 3452 1547 3523 graviter
1579 3455 1918 3524 molesteque
1950 3471 2063 3510 rem

490 3547 693 3610 ferret,
727 3561 836 3601 non
863 3554 1029 3601 testes
1063 3545 1187 3599 vitae
1223 3543 1540 3609 advocavit,
1570 3560 1680 3599 non
1706 3546 2067 3618 jurejurando

492 3637 754 3709 probrum
792 3637 860 3692 ab
900 3652 960 3692 se
1000 3637 1222 3706 rejeeit,
1264 3651 1376 3691 non
1412 3637 1672 3693 malitiam
1704 3653 1894 3694 eorum
1918 3678 1934 3702 ,
1969 3641 2062 3711 qui

493 3730 609 3786 haec
633 3730 900 3786 adversus
940 3745 1064 3784 eum
1111 3729 1410 3783 machinati
1443 3739 1636 3794 erant,
1664 3731 1937 3795 convicit.
1966 3732 2062 3788 sed

2169 3276 2373 3369 xtiw‘ss
2407 3276 2839 3350 διερριμμένων.
2869 3284 2963 3336 καὶ
2981 3287 3104 3349 ταῖς
3131 3287 3291 3353 ἰδίαις
3317 3292 3474 3363 χερσὶ
3503 3311 3745 3369 amp“.

2172 3366 2436 3436 σομένων,
2460 3369 2554 3422 καὶ
2576 3369 2686 3423 τῶν
2707 3371 3000 3444 ὀφθαλμῶν
3020 3377 3517 3452 ἀπεστραμμένων,
3544 3366 3643 3440 καί
3659 3390 3748 3442 τοῦ

2173 3461 2441 3530 στόματος
2469 3461 2562 3515 τὸν
2581 3464 2757 3536 ἀφρὸν
2794 3471 3229 3538 παραπτύοντος.
3262 3473 3372 3528 Καὶ
3395 3477 3457 3529 ού
3483 3480 3749 3551 πρότερον

2171 3553 2374 3621 ἀνῆκεν
2400 3558 2732 3625 καωπνίγον
2761 3559 2932 3631 αὐτὴν
2969 3561 3033 3615 τὸ
3064 3564 3359 3634 δαιμόνιον,
3403 3569 3540 3640 πρὶν
3587 3572 3624 3642 ἢ
3664 3573 3747 3625 τὸν

2169 3643 2362 3712 Μέγαν
2394 3647 2603 3702 ὶκεῖνον
2640 3651 3069 3708 ἐπικαλέσασθαι
3117 3657 3212 3711 τὸν
3261 3657 3426 3728 Θεὸν,
3474 3661 3578 3716 καὶ
3614 3663 3750 3735 ὑπὲρ

2169 3735 2341 3804 αὐτῆς
2371 3736 2722 3798 ἱλεώσασθαι.

492 3819 770 3877 submissa
800 3827 963 3889 atque
990 3817 1178 3874 sedata
1204 3833 1338 3874 voce
1359 3833 1662 3876 conversus
1684 3820 1754 3875 ad
1787 3821 2080 3890 quemdam
2122 3822 2474 3892 familiarem,
2502 3847 2520 3882 ι
2555 3829 2705 3888 Heus
2736 3840 2822 3900 tu,
2850 3855 2869 3889 ι
2900 3837 3100 3908 inquit.
3140 3859 3160 3892 ι
3193 3857 3422 3898 numera
3487 3847 3543 3905 ei
3585 3864 3751 3918 pecu-

493 3915 663 4014 niam,
690 3932 758 3972 ne
783 3915 987 4014 diutius
1011 3916 1427 3986 importunitate
1470 3933 1570 3972 sua
1631 3921 1929 3992 propositae
1986 3925 2310 3993 quaestionis
2351 3938 2648 3986 tractatum
2693 3937 3006 3992 conturbet.
3044 3958 3064 3991 ι
3107 3938 3242 3996 Cum
3293 3953 3474 4002 autem
3522 3915 3599 4014 is,
3670 3951 3752 4004 cui

491 4010 596 4066 hoc
619 4009 1031 4080 injungebatur,
1069 4023 1099 4062 a
1142 4011 1490 4065 meretricula
1527 4012 1846 4070 sciscitatus
1869 4025 2128 4084 quantam
2162 4023 2450 4088 pecuniam
2490 4023 2560 4078 ab
2632 4024 2727 4079 illo
2765 4039 3042 4098 posceret,
3111 4035 3231 4090 sine
3300 4051 3455 4093 mora
3530 4009 3750 4100 omnem

492 4103 910 4159 adnumerasset
946 4119 964 4155 :
1003 4109 1170 4173 atque
1229 4103 1299 4157 ab
1368 4103 1594 4162 laScivis
1660 4114 1717 4162 et
1777 4109 2051 4178 protervis
2115 4113 2381 4172 adversus
2421 4117 2667 4173 sobrium
2725 4129 2779 4176 et
2828 4123 3196 4181 continentem
3249 4129 3461 4186 insidia:
3517 4147 3753 4204 peracta:

490 4209 718 4256 essent:
749 4207 804 4254 et
847 4197 960 4268 jam
1002 4200 1059 4253 in
1134 4198 1390 4253 manibus
1440 4200 1589 4255 illius
1663 4201 1886 4260 infamis
1933 4205 2146 4262 lucrum
2187 4216 2364 4276 esset,
2425 4220 2558 4267 tunc
2584 4214 2951 4272 divinitns'et
2999 4223 3337 4277 continentia
3381 4197 3752 4287 adolescentis

493 4297 776 4394 probatur,
798 4305 854 4350 et
875 4295 1151 4394 calumnia
1172 4297 1464 4394 mqualium
1490 4297 1698 4394 pateﬁt.
1720 4296 1896 4394 Simul
1913 4302 2058 4356 enim
2101 4314 2266 4374 atque
2289 4322 2451 4364 manu
2476 4310 2764 4381 pecuniam
2790 4313 3024 4384 accepit,
3052 4316 3252 4386 spiritu
3315 4319 3522 4378 infelici
3591 4335 3753 4394 atque

491 4387 731 4457 maligno
761 4397 1012 4457 correpta
1041 4387 1372 4481 fremituque
1397 4389 1619 4446 immani
1656 4397 1821 4462 atque
1866 4391 2044 4458 ferali,
2120 4398 2340 4456 diverso
2384 4416 2413 4455 a
2465 4417 2615 4458 woce
2688 4403 2926 4460 humana
2965 4421 3102 4462 sono
3150 4410 3535 4481 ingemiscens,
3580 4387 3753 4470 colla‘

493 4481 641 4535 bitur
667 4493 838 4549 prona
875 4479 929 4533 in
999 4476 1178 4532 medio
1252 4488 1398 4533 cmtu
1463 4488 1923 4550 congregatorum
1991 4490 2366 4553 spectaculum
2436 4491 2777 4548 horrendum
2842 4502 3008 4566 atque
3068 4476 3314 4555 terribile
3381 4476 3752 4574 praesentibus

494 4583 718 4646 repente
741 4573 1056 4636 fucta,cum
1085 4583 1143 4628 et
1174 4573 1434 4644 capillus,
1501 4589 1664 4644 quem
1701 4576 1819 4630 suis
1884 4578 2140 4635 manibus
2163 4583 2408 4638 <ve|lebat
2434 4629 2448 4652 ,
2491 4587 2827 4642 dilaceratus
2863 4600 3027 4660 atque
3059 4575 3358 4662 disjectas,
3384 4573 3451 4651 iet
3477 4600 3627 4653 oculi
3668 4603 3750 4654 in-

491 4669 637 4728 versi
666 4676 873 4734 essent,
897 4674 953 4724 et
976 4682 1040 4724 os
1063 4682 1312 4736 spumam
1335 4665 1632 4723 emitteret.
1666 4666 1743 4723 Ac
1767 4685 1875 4723 non
1903 4673 2058 4741 prius
2095 4691 2126 4730 a
2156 4671 2426 4733 daemonio
2445 4681 2701 4736 suﬂ‘ocari
2727 4682 2911 4750 desiit,
2945 4701 3108 4755 quam
3140 4704 3371 4761 magnus
3429 4693 3524 4750 ille
3582 4695 3749 4752 Deum

493 4779 596 4834 pro
623 4779 688 4817 ea
719 4763 1034 4818 invocasset
1062 4771 1226 4831 atque
1256 4761 1550 4830 placasset.

562 4853 714 4908 Talia
753 4853 820 4908 de
858 4853 1228 4909 adolescentia
1274 4853 1456 4923 magni
1493 4853 1639 4908 illius
1671 4855 1776 4910 viri
1831 4869 2067 4913 narran-

2238 4863 2473 4917 Τοιαῦτα
2505 4867 2604 4937 τῆς
2633 4865 2883 4936 νεότητος
2907 4867 3000 4920 τοῦ
3033 4869 3269 4940 μεγάλου
3311 4871 3380 4926 τὰ
3407 4875 3744 4948 διηγήματα,

493 4955 603 5011 tur,
649 4946 812 5016 digna
847 4943 1093 5014 profecto
1139 4943 1483 5014 insequentis
1535 4943 1658 5014 eius
1695 4946 1822 5002 vitae
1866 4948 2070 5016 princi-

492 5038 604 5108 pia.
645 5035 714 5090 Et
741 5035 961 5106 quidem
988 5036 1314 5090 miraculum
1351 5044 1562 5090 tantum
1594 5045 1702 5103 est,
1736 5047 1816 5103 ut,
1851 5039 2068 5094 etiamsi

492 5130 706 5188 nullum
755 5128 1196 5195 aliudprzeterea
1238 5126 1486 5196 proferre
1519 5127 1669 5190 licet,
1708 5128 1778 5182 ob
1822 5128 1927 5182 hoc
1975 5145 2068 5184 eoo

494 5223 610 5275 lum
656 5235 691 5273 ο
727 5219 944 5275 nemine
993 5231 1205 5282 eorum,
1259 5217 1355 5287 qui
1411 5218 1615 5272 virtute
1663 5219 2065 5285 excelluerunt,

493 5308 767 5366 secundas
804 5307 1039 5362 'laudum
1091 5313 1275 5377 partes
1319 5306 1518 5363 debeat
1563 5308 1838 5372 obtinere,
1885 5309 2064 5376 dives,

495 5401 842 5464 adolescens,
876 5413 1106 5468 peregre
1131 5406 1287 5455 extra
1317 5401 1506 5469 patria:
1535 5401 1672 5456 lines
1703 5403 1759 5457 in
1795 5404 2066 5474 populosa

498 5496 632 5548 urbe
667 5493 924 5548 habitans
959 5512 974 5549 :
1003 5495 1058 5548 in
1103 5508 1210 5564 qua
1251 5502 1540 5564 propterea
1569 5495 1714 5563 quod
1751 5496 2066 5552 adolescen-

495 5597 580 5640 tes
617 5585 683 5641 ad
725 5585 1020 5640 arbitrium
1051 5593 1106 5641 et
1152 5586 1366 5641 libitum
1400 5587 1774 5658 voluptatibus
1816 5589 2069 5661 indulge-

499 5685 638 5746 rent,
670 5678 790 5733 vitae
835 5681 1065 5752 puritas-
1094 5679 1347 5738 dedecori
1387 5677 1683 5737 haberetur
1713 5681 1784 5738 ab
1828 5681 1922 5749 iis,
1967 5684 2066 5753 qui

2169 4951 2295 5019 ἀξια
2337 4954 2412 5018 ὡς
2457 4955 2674 5025 ἀληθῶς
2699 4956 2808 5009 τῶν
2853 4959 2989 5028 μετά
3019 4959 3192 5014 ταῦτα
3224 4960 3574 5033 βεϐιωμένων
3603 4971 3747 5039 αὐτῷ

2168 5045 2236 5098 τὰ
2265 5049 2545 5118 προοίμια.
2588 5047 2782 5102 Καίτοι
2810 5067 2872 5118 γε
2908 5051 2967 5103 τὸ
2990 5049 3174 5123 θαῦμα
3197 5055 3446 5111 τοσοῦτόν
3475 5063 3648 5124 ἐστιν,
3677 5065 3747 5126 ὡς

2169 5131 2217 5185 εί
2247 5133 2339 5186 καὶ
2371 5133 2536 5205 μηδὲν
2565 5130 2631 5207 ἦν
2668 5137 2855 5209 ἕτερον
2903 5140 2994 5194 ἐπὶ
3025 5141 3234 5206 τούτοις
3263 5146 3434 5198 εἰπεῖν
3456 5189 3470 5211 ,
3519 5149 3745 5221 μηδενὸς

2168 5223 2332 5276 αὐτὸν
2355 5223 2462 5276 τῶν
2488 5225 2572 5282 ἐπ’
2606 5228 2773 5300 ἀρετῇ
2805 5229 3189 5299 διενεγκόντων
3210 5275 3223 5298 ,
3254 5237 3317 5289 ἐκ
3355 5241 3548 5293 τούτου
3587 5243 3740 5312 μόνου

2171 5315 2242 5367 τὰ
2290 5315 2568 5388 δευτερεῖα
2603 5321 2710 5372 τῶν
2742 5322 2980 5376 ἐπαίνων
3014 5324 3160 5394 ἔχειν
3189 5340 3203 5356 ο
3261 5327 3552 5396 πλούσιος,
3592 5336 3737 5398 νέος,

2173 5408 2230 5458 ὲν
2277 5408 2584 5479 ὑπερορίοις
2621 5409 2822 5479 διάγων
2845 5455 2860 5479 ,
2913 5416 2972 5469 ἐν
3023 5415 3427 5492 πολυανδρούση
3462 5425 3613 5477 πόλει
3645 5425 3738 5494 τὴν

2173 5497 2446 5568 διαγωγὴν
2487 5499 2653 5569 ἔχων,
2681 5501 2739 5554 ὲν
2847 5501 2947 5556 διὰ
2967 5503 3027 5556 τὸ
3057 5508 3175 5559 κατ’
3203 5505 3454 5573 ἐξουσίαν
3479 5514 3600 5575 ταῖς
3626 5511 3734 5581 ἡδο-

2174 5593 2290 5652 ναῖς
2327 5591 2492 5662 συζῇν
2521 5593 2647 5656 τοὺς
2682 5592 2835 5657 νέους
2856 5635 2870 5656 ,
2916 5592 3114 5660 ὄνειδος
3134 5592 3201 5668 ἦν
3231 5599 3263 5668 ἡ
3296 5598 3606 5672 καθαρότης
3636 5600 3734 5652 τῶν

2161 5684 2589 5769 σωφρονούντων
2652 5689 2762 5750 τοῖς
2831 5685 3060 5758 ἄφροσιν
3089 5706 3103 5723 ·
3172 5691 3234 5744 οὐ
3307 5694 3514 5764 μητρὸς
3579 5692 3732 5746 πολυ-
