3834 6468
81 352 179 405 θῖιε)

1027 343 1115 398 DE
1158 341 1319 395 VITA
1355 339 1414 396 S.
1449 336 1781 394 GREGORII
1821 333 2351 393 THAUMATURGI.

3157 316 3162 321 ’
3220 339 3324 401 οιο

82 467 482 540 καθηγουμένου
500 482 512 497 ·
534 458 578 533 ᾧ
609 463 792 517 θεόθεν
815 464 873 529 ἐξ
891 464 1046 532 ἁγίου
1075 463 1210 516 Πνεύ
1220 480 1388 533 ματος
1412 478 1648 532 προγνω-

1759 459 1880 514 vina
1927 459 2184 528 mysteria
2218 457 2649 512 animadvertere
2701 466 2862 528 atque
2911 449 3322 533 considerare).

83 564 232 630 στική
267 576 353 620 τις
383 556 610 626 δύναμις
640 551 741 626 ἦν’
785 555 878 607 καὶ
908 557 1086 608 πᾶσαν
1121 553 1441 624 ποιουμένου
1476 569 1646 604 σπου-

78 653 192 721 δὴν,
229 650 379 711 ὅπως
427 647 736 718 ὑποχείριον
768 644 945 698 λαϐὼν
980 645 1069 697 τὸν
1119 646 1289 715 μέγαν
1328 642 1644 713 Γρηγόριον,

77 742 153 804 είς
177 739 499 809 Ἐκκλησίας
526 738 699 808 ἀρχὴν
722 738 939 804 ἀγάγοι,
966 737 1040 800 ὡς
1061 738 1126 790 ἂν
1156 737 1228 805 μὴ
1247 734 1498 787 τοσοῦτον
1517 735 1649 802 ἀγα-

78 833 165 885 θὸν
222 830 392 901 ἀργόν
432 846 492 882 τε
542 830 634 882 καὶ
675 829 929 898 ἀνόνητον
983 826 1329 897 παραδράμοι
1360 825 1449 877 τὸν
1495 824 1607 893 βίον
1632 841 1644 855 ·

75 924 173 992 τῆς
199 922 378 992 ὁρμῆς
407 915 561 983 οὗτος
600 919 691 972 τοῦ
741 920 929 987 ἱερέως
975 918 1328 988 αἰσθόμενος,
1367 915 1649 970 λανθάνειν

74 1013 406 1082 ἐμηχανᾶτο,
443 1009 569 1064 ἄλλο
598 1026 656 1062 τε
692 1008 827 1079 πρὸς
861 1009 1025 1076 ἄλλην
1063 1007 1295 1078 ἐρημίαν
1330 1005 1650 1076 μετανιστά-

78 1118 256 1173 μενος.
291 1099 442 1152 Ἐπεὶ
468 1099 524 1152 δὲ
560 1101 740 1152 πᾶσαν
773 1097 984 1160 καθιεὶς
1025 1101 1217 1168 πεῖραν
1247 1100 1274 1149 ό
1304 1096 1470 1159 πολὺς
1506 1097 1648 1148 ἐκεῖ-

77 1211 164 1256 νος
192 1192 476 1262 Φαίδιμος,
511 1190 606 1244 καὶ
637 1190 787 1262 πάσῃ
819 1191 1032 1260 μηχανῇ
1061 1205 1117 1240 τε
1147 1189 1240 1240 καὶ
1269 1189 1483 1259 ἐπινοίᾳ
1506 1186 1648 1258 χρώ-

76 1301 264 1354 μενος,
298 1283 395 1352 οὐχ
428 1276 538 1344 οἷός
568 1297 626 1334 τε
658 1276 725 1350 ἦν
757 1282 1125 1349 προσαγαγεῖν
1163 1282 1226 1348 τῇ
1265 1279 1532 1351 ἱερωσύνῃ
1557 1279 1647 1331 τὸν

72 1376 273 1444 ἄνδρα,
307 1375 518 1445 μυρίοις
558 1375 768 1444 ὄμμασι
803 1371 864 1424 τὸ
899 1371 974 1442 μὴ
1015 1371 1214 1425 ἁλῶναί
1247 1389 1376 1424 ποτε
1407 1374 1473 1441 τῇ
1506 1372 1648 1441 χειρὶ

72 1467 162 1518 τοῦ
223 1467 413 1536 ἱερέως
464 1465 1016 1535 προφυλασσόμενον,
1083 1465 1175 1517 καὶ
1234 1461 1300 1536 ἦν
1349 1464 1648 1532 ἐφάμιλλος

72 1557 280 1622 σπουδὴ
323 1557 686 1627 ἀμφοτέροις·
733 1553 828 1606 τοῦ
885 1554 982 1624 μὲν
1030 1555 1170 1608 ἑλεῖν
1231 1555 1644 1626 ἐπιθυμοῦντος,

69 1646 162 1699 τοῦ
199 1646 258 1699 δέ
286 1645 584 1712 ἀποφυγεῖν
616 1643 708 1696 τὸν
745 1642 1008 1697 διώκοντα
1035 1644 1102 1714 (6
1134 1645 1230 1714 μὲν
1277 1645 1384 1716 γάρ
1419 1645 1532 1715 ᾔδει
1569 1644 1646 1714 τῷ

68 1737 186 1807 Θεῷ
230 1735 517 1805 προσάξειν
546 1734 688 1804 ἱερὸν
715 1733 990 1805 ἀνάθημα,
1025 1737 1053 1788 6
1076 1735 1131 1788 δέ
1157 1735 1444 1800 ἐδεδοίκει,
1492 1737 1564 1808 μή
1591 1751 1645 1788 τι

1746 549 1995 620 judicare
2017 549 2142 603 licet
2164 548 2420 602 virtutem
2451 561 2596 602 recte
2625 557 2872 617 spectare
2903 550 3120 616 scienti,
3146 553 3326 608 utrius

1751 642 1947 694 horum
1978 638 2088 692 vita
2137 654 2232 707 per
2265 639 2590 692 vacuitatem
2626 639 2986 695 humanorum
3030 641 3325 697 aﬁ'ectuum

1751 730 1926 801 magis
1962 738 2236 784 transacta
2268 729 2337 783 sit
2365 748 2376 782 :
2411 729 2649 794 illiusne,
2679 731 2770 800 qui
2807 731 2873 784 ad
2909 733 3207 802 legitimum
3241 743 3327 787 at-

1752 839 1856 892 que
1887 838 2207 876 concessum
2249 822 2586 890 voluptatum
2626 839 2784 878 usum
2820 824 3220 888 descenderat,
3253 842 3324 882 an

1753 916 1916 984 hujus
1954 915 2045 984 qui
2100 922 2154 968 et
2203 914 2539 983 voluptatem
2596 916 2892 986 superavit,
2947 925 3000 972 et
3058 919 3325 973 materiali

1751 1025 2060 1079 crasszeque
2118 1009 2389 1063 aﬁ'ectioni
2445 1010 2654 1062 nullum
2709 1009 2968 1067 adversus
3012 1027 3070 1066 sc
3118 1012 3325 1066 aditum

1751 1102 1918 1155 dedit.
1973 1102 2239 1155 Cancrum
2294 1117 2416 1154 cum
2466 1101 2797 1166 Phaedimus,
2851 1102 2941 1156 cui
2993 1103 3254 1158 divinitus
3293 1120 3325 1156 a

1751 1190 1958 1260 Spiritu
2014 1201 2205 1246 sancto
2255 1193 2478 1261 przescia
2524 1193 2899 1261 (futurorum)
2947 1194 3028 1248 κίε
3077 1195 3322 1262 (ιυαξὼιιιι

1753 1282 1951 1348 inerat,
1989 1284 2041 1336 in
2085 1285 2175 1336 illo
2218 1293 2458 1352 tempore
2495 1284 2877 1338 Amasensium
2919 1281 3176 1339 Ecclesia:
3226 1300 3324 1338 an-
3407 1337 3411 1340 .

1753 1372 1906 1426 tristes
1939 1380 2106 1431 esset,
2145 1379 2198 1426 ct
2234 1373 2380 1425 omni
2416 1372 2595 1426 studio
2642 1372 2937 1432 laboraret.
2977 1383 3037 1427 ut
3066 1391 3323 1445 maguum

1751 1459 2070 1530 Gregorium
2111 1461 2163 1513 in
2208 1469 2532 1530 potestatem
2580 1461 2883 1526 redactum,
2923 1461 3178 1518 Ecclesia:
3223 1464 3324 1516 ad-

1752 1555 2139 1608 ministrationi
2176 1554 2497 1623 pneﬁceret,
2529 1573 2596 1610 ne
2619 1565 2830 1610 tantum
2859 1557 3060 1611 bonum
3088 1559 3324 1614 otiosum

1749 1655 1804 1702 et
1826 1647 2206 1716 infrugilerum
2225 1648 2390 1700 vitam
2417 1649 2771 1718 transigeret:
2797 1657 2851 1703 ut
2873 1649 2962 1702 hic
2985 1651 3324 1704 sacerdotem

1752 1739 1806 1793 id
1833 1740 2040 1809 agitare
2074 1749 2239 1809 atque
2268 1741 2456 1794 conari
2485 1741 2677 1807 sensit,
2721 1743 2962 1809 cogitare
2993 1741 3180 1810 cmpit,
3211 1757 3319 1811 qua

68 1830 296 1897 γένηται
349 1825 499 1895 αὐτῷ
555 1825 690 1895 πρὸς
743 1825 1059 1894 φιλοσοφίας
1125 1826 1381 1895 ἐμπόδιον
1440 1822 1550 1879 οἷόν
1595 1844 1648 1878 τι

1759 1830 1966 1884 ratione
2012 1830 2179 1884 latere
2213 1838 2422 1900 posset,
2484 1831 2618 1884 alias
2665 1830 2734 1884 ad
2762 1831 2923 1884 aliam
2969 1831 3322 1886 solitudinem

67 1917 290 1988 φορτίον
316 1918 348 1986 ἡ
376 1917 473 1987 τῆς
495 1915 790 1987 ἱερωσύνης
823 1917 1040 1987 φροντὶς
1073 1917 1368 1987 ἐπαχθεῑσα
1394 1917 1470 1984 τῷ
1503 1916 1645 1987 βίῳ)⁶

68 2008 263 2060 τούτου
301 2007 460 2077 χάριν
505 2007 648 2077 ὁρμῇ
692 2024 797 2060 τινι
843 2008 1089 2079 θειοτέρα
1124 2008 1252 2078 περὶ
1296 2009 1394 2079 τὴν
1425 2025 1647 2079 προκει-

71 2099 246 2168 μένην
283 2097 515 2167 σπουδὴν
562 2098 820 2169 ἐπαρθεὶς
848 2101 877 2152 6
898 2099 1185 2171 Φαίδιμος,
1217 2100 1366 2153 οὐδὲν
1398 2100 1648 2171 προσχὼν

66 2193 146 2261 τῷ
187 2189 391 2262 μεταξὺ
436 2191 798 2260 διαστήματι,
852 2186 1004 2262 ᾧπερ
1060 2192 1169 2244 ἀπὸ
1220 2191 1314 2244 τοῦ
1348 2193 1646 2264 Γρηγορίου

66 2283 340 2352 διείργετο
393 2282 601 2352 (τριῶν
633 2281 855 2352 ἡμερῶν
897 2281 1014 2334 ὁδὸν
1049 2282 1257 2334 ἐκείνου
1293 2281 1647 2351 ἀπέχοντος),

67 2373 208 2424 ἀλλά
249 2373 385 2443 πρὸς
410 2371 502 2426 τὸν
546 2371 676 2425 Θεὸν
715 2371 1025 2440 ἀναϐλέψας
1053 2411 1066 2433 ,
1116 2373 1211 2424 καὶ
1244 2370 1412 2424 εἰπὼν
1450 2371 1650 2440 ὁμοίως

68 2464 264 2516 ἑαυτόν
294 2481 353 2516 τε
407 2464 657 2517 κάκεῖνον
707 2465 798 2516 ἐπὶ
845 2464 942 2533 τῆς
974 2465 1123 2532 ὥρας
1154 2463 1366 2533 ἐκείνης
1405 2463 1508 2515 ὑπὸ
1555 2462 1648 2516 τοῦ

67 2555 209 2608 Θεοῦ
242 2553 615 2626 καθορᾶσθαι,
653 2555 775 2608 ἀντὶ
817 2555 996 2626 χειρὸς
1025 2554 1220 2623 ἐπάγει
1252 2553 1331 2624 τῷ
1363 2553 1650 2626 Γρηγορίῳ

67 2647 160 2699 τὸν
209 2646 400 2713 λόγον,
439 2645 752 2717 άφιερώσας
795 2645 874 2716 τῷ
911 2647 1030 2716 Θεῴ
1077 2647 1166 2699 τὸν
1213 2647 1539 2716 σωματικῶς
1589 2648 1649 2700 ού

69 2741 342 2810 παρόντα,
383 2739 474 2791 καὶ
507 2737 903 2809 ἀποκληρώσας
932 2738 1082 2807 αὐτῷ
1107 2739 1203 2808 τὴν
1233 2738 1385 2790 πόλιν
1416 2741 1650 2807 ἐκείνην,

71 2835 137 2901 ἣν
196 2831 397 2899 συνέϐη
455 2830 616 2900 μέχρι
649 2829 756 2882 τῶν
794 2830 913 2882 τότε
958 2829 1162 2898 χρόνων
1194 2830 1334 2881 οὕτω
1370 2833 1436 2900 τῇ
1479 2830 1652 2902 πλάνῃ

67 2923 182 2977 τῶν
215 2922 447 2976 εἰδώλων
477 2922 799 2991 κατέχεσθαι
828 2961 842 2984 ,
877 2920 1014 2973 ὥστε
1063 2922 1304 2990 ἀπείρων
1341 2923 1508 2974 ὄντων
1545 2922 1654 2974 τῶν

65 3015 370 3069 οἰκούντων
395 3015 563 3085 αὑτήν
591 3032 648 3068 τε
675 3013 770 3085 τὴν
793 3013 966 3076 πόλιν,
1000 3014 1093 3065 καὶ
1122 3012 1217 3082 τὴν
1249 3013 1544 3082 περίοικον,
1579 3011 1653 3081 μὴ

69 3109 297 3171 πλείους
350 3107 636 3177 εὑρεθῆναι
675 3106 780 3159 τῶν
827 3103 1192 3158 ἑπτακαίδεκα
1237 3105 1361 3166 τοὺς
1418 3102 1651 3172 παραδε-

65 3201 373 3271 δεγμένους
395 3200 484 3252 τὸν
519 3200 674 3266 λόγον
703 3199 799 3268 τῆς
831 3198 1084 3259 πίστεως.

1721 1924 2046 1978 transiens.
2088 1921 2192 1976 Sed
2253 1935 2602 1992 posteaquam
2657 1923 2792 1976 nihil
2835 1939 2942 1978 non
2998 1926 3323 1979 intentatum

1751 2014 2092 2081 relinquens,
2156 2015 2247 2068 ille
2293 2015 2375 2066 vir
2423 2030 2652 2084 magnus
2702 2013 3031 2081 Phaedimus,
3086 2025 3137 2069 et
3175 2015 3323 2068 ornui

1753 2107 2160 2160 machinatione
2189 2114 2353 2176 atque
2393 2107 2614 2161 solertia
2659 2114 2816 2161 utens
2856 2124 2962 2161 non
3004 2117 3214 2176 poterat
3244 2109 3326 2161 vi-

1752 2211 1872 2248 rum
1922 2196 1987 2249 ad
2040 2195 2408 2249 sacerdotium
2467 2194 2736 2250 adducere
2795 2197 3097 2252 innumeris
3151 2200 3326 2253 oculis

1752 2293 2171 2354 praecaventem,
2211 2300 2280 2339 ne
2317 2284 2536 2353 quando
2564 2301 2726 2339 manu
2773 2287 3074 2342 sacerdotis
3103 2303 3327 2358 capere-

1754 2386 1860 2437 tur,
1880 2383 1932 2428 ct
1961 2390 2084 2428 cum
2119 2384 2346 2444 uterque
2380 2375 2520 2430 inter
2542 2391 2664 2430 sese
2696 2377 2877 2430 studio
2907 2386 3201 2441 certarent,
3234 2380 3327 2432 illo

1752 2466 1971 2538 quidem
2008 2480 2227 2536 capere,
2276 2469 2378 2522 hoc
2408 2483 2536 2521 vero
2565 2469 2944 2536 persequentis
2970 2485 3165 2523 manus
3193 2469 3327 2525 ellu-

1751 2573 1879 2628 gcre
1917 2559 2168 2626 cupiente
2202 2558 2357 2613 (nam
2391 2557 2481 2611 ille
2506 2558 2710 2612 sciebat
2743 2573 2801 2612 se
2839 2573 3055 2612 sacrum
3090 2559 3198 2612 Deo
3225 2560 3326 2613 do-

1753 2648 1967 2701 narium
2002 2647 2310 2700 ohlaturuni
2347 2662 2503 2705 esse.
2549 2647 2639 2701 hic
2681 2657 2859 2700 autem
2905 2649 3211 2715 verebatur,
3259 2665 3328 2703 ne

1753 2754 1863 2808 quo
1889 2739 2047 2790 modo
2081 2738 2184 2790 sibi
2217 2739 2510 2791 sacerdotii
2539 2753 2669 2791 cura
2701 2745 2956 2808 tanquam
2985 2756 3124 2794 onus
3155 2741 3330 2809 quod-

1754 2829 1878 2883 dam
1914 2831 2035 2884 vita:
2066 2830 2342 2898 imposita,
2389 2829 2453 2882 ad
2493 2831 2892 2899 philosophiam
2941 2831 3326 2900 impedimento

1755 2925 1954 2990 esset),
1992 2921 2196 2976 idcirco
2225 2923 2421 2990 impetu
2449 2922 2682 2991 quodam
2716 2924 2898 2976 divino
2929 2922 3235 2979 Phaedimus
3259 2926 3326 2980 ad
3383 2923 3385 2926 ’

1758 3014 2092 3085 propositum
2123 3014 2360 3068 studium
2396 3023 2706 3082 provectus.
2761 3015 2894 3067 nihil
2928 3031 3129 3070 curans
3160 3018 3328 3072 inter-

1753 3107 1958 3174 jectum
2018 3107 2288 3175 spatium,
2354 3121 2465 3176 quo
2521 3106 2591 3160 ab
2650 3106 2911 3176 Gregorio
2968 3109 3328 3165 dirimebatur

1679 3183 1721 3237 C
1758 3197 1989 3266 (quippe
2044 3197 2133 3249 ille
2183 3195 2372 3250 aberat
2425 3197 2618 3250 itinere
2667 3196 2883 3262 tridui),
2927 3196 3018 3250 scd
3059 3197 3125 3252 ad
3161 3197 3327 3253 Deum

67 3292 410 3362 suspiciens;
447 3300 807 3360 precatusque
837 3299 891 3341 ut
919 3297 972 3342 et
1011 3291 1126 3357 ipse
1156 3295 1208 3340 et
1240 3286 1327 3340 ille
1355 3286 1556 3354 pariter
1591 3286 1645 3338 in
1689 3286 1778 3338 illa
1809 3285 1941 3339 hora
2003 3285 2072 3339 ab
2139 3284 2249 3340 Deo
2277 3288 2698 3355 respicerentur,
2734 3287 2853 3340 loco
2877 3303 3071 3342 manus
3108 3289 3330 3358 imposi-

67 3385 250 3440 tionis
273 3382 537 3450 Gregorio
569 3381 791 3435 adhibet
823 3396 1152 3443 sermonem,
1193 3377 1300 3432 Deo
1327 3392 1658 3431 consecrans
1695 3392 1840 3441 eum,
1885 3377 1977 3448 qui
2010 3392 2239 3447 corpore
2267 3392 2455 3432 coram
2495 3393 2602 3430 non
2647 3378 2901 3443 adesset,
2945 3387 2998 3433 et
3066 3380 3210 3433 illam
3276 3383 3329 3436 ei

64 3480 359 3531 civitatem
393 3474 674 3528 destinatis
705 3486 867 3542 atque
897 3473 1221 3534 attribueus,
1275 3486 1437 3539 quam
1468 3470 1769 3540 contigerat
1800 3469 1865 3522 ad
1894 3470 1982 3523 illa
2043 3470 2161 3539 ipsa
2222 3485 2395 3539 usque
2442 3478 2688 3533 tempora
2755 3469 2890 3522 adeo
2912 3470 3328 3524 simulacrorum

63 3570 258 3632 errori
312 3569 547 3623 deditam
602 3584 745 3631 esse,
810 3576 867 3621 ut
897 3584 1018 3622 cum
1062 3566 1255 3620 inﬁniti
1305 3576 1510 3627 essent,
1569 3567 1658 3636 qui
1698 3566 1870 3636 ipsam
1942 3566 2131 3620 urbem
2199 3575 2252 3619 et
2303 3565 2574 3635 regionem
2615 3564 3095 3633 circumjacentem
3128 3565 3330 3620 incole-

65 3673 224 3731 rent,
256 3679 366 3718 nou
397 3663 582 3733 plures
615 3677 776 3731 quam
828 3662 1213 3732 septemdecim
1254 3661 1650 3723 invenirentur,
1689 3659 1781 3730 qui
1807 3673 2114 3715 sermonem
2150 3657 2273 3712 ﬁdei
2303 3659 2659 3714 recepissent.

1389 3847 1652 3914 ἀνάγκην,

66 3939 305 3993 πάντων
336 3939 475 4007 μετὰ
501 3938 671 3992 ταῦτα
691 3937 798 3990 τῶν
819 3939 1062 4008 νομίμων
1091 3938 1176 3990 ἐπ’
1207 3937 1353 4007 αὐτῷ
1377 3937 1654 3990 τελεσθέν-

62 4048 210 4093 των,
246 4031 339 4083 καὶ
373 4029 576 4102 βραχὺν
608 4029 796 4101 χρόνον
829 4029 1191 4100 αἰτησάμενος
1222 4029 1372 4100 παρά
1417 4028 1510 4081 τοῦ
1557 4029 1655 4096 τὴν

64 4122 386 4193 ἱερωσύνην
414 4122 860 4193 ἐπικηρύξαντος,
886 4121 1019 4192 πρὸς
1047 4122 1373 4191 κατανόησιν
1397 4120 1494 4189 τῆς
1518 4117 1657 4172 κατά

61 4215 132 4268 τὸ
207 4216 504 4286 μυστήριον
558 4213 861 4285 ἀκριϐείας,
917 4213 1119 4275 οὐκέτι,
1178 4211 1358 4274 καθώς
1415 4227 1576 4281 φησιν
1629 4213 1656 4262 ό

77 4306 436 4371 Ἀπόστολος,
470 4306 630 4376 σαρκὶ
655 4306 746 4358 καὶ
771 4305 961 4374 αἵματι
993 4304 1345 4376 προσανέχειν
1367 4303 1502 4373 ᾤετο
1529 4303 1657 4365 δεῖν,

63 4396 222 4450 ἀλλὰ
268 4396 451 4449 θεόθεν
485 4398 604 4469 ᾔτει
650 4397 900 4465 γενέσθαι
950 4396 1096 4466 αύτῷ
1136 4395 1231 4466 τὴν
1265 4395 1372 4448 τῶν
1417 4393 1660 4465 κρυφίων

65 4489 396 4558 φανέρωσιν
416 4507 428 4520 ·
469 4489 561 4543 καὶ
593 4490 652 4543 ού
687 4489 946 4560 πρότερον
975 4489 1316 4560 ἐπεθάρσησε
1346 4485 1421 4555 τῷ
1453 4483 1546 4538 τοῦ
1573 4484 1662 4536 λό-

63 4598 177 4649 γου
225 4579 564 4650 κηρύγματι,
611 4581 736 4651 πρὶν
777 4579 864 4634 διά
911 4597 1054 4642 τινος
1096 4578 1394 4648 ἐμφανείας
1433 4575 1662 4629 ἐκκαλυο

148 3845 314 3899 υῦτω
365 3846 539 3899 τοίνυν
586 3846 828 3900 ὑπελθὼν
875 3846 966 3898 τὸν
1012 3845 1171 3912 ζυγὸν
1220 3847 1335 3898 κατ’

1835 3843 1926 3898 Sic
1951 3844 2114 3913 igitur
2140 3843 2330 3912 jugum
2384 3842 2568 3898 subire
2599 3849 2846 3904 coactus,
2889 3841 3145 3895 oninibus
3174 3853 3328 3910 post-

1764 3937 1899 3999 haec,
1941 3951 2059 4004 qua:
2093 3935 2209 3989 ﬁeri
2260 3934 2456 3996 solent,
2496 3932 2833 3986 solemnibus
2886 3931 3034 3986 ineo
3069 3933 3328 4000 peractis,

1762 4042 1885 4080 cum
1938 4026 2193 4095 exiguum
2231 4031 2446 4092 tempus
2497 4022 2564 4074 ad
2604 4022 2921 4092 mysterium
2956 4021 3204 4078 exactius
3236 4037 3330 4076 co-

1762 4117 2135 4186 gnoscendum
2173 4114 2241 4168 ab
2286 4128 2372 4175 eo,
2427 4114 2518 4182 qui
2551 4112 2919 4167 sacerdotium
2949 4113 3052 4182 ipsi
3082 4111 3332 4181 assigna-

1763 4215 1931 4262 vcrat.
1961 4204 2226 4273 petiissct,
2277 4219 2383 4255 non
2408 4202 2661 4271 amplius,
2691 4210 2750 4255 ut
2773 4201 2948 4272 inquit
2969 4201 3264 4271 Apostolus
3287 4203 3329 4267 ³,

1761 4297 1914 4352 carni
1946 4303 2000 4352 ct
2033 4293 2284 4364 sanguini
2313 4293 2698 4348 adhaerendum
2739 4307 2858 4347 esse
2889 4300 2943 4346 et
2975 4292 3331 4362 acquiescen-

1763 4390 1891 4444 dum
1948 4386 2194 4458 putabat,
2243 4385 2335 4440 sed
2380 4400 2409 4438 a
2441 4383 2552 4440 Deo
2598 4384 2699 4438 sibi
2735 4383 2947 4438 occulta
2994 4383 3336 4438 ntanil'estari

1765 4481 2016 4551 petebat;
2051 4495 2114 4533 ac.
2144 4495 2253 4533 non
2289 4477 2441 4548 prius
2474 4475 2916 4546 praedicationem
2945 4475 3212 4528 sermonis
3242 4490 3336 4544 ag-

1766 4571 1917 4643 gredi
1952 4569 2234 4632 sustinuit,
2272 4582 2433 4637 quam
2471 4581 2565 4634 per
2610 4563 2901 4632 quamdam
2935 4562 3334 4633 apparitionem

63 4672 292 4741 φθῆναι
336 4671 486 4741 αὐτῷ
519 4672 612 4741 τὴν
656 4671 929 4742 ἀλήθειαν.
982 4671 1344 4742 Σκοπουμένῳ
1377 4669 1483 4739 γὰρ
1517 4666 1648 4736 αύτᾷ

1768 4665 1816 4719 ei
1849 4663 2050 4717 veritas
2081 4660 2438 4714 reVeIaretur.
2467 4654 2600 4711 Cum
2631 4657 2774 4709 enim
2800 4669 2894 4724 per
2925 4661 3091 4707 totam
3120 4661 3338 4708 noctem

64 4779 217 4815 ποτε
245 4761 489 4831 ἐννύχιον
527 4763 653 4833 περὶ
678 4762 768 4816 τοῦ
802 4761 957 4831 λόγου
985 4763 1083 4832 τῆς
1113 4763 1365 4824 πίστεως,
1412 4761 1503 4813 καὶ
1532 4775 1668 4812 παν-

61 4855 264 4918 τοίους
295 4854 631 4908 ἀνακινοῦντι
658 4854 949 4925 λογισμούς
1001 4849 1160 4925 (ἦσαν
1184 4855 1291 4924 γὰρ
1330 4853 1392 4923 δὴ
1427 4851 1518 4904 καὶ
1545 4851 1665 4904 τότε

63 4947 265 5010 τινὲς,
304 4947 351 4998 οἱ
391 4946 487 5015 τὴν
533 4946 725 5016 εὐσεϐῆ
761 4945 1105 5000 διδασκαλίαν
1135 4943 1664 5016 παραχαράττοντες,

59 5040 169 5094 διὰ
205 5040 309 5110 τῆς
342 5038 694 5108 πιθανότητος
727 5037 834 5091 τῶν
867 5039 1307 5108 ἐπιχειρημάτων
1327 5077 1339 5100 ,
1371 5033 1669 5105 ἀμφίϐολον

64 5129 376 5190 ποιοῦντες
420 5127 677 5190 πολλάκις
717 5127 808 5180 καὶ
837 5129 948 5190 τοῖς
980 5126 1216 5188 συνετοῖς
1249 5125 1347 5195 τὴν
1378 5122 1662 5194 ἀλήθειαν’

61 5221 231 5289 ὑπὲρ
282 5213 348 5290 ἦς
378 5218 496 5271 τότε
537 5217 952 5288 διαγρυπνοῦντι
1000 5216 1146 5286 αὑτῷ
1195 5218 1288 5270 καὶ
1335 5216 1668 5287 φροντίζοντι

59 5311 345 5381 φαίνεταί
383 5328 465 5372 τις
494 5310 613 5363 καθ’
649 5309 797 5381 ῦπαρ
824 5311 880 5361 ἐν
925 5309 1248 5380 ἀνθρωπίνῳ
1289 5307 1366 5377 τῷ
1409 5308 1667 5377 σχήματι,

59 5402 363 5475 γηραλέος
393 5402 450 5454 τὸ
481 5399 616 5464 εἶδος
640 5443 653 5463 ,
688 5401 1016 5472 ἱεροπρεπὴς
1039 5403 1103 5471 τῇ
1135 5397 1439 5469 καταστολῇ
1467 5397 1559 5451 τοῦ
1591 5400 1672 5451 ἐν·

55 5497 351 5566 ὅύματος,
383 5492 580 5563 πολλὴν
609 5493 980 5564 ἐπισημαίνων
1007 5491 1104 5562 τὴν
1133 5491 1331 5562 ἀρετὴν
1361 5493 1424 5562 τῇ
1462 5489 1588 5560 περὶ
1613 5488 1672 5542 τὸ

205 5738 228 5768 ⁸
270 5736 452 5791 Galat.
493 5754 546 5804 ι,
588 5734 673 5792 l6.

1766 4751 2062 4822 aliquando
2092 4749 2160 4804 de
2181 4748 2394 4802 ratione
2427 4754 2590 4815 atque
2622 4758 2874 4799 sermone
2902 4742 3022 4797 ﬁdei
3047 4742 3339 4812 dispiceret

1765 4854 1820 4900 et
1858 4842 2259 4912 specularetur,
2299 4847 2352 4892 et
2388 4838 2568 4891 varias
2617 4835 2799 4888 animo
2831 4833 3192 4901 cogitationes
3225 4832 3339 4900 agi-

1765 4944 1909 4990 taret
1937 4954 1949 4989 :
1973 4940 2131 4988 erant
2150 4932 2293 4986 enim
2317 4929 2572 4983 nimirum
2598 4927 2760 4980 etiam
2791 4933 2918 4979 tunc
2944 4925 3213 4990 nonnulli,
3241 4922 3338 4991 qui

1768 5029 1911 5100 piam
1934 5025 2283 5092 etsinceram
2308 5019 2588 5090 religionis
2611 5017 2914 5072 doetrinam
2942 5017 3336 5077 adulterarent,

1769 5135 1835 5175 ac
1899 5133 1998 5189 per
2048 5114 2360 5187 probabiles
2406 5110 2906 5180 argumentationes
2966 5118 3340 5177 saepenumero

1770 5211 1933 5267 etiam
1967 5207 2142 5263 doctis
2168 5213 2220 5261 et
2253 5203 2614 5274 prudentibus
2649 5200 2929 5255 veritatem
2962 5197 3204 5252 facerent
3231 5209 3340 5247 am-

1773 5303 1988 5372 biguam
2038 5315 2050 5351 :
2097 5315 2194 5368 pro
2225 5313 2330 5367 qua
2379 5304 2510 5350 tunc
2547 5296 2594 5350 ei
2638 5290 2948 5364 pervigilem
2997 5289 3144 5343 curis
3174 5294 3341 5354 atque

1775 5391 2140 5449 sollicitudine
2186 5398 2398 5444 noctem
2432 5386 2632 5458 agenti,
2681 5381 2901 5453 quidam
2945 5381 2998 5434 in
3036 5379 3202 5449 ﬁgura
3235 5377 3340 5431 hu-

1776 5498 1957 5551 mana,
1985 5481 2122 5537 facie
2153 5496 2218 5536 ac
2265 5481 2440 5538 forma
2473 5477 2631 5535 senili
2663 5475 2944 5532 evidenter
2983 5479 3226 5533 apparet,
3253 5483 3345 5523 or—
