3834 6466
98 334 193 391 913

1042 329 1127 383 ne
1171 328 1329 383 vna
1371 329 1429 383 s.
1481 328 1810 395 anGonn
1870 298 2403 389 'rttaunaronct.

3226 332 3332 391 9H

92 450 307 511 ζώντων
322 448 497 511 αἰτία,
532 446 693 516 πηγὴ
725 447 882 515 ἁγία,
921 447 1161 516 ἀγιότης
1197 444 1496 516 ἀγιασμοῦ
1528 463 1656 519 χορ-

1766 443 1893 499 Filii
1938 447 2154 516 perfecti
2184 448 2437 517 perfecta,
2489 450 2597 501 vita
2645 461 2922 503 viventium
2972 465 3157 513 causa,
3212 448 3332 517 fons

92 544 253 612 ηγός·
304 541 374 595 ἐν
427 532 474 606 ᾦ
529 539 893 608 φανεροῦται.
944 538 1087 604 θεὸς
1125 541 1157 592 ὀ
1211 538 1434 624 Πατὴρ,
1474 540 1513 605 ό,
1558 538 1661 591 ἐπί

92 634 321 687 πάντων
353 632 448 687 καὶ
477 632 547 685 ἐν
568 630 717 689 πᾶσι
743 647 755 660 ·
789 631 885 691 καὶ
911 629 1053 697 θεὸς
1088 633 1119 685 ό
1158 630 1287 699 Υἱὸς
1304 670 1318 693 ,
1341 633 1373 683 ό
1398 628 1497 682 διὰ
1515 629 1657 683 πάν.

92 744 217 782 των-⁸
252 726 416 794 Τριὰς
449 725 677 789 τελεία,
714 723 867 795 δόξῃ
900 722 997 789 καὶ
1030 722 1313 789 ἀτδιότητι
1340 722 1438 775 καί
1482 721 1658 785 βασι-

88 823 211 887 λείᾳ
238 818 325 889 μὴ
352 815 721 888 μεριζομένη,
751 817 902 886 μηδὲ
938 815 1523 886 ἀπαλλοτριουμένη.

154 1002 287 1057 Οὔτε
329 997 420 1065 οὖν
450 998 665 1061 κτιστόν
704 1016 779 1064 τι,
819 998 853 1068 ἢ
894 996 1077 1053 δοῦλον
1107 998 1163 1049 ὲν
1192 999 1259 1068 τῇ
1287 996 1497 1066 Τριάδι.
1529 996 1655 1051 οὗτε

87 1095 400 1155 ὲπείσακτόν
429 1111 511 1157 τι,
537 1091 612 1156 ὡς
637 1092 898 1163 πρότερον
935 1090 1033 1160 μὲν
1074 1090 1170 1159 οὐχ
1201 1089 1463 1160 ὑπάρχον,
1500 1088 1657 1153 ὕστετ

90 1206 173 1261 ρον
200 1187 256 1240 δὲ
289 1183 621 1239 ὲπεισελθόν.
664 1182 802 1239 Οὔτε
833 1177 926 1235 οὖν
972 1180 1182 1234 ἐνέλιπε
1222 1195 1347 1233 ποτε
1379 1180 1505 1244 Υἱὸς
1538 1180 1653 1233 [Ια-

85 1282 187 1350 τρὶ,
234 1278 361 1331 οὔτε
400 1275 515 1345 Υίῷ
553 1274 814 1344 Πνεῦμαο
870 1273 984 1326 ἀλλ’
1035 1273 1304 1344 ἄτρεπτος
1358 1270 1452 1326 καὶ
1500 1271 1657 1324 ἀναλ-

86 1372 298 1433 λοίωτος
322 1372 356 1439 ἡ
382 1367 709 1447 αύητὴΤριάς
732 1366 836 1425 ἀεί.
874 1366 1022 1435 Ὅτῳ
1049 1364 1105 1421 δὲ
1132 1364 1282 1432 φίλον
1308 1360 1434 1433 περί
1462 1362 1653 1416 τούτου

86 1458 388 1527 πεισθῆναι,
424 1444 667 1521 ἀκουέτω
697 1456 796 1523 τῆς
842 1453 1189 1523 Ἐκκλησίας,
1233 1449 1347 1527 ὲνῇ
1380 1454 1470 1506 τὸν
1499 1453 1655 1520 λόγον

86 1551 403 1618 ἐκήρυττεν,
435 1548 562 1619 παρ’
603 1543 683 1609 οἷς
716 1546 855 1607 αὐτὰ
887 1544 955 1596 τά
988 1544 1318 1614 χαράγματα
1348 1543 1442 1612 τῆς
1480 1560 1656 1612 μακα-

85 1639 201 1717 ρίας
229 1637 446 1707 ἐκείνης
469 1635 647 1706 χειρὸς
673 1637 751 1697 εἰς
777 1634 855 1701 ἐτι
885 1635 978 1687 καὶ
1000 1634 1095 1695 νῦν
1118 1633 1458 1699 διασώζεται.
1490 1634 1653 1685 Ταῦτ’

83 1728 196 1798 οὐχὶ
227 1730 364 1796 προς
392 1732 485 1793 τὰς
514 1725 861 1805 θεοτεύκτους
888 1726 1102 1791 ὲκείνας
1127 1725 1337 1787 πλάκας
1361 1725 1654 1796 ἁμιλλᾶται

84 1826 143 1893 τῇ
186 1822 526 1892 μεγαλοφυῖα
570 1820 667 1888 τῆς
712 1819 967 1891 χαρίτος;η
1008 1819 1222 1887 ὲκείνας
1265 1819 1322 1872 δὲ
1371 1819 1513 1887 λέγω
1553 1818 1652 1893 τὰς

312 1954 326 1975 .
369 1888 427 1974 ἐν
457 1906 543 1976 αἷς
581 1916 617 1981 ὴ
652 1888 743 1963 τοῦ
790 1888 932 1973 θείου
966 1888 1301 1982 βουλήματος
1343 1888 1657 2001 ὲνετυπώθη

83 2004 387 2074 νομοθεσία.
432 2004 519 2067 Ὠς
555 2002 663 2073 γάρ
692 2002 781 2057 τὸν
814 2003 1053 2061 Μωῦσέα
1086 2003 1251 2073 φησὶν
1289 2006 1316 2059 ὁ
1348 2003 1523 2071 λόγος,
1553 2004 1659 2071 ἔξω

80 2095 168 2147 τοῦ
211 2093 537 2163 φαινομένου
585 2082 911 2163 γενόμενον,
941 2093 1036 2155 καὶ
1082 2093 1233 2171 evre;
1268 2092 1376 2145 τῶν
1408 2094 1657 2166 ἀοράτων

81 2188 284 2249 ἀδύτων
329 2190 396 2269 τῇ
434 2186 578 2265 ψυχῇ
621 2186 963 2247 καταστάντα
998 2184 1189 2257 (τοῦτο
1242 2185 1350 2257 γὰρ
1382 2187 1411 2238 ὁ
1460 2186 1658 2260 γνόφος

82 2278 450 2346 αἰνίττεται),
493 2276 683 2346 μαθεῖν
724 2293 783 2339 τε
827 2276 895 2337 τά
943 2274 1064 2339 θεῖα
1113 2278 1416 2348 μυστήρια,
1453 2280 1546 2332 καὶ
1589 2278 1655 2347 δι’

81 2366 269 2429 ἑαυτοῦ
302 2368 399 2437 τῆς
433 2367 762 2437 θεογνωσίας
803 2366 1005 2433 παντὸς
1041 2367 1134 2423 τοῦ
1179 2368 1306 2423 λαοῦ
1335 2368 1655 2441 καθηγήσα-

86 2460 235 2513 σθαι·
271 2458 371 2530 τὴν
413 2458 582 2530 αὐτὴν
628 2458 745 2512 ἔστι
776 2458 870 2511 καὶ
910 2459 1003 2512 ἐπὶ
1046 2457 1138 2512 τοῦ
1188 2460 1425 2529 μεγάλου
1466 2461 1654 2531 τούτου

84 2551 318 2605 κατιδεῖν
347 2551 675 2621 οἰκονομίαν·
707 2545 750 2617 ᾧ
779 2550 899 2619 ὅρος
932 2550 1030 2621 μὲν
1060 2546 1149 2621 ἦν,
1187 2551 1286 2603 οὐκ
1309 2553 1563 2623 αἰσθητόν
1603 2571 1655 2621 τι

84 2644 115 2714 ἢ
144 2643 446 2712 γεώλοφον,
476 2642 612 2696 ἀλλὰ
638 2643 698 2695 τὸ
733 2642 864 2713 ὕψος
896 2647 995 2715 τῆς
1024 2628 1130 2701 τῶν
1159 2642 1427 2714 ἀληθινῶν
1454 2644 1657 2714 δογμά-

83 2751 189 2786 των
219 2734 549 2804 ὲπιθυμίας·
582 2735 777 2803 γνόφος
814 2735 867 2789 δὲ
909 2735 969 2787 τὸ
1012 2738 1122 2811 τοῖς
1153 2736 1332 2798 ἀλλοις
1372 2735 1657 2806 ἀχὼρητον

85 2825 294 2898 θέαμα-
320 2824 499 2887 δέλτος
521 2824 576 2878 δὲ
617 2827 650 2895 ἡ
679 2826 844 2905 ψυχή’
868 2824 936 2879 τὰ
969 2825 1025 2879 δὲ
1050 2808 1117 2878 ὲν
1140 2828 1258 2888 ταῖς
1288 2824 1450 2891 πλαει
1477 2805 1665 2896 γράμέ

86 2934 252 2989 ματα,
282 2918 316 2986 ἡ
343 2914 438 2977 τοῦ
476 2916 730 2983 ὀφθέντος
775 2917 957 2987 φωνή’
992 2915 1059 2970 δι’
1108 2908 1182 2969 ὧν
1212 2916 1466 2970 ἀπάντων
1509 2915 1657 2987 αὑτῷ

83 3025 140 3061 τε
170 3011 266 3073 καὶ
302 3012 414 3072 τοῖς
451 3011 579 3080 παρ’
616 3010 822 3079 ἐκείνου
867 3010 1414 3080 μυσταγωγουμένοις
1444 3002 1659 3079 ἐγένετο

1760 548 1998 601 sanctus,
2066 541 2323 592 sanctitas
2394 541 2832 608 sanctificationis
2901 541 3332 610 suppeditatrix:

1758 645 1849 697 per
1877 646 2029 697 quem
2078 630 2454 699 manifestatur
2496 631 2636 685 Deus
2681 632 2867 697 Pater,
2919 634 3008 702 qui
3049 642 3124 687 est
3177 648 3334 700 super

1759 724 1937 792 omnia
1961 731 2009 776 et
2044 724 2098 775 in
2129 723 2369 776 omnibus
2397 738 2414 775 :
2442 734 2488 776 et
2522 722 2660 777 Deus
2693 722 2888 788 Filius,
2917 726 3007 793 qui
3030 739 3121 793 per
3150 725 3333 777 omnia

1758 824 2033 884 permanat
2066 830 2083 868 :
2118 814 2351 868 Trinitas
2375 815 2629 884 perfecta,
2661 832 2776 883 qum
2800 814 2969 885 gloria
2997 826 3152 884 atque
3180 827 3334 870 tuler-

1759 907 1923 965 nitate
1950 913 2001 959 et
2034 921 2192 973 regno
2216 921 2319 960 non
2346 906 2602 959 dividitur
2626 923 2786 975 neque
2815 905 3166 960 abalienatur.

1830 995 1971 1067 Ergo
2012 1012 2193 1067 neque
2224 1006 2468 1055 creatum
2514 997 2813 1067 quidquam
2876 1009 2967 1050 aut
3006 1014 3222 1052 servum
3278 999 3332 1051 in

1760 1085 2024 1151 Trinitate
2063 1089 2212 1159 (est),
2243 1105 2421 1159 neque
2464 1090 2763 1144 ascititium
2810 1091 3109 1160 quidquam
3136 1100 3191 1145 et
3230 1089 3327 1143 ad«

1758 1180 2071 1251 ventitium,
2097 1191 2155 1243 ut
2177 1181 2322 1251 quod
2349 1188 2502 1250 prius
2528 1183 2753 1251 quidem
2783 1198 2888 1237 non
2909 1190 3056 1237 esset
3079 1198 3179 1236 nec
3201 1196 3332 1251 sup-

1757 1280 1991 1342 peteret,
2028 1274 2301 1341 posterius
2336 1282 2519 1331 autem
2558 1272 2934 1331 introductum
2984 1273 3055 1328 sit
3096 1290 3110 1325 :
3156 1288 3331 1342 neque

1758 1380 1890 1435 vero
1911 1366 2069 1427 deest
2098 1382 2337 1436 unquam
2372 1366 2543 1428 Filius
2575 1367 2629 1420 in
2660 1364 2822 1425 Patre
2860 1385 2871 1421 :
2901 1382 3075 1435 neque
3104 1366 3157 1419 in
3194 1363 3332 1419 Filio

1760 1457 2003 1527 Spiritus
2045 1476 2057 1512 :
2094 1459 2186 1521 sed
2233 1456 2593 1519 immutabilis
2641 1468 2695 1513 et
2739 1458 3101 1521 inalterabilis
3142 1458 3331 1515 eadem

1759 1565 1973 1620 semper
2021 1548 2266 1605 Trinitas
2310 1560 2410 1607 est.
2454 1550 2611 1616 Quod
2662 1551 2707 1607 si
2745 1551 2869 1623 quis
2909 1551 3015 1605 sibi
3058 1550 3214 1607 ﬁdem
3264 1551 3332 1604 de

1760 1642 1863 1696 bac
1894 1657 1952 1696 re
1985 1641 2099 1707 ﬁeri
2154 1642 2326 1710 cupit,
2371 1643 2559 1695 audiat
2611 1641 2938 1703 Ecclesiam,
2990 1640 3178 1709 inqua
3210 1655 3331 1695 ser-

1759 1750 1982 1801 monem.
2020 1734 2375 1802 praedicabat,
2421 1734 2566 1801 apud
2607 1749 2769 1802 quam
2807 1734 2901 1786 illa
2940 1734 3057 1809 ipsa
3099 1732 3262 1787 verba
3299 1746 3331 1785 a

1760 1826 1917 1893 beata
1942 1826 2035 1889 illa
2061 1841 2226 1887 manu
2266 1834 2488 1887 exarata
2516 1826 2695 1880 adbuc
2726 1826 2886 1879 etiam
2920 1841 3069 1879 nunc
3103 1840 3331 1880 conser-

1758 1927 1980 1985 vantur.
2035 1916 2232 1983 Annon
2271 1917 2388 1971 haec
2422 1933 2549 1979 cum
2607 1916 2809 1974 divinis
2841 1916 2948 1970 illis
2978 1914 3184 1969 tabulis
3216 1930 3331 1967 ma-

1763 2010 2053 2080 gnitudine
2091 2011 2280 2079 gratia:
2314 2009 2562 2073 certant?
2585 2010 2707 2062 illas
2737 2007 2865 2069 dico
2890 2007 3103 2065 tabulas
3138 2007 3190 2061 in
3207 2006 3331 2075 qui-

1757 2100 1861 2169 bus
1923 2101 2119 2157 divinae
2175 2100 2470 2167 voluntatis
2540 2098 2861 2163 constitutio
2936 2097 3210 2164 insculpta
3277 2106 3332 2151 et

1757 2201 1981 2251 exarata
2042 2202 2146 2247 est.
2197 2190 2669 2259 Quemadmodum
2720 2190 2866 2245 enim
2925 2187 3149 2258 Moysen
3196 2187 3332 2242 dicit

1760 2286 2071 2355 Scriptura,
2114 2301 2239 2351 eum
2284 2292 2442 2347 extra
2491 2284 2541 2337 id
2586 2283 2730 2352 quod
2767 2289 3008 2351 apparet,
3042 2280 3329 2345 evasisset,

1757 2388 1812 2433 et
1853 2381 1996 2441 inter
2026 2375 2326 2443 invisibilia
2372 2374 2535 2445 adyta
2580 2374 2762 2437 animo
2807 2371 3140 2435 constitutus
3186 2377 3333 2425 esset

1760 2470 1887 2537 (hoc
1910 2470 2056 2531 enim
2090 2469 2327 2533 obscure
2371 2483 2466 2537 per
2506 2467 2797 2536 caliginem
2843 2462 3228 2535 signiﬁcatur),
3275 2468 3331 2517 ct

1758 2560 2022 2627 didicisse
2053 2560 2240 2624 divina
2270 2562 2555 2633 mysteria,
2579 2567 2633 2620 et
2671 2572 2769 2625 per
2804 2571 2923 2613 sese
2948 2555 3099 2611 omni
3131 2554 3332 2622 popqu

1760 2664 2040 2713 auctorem
2087 2661 2140 2717 et
2179 2652 2551 2713 institutorem
2609 2648 2703 2711 Dei
2736 2648 3068 2718 cognitionis
3113 2646 3327 2702 fuisse:

1758 2746 2004 2803 eamdem
2050 2745 2174 2798 licet
2223 2745 2387 2807 etiam
2442 2742 2499 2797 in
2550 2741 2653 2796 hoc
2686 2755 2884 2809 magno
2930 2738 3047 2793 viro
3081 2737 3329 2792 animad-

1763 2845 1973 2899 vertere
2026 2833 2468 2903 dispositionem,
2532 2830 2622 2885 cui
2687 2830 2808 2891 loco
2863 2828 3069 2885 mentis
3110 2828 3333 2897 quidem

1759 2937 1903 2991 erat,
1959 2943 2068 2985 non
2115 2926 2217 2992 sub
2266 2940 2487 2989 sensum
2531 2922 2734 2979 cadens
2779 2921 2978 2990 aliquis
3017 2920 3194 2983 collis,
3237 2920 3332 2975 sed

1761 3018 1996 3083 altitudo
2027 3016 2293 3083 desiderii
2322 3030 2575 3079 verarum
2609 3013 3007 3073 sententiarum
3041 3011 3334 3081 etopinio-

82 3100 115 3167 ἡ
145 3097 254 3152 τῶν
285 3099 597 3168 μυστηρίων
630 3100 955 3168 φανέρωσις.
1002 3100 1217 3172 Ἐπειδὴ
1244 3100 1424 3155 τοίνυν
1451 3105 1659 3174 παρρητ

1766 3126 1890 3171 num
1932 3130 1945 3165 :
1990 3109 2240 3179 caliginis
2289 3116 2473 3163 autem
2522 3108 2661 3169 vice,
2717 3105 3117 3175 spectaculum,
3172 3103 3334 3172 cujus

84 3189 203 3252 σίας
242 3190 386 3255 τινὸς
420 3192 514 3242 καὶ
550 3189 781 3259 θάρσους
825 3190 912 3245 διὰ
943 3192 1042 3260 τῆς
1069 3191 1241 3261 ὅψεως
1272 3193 1486 3264 ἐκείνης
1523 3194 1660 3265 πλή-

87 3298 187 3352 ρης
228 3282 466 3349 ἐγένετο,
507 3283 755 3353 καθάπερ
798 3300 882 3348 τις
928 3283 1166 3354 ἀθλητὴς
1209 3283 1484 3355 ἀρκοῦσαν
1525 3286 1662 3356 πρὸς

81 3377 208 3449 τοὺς
253 3374 448 3439 ἄθλους
481 3374 773 3446 ἐμπειρίαν
805 3392 863 3427 τε
899 3377 992 3441 καὶ
1024 3354 1257 3446 δύναμιν
1282 3378 1347 3431 ὲκ
1388 3354 1663 3449 παιδοτήρίλ

84 3466 178 3519 ϐου
212 3466 579 3537 κτησάμενος,
610 3466 822 3538 θαρσῶν
850 3467 1141 3535 ἀποδύεται
1172 3469 1307 3539 πρὸς
1337 3470 1397 3522 τὸ
1428 3451 1660 3535 στάδιον,

82 3558 180 3611 καὶ
232 3558 371 3629 πρὸς
420 3558 546 3627 τοὺς
595 3559 922 3623 ἀντιπάλους
968 3560 1312 3627 ἀγωνίζεται,
1356 3561 1449 3615 τὸν
1502 3562 1664 3616 αὐτὸν

83 3651 291 3721 τρόπον
322 3651 596 3714 κάκεῖνος,
628 3653 693 3722 τῇ
732 3668 792 3717 τε
826 3650 946 3705 καθ’
984 3652 1173 3705 ἑαυτὸν
1219 3652 1415 3725 μελέτῃ
1459 3654 1553 3707 καὶ
1596 3656 1664 3726 τῇ

85 3742 381 3814 συμμαχίᾳ
429 3742 529 3811 τῆς
586 3743 940 3814 ἐπιφανείσης
980 3743 1130 3815 αὐτῷ
1162 3744 1414 3825 χάριτος,
1465 3745 1666 3811 ἱκανῶς

82 3835 182 3905 τὴν
216 3834 399 3905 ψυχὴν
441 3834 820 3906 ἀλειψάμενος,
856 3836 1029 3901 οὕτως
1070 3838 1527 3909 ἀντιλαμϐάνεται
1555 3839 1667 3909 τῶν

84 3926 338 3994 ἀγώνων.
373 3926 447 3980 Οὐ
488 3928 596 4003 γὰρ
628 3926 755 3992 ἀλλο
784 3944 838 3978 τι
872 3927 975 3999 χρὴ
1010 3928 1214 3992 καλεῖν,
1257 3929 1290 4001 ἢ
1324 3929 1539 3997 ἀγῶνας
1571 3928 1667 3982 καὶ

84 4016 307 4093 ἄθλους,
343 4016 519 4083 πάντα
550 4018 640 4081 τὸν
674 4016 794 4083 καθ’
828 4017 1122 4089 ἱερωσύνην
1163 4017 1326 4087 αὑτοῦ
1363 4018 1497 4089 βίον,
1540 4020 1595 4073 ὲν
1622 4011 1666 4086 ᾧ

85 4111 275 4177 πᾶσαν
323 4108 410 4177 διὰ
458 4109 556 4179 τῆς
587 4110 823 4173 πίστεως
855 4100 952 4182 τὴν
984 4109 1078 4163 τοῦ
1116 4111 1491 4181 ἀντικειμένου
1532 4128 1667 4181 κατ-

85 4202 402 4273 ηγωνίσατο
417 4201 667 4273 δύναμιν.
688 4202 863 4268 Εὐθὺς
880 4202 1123 4281 γὰροάπὺ
1147 4204 1244 4275 τῆς
1265 4205 1521 4276 ἐσχατιᾶς
1543 4206 1670 4258 ἑαυ-

85 4298 179 4349 τὸν
214 4296 553 4367 ἀναστήσας,
594 4298 688 4360 καὶ
724 4297 858 4367 πρὸς
879 4298 979 4367 τὴν
1010 4296 1162 4350 πόλιν
1185 4296 1281 4368 τὴν
1309 4296 1484 4368 ὁρμὴν
1507 4296 1665 4367 ἔχων,

86 4392 145 4443 ὲν
289 4388 398 4443 ἔδει
453 4390 531 4461 τῷ
574 4388 691 4460 Θεῷ
737 4378 835 4460 τὴν
893 4387 1215 4459 Ἐκκλησίαν
1262 4386 1666 4457 συστήσᾳσθαν

1762 3202 2044 3274 spectandi
2086 3201 2177 3261 alii
2224 3214 2454 3271 capaces
2491 3214 2599 3254 non
2632 3210 2759 3255 sunt
2798 3215 2811 3252 :
2857 3196 3168 3251 tabularum
3205 3212 3335 3250 vero

1761 3297 1903 3361 loco.
1933 3296 2153 3355 animus
2190 3293 2351 3351 :loco
2394 3294 2697 3349 litterarum
2740 3293 2793 3345 in
2842 3290 3042 3347 tabulis
3084 3299 3338 3345 exarata-

1761 3404 1906 3451 rum,
1941 3387 2062 3456 ejus
2091 3401 2214 3456 qua:
2250 3385 2299 3441 ei
2324 3384 2577 3455 apparuit
2609 3399 2737 3449 vox,
2771 3381 2974 3453 quibus
2999 3381 3255 3447 omnibus
3283 3389 3339 3435 et

1764 3481 1893 3550 ipsi,
1927 3488 1982 3534 et
2016 3480 2084 3535 iis
2107 3478 2201 3548 qui
2226 3478 2295 3535 ab
2318 3477 2411 3533 illo
2434 3477 2488 3531 in
2515 3476 2694 3531 sacris
2716 3474 3166 3539 instituebantur,
3204 3488 3339 3527 con-

1764 3570 1886 3641 tigit
1932 3568 2301 3627 manifestatio
2353 3576 2516 3637 atque
2573 3565 2872 3622 declaratio
2927 3564 3337 3636 mysteriorum.

1763 3662 2062 3733 Postquam
2102 3661 2268 3732 igitur
2312 3659 2480 3714 animi
2517 3658 2804 3714 alacritate
2838 3657 3103 3728 quadam,
3142 3654 3338 3711 ﬁducia

1765 3764 1929 3825 atque
1976 3754 2227 3810 libertate
2278 3767 2375 3822 per
2424 3752 2572 3807 illam
2621 3750 2891 3805 visionem
2943 3748 3189 3817 repletus
3230 3752 3337 3810 est,

1766 3845 2225 3918 quemadmodum
2274 3844 2475 3899 athleta
2535 3841 2759 3913 quidam
2817 3838 3151 3897 sullicientes
3195 3835 3341 3906 apud

1766 3938 2125 4007 pa'dotribam
2183 3936 2330 3991 vires
2388 3944 2552 4003 atque
2609 3931 2863 4002 peritiam
2922 3928 2989 3983 ad
3038 3929 3341 3984 certamina

1768 4031 2021 4100 adeptus,
2081 4026 2338 4099 praesenti
2389 4025 2574 4079 animo
2625 4032 2787 4093 atque
2834 4020 3048 4077 ﬁduciae
3084 4019 3243 4089 pleno
3285 4019 3340 4073 in

1769 4120 1949 4176 stadio
1985 4136 2046 4176 se
2070 4117 2222 4174 exuit
2253 4126 2307 4173 et
2345 4114 2586 4185 expedit,
2626 4122 2681 4168 et
2715 4128 2838 4167 cum
2864 4110 3198 4167 adversariis
3240 4108 3340 4163 de-

1769 4219 1944 4267 certat
1977 4225 1990 4261 :
2048 4209 2239 4263 eodem
2284 4205 2449 4264 modo
2492 4203 2657 4260 etiam
2705 4202 2796 4257 ille
2834 4216 2984 4267 cum,
3018 4199 3179 4255 sicuti
3219 4198 3341 4250 oleo

1770 4318 1970 4372 corpus
2016 4307 2285 4369 augentes
2337 4297 2555 4353 athletae
2592 4296 2739 4351 vires
2784 4292 3111 4349 conﬁrmare
3142 4289 3340 4351 solent,

1771 4403 1888 4451 tum
1934 4393 2019 4448 sui
2075 4391 2492 4452 exercitatione,
2550 4396 2664 4444 tum
2722 4385 2926 4441 auxilio
2968 4382 3179 4453 gratiae,
3224 4395 3345 4450 quae

84 4484 281 4555 ἐπειδὴ
312 4484 452 4554 ἔγνω
473 4483 648 4541 πάντα
668 4482 756 4535 τὸν
781 4480 956 4559 χῶρον
976 4483 1042 4551 τῇ
1062 4479 1172 4533 τῶν
1194 4479 1464 4548 δαιμόνων
1487 4479 1662 4551 ἀπάτῃ

1775 4486 1878 4540 sibi
1937 4491 2287 4555 apparuerat,
2325 4482 2565 4536 animum
2615 4480 2751 4534 satis
2805 4475 3210 4536 conﬁrmasset,
3270 4473 3344 4525 ita

84 4574 607 4647 κατακρατούμενον
629 4614 642 4638 ,
688 4573 782 4627 καὶ
812 4569 905 4625 τοῦ
942 4573 1041 4643 μὲν
1073 4571 1322 4643 ἀληθινοῦ
1371 4571 1506 4639 Θεοῦ
1544 4572 1670 4633 ναὸν

82 4656 332 4740 οὐδαμοῦ
360 4666 865 4735 κατεσκευασμένον
886 4705 898 4728 ,
929 4664 1364 4736 πεπληρωμένην
1399 4663 1456 4718 δὲ
1491 4664 1671 4731 πᾶσαν

83 4762 184 4833 τὴν
220 4760 380 4817 πόλιν
426 4759 525 4815 καὶ
566 4759 664 4829 τὴν
713 4756 984 4827 περίοικον
1032 4755 1229 4828 βωμῶν
1266 4772 1325 4807 τε
1371 4753 1531 4826 ιερῶν
1577 4755 1673 4817 καὶ

83 4853 487 4924 ἀφιδρυμάτων
507 4868 521 4882 ·
548 4848 745 4927 παντὸς
774 4846 867 4905 τοῦ
897 4846 1081 4909 ἔθνους
1106 4845 1309 4917 ταύτην
1332 4845 1544 4916 ἔχοντος
1576 4846 1673 4917 τὴν

86 4944 358 5014 σπουδὴν,
400 4944 546 5005 ὅπως
584 4940 649 4995 ἂν
686 4942 755 4996 τά
797 4939 994 5011 τεμένη
1032 4938 1140 5003 τῶν
1187 4937 1416 5009 εἰδῴλων
1464 4940 1557 5005 καὶ
1605 4939 1674 4991 τά

84 5038 218 5111 Ξερά
270 5036 692 5099 καλλωπίςοιτο,
732 5034 824 5087 καὶ
866 5031 1168 5103 παραμένοι
1215 5033 1325 5093 τοῖς
1369 5030 1674 5100 ἀνθρώποις

84 5130 119 5199 ἡ
165 5124 534 5196 εἰδωλομανία
556 5162 571 5189 ,
620 5124 863 5193 πομπαῖς
905 5139 961 5174 τε
1008 5122 1101 5175 καὶ
1143 5121 1383 5183 τελεταῖς
1426 5122 1521 5174 καὶ
1564 5122 1674 5183 τοῖς

85 5218 424 5287 ἐπιᾷιυμίοις
487 5215 758 5287 μιάσμασι
823 5210 1225 5284 κρατυνομὲνη·
1285 5210 1534 5281 καθάπερ
1591 5227 1675 5273 τις

86 5310 443 5385 στρατιώτης
475 5309 718 5377 γενναῖος
751 5304 827 5375 τῷ
861 5302 1149 5373 κρατοῦντι
1188 5302 1290 5372 τῆς
1322 5299 1677 5374 παρατάξεως

86 5401 471 5473 συμπλακεὶς,
502 5399 569 5450 δι’
602 5398 810 5450 ἐκείνου
838 5395 898 5447 τὸ
925 5392 1231 5463 ὑποχείριον
1261 5393 1553 5469 τρέπεται·
1583 5390 1676 5445 οὒ-

82 5514 201 5561 τως
236 5494 332 5563 καὶ
359 5494 388 5546 ό
422 5492 592 5563 μέγας
630 5486 779 5553 οὗτος
812 5489 907 5543 ἀπ’
938 5485 1116 5541 αὐτῶν
1151 5485 1259 5551 τῶν
1288 5486 1554 5559 δαιμόνων
1580 5485 1679 5556 τῆς

84 5587 383 5663 ἀριστείας
405 5587 649 5656 ἄρχεται.
680 5582 774 5644 Τίς
802 5581 857 5634 δὲ
882 5580 909 5631 ὁ
933 5578 1161 5648 τρόπος;
1190 5578 1545 5647 Διερχόμενος
1571 5577 1679 5647 γὰρ

83 5684 196 5749 τὴν
234 5679 346 5735 ἀπὺ
376 5677 476 5747 τῆς
523 5675 776 5746 ἐσχατιᾶς
820 5672 912 5726 imi.
946 5670 1040 5741 τὴν
1076 5670 1229 5723 πόλιν
1260 5670 1410 5735 ὁδὸν,
1445 5669 1680 5740 ἑσπέρας

87 5768 549 5840 καταλαϐούσης,
602 5767 695 5821 καὶ
744 5764 947 5836 ὄμϐρου
998 5761 1295 5833 βιαιοτέρου
1339 5761 1675 5832 συνέχοντος,

1771 4580 1988 4632 demum
2034 4577 2099 4629 ad
2138 4574 2441 4629 certamina
2475 4572 2811 4643 aggreditur.
2852 4568 3040 4637 Neque
3068 4566 3212 4621 enim
3246 4564 3346 4618 ali-

1774 4677 1855 4724 ter
1884 4678 2047 4738 atque
2079 4668 2293 4723 labores
2319 4674 2372 4721 et
2400 4666 2703 4719 certamina
2734 4661 2919 4717 vocari
2946 4666 3161 4729 oportet
3183 4672 3346 4711 omne

1773 4768 1989 4831 tempus
2016 4760 2157 4823 vitaz,
2185 4759 2329 4829 quod
2358 4755 2795 4812 administrando
2828 4751 3137 4809 sacerdotio
3166 4757 3347 4803 trans-

1773 4854 1913 4920 egit,
1961 4854 2014 4906 in
2052 4866 2162 4921 quo
2214 4866 2309 4920 per
2364 4850 2522 4904 tidem
2563 4864 2755 4902 omnes
2801 4844 3102 4900 adversarii
3151 4840 3340 4909 copias

1778 4944 1939 5014 fregit
2001 4954 2165 5013 atque
2205 4943 2426 4998 devicit.
2486 4940 2620 4994 Nam
2663 4956 2786 4994 cum
2828 4938 3018 4993 relicta
3052 4931 3347 4990 solitudine

1775 5035 2026 5104 protinus
2081 5033 2269 5087 urbem
2348 5039 2576 5101 peteret,
2624 5030 2676 5082 in
2734 5043 2840 5097 qua
2881 5024 3169 5095 oportebat
3221 5034 3345 5072 cum

1777 5124 2076 5180 Ecclesiam
2128 5123 2236 5177 Deo
2277 5123 2614 5177 constituere
2664 5140 2676 5174 :
2714 5120 2806 5174 ubi
2835 5116 3094 5188 cognovit
3129 5126 3347 5169 omnem

1775 5218 2053 5289 regionem
2089 5215 2267 5269 fraudi
2296 5216 2605 5269 daemonum
2634 5212 2926 5266 obnoxiam
2964 5222 3109 5267 esse,
3148 5220 3211 5258 ac
3235 5202 3348 5256 veri

1776 5309 1995 5381 quidem
2028 5309 2116 5363 ltei
2146 5308 2407 5377 templum
2451 5319 2719 5374 nusquam
2758 5307 3119 5363 exstructum,
3158 5295 3347 5351 urbem

1776 5418 1907 5459 vero
1940 5410 2111 5457 totam
2160 5408 2324 5471 atque
2377 5415 2567 5469 agrum
2603 5397 2842 5452 vicinum
2884 5394 3016 5457 aris,
3045 5388 3263 5445 sacellis
3297 5397 3352 5443 et

1778 5497 1975 5552 statuis
2004 5495 2271 5564 repletum
2302 5508 2444 5555 esse,
2474 5507 2599 5546 cum
2624 5497 2739 5543 tota
2770 5487 2922 5541 natio
2957 5485 3007 5539 id
3034 5482 3137 5537 sibi
3165 5479 3351 5536 studio

1778 5587 2032 5649 haberet,
2082 5592 2141 5639 ut
2190 5584 2416 5639 delubra
2462 5582 2885 5637 simulacrorum
2935 5586 3099 5645 atque
3150 5572 3351 5628 sacella

1780 5686 2201 5741 exornarentur,
2238 5686 2292 5731 et
2326 5677 2574 5731 homines
2615 5674 2669 5727 in
2697 5670 2893 5728 insano
2931 5669 3351 5727 simulacrorum

1782 5771 1951 5838 cultu,
1984 5768 2077 5840 qui
2123 5767 2357 5840 pompis,
2400 5764 2741 5822 caeremoniis
2776 5772 2940 5835 atque
2983 5759 3353 5819 immunditiis
