3834 6402
485 244 595 305 915

1632 255 1657 304 Γ
1728 257 1787 313 S.
1816 257 2082 316 GREt’iOF

2191 261 2470 319 NYbSENl
3656 274 3748 329 9ιῦ

481 366 553 422 ad
571 381 694 422 aras
714 366 826 422 ﬁeri
857 368 1139 425 consuetis
1158 370 1607 440 conﬁrmaretur,
1634 392 1913 445 permanet
1928 388 2019 431 ent
2043 398 2055 432 :

2194 382 2313 445 ντδς
2351 382 2498 453 ἱεροῦ
2529 400 2672 445 τινος
2698 383 2927 453 γίνεται,
2963 384 3103 454 μετὰ
3134 385 3240 439 τῶν
3274 388 3560 457 ἑπομένων
3588 388 3742 456 αὐτῷ.

480 456 938 526 quemadmodum
993 467 1254 515 strenuus
1296 462 1519 531 quidam
1561 465 1717 519 miles
1757 481 1881 519 cum
1919 467 2059 521 dure

480 548 785 615 copiarum,
808 547 968 616 cujus
992 548 1190 604 robore
1221 554 1568 620 potissimum
1591 570 1655 609 ac
1684 557 1889 612 virtute
1911 560 2060 614 acies

481 637 922 699 adversariorum
965 647 1094 703 stet,
1132 658 1491 713 congressus,
1530 647 1624 701 illo
1664 649 1907 715 devicto,
1952 652 2056 704 im-

479 731 632 798 perio
660 730 780 800 ejus
819 741 1074 799 parentes
1109 734 1163 789 in
1198 735 1381 806 fugam
1421 738 1585 792 vertit
1620 758 1632 794 :
1664 738 1856 794 eodem
1899 743 2063 795 modo

2167 473 2241 526 Τὸ
2283 474 2339 527 δὲ
2374 474 2518 545 ἱερὸν
2560 477 2737 528 ἐκεῖνο
2768 475 2877 530 τῶν
2902 478 3191 549 ἐπισήμων
3230 473 3317 549 ἦν,
3360 472 3406 547 ᾧ
3437 496 3526 542 τις
3551 482 3747 551 φανερά

2168 563 2276 615 τῶν
2305 563 2760 636 θεραπευομένων
2790 568 3059 648 δαιμόνων
3098 570 3442 641 ἐπισοίτησις
3472 574 3588 634 τοῖς
3626 590 3746 624 νεω-

2170 653 2350 722 κόροις
2383 655 2609 723 ἐγίνετο,
2650 656 2919 726 μαντικῆς
2953 676 3094 722 τινος
3117 660 3473 731 χρησμῳδίας
3499 661 3633 731 παρ’
3662 664 3747 713 αὖα
3806 674 3810 737 l

2170 743 2279 795 τῶν
2311 745 2731 817 ἐνεργουμένης.

478 830 640 883 etiam
691 845 922 901 magnus
964 832 1071 889 iste
1114 833 1200 886 vir
1243 834 1313 888 ab
1356 834 1491 903 ipsis
1539 835 1880 893 daemonibus
1926 854 2040 893 rem
2081 839 2217 893 bene
2255 856 2444 909 gerere
2494 844 2711 898 orditur
2748 862 2761 897 :
2819 846 2914 902 sed
2967 863 3075 918 qua
3126 848 3376 903 ratione?
3425 848 3570 902 Cum
3623 863 3745 918 pne-

481 933 786 982 tereuntem
834 940 864 978 a
913 927 1210 982 solitudine
1255 926 1321 980 ad
1373 930 1564 983 urbem
1628 944 1821 985 versus
1878 946 2073 1001 vesper
2111 933 2501 1003 oppressisset,
2543 946 2597 991 et
2631 938 2811 995 imber
2844 941 3141 997 violentior
3172 951 3411 1013 urgeret,
3468 959 3579 997 una
3633 960 3743 998 cum

481 1018 780 1074 comitibus
835 1021 1099 1089 templum
1164 1019 1440 1089 quoddam
1505 1021 1694 1077 intrat.
1768 1020 2057 1092 Templum
2109 1034 2290 1079 autem
2365 1025 2498 1079 illud
2556 1028 2771 1084 celebre
2813 1039 2934 1085 erat
2979 1049 2993 1085 :
3041 1031 3097 1086 in
3143 1046 3254 1102 quo
3289 1034 3384 1104 qui
3431 1033 3745 1087 colebantur

484 1115 763 1171 daemones
802 1115 1095 1170 manifesto
1133 1132 1193 1171 se
1239 1116 1439 1173 oll‘erre
1480 1124 1535 1171 et
1580 1117 1850 1174 accedere
1910 1118 1980 1174 ad
2023 1121 2304 1177 antistites
2340 1123 2529 1193 templi
2562 1134 2615 1179 et
2647 1125 2879 1181 aedituos
2918 1128 3168 1182 solebant
3202 1147 3215 1181 :
3246 1127 3453 1198 quippe
3490 1128 3748 1181 divinatio

484 1209 735 1281 quaedam
774 1209 843 1263 ab
879 1210 959 1265 eis
996 1211 1375 1275 exercebatur,
1415 1218 1469 1267 et
1499 1213 1782 1266 oraculum
1807 1213 2091 1267 edebatur.

559 1300 696 1357 Cum
727 1317 788 1357 se
818 1304 1116 1372 recepisset
1150 1304 1322 1374 igitur
1354 1319 1478 1359 cum
1512 1305 1807 1360 comitibus
1843 1305 1897 1358 in
1928 1305 2063 1361 illud

2244 1306 2522 1361 ’Υπελθὼν
2551 1309 2607 1362 δέ
2639 1308 2702 1362 τδ
2737 1310 2879 1381 ἱερὸν
2914 1311 3051 1381 μετά
3084 1311 3191 1364 τῶν
3226 1311 3323 1365 σίον
3356 1310 3533 1380 αὑτῷ,
3556 1311 3627 1362 τά
3664 1312 3749 1379 μὲν

488 1393 775 1465 templum,
849 1395 1123 1451 daemones
1183 1395 1404 1466 quidem
1458 1396 1641 1450 statim
1716 1396 2067 1452 invocatione

2191 1399 2420 1469 ἱαιμόνια
2460 1400 2799 1470 παραχρῆμα
2829 1403 2896 1472 τῇ
2941 1401 3225 1472 ἐπικλήσει
3250 1400 3345 1455 τοῦ
3373 1402 3642 1471 ὀνόματος
3667 1397 3748 1453 το]

487 1488 731 1545 nominis
754 1487 962 1543 Christi
991 1487 1369 1559 perterrefecit
1401 1507 1412 1541 :
1455 1488 1625 1559 ﬁgura
1662 1497 1846 1544 autem
1882 1488 2068 1545 crucis

2191 1491 2409 1562 (ριστοῦ
2437 1494 2829 1563 κατεπτόησεν·
2861 1492 2943 1562 τῷ
2978 1493 3035 1546 δέ
3076 1492 3231 1563 τύπῳ
3264 1492 3359 1546 τοῦ
3396 1493 3640 1563 σταυροῦ
3672 1495 3749 1545 τέ)

488 1580 779 1635 nidoribus
828 1581 1174 1650 inquinatum
1220 1595 1350 1635 aera
1402 1596 1529 1635 cum
1577 1581 1854 1651 expiasset
1904 1588 2069 1651 atque

2177 1581 2585 1652 μεμολυσμένον
2635 1587 2757 1648 ταῖς
2802 1584 3053 1648 κνίσσαις
3100 1583 3239 1655 ἀέρα
3280 1584 3653 1653 καθαγνίσας,
3681 1585 3749 1637 δι-

491 1674 806 1738 lustrasset,
835 1674 983 1745 quod
1013 1674 1197 1729 facere
1240 1674 1439 1728 solitus
1471 1683 1613 1737 erat,
1648 1681 1866 1727 noctem
1896 1681 2065 1728 totam

2191 1673 2401 1743 ἢγαγεν,
2433 1670 2577 1726 κατά
2611 1673 2674 1726 τὸ
2713 1673 2944 1745 σύνηθες
2971 1673 3141 1744 αὑτῷ,
3166 1674 3265 1743 τὴν
3292 1672 3468 1727 νύκτα
3498 1675 3681 1728 πᾶσαν
3702 1677 3749 1726 ἐν

489 1765 834 1819 orationibus
871 1771 927 1818 et
972 1763 1194 1819 laudum
1226 1763 1709 1819 decantationibus
1744 1764 2068 1834 pervigilem

490 1857 784 1927 tratrsegit,
816 1855 954 1910 adeo
984 1855 1122 1909 utin
1153 1854 1376 1909 domum
1403 1855 1680 1910 orationis
1709 1855 2071 1910 transforma-

490 1955 646 2005 retur
689 1948 835 2003 :edes
868 1948 984 2013 illa,
1037 1963 1160 2017 qua)
1202 1954 1256 2004 et
1296 1949 1550 2003 altarium
1586 1948 1846 2004 sordibus
1877 1957 1932 2004 et
1970 1948 2073 2003 im-

493 2039 763 2095 munditia
793 2048 1186 2111 conspurcata,
1213 2049 1265 2095 et
1292 2042 1491 2097 statuis
1521 2042 1709 2098 odiosa
1743 2049 1908 2113 atque
1937 2043 2072 2097 abo-

493 2132 777 2187 minabilis
833 2140 973 2188 erat.
1037 2130 1152 2188 Hoc
1198 2134 1382 2205 itaque
1441 2134 1604 2188 modo
1667 2140 1827 2188 nocte
1887 2132 1957 2188 ab
2006 2148 2075 2189 eo

494 2230 799 2286 transacta,
842 2222 992 2277 circa
1017 2223 1321 2278 diluculum
1351 2237 1547 2279 rursus
1572 2223 1677 2279 iter
1710 2238 1871 2278 suum
1906 2237 2075 2294 porro

495 2312 682 2370 facere
724 2315 1003 2385 pergebat.
1041 2316 1177 2371 Cum
1232 2325 1415 2373 autem
1452 2317 1684 2372 antistes
1729 2331 1892 2372 mane
1937 2331 2076 2371 con-

496 2411 658 2461 sueto
685 2404 865 2459 otlicio
907 2403 1187 2461 daemones
1221 2406 1448 2470 coleret,
1490 2406 1674 2462 oblata
1715 2406 1763 2461 ei
1807 2406 2076 2462 daemonia

497 2493 708 2550 dixisse
739 2492 1021 2559 feruntur,
1052 2512 1161 2551 non
1198 2496 1302 2551 sibi
1333 2505 1519 2567 patere
1555 2498 1786 2568 posthac
1840 2498 2077 2568 amplius

499 2586 708 2665 aditum
736 2586 804 2642 ad
835 2589 1119 2658 templum,
1149 2596 1375 2660 propter
1405 2605 1555 2655 eum,
1586 2591 1680 2661 qui
1710 2590 1766 2645 in
1796 2605 1863 2645 eo
1898 2590 2077 2645 diver-

500 2688 659 2736 satus
687 2687 833 2737 esset
876 2699 891 2735 :
923 2688 1088 2750 atque
1116 2680 1207 2746 ille
1232 2681 1567 2737 lustratoriis
1591 2682 2077 2754 piacularibusque

501 2771 794 2829 sacrificiis
816 2780 870 2827 et
901 2772 1104 2829 hostiis
1123 2779 1284 2828 utens
1309 2788 1406 2843 per
1422 2772 1539 2828 haec
1559 2773 1626 2828 ad
1653 2772 2077 2843 immigrandunt

500 2879 701 2921 rursus
735 2865 792 2920 in
826 2865 1087 2936 templum
1116 2864 1385 2921 daemonia
1411 2864 1615 2921 dicitur
1649 2865 1884 2921 invitare
1912 2879 2081 2920 cona-

502 2965 596 3012 tus
645 2969 770 3012 esse
805 2974 820 3010 :
863 2961 923 3011 ut
970 2963 1152 3011 autem
1205 2955 1343 3011 nihil
1383 2970 1494 3011 non
1531 2957 1795 3012 tentantis
1830 2955 2078 3012 studium

2177 1766 2506 1838 προσευχαῖς
2537 1782 2596 1818 τε
2638 1765 2734 1818 καὶ
2777 1764 3071 1836 ὑμνῳδίαις
3113 1765 3573 1836 διαγρυπνήσας,
3623 1760 3750 1817 ὥστε

2181 1855 2694 1927 μετασκευασθῆναι
2729 1858 2809 1921 εἰς
2856 1857 3167 1929 προσευχῆς
3200 1852 3377 1921 οἶκον,
3407 1857 3505 1909 τὸν
3546 1855 3750 1908 ἐϐδελυο

2177 1946 2378 2016 γμένον
2412 1946 2488 2016 τῷ
2534 1963 2592 2000 τε
2636 1946 2921 2018 ἐπιϐωμίῳ
2957 1947 3140 2018 λύθρῳ
3170 1948 3263 2001 καὶ
3303 1947 3418 2011 τοῖς
3450 1945 3752 2015 ἀφιδρύμα-

2180 2050 2284 2089 σιν.
2329 2035 2529 2089 Τοῦτον
2567 2035 2623 2089 δέ
2666 2037 2756 2090 τὸν
2792 2038 2993 2107 τρόπον
3030 2037 3129 2108 τῆς
3167 2037 3359 2101 νυκτὸς
3399 2036 3556 2107 αὑτῷ
3584 2037 3752 2089 διανο-

2182 2126 2423 2199 σθείσης,
2471 2129 2648 2198 εῖχετο
2693 2127 2853 2183 πάλιν
2892 2129 3033 2183 κατὰ
3061 2130 3152 2183 τὸν
3196 2129 3394 2203 δρθρον
3434 2130 3540 2201 τῆς
3578 2128 3674 2181 ἐπὶ
3704 2127 3755 2180 τὸ

2181 2221 2370 2291 πρόσω
2407 2222 2649 2293 πορείας.
2683 2222 2791 2276 Τοῦ
2839 2223 2897 2277 δέ
2942 2224 3214 2295 νεωκόρου
3260 2225 3404 2278 κατά
3445 2223 3544 2276 τὸν
3570 2222 3757 2293 δρθρον
3812 2242 3813 2263 δ

2180 2311 2280 2383 τὴν
2304 2311 2507 2384 συνήθη
2536 2314 2902 2383 προσάγοντος
2929 2313 3223 2386 θεραπείαν
3251 2316 3363 2379 τοῖς
3389 2312 3666 2381 δαίμοσιν,
3698 2314 3758 2363 si-

2183 2406 2304 2456 πεῖν
2326 2404 2657 2474 ἐπιφανέντα
2684 2406 2848 2475 φασὶν
2874 2405 3025 2475 αὑτῷ
3052 2405 3124 2459 τά
3142 2405 3412 2475 δαιμόνια,
3440 2404 3648 2458 ἄϐατον
3674 2404 3759 2455 αὖ·

2181 2497 2295 2558 τοῖς
2322 2495 2383 2547 τὸ
2417 2464 2561 2567 ἱερὸν
2590 2464 2730 2550 εἶναι
2750 2539 2764 2563 ,
2793 2498 2880 2551 διὰ
2919 2464 3009 2551 τὸν
3045 2499 3103 2551 ὲν
3148 2464 3296 2567 αὑτῷ
3328 2464 3756 2567 καταμείναντα·
3808 2464 3813 2567 1

2182 2588 2277 2641 τὸν
2306 2587 2361 2641 δὲ
2393 2588 2708 2659 καθαρσίοις
2744 2590 2854 2643 τισὶ
2879 2590 2973 2644 καὶ
3008 2588 3217 2652 θυσίαις
3248 2588 3534 2660 χρώμενον
3560 2590 3759 2657 ἐπιχει-

2186 2679 2300 2749 ρεῖν
2321 2677 2408 2731 διὰ
2438 2678 2641 2733 τούτων
2663 2679 2824 2733 πάλιν
2851 2680 3140 2733 εἰσοικίσαι
3158 2678 3235 2750 τῷ
3258 2678 3371 2747 ναῷ
3394 2678 3465 2731 τὰ
3492 2678 3757 2748 δαιμόνια·

2184 2766 2261 2830 ὡς
2301 2767 2358 2820 δὲ
2405 2768 2587 2821 πάσαν
2621 2767 2787 2821 αὑτοῦ
2827 2771 3021 2839 πεῖραν
3056 2767 3451 2839 προσάγοντος,
3486 2765 3758 2835 ἄπρακτος

2184 2857 2253 2933 ἦν
2289 2865 2323 2933 ἡ
2364 2862 2590 2934 σπουδὴ,
2627 2861 2867 2932 οὑδαμοῦ
2906 2861 3048 2915 κατὰ
3093 2860 3154 2914 τὸ
3194 2859 3420 2931 σύνηθες
3463 2859 3759 2912 ὑπακουόν-

2186 2968 2295 3004 των
2327 2950 2492 3004 αὑτοῦ
2532 2951 2641 3005 τῶν
2680 2951 2947 3022 δαιμόνων
2978 2953 3045 3022 τῇ
3082 2950 3358 3022 ἐπικλήσει
3379 2965 3394 2978 °
3437 2949 3568 3003 τότε
3616 2947 3759 3018 θυμῷ

505 3046 721 3102 irritum
763 3056 818 3102 et
862 3046 1106 3102 ineﬂicax
1140 3053 1283 3110 erat,
1317 3046 1661 3104 daemonibus
1707 3048 1859 3103 nullo
1891 3046 2078 3112 modo,

2191 3046 2283 3100 καὶ
2326 3046 2463 3119 ὀργῇ
2509 3045 2799 3111 διαναστάς
2839 3045 3244 3116 καταλαμϐάνει
3276 3045 3366 3098 τὸν
3409 3044 3590 3124 μέγαν
3632 3046 3762 3097 ἐκεῖο

507 3138 677 3195 sicuti
708 3144 1129 3202 consueverant,
1165 3137 1287 3207 ejus
1324 3136 1656 3192 invocationi
1696 3137 2086 3206 obtemperan-

508 3228 660 3286 tibus
693 3248 706 3285 :
740 3237 870 3285 tunc
897 3230 978 3284 ira
1006 3237 1170 3299 atque
1194 3229 1573 3301 indignatione
1603 3228 1935 3283 furibundus
1959 3242 2085 3282 cum

509 3333 633 3377 sese
660 3319 1024 3390 proripuisset
1073 3320 1325 3382 antistes,
1392 3334 1646 3388 magnum
1696 3318 1850 3372 illum
1906 3318 2085 3373 virum

510 3412 843 3482 assequitur,
878 3410 1240 3481 gravissimas
1263 3420 1317 3465 et
1357 3412 1594 3466 maxime
1621 3411 1894 3466 terribiles
1918 3425 2088 3481 quas-

512 3516 621 3573 que
653 3502 832 3557 minas
862 3501 1168 3566 intentans,
1207 3500 1357 3570 quod
1389 3508 1445 3555 et
1476 3499 1543 3554 ad
1583 3501 1942 3571 magistratus
1962 3515 2086 3555 eum

510 3591 820 3656 delaturus,
853 3598 910 3647 et
944 3606 1107 3646 manu
1126 3591 1392 3647 adversus
1419 3605 1543 3645 eum
1578 3605 1805 3655 usurus,
1834 3601 1888 3646 et
1920 3591 2089 3661 impe-

511 3682 686 3740 ratori
707 3682 995 3738 audaciam
1041 3682 1390 3738 indicaturus
1430 3691 1601 3745 esset,
1634 3682 1781 3753 quod
1827 3683 2087 3738 nimirum

512 3775 861 3832 Christianus
882 3783 936 3831 et
973 3776 1085 3831 diis
1106 3775 1362 3832 inimicus
1386 3777 1648 3847 templum
1674 3776 1887 3847 ingredi
1918 3791 2089 3831 ausus

512 3874 661 3925 esset
698 3867 905 3938 :cujus
938 3867 1223 3922 introitum
1262 3874 1512 3923 aversata
1560 3875 1707 3924 esset
1739 3881 1825 3933 ea,
1868 3881 1992 3936 quae
2034 3865 2089 3921 in

515 3958 690 4015 sacris
731 3966 1055 4029 operaretur
1079 3960 1184 4020 vis,
1222 3973 1323 4013 nec
1367 3958 1604 4029 amplius
1649 3965 1709 4011 ut
1739 3965 2088 4020 consuesset,

515 4047 571 4103 in
605 4048 673 4106 iis
703 4049 839 4106 locis
862 4050 1193 4105 vaticinandi
1229 4049 1538 4105 demonum
1579 4049 1820 4104 eliicacia
1840 4065 2091 4105 versare-

514 4146 630 4195 tur.
697 4140 835 4195 Cum
895 4148 1074 4195 autem
1134 4140 1227 4196 ille
1288 4138 1609 4196 etl‘renatam
1670 4146 1723 4193 et
1781 4140 2089 4210 imperitam

515 4233 779 4288 antistitis
800 4230 1314 4288 excandescentiam
1334 4230 1520 4285 animo
1532 4231 1751 4286 excelso
1766 4231 2089 4302 sprevisset,

514 4332 571 4381 et
602 4334 797 4379 contra
824 4337 1017 4378 omnes
1047 4322 1227 4377 minas
1249 4322 1361 4378 veri
1392 4320 1486 4377 Dei
1508 4320 1773 4376 auxilium
1800 4320 2089 4391 obiiceret,

2185 3156 2275 3194 νον
2307 3141 2337 3193 ό
2376 3140 2664 3212 νεωκόρος,
2706 3140 2887 3195 πάντα
2928 3138 3165 3194 ἀπειλῶν
3210 3139 3276 3192 τὰ
3312 3138 3638 3203 δεινότατα,
3682 3141 3760 3192 καὶ

2185 3233 2297 3295 τοῖς
2333 3231 2592 3303 ἄρχουσιν
2635 3232 3036 3301 εἰσαγγέλλειν,
3090 3232 3183 3285 καὶ
3235 3232 3379 3303 χειρὶ
3428 3233 3557 3286 κατ’
3608 3230 3760 3285 aio-s73

2187 3323 2511 3396 κεχρῆσθαι,
2545 3324 2757 3395 βασιλεῖ
2784 3325 3154 3395 καταμηνύειν
3193 3325 3290 3397 τὴν
3318 3325 3551 3395 τόλμαν,
3593 3327 3678 3379 ὅτι
3710 3325 3762 3395 δὴ

2186 3413 2509 3485 Χριστιανὸς
2534 3413 2609 3467 ὢν
2631 3415 2727 3468 καὶ
2752 3414 2894 3479 θεοῖς
2920 3415 3131 3487 ἐχθρὸς,
3159 3415 3457 3487 ἐτόλμησεν
3490 3416 3651 3480 ἐντὸς
3668 3416 3763 3469 τῶν

2188 3504 2507 3578 ἀνακτόρων
2544 3507 2834 3575 γενέσθαιο
2876 3501 2939 3562 οὑ
2989 3507 3086 3578 τὴν
3130 3506 3332 3561 εἴσοδον
3382 3508 3765 3580 ἀπεστράφθαι

2187 3599 2286 3668 τὴν
2324 3601 2382 3652 ἐν
2424 3604 2537 3663 τοῖς
2581 3602 2747 3673 ἱεροῖς
2786 3602 3113 3672 ἐνεργοῦσαν
3149 3600 3399 3671 δύναμιν,
3440 3602 3541 3654 καὶ
3579 3602 3766 3672 μηκέτι

2189 3689 2576 3761 ἐπιχωριάζειν
2612 3694 2724 3756 τοῖς
2757 3692 2945 3757 τόποις
2979 3692 3120 3747 κατὰ
3150 3692 3211 3745 τὸ
3243 3692 3474 3763 σύνηθες
3507 3692 3617 3763 τὴν
3648 3711 3766 3764 μαν-

2189 3781 2348 3853 τικὴν
2380 3781 2488 3836 τῶν
2526 3782 2797 3854 δαιμόνων
2826 3783 3124 3854 ἐνέργειαν.
3166 3782 3273 3837 Τοῦ
3302 3782 3357 3837 δέ
3396 3784 3494 3838 τὸν
3528 3786 3765 3855 προπετῆ

2192 3874 2286 3928 καὶ
2327 3874 2651 3928 ἀπαίδευτον
2688 3874 2782 3929 τοῦ
2816 3875 3085 3947 νεωκόρου
3133 3875 3301 3946 θυμὸν
3346 3877 3405 3929 ἐν
3451 3876 3767 3948 ὑπερέχοντι

2194 3966 2502 4036 φρονήματι
2537 3966 2987 4033 καταϐάλλοντος,
3043 3966 3141 4021 καὶ
3184 3966 3279 4020 τοῦ
3330 3965 3597 4038 ἀληθινοῦ
3648 3966 3767 4022 Θεο]

2191 4055 2290 4125 τὴν
2330 4056 2645 4125 συμμαχίαν
2678 4056 2881 4123 πάσαις
2912 4058 3441 4131 άντιπροϐαλομένου
3466 4062 3599 4125 ταῖς
3628 4061 3769 4113 ἀπει-

2194 4144 2335 4211 λαῖς,
2368 4144 2463 4197 καὶ
2499 4145 2749 4212 λέγοντος
2780 4147 3033 4201 τοσοῦτον
3073 4147 3389 4202 πεποιθέναι
3434 4152 3505 4220 τῇ
3553 4149 3770 4218 δυνάμει

2192 4235 2286 4290 τοῦ
2331 4236 2779 4310 ὑπερμαχοῦντος
2805 4239 2993 4308 αὑτοῦ,
3023 4240 3164 4295 ὥστε
3204 4243 3322 4295 κατ’
3352 4243 3617 4309 ἐξουσίαν
3644 4245 3771 4314 ἔχειν

2196 4326 2521 4380 ἀπελαύνειν
2545 4344 2606 4380 τε
2638 4329 2855 4393 αὑτοὺς,
2882 4329 3003 4384 ὅθεν
3033 4330 3100 4384 ἂν
3134 4330 3413 4401 βούληται,
3440 4332 3543 4386 καὶ
3568 4332 3773 4385 εἰσοικί·

516 4424 583 4466 ac
608 4410 833 4472 diceret,
872 4409 1019 4479 quod
1053 4417 1264 4465 tantum
1300 4409 1510 4465 ﬁducia:
1546 4410 1773 4467 haberet
1802 4412 1855 4465 in
1887 4412 2082 4466 virtute

2193 4421 2305 4485 ζειν
2353 4414 2435 4485 οἷς
2487 4421 2553 4476 ἂν
2592 4422 2749 4495 ἐθέλῃ
2798 4424 3013 4490 τόποις,
3060 4425 3155 4478 καὶ
3204 4424 3301 4488 τὰς
3350 4423 3670 4491 ἀποδείξεις
3713 4419 3774 4478 ὧν

518 4508 684 4571 atque
727 4500 973 4569 potentia
1009 4500 1095 4557 sui
1133 4499 1577 4571 propugnatoris,
1604 4509 1663 4555 ut
1698 4515 1795 4570 pro
1819 4500 2089 4555 arbitratu

517 4605 617 4647 eos
659 4598 716 4647 et
744 4591 965 4661 abigere
995 4600 1183 4662 posset
1214 4592 1582 4664 undecunque
1618 4592 1801 4656 vellet,
1831 4602 1889 4649 et
1923 4592 2093 4648 intro-

464 4736 475 4751 ,
519 4681 725 4739 ducere
770 4683 828 4737 in
871 4698 1215 4754 quaecunque
1250 4684 1369 4738 loca
1402 4684 1507 4739 sibi
1543 4683 1841 4750 videretur,
1876 4700 2096 4739 earum-

519 4790 629 4846 que
650 4790 857 4838 rerum,
878 4790 999 4845 qua:
1019 4774 1250 4838 diceret,
1279 4774 1780 4832 demonstrationes
1804 4792 1864 4832 se
1883 4786 2093 4832 extem-

519 4867 612 4939 plo
652 4865 765 4938 jam
802 4867 1162 4938 praebiturum
1212 4882 1336 4923 esse
1380 4866 1737 4937 polliceretur
1772 4886 1788 4925 :
1830 4869 2094 4939 obstupe-

521 4957 703 5015 factus
746 4960 979 5015 antistes
1013 4966 1068 5015 et
1106 4958 1410 5014 admiratus
1459 4958 1896 5030 magnitudinem
1940 4970 2095 5030 pote-

523 5050 706 5117 statis,
752 5051 1065 5121 postulasse
1091 5050 1315 5115 dicitur,
1351 5059 1412 5106 ut
1442 5052 1511 5107 ab
1544 5051 1631 5105 his
1668 5051 1803 5123 ipsis
1833 5052 2094 5108 virtutem

520 5142 843 5199 ostendendi
907 5142 1121 5198 initium
1165 5142 1390 5204 faceret,
1430 5143 1759 5199 etinvitaret
1813 5160 2007 5201 rursus
2041 5154 2096 5202 et

523 5234 902 5291 introduceret
927 5236 982 5291 in
1005 5236 1268 5305 templum
1309 5235 1579 5290 daemonia
1609 5254 1622 5291 :
1648 5236 1852 5305 quibus
1888 5236 2093 5293 auditis

2195 4512 2380 4581 ἐλεγεν
2430 4515 2530 4587 ἤδη
2586 4514 2845 4584 παρέξειν
2897 4516 3362 4587 ὑπισχνουμένου,
3416 4516 3775 4588 θαυμάσαντι

2195 4603 2287 4657 τὸν
2341 4604 2640 4675 νεωκόρον,
2690 4605 2787 4658 καὶ
2839 4607 3257 4675 καταπλαγέντα
3308 4606 3367 4659 τὸ
3413 4608 3659 4677 μέγεθος
3690 4610 3777 4678 τῆς

2198 4687 2462 4756 ἐξουσίας,
2477 4692 2571 4746 ἀπ’
2585 4693 2764 4749 αὑτῶν
2788 4694 2990 4751 τούτων
3016 4695 3184 4762 δεῖξαι
3211 4697 3308 4769 τὴν
3329 4697 3590 4768 δύναμιν,
3621 4717 3778 4769 προσο

2199 4783 2562 4851 καλέσασθαι,
2610 4786 2706 4840 καὶ
2752 4787 2916 4841 πάλιν
2945 4788 3093 4852 ἐντὸς
3126 4789 3346 4858 ποιῆσαι
3394 4789 3494 4842 τοῦ
3540 4791 3693 4861 ἱεροῦ
3720 4794 3776 4844 τὰ

2200 4874 2472 4945 δαιμόνια.
2523 4879 2857 4934 Ἀκούσαντα
2894 4880 2951 4934 δέ
2983 4879 3143 4935 τοῦτο
3181 4881 3269 4934 τὸν
3300 4882 3472 4952 μέγαν
3495 4923 3509 4947 ,
3543 4884 3779 4956 ἀπορρἧ

2205 4966 2292 5030 ξαί
2318 4985 2371 5020 τι
2398 4969 2488 5023 τοῦ
2524 4970 2727 5041 βιϐλίου
2751 4973 2947 5043 τμῆμα
2975 4971 3169 5043 βραχὺ,
3198 4974 3287 5027 καὶ
3307 4972 3490 5027 δοῦναι
3524 4976 3688 5031 τοῦτο
3714 4977 3777 5046 τῷ

2202 5061 2487 5133 νεωκόρῳ,
2542 5067 2948 5135 προστακτικήν
2985 5083 3104 5118 τινα
3138 5066 3316 5135 φωνὴν
3355 5064 3496 5119 κατὰ
3529 5067 3642 5119 τῶν
3674 5067 3778 5120 δαι·

2206 5153 2383 5223 μόνων
2406 5156 2714 5226 χαράξαντα
2732 5176 2743 5189 ·
2768 5153 2837 5229 ἦν
2862 5158 2919 5212 δὲ
2952 5158 3018 5211 τά
3041 5158 3341 5227 γράμματα
3372 5159 3460 5211 ἐπ’
3484 5159 3665 5229 αὑτῆς
3692 5160 3778 5227 τῆς

2200 5243 2395 5309 λέξεως
2415 5246 2606 5300 ταῦτα’
2622 5248 2997 5304 ΓΡΗΓΟΡΙΟΣ
3011 5249 3119 5301 ΤΩι
3136 5249 3451 5307 ΣΑΤΑΝΑι.
3469 5247 3775 5305 ΕῙΣΕΛΘΕ.

523 5339 755 5397 magnus
795 5325 884 5379 ille
942 5326 1027 5379 vir
1068 5325 1372 5381 abscidisse
1417 5325 1673 5395 exiguum
1717 5326 1991 5397 quoddam
2054 5327 2291 5388 frustum
2339 5335 2406 5391 de
2458 5337 2648 5393 codice
2730 5338 2956 5403 dicitur,
3002 5340 3163 5408 idque
3192 5354 3317 5392 cum
3366 5339 3421 5393 in
3466 5354 3537 5394 eo
3596 5356 3776 5395 vocem

521 5417 816 5487 quamdam
843 5417 1539 5488 imperatricem‘adversus
1611 5419 1886 5473 daemones
1952 5434 2259 5494 exarasset,
2330 5431 2563 5487 antistiti
2618 5433 2836 5489 dedisse

526 5512 837 5566 litterarum
868 5512 984 5566 haec
1028 5530 1041 5565 :
1070 5510 1473 5565 GREGORIUS
1505 5511 1824 5576 SATANAS,
1861 5512 2101 5569 INTRA.

599 5605 775 5674 Atque
800 5604 942 5659 hanc
974 5604 1288 5661 schcdulam
1316 5612 1599 5675 acceptam
1620 5605 1825 5659 dicitur
1863 5607 2095 5662 antistes

530 5693 858 5768 imposuisse
885 5696 1066 5759 altari,
1086 5696 1289 5754 deinde
1311 5712 1436 5753 cum
1456 5704 1751 5753 consuetos
1773 5698 1850 5754 eis
1875 5698 2095 5754 nidores

2886 5452 2899 5488 :
2954 5441 3112 5487 erant
3164 5441 3345 5486 autem
3408 5432 3530 5500 ipsa
3616 5433 3773 5485 verba

2279 5599 2519 5653 Λαϐόντα
2556 5600 2611 5653 δὲ
2658 5601 2749 5653 τὸν
2786 5600 3051 5670 νεωκόρον
3097 5598 3371 5651 ἀναθεῖναι
3403 5596 3481 5668 τῷ
3524 5596 3693 5668 βωμῷ
3720 5595 3772 5647 τὸ

2213 5693 2449 5765 βιϐλίον,
2500 5690 2615 5747 εἶτα
2682 5693 3096 5765 προσαγαγόντα
3148 5691 3246 5757 τὰς
3304 5689 3553 5760 συνήθεις
3600 5688 3771 5750 αὑτοῗς
