3834 6444
65 325 187 376 917

1069 324 1153 377 DE
1185 325 1346 378 V'ITA
1386 327 1442 381 S.
1483 325 1808 380 GREGORII
1853 325 2377 383 THAUMATURGI.

3243 330 3347 383 9f8

64 439 316 502 κνίσσας
347 453 440 492 και
466 436 532 490 τὰ
563 437 847 507 μιάσματα
869 476 882 499 ,
913 436 1070 488 πάλιν
1104 437 1227 488 ἰδεῖν
1254 436 1397 506 ἅπερ
1431 435 1577 505 ἑώρα
1608 435 1665 486 τὸ

1771 446 1824 489 ει
1859 437 2208 505 impiamenta
2245 432 2553 500 obtulisset,
2611 436 2830 500 vidisse,
2871 451 2992 506 qum
3026 436 3184 507 prius
3216 436 3345 491 eon-

65 528 378 600 πρότερον,
409 527 538 597 πρὶν
571 526 934 596 ἐξοικισθῆναι
971 527 1061 578 τοῦ
1091 526 1360 578 εἰδωλείου
1392 527 1516 589 τοὺς
1556 527 1669 579 δαί-

68 634 281 686 μονας.
331 617 546 671 Τούτων
579 618 636 670 δὲ
665 617 998 686 γεγονότων,
1039 617 1244 671 ἔννοιαν
1287 619 1447 670 αὑτὸν
1490 618 1670 670 λαϐεῖν

64 709 202 773 τοῦ,
244 710 396 764 Θείαν
434 706 570 762 εἷναί
604 727 722 764 τινα
765 710 916 780 παρά
946 709 1023 778 τῷ
1064 710 1346 780 Γρηγορίῳ
1377 710 1474 779 τὴν
1509 710 1671 762 δύνα-

71 820 202 871 μιν,
257 802 326 855 δι’
381 798 448 871 ἧς
503 802 678 869 ἐφάνη
719 801 826 854 τῶν
876 802 1143 870 δαιμῆνων
1193 803 1666 872 ὲπικρατέστερος·

64 893 465 946 καταλαϐόντα
498 893 552 946 δὲ
587 892 728 946 κατά
759 893 991 961 σπουδὴν
1019 893 1176 946 πάλιν
1209 894 1400 958 αὑτὸν,
1445 896 1573 964 πρὶν
1612 897 1669 950 ὲν

64 987 140 1053 τῇ
204 985 364 1037 πόλει
416 983 702 1050 γενέσθαι,
741 983 932 1052 μαθεῖν
977 984 1174 1053 ἠξίωσε
1223 985 1353 1053 παρ’
1398 985 1562 1039 αὐτοῦ
1611 987 1670 1039 τὸ

68 1078 410 1146 μυστήριον,
450 1075 546 1128 καὶ
584 1075 666 1137 τίς
702 1078 730 1128 6
759 1076 888 1138 Θεὸς
920 1076 1122 1137 ἐκεῖνος
1156 1078 1184 1128 6
1211 1077 1309 1145 τὴν
1339 1076 1446 1128 τῶν
1477 1077 1667 1144 δαιμόο

68 1187 192 1221 νων
230 1168 396 1237 φύσιν
429 1167 743 1236 ὑποχειρίαν
778 1166 936 1236 ἔχων.
974 1167 1231 1230 Εἰπόντος
1275 1168 1329 1220 δὲ
1373 1167 1440 1220 δι’
1475 1168 1670 1234 ὀλίγων

66 1259 175 1312 τοῦ
215 1259 456 1329 μεγάλου
498 1258 558 1310 τὸ
589 1258 686 1326 τῆς
715 1256 994 1320 εὐσεϐείας
1030 1259 1356 1328 μυστήριον,
1394 1259 1586 1310 παθεῖν
1616 1278 1668 1311 τι

63 1352 168 1403 τὸν
205 1352 478 1422 νεωκόρον
505 1345 614 1403 οἷον
643 1349 789 1414 εἰκὸς
816 1349 906 1404 τὸν
936 1349 1044 1402 τῶν
1078 1349 1236 1402 θείων
1267 1350 1511 1420 ἀμύητον
1533 1367 1546 1380 ·
1574 1352 1669 1404 καὶ

67 1445 414 1512 μικρότερον
458 1442 707 1511 οἰηθῆναι
744 1443 842 1511 τῆς
883 1443 1011 1512 περὶ
1040 1439 1174 1494 Θεοῦ
1217 1441 1571 1510 ὑπολήψεως,
1608 1445 1668 1494 τὸ

65 1533 376 1603 πεισθῆναι
415 1533 501 1584 διὰ
535 1531 738 1601 σαρκὸς
781 1530 1077 1599 πεφηνέναι
1119 1533 1230 1592 τοῖς
1263 1529 1571 1600 ἀνθρώποις
1608 1529 1668 1582 τὸ

63 1623 274 1676 Θεῖον·
320 1623 414 1684 τοῦ
449 1623 505 1674 δὲ
549 1623 622 1692 μὴ
674 1621 852 1690 λόγοις
889 1621 1132 1684 εἰπόντος
1171 1621 1268 1691 τὴν
1319 1624 1444 1692 περὶ
1476 1623 1665 1675 τούτου

65 1716 270 1770 πίστιν
301 1714 680 1786 κρατύνεσθαι,
715 1717 826 1776 τοῖς
851 1714 905 1766 δὲ
938 1715 1046 1765 τῶν
1087 1715 1384 1782 γινομένων
1423 1714 1663 1784 θαύμασι

64 1807 133 1859 τὸ
178 1808 379 1860 πιστὸν
411 1807 571 1876 ἔχειν,
604 1805 834 1874 ζητῆσαι
878 1805 958 1857 ἔτι
987 1807 1114 1874 παρ’
1146 1805 1308 1856 αὐτοῦ
1351 1805 1532 1876 θαῦμα
1573 1807 1663 1859 τὸν

69 1901 355 1970 νεωκόρον
387 1899 532 1957 ἰδεῖν,
560 1898 636 1960 ὡς
666 1895 764 1950 εἷθ’
809 1898 980 1961 οὕτως
1027 1896 1400 1967 προσαχθῆναι
1444 1898 1531 1950 διὰ
1572 1899 1664 1952 τοῦ

66 1989 373 2060 γινομένου
396 1989 530 2057 πρὸς
559 1987 655 2057 τὴν
674 1988 772 2055 τῆς
797 1987 1027 2049 πίστεως
1052 1986 1463 2053 συγκατάθεσιν.
1499 1988 1665 2040 Ἔνθα

65 2083 134 2152 δὴ
185 2083 254 2135 τὸ
287 2082 503 2134 πάντων
544 2081 902 2133 ἀπιστότατον
951 2079 1166 2146 λέγεται
1213 2080 1571 2147 πεποιηκέναι
1605 2081 1666 2132 τὸ

73 2172 228 2240 μέγα
277 2169 461 2239 Θαῦμα
497 2169 588 2222 τὸν
637 2168 809 2238 μέγαν
843 2169 1066 2222 ἐκεῖνον.
1113 2166 1528 2236 Ἐπιζητοῦντος
1560 2169 1666 2236 γὰρ

67 2261 172 2314 τοῦ
226 2261 500 2330 νεωκόρου
549 2259 695 2311 λίθον
734 2257 856 2311 τινὰ
891 2258 1021 2342 τῶνἱ
1047 2257 1359 2327 εύμεγεθῶν
1399 2258 1508 2312 τῶν
1545 2261 1665 2312 κατ’

70 2352 396 2421 ὀφθαλμοὺς
425 2349 572 2420 αὑτῷ
602 2349 1072 2420 προφαινομένων,
1101 2349 1222 2418 δίχα
1249 2350 1428 2421 χειρὸς
1457 2351 1666 2420 ἀνθρω-

72 2445 248 2514 πίνης
283 2443 588 2514 κινηθῆναι,
619 2443 705 2495 διὰ
733 2443 787 2494 δὲ
824 2441 990 2512 μόνης
1023 2443 1122 2512 τῆς
1169 2441 1308 2496 κατὰ
1343 2443 1440 2513 τὴν
1485 2444 1665 2496 πίστιν

70 2537 386 2607 δυνάμεως,
426 2535 807 2606 προστάγματι
849 2535 942 2587 τοῦ
978 2535 1278 2606 Γρηγορίου
1311 2535 1445 2605 πρὸς
1478 2535 1664 2604 ἕτερον

75 2627 448 2698 μετατεθῆναι
476 2626 682 2698 χῶρον
721 2626 885 2696 μηδὲν
916 2625 1347 2695 ἀναϐαλλόμενον
1372 2626 1462 2677 τὸν
1493 2626 1664 2694 μέγαν

72 2721 310 2782 ἐκεῖνον,
352 2718 511 2780 εὐθὺς
542 2717 841 2788 προστάξαι
886 2717 1136 2786 καθάπερ
1169 2716 1398 2786 ἐμψύχῳ
1432 2716 1508 2784 τῷ
1535 2716 1664 2786 λίθῳ

77 2811 386 2882 μεταϐῆναι
429 2809 566 2879 πρὸς
595 2811 800 2861 ἐκεῖνον
847 2808 937 2862 τὸν
981 2809 1170 2872 τόπον,
1224 2807 1283 2858 ὃν
1331 2811 1360 2862 6
1399 2808 1664 2878 νεωκόρος

74 2900 384 2966 ὑπέδειξεν.
416 2899 617 2953 Τούτου
645 2899 699 2952 δὲ
733 2900 1048 2969 γενομένου,
1079 2899 1418 2970 παραχρῆμα
1451 2899 1665 2952 πιστεῦ-

75 3011 169 3045 σαι
213 2993 292 3062 τῷ
337 2991 480 3062 λόγῳ
531 2991 622 3044 τὸν
669 2991 868 3060 ait/691‘
922 2992 1014 3044 καὶ
1061 2992 1236 3044 πάντα
1277 2992 1662 3055 καταλιπόντα,

1775 525 1987 593 Spicere
2042 525 2263 588 soleret,
2328 534 2621 594 antequam
2687 525 2963 580 daemones
3009 543 3074 580 ex
3117 527 3346 580 delubro

1773 617 1930 684 cjecti
1959 626 2166 671 essent.
2204 616 2416 680 Quibus
2453 617 2617 670 rebus
2660 616 2918 685 peractis.
2950 633 3072 670 eum
3109 617 3346 684 cuipisse

1774 710 2037 778 eogitare,
2104 709 2249 777 quod
2294 707 2480 761 divina
2549 707 2796 776 quaedam
2842 710 3015 763 virtus
3077 707 3344 777 Gregorio

1775 799 2013 861 adesset,
2046 814 2140 867 per
2174 812 2334 866 quam
2367 797 2710 850 daemonibus
2746 798 2974 853 validior
3004 797 3156 852 visus
3176 808 3339 851 esset.

1772 888 1908 942 Cum
1961 899 2140 943 autem
2217 903 2406 942 rursus
2474 903 2595 942 eum
2654 887 2960 942 festinando
3009 897 3343 943 consecutus

1772 987 1942 1044 esset,
1985 979 2302 1049 priusquam
2359 977 2698 1046 pervenisset
2758 979 2811 1031 in
2871 978 3085 1039 urbem,
3133 978 3344 1048 rogavit

1771 1087 1895 1126 eum
1952 1080 2009 1124 ut
2057 1072 2158 1126 sibi
2200 1073 2519 1141 mysterium
2551 1071 2618 1124 ab
2648 1070 2764 1138 ipso
2795 1071 3006 1123 discere
3047 1069 3254 1131 liceret,
3288 1078 3344 1120 et

1771 1162 2024 1230 quisnam
2071 1171 2217 1217 esset
2261 1163 2352 1216 ille
2400 1163 2564 1224 Deus,
2608 1161 2702 1230 qui
2738 1171 2986 1213 naturam
3033 1159 3340 1212 dauuonum

1770 1253 2061 1307 obnoxiam
2124 1254 2364 1308 haberet.
2414 1253 2550 1307 Cum
2611 1259 2792 1306 autem
2852 1267 3083 1322 magnus
3131 1253 3222 1307 ille
3261 1252 3344 1306 vir

1772 1346 1964 1414 paucis
2025 1346 2343 1414 mysterium
2399 1345 2621 1414 pietatis
2658 1344 3030 1414 exposuisset,
3075 1344 3343 1400 accidisse

1769 1437 2027 1506 quiddam
2084 1438 2285 1489 dicitur
2341 1439 2571 1490 antistiti
2619 1438 2777 1506 quale
2810 1452 2907 1506 par
2943 1445 3062 1490 erat
3094 1437 3343 1490 accidere

1769 1530 1842 1589 ei,
1890 1530 1982 1597 qui
2027 1528 2078 1581 in
2125 1528 2290 1582 rebus
2351 1528 2552 1582 divinis
2590 1545 2697 1583 non
2751 1537 2897 1584 esset
2949 1529 3240 1583 initiatus:
3279 1544 3343 1582 ac

1768 1621 1932 1674 vilius
1960 1636 2082 1674 esse
2105 1630 2342 1688 putasse,
2374 1635 2537 1690 quam
2571 1621 2638 1675 de
2665 1621 2771 1674 Deo
2806 1621 3108 1676 existimari
3141 1637 3342 1676 conve-

1770 1711 1942 1774 niret,
1985 1712 2209 1766 credere
2261 1711 2404 1781 quod
2451 1728 2651 1764 numen
2703 1711 2948 1764 divinum
2989 1726 3084 1780 per
3121 1726 3341 1766 carnem

1702 1785 1740 1837 Β
1773 1803 2085 1857 hominibus
2110 1804 2487 1874 apparuisset;
2513 1817 2746 1872 cumque
2769 1803 2858 1857 ille
2879 1811 3068 1857 contra
3089 1801 3340 1864 dixisset,

1771 1894 1917 1962 quod
1955 1910 2062 1947 non
2095 1894 2280 1950 verbis
2315 1910 2378 1948 ac
2403 1895 2709 1949 rationibus
2737 1892 2901 1961 hujus
2939 1893 3015 1947 rei
3048 1893 3182 1946 fides
3219 1906 3344 1946 cou-

1771 1984 2100 2047 firinarctur,
2127 1984 2219 2040 sed
2259 2002 2325 2039 ex
2360 1986 2524 2041 rebus
2561 1987 2928 2050 mirabilibus,
2973 2002 3094 2056 quae
3124 1987 3338 2050 fierent,

1767 2077 1874 2130 vim
1899 2077 2020 2131 fidei
2049 2077 2308 2132 facienda:
2342 2078 2659 2147 mysterium
2694 2079 2917 2134 haberet
2955 2098 2968 2132 :
3009 2079 3238 2133 antistes
3273 2080 3342 2132 ab

1767 2183 1833 2223 eo
1868 2168 2094 2238 petiisse
2145 2167 2337 2235 fertur,
2392 2177 2450 2222 ut
2498 2170 2600 2223 sibi
2654 2171 2842 2225 liceret
2889 2170 3108 2241 aliquod
3166 2172 3233 2225 ab
3276 2188 3343 2227 eo

1769 2259 2093 2313 miraculum
2127 2259 2332 2322 videre,
2368 2268 2426 2313 ut
2461 2276 2518 2314 rc
2544 2261 2661 2332 ipsa
2694 2278 2815 2330 quae
2847 2261 3020 2324 fieret,
3051 2262 3116 2316 ad
3154 2279 3344 2319 assen-

1768 2352 1978 2406 sionem
2029 2361 2082 2407 et
2127 2351 2579 2423 approbationem
2632 2353 2750 2407 fidei
2823 2353 3211 2410 adduceretur.
3264 2355 3342 2410 lbi

1769 2455 1897 2495 vero
1939 2442 2013 2505 id,
2049 2441 2191 2512 quod
2239 2443 2483 2502 omnium
2527 2443 2764 2498 maxime
2810 2445 2958 2499 dictu
3020 2444 3344 2502 incredibile

1765 2539 1870 2593 est,
1904 2547 2157 2602 magnum
2198 2533 2332 2587 illud
2365 2534 2560 2590 fecisse
2603 2550 2835 2605 magnus
2877 2535 2970 2590 ille
2997 2535 3202 2592 dicitur
3241 2538 3344 2591 mi-

1767 2625 2037 2677 raculum.
2075 2627 2209 2678 Cum
2249 2625 2393 2681 enim
2422 2627 2724 2696 postularet
2766 2628 3021 2693 antistes,
3057 2637 3112 2682 ut
3145 2645 3338 2684 saxum

1766 2715 2037 2785 quoddam
2088 2717 2302 2785 ingens,
2353 2717 2499 2786 quod
2564 2719 2740 2773 oculis
2790 2734 2979 2774 eorum
3031 2719 3341 2789 subjectum

1766 2809 2190 2876 prospiceretur,
2240 2817 2295 2862 et
2347 2824 2457 2863 non
2509 2817 2842 2874 moveretur,
2909 2811 3117 2881 absque
3176 2827 3340 2866 manu

1766 2899 2006 2952 humana
2050 2905 2384 2961 moveretur,
2438 2914 2502 2954 ac
2558 2916 2651 2968 per
2676 2902 2848 2955 solam
2890 2902 3010 2956 fidei
3055 2904 3336 2964 virtutem,

1761 2989 1918 3061 jussu
1975 2989 2221 3060 Gregorii
2281 2991 2348 3044 ad
2393 2993 2622 3045 alterum
2679 2993 2855 3047 locum
2906 2993 3337 3050 transferretur:

73 3086 256 3152 γένος.
304 3083 502 3146 οἰκίαν,
535 3083 778 3153 γαμετὴν
801 3124 814 3146 ,
853 3083 1069 3146 παῖδας,
1105 3083 1309 3151 φίλους,
1343 3083 1659 3154 ἱερωσύνην,

1769 3085 1916 3137 nulla
1968 3084 2253 3152 interjecta
2317 3100 2468 3139 mora
2527 3100 2756 3155 magnus
2806 3087 2896 3140 ille
2941 3087 3126 3142 statim
3168 3088 3340 3157 impc-

73 3179 290 3242 ὲστίαν,
330 3178 604 3246 κτήματα,
639 3177 759 3228 ἀντὶ
793 3175 1008 3228 πάντων
1040 3177 1144 3228 τῶν
1175 3176 1483 3246 προσόντων
1515 3176 1662 3246 αὐτῷ

74 3268 449 3338 ποιήσασθαι,
480 3268 573 3321 τοῦ
607 3270 839 3320 συνεῖναι
877 3267 952 3337 τῷ
1000 3268 1250 3339 μεγάλῳ,
1284 3269 1378 3321 καὶ
1423 3287 1663 3339 συμμετ-

74 3360 227 3430 έχειν
254 3359 360 3411 τῶν
395 3360 570 3414 πόνων
605 3359 752 3429 αὐτῷ
790 3360 883 3412 καὶ
909 3360 1006 3427 τῆς
1036 3359 1182 3422 θείας
1216 3361 1429 3430 ἐκείνης
1455 3361 1664 3428 φιλοσο-

74 3454 211 3518 φίας
256 3469 316 3503 τε
350 3451 442 3503 καὶ
481 3451 833 3512 παιδεύσεως.
879 3452 1089 3518 Σιγάτω
1131 3452 1265 3520 πρὸς
1305 3451 1476 3504 ταῦτα
1515 3453 1662 3504 πᾶσα

73 3543 308 3614 τεχνικὴ
349 3542 454 3595 τῶν
497 3542 851 3611 λογογράφων
904 3541 1152 3611 περίνοια
1194 3543 1289 3602 τὰς
1337 3542 1663 3612 ἐπαυξήσεις

74 3635 189 3688 τῶν
241 3633 534 3704 θαυμάτων
584 3633 670 3685 διά
722 3650 864 3696 τινος
914 3633 1198 3703 ῥητορείας
1247 3633 1338 3684 ἐπὶ
1377 3632 1436 3684 τὸ
1483 3632 1663 3702 μεῖζον

77 3726 400 3796 ὲξαίρουσα.
431 3726 503 3778 Ού
536 3725 641 3795 γὰρ
681 3724 914 3776 τοιοῦτόν
948 3726 1092 3776 ἐστιν
1122 3726 1177 3776 ἐν
1209 3726 1318 3786 τοῖς
1355 3725 1663 3794 εἰρημένοις

76 3817 139 3870 τὸ
186 3816 398 3887 θαῦμα,
435 3816 508 3880 ὡς
544 3819 606 3886 τῇ
644 3816 866 3884 δυνάμει
911 3815 1002 3868 τοῦ
1035 3815 1283 3883 λέγοντος
1333 3815 1550 3868 ἔλαττον
1599 3817 1663 3870 ἂν

79 3910 113 3979 ἢ
148 3909 338 3979 μεῖζον
367 3908 559 3960 ἑαυτοῦ
586 3907 856 3975 γενέσθαι.
884 3907 948 3960 Τί
976 3908 1082 3977 γάρ
1111 3924 1192 3969 τις
1219 3908 1386 3959 εἰπὼν
1419 3907 1568 3978 παρὰ
1597 3908 1666 3961 τὰ

79 4002 378 4074 εἰρημένα,
406 4001 724 4073 προσθήκην
757 4000 916 4052 δώσει
943 3997 1019 4069 τῷ
1055 3998 1324 4067 θαύματι;
1359 3998 1482 4062 Πῶς
1522 3999 1567 4052 δ’
1599 4000 1665 4053 ἄν

77 4109 162 4152 τις
203 4089 528 4143 ἐλαττώσειε
562 4093 672 4151 τοῖς
708 4089 994 4142 ἀκούουσιν
1036 4089 1126 4140 ἐπὶ
1166 4086 1244 4156 τῷ
1283 4089 1525 4156 γεγονότι
1566 4088 1664 4159 τὴν

79 4180 381 4249 Exn-lngua;
409 4179 571 4241 Λίθος
596 4179 852 4249 ἀφίστησι
877 4180 983 4231 τῶν
1004 4178 1165 4230 λίθων
1187 4180 1309 4241 τοὺς
1335 4177 1664 4248 δεδουλωμέ-

82 4289 212 4333 νους
240 4273 354 4333 τοῖς
384 4269 574 4333 λίθοις,
606 4270 749 4332 λίθος
779 4267 953 4341 κῆρυξ
979 4270 1076 4338 τῆς
1109 4268 1258 4331 θείας
1288 4269 1540 4334 πίστεως,
1572 4269 1665 4321 καὶ

82 4363 282 4432 ὀδηγδς
313 4364 422 4425 τοῖς
458 4362 708 4425 ἀπίστοις
746 4365 821 4424 εἰς
854 4362 1122 4432 σωτηρίαν
1151 4361 1376 4429 γίνεται,
1408 4363 1467 4414 ού
1512 4364 1661 4431 φωνῇ

1768 3191 1923 3231 rasse
1962 3176 2166 3230 dicitur
2214 3191 2346 3230 saxo
2402 3186 2656 3246 tanquam
2690 3177 2952 3243 animato,
2999 3180 3340 3235 utlrausiret

1765 3267 1832 3322 ad
1898 3268 2049 3320 ἰΙίιιιη
2096 3268 2301 3331 locum,
2364 3283 2522 3338 quem
2581 3268 2944 3339 designasset,
3010 3287 3119 3340 quo
3176 3271 3338 3336 facto,

1765 3361 2040 3427 extemplo
2075 3358 2378 3414 credidisse
2418 3360 2656 3414 sermoni
2714 3359 2922 3414 dicitur
2968 3362 3229 3428 antistes,
3275 3379 3340 3417 ac

1768 3450 1975 3504 relictis
2014 3449 2292 3514 omnibus,
2330 3452 2676 3522 cognatione,
2716 3452 2940 3520 familia,
2978 3470 3168 3519 uxore,
3205 3455 3341 3510 libe-

1769 3543 1868 3600 ris,
1901 3540 2116 3601 amicis,
2155 3541 2485 3608 sacerdotio,
2524 3542 2672 3607 sede,
2709 3545 3182 3612 possessionibus,
3215 3547 3341 3601 loco

1767 3632 2008 3686 omnium
2040 3634 2328 3698 bonorum,
2371 3636 2572 3705 quibus
2622 3637 2954 3703 abundaret,
2998 3640 3245 3704 duxisse,
3292 3640 3338 3695 si

1767 3724 1947 3792 magni
1980 3724 2126 3779 illius
2157 3726 2557 3780 consuetudine
2593 3724 2722 3791 frui,
2759 3735 2813 3781 et
2848 3727 3094 3781 laborum
3123 3728 3342 3782 divime-

1766 3829 1871 3881 que
1903 3815 2051 3870 illius
2091 3816 2451 3886 phil050phia:
2485 3825 2648 3888 atque
2692 3819 3018 3874 eruditionis
3060 3836 3165 3873 una
3213 3836 3336 3874 cum

1766 3905 1860 3957 illo
1893 3907 2142 3976 participi
2179 3909 2283 3962 sibi
2314 3925 2435 3963 esse
2470 3909 2676 3964 liceret.
2717 3909 2887 3964 Sileat
2920 3911 2987 3964 ad
3023 3913 3133 3964 hzee
3160 3911 3339 3965 omnis

1767 3995 2059 4050 artificiosa
2111 3997 2442 4066 scriptorum
2489 3998 2751 4061 inventio,
2794 4015 2880 4054 res
2928 4001 3137 4068 amplas
3178 4007 3340 4067 atque

1767 4089 2060 4156 praeclaras
2106 4097 2222 4143 arte
2263 4090 2496 4158 quadam
2548 4090 2764 4144 dicendi
2803 4091 3072 4159 augendo,
3117 4089 3340 4158 amplifi-

1767 4179 1944 4230 cando
1971 4188 2132 4247 atque
2175 4181 2556 4248 exaggerando
2594 4181 2647 4234 in
2686 4183 2864 4250 majus
2895 4182 3186 4236 extollens.
3219 4180 3339 4236 Non

1766 4270 1909 4323 enim
1942 4270 2209 4338 ejusmodi
2254 4272 2580 4325 miraculqu
2625 4281 2708 4326 est
2735 4273 2786 4326 iu
2832 4273 2920 4339 iis,
2944 4287 3065 4341 quae
3097 4287 3342 4326 comme-

1769 4372 1972 4416 morata
1997 4374 2145 4428 sunt,
2177 4363 2320 4431 quod
2347 4364 2394 4417 vi
2415 4380 2477 4418 ac
2508 4365 2764 4419 facultate
2788 4365 3020 4419 dicentis
3053 4364 3133 4418 vel
3161 4363 3340 4433 majus

79 4473 189 4507 τινι
221 4455 318 4507 καὶ
345 4453 485 4523 λόγῳ
521 4454 615 4524 τὴν
652 4454 798 4506 θείαν
841 4453 1066 4523 δύναμιν
1101 4453 1513 4525 ἀνακηρύσσων,
1545 4453 1662 4506 ἀλλ’

1769 4452 1849 4505 vel
1888 4453 2066 4504 minus
2097 4453 2210 4506 ﬁeri
2249 4453 2445 4522 possit,
2470 4470 2632 4522 quam
2661 4471 2716 4509 re
2745 4457 2858 4523 ipsa
2892 4465 2992 4509 est.
3023 4453 3162 4519 Quid
3194 4455 3339 4509 enim

79 4541 161 4609 οἷς
200 4544 375 4598 ἐποίει
409 4545 620 4606 δεικνὺς
651 4544 740 4596 τὸν
781 4544 912 4596 Θεὸν
950 4545 1052 4596 ὑπὸ
1080 4543 1170 4597 τοῦ
1208 4545 1506 4614 Γρηγορίου
1538 4562 1665 4597 κατ-

80 4635 486 4706 αγγελλόμενον
505 4654 516 4665 ·
549 4628 592 4703 ᾧ
622 4637 769 4687 πᾶσα
799 4634 938 4687 κατὰ
966 4636 1026 4688 τὸ
1061 4635 1319 4707 ὁμότιμον
1361 4636 1666 4705 ὑποχείριος

80 4729 336 4783 πείθεται
373 4728 570 4791 κτίσις,
604 4729 702 4796 οὐχ
733 4729 854 4780 ὅσον
883 4726 1196 4797 αἰσθητικὸν
1241 4728 1396 4796 μόνον
1438 4727 1532 4780 καὶ
1568 4727 1666 4797 ἓμσ

83 4838 280 4883 πνουν,
310 4819 403 4871 καὶ
427 4818 684 4887 ἔμψυχον,
707 4816 820 4868 ἀλλ’
842 4816 894 4868 εί
911 4833 961 4868 τι
985 4816 1295 4868 καὶτούτων
1320 4817 1464 4868 ἐστὶν
1488 4816 1662 4882 ἐκτὸς,

78 4913 227 4964 οὕτω
257 4911 470 4979 δέχεται
503 4910 563 4962 τὸ
607 4909 699 4962 τοῦ
733 4909 1060 4979 θεράποντος
1100 4908 1407 4977 ἐπίταγμα,
1453 4908 1526 4970 ὡς
1567 4908 1665 4961 οὐκ

79 4999 424 5071 ἀμοιροῦντα
471 5001 567 5069 τῆς
606 4999 926 5068 αἰσθήσεως.
964 5001 1098 5052 Ποία
1136 4999 1240 5068 γὰρ
1291 4998 1426 5068 ἀκοὴ
1457 4998 1547 5050 τοῦ
1591 4998 1667 5050 λί-

82 5093 213 5157 θου;
247 5092 378 5142 Ποία
404 5091 500 5159 τῆς
529 5089 621 5141 τοῦ
653 5089 963 5152 κελεύοντος
990 5089 1234 5153 ἐξουσίας
1256 5089 1542 5159 αἵσθησις;
1572 5089 1666 5151 Τίς

81 5183 317 5252 δύναμις
362 5183 418 5233 ἐν
469 5179 614 5250 αὐτῷ
661 5179 1031 5250 patefiat-mf};
1078 5180 1210 5232 ΙΙοία
1251 5179 1426 5249 μελῶν
1477 5197 1534 5232 τε
1575 5180 1667 5232 καί.

82 5273 310 5345 ἄρθρων
335 5271 622 5338 διασκευής
658 5268 816 5320 Ἀλλὰ
840 5269 1015 5320 πάντα
1037 5268 1206 5320 ταῦτα
1229 5269 1322 5320 καὶ
1350 5267 1418 5320 τά
1445 5269 1666 5322 τοιαῦτα

81 5366 221 5434 λίθῳ
275 5365 308 5433 ἡ
359 5363 452 5414 τοῦ
502 5361 812 5423 κελεύοντος
853 5361 1081 5430 δύναμις
1121 5360 1363 5426 γίνεται,
1420 5360 1553 5431 πρὸς
1601 5361 1668 5430 ἣν

87 5459 213 5509 ἰδὼν
247 5457 277 5508 6
312 5456 577 5525 νεωκόρος
615 5455 853 5514 ἐκεῖνος,
897 5451 1053 5514 εὐθὺς
1096 5451 1193 5521 τὴν
1241 5451 1530 5521 γινομένην
1577 5453 1669 5504 ἐπὶ

84 5549 271 5618 πλάνῃ
300 5547 396 5616 τῆς
422 5545 766 5615 ἀνθρωπίνης
794 5543 1006 5612 φύσεως
1032 5543 1247 5612 ἀπάτην
1269 5544 1376 5595 τῶν
1400 5545 1670 5613 δαιμόνων

90 5634 289 5705 ἐνόησε
334 5651 391 5685 τε
445 5635 537 5686 καὶ
590 5633 925 5697 ὲὸδελύξατο,
970 5632 1062 5684 καὶ
1109 5633 1243 5702 πρὸς
1284 5633 1373 5686 τὸν
1419 5633 1669 5702 ἀληθινὸν

91 5728 227 5781 Θεὸν
273 5726 621 5796 μετετάξατο,
654 5724 741 5778 διὰ
773 5725 882 5778 τῶν
913 5725 1063 5791 παρᾶ
1101 5725 1191 5777 τοῦ
1231 5725 1414 5778 δούλου
1446 5741 1671 5797 γεγενη-

1769 4541 1930 4595 dictis
2007 4543 2205 4612 aliquis
2269 4542 2530 4612 adjicieus
2598 4546 2919 4598 miraculum
2986 4545 3342 4614 amplificabit

1768 4641 1820 4687 et
1853 4635 2246 4703 exaggerahit?
2282 4651 2388 4704 qua
2425 4638 2641 4690 ratione
2679 4651 2809 4690 vero
2837 4637 2959 4705 quis
2989 4639 3340 4697 audientibus

1769 4720 2187 4778 admirationem
2218 4725 2294 4778 rei
2316 4736 2479 4795 gestae
2509 4724 2806 4782 minuerit?
2837 4727 3040 4780 Saxum
3072 4728 3341 4784 abstrahit

1768 4828 1797 4866 a
1836 4815 1984 4867 saxis
2016 4829 2132 4875 eos,
2153 4815 2242 4880 qui
2264 4817 2410 4871 saxis
2437 4825 2490 4870 et
2513 4817 3098 4887 lapidibusmaucipati
3130 4819 3340 4872 servie—

1768 4906 1900 4959 bant
1935 4924 1947 4958 :
1981 4907 2117 4974 lapis
2156 4921 2332 4975 praeco
2371 4907 2569 4961 diviuze
2611 4909 2734 4961 fidei
2779 4917 2832 4962 et
2879 4913 2983 4962 dux
3033 4910 3340 4963 inﬁdelibus

1769 4997 1834 5051 ad
1859 4999 2085 5052 salutem
2106 4999 2343 5062 exsistit,
2361 5014 2466 5051 non
2497 5015 2628 5054 voce
2649 5001 2879 5068 quadam
2899 5009 3060 5070 atque
3090 5015 3339 5055 sermone

1768 5090 2014 5143 divinam
2047 5091 2342 5158 potentiam
2385 5092 2670 5148 celebrans
2705 5101 2868 5162 atque
2903 5093 3211 5162 ditiulgans,
3243 5094 3338 5149 sed

1771 5196 1870 5236 suo
1911 5181 2056 5235 facto
2111 5180 2299 5244 Deum,
2341 5182 2434 5251 qui
2486 5182 2554 5234 ab
2598 5183 2862 5252 Gregorio
2897 5184 3336 5247 annuntiaretur,

1769 5273 2106 5329 ostendens:
2145 5274 2233 5326 cui
2274 5274 2453 5328 omnis
2501 5290 2564 5328 ex
2606 5291 2762 5344 :equo
2815 5276 3048 5330 obnoxia
3085 5285 3340 5332 creatura

1770 5366 2128 5434 obtemperat,
2164 5380 2270 5417 non
2309 5366 2484 5420 solum
2516 5382 2858 5436 qurecunque
2901 5383 3065 5422 sensu
3091 5370 3339 5437 praedita,

1773 5457 1945 5526 spirat
1965 5462 2016 5509 et
2051 5455 2290 5508 animata
2318 5465 2420 5518 est,
2450 5472 2635 5510 verum
2659 5458 2823 5511 etiam
2854 5458 2898 5510 si
2929 5473 3033 5526 qua
3063 5459 3341 5514 extrahas

1772 5555 1876 5609 est,
1923 5547 1994 5598 ita
2036 5546 2189 5613 jussa
2223 5545 2412 5599 famuli
2461 5548 2760 5617 accipiunt,
2807 5549 2962 5616 quasi
3009 5563 3208 5606 sensus
3239 5567 3340 5604 ex-

1774 5646 1953 5706 pertes
1990 5652 2094 5689 non
2119 5648 2322 5690 essent.
2361 5637 2494 5702 Quis
2529 5639 2672 5692 enim
2710 5639 2904 5708 lapidis
2927 5641 3186 5695 auditus?
3217 5643 3342 5712 quis

1770 5729 2016 5800 jubentis
2064 5730 2350 5799 potestatis
2403 5732 2635 5786 sensus?
2682 5748 2802 5802 qua:
2864 5749 2990 5789 vero
3048 5735 3128 5790 vis
3168 5735 3225 5790 iu
3273 5748 3342 5791 eo
