3834 6414
443 278 548 333 923

1613 270 1669 326 S.
1713 272 2038 329 GREGORII
2083 272 2376 329 NYSSENI

3616 274 3709 329 921

443 390 627 455 aliqua
666 383 717 437 vi
745 384 1030 439 calamitas
1064 384 1314 453 corporis
1346 382 1642 449 acciderat,
1679 399 1777 454 pro
1804 384 2013 440 foribus

2122 388 2345 456 δυνάμει
2376 386 2468 440 τοῦ
2498 387 2811 455 Πνεῦματος
2846 387 3220 456 μεριζόμενος,
3246 386 3565 457 κηρύσσων,
3601 406 3712 442 συν-

442 486 643 545 praesto
668 484 848 539 erant,
888 486 944 531 et
989 476 1080 530 ille
1110 476 1165 529 in
1206 475 1387 529 medio
1434 490 1625 530 eorum
1656 477 1721 530 ad
1772 476 1824 530 id
1869 476 2018 547 quod

442 567 641 635 cuique
672 580 885 631 eorum,
927 567 1023 636 qui
1062 574 1467 629 convenerant,
1515 582 1656 637 opus
1702 578 1843 629 erat,
1897 584 2021 623 sese

443 656 655 710 virtute
687 656 931 725 Spiritus
967 657 1305 727 impertiens,
1335 659 1657 727 praedicans,
1690 674 1797 712 una
1831 659 2021 728 dispu-

445 756 568 802 tans
589 758 642 802 et
671 750 1015 811 examinans,
1044 748 1367 813 admonens,
1387 751 1615 815 docens,
1644 767 1868 806 sanans.
1906 751 2020 807 Hac

444 841 591 894 enim
629 842 819 910 utique
855 856 916 896 re
945 841 1292 911 potissimum
1333 842 1536 897 multos
1573 842 1640 895 ad
1672 843 2022 913 praedicatio-

444 946 568 985 nem
609 932 938 995 adducebat,
986 930 1132 1001 quod
1177 945 1242 985 ea
1269 946 1391 1001 qua:
1439 933 1764 988 videbantur
1790 951 1914 989 cum
1951 936 2021 992 iis

443 1038 563 1092 qua:
606 1023 970 1078 audiebantur
1023 1025 1398 1092 congruebant
1466 1036 1520 1081 et
1579 1029 2018 1095 conveniebant,

444 1125 609 1185 atque
643 1131 741 1187 per
771 1124 1000 1186 utraque
1030 1115 1229 1171 divinae
1254 1117 1468 1172 virtutis
1504 1118 1557 1172 in
1593 1134 1658 1173 eo
1692 1129 1835 1174 nota:
1858 1129 2022 1191 atque

449 1210 656 1263 indicia
716 1210 1044 1265 relucebant.
1110 1207 1245 1263 Nam
1298 1224 1459 1265 aures
1524 1211 1742 1281 quidem
1805 1228 2018 1280 sermo,

444 1301 640 1355 oculos
666 1315 797 1356 vero
836 1315 901 1356 ea
935 1316 1057 1371 quae
1086 1300 1231 1356 circa
1260 1301 1509 1358 inﬁrmos
1535 1303 1839 1359 edebantur
1865 1307 2023 1359 mira-

445 1392 570 1445 cula
607 1398 835 1462 stupore
880 1400 937 1447 et
986 1391 1349 1447 admiratione
1405 1399 1597 1461 captos
1636 1396 1917 1450 tenebant.
1962 1394 2020 1450 Si

444 1483 571 1553 quis
620 1484 850 1553 lugeret,
903 1485 1336 1540 consolationem
1391 1485 1733 1554 accipiebat:
1800 1487 2022 1556 juvenis

444 1586 501 1629 et
533 1575 854 1631 adolescens
881 1576 1253 1646 castigabatur
1290 1587 1344 1633 et
1390 1580 1785 1635 emendabatur
1831 1580 2022 1636 mode-

444 1666 716 1735 stiamque
743 1666 989 1722 discebat
1012 1683 1026 1732 ;
1048 1683 1214 1723 senex
1243 1671 1699 1726 convenientibus
1731 1672 1876 1726 aetati
1903 1688 2022 1729 ser-

443 1758 698 1813 monibus
721 1760 1035 1813 curabatur.
1069 1761 1244 1825 Servi,
1276 1769 1333 1816 ut
1367 1776 1494 1832 erga
1534 1763 1786 1819 dominos
1832 1765 2018 1821 ﬁdeles

442 1859 664 1904 essent:
701 1850 792 1919 qui
821 1858 1145 1919 potestatem
1179 1852 1232 1905 in
1284 1851 1420 1908 alios
1464 1853 1751 1920 baberent,
1802 1863 1860 1908 ut
1891 1871 2019 1927 erga

442 1940 694 1997 subditos
723 1935 1115 1998 humanitatem
1161 1951 1509 2014 praestarent,
1557 1947 2015 2004 admonebantur.

442 2031 656 2104 Pauper
702 2050 843 2090 unas
891 2035 1111 2091 divitias
1177 2053 1303 2093 esse
1359 2038 1615 2093 virtutem
1674 2040 2017 2105 docebatur,

439 2138 603 2193 quam
632 2126 887 2180 omnibus
937 2126 1152 2181 abunde
1204 2128 1491 2197 acquirere
1537 2128 1763 2185 liceret:
1815 2131 1861 2185 si
1894 2132 2018 2201 quis

441 2214 653 2270 divitiis
681 2215 923 2279 ﬂoreret,
952 2216 1048 2279 ita,
1082 2225 1141 2272 ut
1168 2233 1265 2287 par
1284 2228 1421 2283 erat,
1448 2218 1867 2285 admonebatur,
1893 2237 2018 2277 cum

440 2306 853 2363 administrator
906 2325 969 2363 ac
1006 2311 1371 2379 dispensator,
1420 2326 1527 2364 non
1590 2310 1847 2366 dominus
1898 2330 2020 2369 esse

442 2398 764 2455 facultatum
800 2402 1111 2458 doceretur.
1145 2402 1467 2457 Mulieribus
1514 2407 1900 2461 convenientia
1932 2415 2018 2461 at-

440 2507 547 2561 que
571 2495 1007 2557 accommodata,
1034 2498 1219 2564 pueris
1249 2498 1615 2568 competentia
1643 2510 1807 2568 atque
1838 2500 2013 2563 utilia,

440 2586 690 2653 patribus
731 2586 879 2655 ipsos
910 2587 1156 2641 decentia
1197 2605 1320 2644 cum
1353 2591 1638 2657 tribueret,
1674 2599 1728 2647 et
1760 2593 2016 2648 omnibus

439 2676 623 2728 omnia
658 2677 825 2739 ﬁeret,
868 2685 921 2732 et
944 2680 1187 2731 omnium
1241 2681 1415 2735 vicem
1462 2690 1766 2750 praestaret,
1802 2691 2015 2737 tantum

439 2764 542 2818 sibi
577 2765 784 2819 auxilio
825 2768 1063 2836 Spiritus
1100 2780 1322 2839 repente
1356 2773 1616 2841 populum
1649 2772 1923 2843 adjunxit,
1957 2782 2017 2828 ut

439 2855 506 2909 ad
546 2858 730 2926 templi
787 2856 1203 2914 fabricationem
1248 2864 1490 2916 animum
1547 2862 1844 2933 adjiceret,
1888 2878 2014 2919 cum

437 2961 629 3001 omnes
663 2948 940 3004 oﬁ'ercndo
978 2958 1086 3005 tam
1120 2953 1401 3017 pecunias,
1427 2970 1589 3022 quam
1623 2968 1821 3023 operas
1850 2969 2001 3021 suas,

437 3038 676 3093 studium
704 3041 825 3109 ejus
853 3041 1197 3111 adjuvarcut.
1234 3042 1349 3099 lloc
1395 3055 1479 3100 ρει
1538 3046 1824 3130 templum,
1861 3045 2010 3115 quod
2040 3081 2082 3137 Ο

438 3147 612 3200 usque
661 3132 840 3187 adhuc
889 3136 1236 3190 ostenditur:
1296 3135 1441 3207 quod
1503 3152 1735 3205 magnus
1787 3124 1879 3191 ille
1930 3137 2012 3190 vir

437 3224 620 3277 statim
677 3240 972 3295 aggressus
1031 3229 1197 3282 veluti
1265 3228 1682 3284 {uiridantentum
1735 3230 2010 3299 quoddam

437 3323 603 3385 atque
628 3317 964 3386 crepidinem
996 3321 1080 3373 sui
1131 3321 1422 3375 sacerdotii
1457 3321 1614 3375 initio
1650 3321 1896 3376 instituit
1931 3330 2014 3374 at—

436 3423 543 3477 que
577 3409 800 3464 molitus
828 3419 934 3473 cst,
985 3412 1172 3465 divino
1210 3412 1449 3481 quodam
1492 3422 1689 3467 conatu
1725 3421 1780 3467 et
1808 3413 2017 3467 auxilio

437 3512 638 3565 supero
670 3513 808 3568 cpus
843 3501 1153 3564 absolvens,
1179 3502 1640 3570 quemadmodum
1665 3504 2014 3573 insequentis

2118 478 2405 542 εξετάςων,
2435 478 2721 540 νουθετῶν,
2752 478 3037 540 διδάσκων,
3080 478 3327 548 ἰώμενος.
3366 479 3563 550 Τούτῳ
3607 482 3708 550 γὰρ

2118 568 2182 638 δὴ
2211 569 2442 639 μάλιστα
2475 572 2782 640 προσήγετο
2824 572 2949 633 τοὺς
2991 570 3217 633 πολλοὺς
3247 569 3326 642 τῷ
3370 571 3709 641 κηρύγματι,

2120 663 2201 714 ὅτι
2226 662 2535 715 συνέϐαινεν
2565 664 2597 732 ἡ
2625 662 2746 730 ὄψις
2772 663 2838 732 τῇ
2861 663 3020 732 ἀκοῇ,
3055 662 3148 714 καὶ
3168 662 3235 714 δι’
3258 662 3593 733 ἀμφοτέρων
3617 664 3710 732 τῆς

2122 751 2269 814 θείας
2316 751 2599 822 δυνάμεως
2641 753 2955 821 ἐπέλαμπεν
3002 752 3153 823 αὑτῷ
3210 754 3278 805 τὰ
3324 753 3705 823 γνωρίσματα.

2122 844 2231 912 Τὴν
2268 843 2367 915 μὲν
2408 844 2515 915 γάρ
2545 845 2715 916 ἀκοὴν
2753 848 2782 899 6
2819 846 3011 913 λόγος,
3062 846 3162 908 τάς
3194 846 3250 899 δὲ
3292 846 3447 915 δψεις
3483 846 3550 899 τὰ
3588 847 3711 915 περὶ

2118 935 2245 997 τοὺς
2318 934 2678 998 ἀσθενοῦντας
2724 936 3016 1008 ἐξέπληττε
3056 937 3332 1008 θαύματα.
3381 939 3442 992 '0
3506 938 3707 991 πενθῶν

2120 1025 2485 1095 παρεκαλεῖτο
2507 1041 2522 1056 ο
2570 1026 2599 1077 6
2645 1026 2763 1089 νέος
2808 1026 3202 1097 ὲσωφρονίζετο
3225 1044 3239 1057 ·
3272 1030 3301 1080 6
3338 1028 3573 1098 γηραιὸς
3603 1030 3708 1091 τοῖς

2120 1112 2420 1183 καθήκουσι
2458 1114 2636 1183 λόγοις
2681 1115 3066 1185 ἐθεραπεύετο.
3117 1116 3300 1169 Δοῦλοι
3346 1118 3487 1187 πρὸς
3524 1116 3709 1169 δεσπόο

2119 1219 2219 1266 τας
2264 1204 2477 1265 οἰκείως
2520 1204 2698 1273 ἔχειν,
2743 1206 2794 1256 οἱ
2843 1205 3170 1275 κρατοῦντες
3218 1209 3329 1269 τοῖς
3382 1206 3708 1275 ὑποχειρίοις

2123 1295 2682 1365 φιλανθρωπεύεσθαι,
2726 1300 2755 1350 6
2810 1298 3106 1369 πενόμενος
3159 1300 3255 1351 ἕνα
3301 1298 3536 1351 πλοῦτον
3574 1294 3709 1351 εἶναι

2121 1386 2219 1457 τὴν
2265 1389 2465 1458 ἀρετὴν
2508 1388 2848 1454 ὲδιδάσκετο,
2895 1390 3018 1459 ἥτις
3080 1392 3215 1443 πᾶσι
3259 1390 3548 1459 πρόκειται
3594 1392 3710 1443 κατ’

2122 1479 2369 1542 ἐξουσίαν
2402 1481 2435 1549 ή
2464 1481 2684 1549 κτῆσις,
2718 1483 2746 1533 6
2771 1482 2849 1549 τῷ
2892 1480 3107 1553 πλούτῳ
3140 1482 3325 1553 κομῶν
3364 1482 3712 1553 καταλλήλως

2122 1571 2474 1636 ἐνουθετεῖτο,
2516 1573 2798 1641 οἰκονόμος
2830 1568 2970 1626 εἶναι
3007 1574 3116 1626 τῶν
3160 1576 3494 1643 προσόντων,
3524 1576 3586 1627 οὗ
3622 1575 3713 1626 xz}-

2128 1680 2238 1733 ριος
2270 1662 2670 1734 διδασκόμενος.
2721 1664 2941 1730 ιὐναιξὶ
2984 1664 3057 1718 τά
3104 1665 3422 1736 πρόσφορα,
3460 1666 3621 1719 παισὶ
3651 1666 3713 1718 τὰ

2125 1754 2433 1824 σύμμετρα,
2476 1755 2711 1825 πατράσι
2749 1756 2815 1809 τά
2870 1756 3144 1825 πρέποντα
3166 1756 3367 1827 νέμων,
3408 1759 3507 1810 καὶ
3539 1758 3709 1810 πάντα

2122 1848 2254 1899 πᾶσι
2308 1847 2631 1915 γενόμενος,
2677 1849 2929 1901 τοσοῦτον
2980 1846 3157 1917 ἑαυτῷ
3207 1848 3332 1902 λαὸν
3382 1849 3601 1919 ἀθρόως
3647 1853 3709 1918 τῇ

2123 1940 2378 2010 συνεργίᾳ.
2422 1940 2516 1992 τοῦ
2562 1940 2878 2010 Πνεύματος
2919 1943 3333 2012 παρεστήσατο,
3389 1941 3537 1996 ὥστε
3579 1943 3710 2013 πρὸς

2120 2032 2247 2085 ναοῦ
2279 2032 2624 2101 κατασκευὴν
2673 2032 2936 2101 ὁρμῆσαι,
2978 2033 3197 2087 πάντων
3235 2034 3489 2105 χρήμασί
3533 2051 3597 2087 τε
3625 2035 3715 2088 καὶ

2122 2120 2337 2192 σώμασι
2366 2122 2501 2192 πρὸς
2523 2122 2620 2193 τὴν
2645 2123 2880 2194 σπουδὴν
2906 2124 3341 2196 ὑπουργούντων.
3367 2118 3543 2189 Οὗτός
3568 2128 3715 2179 ἐστιν

2120 2215 2149 2266 6
2179 2215 2327 2277 ναὸς,
2362 2208 2423 2267 οὗ
2463 2215 2560 2276 τάς
2597 2215 2771 2284 ἀρχὰς
2815 2218 3020 2280 ἐκεῖνος
3055 2218 3154 2286 τῆς
3202 2217 3551 2288 κατασκευῆς
3592 2235 3719 2271 κατ-

2119 2305 2370 2358 εϐάλετο·
2428 2306 2841 2359 ὲπεκαλλώπισε
2888 2307 2944 2360 δέ
3001 2324 3086 2371 τις
3137 2307 3245 2361 τῶν
3311 2309 3428 2378 μετ’
3477 2310 3718 2370 ἐκεῖνον,

2120 2399 2328 2451 ἐκείνου
2354 2398 2515 2461 ἀξίως
2538 2415 2551 2428 ·
2578 2400 2607 2450 6
2636 2400 2799 2469 μέχρι
2827 2398 2920 2451 τοῦ
2964 2401 3230 2470 παρόντος
3255 2401 3631 2472 δεικνύμενος,
3662 2401 3719 2454 ὃν

2118 2492 2147 2543 6
2194 2491 2365 2560 μέγας
2410 2492 2615 2554 ἐκεῖνος
2655 2492 2819 2555 εὐθὺς
2857 2493 3104 2557 ἐπιστάς,
3147 2488 3258 2546 οἷόν
3296 2510 3422 2548 τινα
3464 2494 3718 2564 θεμέλιον

2118 2584 2212 2636 καὶ
2235 2583 2472 2653 κρηπῖδα
2506 2583 2606 2651 τῆς
2641 2583 2776 2646 ἰδίας
2816 2583 3117 2655 ἱερωσύνης
3149 2584 3228 2653 τῷ
3256 2584 3719 2655 περιφανεστάτω

2116 2674 2211 2743 τῆς
2250 2675 2455 2737 πόλεως
2495 2674 2805 2737 ἐναπέθετο,
2843 2673 2965 2745 θείᾳ
3000 2676 3107 2727 τινὶ
3148 2674 3379 2745 δυνάμει
3415 2675 3716 2740 τελειώσας

2115 2766 2176 2818 τὸ
2217 2765 2400 2837 ἔργον,
2442 2766 2518 2829 ὡς
2567 2765 2644 2834 τῷ
2689 2766 2824 2834 μετά
2879 2765 3048 2818 ταῦτα
3108 2769 3466 2837 μαρτυρεῖται
3506 2767 3708 2838 χρόνῳ.

2118 2858 2344 2929 Σεισμοῦ
2378 2860 2486 2929 γάρ
2514 2876 2643 2912 ποτε
2674 2859 2975 2931 βαρυτάτου
3015 2863 3083 2930 τῇ
3134 2860 3286 2913 πόλει
3334 2861 3393 2914 ὲν
3437 2864 3554 2924 τοίς
3599 2863 3702 2914 καθ

2117 2951 2261 3020 ἡμᾶς
2308 2950 2518 3020 χρόνοις
2564 2950 2956 3020 γεγενημένου,
2981 2951 3076 3003 καὶ
3112 2950 3331 3003 πάντων
3373 2949 3579 3020 μικροῦ
3610 2951 3719 3004 δεῖν

2117 3042 2283 3112 ἄρδην
2311 3041 2684 3108 ἀπολωλότων,
2709 3042 2816 3095 τῶν
2860 3059 2918 3096 τε
2950 3042 3223 3113 δημοσίων
3253 3042 3349 3095 καὶ
3379 3042 3493 3095 τῶν
3522 3044 3721 3096 ίδιωτιο

2119 3134 2229 3189 κῶν
2255 3134 2700 3204 οἰκοδομημάτων
2729 3135 2985 3189 ἀπάντων
3008 3133 3436 3206 ὲρειπιωθέντων
3469 3135 3567 3189 καὶ
3598 3137 3721 3206 ἐρη-

2120 3227 2423 3297 μωθέντων,
2466 3226 2625 3295 μόνος
2653 3226 2866 3295 ἔμεινεν
2909 3228 2938 3279 6
2980 3227 3108 3289 ναὸς
3135 3226 3341 3289 ἐκεῖνος
3377 3227 3640 3298 ἀρῤαγής
3663 3244 3719 3278 τε

2115 3318 2210 3371 καὶ
2238 3317 2503 3379 άσειστος,
2546 3317 2621 3380 ὼς
2654 3317 2748 3370 καί
2777 3316 2866 3369 διὰ
2895 3316 3083 3370 τούτου
3127 3318 3360 3387 φανερὸν
3407 3315 3574 3380 εἶναι,
3630 3324 3718 3373 καὶ

2122 3410 2238 3481 μεθ’
2270 3410 2386 3473 οἵας
2417 3410 2700 3480 δυνάμεως
2736 3411 2765 3461 6
2795 3410 2967 3479 μέγας
3001 3411 3205 3473 ἐκεῖνος
3245 3411 3352 3463 τῶν
3395 3414 3518 3465 κατ’
3556 3413 3719 3467 αὺτὺν

2119 3502 2457 3573 πραγμάτων
2487 3500 2943 3572 ἀντελαμϐάνετο.

436 3592 697 3660 temporis
738 3594 1055 3648 testimonio
1092 3596 1502 3663 comprobatum
1556 3604 1659 3651 est.
1697 3596 1836 3651 Cum
1904 3597 2048 3652 enim
2086 3597 2450 3666 gravissimus
2513 3595 2811 3666 aliquando
2874 3594 3082 3649 civitati
3132 3595 3336 3650 nostris
3376 3597 3714 3667 temporibus

439 3689 597 3737 terra:
626 3694 807 3741 motus
835 3688 1153 3752 accidisset,
1192 3698 1355 3758 atque
1417 3704 1611 3744 omnes
1656 3690 2050 3761 pr0pemodum
2093 3689 2343 3745 funditus
2417 3690 2747 3760 periissent,
2776 3688 3033 3743 omnibus
3082 3696 3192 3741 tam
3240 3688 3504 3757 publicis,
3552 3704 3713 3759 quam

435 3774 666 3840 privatis
707 3776 955 3831 mdiﬁciis
984 3777 1266 3846 collapsis.
1317 3778 1566 3848 disjectis
1611 3794 1673 3834 ac
1718 3781 2000 3839 desolatis.
2047 3781 2224 3834 solum
2266 3781 2397 3834 illud
2433 3780 2694 3849 templum
2736 3780 2966 3834 illaesum
3009 3789 3063 3832 et
3122 3779 3514 3834 inconcussum
3561 3797 3715 3837 man-

435 3865 529 3931 sit,
566 3876 623 3921 ut
657 3867 738 3921 vel
769 3883 866 3939 per
890 3869 992 3925 hoc
1019 3878 1220 3940 pateat,
1250 3885 1374 3925 cum
1402 3888 1509 3944 qua
1536 3875 1587 3927 vi
1619 3881 1781 3943 atque
1806 3873 2009 3927 virtute
2041 3887 2271 3943 magnus
2320 3874 2409 3928 ille
2446 3873 2527 3927 vir
2558 3889 2648 3928 res
2677 3888 2804 3929 suas
2854 3879 3169 3941 capesseret
3203 3880 3257 3926 et
3285 3872 3705 3943 aggrederetur.

506 4052 703 4109 Verum
736 4054 849 4110 lucc
882 4056 1100 4126 quidem
1169 4058 1359 4113 multis
1405 4061 1749 4129 temporibus
1784 4069 1909 4131 post
1950 4060 2009 4115 in

432 4148 822 4202 testimonium
858 4148 978 4204 ﬁdei
1015 4151 1192 4221 magni
1219 4151 1380 4208 istius
1414 4153 1515 4206 viri
1544 4168 1573 4206 a
1603 4153 1788 4208 divina
1813 4162 2007 4223 poten-

433 4241 510 4293 tia
552 4241 835 4311 designata
887 4250 1035 4297 sunt.
1086 4243 1240 4298 Tunc
1278 4254 1459 4299 autem
1502 4262 1625 4301 cum
1672 4263 1864 4303 omnes
1899 4257 2008 4302 tarn

433 4332 582 4387 illius
614 4333 764 4388 urbis
800 4334 1025 4400 incolzr,
1073 4351 1239 4406 quam
1279 4337 1445 4391 vicini
1488 4339 1806 4408 apostolicis
1841 4339 2009 4393 mira-

2201 4058 2360 4113 Ἀλλά
2384 4041 2555 4111 ταῦτα
2589 4059 2686 4129 μὲν
2709 4058 2921 4124 πολλοῖς
2952 4059 3179 4131 ὕστερον
3206 4060 3420 4131 χρόνοις
3452 4063 3534 4125 είς
3571 4081 3715 4133 μαρι-

2116 4150 2321 4221 τυρίανε
2356 4153 2453 4222 τῆς
2500 4150 2596 4204 τοῦ
2653 4152 2888 4221 μεγάλου
2940 4153 3174 4215 πίστεως
3220 4152 3369 4222 παρά
3416 4153 3517 4224 τῆς
3563 4154 3712 4218 θείας

2116 4243 2409 4314 ἀπεδείχθη
2445 4243 2742 4314 δυνάμεως.
2778 4244 2911 4298 Τότε
2939 4244 2997 4296 δὲ
3026 4246 3139 4306 τοῖς
3168 4244 3547 4308 smmum;
3580 4246 3712 4299 θαῦ-

2121 4351 2253 4406 μασι
2283 4336 2389 4390 τῶν
2416 4351 2474 4387 τε
2506 4334 2645 4387 κατά
2676 4334 2774 4406 τὴν
2805 4334 2960 4388 πόλιν
2982 4334 3077 4388 καὶ
3104 4335 3204 4404 τὴν
3234 4336 3515 4405 περίοικον
3540 4339 3714 4391 ἀπάν-

437 4429 579 4483 culis
615 4429 978 4499 obstupefacti
1029 4440 1248 4495 essent,
1281 4445 1335 4485 et
1385 4434 1650 4504 quidquid
1694 4433 1761 4487 ab
1813 4448 1878 4489 eo
1923 4434 2008 4488 vel

2122 4441 2220 4478 των
2261 4424 2745 4495 ἐκπεπληγμένων,
2794 4426 2889 4478 καὶ
2939 4427 3046 4481 πᾶν
3079 4425 3139 4478 τὸ
3194 4426 3321 4496 παρ’
3353 4426 3520 4480 αὐτοῦ
3557 4428 3712 4496 λεγό-

432 4523 707 4577 dicerctur
755 4524 840 4577 vel
876 4525 1048 4587 ﬁeret,
1105 4524 1294 4579 divina
1327 4526 1531 4580 virtute
1589 4534 1644 4581 et
1686 4526 1770 4597 agi
1814 4534 1869 4582 et
1901 4525 2011 4581 dici

432 4615 833 4671 credidissent:
883 4634 949 4671 ne
988 4619 1332 4672 saecularium
1369 4619 1589 4689 quidem
1625 4633 1689 4675 ac
1728 4626 2011 4688 tempora-

432 4707 565 4761 lium
614 4710 1120 4763 controversiarum
1181 4711 1329 4764 aliud
1377 4713 1545 4763 ullum
1588 4710 1859 4779 judicium
1904 4711 2009 4766 sibi

430 4799 606 4868 magis
643 4806 822 4853 ratum
878 4815 942 4855 ac
1000 4801 1253 4867 ﬁrmum,
1313 4802 1607 4870 majorisve
1659 4803 2011 4858 auctoritatis

428 4904 553 4946 esse
572 4891 854 4960 putabant,
887 4892 982 4948 sed
1018 4896 1198 4949 omnis
1216 4897 1448 4964 qttmstio
1482 4894 1926 4965 disceptatioque
1956 4904 2011 4948 et

429 4983 613 5039 omnis
643 4984 933 5040 intricatus
976 4997 1027 5041 et
1076 4988 1350 5055 explicalu
1380 4986 1621 5041 difﬁcilis
1660 4988 2006 5056 negotiorum

430 5089 603 5130 nexus
653 5076 797 5131 illius
851 5078 1096 5133 consiliis
1130 5086 1182 5131 et
1238 5077 1706 5133 admonitionibus
1765 5079 2010 5133 resolve-

429 5168 593 5223 batur
615 5177 666 5225 ct
698 5171 1079 5226 dirimebatur.
1133 5170 1291 5226 Unde
1318 5186 1442 5226 cum
1466 5171 1836 5226 communiter
1878 5172 2003 5225 uni-

430 5263 627 5327 versis,
675 5270 787 5318 tum
829 5264 1058 5335 singulis
1102 5264 1250 5317 illius
1297 5264 1564 5319 beneﬁcio
1604 5270 1715 5317 tam
1776 5263 2007 5333 :equitas

430 5360 689 5421 rectaque
739 5352 880 5422 juris
935 5354 1275 5420 constitutio,
1310 5369 1475 5423 quam
1524 5369 1629 5424 pax
1686 5363 1839 5408 erat:
1890 5368 2005 5406 ma-

430 5458 706 5512 gnumque
747 5446 1012 5500 bonorum
1052 5454 1165 5501 tum
1197 5445 1417 5516 publice
1451 5454 1566 5498 tum
1612 5446 1866 5516 privatim
1922 5445 2007 5499 in-

430 5543 791 5599 crementum,
831 5536 981 5591 nulla
1017 5537 1227 5592 malitia
1273 5539 1490 5593 nullave
1525 5537 1716 5593 fraude
1757 5547 2003 5592 mutuam

429 5625 777 5680 concordiam
830 5628 1208 5685 imminuente.
1252 5629 1507 5686 Forsitan
1535 5633 1733 5684 autem
1771 5646 1879 5685 non
1924 5630 2005 5684 in-

434 5717 825 5789 tempestivum
873 5720 1038 5777 fuerit
1099 5739 1265 5778 unum
1321 5723 1443 5794 ejus
1501 5721 1780 5780 decretum
1839 5731 2005 5793 atque

2119 4517 2276 4588 μενόν
2330 4533 2387 4568 τε
2444 4518 2539 4570 καὶ
2590 4517 2890 4588 γινόμενον,
2937 4517 3057 4588 θείᾳ
3103 4516 3329 4587 δυνάμει
3369 4517 3713 4589 πράττεσθαί

2113 4628 2171 4664 τε
2201 4612 2295 4664 καὶ
2333 4610 2583 4679 λέγεσθαι
2625 4610 3087 4672 πεπιστευκότων,
3133 4609 3253 4663 οὐδὲ
3296 4609 3405 4662 τῶν
3438 4611 3711 4680 βιωτικῶν

2088 4702 2643 4774 .ἀμφισ6ητημάτων,
2690 4702 2820 4754 ἀλλο
2861 4719 2912 4754 τι
2964 4701 3310 4771 δικαστήριον
3349 4701 3520 4771 ᾤοντο
3568 4700 3709 4758 εἶναι

2112 4794 2293 4858 αὐτοῖς
2348 4794 2708 4864 κυριώτερον,
2765 4793 2901 4847 ἀλλά
2962 4795 3112 4846 πάσα
3167 4793 3347 4863 κρίσις
3404 4794 3500 4844 καὶ⁹
3556 4795 3711 4848 πᾶσα

2110 4888 2536 4955 δυσδιεξόδευτος
2561 4887 2904 4957 πραγμάτιον
2948 4886 3121 4956 πλοκὴ
3158 4890 3277 4948 ταῖς
3317 4884 3527 4938 ἐκείνου
3576 4903 3710 4956 συμ·

2112 4980 2350 5045 ϐουλίαις
2377 4979 2632 5033 διελύετο.
2671 4978 2834 5032 Ὅθεν
2862 4978 3086 5047 εὐνομία
3115 4995 3176 5031 τε
3211 4978 3303 5031 καὶ
3331 4977 3523 5047 εἰρήνη
3551 4978 3706 5045 κοινῇ

2109 5088 2167 5124 τε
2212 5071 2303 5124 καὶ
2345 5073 2478 5124 πᾶσι
2514 5071 2607 5123 καὶ
2649 5072 2761 5133 τοῖς
2802 5068 2924 5122 καθ’
2950 5068 3179 5121 ἕκαστον
3227 5067 3315 5120 διά
3354 5067 3453 5137 τῆς
3491 5065 3706 5120 ἐκείνου

2110 5164 2328 5237 χαρίτος
2361 5159 2451 5235 ἧν,
2490 5164 2584 5217 καὶ
2628 5162 2795 5232 πολλὴ
2840 5161 2947 5214 τῶν
2985 5160 3204 5227 ἀγαθῶν
3232 5163 3265 5230 ή
3300 5161 3562 5223 ἐπίδοσις,
3592 5160 3703 5229 ἰδία

2109 5275 2168 5311 τε
2212 5257 2306 5311 καὶ
2336 5258 2509 5327 κοινῇ,
2560 5255 2826 5328 μηδεμιᾶς
2870 5252 3069 5316 κακίας
3121 5254 3221 5324 τὴν
3258 5252 3394 5322 πρὸς
3436 5251 3702 5322 ἀλλήλους

2108 5351 2361 5422 ὁμόνοιαν
2393 5350 2810 5418 ὲπικοπτούσης.
2842 5348 2955 5401 Οὐκ
2980 5345 3208 5417 ἄκαιρον
3244 5344 3289 5397 δ’
3317 5343 3383 5396 ἂν
3418 5344 3549 5406 ἴσως
3588 5344 3696 5412 εἴη,

2114 5446 2240 5514 μιᾶς
2264 5440 2428 5496 αὑτοῦ
2460 5441 2689 5512 κρίσεως
2716 5441 2932 5511 μνήμην
2962 5436 3312 5508 ποιήσασθαιο
3341 5436 3417 5497 ὡς
3443 5434 3531 5499 ἀν,
3560 5437 3698 5488 κατά

2107 5536 2207 5605 τὴν
2240 5533 2557 5603 παροιμίαν,
2592 5533 2710 5585 ὅλον
2757 5534 2885 5602 ἡμῖν
2916 5531 3137 5599 γένηται
3174 5528 3479 5594 καταφανὲς
3510 5528 3575 5578 ὲκ
3605 5526 3695 5578 τοῦ

2107 5626 2414 5698 κρασπέδου
2448 5625 2507 5677 τὸ
2537 5624 2781 5695 ὕφασμα.
2816 5623 2923 5675 Καὶ
2955 5622 3064 5692 γάρ
3097 5623 3128 5690 ή
3170 5619 3286 5672 θεία
3328 5619 3539 5689 Γραφὴ,
3566 5617 3694 5670 πολ-

2108 5719 2203 5782 λάς
2248 5719 2339 5772 τοῦ
2377 5718 2717 5788 Σολομῶντος
2752 5714 2955 5787 κρίσεις
2998 5716 3107 5776 τοῖς
3156 5710 3417 5781 ὑπηκόοις
3449 5708 3694 5763 δικάσαν-
