3834 6428
112 300 235 358 925

1082 304 1167 358 DE
1201 304 1361 360 VITA
1403 303 1460 362 S.
1500 302 1829 366 GREGORH
1864 305 2398 366 THAUMATURGI.

3277 307 3382 363 926

110 440 240 486 τος,
276 422 516 494 ἠρκέσθη
549 423 634 476 διὰ
688 426 815 493 μιᾶς
852 426 1026 480 πᾶσαν
1067 425 1159 479 τοῦ
1203 427 1389 498 ἀνδρὸς
1443 429 1709 498 παραστῆ-

1824 431 2147 484 sententiam
2187 445 2612 485 commemorare
2634 473 2648 494 ,
2696 437 2774 493 ut,
2807 429 2961 499 juxta
2995 426 3339 496 proverbium
3362 465 3378 488 ,

119 530 218 564 σαι
269 515 370 583 τὴν
420 513 650 564 σύνεσιν.
681 513 806 564 Ὅτε
858 516 977 576 ταῖς
1032 513 1124 566 δύο
1176 515 1407 585 μητράσι
1462 511 1714 578 δικάζων,

116 604 321 674 ἐπειδὴ
369 603 748 669 ἀνεξέλεγκτον
784 600 850 672 ἦν
897 604 954 656 τὸ
999 605 1239 675 ἀδίκημα
1265 647 1278 671 ,
1331 606 1470 658 κατά
1508 606 1568 657 τὸ
1605 606 1716 657 ἴσον

116 696 399 764 ἑκατέρας
433 695 632 756 αὐτῶν,
665 695 725 746 τὸ
765 695 864 763 μὲν
907 695 1162 764 τεθνηκὸς
1206 696 1412 749 παιδίον
1456 697 1516 748 οὑ
1553 713 1718 766 προσ-

121 788 376 856 ιεμένης,
429 785 520 838 τοῦ
572 785 627 838 δὲ
681 787 959 856 περιόντος
1016 788 1396 858 ἀντεχομένης,
1453 787 1594 854 ἔγνω
1648 787 1716 840 δι’

118 879 376 940 ἐπινοίας
444 877 752 947 ἀνιχνεῦσαι
819 878 914 948 τήν
983 881 1368 949 κεκρυμμένην
1437 879 1712 948 ἀλήθειαν.

133 971 364 1041 Ἐπειδὴ
393 971 500 1041 γὰρ
531 971 844 1041 ἀμάρτυρον
878 967 944 1041 ἦν
973 971 1032 1023 τὸ
1081 972 1339 1040 ἀδίκημα,
1371 973 1462 1024 καὶ
1507 973 1716 1023 ἰσοστά-

122 1077 247 1122 σιος
292 1060 374 1127 ἐφ’
415 1060 686 1129 ἑκατέρων
727 1061 761 1128 ἦ
794 1078 848 1112 τε
881 1061 973 1112 τοῦ
1005 1061 1226 1129 ψεύδους
1269 1063 1360 1114 καὶ
1393 1063 1421 1131 ἡ
1455 1062 1555 1130 τῆς
1581 1061 1714 1130 ἀλη-

121 1148 284 1212 θείας
323 1150 565 1212 ὑπόνοια,
622 1149 718 1218 τὴν
767 1149 926 1216 φύσιν
968 1150 1045 1212 είς
1105 1150 1402 1219 μαρτυρίαν
1450 1150 1548 1217 τῆς
1591 1147 1715 1218 ἀλη-

123 1238 282 1302 θείας
333 1239 510 1309 ἐαυτῷ
555 1241 968 1310 παρεστήσατο,
1031 1240 1116 1292 διὰ
1169 1241 1268 1309 τῆς
1323 1239 1713 1308 σεσοφισμένης

120 1331 361 1400 ἀπειλῆς
413 1331 504 1383 τὸν
563 1331 763 1382 σκοπὸν
817 1330 917 1397 τῆς
967 1329 1200 1392 διανοίας
1251 1330 1708 1400 ἐπικρυψάμενος.

120 1419 451 1491 ΙΙροστάξας
477 1421 584 1491 γὰρ
612 1421 770 1492 δῆθεν
817 1420 911 1472 τοῦ
940 1438 998 1472 τε
1043 1421 1321 1490 περιόντος
1358 1421 1452 1474 καὶ
1484 1421 1577 1472 τοῦ
1622 1436 1710 1472 τε·

123 1513 392 1584 θνηκότος
424 1514 483 1565 τὸ
525 1512 681 1582 σῶμα
713 1511 856 1564 κατά
882 1511 941 1563 τὸ
985 1512 1094 1564 ἴσον
1133 1511 1274 1579 ξίφει
1309 1511 1710 1580 διατμηθέντων

121 1605 464 1675 ἀμφοτέραις
498 1601 939 1674 προσνεμηθῆναι
981 1606 1047 1655 τὰ
1082 1603 1188 1654 τῶν
1221 1602 1422 1655 τέκνων
1450 1601 1706 1671 ἡμίτομα,

120 1697 414 1766 παρέδωκε
465 1699 529 1766 τῇ
577 1695 734 1765 φύσει
787 1694 886 1764 τῆς
940 1693 1194 1764 ἀληθείας
1229 1693 1326 1763 τὴν
1381 1693 1558 1763 κρίσιν
1614 1691 1707 1744 τοῦ

120 1790 474 1858 πράγματος.
517 1788 601 1851 Ὠς
639 1789 746 1857 γάρ
796 1789 828 1857 ἡ
871 1787 969 1856 μὲν
1019 1787 1266 1855 ἀσμένως
1311 1786 1372 1838 τὸ
1417 1802 1712 1856 προστετα-

121 1880 330 1950 γμένον
363 1879 598 1945 ἐδέξατο,
645 1880 739 1931 καὶ
775 1879 865 1932 τὸν
896 1879 1084 1949 δήμιον
1115 1880 1374 1949 ἧπειγεν·
1405 1880 1437 1947 ἡ
1483 1877 1538 1930 δὲ
1582 1895 1711 1946 συγ-

122 1971 413 2040 κινηθεῖσα
463 1973 573 2030 τοῖς
622 1968 894 2040 μητρῴοις
952 1969 1296 2037 σπλάγχνοις,
1343 1967 1605 2038 ἡττῆσθαι
1636 1968 1712 2021 δι-

121 2062 427 2132 ωμολόγει,
481 2061 770 2129 φείσασθαι
806 2060 900 2113 τοῦ
941 2060 1132 2112 τέκνου
1175 2057 1562 2130 παρακαλοῦσα
1595 2058 1712 2128 (χάο

129 2173 214 2224 ριν
246 2155 355 2224 γὰρ
385 2149 550 2224 εἶχεν,
581 2155 628 2206 εί
661 2153 906 2206 ὁπωσοῦν
943 2152 1004 2204 τὸ
1033 2153 1224 2222 νήπιον
1255 2151 1530 2219 σώζοιτο),
1555 2151 1714 2204 τοῦτο

125 2249 410 2317 κριτήριον
440 2247 540 2316 τῆς
584 2244 840 2316 ἀληθείας
883 2246 911 2297 6
957 2243 1203 2312 βασιλεὺς
1237 2243 1618 2312 ποιησάμενος,
1645 2245 1710 2313 τῇ

126 2338 267 2390 κατά
299 2337 360 2391 τὸ
405 2337 647 2390 ἑκούσιον
687 2336 786 2405 τὴν
830 2334 1065 2388 νικῶσαν
1093 2334 1268 2404 ψῆφον
1298 2333 1595 2404 χαρίζεται,
1631 2334 1712 2386 λο-

125 2430 419 2498 γισὰμενος
456 2429 538 2481 ὅτι
577 2429 609 2496 ἡ
647 2425 938 2494 ἀφειδοῦσα
983 2426 1082 2495 τῆς
1125 2425 1215 2478 τοῦ
1262 2427 1451 2478 τέκνου
1497 2427 1710 2494 σφαγῆς

127 2520 511 2588 κατηγορεῖται
545 2516 694 2586 παρά
740 2518 838 2584 τῆς
883 2515 1115 2584 φύσεως.
1169 2514 1263 2568 καί⁷
1312 2515 1385 2577 ὡς
1431 2516 1530 2568 οὑκ
1575 2511 1710 2567 οὖσα

129 2613 311 2679 μήτηρ
340 2609 572 2670 ἐκείνου,
599 2602 659 2662 οῦ
689 2608 1000 2674 κατεπείγει
1029 2607 1118 2659 τὸν
1150 2606 1395 2660 θάνατον.
1434 2607 1567 2660 Τίνα
1600 2608 1709 2659 τοί-

121 2719 220 2754 νυν
253 2701 344 2753 καὶ
374 2702 532 2770 ἡμεῖς
561 2699 740 2770 κρίσιν
775 2697 868 2750 τοῦ
911 2697 1144 2768 μεγάλου
1177 2698 1475 2768 Γρηγορίου
1522 2697 1709 2768 διηγη-

122 2791 368 2861 σόμεθα;
405 2791 509 2843 Δύο
541 2790 684 2852 τινὲς
733 2789 968 2858 ἀδελφοὶ,
1015 2788 1124 2840 νέοι
1161 2787 1258 2857 τὴν
1302 2788 1535 2856 ἡλικίαν,
1585 2789 1708 2857 ἄρτι

117 2884 215 2935 τὸν
263 2881 516 2952 πατρῷον
561 2883 618 2934 ὲν
669 2882 880 2942 ἑαυτοῖς
930 2879 1221 2948 διελόμενοι
1266 2879 1483 2949 κλῆρον,
1516 2876 1735 2948 λίμνης’

119 2973 504 3027 ἀντεποιοῦντο
554 2971 698 3040 μιᾶς,
754 2971 932 3022 πᾶσαν
958 2968 1099 3037 ἔχειν
1131 2968 1552 3035 φιλονεικοῦντες
1583 2968 1710 3022 ἑκά-

117 3082 302 3134 τερος,
366 3063 458 3116 καὶ
504 3062 564 3114 οὑ
615 3062 1048 3132 παραδεχόμενος
1096 3062 1186 3113 τὸν
1249 3061 1406 3113 ἄλλον
1447 3064 1474 3113 6
1524 3062 1708 3132 ἔτερος

118 3159 202 3218 εἰς
252 3153 536 3208 κοινωνίαν
572 3153 672 3222 τῆς
713 3154 973 3223 κτήσεως.
1025 3153 1237 3206 Γίνεται
1285 3149 1376 3206 οὖν
1419 3154 1518 3223 τῆς
1555 3153 1708 3222 δίκης

119 3249 314 3318 κύριος
346 3250 373 3300 6
400 3246 733 3308 διδάσκαλος.
765 3247 876 3299 Καὶ
904 3245 1044 3298 κατά
1086 3245 1174 3298 τὸν
1213 3245 1376 3298 τόπον
1401 3245 1709 3315 γενόμενος,

118 3342 238 3401 τοῖς
276 3338 421 3401 ἰδίοις
453 3337 614 3390 αὑτοῦ
661 3337 845 3406 νόμοις
889 3337 1152 3408 ἐκέχρητο
1191 3337 1324 3408 πρὸς
1352 3336 1447 3407 τὴν
1482 3337 1708 3399 δίαιταν,

121 3432 209 3492 είς
243 3429 586 3497 καταλλαγὰς
623 3430 791 3496 ἄγων,
822 3429 912 3480 καὶ
943 3429 1214 3498 συμϐῆναι
1268 3428 1595 3499 παρακαλῶν
1627 3428 1712 3480 διὰ

121 3519 307 3586 φιλίας
351 3518 476 3581 τοὺς
514 3518 684 3581 νέους,
729 3519 820 3569 καὶ
867 3517 926 3570 τὸ
958 3519 1056 3588 τῆς
1107 3519 1327 3588 εἰρήνης
1367 3518 1554 3587 κέρδος
1583 3537 1712 3588 προ-

117 3610 406 3680 τιμότερον
461 3609 568 3663 τῶν
625 3611 690 3662 ὲκ
733 3609 830 3680 τῆς
889 3609 1144 3680 προσόδου
1198 3609 1544 3680 ποιήσασθαι.
1601 3611 1710 3682 Τὴν

123 3701 227 3770 μὲν
255 3699 362 3771 γὰρ
391 3701 472 3762 είς
503 3701 588 3753 ἀεὶ
641 3701 974 3771 παραμένειν
1021 3701 1111 3754 καὶ
1146 3700 1277 3764 ζῶσι
1321 3703 1414 3755 καὶ
1461 3701 1710 3773 τελευτή-

121 3807 312 3844 σασιν·
352 3791 461 3843 τῶν
497 3791 553 3844 δὲ
588 3793 918 3862 πρόσκαιρον
951 3792 1049 3862 μὲν
1087 3795 1186 3863 τήν
1224 3794 1542 3856 ἀπόλαυσιν,
1573 3797 1707 3848 αἰω-

118 3884 241 3937 νίαν
271 3883 328 3936 δὲ
357 3886 419 3952 τῇ
466 3884 556 3936 ἐπὶ
593 3883 690 3954 τὴν
727 3884 908 3955 ἀδικίᾳ
940 3885 1259 3954 κατάκρισιν
1303 3885 1434 3955 ἔχει,
1476 3887 1568 3939 καὶ
1609 3889 1707 3941 ὅσα

117 3975 274 4038 εἰκὸς
295 3971 361 4044 ἦν
390 3976 596 4028 ἐκεῖνον
625 3974 822 4042 λέγειν,
864 3974 1290 4028 καταστέλλοντα
1333 3976 1393 4027 τὸ
1437 3977 1703 4031 άτακτοῦν

116 4071 224 4134 τῆς
258 4068 525 4138 νεότητος.

1744 1751 1786 1810 Β

1735 3121 1776 3178 C

1823 528 1971 574 totus
2001 536 2218 589 pannus
2248 537 2310 574 ac
2341 522 2447 574 tela
2475 536 2504 574 a
2541 521 2699 575 nobis
2723 537 2788 574 ex
2828 519 3039 572 ﬁtiibria
3081 531 3383 586 cOguosca-

1821 621 1928 664 tur.
1960 609 2170 664 Etenim
2203 625 2327 665 cum
2370 612 2567 664 multas
2597 609 2942 665 subditorum
2973 607 3382 662 controversias

1821 700 2080 756 Solomon
2134 702 2371 756 decretis
2422 703 2538 756 suis
2589 710 2642 755 et
2706 701 2992 754 sententiis
3041 697 3383 766 interpositis

1818 795 2150 856 diremisset,
2181 810 2275 863 per
2310 809 2474 847 unum
2503 793 2768 846 duntaxat
2797 791 2918 861 ejus
2941 790 3219 844 decretum
3245 790 3381 842 satis

1816 887 2007 939 habuit
2041 901 2257 939 onmem
2311 885 2410 937 viri
2467 883 2809 952 prudentiam
2870 881 3159 935 ostendere
3196 879 3380 933 divina

1819 977 2126 1045 Scriptura.
2185 975 2320 1030 Cum
2375 976 2515 1028 inter
2579 974 2718 1027 duas
2777 983 2982 1026 matres
3021 971 3112 1039 jus
3165 971 3378 1034 dicens,

1814 1066 2257 1137 quandoquidem
2316 1067 2517 1134 injuria
2566 1075 2728 1134 atque
2786 1064 3106 1132 improbitas
3163 1061 3380 1131 probari

1815 1165 1981 1227 atque
2003 1157 2254 1212 convinci
2280 1171 2388 1209 non
2417 1163 2649 1224 poterat,
2682 1163 2912 1221 utraque
2959 1166 3147 1203 earum
3180 1151 3382 1218 pariter

1815 1260 2090 1304 mortuum
2118 1248 2339 1317 quidem
2362 1244 2626 1300 infantem
2681 1249 2994 1304 aversante,
3030 1240 3380 1308 superstitem

1815 1357 1942 1394 vero
1974 1339 2323 1404 vindicante,
2350 1337 2570 1392 solertia
2600 1333 2832 1404 quadam
2854 1347 2916 1384 ac
2948 1330 3099 1384 vafro
3127 1329 3380 1390 consilio,

1812 1434 2072 1486 latentem
2116 1430 2400 1483 veritatem
2459 1428 2649 1482 statuit
2697 1424 3052 1493 investigare.
3111 1420 3381 1486 Quoniam

1811 1524 1958 1577 enim
2007 1521 2238 1578 testibus
2276 1519 2603 1589 improbitas
2644 1526 2697 1571 et
2739 1515 2982 1585 nequitia
3023 1513 3266 1576 carebat,
3319 1526 3382 1564 ac

1813 1628 1912 1683 par
1933 1615 2321 1681 utrinque'tam
2352 1610 2644 1671 mendacii,
2673 1623 2834 1676 quam
2863 1605 3111 1660 veritatis
3139 1601 3384 1671 suspicio

1813 1714 1972 1758 erat:
2010 1712 2260 1758 naturam
2291 1702 2394 1756 sibi
2441 1702 2496 1754 in
2533 1699 2906 1754 testimonium
2938 1697 3185 1752 veritatis
3227 1693 3382 1748 adhi-

1817 1794 1953 1856 buit,
1986 1808 2084 1861 per
2123 1791 2411 1845 simulatas
2441 1797 2495 1844 et
2541 1790 2698 1843 fictas
2732 1789 2909 1841 minas
2935 1785 3066 1855 quid
3109 1793 3294 1855 ageret
3329 1791 3382 1835 et

1816 1884 1869 1937 in
1895 1883 2078 1936 animo
2111 1882 2333 1935 haberet
2360 1881 2670 1934 occultans.
2703 1879 2840 1932 Cum
2877 1877 3023 1932 enim
3060 1875 3219 1944 quasi
3257 1874 3380 1942 jus-

1815 1977 2001 2037 sisset,
2061 1982 2120 2027 ut
2181 1983 2288 2026 tam
2341 1972 2676 2041 superstitis,
2736 1983 2900 2039 quam
2967 1965 3166 2020 mortui
3199 1963 3383 2034 gladio

1814 2066 2098 2135 mqualitcr
2129 2063 2498 2117 dissectorum
2545 2061 2763 2130 utrique
2792 2059 3055 2113 darentur
3087 2055 3382 2110 dimidiatae

1817 2158 2048 2212 filiorum
2079 2166 2282 2224 partes,
2315 2155 2390 2208 rei
2424 2153 2670 2208 veritatis
2695 2151 2968 2221 judicium
3006 2157 3216 2202 natura;
3261 2162 3383 2216 per-

1814 2248 1980 2302 misit.
2009 2245 2079 2300 Ut
2107 2247 2251 2300 enim
2287 2262 2392 2299 una
2432 2246 2648 2316 quidem
2691 2246 2920 2298 libenter
2955 2244 3006 2297 id
3037 2243 3180 2312 quod
3215 2241 3386 2309 impe-

1814 2348 1990 2392 ratum
2013 2337 2563 2406 erat,accipiebat,et
2590 2335 2902 2390 carnificem
2933 2334 3184 2404 urgebat,
3215 2333 3382 2386 altera

1811 2446 1940 2487 vero
1953 2429 2210 2485 maternis
2226 2429 2526 2486 visceribus
2546 2437 2815 2482 commota
2836 2443 2894 2482 se
2908 2427 3107 2480 victam
3125 2439 3246 2479 esse
3257 2436 3387 2477 con-

1811 2521 2060 2579 cedebat.
2097 2534 2296 2588 rogans
2327 2527 2383 2572 ut
2415 2519 2525 2571 filio
2549 2526 2867 2586 parceretur
2896 2519 2911 2583 (
2939 2515 3168 2586 gratiam
3233 2514 3381 2569 enim

1811 2627 1933 2666 sese
1964 2611 2272 2664 habituram
2325 2624 2446 2662 esse
2470 2608 2669 2670 aiebat,
2699 2608 2746 2660 si
2785 2605 2981 2675 quovis
3013 2605 3174 2658 modo
3199 2602 3384 2657 infans

1813 2702 2144 2769 servaretur)
2174 2714 2188 2754 :
2215 2699 2317 2752 hoc
2348 2699 2637 2752 arbitrium
2676 2697 2923 2752 veritatis
2955 2712 3048 2750 rex
3074 2711 3195 2750 esse
3226 2711 3383 2766 repu-

1811 2803 1935 2848 tans
1965 2793 2034 2855 ei,
2078 2807 2200 2862 quae
2249 2797 2444 2860 sponte
2493 2804 2591 2844 sua
2634 2788 3018 2843 succumberet
3051 2796 3105 2842 et
3145 2786 3288 2840 vinci
3322 2800 3384 2839 se

1810 2893 2114 2954 pateretur,
2165 2882 2495 2937 sententiam
2547 2879 2830 2934 victricem
2885 2879 3138 2948 largitur,
3185 2877 3378 2932 existi-

1811 2991 1969 3030 mans
1997 2975 2142 3044 quod
2181 2989 2266 3035 ea,
2305 2986 2428 3043 quae
2459 2986 2567 3026 non
2620 2979 2839 3025 curaret
2877 2969 3048 3022 filium
3091 2967 3378 3031 trucidari,

1812 3083 1840 3121 a
1894 3074 2087 3120 natura
2125 3073 2470 3134 argueretur,
2508 3061 2656 3132 quod
2697 3075 2805 3114 non
2835 3068 2980 3115 esset
3029 3066 3206 3112 mater
3237 3057 3382 3126 ejus,

1815 3159 1980 3227 cujus
2027 3171 2215 3211 necem
2276 3156 2525 3225 urgebat.
2585 3153 2760 3219 Quam
2813 3151 2980 3222 igitur
3032 3165 3133 3204 nos
3187 3157 3381 3203 contra

1809 3249 1991 3318 magni
2021 3247 2270 3318 Gregorii
2293 3260 2477 3300 causae
2504 3245 2873 3314 cognitionem
2907 3249 3071 3311 atque
3100 3241 3378 3296 decretum

1808 3340 2200 3396 narrabimus?
2246 3339 2360 3392 Duo
2411 3337 2630 3407 quidam
2692 3336 2890 3390 fratres
2925 3342 3082 3390 mtate
3125 3334 3381 3404 juvenes,

1809 3433 1901 3500 qui
1939 3443 2224 3501 paternam
2257 3430 2631 3484 luereditatem
2679 3443 2858 3497 nuper
2905 3426 3047 3481 inter
3080 3441 3204 3480 sese
3241 3425 3382 3478 divi-

1809 3526 2040 3589 sissent,
2079 3523 2257 3576 lacum
2303 3536 2471 3574 unum
2510 3519 2899 3580 vindicabant,
2931 3526 3105 3571 totum
3156 3525 3383 3585 uterque

1815 3615 2018 3669 habere
2044 3612 2482 3668 contendentes:
2518 3620 2572 3665 et
2605 3622 2800 3666 neuter
2846 3611 3076 3664 alterum
3109 3611 3163 3661 iu
3201 3607 3382 3662 socie-

1811 3716 1976 3762 tatem
2023 3706 2398 3777 possessionis
2445 3705 2789 3760 admittebat.
2835 3701 3178 3756 Permittitur
3216 3699 3384 3768 igitur

1811 3801 2076 3867 magistro
2105 3799 2251 3850 litem
2289 3795 2582 3850 diritncndi
2615 3795 2786 3847 libera
2814 3801 3082 3862 potestas.
3118 3789 3220 3854 Qui
3255 3803 3382 3841 cum

1811 3891 1876 3945 ad
1946 3891 2126 3944 locum
2187 3888 2274 3960 (de
2326 3903 2435 3957 quo
2487 3885 2861 3941 controversia
2917 3885 3055 3952 erat)
3105 3881 3380 3940 venisset,

1811 3982 1928 4038 suis
2000 3979 2176 4050 ipsius
2239 3979 2451 4048 legibus
2476 3977 2725 4031 utebatur
2772 3975 2837 4028 ad
2877 3974 3188 4034 arbitrium,
3234 3971 3382 4040 quod

1809 4080 2114 4143 receperat,
2173 4069 2616 4141 disceptandum,
2685 4067 3191 4122 reconciliationem
3255 4077 3381 4117 sua-

119 4159 281 4220 dens,
316 4167 371 4212 et
406 4166 464 4212 ut
495 4159 670 4212 amice
713 4159 856 4213 inter
887 4174 945 4212 se
981 4159 1404 4222 concordarent,
1441 4134 1513 4214 et.
1538 4164 1690 4230 pacis

1813 4181 1946 4220 :rum
1987 4164 2184 4234 pluris,
2220 4178 2384 4232 quam
2427 4161 2480 4215 id
2525 4161 2670 4231 quod
2739 4176 2803 4214 ex
2880 4156 3240 4229 proventibus
3288 4167 3382 4206 ca-

122 4260 340 4320 perent,
376 4252 738 4317 :cstimarent,
788 4251 1168 4308 adolescentes
1222 4255 1539 4309 adhortans.
1567 4255 1700 4312 Nam
1741 4276 1930 4330 pacem
1961 4260 2179 4331 quidem
2241 4258 2294 4312 in
2357 4269 2679 4328 perpetuum
2709 4263 2763 4310 et
2796 4253 3110 4309 viventibus
3138 4257 3193 4303 et
3236 4264 3384 4302 mor-

122 4345 235 4399 tuis
271 4359 587 4412 permanere
617 4363 629 4410 ;
665 4347 940 4401 redituum
978 4363 1110 4402 vero
1141 4351 1538 4420 temporarium
1608 4355 1829 4422 quidem
1898 4372 2022 4412 csse
2069 4353 2439 4417 usufruclum,

2517 4358 2773 4405 aeternam
2813 4362 2940 4403 vero
3005 4346 3074 4400 ob
3127 4343 3380 4414 injuriam

119 4433 659 4501 candemnationetn,
691 4446 744 4491 et
778 4455 1119 4510 quaecunque
1147 4457 1246 4510 par
1315 4450 1434 4497 erat
1496 4445 1652 4499 illum

1814 4465 1906 4504 ere
1956 4450 2342 4518 reprimentem
2392 4453 2446 4499 et
2527 4443 2874 4498 cohibentem
2925 4438 3279 4495 insolentiam
3329 4440 3384 4487 et

121 4526 536 4580 immoderatam
577 4528 933 4597 cupiditatem
961 4531 1290 4600 juventutis.

204 4699 359 4752 Ἐπεὶ
389 4698 444 4751 δὲ
482 4699 759 4770 ἄπρακτος
785 4697 852 4773 ἦν
882 4705 914 4774 ἡ
950 4705 1310 4776 παράκλησις,
1341 4709 1489 4780 καὶὴ
1519 4709 1706 4780 νεότης
1739 4715 1782 4770 Ι)

119 4791 514 4861 ἐφλέγμαινεν,
566 4793 659 4845 καὶ¹
711 4795 790 4857 εἰς
843 4795 1012 4866 θυμὸν
1069 4795 1340 4860 ἐξεκαίετο
1389 4799 1590 4852 πλείονι
1644 4803 1704 4871 τῇ

119 4883 297 4935 ἐλπίδι
322 4881 416 4935 τοῦ
447 4883 670 4952 κέρδους
713 4887 1165 4955 περιοιδαίνουσα,
1192 4889 1284 4941 καὶ
1328 4891 1550 4960 στρατὸς
1579 4892 1708 4944 ἐκα-

117 4973 358 5046 τὲρωθεν
386 4975 447 5025 ἐκ
483 4973 590 5026 τῶν
621 4976 943 5048 ὑποχειρίων
976 4980 1436 5049 παρεσκευάζετο,
1467 4981 1708 5052 πολυχει·

121 5067 212 5135 ρία
249 5065 463 5132 φονῶσα
489 5066 643 5136 θυμῷ
689 5069 782 5121 καὶ
822 5070 1033 5142 νεότητι
1096 5072 1563 5143 στρατηγουμένη,
1615 5075 1706 5126 καὶ

116 5160 322 5228 ὥριστο
353 5157 450 5227 τῆς
481 5158 795 5229 συμπλοκῆς
833 5162 861 5212 6
893 5162 1081 5231 καιρός
1101 5178 1116 5194 ο
1157 5162 1452 5232 μελλούσης
1481 5164 1537 5215 δὲ
1566 5164 1704 5217 κατὰ

117 5253 219 5321 τὴν
260 5252 550 5319 ὑστεραίαν
581 5252 690 5321 τῆς
736 5249 912 5321 μάχης
967 5253 1025 5316 ἐξ
1069 5254 1343 5325 ἑκατέρων
1400 5257 1702 5326 συρρήγνυ-

119 5343 268 5403 σθαι,
303 5343 643 5412 παραμείνας
672 5346 790 5406 ταῖς
829 5343 1011 5414 ὄχθαις
1039 5345 1138 5414 τῆς
1169 5345 1362 5416 λίμνης
1393 5345 1420 5396 ὁ
1447 5346 1539 5399 τοῦ
1568 5347 1700 5399 Θεοῦ

118 5433 425 5505 ἄνθρωπος,
467 5437 559 5488 καὶ
608 5437 1041 5508 διακαρτερήσας
1084 5441 1138 5492 ἐν
1177 5440 1450 5511 ἀγρυπνία
1490 5442 1588 5512 τὴν
1620 5442 1701 5495 νῦ-

119 5543 244 5588 κτα,
292 5527 590 5596 Μωσαῖκήν
639 5544 756 5580 τινα
787 5527 1227 5599 θαυματουργίαν
1261 5533 1352 5585 ἐπὶ
1383 5532 1476 5585 τοῦ
1511 5532 1700 5597 ὓδατος

120 5617 347 5680 ἔδειξεν·
392 5618 453 5670 οὑ
506 5619 685 5689 πληγῇ
739 5619 934 5689 ῥάϐδου
968 5623 1101 5693 πρὸς
1153 5622 1245 5674 δύο
1300 5626 1560 5693 τμήματα
1613 5625 1701 5677 τὸν

125 5707 287 5774 βυθὸν
315 5709 612 5779 διασχίσας,
642 5710 755 5762 ἀλλ’
779 5712 910 5783 εὐχῇ
937 5715 1113 5766 πᾶσαν
1144 5715 1311 5785 αὐτὴν
1344 5715 1551 5785 ἁθρόως
1579 5717 1706 5768 ἀπο-

1884 4709 1990 4765 Sed
2039 4718 2398 4781 posteaquam
2458 4707 2769 4761 adhortatio
2814 4705 3060 4762 inefﬁcax
3121 4713 3280 4767 erat,
3329 4711 3382 4757 et

1805 4804 2072 4874 juventus
2104 4803 2448 4857 msluabatet
2487 4799 2964 4863 inflammabatur,’
2987 4813 3050 4851 ac
3102 4813 3198 4868 spe
3243 4795 3378 4848 lucri

1808 4895 2185 4949 intumescens
2239 4891 2435 4959 majori
2497 4890 2780 4943 iracundia
2853 4889 3266 4947 exardescebat,
3328 4896 3382 4939 et

1809 4985 2085 5040 exercitus
2115 4983 2372 5052 utrinque
2395 4999 2458 5036 ex
2496 4981 2734 5036 subditis
2759 4981 3070 5050 parabatur,
3093 4987 3148 5034 et
3186 4993 3381 5032 manus

1808 5077 1973 5131 caedis
2004 5076 2160 5130 avida
2193 5075 2378 5128 furore
2417 5083 2581 5142 atque
2609 5074 2903 5142 juventute
2936 5071 3170 5127 ducibus
3220 5077 3380 5122 utens

1808 5166 2212 5227 instruebatur,
2283 5174 2606 5233 tempusque
2662 5164 2956 5217 conflictus
3012 5161 3377 5231 praestitutum

1807 5269 1925 5313 erat
1952 5278 1963 5311 :
1993 5258 2168 5326 pridie
2196 5257 2316 5326 ejus
2351 5257 2482 5319 dici,
2513 5272 2621 5326 quo
2647 5256 2897 5326 pi-(clitun
2931 5255 3185 5323 utrinque
3229 5267 3380 5306 com-

1808 5351 2134 5403 mittendum
2175 5348 2375 5415 fuerat,
2417 5365 2542 5402 cum
2577 5349 2741 5402 homo
2777 5347 2868 5401 Dei
2917 5348 2981 5400 ad
3014 5346 3159 5413 ripas
3200 5347 3376 5414 stagni

1808 5443 2228 5509 permansisset,
2262 5448 2590 5509 noctemque
2617 5441 3020 5509 pervigilasset,
3051 5439 3374 5492 miraculum

1808 5533 2081 5602 quoddam
2133 5533 2430 5587 Mosaicum
2484 5533 2652 5586 edidit
2704 5532 2757 5584 in
2798 5546 2960 5600 aqua,
3009 5545 3116 5584 non
3152 5546 3376 5600 percus-

1809 5625 1962 5680 sione
1995 5624 2161 5695 virgae
2194 5627 2246 5679 in
2300 5625 2438 5678 duas
2488 5634 2665 5693 partes
2705 5622 3036 5692 profundmn
3087 5623 3372 5686 diducens,

1810 5718 1903 5773 sed
1963 5733 2174 5774 onmem
2219 5733 2340 5774 cum
2392 5715 2570 5771 lacum
2618 5716 2670 5770 iu
2741 5715 3000 5770 incultam
3053 5722 3107 5770 et
3165 5722 3374 5770 vastam
