3834 6428
133 343 251 399 929
1129 324 1217 388 DE
1258 318 1421 377 γιτΑ
1450 316 1513 372 S.
1540 310 1874 371 enectum
1918 308 2453 369 THAUMATURGI.
3303 298 3414 356 ΒΜ

134 459 311 532 βυθὸν
333 453 622 526 γενομένη.
645 447 803 504 Μετὰ
833 443 994 498 τοῦτο
1011 442 1067 495 δὲ
1096 439 1258 495 πάλιν
1276 437 1387 507 τμία
1408 435 1508 489 ’τοῦ
1540 433 1732 495 ὓδατος

1847 433 2263 494 traduceretur;
2294 437 2481 497 postea
2508 437 2638 479 vero
2669 435 2865 476 rursus
2900 432 3008 472 una
3044 431 3198 487 aqua:
3247 413 3416 472 l‘acies

2051 522 2082 532 .,
2181 531 2188 532 ,
2533 531 2538 532 ,
2583 531 2589 532 ,
2622 514 2637 532 ι
2673 514 2917 532 ,Αεμη-----
2951 519 3161 532 1-..“---
3195 508 3411 532 -I:.I..-n..

132 508 513 621 ςινδπιιέάνεία
538 508 785 611 γίνεται·
836 536 933 588 καὶ
979 532 1041 585 τὸ
1074 530 1213 601 πρὸς
1246 528 1425 595 ὀλίγον
1459 521 1727 594 διαιρεθὲν

1847 522 2109 592 apparuit,
2126 531 2308 589 atque
2332 532 2395 572 ea
2425 531 2550 586 qua:
2572 514 2641 568 ad
2664 514 2921 584 exiguum
2951 519 3166 578 tempus
3192 508 3418 563 diducta

1847 616 1861 621 -
2448 617 2457 621 -
2571 615 2583 621 -
2714 613 2725 621 ,
2824 620 2831 621 ί
2898 603 3112 621 me“,
3314 597 3415 621 ηε,

120 597 508 704 ’ξυνεκλόσθηι
547 597 815 685 ζΕνταῦθα
848 620 904 679 δὲ
936 624 995 676 τὸ
1021 597 1169 685 ἅπαξ
1194 615 1728 689 γενόμενον-ἔμεινεν

1847 616 2041 679 luent,
2090 627 2288 666 rursus
2335 615 2623 664 contracta
2678 613 2842 675 atque
2887 603 3117 657 confusa
3167 609 3271 655 est.
3314 597 3418 654 llic

131 691 259 783 οῖον
289 691 522 796 ἐγένετο,
548 723 623 785 ὡς
657 721 729 791 μὴ
756 713 1098 772 ἀπιστεῖσθαι
1127 711 1203 781 τῷ
1226 709 1407 779 χρόνῳ
1433 708 1492 759 τὸ
1522 703 1725 774 θαῦμα,

1847 722 1967 762 vero
1996 704 2142 775 quod
2175 702 2347 759 semel
2377 700 2678 761 acciderat,
2717 697 2883 753 sicuti
2918 694 3125 748 factum
3174 701 3310 750 erat.
3339 691 3417 746 ita

122 812 237 875 ’διὰ
258 787 367 873 τῶν
406 787 745 885 φαινομένων
787 811 865 872 είς
896 798 955 859 τὸ
980 802 1228 875 διηνεκὲς
1260 795 1725 870 μαρτυρούμενον.

1847 801 2062 859 mansit,
2100 798 2237 851 adeo
2286 804 2443 848 ut-ne
2482 792 2616 846 lldes
2661 790 2883 860 quidem
2924 790 3210 854 miraculo,
3270 787 3417 857 quod

134 915 230 967 Τὰ
274 912 372 983 μὲν
401 878 465 979 δὴ
498 878 637 961 κατὰ
667 904 765 972 τὴν
786 901 981 971 λίμνην
1002 893 1281 965 λεγόμενά
1306 909 1366 944 τε
1391 890 1485 944 καὶ
1517 887 1728 942 δεικνύ-

1847 892 2018 947 sancti
2056 890 2204 943 illius
2239 900 2464 957 precum
2498 881 2738 937 efficacia
2765 878 2969 935 editum
3004 888 3109 942 est.
3139 879 3418 933 diuturni-

141 972 292 1077 μενά
328 972 517 1056 τοῦτον
549 998 660 1068 ἔχει
691 996 781 1048 τὸν
805 994 1027 1064 τρόπον.
1056 988 1281 1056 Ἕτερον
1307 983 1364 1037 δὲ
1410 980 1546 1052 μετὰ
1572 978 1731 1030 τοῦτο

1847 990 1951 1037 tate
1983 980 2247 1049 temporis
2275 976 2529 1045 abrogari
2566 974 2778 1045 possit:
2809 972 3013 1043 quippe
3045 973 3198 1040 signa
3248 984 3419 1040 appa-

137 1094 337 1165 Θαῦμα
363 1089 601 1144 τοιοῦτον
638 1084 765 1155 παρ’
797 1079 962 1136 αὑτοῦ
1006 1073 1278 1131 δείκνυταί
1310 1089 1370 1125 τε
1396 1071 1491 1124 καὶ
1523 1083 1732 1139 μνημο-

1847 1074 2016 1127 rentia
2053 1087 2166 1126 rem
2190 1076 2409 1140 gestam
2452 1067 2506 1121 in
2540 1073 2867 1135 perpetuum
2912 1070 3207 1118 testantur.
3242 1064 3421 1131 Atque

134 1159 387 1239 γεύεται.
418 1178 666 1249 Ποταμός
695 1193 778 1237 τις
800 1171 933 1243 παρ’
964 1170 1147 1231 αὐτοῖς
1177 1165 1388 1236 διαρῥεῖ
1412 1161 1504 1215 τὸν
1532 1159 1728 1230 χῶρον,

118 1276 302 1346 ἀὐτῷ
336 1274 413 1345 τῷ
445 1248 667 1341 ὀνόματι
700 1267 760 1320 τὸ
788 1265 962 1336 τραχὺ
994 1263 1099 1315 ικαὶ
1123 1260 1398 1328 ἀνήμερον
1432 1248 1732 1320 ἐπισημαί-

138 1384 257 1422 νων
274 1338 370 1419 τοῦ
386 1338 484 1436 ’ῥεύ
495 1338 658 1433 ματος
685 1375 697 1387 ·
723 1357 897 1419 Λύκος
916 1352 1151 1425 xamen
1172 1350 1234 1402 τὸ
1253 1346 1544 1418 βλαπτικὸν
1569 1338 1727 1401 εἶναι,

141 1457 305 1528 παρὰ
323 1457 427 1509 τῶν
452 1432 887 1525 προσοικούντων
912 1441 1327 1514 ἐπονομάζεται.
1360 1437 1547 1498 Οὕτως
1566 1432 1733 1496 πολὺς

147 1552 254 1623 μὲν
293 1550 387 1603 καὶ
414 1551 477 1600 ἐκ
507 1545 615 1598 τῶν
646 1541 836 1613 πηγῶν
870 1537 1239 1605 καταφέρεται
1276 1532 1375 1601 τῆς
1419 1527 1730 1598 Ἀρμενίοις,

141 1617 250 1713 τῆς
270 1640 458 1712 χώρας
484 1635 634 1706 αὑτῷ
661 1634 747 1687 διὰ
768 1624 1315 1700 τῶνιὺπερκειμένων
1338 1620 1485 1693 ὀρῶν
1513 1617 1731 1687 δαψιλὲς

146 1707 591 1801 ἐπιχορηγούσης
623 1722 683 1777 τὸ
712 1720 945 1793 ῥεῖθρον.
1008 1712 1291 1775 nomen
1321 1707 1594 1778 πανταχοῦ
1634 1707 1733 1769 τὰς

1826 1183 1901 1222 ea
1932 1181 2056 1235 qua:
2086 1164 2153 1218 de
2188 1165 2305 1217 lacn
2333 1160 2552 1230 quidem
2572 1166 2639 1213 tet
2666 1158 2930 1211 dicuntur
2956 1164 3008 1209 et
3028 1154 3416 1220 ostenduntur,

1826 1260 1911 1313 vita
1951 1272 2012 1311 se
2048 1253 2554 1309 habenuAlterum
2586 1262 2716 1303 vero
2758 1246 3061 1301 secundum
3119 1245 3225 1300 hoc
3257 1245 3415 1299 mira-

1826 1345 2426 1417 vculumrejusmodiab
2453 1357 2519 1396 eo
2552 1341 2761 1394 factum
2797 1345 2852 1393 et
2887 1336 3199 1392 ostenditur
3226 1347 3281 1391 et
3308 1352 3422 1392 me-

1826 1449 2109 1496 moratbr.
2141 1440 2331 1494 Amnis
2356 1434 2580 1506 quidam
2604 1432 3005 1505 perregionem
3036 1430 3256 1484 illorum
3281 1429 3419 1493 ﬂuit,

1842 1531 2219 1604 ipso-nomine
2244 1527 2615 1597 asperitatem
2654 1532 2709 1578 et
2744 1523 3153 1577 inclementiam
3180 1520 3423 1575 ﬂuminis

1840 1640 1950 1695 pra:
1982 1639 2040 1678 se
2082 1622 2293 1683 ferens;
2324 1619 2501 1682 Λύκος
2527 1618 2694 1679 enim,
2726 1615 2781 1671 id
2814 1622 2919 1678 est,
2963 1616 3144 1682 lupus,
3180 1626 3246 1668 eo
3276 1612 3424 1683 quod

1842 1716 2042 1770 noxius
2082 1712 2442 1773 esse‘soleat,
2479 1710 2547 1762 ab
2579 1707 2786 1762 accolis
2825 1706 3272 1776 cognominatur.
3323 1702 3424 1757 llic

147 1794 434 1893 ὑπωρείας
462 1794 569 1869 τῶν
599 1810 862 1884 κρημνῶν
891 1806 1175 1877 ὑπορρέων
1210 1802 1347 1855 πολὺ
1386 1799 1585 1870 μᾶλλον
1613 1799 1731 1859 ταῖς

1847 1808 2103 1877 copiosus
2131 1805 2353 1875 quidem
2399 1810 2454 1855 et
2486 1800 2783 1854 vehemens
2836 1799 3000 1853 etiam
3053 1813 3118 1853 ex
3156 1798 3422 1853 fontibus

148 1890 461 1981 χειμερίαις
486 1904 787 1976 χαράδραις
812 1896 1268 1970 ἀποτραχύνεται,
1298 1893 1477 1954 πάσας
1502 1891 1582 1952 είς
1604 1890 1733 1940 ἐαυ-

150 1977 369 2061 τὸν-τάς
403 2002 467 2051 ὲκ
491 1995 597 2047 τῶν
628 1992 769 2064 ὀρῶν
800 1989 1059 2061 συρροίας
1090 1982 1506 2054 ὑπολαμϐάνων.
1567 1979 1655 2029 Ἐν
1680 1977 1736 2030 δὲ

150 2092 230 2163 τῷ
277 2089 454 2160 ὑπτίῳ
492 2088 592 2157 τῆς
617 2084 835 2155 χώρας,
881 2080 947 2133 δι’
989 2075 1448 2151 ἦςδιεξέρχεται,
1482 2070 1735 2133 πολλάκις

147 2188 270 2245 ταῖς
309 2179 647 2249 ἑκατέρωθεν
674 2176 905 2247 κρηπῖσι
946 2166 1446 2239 στενοχωρούμενος
1467 2205 1481 2226 ,
1516 2162 1658 2216 κατά
1684 2178 1737 2213 τι

153 2277 325 2349 μέρος
355 2273 670 2342 ὑπερχείται
698 2269 796 2336 τῆς
832 2262 1017 2333 ὄχθης,
1045 2258 1184 2313 κατὰ
1213 2257 1273 2309 τὸ
1300 2255 1568 2323 πλάγιονη
1591 2254 1737 2305 ἅπαν

132 2366 467 2428 ἐπικλύζων
495 2360 571 2431 τῷ
604 2357 803 2429 ῥείθρῳ
849 2354 910 2407 τὸ
942 2342 1339 2421 ὑπερκείμενον
1360 2364 1374 2377 '
1431 2344 1571 2397 ὥστε
1612 2358 1737 2394 συν-

150 2461 301 2529 εχεῖς
322 2453 462 2507 κατὰ
486 2453 548 2504 τὸ
577 2446 982 2519 ἀπροσδόκητον
1011 2444 1121 2504 τοῖς
1147 2433 1468 2510 παροικοῦσι
1491 2431 1566 2503 τῷ
1591 2432 1740 2500 τόπῳ

150 2551 283 2611 τοὺς
308 2546 584 2605 κινδύνους
621 2536 958 2606 ἐπάγεσθαι,
1004 2535 1145 2601 ἀωρὶ
1174 2530 1281 2583 τῶν
1319 2525 1529 2581 νυκτῶν
1572 2523 1605 2593 ἢ
1646 2521 1741 2576 καὶ

158 2639 282 2711 μεθ’
314 2637 525 2706 ἡμέραν
568 2630 827 2691 πολλάκις
853 2625 945 2678 τοῦ
992 2620 1238 2691 ποταμοῦ
1280 2620 1391 2680 τοῖς
1434 2616 1622 2685 ἀγροῖς
1644 2614 1739 2664 ὲπ-

155 2707 533 2801 εμϐαίνοντος.
585 2724 748 2776 Ὅθεν
790 2720 849 2772 οὐ
890 2716 1044 2786 φυτὰ
1099 2714 1258 2784 μόνον
1305 2710 1400 2763 καὶ
1451 2707 1743 2776 σπέρματα

154 2798 259 2876 κεί
315 2820 634 2891 βοσκήματα
678 2816 743 2884 τῇ
786 2811 892 2864 τῶν
937 2809 1145 2861 ὑδάτων
1196 2803 1337 2872 φορᾷ
1384 2798 1740 2868 διεφθείρετο,

156 2889 423 2968 ἀλλὰκαὶ
471 2908 650 2960 αὐτῶν
684 2906 887 2975 ἥπτετο
924 2900 1031 2952 τῶν
1063 2894 1365 2967 οἰκητόρων
1402 2894 1430 2944 ὁ
1476 2889 1740 2951 κίνδυνος,

156 3006 488 3076 ἀπροόπτως
516 3003 572 3052 ὲν
596 3002 663 3070 τῇ
694 2993 973 3049 ἐπικλύσει
996 2989 1090 3043 τοῦ
1112 2988 1302 3048 ὓδατος
1325 2987 1381 3036 ὲν
1401 2985 1521 3045 ταῖς
1544 2978 1741 3041 οίκίαις

154 3097 563 3166 ναυαγούντων.
600 3090 719 3144 Τῶν
744 3088 924 3143 τοίνυν
954 3076 1514 3153 προκατορθωθέντων
1544 3072 1622 3142 τῷ
1648 3087 1744 3142 με·

158 3194 319 3264 γάλῳ
347 3188 637 3259 θαυμάτων
669 3185 747 3245 είς
783 3185 927 3235 ἆπαν
964 3172 1461 3242 διαπεφοιτηκότων
1480 3166 1545 3218 -τὺ
1573 3164 1743 3229 ἔθνος,

159 3284 498 3342 ἀναστάντες
524 3280 573 3331 οἱ
600 3274 740 3330 κατὰ
764 3272 826 3326 τὸ
858 3272 1019 3342 ρος
1044 3269 1220 3320 ἐκεῖνο
1241 3263 1317 3333 τῷ
1336 3258 1563 3330 ποταμῷ
1588 3272 1749 3326 προσ-

159 3369 686 3438 οικοῦντες,νᾶνδρες
726 3363 819 3417 καὶ
843 3360 1099 3429 γυναῖκες
1135 3356 1228 3408 καὶ
1261 3351 1449 3412 παῖδες
1481 3345 1749 3415 πανδημεὶ

160 3470 369 3530 ⁸πάντες
406 3465 577 3516 ἱκέται
609 3457 703 3511 τοῦ
743 3453 977 3524 μεγάλου
1009 3449 1283 3518 γίνονται,
1317 3443 1557 3512 δεόμενοι
1595 3438 1749 3489 λύ’σιν

161 3563 353 3623 αὐτοῖς
387 3574 507 3610 τινα
553 3553 659 3605 τῶν
709 3547 895 3602 κακῶν
930 3544 989 3608 ἐξ
1031 3540 1367 3596 ἀνελπίστων
1397 3531 1746 3605 πορίσασθαι.

165 3657 422 3709 ’Δπαντα
449 3647 559 3718 γὰρ
591 3648 648 3698 ὲν
691 3640 839 3710 αὑτῴ
877 3638 967 3689 τὸν
998 3636 1128 3687 Θεὸν
1166 3633 1315 3699 ἔλεγε
1342 3625 1621 3687 δύνασθαι,
1648 3624 1748 3676 ὃσα

159 3749 287 3807 ταῖς
312 3739 688 3811 ’ἀνθρωπίναις
721 3731 985 3792 ἐπινοίαις
1032 3728 1126 3781 καὶ
1154 3725 1413 3785 διανοίαις
1434 3720 1580 3772 ἐστὶν
1606 3718 1750 3788 ἁμήο

140 3856 331 3912 νχανα.
366 3833 546 3903 Μηδὲν
574 3830 680 3899 γὰρ
705 3826 813 3879 τῶν
843 3826 921 3887 εἰς
955 3820 1149 3893 βουλήν
1183 3835 1243 3870 τε
1275 3816 1369 3869 καὶ
1398 3814 1624 3883 δύναμιν
1656 3812 1750 3862 άν-

162 3928 450 4004 θρωπίνην
493 3923 732 3994 ἡκόντων
776 3916 905 3987 παρ’
946 3913 1126 3968 αὐτῶν
1159 3907 1538 3977 ὲλλειφθῆναι,
1584 3902 1749 3964 λίθοις

163 4021 264 4077 καὶ
292 4018 531 4090 χώμασι,
564 4013 658 4067 καὶ
679 4011 730 4063 εί
756 4028 807 4061 τι
833 4006 960 4060 ἄλλο
994 4004 1127 4074 πρὸς
1159 4001 1225 4054 τὰ
1260 3996 1483 4053 τοιαῦτα
1510 3994 1619 4047 τῶν
1650 4009 1751 4044 κα-

164 4114 283 4169 κῶν
317 4109 505 4163 εἴωθεν
550 4099 910 4160 ὲπινοεῖσθαι,
964 4097 1142 4149 πάντα
1194 4088 1604 4157 πεποιηκότων,
1656 4082 1751 4135 καὶ

162 4208 443 4275 ἀντισχεῖν
474 4200 609 4272 πρὸς
638 4198 735 4267 τὴν
757 4194 848 4247 τοῦ
880 4189 1047 4244 κακοῦ
1083 4186 1157 4258 μὴ
1184 4181 1519 4250 δυνηθέντων
1554 4176 1746 4246 φοράν.

163 4302 282 4358 Καὶ
301 4301 376 4362 ὼς
399 4297 465 4352 ἂν
495 4294 729 4366 μάλιστα
760 4287 888 4357 παρ’
924 4282 1100 4336 αὐτῶν
1132 4276 1383 4347 ἐναχθείη
1415 4273 1548 4345 πρὸς
1580 4271 1746 4333 ἔλεον,

163 4392 446 4460 αὐτόπτην
478 4362 664 4457 ηξίουν
689 4378 939 4451 γενέσθαι
964 4376 1063 4442 τῆς
1094 4370 1398 4440 συμφορᾶς,
1435 4366 1530 4419 καὶ
1560 4362 1751 4434 μαθεῖν

1837 1900 2134 1963 delabitur,
2173 1895 2432 1949 Armenia
2475 1909 2572 1963 per
2621 1890 3007 1962 impendentes
3058 1900 3274 1946 montes
3310 1891 3423 1944 lar-

1838 2007 1964 2062 gum
2022 1989 2073 2044 ei
2124 1986 2323 2041 ﬂumen
2378 1982 2790 2053 suppeditante.
2850 1980 3175 2036 Profundns
3236 1988 3423 2037 autem

1841 2081 2044 2149 ubique
2075 2086 2129 2131 et
2162 2077 2319 2130 alveo
2355 2075 2620 2143 deprcsso
2646 2072 2864 2141 rupium
2897 2087 2960 2124 ac
2990 2071 3422 2142 praecipitiorum

1843 2177 2246 2242 praeruptorum
2283 2180 2546 2219 saxorum
2582 2160 2803 2216 radices
2829 2160 3220 2226 sublerlluens.
3251 2161 3424 2216 multo

1841 2261 2015 2328 magis
2041 2255 2396 2326 voraginibus
2439 2252 2692 2307 hibernis
2720 2259 3111 2321 exasperatur,
3145 2266 3335 2306 omnes
3357 2266 3427 2305 ex

1843 2352 2124 2405 montibus
2152 2346 2494 2403 conﬂuentes
2530 2357 2703 2413 aquas
2732 2342 2786 2395 i'n
2817 2357 2875 2397 se
2902 2341 3201 2411 recipiens.
3233 2339 3339 2395 Sed
3368 2340 3427 2395 in

1841 2441 2037 2511 supina
2072 2436 2387 2508 patentique
2412 2449 2476 2487 ac
2508 2434 2668 2503 plana
2705 2417 2973 2501 regione
2999 2445 3099 2499 per
3134 2444 3296 2497 quam
3332 2444 3429 2483 ex-

1843 2532 2037 2593 currit,
2073 2530 2204 2584 dum
2239 2525 2617 2595 crepidinibus
2652 2532 2706 2578 et
2738 2522 2977 2577 molibus
3023 2522 3192 2592 jactis
3241 2522 3427 2576 utrin-

1843 2642 1948 2696 que
1978 2624 2293 2693 frequenter
2316 2625 2720 2682 coarctaretur,
2764 2616 2816 2668 in
2861 2623 3018 2684 parte
3058 2614 3295 2685 quadam
3333 2631 3429 2671 su-

1844 2732 1941 2787 per
1995 2716 2143 2784 ripas
2194 2709 2618 2768 ell'undebatur,
2678 2720 2845 2759 omne
2894 2704 3201 2772 subjectum
3248 2705 3430 2758 solum

1846 2808 2011 2864 undis
2042 2822 2107 2861 ex
2135 2814 2454 2857 transverso
2480 2799 2793 2860 involvens,
2837 2796 2977 2850 adeo
3006 2803 3065 2849 ut
3101 2796 3295 2850 crebra
3328 2811 3430 2851 nec

1845 2898 2201 2968 Opinantibus
2250 2893 2459 2947 accolis
2531 2892 2633 2944 loci
2695 2888 2944 2960 pericula
3007 2887 3429 2956 inveherentur,

1848 3002 2011 3048 nocte
2050 3005 2195 3060 saepe
2225 2990 2575 3055 intempesta,
2604 2991 2697 3036 aut
2730 2982 2895 3036 etiam
2932 2980 3174 3036 interdiu
3207 2980 3431 3037 ﬂumine

1849 3101 2011 3155 agros
2046 3081 2362 3137 invadente.
2410 3075 2564 3131 Unde
2606 3090 2712 3129 non
2760 3073 2965 3143 plantae
3014 3072 3177 3126 modo
3234 3080 3289 3127 et
3338 3088 3430 3126 se—

1850 3186 2001 3247 getes
2041 3183 2095 3229 et
2134 3185 2335 3244 pecora
2362 3183 2637 3240 aquarum
2680 3166 2884 3235 impetu
2926 3165 3203 3236 peribant,
3235 3180 3429 3219 verum

1847 3269 2013 3324 etiam
2048 3264 2115 3320 ad
2154 3266 2305 3334 ipsos
2344 3261 2690 3315 habitatores
2717 3256 3021 3327 periculum
3044 3256 3427 3326 perveniebat,

1849 3360 2053 3430 quippe
2103 3374 2170 3411 ex
2219 3355 2521 3425 improviso
2571 3350 2733 3421 aquis
2790 3348 3190 3403 inundantibus
3256 3348 3427 3403 veluti

1851 3451 2142 3521 naufragio
2171 3448 2409 3518 quodam
2440 3446 2493 3498 in
2530 3436 2770 3514 propriis
2802 3440 3013 3495 anlibus
3041 3440 3431 3510 opprimeban-

1852 3556 1961 3600 tur.
1991 3545 2127 3599 Cum
2164 3542 2334 3611 igitur
2369 3538 2511 3591 fama
2562 3536 2957 3589 miraculorum
2994 3542 3120 3585 ante
3149 3547 3179 3584 a
3233 3545 3432 3601 magno

1850 3640 1961 3694 isto
1988 3637 2109 3690 viro
2138 3634 2415 3689 editorum
2454 3645 2549 3700 per
2585 3628 2903 3681 universam
2939 3624 3217 3679 nationem
3254 3624 3431 3677 incre-

1850 3729 2065 3785 buisset
2106 3742 2169 3781 ac
2204 3725 2483 3794 divulgata
2523 3729 2667 3777 esset
2697 3738 2709 3773 :
2747 3720 2842 3790 qui
2889 3719 3036 3772 illam
3069 3726 3278 3787 partem
3314 3714 3433 3769 'ﬂu-

1852 3820 2015 3875 minis
2046 3818 2394 3876 accolebant,
2460 3813 2623 3882 vulgo
2677 3812 2843 3866 domo
2898 3806 3129 3878 profecti
3184 3804 3428 3861 universi

1850 3913 1955 3969 viri
1987 3911 2150 3966 simul
2191 3925 2316 3964 cum
2354 3906 2625 3960 uxoribus
2660 3913 2715 3957 et
2758 3901 2949 3956 liberis
3005 3898 3280 3968 supplices
3311 3912 3431 3951 ma-

1851 4021 1959 4077 gno
1986 4005 2063 4059 illi
2096 4004 2216 4057 viro
2246 4002 2407 4063 ﬁunt,
2464 4005 2722 4068 rogantes
2772 4004 2830 4049 ut
2864 3992 3086 4063 aliquod
3119 3992 3200 4046 eis
3238 4007 3301 4045 ex
3344 3991 3432 4044 in-

1852 4106 2075 4159 snerato
2106 4097 2379 4150 malorum
2407 4092 2709 4145 remedium
2747 4094 3021 4159 quaereret
3053 4092 3107 4140 et
3143 4083 3430 4152 excogita-

1851 4182 1957 4247 r'et.
2001 4188 2391 4245 Omniareuim
2436 4186 2493 4239 in
2532 4198 2598 4239 eo
2648 4182 2817 4235 Deum
2866 4194 3048 4249 posse,
3087 4188 3432 4246 quaecunque

1852 4280 2289 4354 cogitationibus
2357 4289 2522 4347 atque
2558 4272 2871 4327 rationibus
2941 4267 3195 4322 humanis
3230 4263 3429 4320 conﬁci

1851 4385 1905 4432 et
1943 4374 2206 4444 explicari
2249 4374 2635 4440 nonpossent.
2685 4364 2835 4418 Nihil
2868 4363 3014 4418 enim
3053 4360 3121 4414 ab
3157 4373 3279 4413 sese
3336 4370 3432 4411 eo-

162 4487 246 4549 ὼς
277 4482 401 4536 οὕτε
438 4476 680 4538 δυνατῶς
709 4469 853 4542 εἶχον
902 4465 1210 4540 μεταθεῖναι
1241 4463 1337 4531 τὴν
1371 4461 1581 4529 οἴκησιν
1603 4498 1617 4521 ,
1653 4456 1744 4508 καὶ

1852 4485 1973 4524 rum
2002 4482 2132 4538 quae
2162 4464 2441 4535 pertinent
2475 4460 2541 4515 ad
2573 4457 2866 4515 consilium
2900 4463 2954 4509 et
2979 4454 3127 4508 vires
3159 4452 3431 4505 humanas

163 4545 253 4631 δτί
287 4574 520 4625 πάντοτε
550 4568 729 4627 αὐτοῖς
756 4566 795 4616 ό
813 4561 1038 4621 θάνατος
1066 4556 1156 4608 ἐπὶ
1182 4557 1246 4625 τῇ
1280 4554 1422 4622 ὁρμῇ
1456 4552 1631 4602 κεῖται
1653 4545 1746 4598 τοῦ

164 4670 385 4729 ὓδατος.
411 4660 706 4730 Γενόμενος
736 4654 914 4708 τοίνυν
946 4652 1087 4704 κατὰ
1114 4647 1203 4700 τὸν
1230 4648 1391 4698 τόπον
1430 4642 1623 4713 (οὐδεὶς
1642 4639 1749 4709 γὰρ

138 4763 327 4822 νδκνος
351 4753 500 4824 αὐτῷ
526 4752 623 4822 τὴν
664 4748 799 4819 πρὸς
824 4746 885 4798 τὸ
910 4743 1111 4812 ἀγαθὸν
1140 4738 1375 4806 σπουδὴν
1410 4732 1747 4800 διεκώλυεν)”

166 4856 307 4911 οὗτε
335 4851 627 4922 ὀχήματος,
672 4842 797 4896 οὔτε
850 4841 1067 4900 ἵππων,
1108 4833 1231 4887 οὗτε
1275 4829 1432 4884 ἄλλου
1470 4826 1614 4888 τινὸς
1642 4823 1751 4876 τῶν

164 4916 454 5014 διαγαγεῖν
468 4916 645 4993 αὐτὸν
678 4932 989 5002 δυναμένων
1042 4922 1430 4999 προσδεηθεὶς,
1478 4916 1613 4972 ἀλλὰ
1654 4916 1751 4985 βα-

165 5008 369 5111 κτηρία
415 5035 522 5089 τινὶ
556 5027 970 5101 στηριζόμενος,
1014 5022 1193 5074 πᾶσαν
1237 5017 1452 5086 διήνυσε
1485 5012 1582 5082 τὴν
1612 5008 1748 5068 ὁδὸν,

165 5139 267 5191 καὶ
291 5135 427 5202 ipa
461 5120 912 5200 προσφιλοσοφῶν
949 5119 1060 5179 τοῖς
1106 5116 1205 5185 τῆς
1255 5109 1373 5165 ὁδοῦ
1407 5104 1752 5161 κοινωνοῦσιν

168 5225 321 5295 αὑτῷ
335 5194 465 5294 περὶ
483 5194 583 5289 τ’ῆς
611 5213 947 5285 ὑψηλοτέρας
973 5207 1210 5271 ἐλπίδος,
1236 5204 1293 5257 ὲν
1319 5198 1399 5265 οἷς
1426 5200 1513 5254 ἀεὶ
1537 5194 1753 5250 κατὰτὸ

166 5293 588 5389 προηγούμενον
613 5304 925 5376 διατρίϐων,
947 5299 1016 5353 τὰ
1041 5298 1175 5352 ἄλλα
1201 5296 1456 5367 πάρεργα
1478 5293 1593 5360 ’τῆς
1621 5305 1745 5358 προ-

166 5378 465 5479 τιμοτέρας
487 5402 722 5455 ἐποιεῖτο
748 5393 985 5463 σπουδῆς
1006 5409 1017 5421 ·
1057 5391 1131 5452 ὡς
1159 5386 1251 5442 οὖν
1268 5383 1572 5453 Δὑττεδείχθη
1604 5378 1757 5448 παρά

167 5519 234 5554 τε
284 5499 392 5551 τῶν
459 5486 1035 5565 προκαθηγησαμένων
1068 5484 1115 5553 ὴ
1165 5480 1259 5534 τοῦ
1311 5478 1526 5549 ῥείθρου
1578 5492 1756 5545 παρα-

170 5592 374 5664 τροπὴ,
400 5589 494 5643 καὶ
519 5585 652 5641 αὐτὸ
684 5583 744 5636 τὸ
772 5580 1092 5651 φαινόμενον
1116 5575 1219 5646 τὴν
1250 5570 1536 5641 συμφορὰν
1563 5567 1753 5636 διεμήο

173 5661 325 5749 νυεν,
361 5683 441 5745 είς
470 5668 1153 5750 βαθεῖανχαραδρωθὲντος
1184 5662 1276 5718 τοῦ
1303 5662 1466 5715 τόπου
1493 5661 1753 5731 φαράγγα

174 5776 266 5833 διὰ
278 5775 374 5847 τῆς
390 5772 498 5829 τῶν
516 5770 723 5825 ὑδάτων
739 5762 1069 5839 ὲμπτώσεως
1087 5778 1101 5792 ο
1121 5758 1296 5815 ταῦτά
1317 5774 1449 5827 φησι
1474 5755 1606 5827 πρὸς
1630 5754 1752 5815 τοὺς

1832 4550 2284 4634 ηρταξιυηηίεευηι
2313 4572 2460 4619 esse,
2496 4567 2761 4609 saxorum
2792 4549 3029 4603 molibus
3058 4555 3112 4600 et
3135 4543 3433 4615 aggeribus

1853 4630 2205 4719 objiciendis.
2254 4654 2309 4701 et
2353 4646 2399 4701 si
2435 4643 2568 4715 quid
2628 4640 2778 4695 aliud
2843 4638 3109 4693 adversus
3154 4630 3431 4704 ejusmodi

1853 4746 1997 4800 mala
2028 4741 2328 4811 excogitari
2353 4739 2515 4803 solet,
2545 4736 2729 4791 omnia
2766 4739 3023 4802 expertos
3066 4745 3211 4790 esse,
3246 4734 3299 4779 et
3335 4724 3432 4778 ad-

1855 4853 2048 4891 versus
2092 4836 2355 4902 impetum
2402 4828 2531 4884 mali
2580 4828 2837 4881 resistere
2872 4840 2981 4879 non
3034 4821 3302 4891 potuisse.
3353 4817 3432 4869 Ac

1852 4946 1963 5000 quo
1988 4931 2225 4981 maxime
2258 4925 2323 4979 ad
2364 4919 2805 4977 misericordiam
2837 4916 2907 4970 ab
2946 4917 3015 4969 iis
3042 4912 3427 4974 adduceretur,

1856 5020 2147 5086 regabant,
2178 5026 2235 5069 ut
2274 5016 2389 5084 ipse
2424 5016 2704 5082 inspector
2736 5006 3071 5062 calamitatis
3103 5018 3227 5058 esse
3265 5000 3431 5055 vellet

1856 5119 2019 5181 atque
2054 5122 2416 5179 cognoscere,
2452 5098 2599 5174 quod
2644 5104 2761 5156 lieri
2804 5116 2915 5154 non
2955 5104 3140 5166 posset
3189 5101 3247 5147 ut
3278 5091 3433 5145 habi-

1855 5207 2121 5259 tationem
2176 5199 2588 5262 transferrent,
2651 5194 2913 5266 quodqne
2968 5189 3119 5245 omni
3187 5197 3434 5255 tempore

1856 5312 2008 5351 mors
2039 5295 2121 5348 eis
2156 5292 2224 5345 ab
2254 5291 2459 5359 impetu
2499 5287 2743 5342 llmninis
2774 5282 3107 5338 immineret.
3144 5278 3280 5332 Cum
3332 5275 3435 5345 igi-

1854 5398 1946 5441 tur
1970 5386 2036 5440 ad
2070 5386 2248 5438 locum
2295 5382 2539 5436 venisset
2588 5377 2778 5449 (nulla
2815 5374 2961 5429 enim
3000 5366 3317 5440 cipigritia
3348 5372 3434 5420 at-

1857 5496 1962 5551 que
2006 5477 2217 5533 desidia
2269 5474 2337 5528 ad
2388 5473 2627 5529 studium
2657 5468 2783 5523 boni
2820 5464 3215 5534 impedimento
3248 5464 3367 5513 erat
3391 5457 3432 5525 ).

1857 5588 2034 5642 neque
2074 5570 2325 5625 vehiculo
2358 5576 2643 5637 prasterea,
2674 5576 2771 5615 nec
2813 5559 2994 5627 equis.
3020 5570 3202 5625 neque
3238 5552 3436 5606 alia-re

1856 5664 2134 5733 quapiam,
2166 5676 2275 5732 qua
2312 5652 2683 5725 (commode)
2728 5649 3010 5704 transvehi
3054 5652 3261 5718 posset,
3300 5655 3438 5697 usus

1854 5748 2042 5819 esset,
2096 5754 2190 5810 sed
2246 5751 2442 5809 baculo
2486 5746 2723 5820 quodam
2776 5742 3054 5798 innitens.
3112 5746 3289 5793 totum
3323 5735 3428 5790 iter
