3834 6406
468 260 565 317 931

1661 253 1719 308 S.
1758 249 2084 310 GBEGORII
2125 246 2420 305 NYSSENI

3638 241 3738 297 1‘52

468 376 728 445 conl'ecit,
755 374 921 432 simul
948 375 1113 431 etiam
1151 389 1277 430 cum
1306 372 1608 431 comitibus
1645 374 1763 431 suis
1796 383 1851 431 et
1875 374 2041 430 sociis

2154 371 2609 442 ιὐνειλεγμένους⁹
2629 372 2753 425 Οὐκ
2780 367 2952 424 ἐστιν
2980 367 3330 435 ἀνθρώπων,
3359 364 3649 434 ἀδελφοὶ,
3674 366 3737 417 τὸ

471 472 687 527 itineris
739 470 807 526 de
853 469 1077 527 sublimi
1131 483 1229 538 spe
1283 467 1460 523 serios
1516 475 1570 522 et
1629 467 2039 538 philosophicas

472 563 767 618 conferens
807 574 1115 617 sermones.
1150 556 1215 614 In
1243 558 1449 630 quibus
1487 573 1546 614 se
1577 561 1849 630 praecipue
1897 574 2044 615 sem-

471 668 569 723 per
592 667 878 716 exercens,
904 660 957 706 et
985 650 1040 706 in
1066 650 1259 722 primis
1291 651 1562 705 rationem
1594 666 1785 707 eorum
1810 650 2044 714 habens,

470 752 665 797 caetera
702 744 1012 799 accesseria
1055 742 1288 813 potioris
1340 740 1508 796 studii
1566 756 1677 796 non
1711 755 2044 812 magnopere

469 833 712 890 curanda
751 849 874 889 esse
909 834 1283 890 existimabat.
1328 835 1397 892 Ut
1444 836 1615 907 igitur
1661 834 1811 888 etab
1850 834 1917 887 iis
1947 837 2041 903 qui

470 925 634 980 etiam
671 932 800 978 ante
824 925 994 980 duces
1022 925 1239 981 itineris
1276 924 1519 988 fuerant,
1556 932 1813 980 ostensus
1840 931 1924 979 est
1960 922 2042 975 Io-

471 1032 591 1080 cus,
629 1016 719 1070 uhi
746 1013 947 1070 ﬂumen
988 1016 1165 1086 ruptis
1208 1017 1500 1087 aggeribus
1538 1030 1568 1069 a
1612 1030 1713 1071 suo
1751 1030 1915 1068 cursu
1948 1012 2044 1068 de-

413 1132 420 1141 υ
469 1106 715 1171 ﬂexerat,
745 1116 800 1162 et
841 1107 893 1161 id
924 1108 1105 1177 ipsum
1146 1108 1293 1178 quod
1335 1108 1656 1179 apparebat,
1693 1105 1903 1161 cladem
1949 1104 2044 1160 de-

471 1199 717 1252 clarabat
744 1215 758 1251 :
794 1200 999 1267 quippe
1023 1199 1317 1268 eruptione
1349 1208 1514 1268 atque
1537 1198 1743 1267 impetu
1774 1210 2041 1265 aquarum

469 1288 525 1343 in
565 1286 891 1360 profundam
919 1290 1234 1360 voraginem
1266 1290 1420 1345 locus
1439 1294 1740 1344 excavatus
1767 1294 1885 1341 erat
1910 1302 1922 1340 :
1956 1286 2039 1341 his

469 1378 652 1433 verbis
687 1394 822 1434 usus
857 1386 941 1434 est
969 1378 1037 1433 ad
1062 1394 1179 1439 eos,
1221 1379 1315 1448 qui
1346 1384 1725 1432 convenerant
1754 1394 1767 1430 :
1812 1375 1936 1429 Non
1961 1384 2039 1430 est

2141 460 2570 530 διαλαμϐάνειν
2630 460 2792 528 ὅροις
2842 458 2957 527 τὴν
3012 458 3118 511 τοῦ
3164 456 3383 523 ὕδατος
3437 456 3734 522 trimetr-

2141 555 2333 625 μόνης
2347 551 2459 621 τῆς
2473 552 2637 617 θείας
2654 552 2965 620 δυνάμεως
2979 550 3158 619 ἔργον
3171 549 3235 602 τὸ
3252 548 3734 607 τοιοῦτόν-ἐστιν,

2141 644 2319 712 ἐντὸς
2354 644 2510 713 ὅρων
2540 645 2923 698 κατακλείειν
2953 643 3069 707 τὴν
3100 640 3219 695 τῶν
3245 640 3487 695 ὑδάτων
3513 640 3732 710 φοράν.

2139 736 2338 801 οὕτως
2388 734 2497 805 γάρ
2540 751 2690 803 φησι
2738 734 2889 804 πρὸς
2934 734 3041 787 τὸν
3080 732 3231 786 Θεὸν
3281 736 3315 785 ό
3359 731 3690 799 Προφήτης
3719 749 3732 760 ·

2146 826 2235 880 ὅτι
2263 846 2282 878 t
2310 828 2505 895 Ὅριον
2526 828 2689 891 ἔθου,
2725 826 2756 880 ὃ
2793 828 2865 880 οὐ
2899 826 3355 894 παρελεύσεται.
3392 844 3408 874 ι
3446 823 3631 887 Μόνῳ
3662 821 3735 886 τῷ

2148 920 2418 986 Δεσπότῃ
2458 917 2570 987 τῆς
2613 918 2866 982 κτίσεως
2897 916 3129 987 Χριστῷ
3177 919 3214 984 ἠ
3253 915 3373 969 τῶν
3413 916 3735 981 στοιχείων

2147 1011 2334 1080 φύσις
2354 1011 2526 1065 ἐστὶν
2551 1010 2913 1079 ὑποχείριος,
2933 1010 3003 1063 ἐν
3030 1004 3122 1075 οἷς
3144 1007 3220 1063 ἂν
3270 1005 3466 1075 ταχθῇ
3504 1006 3731 1069 τόποις,

2147 1106 2235 1168 εἰς
2285 1103 2350 1156 τὸ
2378 1102 2652 1171 διηνεκὲς
2676 1101 3107 1171 παραμένουσα
3196 1099 3435 1165 Ἐπειδὴ
3466 1100 3678 1151 τοίνυν
3701 1100 3733 1150 ὁ

2152 1196 2294 1261 θεός
2335 1196 2506 1249 ἐστιν
2547 1198 2580 1249 ὀ
2607 1195 2945 1263 νομοθετῶν
2973 1195 3118 1261 τοὺς
3164 1193 3343 1262 ὄρους
3376 1190 3504 1257 τοῖς
3529 1190 3731 1251 ὕδασι,

2141 1287 2333 1354 μόνος
2371 1285 2449 1339 ἂν
2474 1284 2706 1352 ἐκεῖνος
2734 1283 2808 1353 τῇ
2842 1284 2961 1353 ιδίᾳ
2997 1283 3248 1354 δυνάμει
3278 1283 3375 1337 καί
3402 1281 3511 1336 τοῦ
3553 1295 3734 1334 ποτα-

2142 1378 2262 1447 μοῦ
2284 1379 2498 1431 τούτου
2531 1378 2644 1446 τὴν
2671 1377 2924 1442 ἀταξίαν
2960 1376 3305 1442 πεδήσειεν.

471 1473 769 1539 hominum,
800 1475 1018 1542 fratres,
1048 1474 1253 1544 inquit,
1297 1490 1473 1544 regere
1549 1473 1794 1527 terminis
1861 1481 2017 1542 atque
2060 1473 2385 1542 distinguere
2452 1484 2654 1528 motum
2710 1491 2861 1538 aqua:
2891 1494 2904 1529 :
2933 1476 3105 1529 solius
3146 1473 3340 1528 divinae
3383 1471 3641 1541 potentior
3682 1472 3735 1522 id

471 1585 603 1639 opus
629 1577 726 1634 est,
765 1570 911 1623 intra
959 1570 1211 1623 terminos
1260 1568 1572 1623 concludere
1609 1577 1765 1637 alque
1817 1583 2053 1622 coercere
2090 1585 2304 1623 cursum
2336 1586 2620 1640 aquarum.
2693 1568 2783 1623 Ita
2832 1570 2972 1624 enim
3006 1571 3084 1623 ait
3115 1568 3185 1621 ad
3218 1568 3387 1623 Deum
3428 1565 3732 1633 Propheta:

476 1678 496 1710 ι
538 1659 779 1715 Posuisti
815 1662 1096 1715 terminum
1131 1677 1281 1731 quem
1331 1678 1435 1714 non
1466 1660 1715 1714 transibit
1754 1660 1797 1712 ⁸.
1845 1678 1862 1710 ι
1899 1658 2014 1714 Soli
2056 1660 2287 1716 Domino
2328 1672 2589 1717 creaturw
2628 1661 2843 1717 Christo
2873 1661 3247 1716 elementorum
3285 1671 3485 1713 natura
3522 1657 3733 1711 subdiu

471 1759 626 1821 atque
655 1750 883 1806 obnoxia
923 1762 1021 1814 est,
1063 1754 1118 1805 in
1157 1752 1553 1824 quibuscunque
1600 1752 1729 1807 locis
1785 1754 2046 1807 collocata
2083 1753 2263 1823 fuerit,
2356 1755 2412 1807 in
2453 1754 2535 1809 his
2599 1756 2653 1809 in
2703 1762 3006 1823 perpetuum
3061 1770 3392 1821 permanens.
3471 1752 3731 1817 Quoniam
3786 1812 3795 1819 _

470 1845 637 1917 igitur
662 1845 805 1901 Deus
830 1856 907 1900 est
952 1847 1044 1915 qui
1074 1849 1324 1901 terminos
1373 1848 1525 1916 aquis
1572 1850 1867 1915 constituit,
1905 1849 2051 1903 solus
2091 1849 2183 1904 ille
2206 1865 2305 1903 sua
2334 1849 2570 1918 potentia
2599 1851 2760 1903 etiam
2816 1847 2973 1913 huius
3017 1849 3253 1917 ﬂuminis
3296 1846 3618 1901 insolentem
3687 1852 3732 1896 et

471 1937 833 1993 inordinatum
867 1954 1078 1991 cursum
1115 1954 1350 1991 coercere
1374 1948 1421 1991 et
1451 1937 1705 2006 impedire
1731 1940 1920 2007 possit.

542 2031 709 2095 Dixit,
740 2046 804 2085 ac
834 2040 1094 2101 tanquam
1129 2030 1314 2085 alIlatu
1350 2032 1536 2085 divino
1572 2032 1755 2087 animo
1795 2040 2044 2087 conster-

2221 2023 2421 2093 Εἶπεν,
2449 2027 2544 2081 καὶ
2576 2020 2687 2080 οἷον
2712 2026 2898 2090 ἔνθους
2928 2026 2987 2091 εξ
3012 2027 3252 2089 ἐπινοίας
3274 2025 3555 2096 θειοτέρας
3587 2027 3736 2094 γενό-

470 2132 653 2189 natus,
690 2138 753 2177 ac
782 2138 976 2194 magna
1006 2139 1138 2178 voce
1167 2122 1470 2188 Christum,
1507 2131 1565 2177 ut
1604 2124 1708 2179 sibi
1754 2125 1819 2178 ad
1846 2140 2048 2196 propo-

472 2215 640 2271 sititm
674 2228 811 2284 opus
850 2212 1100 2268 subsidio
1143 2214 1375 2275 veniret,
1430 2221 1706 2283 precatus,
1744 2216 2047 2285 scipionem

472 2322 638 2376 quem
669 2320 835 2359 manu
873 2303 1117 2370 tenebat,
1149 2304 1202 2357 in
1236 2312 1498 2373 corrupto
1529 2306 1658 2375 ripa:
1689 2305 1810 2360 loco
1837 2306 2045 2375 deligit.

470 2399 609 2453 Cum
634 2406 815 2450 autem
846 2396 994 2451 circa
1016 2396 1164 2450 illam
1190 2403 1397 2465 partem
1429 2406 1573 2450 terra
1600 2398 1837 2461 madida,
1871 2399 2050 2453 mollis

472 2504 539 2543 ac
573 2489 697 2542 laxa
737 2495 913 2550 esset,
949 2496 1002 2541 et
1050 2488 1277 2558 ponderi
1332 2488 1513 2542 baculi
1558 2488 1724 2543 simul
1764 2500 1818 2542 et
1864 2490 2051 2543 manui

474 2579 692 2650 ligantis
716 2578 921 2633 cedens
951 2617 967 2642 ,
1010 2578 1170 2632 facile
1215 2577 1465 2632 subsedit
1507 2578 1571 2631 ad
1617 2578 1804 2632 imum.
1846 2577 2050 2633 Deinde

472 2680 753 2744 precatus,
789 2680 847 2724 ut
884 2671 987 2724 hoc
1019 2669 1183 2724 veluti
1213 2672 1515 2724 claustrum
1556 2669 1829 2739 quoddam
1858 2680 1911 2725 et
1944 2672 2049 2724 im-

472 2763 845 2833 pedimentum
887 2760 1181 2815 insolentis
1227 2767 1281 2814 et
1323 2760 1620 2813 inordinati
1655 2775 1854 2814 cursus
1889 2775 2053 2830 aqua-

474 2872 595 2911 rum
649 2863 833 2918 esset,
882 2862 1029 2909 retro
1086 2853 1309 2908 domum
1368 2869 1624 2908 reversus
1687 2861 1806 2919 est,
1871 2855 2049 2924 reipsa

472 2950 883 3013 demonstrans,
914 2947 1062 3017 quod
1108 2945 1377 3016 quidquid
1428 2948 1496 3001 ab
1545 2961 1667 3002 sese
1704 2949 1876 3011 lieret,
1910 2964 1939 3001 a
1972 2947 2053 3002 di—

473 3046 601 3096 vina
637 3042 880 3112 potentia
910 3040 1416 3094 administraretur.
1452 3037 1714 3095 Protinus
1736 3042 1880 3094 enim
1909 3041 2051 3094 haud

474 3134 648 3188 multo
683 3147 927 3202 tempore
968 3140 1092 3203 post
1131 3131 1363 3185 baculus
1404 3131 1649 3200 quidem,
1682 3133 1961 3187 radicibus
1996 3134 2049 3186 in

475 3227 595 3297 ripa
625 3225 786 3287 actis,
830 3223 993 3278 arbor
1035 3222 1230 3279 evasit.
1281 3220 1519 3276 Flumini
1551 3240 1681 3279 vero
1721 3224 1833 3279 haec
1865 3225 2052 3295 planta

476 3334 574 3386 pro
614 3316 850 3372 termino
888 3318 990 3369 lixa
1025 3323 1147 3379 est,
1189 3328 1363 3384 eaque
1400 3315 1467 3368 ad
1503 3315 1608 3369 hoc
1639 3332 1812 3386 usque
1840 3326 2050 3386 tempus

476 3410 672 3465 incolis
712 3409 819 3463 loci
867 3424 992 3462 cum
1039 3408 1356 3478 spectaculo
1412 3418 1514 3474 est,
1555 3420 1671 3463 tum
1711 3410 2048 3465 narrationis

474 3514 529 3557 et
572 3500 1115 3557 commemorationis
1173 3512 1556 3575 argumentum
1629 3503 1852 3573 praebet.
1911 3502 2049 3557 Cum

474 3594 619 3647 enim
659 3592 870 3647 crebris
909 3592 1184 3649 imbribus
1227 3604 1392 3663 atque
1424 3594 1761 3656 torrentibus
1792 3593 2049 3663 (amnis)

478 3684 569 3738 ille.
610 3683 792 3755 Lycus
822 3684 1102 3741 inundans
1144 3700 1211 3740 ex
1255 3686 1659 3742 consuetudine
1693 3695 1746 3741 et
1781 3702 1944 3756 asper
1970 3702 2054 3740 ra-

475 3773 745 3844 pidusque
764 3775 1035 3828 undarum
1073 3790 1136 3830 ac
1158 3775 1421 3830 lluctmtm
1451 3793 1510 3833 se
1534 3777 1765 3831 invicem
1788 3777 2051 3831 colliden-

475 3866 612 3920 tium
651 3867 885 3936 strepitu
922 3868 1180 3922 terribilis
1234 3869 1426 3935 fertur,
1467 3878 1598 3923 tunc
1631 3871 1862 3925 summis
1893 3872 2050 3941 aquis

476 3958 614 4013 imas
645 3957 862 4014 arboris
904 3960 1120 4015 radices
1161 3961 1376 4016 alluens
1399 4002 1412 4023 ,
1452 3977 1646 4015 rursus
1679 3962 2050 4019 intumescens

478 4050 531 4104 in
577 4050 816 4105 medium
855 4052 1066 4106 alveum
1109 4053 1388 4106 contrahit
1417 4054 1610 4116 undas,
1652 4068 1713 4106 ac
1738 4054 1890 4123 quasi
1935 4069 2050 4143 me-

474 4147 639 4193 tuens
682 4140 868 4193 arhori
906 4141 1347 4209 appropinquare
1389 4156 1559 4194 curvo
1605 4140 1828 4194 ﬂumine
1868 4140 2049 4194 locum

475 4229 629 4281 illum
674 4230 1100 4298 praeterlabitur.
1141 4229 1292 4286 Talis
1342 4232 1524 4301 magni
1572 4230 1820 4300 Gregorii
1875 4234 2049 4287 virtus

477 4317 601 4381 fuit,
639 4319 748 4372 imo
779 4336 908 4374 vero
938 4321 1056 4387 Dei,
1084 4322 1176 4390 qui
1205 4323 1469 4376 miracula
1504 4340 1599 4393 per
1638 4323 1791 4377 illum
1830 4324 2046 4378 edebat.

475 4408 610 4462 Nam
653 4411 875 4479 perinde
906 4427 969 4465 ac.
1008 4412 1053 4466 si
1082 4414 1420 4483 mancipium
1455 4415 1730 4484 quoddam
1767 4424 1914 4471 esset
1939 4417 2050 4471 ele-

478 4509 784 4555 mentorum
816 4512 1033 4564 natura,
1062 4505 1127 4559 ad
1162 4505 1450 4560 arbitrium
1480 4507 1725 4576 jubentis
1764 4509 2049 4563 immutari

476 4591 794 4656 videbatur,
843 4603 902 4649 ut
945 4604 999 4650 et
1034 4597 1187 4652 lacus
1236 4597 1290 4652 in
1326 4596 1648 4668 frugiferum
1681 4616 1870 4670 agrum
1920 4617 2052 4655 eon-

416 4680 423 4685 ’
476 4693 784 4739 verteretur
808 4725 823 4748 ,
856 4694 910 4741 et
946 4690 1237 4761 voragines
1278 4692 1595 4761 eluviesque
1626 4692 1901 4756 ﬂuminis,
1935 4694 2048 4749 sci-

479 4774 641 4842 piOue
715 4777 1069 4833 securitatem
1143 4781 1380 4835 futuram
1450 4782 1650 4836 accolis;
1720 4782 2046 4852 spondente,

479 4865 880 4921 hahitarentur.
926 4866 1134 4925 Nomen
1175 4880 1355 4926 autem
1403 4864 1599 4927 arbori
1630 4887 1805 4942 usque
1840 4874 1905 4927 ad
1948 4874 2050 4928 hoc

476 4968 692 5029 tempus
727 4968 811 5016 est
840 4962 1005 5030 scipio
1040 4980 1058 5017 :
1092 4963 1239 5033 quod
1274 4979 1373 5035 pro
1407 4974 1762 5021 monumento
1804 4966 2049 5037 Gregorii

476 5048 725 5106 beneﬁcii
777 5060 941 5124 atque
990 5055 1207 5109 virtutis
1260 5057 1329 5110 ab
1385 5057 1584 5112 incolis
1635 5057 1741 5112 loci
1789 5060 1844 5111 in
1898 5059 2049 5113 omni

474 5150 723 5217 tempore
767 5155 1039 5202 servatur.
1087 5147 1227 5212 Quid
1270 5166 1335 5204 ex
1384 5151 1722 5221 propheticis
1763 5153 2048 5208 miraculis

476 5230 563 5286 his
618 5232 783 5291 rebus
846 5252 908 5291 ex
963 5237 1193 5293 adverso
1239 5241 1616 5309 comparando
1669 5244 1871 5312 opponi
1927 5243 2046 5297 vis?

476 5319 660 5375 Dicam
680 5322 936 5381 Jordanis
959 5328 1283 5392 sectionem,
1318 5346 1479 5400 quam
1502 5334 1863 5403 percussione
1885 5334 2046 5404 pellis

473 5413 651 5468 ovilla:
685 5424 810 5470 ante
845 5420 1222 5476 ascensionem
1269 5421 1398 5478 fecit
1436 5423 1605 5490 Elias,
1652 5433 1706 5480 et
1734 5436 1856 5495 post
1891 5427 2043 5481 illum

478 5496 692 5555 Eliseus
726 5502 901 5559 ha'res
920 5516 971 5559 et
997 5509 1156 5577 pellis
1177 5521 1225 5566 et
1251 5513 1479 5583 spiritus
1509 5515 1695 5570 illius?
1715 5515 1783 5569 At
1802 5523 2046 5587 tempore

542 5674 567 5706 ⁸
602 5676 743 5730 Psal.
767 5692 859 5747 cu,
896 5683 948 5736 9.

2153 2138 2330 2192 μενος,
2366 2121 2457 2174 καὶ
2505 2120 2714 2192 μεγάλῃ
2754 2122 2820 2191 τῇ
2852 2121 3001 2190 φωνῇ
3037 2118 3127 2173 τὸν
3154 2117 3389 2190 Χριστὸν
3417 2117 3570 2188 αὐτῷ
3603 2119 3732 2188 σύμ-

2152 2230 2321 2284 μαχον
2375 2210 2510 2282 πρὸς
2554 2211 2613 2264 τὸ
2662 2211 3018 2283 προκείμενον
3082 2210 3257 2264 ἐλθεῖν
3327 2209 3732 2280 ἐπευξάμενος,

2150 2306 2533 2375 καταπήγνυσι
2577 2304 2673 2373 τὴν
2720 2302 3041 2374 βακτηρίαν,
3096 2303 3161 2373 ἢν
3188 2302 3276 2355 διὰ
3302 2302 3485 2372 χειρὸς
3517 2302 3733 2373 ἔφερεν,

2149 2396 2291 2450 κατὰ
2319 2396 2411 2448 τὸν
2437 2394 2755 2467 διεφθορότα
2770 2395 2945 2448 τόπον
2963 2394 3060 2465 τῆς
3106 2391 3293 2463 δχθης.
3342 2391 3649 2463 Διάϐροχος
3681 2392 3736 2446 δὲ

2150 2483 2284 2540 οὖσα
2314 2487 2435 2540 κατ’
2460 2488 2637 2539 έκεῖνο
2678 2487 2709 2556 ἡ
2748 2485 2821 2555 γῆ
2856 2484 2947 2538 καὶ
2967 2482 3281 2555 σομφώδης,
3307 2483 3509 2555 ῥᾳδίως
3532 2483 3732 2536 ὑπενό·

2154 2595 2317 2650 στησε
2364 2578 2505 2632 κατὰ
2551 2578 2611 2630 τὸ
2651 2577 2833 2647 βάθος,
2884 2577 2962 2648 τῷ
3009 2593 3068 2629 τε
3117 2575 3272 2647 βάρει
3302 2576 3402 2645 τῆς
3431 2574 3735 2646 βακτηρίας

2153 2667 2268 2737 ἅμα
2312 2668 2406 2720 καὶ
2452 2668 2517 2738 τῇ
2570 2668 2711 2738 χειρὶ
2757 2666 2850 2719 τοῦ
2899 2665 3203 2737 πηγνύντος
3251 2664 3540 2729 ὐπείξασα.
3607 2660 3733 2718 Εἶτά

2150 2760 2308 2813 τοῦτο
2338 2760 2590 2831 καθάπερ
2621 2777 2672 2813 τι
2698 2759 2943 2831 κλεῖθρον
2970 2740 3225 2829 γενέσθαι
3254 2758 3349 2812 καὶ
3371 2756 3607 2829 κώλυμα
3639 2760 3732 2827 τῆς

2149 2851 2258 2904 τῶν
2305 2852 2509 2905 ὑδάτων
2554 2852 2781 2916 ἀταξίας
2823 2851 2902 2923 τῷ
2943 2851 3064 2919 Θεῷ
3116 2851 3520 2921 ἐπευξάμενος,
3570 2851 3733 2903 πάλιν

2153 2946 2525 3015 ὑπέστρεφεν,
2578 2944 2723 3016 ἔργῳ
2754 2943 2931 3009 δείξας
2965 2945 3045 2997 ὅτι
3095 2946 3203 2997 πᾶν
3248 2945 3307 2997 τὸ
3352 2945 3484 3013 παρ’
3521 2943 3730 2997 ἐκείνου

2151 3038 2436 3107 γινόμενον
2472 3038 2576 3090 ὑπὸ
2605 3038 2755 3099 θείας
2789 3040 3069 3108 ἐνηργεῖτο
3090 3039 3392 3109 δυνάμεως.
3424 3038 3608 3102 Εὐθὺς
3632 3039 3732 3108 γὰρ

2151 3131 2210 3182 οὐ
2250 3130 2387 3200 μετὰ
2426 3130 2592 3183 πολὺν
2624 3130 2814 3202 χρόνον
2861 3133 2893 3201 ἡ
2928 3131 3024 3200 μὲν
3057 3129 3356 3201 βακτηρία,
3396 3133 3520 3193 ταῖς
3548 3129 3731 3200 ὄχθαις

2154 3220 2535 3294 ἐρριζωθεῖσα,
2557 3221 2773 3293 δένδρον
2792 3223 3024 3291 ἐγένετο.
3059 3223 3149 3292 Τῷ
3170 3223 3226 3275 δὲ
3254 3222 3452 3294 ῥείθρῳ
3484 3223 3547 3274 τὸ
3570 3224 3730 3291 φυτὸν

2152 3313 2275 3383 ὅρος
2304 3313 2505 3384 ἐπάγη,
2529 3313 2623 3366 καὶ
2649 3313 2807 3385 μέχρι
2833 3314 2927 3367 τοῦ
2951 3313 3045 3368 νῦν
3074 3317 3186 3377 τοῖς
3213 3315 3533 3385 ἐπιχωρίοις
3554 3314 3729 3384 θέαμα

2155 3405 2363 3474 γίνεται
2386 3405 2444 3457 τὸ
2461 3405 2622 3473 φυτὸν
2644 3406 2736 3458 καὶ
2760 3406 3022 3478 διήγημα.
3041 3407 3209 3460 Ὅταν
3231 3408 3335 3478 γὰρ
3355 3406 3416 3471 ἐξ
3430 3407 3728 3477 ὲπομόρὶας

2157 3513 2216 3549 τε
2256 3495 2347 3547 καὶ
2380 3497 2695 3569 χειμάρρων
2721 3500 2749 3551 ὁ
2781 3497 2956 3562 Λύκος
2986 3501 3190 3563 ἐκεῖνος
3220 3499 3572 3571 πλημμυρῶν
3598 3500 3727 3552 κατὰ

2156 3585 2218 3639 τὸ
2245 3585 2472 3656 σύνηθες
2510 3588 2603 3639 καὶ
2638 3590 3035 3659 τραχυνόμενος
3064 3591 3315 3662 φέρηται,
3361 3590 3595 3662 φοϐερὸς
3618 3593 3727 3644 επι-

2158 3678 2445 3748 καχλάζων
2478 3680 2555 3751 τῷ
2590 3680 2820 3751 ῥεύματι
2847 3722 2860 3746 ,
2912 3681 3033 3753 τότε
3062 3683 3205 3753 περὶ
3236 3682 3325 3735 τὸν
3359 3682 3617 3753 πυθμένα
3641 3680 3723 3735 τοῦ

2157 3771 2371 3843 δένδρου
2406 3772 2544 3825 κατὰ
2576 3772 2635 3825 τὸ
2679 3773 2846 3845 ἄκρον
2887 3750 3194 3918 infcriori;
3238 3772 3316 3843 τῷ
3359 3772 3536 3839 ὕδατι,
3574 3773 3726 3828 πάλιν

2158 3865 2420 3918 ὀγκωθεὶς
2467 3865 2607 3917 κατὰ
2644 3864 2705 3917 τὸ
2735 3865 2897 3918 μέσον
2941 3882 2971 3916 σ
3008 3865 3211 3917 στέλλει
3252 3864 3311 3917 τὸ
3352 3864 3588 3918 ῥεῖθρον.
3640 3866 3725 3918 καὶ

2158 3865 2420 3932 ὀγκωθεὶς
2467 3865 2607 3917 κατὰ
2644 3864 2705 3917 τὸ
2734 3865 2897 3934 μέσον
2941 3864 3211 3918 σΰστέλλει
3252 3864 3311 3917 τὸ
3350 3864 3588 3935 ῥεῖθρον,
3640 3866 3725 3918 καὶ

2156 3950 2266 4009 οἷον
2298 3954 2461 4026 φοϐού
2470 3973 2630 4027 μενος
2664 3956 2968 4027 ὲμπελάσαι
2994 3955 3071 4025 τῷ
3095 3955 3313 4026 δένδρῳ,
3334 3955 3519 4027 κυρτῷ
3543 3956 3622 4026 τῷ
3646 3956 3727 4009 κὶ-

2161 4066 2286 4119 ματι
2306 4066 2379 4102 πα
2389 4049 2635 4119 ραμείϐει
2657 4050 2745 4101 τὸν
2759 4048 2957 4119 χῶρον.
2982 4048 3217 4118 Τοιαύτη
3230 4048 3324 4101 τοῦ
3341 4049 3581 4118 μεγάλου
3604 4050 3643 4101 Γ
3647 4067 3727 4119 ρη-

2156 4141 2339 4212 γορίου
2370 4144 2400 4212 ἡ
2424 4141 2668 4210 δύναμις,
2696 4141 2893 4210 μᾶλλον
2913 4141 2968 4194 δὲ
2994 4140 3086 4193 τοῦ
3109 4139 3244 4193 Θεοῦ
3267 4139 3359 4193 τοῦ
3382 4141 3727 4211 ἐνεργοῦντος

2157 4234 2215 4284 ἐν
2248 4232 2437 4303 ἐκείνῳ
2468 4232 2535 4285 τὰ
2565 4231 2838 4302 θαύματα.
2886 4231 3154 4302 Καθάπερ
3184 4230 3291 4301 γὰρ
3322 4232 3617 4303 ὑποχειρία
3650 4249 3726 4294 τις

2155 4320 2290 4377 οὖσα
2310 4324 2416 4378 τῶν
2440 4325 2727 4395 στοιχείων,
2753 4326 2785 4395 ή
2819 4322 2979 4393 φύσις
3007 4322 3282 4376 ἐδείκνυτο
3311 4324 3447 4392 πρὸς
3466 4324 3530 4376 τὸ
3545 4324 3726 4378 δοκοῦν

2157 4407 2533 4486 ἀλλασσομένη
2557 4420 2668 4478 τοῖς
2697 4415 3084 4485 ἐπιτάγμασιν,
3116 4414 3255 4468 ὥστε
3296 4413 3491 4485 λίμνην
3529 4416 3629 4486 μὲν
3654 4416 3727 4478 εἰς

2159 4505 2468 4577 πυροφόρον
2492 4506 2674 4576 χώραν
2703 4505 3081 4576 μετατεθῆναι,
3114 4506 3213 4568 τὰς
3245 4504 3300 4558 δὲ
3330 4505 3607 4575 χαράδρας
3637 4504 3725 4558 τοῦ

2156 4596 2350 4660 ὓδατος
2398 4596 2723 4667 οἰκισθῆναι,
2779 4597 2877 4668 τῆς
2933 4596 3233 4668 βακτηρίας
3279 4596 3635 4668 ᾠκειωμένης
3672 4598 3726 4650 τὸ

2157 4688 2398 4757 ἀσφαλὲς
2434 4692 2546 4752 τοῖς
2580 4689 2913 4759 οἰκήτορσιν.
2968 4690 3175 4760 Ὀνομα
3218 4688 3275 4741 δὲ
3320 4689 3482 4760 μέχρι
3512 4690 3608 4743 τοῦ
3636 4690 3727 4743 νῦν

2159 4782 2269 4831 ἐστι
2291 4778 2367 4849 τῷ
2391 4778 2609 4849 δένδρῳ,
2635 4779 2672 4845 ἠ
2693 4779 3015 4847 βακτηρία,
3043 4781 3381 4851 μνημόσυνον
3402 4780 3502 4850 τῆς
3526 4782 3727 4854 Γρηγο-

2159 4870 2274 4940 ρίου
2308 4872 2529 4942 χάριτος
2572 4871 2664 4923 καὶ
2705 4870 2987 4945 δυνάμεως
3034 4875 3144 4934 τοῖς
3176 4871 3456 4942 ἐγχωρίοις
3490 4875 3550 4925 ἐν
3574 4875 3723 4927 παντὶ

2155 4963 2230 5033 τῷ
2254 4964 2428 5034 χρόνῳ
2447 4961 2768 5032 σωζόμενον.
2799 4963 2861 5015 Τί
2889 4963 3066 5034 βούλει
3090 4963 3298 5028 τούτοις
3322 4964 3430 5017 τῶν
3460 4983 3720 5037 προφητι-

2155 5054 2267 5107 κῶν
2313 5054 2608 5125 θαυμάτων
2654 5056 3149 5126 ἁντιπαρατεθῆναι
3206 5056 3295 5109 διὰ
3352 5058 3718 5129 συγκρίσεως;

2154 5148 2305 5200 Εἴπω
2321 5148 2419 5217 τὴν
2431 5146 2521 5200 τοῦ
2533 5148 2796 5218 Ἰορδάνου
2809 5148 2996 5218 τομὴν,
3013 5148 3079 5217 ἣν
3091 5151 3153 5219 τῇ
3172 5147 3351 5219 πληγῇ
3363 5148 3461 5218 τῆς
3476 5149 3718 5219 μηλωτῆς

2152 5238 2181 5289 ὁ
2212 5238 2396 5301 Ἠλίας
2426 5239 2530 5309 πρὸ
2558 5238 2656 5307 τῆς
2702 5239 2889 5292 ἀνόδου
2919 5239 3246 5313 πεποίηται,
3283 5241 3375 5293 καὶ
3410 5242 3531 5310 μετ’
3566 5241 3716 5295 αὑτὸν

2166 5330 2465 5386 Ἐλισσαῖος
2491 5331 2520 5383 ὁ
2548 5329 2883 5402 κληρονόμος
2903 5332 3001 5402 τῆς
3038 5331 3291 5404 μηλωτῆς
3321 5332 3416 5386 καὶ
3444 5332 3536 5386 τοῦ
3568 5332 3715 5385 πνεύ-

2157 5440 2322 5492 ματος
2347 5438 2361 5486 ;
2405 5422 2541 5476 Ἀλλ’
2568 5424 2661 5477 ἐπὶ
2688 5424 2910 5489 τούτων,
2948 5423 3126 5495 μόνοις
3157 5427 3267 5487 τοῖς
3305 5427 3603 5497 προφήταις
3632 5424 3711 5477 ἐπὶ

2153 5514 2248 5568 τοῦ
2280 5513 2473 5587 καιροῦ
2497 5516 2597 5586 τῆς
2619 5516 2808 5587 χρείας
2837 5515 3144 5586 σχισθέντος
3172 5516 3263 5570 τοῦ
3287 5514 3496 5584 ὕδατος,
3528 5515 3613 5571 διὰ
3630 5514 3709 5570 τοῦ
