3834 6440
141 315 260 371 933

1148 319 1233 372 DE
1273 320 1430 375 VITA
1475 319 1532 376 ὃ.
1576 319 1907 377 GREGORII
1940 320 2466 377 TllAUMA’I‘URCI.

3315 317 3419 372 934

143 429 433 498 ῥεύματος
477 429 731 493 διαϐατὸς
787 431 814 481 ὁ
868 429 1136 502 Ἰορδάνης
1181 434 1426 500 ἐγένετο,
1494 431 1743 486 τοσοῦτον

1855 435 2041 489 Ιιοτιιιιι
2068 435 2482 503 prophetarum,
2513 449 2634 489 cum
2663 449 2767 488 usu
2793 439 3054 502 poscente
3085 445 3223 502 aqua
3249 431 3424 486 scissa

140 519 397 590 διασχὼν
429 521 486 571 ἐν
537 520 712 590 ἑαυτῷ
741 521 800 574 τὸ
836 522 1068 592 ῥεῖθρον,
1099 524 1219 575 ὅσον
1251 526 1361 585 τοῖς
1407 524 1531 576 ποσὶ
1562 542 1739 594 παρα-

145 613 308 679 σχεῖν
339 611 445 663 τῶν
506 612 800 682 προφητῶν
832 613 919 666 διὰ
962 611 1124 684 ξηροῦ
1151 614 1240 666 τοῦ
1271 614 1538 684 πυθμένος
1579 616 1743 668 ἐνδιοο

137 704 366 768 δεῦσαι,
395 706 470 775 τῷ
502 706 558 757 δὲ
586 707 781 775 ἐφεξῆς
809 708 984 778 χρόνῳ
1015 709 1106 760 καὶ
1141 711 1249 770 τοῖς
1277 709 1482 768 λοιποῖς
1513 708 1620 760 τῶν
1648 709 1741 760 ἀν-

140 795 393 863 θρώπων
444 798 680 861 τοιοῦτος
728 796 829 869 ἦν,
877 795 986 863 οἶος
1022 801 1115 852 καὶ
1165 800 1396 863 πρόσθεν
1438 796 1525 870 ἦν.
1566 801 1740 862 Λύκος

143 887 366 950 ἐκεῖνος
402 887 548 953 ἅπαξ
582 890 854 953 ἀπωσθεὶς
887 892 984 960 τῆς
1037 891 1268 942 ἀτάκτου
1321 892 1511 960 φορᾶς,
1560 893 1638 953 εἰς
1683 891 1740 943 τὸ

143 974 243 1024 ἀεὶ
274 975 334 1026 τὸ
365 976 551 1046 θαῦμα
593 978 683 1029 τοῦ
715 979 1012 1050 Γρηγορίου
1046 983 1209 1041 ποιεῖ,
1252 981 1413 1032 παντὶ
1446 979 1521 1050 τῷ
1545 979 1739 1050 ἐφεξῆς

142 1069 337 1138 χρόνῳ
364 1071 602 1132 τοιοῦτος
635 1072 830 1139 μένων,
872 1067 983 1124 οἷον
1015 1073 1174 1125 αὑτὸν
1201 1075 1233 1142 ἡ
1261 1073 1353 1125 τοῦ
1395 1073 1630 1142 μεγάλου
1656 1074 1742 1125 πί-

148 1176 280 1222 στις
323 1161 379 1212 ἐν
425 1162 502 1231 τῷ
543 1162 716 1233 καιρῷ
744 1163 842 1232 τῆς
873 1166 1313 1235 θαυματουργίας
1362 1165 1639 1235 ἐποίησεν.
1682 1165 1740 1217 '0

147 1251 364 1314 σκοπὸς
402 1251 458 1305 δὲ
505 1255 612 1306 τῶν
661 1255 960 1324 γινομένων
1000 1256 1122 1326 οὐχὶ
1155 1259 1187 1325 ἡ
1229 1257 1336 1308 τῶν
1373 1255 1620 1326 ὁρώντων
1648 1254 1739 1307 ἕκ-

148 1344 357 1414 ιπληξις
399 1341 467 1416 ἦν
494 1388 507 1410 ,
550 1347 663 1398 ἀλλ’
691 1350 724 1417 ἡ
769 1348 874 1399 τῶν
907 1348 1339 1419 προσοικούντων
1386 1347 1464 1418 τῷ
1514 1347 1741 1417 ποταμῷ

155 1438 426 1508 σωτηρία.
482 1439 643 1489 Ὥστε
688 1437 782 1489 τοῦ
813 1437 1089 1508 θαύματος
1113 1439 1173 1490 τὸ
1200 1441 1312 1492 ἴσον
1345 1439 1558 1508 ἔχοντος
1591 1439 1742 1508 (ὑπο-

150 1533 331 1600 χωρεῖ
369 1530 474 1600 γὰρ
529 1531 621 1583 Jul.
669 1534 780 1592 τοῖς
818 1532 1122 1601 προφήταις
1155 1532 1248 1583 καὶ
1274 1530 1350 1600 τῷ
1386 1533 1596 1600 μιμητῇ
1635 1529 1742 1581 τῶν

152 1622 461 1692 προφητῶν
500 1621 643 1675 κατὰ
670 1623 730 1674 τὸ
767 1621 878 1675 ἴσον
906 1625 937 1693 ἡ
975 1622 1069 1675 τοῦ
1112 1623 1302 1685 ὓδατος
1336 1623 1536 1691 φύσις),
1564 1624 1610 1674 εἰ
1637 1622 1741 1692 χρὴ

155 1717 304 1784 μετά
337 1714 649 1787 παρρησίας
683 1717 876 1778 εἰπεῖν,
918 1716 1228 1769 πλεονεκτεῖ
1258 1714 1336 1784 τῷ
1375 1712 1741 1784 φιλανθρώπῳ

1845 539 2026 591 esset,
2076 528 2308 591 accidit,
2355 537 2411 581 ut
2449 527 2552 596 ipsi
2598 527 2696 582 soli
2755 528 3031 597 prophetat
3079 541 3176 595 per
3221 524 3424 578 ﬁumen

1843 617 2100 672 Jordanis
2139 618 2374 670 transire
2407 624 2671 686 possent,
2721 633 2845 670 cum
2890 617 3080 670 taudiu
3117 617 3297 669 amnis
3335 615 3426 667 ille

1846 711 1902 764 in
1938 726 2059 764 sese
2095 709 2298 763 ﬂumen
2331 709 2654 773 diduxisset,
2699 710 2826 762 dum
2864 709 3029 762 siccis
3071 708 3300 776 pedibus
3330 721 3427 776 per

1850 802 2065 856 aridum
2121 803 2332 854 alveum
2403 801 2677 869 propheta:
2728 800 3047 852 transirent.
3110 797 3425 868 Insequenti

1844 912 1974 950 vero
2007 906 2248 964 tempore
2278 895 2504 963 reliquis
2547 908 2764 961 quoque
2799 892 3110 945 hominibus
3133 891 3259 944 talis
3281 898 3423 952 erat,

1843 989 2022 1057 qualis
2054 989 2214 1041 etiam
2241 996 2365 1039 ante
2401 984 2690 1037 transitura
2724 983 2942 1036 illorum
2979 1001 2990 1035 :
3028 981 3206 1051 Lycus
3238 989 3421 1035 autem

1846 1081 1934 1134 ille
1964 1079 2133 1133 semel
2178 1079 2247 1132 ab
2281 1076 2538 1130 insolenti
2581 1082 2746 1144 atque
2789 1074 3104 1126 inordinato
3136 1088 3303 1126 cursu
3341 1087 3426 1124 re-

1845 1173 2059 1241 pulsus,
2103 1185 2299 1224 recens
2345 1169 2398 1221 in
2439 1176 2759 1237 perpetuum
2807 1164 3055 1234 Gregorii
3096 1163 3426 1216 miraculum

1845 1262 1997 1325 facit,
2040 1262 2190 1314 omni
2224 1267 2526 1314 eonseeuto
2566 1268 2812 1326 tempore
2850 1257 2973 1308 talis
3002 1272 3252 1320 manens,
3285 1271 3426 1323 qua-

1844 1351 1949 1404 lem
1978 1366 2100 1404 eum
2128 1350 2308 1418 magni
2333 1350 2482 1402 illius
2512 1347 2666 1411 ﬁdes,
2697 1361 2805 1416 quo
2833 1356 3074 1415 tempore
3102 1345 3426 1397 miraculum

1844 1443 2150 1504 edebatur,
2209 1441 2410 1495 elIecit.
2461 1439 2596 1492 Nam
2644 1439 2987 1508 propositum
3055 1437 3132 1490 rei
3178 1435 3430 1506 gerendae

1845 1549 1953 1586 non
2003 1548 2068 1586 eo
2105 1533 2407 1600 spectabat,
2441 1540 2498 1583 ut
2527 1531 2620 1600 qui
2655 1530 2905 1584 viderent
2944 1529 3425 1596 obstupescereut,

1845 1624 1937 1678 sed
1967 1633 2023 1677 ut
2047 1623 2247 1677 accolae
2273 1622 2516 1676 ﬂuuiiuis
2550 1632 2920 1676 servarentur.
2959 1620 3147 1689 Itaque
3171 1635 3293 1672 eum
3331 1633 3431 1687 par

1847 1719 1917 1772 sit
1947 1717 2272 1769 miraculum
2312 1715 2494 1783 (culit
2543 1715 2686 1768 enim
2727 1729 2793 1768 ex
2828 1729 2987 1782 azquo
3027 1721 3224 1766 natura
3272 1727 3429 1781 aquze

149 1808 216 1858 τὸ
255 1807 406 1875 παρᾶ
432 1805 620 1859 τούτου
649 1806 936 1875 γενόμενον
954 1849 967 1870 ,
992 1805 1059 1858 δι’
1088 1801 1147 1858 οὗ
1174 1805 1281 1857 τών
1311 1804 1740 1876 προσοικούντων

1855 1815 1959 1861 tam
1999 1809 2304 1878 prophetis,
2341 1823 2502 1876 quam
2549 1806 2814 1860 imitatori
2863 1805 3325 1874 prophetarum),
3379 1803 3426 1856 si

152 1895 188 1961 ἡ
241 1893 487 1963 σωτηρία
535 1894 973 1964 κατησφαλίσθη,
1027 1893 1118 1946 τοῦ
1170 1893 1363 1957 ὕδατος
1418 1894 1741 1964 πεδηθέντος

151 1983 310 2048 ἅπαξ
337 1985 455 2036 κατ’
495 1986 672 2037 ἐκεῖνο
710 1985 802 2038 τοῦ
856 1984 1146 2056 ῥεύματος,
1188 1987 1282 2038 καὶ
1308 1987 1564 2056 ἀκινήτου
1607 1983 1741 2054 πρὸς

148 2075 218 2126 τὸ
247 2074 441 2144 ἐφεξῆς
470 2073 835 2144 διαμένοντος.
863 2075 1100 2145 Ἐπειδὴ,
1131 2074 1404 2143 πανταχοῦ
1437 2073 1534 2142 τῆς
1560 2072 1744 2144 χώρας

151 2166 270 2218 τῶν
303 2165 562 2218 τοιούτων
609 2166 903 2236 θαυμάτων
945 2165 1374 2233 διαφοιτώντων,
1419 2167 1484 2234 τῇ
1515 2163 1742 2232 δυνάμει

150 2262 260 2329 τῆς
280 2261 358 2322 εἰς
393 2257 627 2330 Χριστὸν
659 2258 892 2322 πίστεως
915 2258 1250 2329 ἐνεργεῖσθαι
1276 2257 1740 2326 πεπιστευμένων,

153 2352 258 2403 καὶ
288 2351 488 2414 πάντες
521 2351 763 2421 μετέχειν
795 2351 1101 2421 ἐπεθύμουν
1137 2349 1350 2418 ἐκείνης
1382 2352 1477 2418 τῆς
1513 2348 1744 2408 πίστεως

155 2442 264 2510 τῆς
313 2443 418 2495 ὑπὸ
460 2441 567 2496 τῶν
611 2441 867 2495 τοιούτων
920 2441 1374 2514 μαρτυρουμένης
1425 2439 1742 2509 θαυμάτων,

157 2536 256 2586 καὶ
280 2533 554 2603 πανταχοῦ
592 2533 787 2605 προῄει
816 2533 873 2586 τὸ
900 2535 1182 2604 κήρυγμα,
1215 2533 1309 2584 καὶ
1340 2531 1559 2600 ἐνεργὸν
1588 2526 1653 2600 ἦν
1681 2529 1741 2581 τὸ

159 2627 466 2696 μυστήριον
508 2627 602 2678 καὶ
630 2627 661 2696 ἡ
691 2625 892 2695 σπουδὴ
930 2626 1066 2694 πρὸς
1097 2625 1158 2676 τὸ
1187 2622 1390 2691 ἀγαθὸν
1419 2621 1743 2686 ἐπετείνετο,

154 2716 261 2785 τῆς
299 2715 599 2787 ἱερωσύνης
634 2715 784 2786 παρὰ
822 2717 956 2768 πᾶσι
999 2712 1428 2784 καθισταμένης,
1462 2711 1535 2772 ὡς
1565 2711 1630 2763 ἂν
1659 2708 1746 2762 διὰ

157 2808 388 2861 πάντων
418 2810 449 2879 ἡ
481 2808 661 2870 πίστις
688 2806 972 2870 πλεονάζοι
1001 2807 1093 2858 καὶ
1125 2804 1338 2870 αὔξοιτο
1357 2821 1368 2832 ·
1415 2803 1620 2871 γίνεται
1654 2796 1744 2853 οὖν

159 2899 432 2970 πρεσϐεία
460 2901 595 2971 πρὸς
641 2899 803 2953 αὑτὸν
836 2901 898 2951 ἐκ
936 2898 1140 2960 πόλεώς
1180 2914 1322 2959 τινος
1350 2895 1744 2963 ἀστυγείτονος,

157 2993 338 3046 ἐλθεῖν
375 2994 509 3064 πρὸς
542 2994 756 3057 αὐτοὺς,
792 2995 886 3045 καὶ
929 2993 1027 3063 τὴν
1077 2995 1204 3063 παρ’
1237 2993 1419 3055 αὐτοῖς
1455 2988 1745 3059 ἐκκλησίαν

156 3087 250 3141 διὰ
274 3088 374 3158 τῆς
400 3085 697 3158 ἱερωσύνης
721 3087 1113 3156 συστήσασθαι.
1159 3085 1403 3156 Κώμανα
1425 3085 1478 3137 δὲ
1505 3087 1570 3155 τῇ
1597 3085 1746 3136 πόλει

1848 1904 2080 1972 ingenue
2110 1901 2294 1956 dicere
2320 1900 2408 1964 (id
2442 1899 2586 1969 quod
2620 1914 2705 1953 res
2737 1897 2856 1965 est)
2890 1903 3140 1964 oportet:
3168 1897 3346 1966 major
3372 1896 3426 1948 in

1849 1995 2030 2061 hujus,
2069 2007 2231 2062 quam
2275 1993 2328 2045 in
2366 1993 2582 2044 illorum
2627 1989 2774 2043 facto
2821 1988 3138 2043 humanitas
3177 1996 3282 2051 est,
3331 2002 3428 2055 per

1847 2084 1994 2154 quod
2028 2086 2180 2138 salus
2211 2084 2414 2138 accolis
2438 2084 2490 2135 in
2531 2090 2650 2135 tuto
2686 2082 2950 2134 collocata
2981 2090 3083 2143 est,
3131 2095 3254 2134 cum
3286 2095 3428 2150 aqua

1847 2177 1995 2229 circa
2045 2175 2191 2228 illam
2239 2182 2444 2244 partem
2493 2173 2734 2226 ﬂuminis
2774 2172 2942 2227 semel
2984 2173 3222 2226 coercita
3264 2180 3429 2240 atque

1849 2279 2099 2332 repressa
2143 2264 2307 2318 etiam
2345 2265 2397 2316 in
2451 2271 2728 2331 posterum
2777 2263 3138 2331 permanserit
3174 2262 3425 2314 immota.

1847 2356 2206 2424 Posteaquam
2263 2363 2446 2408 autem
2501 2355 2770 2424 ejusmodi
2829 2355 3254 2417 miraculorum,
3303 2367 3428 2422 qua:

1849 2450 2050 2502 virtute
2081 2447 2203 2502 ﬁdei
2235 2448 2287 2501 in
2319 2448 2597 2502 Christum
2635 2447 2752 2500 ﬁeri
2776 2446 3162 2508 credebantur,
3191 2446 3334 2499 fama
3372 2446 3430 2497 iu

1849 2555 2038 2594 omnes
2092 2548 2279 2609 partes
2338 2540 2583 2610 regionis
2635 2539 2988 2597 dimanante,
3043 2553 3236 2592 omnes
3283 2539 3432 2591 illius

1851 2634 1998 2696 ﬁdei,
2027 2649 2147 2702 quae
2181 2633 2372 2686 talium
2411 2632 2803 2686 miraculorum
2833 2631 3148 2684 testimonio
3178 2646 3433 2700 compro-

1850 2726 2098 2783 baretur,
2141 2723 2434 2793 participes
2468 2739 2591 2777 esse
2617 2723 2932 2792 cupiebant,
2971 2729 3024 2775 et
3060 2723 3262 2790 ubique
3290 2739 3432 2792 pra:-

1850 2819 2056 2873 dicatio
2101 2817 2452 2886 procedebat.
2496 2816 2818 2886 mysterium
2855 2816 3166 2882 (strenue)
3201 2830 3431 2870 exerce-

1849 2909 2046 2970 batur,
2095 2907 2338 2962 studium
2391 2905 2518 2960 boni
2573 2905 3002 2958 intendebatur:
3038 2904 3240 2973 quippe
3289 2905 3431 2974 apud
3473 2970 3481 2978 γ

1852 3015 2042 3054 omnes
2078 2998 2449 3054 sacerdotium
2501 2997 2976 3059 constituebatur,
3011 3005 3067 3050 ut
3101 3012 3198 3066 per
3240 2997 3434 3051 omnia

1855 3091 1987 3144 ﬁdes
2032 3098 2306 3145 cresceret
2347 3097 2400 3144 et
2446 3096 2740 3156 augeretur
2771 3107 2784 3142 :
2818 3089 3026 3142 idcirco
3091 3103 3157 3142 ex
3200 3088 3434 3143 ﬁnitima

157 3179 423 3249 τοῦνομα,
528 3178 918 3247 ἐπιξενωθῆναι
947 3179 1036 3232 τὸν
1062 3179 1234 3248 μέγαν
1263 3179 1447 3248 ἠξίουν
1479 3177 1648 3246 πανδη
1661 3177 1749 3246 μεὶ

1857 3181 2092 3251 quadam
2120 3183 2344 3236 civitate
2371 3181 2605 3234 mittitur
2629 3181 2693 3235 ad
2724 3196 2848 3235 eum
2887 3181 3105 3250 legatio,
3142 3193 3200 3236 ut
3222 3183 3436 3237 veniret

167 3272 378 3334 πάντες
415 3272 514 3341 τὴν
541 3273 700 3341 χάριν
726 3273 1054 3340 αἰτούμενοι.

160 3373 296 3422 dote
330 3367 623 3436 designato
663 3369 1046 3421 constitueret.
1088 3366 1330 3420 Cumana
1369 3374 1550 3420 autem
1601 3367 1812 3420 civitati
1849 3384 2046 3422 nomen
2118 3376 2234 3422 erat
2271 3385 2283 3420 :

1861 3273 1924 3326 ad
1963 3274 2133 3341 ipsos,
2159 3283 2211 3326 et
2247 3273 2572 3332 Ecclesiam,
2599 3287 2722 3341 qua:
2754 3280 2900 3325 esset
2930 3272 3072 3338 apud
3103 3288 3220 3336 eos,
3254 3287 3436 3326 sacer-

2356 3367 2616 3438 cujusut
2681 3367 2883 3436 hospes
2949 3383 3182 3436 magnus
3219 3368 3320 3422 iste
3351 3370 3438 3422 vir

162 3481 295 3520 esse
337 3464 536 3525 vellet,
581 3463 743 3532 vulgo
795 3479 988 3516 omnes
1045 3463 1187 3516 banc
1225 3464 1436 3516 veniam
1487 3463 1590 3516 sibi
1631 3462 1750 3515 dari
1793 3473 2040 3533 petentes
2070 3463 2322 3518 orabant.

239 3556 536 3624 Γενόμενος
582 3554 758 3606 τοίνυν
818 3554 948 3626 παρ’
999 3555 1181 3617 αὐτοῖς
1225 3555 1319 3607 καὶ
1383 3553 1758 3622 συνδιαγαγὼν

163 3648 390 3720 ἡμέρας
421 3646 593 3708 τινας,
626 3645 721 3697 καὶ
756 3644 954 3714 μᾶλλον
978 3645 1158 3707 αὐτοῖς
1182 3644 1279 3714 τὴν
1305 3644 1430 3714 περὶ
1461 3644 1523 3696 τὸ
1557 3645 1760 3714 μυστή-

167 3759 287 3812 ριον
329 3739 622 3809 ἐπιθυμίαν
655 3738 858 3806 ἐξάψας
897 3732 976 3799 οἷς
1012 3739 1184 3790 ἐποίει
1207 3754 1265 3789 τε
1301 3738 1392 3790 καὶ
1429 3737 1756 3806 ἐφθέγγετοο

164 3831 358 3902 ἐπειδὴ
388 3831 576 3903 καιρὸς
600 3826 667 3902 ἦν
697 3831 790 3884 καὶ
820 3831 918 3900 τὴν
949 3829 1246 3902 πρεσϐείαν
1276 3830 1454 3884 αὐτῶν
1476 3833 1555 3893 εἰς
1587 3831 1757 3900 πέρας

165 3920 367 3980 ἐλθεῖν,
394 3921 485 3973 καὶ
512 3920 893 3989 ἀναδειχθῆναι
917 3937 1037 3972 τινα
1062 3920 1160 3989 τῆς
1181 3920 1308 3991 παρ’
1333 3919 1514 3982 αὐτοῖς
1531 3917 1752 3988 Ἐκκλη-

170 4012 299 4072 σίας
317 4010 580 4080 ἀρχιερέα
602 4026 614 4039 ·
641 4009 759 4061 τότε
788 4009 895 4061 τῶν
923 4009 1018 4079 μὲν
1042 4010 1097 4061 ἐν
1117 4009 1260 4061 τέλει
1291 4009 1508 4061 πάντων
1536 4011 1589 4061 αἱ
1613 4008 1752 4076 γνώ-

173 4103 415 4172 μαιτοὺς
442 4102 692 4170 προέχειν
717 4100 1009 4164 δοκοῦντας
1026 4101 1167 4171 λόγῳ
1188 4118 1245 4153 τε
1271 4102 1364 4152 καὶ
1392 4101 1558 4168 γένει,
1575 4101 1665 4154 καὶ
1685 4102 1748 4170 τῇ

171 4193 335 4262 λοιπῇ
366 4194 692 4262 περιφανεία
714 4193 1175 4264 περιειργάζοντο.
1200 4194 1386 4263 ᾬοντο
1411 4191 1537 4261 γὰρ,
1566 4191 1752 4261 ἐπειδὴ

171 4287 271 4338 καὶ
293 4284 468 4337 ταῦτα
492 4285 620 4356 περὶ
643 4284 734 4336 τὸν
769 4283 940 4353 μέγαν
960 4283 1253 4354 Γρηγόριον
1276 4279 1362 4354 ἦν,
1391 4285 1523 4354 μηδέ
1548 4283 1753 4336 τούτων

171 4378 287 4431 δεῖν
321 4376 549 4446 ἄμοιρον
581 4373 752 4442 εἶναι,
786 4378 876 4429 τὸν
922 4378 1012 4430 ἐπὶ
1054 4376 1150 4447 τὴν
1185 4376 1343 4447 χάριν
1372 4378 1574 4444 ταύτην
1602 4375 1755 4445 ἐρχά-

1931 3558 2066 3610 tium
2116 3557 2357 3610 venisset
2405 3570 2536 3622 ergo
2567 3554 2634 3609 ad
2667 3570 2795 3620 eos,
2842 3562 2897 3608 et
2943 3554 3151 3623 aliquot
3179 3555 3298 3612 dies
3329 3571 3436 3609 una

1859 3654 2219 3702 conversatus
2254 3655 2367 3700 tum
2406 3645 2603 3711 dictis,
2638 3652 2751 3698 tum
2789 3643 2950 3699 factis
2981 3646 3094 3700 suis
3128 3646 3305 3715 magis
3340 3661 3436 3701 eo-

1858 3758 1977 3794 rum
2010 3742 2248 3794 studium
2274 3757 2400 3809 erga
2431 3740 2747 3811 mysterium
2782 3741 3138 3804 incendisset,
3170 3756 3298 3794 cum
3322 3740 3433 3809 jam

1859 3843 2073 3902 tempus
2121 3840 2267 3887 esset
2323 3833 2491 3885 etiam
2548 3830 2598 3884 id
2659 3831 2974 3900 negotium,
3028 3839 3251 3898 propter
3285 3831 3434 3899 quod

1861 3925 2020 3994 legati
2066 3923 2133 3976 ad
2171 3939 2293 3976 eum
2343 3921 2497 3975 missi
2542 3929 2720 3986 erant,
2763 3921 2830 3975 ad
2862 3922 3068 3974 exitum
3103 3920 3433 3985 deducendi,

1857 4032 1920 4068 ac
1953 4013 2279 4084 designandi
2317 4013 2551 4081 aliquem
2597 4027 2786 4065 eorum
2825 4009 3081 4065 Ecclesia:
3113 4012 3434 4080 primarium

1857 4107 2198 4160 sacerdotem
2237 4120 2250 4154 :
2290 4111 2418 4157 tunc
2456 4102 2764 4172 principum
2806 4102 3029 4172 quidem
3065 4111 3120 4155 et
3146 4103 3438 4172 magistra-

1859 4203 2008 4252 tiium
2039 4197 2280 4251 civitatis
2317 4195 2562 4250 omnium
2601 4197 2884 4250 sententize
2925 4196 2977 4249 in
3013 4197 3115 4250 hoc
3158 4209 3438 4268 occupata:

1859 4300 2033 4353 erant,
2069 4297 2128 4342 ut
2167 4288 2328 4342 anxie
2371 4298 2534 4358 atque
2568 4288 2788 4343 curiose
2826 4288 3171 4358 inquirerent
3201 4304 3265 4344 ac
3299 4290 3439 4343 seis-

1861 4382 2185 4446 citarentur,
2222 4381 2314 4450 qui
2343 4380 2680 4450 eloquentia,
2707 4381 2800 4449 qui
2841 4396 3065 4449 genere,
3112 4383 3438 4450 reliquoque

177 4486 364 4540 μενον.
397 4469 641 4539 Πολλαχῆ
670 4470 724 4522 δέ
749 4473 869 4533 ταῖς
898 4469 1097 4540 ψήφοις
1127 4468 1519 4541 μεριζομένων,
1554 4471 1645 4522 καὶ
1676 4469 1751 4523 ἄλ-

1864 4475 1988 4527 vitaa
2019 4473 2314 4544 splendore
2350 4482 2579 4527 cancros
2609 4473 2912 4541 praecedere
2944 4473 3239 4528 videretur.
3273 4473 3442 4528 Puta-

174 4564 288 4614 λων
317 4561 473 4614 ἀλλον
502 4563 969 4633 προαιρουμένων,
1003 4563 1263 4632 ἀνέμενεν
1306 4566 1334 4616 ὁ
1377 4563 1546 4632 μέγας
1574 4561 1757 4615 θεόθεν

175 4653 333 4723 αὐτῷ
366 4654 616 4720 γενέσθαι
638 4655 759 4706 τινὰ
788 4655 920 4724 πρὸς
956 4654 1016 4706 τὸ
1047 4655 1403 4724 προκείμενον
1428 4653 1754 4723 συμϐουλήν.

175 4748 294 4800 Καὶ
309 4745 489 4809 καθὼς
503 4749 530 4798 ὁ
547 4746 797 4816 Σαμουὴλ
814 4745 1231 4816 μνημονεύεται,
1255 4745 1328 4815 μὴ
1343 4744 1758 4814 καταπλαγῆναι

179 4842 377 4904 κάλλος
415 4843 682 4910 σωμάτων
719 4841 815 4892 καὶ
859 4840 1083 4909 μέγεθος
1128 4841 1183 4892 ἐν
1225 4842 1289 4909 τῇ
1336 4839 1435 4908 τῆς
1485 4838 1760 4908 βασιλείας

176 4935 382 5006 κρίσει,
411 4933 545 4986 ἀλλὰ
569 4920 746 5002 ψυχὴν
763 4930 1038 5001 ἐπιζητεῖν
1060 4931 1358 5001 βασιλικὴν,
1381 4931 1481 4984 κᾶν
1513 4933 1570 4984 ἐν
1594 4949 1760 4984 κατα-

177 5026 534 5097 φρονουμένῳ
559 5012 778 5092 ¹σώματι
805 5021 942 5092 τύχῃ
960 5037 974 5052 ⁸
1022 5023 1112 5074 τὸν
1159 5022 1318 5075 αὑτὸν
1348 5022 1546 5093 τρόπον
1573 5023 1758 5075 κάκεῖ-

176 5139 300 5179 νος,
360 5120 456 5180 τὰς
503 5116 629 5187 περὶ
678 5115 908 5167 ἑκάστου
948 5111 1056 5165 τῶν
1099 5112 1481 5183 ἐψηφισμένων
1528 5116 1761 5179 σπουδὰς

178 5209 587 5280 παραϐλέπων,
640 5207 773 5278 πρὸς
807 5205 864 5258 ἒν
915 5203 1140 5274 ἀφεώρα
1187 5205 1378 5274 μόνον,
1439 5207 1490 5258 εἴ
1532 5223 1614 5270 τις
1668 5207 1760 5259 καὶ

178 5305 293 5373 πρὸ
321 5302 420 5368 τῆς
447 5297 834 5368 ἀνακηρύξεως
856 5337 870 5360 ,
920 5296 986 5348 δι’
1021 5297 1336 5366 ἐπιμελείας
1366 5296 1480 5366 βίου
1510 5299 1601 5349 καὶ
1635 5299 1762 5368 ἀρε-

177 5396 305 5464 τῆς,
329 5397 386 5446 ἐν
417 5392 496 5461 τῷ
517 5393 703 5463 τρόπῳ
729 5391 824 5459 τὴν
857 5388 1154 5460 ἱερωσύνην
1177 5390 1352 5459 φέροι.
1396 5391 1484 5453 Ὠς
1506 5390 1558 5444 δὲ
1581 5390 1628 5441 οἱ
1664 5391 1761 5459 μὲν

178 5486 434 5558 παρῆγον
469 5485 591 5546 τοὺς
622 5482 1100 5551 ὑπεψηφισμένους
1149 5483 1260 5550 μετ’
1295 5482 1605 5551 ἐγκωμίων,
1629 5481 1762 5533 ἕκα-

183 5597 311 5643 στος
341 5579 432 5630 τὸν
463 5579 594 5647 παρ’
642 5575 807 5629 αὑτοῦ
849 5572 1313 5645 προϐαλλόμενος,
1363 5575 1391 5624 ὁ
1419 5574 1472 5625 δέ
1500 5575 1592 5626 καὶ
1627 5573 1764 5645 πρὸς

183 5671 312 5731 τοὺς
343 5667 754 5737 εὐτελεστέρους
785 5662 925 5717 κατά
958 5661 1130 5713 τὸτοῦ
1169 5660 1282 5730 βίον
1319 5661 1504 5730 σχῆμα
1546 5661 1762 5730 βλέπειν

184 5759 468 5814 ἐκελεύετο
518 5756 768 5826 (δυνατὸν
817 5752 924 5823 γὰρ
952 5745 1089 5804 εἶναι
1136 5751 1228 5802 καὶ
1259 5751 1315 5802 ἐν
1360 5752 1468 5812 τοῖς
1504 5753 1761 5812 τοιούτοις

1862 4563 1992 4617 bant
2030 4564 2200 4622 enim,
2238 4563 2494 4632 quoniam
2533 4564 2696 4616 etiam
2727 4562 2812 4615 bis
2851 4563 3006 4616 bonis
3037 4579 3268 4632 magnus
3301 4563 3440 4618 Gre-

1861 4658 2050 4725 gorius
2095 4655 2408 4709 cumulatus
2453 4661 2600 4718 erat,
2645 4668 2746 4708 nec
2774 4667 2965 4706 earum
3005 4653 3225 4723 quidem
3254 4671 3439 4709 rerum
3496 4648 3498 4651 ’

1861 4752 2118 4814 oportere
2148 4755 2424 4812 expertem
2461 4759 2604 4806 esse,
2641 4743 2733 4812 qui
2761 4743 2828 4795 ad
2865 4743 2968 4797 hoc
2996 4759 3196 4799 munus
3232 4744 3440 4813 delige-

1863 4847 2034 4890 retur.
2066 4835 2201 4889 Cum
2227 4843 2408 4887 autem
2445 4835 2497 4887 in
2528 4835 2727 4890 multas
2761 4842 2944 4904 partes
2979 4835 3255 4905 suﬂ‘ragiis
3291 4837 3441 4889 scin-

1862 4927 2145 4988 derentur,
2169 4939 2217 4979 et
2239 4929 2328 4979 alii
2350 4927 2514 4980 alium
2537 4934 2899 4996 praeoptarent
2916 4936 3078 4995 atque
3096 4928 3436 4995 praeferrent,

1861 5019 2216 5087 exspectabat
2251 5018 2340 5073 ille
2370 5018 2453 5070 vir
2487 5033 2719 5087 magnus
2765 5017 3033 5071 divinitus
3077 5017 3297 5085 aliquod
3332 5019 3438 5073 sibi

1864 5112 2158 5166 consilium
2193 5110 2259 5164 ad
2286 5111 2630 5180 propositum
2663 5111 2940 5179 negotium
2969 5110 3326 5177 suppeditari.
3361 5111 3440 5165 Ac

1863 5202 2326 5272 quemadmodum
2361 5201 2580 5256 Samuel
2612 5203 2664 5254 in
2691 5201 2941 5269 eligendo
2972 5216 3096 5270 rege
3128 5201 3301 5255 fertur
3329 5218 3437 5255 non

1863 5293 2273 5364 pulchritudine
2325 5309 2425 5346 nec
2477 5292 2854 5362 magnitudine
2905 5306 3197 5360 corporum
3256 5302 3440 5347 motus

1863 5399 2008 5444 esse.
2056 5382 2148 5437 sed
2194 5382 2438 5434 animum
2479 5384 2684 5451 regium
2720 5380 3100 5449 requisivisse,
3135 5383 3349 5437 etiamsi
3387 5383 3440 5438 in

1866 5480 2182 5540 contempto
2215 5470 2355 5524 forte
2387 5485 2619 5540 corpore
2656 5470 2986 5539 reperiretur
3017 5491 3031 5523 :
3065 5471 3253 5526 eodem
3283 5475 3442 5527 modo

1866 5566 2030 5617 etiam
2077 5561 2188 5623 ille,
2226 5560 2426 5615 studiis
2469 5574 2596 5630 erga
2625 5573 3068 5628 unumquemque
3093 5573 3306 5625 eorum,
3344 5563 3439 5630 qui

1866 5655 2314 5718 destinabantur,
2362 5653 2625 5724 neglectis
2646 5694 2660 5718 ,
2693 5651 2743 5705 id
2774 5667 2941 5706 unum
2980 5652 3245 5707 duntaxat
3280 5670 3438 5724 spec-

1864 5747 2052 5812 tabat,
2095 5761 2160 5798 an
2200 5744 2400 5815 aliquis
2441 5743 2606 5798 etiam
2649 5749 2776 5796 ante
2812 5742 3241 5799 declarationem
3275 5745 3406 5800 indu
