3834 6408
459 229 567 286 939

1706 217 1763 272 S.
1807 211 2132 273 GREGORII
2170 211 2467 272 NYS'SEM

3611 220 3712 274 940

462 361 587 403 esse
625 344 860 403 videtur,
893 349 953 396 ut
991 343 1136 396 inter
1175 355 1235 395 se
1281 339 1502 408 quidem
1553 340 1706 409 paria
1759 340 1912 404 sint,
1971 355 2035 394 ac

2153 340 2404 410 ἱτρέπτου
2438 339 2532 392 καὶ
2563 338 2773 409 ὑψηλῆς
2801 341 3039 403 διανοίας
3075 341 3474 412 ἐναργέστατον
3507 342 3711 409 ἐγίνετο

469 438 628 508 quasi
680 436 749 490 de
787 433 1101 504 principatu
1137 439 1417 488 certamen
1470 432 1674 487 habere
1721 432 2035 496 videantur,

466 533 610 585 inter
637 529 821 583 omnia
857 535 1039 581 autem
1072 540 1165 589 ea,
1199 540 1324 595 qua
1354 525 1578 579 nomine
1611 525 1862 579 miraculi
1898 525 2040 580 cele-

466 625 720 685 brantur,
760 619 966 689 primas
1003 618 1396 688 propemodum
1434 625 1677 673 teneant.
1716 617 1852 672 Nam
1891 618 2040 688 quod

467 713 817 785 optimatium
869 710 1074 766 studiis
1132 711 1457 766 adversatus
1515 717 1632 772 est,
1690 711 2039 775 constantis,

468 807 602 860 recti
647 815 811 875 atque
856 803 1060 858 excelsi
1105 803 1276 856 animi
1331 800 1846 857 manifestissimum
1893 801 2041 856 indi-

467 899 610 952 cium
646 905 804 952 erat:
839 910 868 949 a
903 909 1012 964 quo
1039 894 1255 959 omnia,
1292 909 1412 964 qua:
1450 909 1549 964 per
1578 894 1840 947 mundum
1878 909 2045 964 appa-

470 997 628 1051 rent,
677 1003 743 1043 ex
785 1002 944 1058 atquo
987 985 1463 1056 despiciebantur,
1512 987 1629 1041 sive
1679 987 1746 1041 ad
1791 986 2044 1056 magniﬁ-

470 1081 704 1135 centiam
741 1086 905 1148 atque
940 1076 1326 1148 Splendorem,
1367 1076 1484 1132 sive
1522 1076 1688 1131 etiam
1721 1076 1788 1131 ad
1825 1077 2046 1131 humili-

473 1183 639 1227 tatem
668 1179 726 1226 et
761 1169 1160 1225 obscuritatem
1191 1168 1457 1223 accedere
1495 1167 1852 1223 viderentur:
1887 1184 2044 1223 cum-

475 1283 586 1336 que
642 1264 747 1319 soli
804 1263 996 1317 virtuti
1054 1261 1262 1330 primas
1324 1261 1629 1320 tribueret,
1689 1267 1743 1314 et
1791 1259 2044 1314 vitiosam

476 1360 643 1412 vitam
676 1358 848 1412 solam
878 1354 1234 1425 rejieiendam
1266 1369 1388 1409 esse
1409 1352 1717 1423 judicaret,
1749 1367 1850 1422 pro
1873 1352 2048 1406 nihilo

484 1452 809 1508 intuebatur
851 1452 1070 1514 omnia,
1117 1463 1462 1519 quacunque
1498 1462 1596 1516 per
1641 1447 1745 1501 hoc
1785 1448 2046 1501 saeculum

476 1544 560 1597 vel
593 1543 776 1612 aliquo
807 1540 990 1595 studio
1010 1579 1024 1602 ,
1057 1539 1142 1592 vel
1176 1538 1582 1607 contemptione
1609 1536 1772 1607 digna
1795 1537 2050 1606 judican-

479 1644 590 1689 tur.
629 1631 784 1698 Quod
817 1631 1074 1684 nimirum
1105 1627 1270 1682 etiam
1308 1636 1437 1680 tunc
1473 1626 1674 1682 fecisse
1706 1627 2050 1682 demonstra-

477 1733 586 1780 tur.
616 1723 752 1778 Cum
789 1723 937 1778 enim
973 1721 1134 1776 daret
1173 1735 1434 1788 operam,
1469 1727 1528 1773 ut
1573 1718 1682 1774 Deo
1724 1729 1941 1790 gratum
1985 1735 2050 1775 ac
2080 1700 2122 1754 Β

476 1818 699 1888 dignum
729 1815 1032 1877 inveniret,
1064 1827 1173 1866 non
1217 1812 1442 1866 divitias
1463 1853 1478 1878 ,
1526 1828 1637 1866 non
1685 1811 2010 1882 dignitatem
2033 1855 2048 1876 ,

479 1923 586 1963 non
621 1905 787 1976 hujus
813 1904 1005 1959 mundi
1042 1903 1400 1974 splendores.
1436 1917 1669 1972 quarum
1706 1917 1888 1956 rerum
1917 1903 2053 1956 nihil

481 1999 535 2052 in
559 1997 886 2052 recensione
909 1996 1178 2050 bonorum
1197 2008 1227 2047 a
1249 1993 1434 2048 divina
1459 1993 1741 2062 Scriptura
1763 2009 2051 2048 enumera-

481 2100 590 2155 tur,
613 2104 702 2144 res
727 2087 953 2142 idoneas
975 2086 1204 2156 putabat
1225 2100 1360 2154 quas
1383 2084 1450 2138 ad
1473 2085 1845 2140 testimonium
1865 2085 2056 2140 admit-

480 2191 640 2237 teret.
663 2179 782 2234 Non
808 2179 976 2248 igitur
997 2177 1103 2232 hoc
1125 2177 1302 2232 solum
1323 2183 1428 2236 est,
1449 2175 1595 2246 quod
1618 2185 1673 2230 et.
1699 2176 1857 2231 laude
1879 2184 1933 2230 et
1953 2175 2054 2229 ad-

489 2273 789 2328 miratione
822 2270 1046 2340 dignum
1082 2269 1183 2332 sit,
1225 2267 1368 2338 quod
1405 2269 1612 2337 respuit
1645 2267 1826 2324 studia
1853 2268 2057 2339 princi—

486 2381 613 2436 pum
635 2375 852 2418 :verum
873 2361 1037 2414 etiam
1058 2358 1204 2428 quod
1228 2373 1324 2428 per
1341 2372 1426 2424 ea,
1448 2372 1570 2427 quae
1591 2365 1886 2412 consecuta
1903 2363 2054 2418 sunt,

486 2458 664 2526 seipse
685 2454 981 2524 superavit.
1002 2448 1137 2503 Nam
1153 2450 1245 2520 qui
1265 2449 1502 2518 ineptam
1521 2462 1583 2503 ac
1601 2448 1783 2502 minus
1803 2447 2064 2501 idoneam.

487 2547 816 2604 sententiam
844 2543 1111 2599 duntaxat
1136 2539 1315 2610 rejicit
1335 2581 1348 2604 ,
1375 2555 1552 2609 neque
1597 2538 1787 2608 adjicit
1818 2538 1869 2592 id
1901 2537 2046 2608 quod

489 2613 580 2696 res
601 2637 799 2709 poscit,
816 2635 1018 2690 malum
1039 2631 1258 2704 quidem
1275 2630 1757 2701 prohibet,bonum
1782 2645 1914 2685 vero
1939 2647 2048 2685 non

488 2731 730 2788 coniicit.
750 2729 818 2784 At
841 2726 934 2798 qui
960 2733 1322 2797 praeterquam
1346 2722 1490 2792 quod
1513 2736 1622 2775 non
1646 2722 1928 2776 consentit
1947 2721 2043 2776 de-

2140 430 2458 504 γνώρισμα·
2579 433 2756 485 πάντα
2783 434 2852 486 τά
2885 431 3026 485 κατά
3057 431 3147 484 τόν
3175 432 3378 502 κόσμον
3416 434 3712 503 φαινόμενα

2141 527 2199 576 ἐν
2225 524 2304 595 τῷ
2330 523 2498 594 ὁμοίῳ
2529 522 2861 594 καθεωρᾶτο,
2893 525 3002 576 εἴτε
3045 523 3180 594 πρὸς
3211 523 3271 576 τὸ
3308 523 3498 593 μεῖζόν
3521 543 3584 576 τε
3623 527 3710 578 καὶ

2141 615 2623 686 περιφανέστερον,
2665 617 2772 668 εἴτε
2816 616 2910 668 καὶ
2953 616 3090 688 πρὸς
3116 618 3176 669 τὸ
3211 617 3467 670 ταπεινόν
3512 634 3572 669 τε
3627 619 3714 669 καὶ

2142 707 2345 776 ἀφανὲς
2375 707 2589 770 οἰκείως
2648 703 2762 778 εἶχε
2784 723 2797 736 ·
2834 708 2970 782 μόνῃ
3015 708 3071 760 δὲ
3099 708 3277 779 νέμων
3306 713 3372 780 τῇ
3417 711 3590 781 ἀρετῇ
3625 711 3714 781 τὴν

2144 799 2494 870 προτίμησιν,
2542 799 2636 853 καὶ
2683 800 2851 870 μόνην
2898 799 2995 870 τὴν
3048 801 3106 852 ἐν
3139 802 3302 872 κακίᾳ
3343 801 3491 872 ζωὴν
3519 802 3715 873 κρίνων

2144 890 2470 962 ἀπόϐλητον,
2496 892 2614 946 ἀντ’
2643 891 2852 956 οὐδενὸς
2885 891 3028 964 ἐώρα
3072 893 3140 947 τά
3187 895 3384 957 πάντα,
3436 896 3537 948 ὃσα
3580 897 3716 947 κατα

2144 982 2235 1034 τὸν
2270 980 2381 1052 βίον
2411 981 2443 1052 ἢ
2491 983 2725 1054 σπουδῆς
2756 1000 2919 1048 τινος,
2962 985 2995 1054 ἢ
3026 985 3246 1055 ἀτιμίας
3284 987 3409 1050 ἄξια
3450 987 3709 1057 κρίνεται.

2151 1075 2216 1126 '0
2241 1074 2304 1146 δὴ
2336 1073 2432 1128 καὶ
2461 1075 2580 1128 τότε
2611 1075 2928 1146 πεποιηκὼς
2961 1077 3346 1132 ἐπιδείκνυται.
3397 1079 3587 1148 Ζητῶν
3612 1079 3714 1148 γὰρ

2144 1165 2235 1218 τὸν
2257 1165 2334 1236 τῷ
2359 1165 2476 1234 Θεῷ
2508 1167 2900 1237 κεχαρισμένον
2926 1167 3020 1220 καὶ
3053 1166 3200 1230 ἄξιον
3222 1168 3422 1236 εὑρεῖν,
3456 1167 3556 1220 οὑκ
3578 1168 3715 1233 ἀξιό-

2146 1272 2336 1308 πιστον
2368 1257 2448 1318 είς
2481 1257 2786 1328 μαρτυρίαν
2823 1257 2972 1328 ᾠήθη
3009 1257 3234 1310 πλοῦτον
3262 1257 3596 1329 παραλαϐεῖν
3628 1258 3716 1310 καὶ

2145 1350 2383 1422 ἀξίωμα,
2408 1352 2502 1404 καὶ
2524 1350 2622 1414 τάς
2646 1350 2786 1403 κατά
2805 1349 2895 1402 τὸν
2916 1351 3118 1420 κόσμον
3138 1350 3322 1403 τοῦτον
3339 1367 3406 1402 πε
3416 1367 3608 1421 ριφανε
3618 1350 3714 1411 ίας.

2148 1433 2222 1493 ὧν
2261 1441 2414 1494 οὐδὲν
2460 1443 2518 1493 ἐν
2562 1443 2673 1506 τοῖς
2719 1439 2826 1492 τῶν
2877 1439 3096 1508 ἀγαθῶν
3135 1439 3454 1508 καταλόγοις
3500 1441 3528 1490 6
3583 1440 3715 1501 θεῖος

2149 1533 2571 1604 ἁπηριθμήσατο
2611 1533 2786 1601 λόγος.
2839 1534 2914 1586 Οὑ
2954 1533 3111 1587 τοῦτο
3157 1535 3314 1604 μόνον
3360 1535 3541 1586 τοίνυν
3579 1536 3715 1586 ἐστὶν

2151 1625 2370 1681 ἐπαίνου
2395 1643 2452 1678 τε
2483 1627 2576 1678 καὶ⁹
2617 1625 2894 1697 θαύματος
2926 1626 3094 1691 ἄξιον,
3129 1627 3189 1680 τὸ
3223 1627 3296 1699 μὴ
3332 1627 3600 1698 προέσθαι
3629 1627 3718 1688 τὰς

2148 1719 2257 1771 τῶν
2298 1718 2731 1772 δυναστευόντων
2779 1719 3041 1782 σπουδάς·
3086 1718 3220 1771 ἀλλά
3253 1719 3345 1772 καὶ
3374 1719 3463 1772 διὰ
3493 1719 3603 1771 τῶν
3629 1721 3717 1785 ἐσ-

2149 1810 2277 1880 εξῆς
2313 1810 2474 1872 αὑτὸς
2526 1809 2715 1862 ἑαυτὸν
2772 1809 3144 1881 ὑπερϐάλλειν.
3177 1811 3234 1863 Ὁ
3274 1811 3380 1881 γὰρ
3431 1811 3596 1880 μόνον
3633 1811 3721 1879 τήν

2149 1902 2374 1966 ἀναξίαν
2407 1902 2766 1972 ἀπωσάμενος
2785 1902 2984 1972 ψῆφον,
3015 1903 3089 1973 μὴ
3116 1903 3370 1974 προσθεὶς
3390 1903 3446 1955 δὲ
3478 1906 3542 1973 τῇ
3571 1905 3721 1973 χρεία

2149 1994 2209 2046 τὸ
2233 1993 2437 2058 λεῖπον,
2468 1994 2528 2045 τὸ
2569 1993 2666 2062 μὲν
2723 1993 2894 2047 κακὸν
2926 1993 3185 2056 ἐκώλυσε,
3210 1995 3271 2047 τὸ
3300 1995 3356 2048 δὲ
3395 1995 3603 2062 ἀγαθὸν
3632 1999 3722 2047 οὐκ

2152 2085 2423 2155 ἐποίησεν.
2481 2083 2539 2136 '0
2577 2085 2634 2137 δέ
2671 2086 2807 2154 πρὸς
2851 2085 2928 2156 τῷ
2971 2085 3045 2158 μὴ
3083 2087 3370 2141 συνθέσθαι
3398 2087 3481 2157 τῷ
3524 2089 3723 2159 χείρονι

2150 2179 2245 2230 καὶ
2277 2178 2337 2231 τὸ
2368 2177 2531 2231 καλὸν
2584 2177 2841 2248 ἐξευρὼν,
2885 2177 2951 2231 δι’
2978 2179 3303 2249 ἀμφοτέρων
3346 2181 3635 2234 ἐτελείωσε
3672 2183 3729 2233 τὸ

2151 2269 2373 2337 ἀγαθὸν,
2400 2267 2524 2322 οὔτε
2554 2268 2630 2340 τῷ
2655 2269 2809 2340 κακῷ
2837 2269 3196 2342 συγχωρήσας
3221 2271 3318 2343 τὴν
3351 2272 3613 2342 πάροδον,
3640 2276 3726 2325 καὶ

2149 2360 2211 2413 τὸ
2237 2361 2402 2414 καλὸν
2449 2361 2817 2430 προσαγαγὼν
2865 2364 2944 2426 είς
2987 2365 3266 2434 ἐνέργειαν
3290 2381 3304 2394 ·
3337 2365 3412 2428 ὼς
3444 2366 3590 2418 κατὰ
3623 2367 3728 2435 ἀμ-

2153 2451 2355 2521 φότερα
2389 2451 2641 2518 γενέσθαι
2680 2440 2779 2522 τῆν
2819 2453 3137 2525 εὐεργεσίαν
3165 2454 3256 2509 τοῦ
3299 2457 3540 2527 μεγάλου
3591 2457 3729 2527 Γρῖ-

2154 2541 2336 2612 γορίου
2372 2544 2429 2595 ἐν
2470 2545 2534 2613 τῇ
2581 2543 2753 2605 πόλει,
2790 2544 2850 2597 τό
2879 2562 2935 2598 τε
2967 2545 3106 2598 κατά
3143 2546 3366 2614 ἄγνοιαν
3397 2549 3531 2618 παρ’
3552 2546 3732 2598 αὑτῶν

2156 2633 2639 2704 πλημμελούμενον
2670 2635 3112 2705 ἐπιστρέψαντος,
3147 2637 3239 2689 καὶ
3258 2637 3318 2690 τὸ
3347 2638 3732 2709 κεκρυμμένον

2153 2728 2282 2796 παρ’
2316 2727 2499 2790 αὑτοῖς
2529 2727 2732 2796 ἀγαθὸν
2763 2728 2830 2780 δι’
2852 2727 3048 2781 ἑαυτοῦ
3082 2728 3517 2799 φανερώσαντος.

486 2823 698 2884 teriori,
743 2819 906 2875 etiam
945 2817 1152 2872 bonum
1198 2815 1438 2878 invenit,
1483 2827 1580 2882 per
1621 2819 1856 2884 utraque
1890 2814 2094 2869 bonum
2136 2816 2385 2885 perﬁcit,
2430 2817 2559 2871 dum
2601 2832 2780 2887 neque
2825 2820 2965 2873 malo
3009 2819 3217 2873 aditum
3248 2822 3374 2886 dat,
3424 2830 3483 2875 et
3526 2825 3732 2878 bonum

488 2915 555 2968 ad
596 2913 850 2968 eﬂ’eetum
881 2907 1180 2980 producit:
1223 2909 1358 2960 adeo
1403 2913 1462 2958 ut
1505 2912 1736 2973 utraque
1786 2905 1998 2959 ratione
2043 2906 2366 2962 beneficium
2419 2909 2600 2978 magni
2642 2908 2887 2974 Gregorii
2926 2910 3137 2964 civitati
3191 2913 3516 2982 contigerit,
3546 2915 3646 2983 qui
3684 2924 3731 2966 et

488 3009 542 3064 id
588 3005 732 3077 quod
786 3019 883 3075 per
931 3000 1294 3073 ignorantiam
1341 2999 1411 3053 ab
1453 2999 1522 3053 iis
1565 2997 2005 3068 delinquebatur,
2044 3003 2321 3066 averterit,
2368 3011 2422 3057 et
2461 3002 2666 3058 bonum
2714 3003 2857 3074 apud
2907 3019 3004 3059 eos
3046 3004 3426 3059 absconditum
3472 3021 3572 3076 per
3617 3024 3733 3063 sese

489 3099 823 3174 patefecerit.

560 3197 694 3254 Cum
725 3201 907 3249 autem
941 3191 1123 3245 omnia
1151 3202 1348 3258 magno
1378 3187 1456 3242 illi
1481 3188 1600 3242 viro
1633 3187 1838 3242 auxilio
1867 3190 2044 3242 sancti

2219 3192 2442 3246 Πάντων
2475 3192 2531 3244 δὲ
2565 3191 2705 3246 κατά
2757 3191 2982 3263 γνώμην
3029 3190 3140 3244 τοῦἳ
3161 3190 3398 3262 μεγάλου
3446 3207 3732 3263 προκεχω-

490 3289 732 3360 Spiritus
762 3301 830 3340 ex
870 3282 1144 3340 sententia
1191 3279 1589 3344 successerint,
1640 3295 1750 3334 non
1791 3280 2058 3350 intempe-

491 3383 690 3444 stivum
713 3377 897 3439 fuerit,
920 3376 1085 3431 etiam
1116 3373 1483 3428 accesserium
1515 3387 1654 3443 opus
1677 3373 1888 3428 itineris
1911 3388 2059 3428 com-

490 3484 819 3530 memorare,
859 3482 970 3537 quo
1011 3481 1106 3536 per
1157 3467 1342 3519 omnia
1382 3463 1581 3534 gratia,
1629 3480 1750 3533 qua:
1784 3465 1904 3519 viro
1953 3479 2056 3518 una

495 3560 710 3624 aderat,
743 3558 1091 3612 ostendatur.
1122 3554 1386 3622 Quoniam
1425 3554 1571 3608 enim
1601 3555 1857 3610 omnibus
1879 3556 2056 3624 palam

493 3657 635 3714 erat,
675 3647 824 3719 quod
859 3648 962 3702 hoc
991 3657 1120 3702 ante
1158 3645 1343 3699 omnia
1383 3646 1487 3700 sibi
1515 3644 1699 3700 studio
1725 3645 1969 3709 haberet,
2003 3656 2060 3700 ut

493 3745 553 3802 in
579 3742 836 3798 omnibus
867 3740 1031 3793 rebus
1063 3737 1128 3790 ad
1147 3738 1421 3807 egentium
1449 3736 1886 3792 consolationem
1921 3753 2061 3807 pra:-

493 3843 585 3894 sto
624 3841 773 3890 esset
805 3850 818 3886 :
852 3831 963 3886 duo
996 3831 1215 3900 quidam
1256 3827 1492 3893 llebraai,
1524 3830 1639 3884 sive
1676 3830 1888 3883 lucrum
1931 3844 2057 3898 spe-

495 3934 730 3990 ctantes,
776 3922 892 3978 sive
935 3920 1396 3990 vituperationem
1451 3919 1742 3989 quamdam
1797 3919 2058 3973 adversus

493 4019 693 4080 virum,
737 4022 798 4070 ut
845 4014 938 4083 qui
992 4010 1171 4066 fraudi
1225 4025 1290 4065 ac
1347 4009 1655 4080 deceptioni
1715 4021 2058 4079 opportunus

494 4117 662 4170 esset,
703 4113 1011 4177 quaerentes
1065 4104 1188 4173 ejus
1230 4102 1465 4157 reditum
1514 4101 1830 4156 observant.
1881 4101 2059 4170 Atque

493 4198 689 4252 horum
737 4211 881 4249 unus
929 4193 1173 4263 quidem,
1222 4193 1317 4262 qui
1367 4199 1619 4246 mortuus
1670 4207 1791 4247 esse
1838 4191 2059 4246 videba-

496 4298 605 4349 tur,
632 4287 830 4356 supino
864 4286 1050 4339 habitu
1091 4292 1348 4340 extensus
1380 4299 1476 4352 per
1509 4293 1876 4338 transversam
1913 4282 2056 4336 viam

495 4377 768 4447 publicam
804 4377 1084 4446 projectus
1111 4384 1271 4442 erat;
1313 4376 1451 4431 alter
1475 4391 1606 4431 vero
1636 4375 1910 4445 jacentem
1951 4374 2058 4428 sci-

494 4468 620 4523 licet
669 4467 984 4537 deplorans,
1037 4467 1454 4520 lamentantium
1499 4481 1664 4522 voces
1711 4467 2055 4531 imitabatur,

494 4573 558 4612 ac
590 4566 1004 4628 praetereuntem
1036 4572 1290 4627 maguum
1332 4558 1482 4611 illum
1510 4557 1686 4611 virum
1728 4557 2059 4611 inclamabat

495 4651 688 4707 dicens
717 4669 728 4704 :
764 4649 1006 4720 Repente
1042 4659 1216 4704 morte
1244 4659 1534 4719 correptus
1561 4649 1648 4703 hic
1679 4650 1846 4704 miser
1875 4649 2057 4703 nudus

487 4741 655 4813 jacet,
705 4741 865 4812 eique
899 4741 1051 4796 deest
1082 4752 1378 4810 apparatus
1428 4741 1492 4794 ad
1541 4742 1901 4810 sepulturam.
1944 4740 2056 4794 Ro-

490 4833 654 4904 gabat
691 4833 860 4902 igitur
908 4847 1163 4902 magnum
1214 4832 1380 4885 istum
1414 4833 1614 4895 virum,
1651 4847 1719 4886 ne
1762 4831 2059 4901 negligeret

489 4928 545 4981 in
575 4927 809 4997 eojusta
848 4933 1215 4986 mortuorum,
1249 4925 1342 4978 sed
1389 4924 1642 4979 misertus
1673 4924 1860 4994 aliquo
1896 4925 2056 4978 modo

487 5019 846 5089 paupertatis,
887 5019 1154 5088 praeberet
1197 5033 1264 5072 ex
1318 5017 1385 5071 iis
1435 5020 1600 5072 rebus
1637 5033 1758 5088 qua:
1793 5027 2052 5088 suppete-

451 5119 628 5176 jrent,
679 5124 788 5178 quo
833 5119 1108 5164 extremus
1157 5114 1385 5162 ornatus
1443 5108 1657 5177 corpori
1715 5107 2047 5177 injiceretur.

450 5189 453 5192 ’
489 5202 581 5256 llle
610 5201 829 5271 quidem
875 5201 990 5257 haec
1031 5209 1084 5256 et
1130 5201 1259 5254 talia
1292 5201 1482 5255 dicens
1533 5201 1916 5270 supplicabat;
1963 5200 2051 5255 hic

489 5307 614 5346 vero
666 5293 802 5346 nihil
851 5299 1145 5347 cunctatus
1187 5308 1352 5362 super
1391 5293 1664 5360 jaceutem
1721 5293 1923 5360 injecta
1971 5293 2054 5346 di-

489 5384 688 5454 ploide,
739 5398 845 5454 qua
904 5384 1278 5438 circumdatus
1325 5393 1461 5449 erat,
1510 5385 1612 5438 iter
1672 5399 1828 5438 suum
1890 5400 2054 5454 porro

458 5486 460 5499 ί
491 5476 939 5545 prosequebatur.
981 5475 1088 5532 Sed
1122 5485 1474 5545 posteaquam
1508 5476 1755 5544 digresso
1790 5476 1906 5540 illo,
1952 5477 2055 5532 soli

469 5574 641 5621 erant
673 5583 702 5621 a
752 5569 953 5639 quibus
988 5570 1060 5622 ita
1099 5568 1322 5623 delusus
1363 5575 1500 5633 erat,
1548 5575 1753 5621 mutata
1797 5569 1850 5622 in
1883 5568 2052 5623 risum

493 5663 743 5716 simulata
794 5662 1180 5717 lamentatione
1229 5662 1492 5731 impostor
1541 5659 1630 5714 ille
1672 5659 1944 5729 jacentem
1993 5670 2052 5715 ut

2161 3283 2403 3354 ρηκότων
2418 3284 2482 3354 τῇ
2511 3283 2792 3354 συμμαχίᾳ
2807 3282 2900 3336 τοῦ
2924 3283 3080 3350 ἁγίου
3105 3281 3241 3336 [Ινεὺ
3251 3300 3434 3352 ματος,
3459 3283 3560 3335 οὑκ
3577 3284 3732 3336 ἀκαι-

2164 3391 2252 3444 ρον
2298 3375 2363 3428 ἂν
2402 3373 2510 3445 εἴη,
2541 3375 2632 3427 καὶ
2665 3374 2726 3427 τὸ
2750 3375 2847 3445 τῆς
2889 3374 3009 3427 ὁδοῦ
3043 3375 3317 3446 πάρεργον
3344 3375 3729 3445 διηγήσασθαι,

2160 3466 2235 3529 ὡς
2281 3466 2346 3520 ἂν
2395 3466 2482 3520 διὰ
2527 3467 2740 3520 πάντων
2779 3469 2812 3536 ἡ
2860 3467 3218 3538 συμπαροῦσα
3250 3466 3325 3537 τῷ
3372 3469 3531 3540 ἀνδρὶ
3577 3471 3733 3539 χάρις

2160 3557 2522 3612 ἐπεδείκνυτο.
2569 3558 2786 3629 Ἐπειδὴ
2837 3559 2946 3628 γὰρ
2999 3557 3169 3611 ἅπασι
3211 3558 3478 3629 πρόδηλον
3516 3555 3612 3629 ἦν,
3654 3561 3729 3611 ὅτι

2159 3647 2315 3702 τοῦτο
2339 3649 2444 3720 πρὸ
2465 3651 2680 3703 πάντων
2701 3650 2776 3721 τῷ
2797 3650 2949 3719 ἀνδρὶ
2973 3648 3300 3702 ἐσπούδαστο
3321 3651 3380 3702 τὸ
3397 3651 3578 3703 πάντα
3601 3653 3733 3721 7.96;

2158 3740 2392 3812 τὴντῶν
2439 3742 2706 3812 δεομένων
2758 3742 3107 3813 παραμυθίαν
3155 3742 3404 3812 βλέπεινο
3440 3744 3550 3796 εἴτε
3601 3747 3729 3814 πρὸς

2159 3835 2347 3905 κέρδος
2369 3835 2600 3907 ὁρῶντες
2632 3836 2697 3887 ἐκ
2720 3833 2829 3887 τῶν
2863 3835 3127 3906 Ἐϐραίων
3157 3835 3248 3889 δύο
3277 3836 3437 3901 τινὲς,
3470 3838 3582 3890 εἴτε
3617 3839 3730 3888 τινα

2163 3925 2348 3996 μῶμον
2369 3924 2510 3979 κατά
2523 3925 2617 3978 τοῦ
2641 3927 2830 3998 ἀνδρὸς
2856 3927 3210 3991 ἐπινοοῦντες,
3236 3927 3312 3990 ὡς
3335 3927 3575 3989 εὐκόλως
3602 3930 3732 3997 πρὶς

2159 4017 2219 4069 τὸ
2247 4017 2615 4080 ἐξαπατᾶσθαι
2642 4018 3004 4088 διακειμένου,
3030 4018 3548 4089 παραφυλάσσουσιν
3570 4019 3730 4071 αὑτοῦ

2157 4107 2256 4178 τὴν
2288 4107 2563 4161 ἐπάνοδον.
2601 4109 2711 4162 Καὶ
2743 4109 2947 4162 τούτων
2977 4113 3004 4163 6
3037 4111 3154 4180 μὲν,
3183 4111 3433 4164 τεθνάναι
3462 4108 3646 4175 δόξας,
3681 4114 3731 4163 ἐν

2158 4197 2334 4264 ὑπτίῳ
2367 4196 2660 4267 τεταμένος
2688 4197 2765 4268 τῷ
2812 4201 3070 4270 σχήματι,
3102 4201 3241 4253 κατά
3267 4199 3328 4252 τὸ
3375 4199 3612 4267 πλάγιον
3638 4202 3732 4266 τῆς

2157 4285 2430 4359 λεωφόρου
2474 4289 2792 4360 προέκειτο·
2832 4291 2860 4341 ό
2894 4289 2950 4342 δὲ
2980 4290 3165 4361 ἕτερος
3211 4289 3537 4343 ὲπικωκὺων
3576 4291 3733 4361 δῆθεν

2158 4379 2235 4449 τῷ
2266 4379 2502 4450 κειμένῳ
2525 4380 2621 4444 τάς
2651 4381 2759 4434 τῶν
2787 4381 3125 4451 θρηνούντων
3159 4381 3342 4450 φωνὰς
3375 4382 3731 4453 ὑπεκρίνατο,

2160 4468 2253 4520 καὶ
2298 4469 2558 4540 παριόντα
2607 4471 2696 4522 τὸν
2732 4471 2904 4542 μέγαν
2951 4472 3230 4535 ἐπεϐοᾶτο,
3275 4473 3469 4541 λέγων.
3520 4474 3736 4544 ἀθρόως

2093 4539 2135 4594 D
2163 4561 2486 4631 συσχεθέντα
2525 4562 2737 4634 θανάτῳ
2765 4564 2854 4617 τὸν
2885 4564 3116 4618 δείλαιον
3144 4565 3348 4625 τοῦτον,
3387 4566 3597 4636 γυμνόν
3625 4571 3736 4618 κεί-

2157 4650 2279 4704 σθαι
2312 4652 2404 4703 καὶ
2459 4653 2597 4723 πρὸς
2639 4655 2816 4726 ταφὴν
2859 4657 3258 4726 ἀπαράσκευον.
3307 4656 3510 4710 Ἐδεῖτο
3552 4659 3735 4726 τοίνυν

2153 4743 2248 4795 τοῦ
2280 4745 2512 4813 μεγάλου
2549 4747 2622 4816 μὴ
2653 4747 2910 4818 περιιδεῖν
2942 4749 3028 4799 ἐπ’
3052 4748 3196 4819 αὑτῷ
3227 4749 3325 4819 τὴν
3350 4748 3504 4802 ὁσίαν
3531 4749 3734 4821 ψυχὴν,

2154 4835 2268 4889 ἀλλ’
2297 4833 2473 4889 οἶκτόν
2511 4854 2632 4890 τινα
2677 4839 2776 4908 τῆς
2822 4839 3012 4901 πενίας
3054 4839 3284 4892 λαϐόντα
3329 4846 3640 4912 παρασχεῖν
3676 4846 3735 4894 ἐκ

2153 4926 2261 4979 τῶν
2290 4927 2514 4980 ἐνόντων
2542 4928 2633 4981 τὸν
2662 4928 2888 5000 ἔσχατον
2913 4931 3118 5001 κόσμον
3143 4930 3502 5002 ἐπιϐληθῆναι
3528 4934 3612 5003 τῷ
3636 4934 3737 4986 co)-

2165 5015 2388 5086 ματι.⁹0
2414 5016 2511 5088 μὲν
2548 5017 2719 5071 ταῦτα
2750 5020 2844 5073 καὶ
2874 5020 2943 5074 τά
2972 5020 3193 5073 τοιαῦτα
3217 5021 3408 5089 λέγων,
3446 5022 3695 5076 ἱκέτευεν
3722 5040 3736 5053 ·

2161 5112 2188 5162 6
2213 5110 2268 5163 δὲ
2302 5110 2570 5181 μελλήσας
2592 5111 2763 5174 οὐδὲν,
2787 5112 2885 5181 τὴν
2909 5113 3295 5184 περικειμένην
3318 5113 3464 5182 αὑτῷ
3491 5114 3738 5168 διπλοΐδα

2161 5201 2433 5254 ἐπιϐαλὼν
2476 5201 2554 5273 τῷ
2601 5203 2858 5274 κειμένῳ,
2894 5203 2984 5257 τοῦ
3043 5205 3231 5275 πρόσω
3279 5208 3379 5275 τῆς
3426 5205 3737 5276 ὁδοιπορίας

2161 5295 2352 5365 είχετο.
2394 5297 2545 5349 Ἐπεὶ
2569 5296 2624 5349 δέ
2658 5296 2940 5360 διαϐάντος
2968 5297 3194 5362 ἐκείνου,
3229 5289 3314 5366 ἐςρ’
3347 5298 3560 5351 έαυτῶν
3597 5296 3736 5368 ἦσαν

2159 5390 2206 5438 οἰ
2246 5387 2418 5439 ταῦτα
2471 5388 2588 5440 κατ’
2622 5388 2786 5441 αὑτοῦ
2826 5388 3135 5453 παίξαντες,
3173 5389 3493 5459 μεταϐαλὼν
3525 5392 3554 5442 6
3596 5391 3737 5443 ἀπα-

2155 5477 2291 5530 τεὼν
2314 5480 2518 5542 ἐκεῖνος
2545 5479 2637 5532 τὸν
2667 5481 3134 5551 ἐσχηματισμένον
3164 5481 3357 5551 θρῆνον
3389 5483 3472 5545 εἰς
3499 5483 3728 5551 γέλωτα,

2154 5570 2523 5624 διανίστασθαι
2557 5571 2634 5641 τῷ
2677 5572 2913 5643 κειμένῳ
2956 5573 3373 5644 παρεκελεύετο,
3418 5575 3512 5644 ὑφ’
3545 5577 3728 5647 ἡδονῆς

2151 5662 2230 5733 τῷ
2253 5664 2316 5716 ἐκ
2344 5661 2442 5732 τῆς
2474 5663 2687 5734 ἀπάτης
2727 5665 2908 5730 αὑτοῖς
2947 5667 3365 5738 προσγενομένῳ
3403 5667 3583 5742 κέρδει
3616 5671 3723 5722 Em-
