3834 6406
421 306 528 365 94⁵
1633 285 1689 338 s.
1732 280 2015 338 enecuit

2152 279 2388 334 YSSENI
3578 277 3682 332 9η

425 430 619 487 let-tur,
660 421 805 492 quod
838 418 1043 471 videret
1091 418 1284 467 sancto
1330 409 1682 463 assistentem
1727 405 1821 473 qui
1884 415 1993 456 una

2150 400 2350 470 ἱμενον.
2380 399 2492 453 Καὶ
2515 397 2622 470 γὰρ
2647 398 2712 469 δὴ
2742 399 2837 450 καὶ
2863 396 3024 452 τοῦτο
3052 397 3162 451 τῶν
3195 395 3448 467 μεγάλων
3467 397 3680 450 ἐκείνου

426 464 619 487 mu“,
660 464 805 492 ηυγ..
1092 464 1114 467 _
1747 464 1759 473 _

424 521 760 589 loqueretur.
807 509 1024 563 Etenim
1057 506 1222 558 etiam
1253 503 1356 556 hoe
1399 499 1656 552 nimirum
1691 495 1760 547 ad
1800 508 1996 562 magna

2150 464 2397 562 ιύμάτων
2423 464 2562 554 ἐστί,
2593 464 2666 542 ’τὸ
2700 464 2942 561 μηδεμιᾷ
2981 507 3090 543 τινι
3113 464 3404 560 περιεργίᾳ.
3439 489 3512 540 τὰ
3539 491 3682 542 κατὰ

426 581 662 679 pel-tinet
703 605 825 673 ejus
868 598 1156 658 miracula,
1191 595 1336 664 quod
1386 593 1538 646 nulla
1582 587 1900 644 curiositate
1943 595 1998 638 et

2150 583 2200 646 lc;
2235 585 2406 646 ίάσεις
2450 581 2718 635 ἐπιτελεῖν
2743 581 3028 652 θαύματα·
3070 581 3184 634 ἀλλ’
3211 582 3408 651 ἀρκεῖν
3444 586 3588 653 πρός
3622 600 3681 634 τε

423 673 697 770 exquisita
752 696 985 766 quadam
1055 693 1266 744 ratione
1327 683 1591 740 miracula
1649 679 1995 736 sanationunt

2150 678 2200 745 ην
2240 674 2348 728 τῶν
2378 673 3021 744 δαιμόνωντὰπαλλαγὴν,
3067 673 3162 728 καὶ
3206 675 3344 742 πρὸς
3387 674 3492 746 τὴν
3537 673 3680 727 iactv

423 765 680 852 ediceret,
715 765 816 842 sed
855 793 911 841 et
950 783 1018 837 ad
1046 782 1325 836 «immunes
1361 774 1633 844 fugandos
1666 781 1722 826 et
1767 769 1834 824 ad
1868 783 1996 822 cor-

2150 767 2213 819 Iw
2243 766 2696 838 ἀρρωστημάτων
2724 766 2820 821 τοῦ
2852 765 3104 836 σώματος
3149 767 3212 820 τὸ
3241 770 3304 820 ἐκ
3343 767 3437 820 τοῦ
3477 767 3683 836 στόμα-

425 885 575 956 poris
635 881 856 936 morbos
928 873 1296 948 prodigendos
1369 870 1644 926 sulliceret
1703 865 1820 920 oris
1876 863 1998 932 ejus

2150 878 2193 924 ›ς
2224 859 2388 913 αὑτοῦ
2429 855 2614 930 ἆσθμα
2636 858 2724 912 διὰ
2754 859 2854 928 τῆς
2883 857 3074 928 ὀθόνης
3099 858 3178 929 τῷ
3215 859 3478 928 κάμνοντι
3511 875 3680 929 προσο

422 950 721 1038 anhelitus,
771 971 864 1040 qui
900 984 1000 1039 per
1051 968 1279 1020 linteum
1341 961 1611 1016 laboranti
1660 957 1860 1026 cuique
1907 955 2000 1011 ad.

2150 952 2390 1022 γόμενον.
2452 950 2613 1004 Ἀλλὰ
2661 950 2723 1004 τὸ
2770 951 2867 1022 μὲν
2918 952 3084 1006 πᾶσιν
3135 951 3336 1020 ἑφεξῆς
3377 953 3495 1014 τοῖς
3548 953 3676 1021 παρ’

424 1059 770 1115 movebatur.
815 1057 1089 1111 Caeterum
1135 1050 1322 1106 omnia
1349 1048 1570 1118 quidem
1626 1045 1772 1101 edita
1827 1044 1896 1098 ab
1932 1059 1998 1098 eo

2150 1044 2317 1110 ιείνου
2342 1043 2614 1114 θαύμασιν
2639 1041 2935 1109 ἐπεξιέναι,
2967 1045 3187 1115 μακρᾶς
3217 1042 3304 1112 εῐη
3331 1043 3678 1112 συγγραφῆς,

426 1148 687 1202 miracula
730 1145 992 1213 deinceps
1033 1139 1226 1194 ordine
1257 1136 1532 1208 persequi,
1569 1134 1798 1204 prolixa:
1852 1132 1999 1186 scri-

2150 1137 2202 1189 z‘t
2251 1135 2411 1204 λόγου
2466 1135 2564 1206 τὴν
2641 1134 2918 1207 παροῦσαν
2970 1135 3165 1206 σχολὴν
3220 1134 3642 1205 ὑπερϐαίνοντος
3661 1152 3676 1165 ·

429 1250 602 1310 plura:
650 1253 736 1293 res
779 1237 947 1290 fuerit
1007 1242 1061 1287 et
1104 1231 1378 1287 sermonis
1419 1228 1514 1297 qui
1555 1241 1794 1295 praesens
1823 1223 1998 1277 otium

2150 1229 2224 1292 νὸς
2251 1229 2308 1282 δὲ
2337 1229 2370 1299 ἢ
2402 1228 2546 1281 δυοῖν
2581 1229 2662 1281 ἔτι
2707 1228 2818 1280 τῶν
2851 1227 2978 1298 περὶ
3011 1227 3175 1281 αὑτοῦ
3207 1227 3518 1296 λεγομένων
3561 1228 3675 1280 Eme

427 1337 714 1398 superaret
741 1345 753 1378 :
787 1325 954 1379 unius
984 1331 1161 1376 autem
1189 1328 1449 1389 prmterea
1478 1316 1774 1370 alteriusve
1806 1325 1995 1366 eorum

2151 1318 2388 1389 νησοεὶς,
2431 1319 2490 1372 ἐν
2528 1317 2741 1383 τούτοις
2769 1317 3093 1389 περιγράψω
3119 1317 3211 1370 τὸν
3248 1317 3426 1385 λόγον.
3475 1318 3682 1369 Παντα-

427 1435 550 1490 qme
587 1419 656 1472 de
694 1432 759 1471 eo
792 1415 1044 1470 feruntur
1091 1408 1480 1464 miraculorum
1516 1405 1791 1460 mentione
1833 1410 1998 1470 atque

2150 1410 2204 1464 οὗ
2223 1409 2333 1482 γὰρ
2365 1411 2468 1482 ήδη
2497 1411 2976 1479 διαπεφοιτηκότος
3003 1409 3097 1463 τοῦ
3131 1409 3272 1462 Θείου
3305 1409 3678 1480 κηρύγματος,

428 1504 950 1561 commemoratione
983 1499 1148 1559 facta,
1196 1497 1282 1550 bis
1311 1509 1618 1549 sermonem
1655 1490 2000 1546 circumscrio

2150 1503 2202 1556 αὶ
2229 1503 2446 1556 πάντων
2473 1503 2617 1556 κατά
2659 1519 2718 1555 τε
2755 1501 2856 1573 τὴν
2901 1501 3078 1564 πόλιν,
3112 1501 3206 1554 καὶ
3235 1501 3334 1570 τὴν
3379 1501 3680 1570 περίοικον.

429 1601 574 1653 bant.
613 1596 745 1649 Nam
786 1593 1048 1660 cumjam
1094 1591 1148 1644 in
1193 1602 1382 1642 omnes
1409 1595 1590 1655 partes
1635 1583 1803 1638 divini
1848 1581 1997 1634 verbi

2154 1591 2244 1663 ρὸς
2268 1593 2366 1662 τὴν
2395 1592 2594 1663 εὐσεϐῆ
2630 1592 2723 1645 τοῦ
2752 1593 3018 1664 δόγματος
3044 1592 3225 1645 πίστιν
3258 1592 3682 1663 μετατεθέντων,

429 1687 748 1759 przedieatio
789 1684 1070 1753 divulgata
1113 1687 1284 1737 esset.
1314 1685 1368 1731 et
1411 1690 1601 1728 omnes
1639 1682 1748 1726 tam
1779 1672 1870 1741 qui
1909 1687 2000 1724 ur-

2150 1685 2310 1756 ωμῶν
2351 1702 2411 1738 τε
2439 1685 2534 1738 καὶ
2577 1685 2740 1757 ἱερῶν
2776 1687 2869 1738 καὶ
2915 1684 3147 1738 εἰδώλων
3189 1688 3246 1737 ὲν
3279 1685 3463 1748 αὐτοῖς
3495 1687 3680 1739 ἀνατε-

429 1783 552 1834 liem
591 1779 927 1838 habitarent,
960 1788 1122 1843 quant
1155 1771 1246 1841 qui
1287 1784 1477 1838 agrum
1512 1768 1749 1822 vicinum
1789 1765 1996 1818 incole-

2150 1777 2455 1848 ραμμένων,
2511 1776 2884 1848 καθαρθείσης
2925 1776 2983 1828 δὲ
3029 1776 3127 1847 ἤδη
3174 1776 3276 1846 τῆς
3332 1777 3684 1848 ἀνθρωπίνης

433 1882 574 1934 rent,
626 1871 693 1924 ad
754 1870 898 1940 piam
959 1865 1223 1920 doctrina:
1279 1859 1438 1915 [idem
1496 1857 1736 1912 traducti
1793 1862 2002 1917 essent,

2150 1870 2250 1938 ωῆς
2274 1868 2382 1921 τῶν
2426 1868 2554 1939 περὶ
2584 1867 2651 1920 τὰ
2687 1866 2882 1920 εἴδωλα
2919 1866 3262 1937 μιασμάτων,
3296 1866 3392 1920 καὶ
3419 1866 3521 1936 τῆς
3555 1884 3682 1935 μιαι

432 1967 696 2020 altaribus
757 1971 924 2032 atque
969 1959 1252 2018 delubris,
1303 1969 1531 2024 quisque
1589 1951 1723 2004 lllllll
1790 1950 2006 2003 inerant

2150 1964 2210 2023 Ξς
2241 1959 2350 2012 τῶν
2377 1959 2578 2012 Θυσιῶν
2605 1958 2834 2027 κνίσσης
2851 1958 3302 2028 ἀποσϐεσθείσης,
3327 1959 3422 2012 καὶ
3448 1956 3543 2011 τοῦ
3565 1959 3686 2010 ἐπι-

431 2057 744 2115 simulacris
773 2053 1003 2115 eversis,
1052 2059 1216 2118 atque
1257 2049 1493 2102 humana
1530 2044 1640 2097 vita
1667 2042 1781 2111 jam
1826 2040 1893 2094 ab
1930 2041 2008 2094 in-

2150 2051 2317 2120 ωμίου
2347 2051 2543 2121 λύθρου
2575 2051 2671 2104 καὶ
2707 2049 2812 2103 τῶν
2845 2051 2910 2102 ὲκ
2934 2049 3035 2119 τῆς
3072 2049 3375 2114 ζωοθυσίας
3408 2051 3688 2120 μολυσμὰ-

431 2147 804 2223 quinamentis
834 2144 1262 2223 simulacrorum
1302 2145 1622 2207 expurgatu,
1656 2135 1869 2202 impuro
1904 2133 2005 2187 lio-

2150 2158 2214 2192 υν
2262 2139 2742 2194 ἀποκλυσθέντωνο
2769 2141 2985 2194 πάντων
3021 2141 3080 2193 δὲ
3126 2141 3269 2195 κατὰ
3306 2142 3474 2195 τόπον
3509 2143 3684 2196 πάντα

435 2219 666 2298 stiaruut
714 2237 910 2293 nidore
951 2234 1224 2288 exstincto
1251 2219 1272 2284 ἐ
1302 2228 1560 2282 altarium
1608 2225 1874 2296 spurcitia
1925 2230 2009 2276 at-

2150 2233 2429 2305 )κτηρίους
2459 2233 2553 2286 ἐπὶ
2579 2234 2660 2305 τῷ
2696 2234 2920 2304 ὀνόματι
2941 2233 3034 2288 τοῦ
3070 2234 3308 2304 Χριστοῦ
3339 2235 3488 2289 κατὰ
3516 2253 3684 2288 σπου-

435 2349 543 2403 que
571 2347 634 2386 ex
668 2326 996 2382 mactatione
1025 2333 1080 2378 et
1118 2320 1489 2376 immolatione
1520 2317 1835 2372 animalium
1875 2329 2007 2368 con-

2150 2326 2203 2398 ὴν
2230 2329 2394 2390 ναοὺς
2430 2328 2841 2398 ἀνεγειρόντων,
2878 2326 3048 2396 θυμὸς
3091 2328 3186 2381 καὶ
3217 2327 3409 2396 φθόνος
3447 2326 3686 2397 είσέρχε-

437 2423 626 2478 tractis
675 2415 1108 2488 inquinamentis
1161 2410 1450 2475 abstersis,
1487 2408 1742 2462 omnibus
1778 2408 1905 2462 item
1952 2405 2006 2459 in

2150 2436 2198 2472 τι
2219 2417 2297 2489 τῷ
2326 2418 2628 2489 τηνικαῦτα
2656 2419 2758 2488 τῆς
2794 2419 2968 2490 ἀρχῆς
2997 2419 3104 2472 τῶν
3149 2418 3434 2488 Ῥωμαίων
3459 2419 3688 2472 ἐπιστα-

437 2516 584 2568 omni
625 2513 745 2566 loco
774 2507 972 2578 templa
1011 2505 1075 2558 ad
1104 2501 1374 2559 orandum
1409 2503 1512 2555 sub
1551 2500 1772 2554 nomine
1801 2497 2005 2553 Clll‘lSll

2150 2507 2308 2571 aﬁvu,
2357 2511 2440 2576 ἐφ’
2470 2503 2560 2573 οἷς.
2596 2509 2851 2580 ἠμελεῖτο
2901 2509 2999 2580 μὲν
3032 2509 3196 2562 αὐτοῦ
3237 2509 3308 2563 τὰ
3343 2512 3550 2580 πάτρια
3590 2510 3696 2580 τῆς

438 2606 682 2662 studiose
733 2597 1145 2657 exstruentibus
1176 2614 1190 2649 :
1229 2595 1382 2648 furor
1414 2593 1632 2662 quidam
1674 2600 1838 2660 atque
1875 2590 2010 2644 invi-

2150 2601 2325 2672 πάτης
2372 2600 2712 2671 σεΰάσματα,
2742 2601 2956 2672 ηὐξεῖτο
3007 2603 3063 2655 δὲ
3093 2604 3208 2656 τῶν
3244 2603 3591 2673 Χριστιανῶν
3629 2603 3697 2656 ab

438 2699 526 2752 dia
563 2695 766 2752 invasit.
795 2707 945 2754 eum,
972 2689 1067 2762 qui
1104 2698 1237 2743 tunc
1271 2697 1504 2757 praeerat
1551 2683 1783 2751 imperio
1809 2680 2008 2734 Roma-

2150 2696 2432 2763 υστήριον,
2485 2693 2577 2746 καὶ
2629 2695 2709 2757 εἰς
2750 2693 2955 2764 πλῆθος
2990 2695 3238 2748 ἐπεδίδου
3287 2694 3568 2765 πανταχοῦ
3593 2696 3696 2765 τῆς.

437 2805 659 2848 norum,
705 2802 772 2842 eo
802 2785 947 2857 quod
974 2782 1134 2854 patrii
1169 2780 1388 2852 quidem
1424 2777 1550 2832 falsi
1580 2777 1759 2830 cultus
1793 2782 1847 2828 et
1881 2773 2008 2827 reli-

2150 2784 2434 2855 Ξκουμὲνης
2459 2787 2500 2855 ἡ
2527 2783 2842 2855 Ἐκκλησία,
2866 2784 2955 2838 διὰ
2979 2785 3087 2838 τῶν
3121 2786 3208 2840 ἀεὶ
3247 2786 3690 2858 προστιθεμένων

439 2883 628 2954 giones
672 2878 1101 2950 negligerentur,
1137 2877 1411 2928 cresceret
1459 2879 1640 2923 autem
1687 2867 2008 2938 mysterium

2150 2880 2198 2950 ᾧ.
2218 2879 2380 2949 λόγῳ,
2413 2879 2550 2951 πρὸς
2579 2879 2808 2949 μέγεθος
2848 2877 3118 2943 αὔξουσα·
3156 2879 3251 2932 καὶ
3274 2879 3506 2950 νομίσας
3530 2879 3692 2933 δυνω

439 2971 900 3032 Christianorum,
932 2976 985 3021 et
1025 2967 1081 3020 in
1121 2961 1472 3018 multitudine
1511 2960 1712 3030 ubique
1739 2969 2011 3011 terrarum

2150 2973 2202 3027 δν
2244 2969 2386 3027 εἶναι
2412 2975 2478 3043 τῇ
2511 2972 2630 3042 θείᾳ
2671 2971 2896 3042 δυνάμει
2937 2972 3036 3043 τὴν
3067 2970 3201 3024 ἰδίαν
3227 2972 3552 3042 ἀντιστῆσαι
3597 2990 3690 3025 πι-

441 3071 842 3135 propagaretur
871 3058 1119 3114 Ecclesia
1150 3071 1244 3127 per
1267 3070 1382 3117 eos,
1411 3053 1505 3124 qui
1536 3067 1748 3121 semper
1769 3049 2008 3106 sermoni

497 3155 528 3168 nn
785 3161 796 3168 .
953 3151 999 3168 9,,
1068 3145 1490 3168 ,_--___.!.___I!--..--.
1554 3158 1872 3168 Α-.,....-.ηηΑ-ιι-
1909 3160 1920 3168 .
1957 3150 2004 3168 nl

2154 3064 2296 3135 ρίαν,
2325 3065 2420 3116 καὶ
2451 3064 2697 3134 ἐπισχεῖν
2725 3063 2823 3133 μὲν
2856 3062 2950 3116 τοῦ
2984 3063 3283 3135 μυστηρίου
3315 3063 3378 3116 τὸ
3402 3066 3688 3136 κήρυγμα,

443 3155 896 3225 adjungerentur,
952 3151 1008 3204 in
1062 3145 1494 3218 magnitudinem
1550 3158 1875 3199 excrescens
1909 3160 1920 3192 :
1956 3150 2011 3194 et

2150 3155 2416 3210 ,αταλῦσαι
2448 3155 2506 3208 δὲ
2534 3155 2642 3208 τῶν
2685 3153 3024 3225 Ἐκκλησιῶν
3048 3155 3116 3209 τὰ
3157 3156 3500 3226 συστήματα,
3527 3175 3696 3228 μετα-

443 3247 750 3301 arbitratus
787 3243 904 3299 ﬁeri
954 3256 1140 3313 posse,
1191 3247 1252 3294 ut
1292 3253 1391 3294 sua
1424 3236 1646 3292 sarritia.
1673 3231 1873 3288 divinae
1915 3247 2012 3302 po-

2150 3248 2313 3318 τῆσαι
2331 3248 2388 3300 δὲ
2414 3247 2574 3300 πάλιν
2602 3248 2694 3300 ἐπὶ
2717 3246 2786 3300 τὰ
2825 3246 3016 3301 εἴδωλα
3043 3249 3168 3312 τοὺς
3194 3250 3692 3321 προκεχωρηκότας

448 3341 630 3394 tentia:
684 3337 992 3398 resisteret,
1033 3342 1087 3389 et
1135 3331 1381 3402 mysterii
1405 3328 1625 3400 quidem
1673 3325 2012 3397 praedicatio-

2150 3338 2191 3408 ᾦ
2219 3338 2392 3408 λόγῳ·
2421 3339 2627 3407 πέμπει
2651 3337 2826 3392 τοίνυν
2853 3339 2988 3410 πρὸς
3027 3339 3288 3404 τοὺςτῶν
3315 3340 3486 3394 ἐθνῶν
3515 3341 3690 3411 καθη-

446 3445 571 3484 nem
604 3427 898 3489 inhiberet,
945 3433 999 3480 et
1043 3424 1372 3478 constitutas
1408 3419 1681 3475 Eeulesias
1723 3425 2015 3480 everteret,

2150 3429 2414 3500 ουμένους
2465 3430 2817 3501 πρόσταγμα,
2879 3430 3115 3501 φοὸερὰν
3173 3432 3293 3485 κατ’
3347 3433 3530 3486 αὐτῶν
3593 3434 3694 3504 τὴν

446 3520 762 3573 traduceret
788 3525 968 3574 autem
1005 3530 1202 3570 rursus
1229 3528 1346 3577 eos,
1378 3513 1472 3582 qui
1503 3510 1741 3567 sermoni
1771 3509 2013 3578 adiuncti

2150 3519 2346 3590 natqu
2379 3521 2478 3590 τῆς
2527 3522 2798 3592 τιμωρίας
2830 3522 3050 3594 ὁρίζων,
3084 3524 3134 3576 εί
3187 3524 3262 3594 μὴ
3291 3524 3568 3588 παντοίοις
3611 3527 3694 3577 αἱ-

449 3619 657 3674 essent,
691 3609 756 3663 ad
783 3608 1077 3666 simulacra
1114 3625 1128 3661 :
1162 3607 1249 3660 his
1280 3604 1348 3660 de
1384 3603 1569 3658 causis
1616 3603 1780 3657 mittit
1826 3601 1892 3655 ad
1927 3615 2014 3654 re-

2150 3613 2335 3681 ,ισμοῖς
2367 3610 2426 3664 τὸ
2452 3611 2622 3681 ὄνομα
2653 3610 2744 3664 τοῦ
2771 3613 3009 3684 Χριστοῦ
3042 3613 3482 3685 προσκυνοῦντας
3504 3614 3697 3668 διαλω-

448 3707 631 3755 ctores
674 3697 920 3767 gentium
957 3695 1156 3762 edicta,
1180 3709 1304 3763 quae
1348 3693 1682 3748 terribilium
1731 3704 2014 3762 ptenarum

2153 3703 2386 3775 ήσοιντο,
2423 3703 2516 3758 καὶ
2550 3703 2963 3773 προσαγάγοιεν·
2994 3703 3154 3758 πάλιν
3207 3704 3407 3768 αὐτοὺς
3445 3705 3602 3775 φόὸῳ
3633 3721 3692 3757 τε

451 3791 506 3844 in
537 3804 631 3844 eos
660 3787 1078 3843 statuendarum
1111 3786 1290 3842 minas
1323 3785 1696 3850 continebant,
1729 3782 1836 3838 nisi
1865 3781 2015 3837 omni

2150 3796 2212 3850 ut
2249 3799 2318 3868 τῇ
2355 3795 2465 3850 τῶν
2497 3795 2772 3867 αἰκισμῶν
2810 3797 3023 3869 ἀνάγκῃ
3064 3799 3131 3866 τῇ
3167 3796 3398 3868 πατρῴα
3425 3797 3535 3850 τῶν
3583 3797 3700 3850 διι-

451 3897 647 3956 genere
689 3890 1089 3937 tormentorum
1142 3886 1305 3950 atque
1331 3876 1722 3947 suppliciorum
1754 3874 2016 3930 mulctas-

2150 3891 2297 3944 ιόνων
2333 3873 2580 3960 λατρεία.
2633 3890 2718 3951 Ὧς
2745 3889 2800 3942 δὲ
2830 3887 3201 3960 περιηγγέλθη
3228 3892 3341 3952 τοῖς
3381 3889 3613 3959 ἄρχουσι
3637 3889 3700 3941 τὸ

453 3981 574 4030 sent
617 3988 736 4036 eos,
769 3973 860 4042 qui
894 3969 1099 4026 Christi
1129 3983 1328 4024 nomen
1370 3967 1691 4021 invocarent
1721 3975 1776 4020 et
1817 3966 2015 4020 adora-

2150 3981 2348 4051 ιοϐερὸν
2385 3979 2544 4034 τοῦτο
2589 3981 2680 4034 καὶ
2731 3979 2895 4034 ἄθεον.
2937 3982 3218 4051 κήρυγμα,
3268 3979 3546 4052 πανταχοῦ
3597 3981 3698 4050 τῆς

453 4071 599 4129 rent,
648 4071 906 4131 metuque
954 4075 1020 4116 ac
1056 4067 1455 4115 tormentorum
1487 4058 1539 4111 vi
1584 4073 1778 4114 rursus
1824 4071 1920 4112 eos
1949 4057 2017 4112 ad

2150 4073 2295 4145 ιρχῆς
2331 4073 2826 4144 διαπεφοιτηκότων
2843 4071 2953 4127 τῶν
2975 4073 3056 4136 είς
3082 4073 3214 4126 αὐτὸ
3235 4071 3390 4126 τοῦτο
3421 4073 3574 4144 παρὰ
3599 4074 3700 4142 τῆς

452 4156 689 4225 patrium
718 4153 1026 4208 dazmonum
1056 4152 1263 4206 cultum
1300 4149 1679 4205 adduxissent.
1731 4147 1800 4203 Ut
1836 4157 2015 4203 autem

2150 4163 2447 4236 ηυραννικῆς
2477 4163 2826 4234 τεταγμένων
2867 4164 3176 4235 ὠμότητος·
3212 4164 3305 4216 καί
3341 4181 3424 4226 τις
3456 4163 3698 4235 ἐπεκρά-

455 4245 559 4300 ltoc
599 4245 840 4300 terribile
861 4251 1026 4315 atque
1058 4243 1283 4313 impium
1317 4241 1560 4298 edictum
1607 4241 2019 4313 magistratibus

2154 4273 2201 4308 ει
2238 4254 2332 4310 τοῦ
2377 4254 2518 4309 κατὰ
2551 4255 2640 4308 τὸν
2671 4255 2834 4308 τόπον
2884 4256 3079 4319 ἔθνους.
3099 4255 3364 4321 τοιοῦτος,
3411 4255 3502 4319 ὡς-
3529 4257 3714 4327 μηδὲν

453 4337 760 4391 exliibitum
795 4347 927 4392 est;
976 4335 1180 4405 quippe
1228 4335 1282 4388 in
1335 4349 1526 4389 omnes
1566 4333 1781 4404 imperii
1833 4342 2020 4404 partes

2150 4345 2221 4414 ἧς
2249 4344 2651 4416 ὑπερκειμένης
2683 4345 2931 4411 ἐξουσίας
2957 4345 3092 4417 πρὸς
3119 4346 3217 4418 τὴν
3244 4345 3488 4417 πονηρὰν
3518 4347 3700 4417 ὁρμὴν

454 4436 616 4499 atque
645 4429 956 4498 provincias
989 4435 1374 4498 pervenerant,
1404 4427 1498 4498 qui
1533 4427 1603 4482 ad
1648 4428 1750 4482 hoc
1781 4428 1956 4498 ipsum
1990 4442 2019 4480 a

2154 4435 2396 4508 εηοῆναι,
2432 4435 2641 4490 οἴκοθεν
2689 4437 2826 4507 ἔχων
2864 4438 2928 4490 ὲκ
2959 4435 3174 4507 φύσεως
3213 4437 3317 4508 τὴν
3347 4436 3612 4507 ὠμότητὰ
3641 4453 3698 4488 τε

459 4521 745 4592 tyrannica
791 4519 1116 4574 crudelitate
1158 4519 1417 4576 destinati
1453 4528 1508 4573 et
1553 4517 1789 4573 ordinati
1820 4526 2012 4572 erant:

2150 4527 2219 4579 εαὶ
2244 4528 2570 4598 πικρότητα,
2597 4528 2692 4582 καὶ
2716 4527 2820 4601 τὴν
2854 4528 2990 4597 πρὸς
3013 4529 3139 4593 τοὺς
3167 4529 3604 4606 πεπιστευκότας
3622 4527 3706 4598 τῷ

456 4626 519 4666 ac
555 4611 681 4666 talis
715 4610 934 4680 quidem
981 4609 1126 4681 genti
1163 4609 1311 4665 illius
1362 4609 1467 4663 loci
1513 4617 1763 4678 praeerat,
1805 4609 1897 4676 qui
1952 4609 2019 4662 ad

2150 4619 2267 4690 ,όγῳ
2303 4620 2655 4690 δυσμένειαν
2704 4623 2796 4674 καὶ
2829 4623 3039 4688 γίνεται
3071 4621 3200 4692 παρ’
3243 4620 3407 4674 αὑτοῦ
3463 4620 3712 4696 φοδερὸν.

456 4715 683 4771 pravum
731 4699 969 4754 studium
1023 4708 1186 4770 atque
1239 4708 1497 4754 conatum
1539 4699 1672 4752 nihil
1718 4699 2020 4768 superioris

2153 4725 2181 4761 ν
2209 4709 2485 4780 δημοσίοις
2513 4711 2864 4782 διατάγμασι,
2894 4713 2955 4767 τὸ
2987 4713 3096 4766 δεῖν
3130 4712 3451 4784 ἐξόμνυσθαι
3483 4714 3702 4784 τὴνλπί-

456 4791 743 4862 potestatis
807 4791 1097 4862 indigeret,
1154 4807 1278 4846 cum
1342 4799 1536 4861 suopte
1585 4792 1804 4860 ingenio
1859 4803 2020 4862 atque

2150 4819 2266 4868 mv,
2301 4801 2335 4873 ἢ
2373 4803 2664 4874 τιμωρίαις
2705 4804 3070 4869 παντοδαπαῖς
3111 4805 3204 4859 καὶ
3253 4804 3502 4869 Θανάτοις
3532 4806 3699 4860 κολά-

455 4891 650 4936 natura
692 4897 890 4945 saevus,
923 4889 978 4936 et
1031 4883 1100 4937 iis
1128 4883 1220 4953 qui
1264 4884 1504 4937 sermoni
1539 4883 1908 4939 credidissent
1945 4886 2020 4940 iu-

2150 4892 2334 4952 Ῑεσθαι.
2375 4892 2485 4945 Καὶ
2512 4893 2665 4946 οὐδὲν
2701 4889 2770 4965 ἦν
2805 4894 2990 4966 ἕτερον
3019 4893 3320 4966 τηνικαῦτα
3349 4896 3609 4970 δημόσιόν
3641 4914 3700 4950 τε

455 4973 645 5030 fensus
675 4980 822 5029 esset
853 4989 868 5026 :
899 4973 1113 5043 publice
1152 4974 1449 5044 propositis
1480 4975 1680 5029 edictis
1727 4977 1795 5031 ab
1826 4993 1893 5033 eo
1935 4978 2020 5033 de-

2150 4981 2218 5034 :a‘t
2248 4981 2375 5036 ἴδιον
2404 4981 2554 5052 παρὰ
2585 4981 2694 5035 τῶν
2723 4983 2790 5036 τὰ
2819 4984 2973 5038 κοινὰ
2999 4984 3088 5038 διὰ
3123 4986 3307 5056 χειρὸς
3350 4987 3585 5060 ἐχόντων
3617 5006 3703 5058 γι-

455 5063 758 5126 nuntiatur,
799 5062 945 5134 quod
979 5063 1064 5118 vel
1108 5063 1270 5118 ﬁdem
1315 5063 1590 5133 abiurare,
1642 5066 1724 5120 vel
1753 5067 1900 5121 omni
1927 5083 2020 5137 ge-

2150 5073 2351 5144 όμενόν
2383 5090 2442 5126 τε
2477 5076 2573 5129 καὶ
2609 5073 3061 5148 σπουδαζόμενον.
3099 5078 3236 5150 πλὴν
3267 5078 3361 5134 τοῦ
3395 5080 3705 5152 πολιορκεῖν

455 5169 587 5209 uere
659 5156 1054 5224 suppliciorum
1129 5169 1193 5209 ac
1252 5163 1431 5212 morte
1483 5156 1667 5224 puniri
1723 5167 2020 5228 oporteret.

2150 5184 2184 5218 rs
2238 5168 2333 5220 καὶ
2394 5169 2752 5239 τιμωρεῖσθαι
2812 5172 2938 5234 τοὺς
2997 5171 3406 5246 ἀντεχομένους,
3449 5176 3548 5245 τῆς
3609 5174 3702 5228 πί·-

454 5240 722 5310 Nullaque
758 5258 845 5296 res
885 5243 990 5296 alia
1038 5243 1124 5298 vel
1157 5244 1379 5314 publica
1423 5247 1507 5300 vel
1545 5250 1754 5316 privata
1795 5259 1924 5304 tunc
1955 5253 2022 5306 ab
2130 5277 2319 5322 στεως,

457 5334 548 5431 ἱίς»ἶ
581 5336 672 5431 ριξί
709 5336 925 5431 publica
971 5337 1185 5407 negotia
1235 5339 1568 5405 tractabant,
1622 5343 1913 5411 gerebatur
1955 5364 2018 5403 ac
2057 5353 2381 5422 curabatur,
2413 5353 2520 5409 nisi
2555 5362 2614 5409 ut
2649 5365 3036 5426 oppugnarent
3077 5366 3251 5429 atque.
3287 5361 3551 5431 punirent
3579 5373 3702 5418 eos.

456 5423 549 5492 qui
580 5420 740 5476 ﬁdem
775 5426 1253 5494 amplecterentur.

528 5511 694 5566 Erant
755 5527 933 5570 autem
991 5532 1097 5572 non
1129 5519 1183 5573 in
1217 5520 1509 5576 verborum
1561 5522 1825 5579 duntaxat
1857 5527 2021 5584 minis

457 5608 720 5664 terrores,
759 5605 856 5660 sed:
883 5621 988 5660 una
1019 5623 1143 5662 cum
1165 5609 1250 5664 liis
1271 5611 1458 5668 varius
1492 5614 1937 5671 carniﬁcinarum
1965 5627 2020 5674 et

459 5701 852 5755 tormentorum
876 5708 1169 5770 apparatus
1193 5717 1409 5759 omnem
1427 5702 1684 5761 afferebat
1701 5710 2020 5768 concussio-

2198 5529 2306 5588 Ἦν
2336 5535 2393 5587 δὲ
2425 5536 2524 5590 οὐκ
2558 5538 2615 5590 ὲν
2646 5539 2766 5601 ταῖς
2791 5535 2899 5591 τῶν
2929 5538 3234 5610 λεγομένων
3266 5541 3520 5607 ἀπειλαῖς
3543 5544 3700 5615 μόνον

2125 5627 2193 5680 τὰ
2226 5626 2492 5700 φόδητρα,
2523 5628 2659 5682 ἀλλὰ
2684 5631 2820 5700 μετὰ
2858 5630 3063 5685 τούτων
3089 5632 3122 5701 ἡ
3163 5632 3377 5704 ποικίλη
3405 5633 3515 5686 τῶν
3547 5636 3698 5688 κολα·

2129 5719 2364 5790 στηρίων
2408 5721 2721 5794 κατασκευὴ
2768 5723 2944 5778 πᾶσαν
2989 5723 3161 5795 ἐπῆγε
3210 5724 3570 5797 κατάπληξιν,
3608 5725 3699 5781 καὶ
