3834 6474
208 400 330 460 945
1142 394 1232 449 DE
1262 395 1427 451 VITA
1466 393 1526 448 S.
1549 392 1722 449 GREG

1967 392 2103 449 HAU
2114 390 2301 448 MATU
2315 389 2443 446 [ιρι.
3373 389 3476 446 946

216 510 328 583 πρὸ
354 508 452 580 τῆς
480 507 677 579 πείρας
704 506 1007 579 ἐμποιοῦσα
1026 510 1138 571 τοῖς
1158 507 1464 580 ἀνθρώποις
1490 509 1581 561 τὸν
1611 508 1730 578 φόϐε

1961 523 2049 570 an,
2077 506 2239 561 etiam
2267 513 2394 560 ante
2433 503 2738 573 periculum
2768 502 3086 557 hominibus
3126 499 3475 555 formidinem

211 602 358 672 Ξίφη
386 618 444 654 τε
476 599 729 671 καὶπῦρ,
766 601 862 653 καὶ
895 598 1077 671 θηρία,
1108 602 1203 653 καὶ
1224 600 1408 670 βόθροι
1446 600 1540 653 καί⁹
1561 600 1630 653 τά
1653 617 1725 670 στι

1960 599 2176 669 jieiens.
2225 597 2419 660 Enses,
2453 596 2615 667 ignis,
2647 596 2859 659 bestire,
2907 594 3130 650 scrobes
3166 600 3221 647 et
3272 591 3474 657 foveae,

209 688 461 742 ὀλωτικά
490 688 597 740 τῶν
635 688 815 757 μελῶν
846 689 1055 759 ὄργανα
1079 705 1094 719 ·
1136 690 1232 742 καὶ
1263 689 1478 761 σιδηραῖ
1523 688 1666 743 κατά
1694 707 1723 741 τι

1963 709 2030 746 ιηι
2061 692 2447 755 instrumenta,
2475 690 2677 758 quibus
2700 688 2943 743 membra
2969 686 3477 755 constringerentur

210 782 311 849 ρος
357 780 638 851 καθέδραι,
669 783 765 834 καὶ
811 778 945 846 ξύλα
978 782 1158 851 ὄρθια,
1194 779 1277 845 οἷς
1319 782 1664 852 ἐντεινόμενα
1690 800 1719 835 τ

1983 786 2392 849 torquerentur,
2431 786 2547 832 tum
2576 778 2763 832 ferreae
2793 778 2942 832 sellae
2984 776 3199 845 ignitaz,
3242 783 3358 829 tum
3408 775 3476 828 li-

211 872 589 944 ἐνισταμένων
628 872 698 927 τά
735 874 963 944 σώματα
1002 877 1122 938 ταῖς
1159 874 1269 926 τῶν
1304 874 1551 944 φοϐερῶν
1596 873 1723 943 όνύχ

1964 888 2005 925 ιιι
2036 879 2242 937 erecta,
2276 871 2332 924 in
2361 870 2564 939 quibus
2598 870 2863 927 stantium
2890 883 3120 937 corpora
3144 868 3272 922 dum
3302 868 3478 922 inten-

214 963 548 1031 προσδολαῖς
594 962 972 1027 κατεξαίνετο,
1008 964 1102 1018 καὶ
1139 962 1273 1016 ἀλλα
1324 963 1494 1034 μυρία
1528 962 1664 1034 πρὸς
1702 981 1728 1015 τ

1962 972 2181 1026 :rentur,
2215 962 2543 1016 terribilium
2596 960 2862 1031 unguium
2913 961 3169 1015 violentis
3211 959 3476 1014 admotio-

217 1052 524 1116 πολυειδεῖς
555 1052 820 1123 βασάνους
848 1054 957 1108 τῶν
983 1055 1251 1125 σωμάτων
1297 1054 1640 1127 ἐξευρημένα
1668 1072 1731 1109 πο

1967 1056 2066 1110 bus
2121 1054 2515 1115 lacerarentur,
2552 1062 2712 1121 atque
2758 1052 2865 1105 alia
2913 1051 3041 1106 item
3086 1053 3373 1107 innumera
3408 1051 3475 1104 ad

214 1144 409 1207 αὐτοῖς
432 1146 707 1199 ἐπενοεῖτο
726 1163 741 1178 °
770 1147 866 1201 καὶ
894 1146 1097 1217 σπουδὴ
1117 1148 1230 1210 τοῖς
1260 1146 1370 1200 τῶν
1395 1147 1653 1213 ἐξουσιῶν
1678 1165 1728 1200 τι

1962 1146 2051 1199 yria
2101 1159 2392 1215 corporum
2446 1150 2717 1198 tormenta
2758 1144 3031 1212 exquisita
3061 1144 3129 1197 ab
3161 1143 3230 1197 iis
3258 1143 3476 1211 excogi-

214 1252 329 1288 των
360 1235 781 1306 ἐπειλημμένοις
810 1231 879 1308 ἦν
913 1237 1032 1307 μία,
1070 1237 1131 1290 τὸ
1162 1236 1365 1307 μηδένα
1392 1235 1486 1289 τοῦ
1527 1236 1712 1306 ἐτέρου

1962 1245 2157 1291 bantur
2194 1255 2206 1289 :
2234 1252 2297 1291 ac
2327 1234 2567 1291 studium
2600 1235 2802 1305 iis,qui
2829 1249 2923 1291 eas
2963 1242 3263 1304 potestates
3287 1230 3476 1289 susec-L

212 1325 495 1397 ὑπερϐολῇ
539 1326 766 1397 πικρίας
807 1327 1179 1399 ἐπιδειχθῆναι
1224 1329 1545 1400 πραότερον.
1597 1331 1708 1383 Καὶ

1962 1337 2112 1392 :rant,
2146 1344 2316 1383 unum
2347 1336 2506 1391 erat,
2545 1343 2613 1383 ne
2664 1327 2955 1396 quisquam
2999 1327 3155 1380 alteri
3201 1326 3476 1381 secundus

214 1419 321 1488 μὲν
352 1417 731 1489 εἰσήγγελλον
758 1419 808 1473 oi
846 1419 904 1474 δὲ
949 1419 1293 1474 ἐπεδείκνυον
1314 1438 1329 1452 ο
1362 1423 1414 1473 oi
1455 1421 1512 1475 δὲ
1556 1423 1728 1493 ὴρεύν‹

1960 1421 2286 1492 superantia
2341 1419 2563 1475 saevitia:
2622 1419 2810 1472 mitior
2866 1418 3168 1472 videretur.
3207 1415 3342 1470 Nam
3385 1417 3474 1469 alii

211 1513 347 1576 τοὺς
396 1512 833 1583 κεκρυμμένους.
886 1512 1074 1566 Ἀλλοι
1116 1516 1231 1578 τοῖς
1284 1515 1576 1582 φεύγουσιν
1616 1517 1725 1568 ἐπε⁸

1961 1514 2115 1567 tidem
2150 1511 2501 1575 deferebant,
2536 1509 2628 1563 alii
2668 1524 2800 1564 vero
2833 1508 3311 1570 demonstrabant,
3335 1523 3475 1561 non-

209 1603 404 1657 θεντο·
429 1604 578 1660 ἄλλοι
607 1604 665 1660 δὲ
698 1604 835 1675 πρὸς
862 1604 963 1668 τὰς
999 1608 1220 1677 κτήσεις
1242 1606 1351 1660 τῶν
1382 1606 1591 1660 πιστῶν
1629 1609 1723 1678 όρᾶ

1963 1605 2036 1659 Illi
2081 1605 2207 1658 item
2243 1603 2449 1658 celatos
2480 1610 2532 1654 et
2559 1601 2862 1656 occultatos
2896 1599 3305 1662 scrutabantur,
3349 1614 3477 1667 pars

210 1711 332 1759 τες,
365 1695 440 1760 ὡς
474 1694 543 1750 ἂν
570 1696 857 1768 ἐγκρατεῖς
884 1696 1123 1765 γένοιντο
1165 1697 1273 1751 τῶν
1315 1699 1672 1769 πραγμάτων,
1705 1702 1724 1751 ἑ

1962 1693 2233 1764 gientibus
2258 1692 2557 1751 instabant,
2586 1690 2834 1744 nonnulli
2864 1689 2991 1742 item
3029 1687 3476 1757 possessionibus

211 1787 298 1859 τῷ
352 1790 705 1859 προσχήματι
747 1789 851 1860 τῆς
887 1790 1174 1851 εὐσεϐείας
1225 1790 1455 1861 ήλαυνον
1503 1794 1629 1855 τοὺς
1672 1793 1725 1845 ἀι

1963 1784 2140 1839 lelium
2180 1782 2456 1837 inhiantes
2503 1794 2613 1850 quo
2647 1780 2957 1849 potirentur
2977 1793 3190 1842 earum,
3215 1779 3318 1832 sub
3343 1792 3477 1846 pra:-

211 1855 641 1951 eioptévouev'ttﬁc
670 1855 929 1945 πίστεως.
976 1855 1258 1951 Σύγχυσις-
1273 1882 1331 1935 δὲ
1371 1878 1439 1953 ἦν
1477 1885 1625 1937 πᾶσα
1657 1899 1725 1936 κα

1963 1886 2049 1931 xtu
2080 1876 2304 1944 pietatis
2339 1873 2611 1927 vexabant
2649 1880 2705 1927 et
2749 1872 3098 1941 exagitabant
3131 1885 3247 1936 cos,
3285 1871 3377 1940 qui
3416 1868 3477 1923 ﬁ-

210 1970 278 2023 τὸ
305 1972 457 2035 ἔθνος
493 1971 588 2026 καὶ
628 1972 911 2042 ἀμηχανία
955 1972 1145 2043 πολλὴ,
1186 1962 1403 2027 πάντων
1444 1973 1693 2045 ἀλληλοις

1961 1981 2021 2019 :m
2054 1966 2537 2036 amplecterentur.
2580 1964 2661 2019 Ac
2679 1976 2895 2019 summa
2928 1971 3047 2017 erat
3081 1962 3135 2015 in
3160 1970 3319 2033 gente
3340 1976 3475 2016 con-

210 2062 459 2133 ὐτιοψίας
507 2062 696 2127 ὄντων,
733 2064 794 2117 οὐ
844 2063 1083 2133 πατράσι
1116 2065 1214 2135 τῆς
1262 2064 1413 2136 παρά
1443 2065 1549 2118 τῶν
1594 2067 1724 2118 τέκνι

1959 2058 2043 2113 sio
2086 2073 2388 2128 magnaque
2439 2057 2753 2127 trepidatio,
2794 2055 3051 2110 omnibus
3085 2055 3226 2108 inter
3272 2068 3332 2108 se
3374 2070 3472 2108 su-

208 2154 434 2217 εὐνοίας
472 2156 531 2209 ὲν
561 2157 673 2218 τοῖς
699 2155 951 2225 φοϐεροῖς
984 2156 1427 2227 παραμενούσης,
1460 2158 1520 2210 οὑ
1553 2156 1710 2209 παισὶ

1960 2149 2120 2210 ›εοιίε.
2155 2164 2264 2203 non
2292 2148 2540 2218 patribus
2584 2147 2817 2201 ﬁliorum
2856 2145 3232 2201 benevolentia
3274 2146 3328 2199 in
3359 2144 3474 2199 dis-

214 2245 415 2300 πισιτδν
459 2245 559 2315 τῆς
608 2246 881 2317 πατρικῆς
929 2246 1251 2316 κηδεμονίας
1305 2248 1656 2318 ἐγγυωμένης
1696 2266 1727 2300 τ

1964 2240 2228 2296 iminibus
2276 2251 2440 2310 atque
2490 2238 2748 2309 periculis
2780 2246 3150 2307 permanente,
3192 2253 3301 2290 non
3346 2235 3473 2290 ﬁliis

210 2336 454 2405 φύσεως.
501 2337 817 2407 Ἐμερίζετο
847 2339 905 2392 δὲ
950 2340 1070 2391 κατ’
1112 2339 1357 2409 ἀλλήλων
1390 2340 1458 2393 τά
1494 2340 1625 2411 γένη
1662 2358 1724 2413 πε

1958 2333 2060 2386 Iam
2090 2341 2373 2402 paternam
2401 2331 2744 2386 curationem
2791 2330 3094 2400 spondente
3124 2340 3340 2384 natura.
3368 2330 3472 2384 Sed

209 2429 317 2490 τὰς
348 2429 642 2498 θρησκείας
682 2428 992 2500 σχιζόμενα.
1026 2431 1136 2482 Καὶ
1180 2434 1308 2494 παῖς
1342 2431 1667 2502 Ἑλληνίζων
1705 2452 1723 2485 ι

1957 2425 2117 2479 milia:
2140 2434 2304 2495 atque
2344 2424 2701 2494 cognationes
2725 2422 2846 2476 aliae
2896 2423 2966 2477 ab
3009 2423 3135 2477 aliis
3169 2423 3222 2475 in
3252 2422 3471 2491 religio-

215 2517 362 2568 στῶν
389 2517 591 2584 γονέων
625 2517 888 2589 προδότης
917 2517 1143 2585 ἐγίνετο⁸
1184 2519 1277 2571 καὶ
1313 2517 1455 2571 κατά
1486 2518 1671 2581 παιδὸς
1702 2535 1729 2569 τι

1960 2533 2027 2571 ιιιι
2059 2524 2241 2571 sectas
2283 2515 2523 2570 diducta:
2554 2514 2917 2570 dissidebant.
2951 2514 3027 2568 Ac
3076 2514 3221 2568 ﬁlius
3256 2515 3474 2570 Grazco-

216 2607 576 2670 πιστευκότος
620 2609 678 2662 ὲν
715 2608 940 2678 ἀπιστίᾳ
986 2609 1162 2680 μένων
1199 2611 1226 2662 6
1276 2610 1456 2681 πατὴρ
1494 2612 1730 2680 κατήγορ

1971 2624 2019 2660 ιιι
2058 2622 2277 2663 errores
2308 2610 2667 2678 amplectens,
2687 2607 2928 2663 fidelium
2964 2616 3248 2677 parentum
3291 2608 3475 2677 prodi-

204 2693 302 2769 ἦν.
354 2697 461 2751 Καὶ
515 2700 740 2768 ἀδελφὸς
781 2703 845 2754 ἐκ
887 2700 988 2771 τῆς
1030 2702 1198 2772 αὐτῆς
1232 2702 1410 2765 αἰτίας
1453 2703 1705 2772 ἐπολέμει

1959 2716 2006 2763 r,
2044 2700 2136 2753 ﬁlii
2169 2700 2325 2753 fidem
2362 2701 2595 2769 amplexi
2620 2710 2775 2769 pater
2806 2701 2859 2753 in
2895 2700 3215 2754 inﬁdelitate
3246 2716 3473 2755 manens

211 2788 401 2858 φύσει,
443 2790 590 2844 ὅσιον
638 2790 840 2860 κρίνων
871 2791 961 2846 τὸν
997 2792 1232 2863 ὁμογενῆ
1277 2793 1712 2865 τιμωρήσασθαι,

1953 2800 2187 2847 :cusator
2217 2800 2354 2846 erat.
2382 2791 2573 2845 Frater
2621 2793 2749 2845 item
2780 2791 2968 2846 eadem
2996 2790 3064 2846 de
3109 2806 3277 2846 causa
3309 2800 3467 2846 natu-

209 2878 320 2949 τῆς
347 2879 628 2943 εὐσεϐείας
654 2882 946 2952 ἀντέχοιτο.
966 2882 1242 2936 Ἐντεῦθεν
1283 2882 1508 2954 πλήρεις
1538 2883 1635 2953 μὲν
1658 2879 1723 2954 ἧσ

1966 2902 2014 2938 ιιι
2047 2884 2423 2955 oppugnabat,
2450 2884 2532 2937 fas
2566 2898 2689 2939 esse
2724 2884 2978 2952 judicans
3004 2898 3035 2936 a
3066 2886 3472 2955 consanguineo

208 2970 273 3022 αἱ
309 2970 531 3041 ὲρημίαι
555 2970 659 3024 τῶν
690 2972 1059 3041 ἐλαυνομένων
1076 3012 1090 3037 ,
1116 2974 1269 3025 κεναὶ
1286 2973 1342 3025 δὲ
1368 2972 1475 3025 τῶν
1498 2974 1719 3043 οἰκητόρ

1958 2991 2087 3029 enas
2133 2985 2404 3045 expetere,
2457 2976 2502 3029 si
2539 2975 2791 3051 pietatem
2840 2975 3285 3044 amplecteretur.
3335 2974 3472 3031 Hinc

210 3062 274 3114 αί
303 3062 490 3116 οίκίαι.
524 3062 703 3116 Πολλά
733 3063 790 3116 δὲ
816 3063 923 3116 τῶν
973 3064 1246 3133 δημοσίων
1290 3064 1625 3135 οἰκημάτων,
1676 3082 1724 3117 τι

1956 3083 2067 3122 cna:
2083 3067 2304 3137 quidem
2328 3066 2652 3121 solitudines
2683 3074 2839 3121 erant
2864 3081 3076 3133 eorum,
3095 3067 3186 3135 qui
3207 3069 3470 3136 (suspecti

210 3152 327 3205 τῶν
351 3153 828 3225 καθειργνυμένων
860 3155 1194 3208 ἀπετέτακτο
1228 3157 1455 3226 χρείαις.
1497 3157 1570 3209 Οὐ
1602 3157 1709 3227 γὰρ

1956 3160 2230 3228 :cusative)
2266 3159 2636 3230 profugissem
2662 3177 2673 3213 :
2704 3174 2875 3213 vacua
2900 3174 3029 3214 vero
3063 3168 3225 3229 atque
3256 3159 3470 3215 deserta

215 3245 385 3301 ίκανὰ
419 3247 487 3300 τὰ
513 3248 863 3319 δεσμωτήρια
890 3251 1086 3319 χωρεῖν
1121 3252 1177 3302 ἐν
1208 3251 1421 3313 ἑαυτοῖς
1452 3251 1559 3303 τῶν
1588 3252 1676 3306 διὰ
1698 3271 1729 3305 τ

1956 3270 1968 3305 ι
2000 3251 2404 3306 habitatoribus
2436 3251 2711 3305 domicilia
2742 3259 2901 3305 erant
2932 3252 3142 3305 :multa
3175 3252 3303 3322 item
3337 3252 3470 3305 tedi-

213 3338 405 3395 πίστιν
444 3339 872 3410 τιμωρουμένων
913 3340 975 3393 τὸ
1015 3340 1239 3409 πλῆθος,
1275 3343 1493 3414 Ἀγοραί
1535 3360 1594 3395 τε
1628 3346 1727 3397 πᾶς

1958 3346 2021 3399 :ia
2070 3361 2260 3400 eorum
2329 3344 2423 3414 qui
2476 3344 2712 3399 vinculis
2771 3352 3157 3399 coercerentur
3188 3385 3203 3408 ,
3236 3342 3472 3413 publicis

213 3429 316 3481 καὶ
347 3426 616 3497 σύλλογοι,
647 3430 817 3484 κοινοί
848 3448 906 3485 τε
934 3432 1026 3486 καὶ
1051 3432 1365 3496 ἰδιάζοντες,
1397 3434 1517 3487 ἀντὶ
1547 3435 1644 3504 τῆς
1676 3452 1727 3487 σι

1957 3439 2092 3491 sibus
2143 3437 2421 3492 destinata
2461 3444 2641 3490 erant.
2673 3436 2937 3492 Carceres
2990 3437 3137 3491 enim
3169 3451 3363 3505 capere
3415 3434 3471 3490 in

210 3519 385 3590 ήθους
426 3520 800 3593 φαιδρότητος,
825 3522 923 3587 τὰς
960 3525 1210 3588 τοιαύτας
1237 3525 1640 3594 μετελάμϐανον
1662 3545 1724 3579 συ

1961 3545 2020 3584 se
2050 3545 2157 3582 non
2194 3536 2446 3598 poterant
2481 3541 2673 3582 eorum
2737 3527 3161 3591 multitudinem,
3198 3529 3293 3597 qui
3342 3542 3470 3596 pro-

212 3610 424 3681 φοράς,
450 3609 560 3664 τῶν
589 3613 687 3682 μὲν
725 3615 1120 3685 ἐφελκομένων,
1163 3617 1268 3671 τῶν
1295 3617 1350 3670 δὲ
1398 3617 1726 3687 ἀπαγομένω

1956 3636 2017 3675 er
2075 3620 2235 3674 fidem
2271 3621 2617 3691 punirentur,
2643 3621 2938 3689 omniaque
2970 3618 3088 3672 fora
3128 3628 3294 3689 atque
3334 3634 3470 3673 con-

210 3701 394 3757 ἆλλων
419 3703 511 3755 ἐπὶ
535 3705 647 3766 τοῖς
675 3706 981 3775 γινομένοις
1005 3708 1038 3777 ἢ
1070 3707 1351 3775 γελώντων
1376 3709 1406 3778 ἢ
1434 3708 1724 3779 δακρυόντο

1956 3721 2093 3767 :ntus
2127 3722 2236 3767 tam
2296 3713 2495 3783 publici
2534 3728 2699 3784 quam
2758 3713 2993 3782 privati,
3055 3727 3156 3782 pro
3197 3720 3470 3767 consueta

210 3796 281 3849 οὐ
313 3795 519 3865 νηπίων
548 3790 616 3867 ἦν
646 3796 812 3860 ἕλεος,
843 3799 904 3850 οὐ
942 3800 1072 3869 τιμὴ
1115 3800 1326 3863 πολιᾶς,
1359 3802 1457 3854 οὐκ
1488 3802 1685 3871 ἀρετῆς
1712 3818 1724 3854 c

1960 3807 2173 3861 laritate
2196 3814 2361 3876 atque
2393 3806 2580 3860 laetitia
2613 3804 2883 3875 ejusmodi
2933 3803 3165 3859 invicem
3191 3819 3353 3859 casus
3388 3814 3473 3857 at-

212 3884 327 3949 δὼς
354 3885 525 3957 εἰσῄει
557 3889 669 3951 τοῖς
695 3889 1016 3959 δυσμενέσιν
1041 3907 1053 3918 ·
1077 3892 1190 3944 ἀλλ’
1224 3892 1299 3954 ὡς
1338 3895 1394 3944 ἐν
1428 3892 1726 3961 αἰχμαλωσέ

1958 3914 2004 3952 Ic
2036 3898 2375 3951 calamitates
2402 3897 2766 3966 accipiebant.
2796 3911 2919 3949 cum
2955 3896 3045 3949 alii
3076 3895 3292 3965 quidem
3334 3896 3472 3949 arri-

212 3979 373 4030 πᾶσα
407 3978 593 4047 ἡλικία
626 3982 739 4043 τοῖς
777 3980 1055 4051 πολεμίοις
1079 3983 1177 4053 τῆς
1204 3983 1436 4047 πίστεως
1462 3984 1672 4047 ἔκδοτος
1706 3982 1726 4039 ί

1952 3998 2198 4051 :rentur,
2247 3989 2339 4042 alii
2399 4004 2527 4042 vero
2578 3987 3016 4049 abducerentur,
3049 3987 3232 4042 caeteri
3264 3987 3336 4041 ob
3383 4002 3466 4048 ea.

212 4069 355 4123 Οὐδὲ
378 4072 495 4132 ταῖς
528 4070 772 4137 γυναιξὶν
806 4071 1030 4142 ἐδίδουή
1063 4074 1263 4143 φυσικὴ
1289 4073 1383 4125 τοῦ
1418 4074 1607 4143 γένους
1640 4075 1726 4127 ἁσί

1954 4098 2017 4136 ιτε
2073 4081 2284 4144 ﬁerent,
2327 4081 2410 4135 vel
2450 4079 2693 4135 riderent
2722 4082 2802 4133 vel
2856 4082 3288 4149 lacrymarentur
3320 4099 3330 4132 :
3360 4094 3468 4131 non

213 4178 362 4226 νεια,
390 4162 498 4215 τῶν
537 4162 792 4216 τοιούτων
828 4162 1082 4233 ἀναγκῶν
1121 4166 1277 4229 ἐκτὸς
1326 4168 1506 4236 μένειν
1527 4185 1539 4197 ·
1575 4168 1686 4219 ἀλλ’
1717 4187 1727 4219 ε

1953 4173 2270 4227 iserieordia
2304 4171 2617 4237 infantium,
2666 4186 2772 4225 non
2828 4171 3006 4224 honor
3050 4171 3317 4235 canitiei,
3356 4187 3466 4223 non

211 4248 289 4324 ἦν
308 4254 448 4306 κατά
470 4254 687 4307 πάντων
712 4255 740 4306 6
758 4256 855 4327 τῆς
884 4256 1162 4327 ὠμότητος
1189 4258 1369 4328 νόμος,
1395 4257 1492 4330 ἴσῳ
1514 4259 1591 4329 τῷ
1614 4260 1725 4331 μέτι

1954 4264 2115 4317 rtutis
2160 4261 2489 4317 verecundia
2542 4262 2598 4316 in
2644 4272 2881 4317 mentem
2919 4262 3172 4315 veniebat
3217 4261 3468 4323 infensis,

209 4344 320 4413 τῆς
346 4344 613 4416 τιμωρίας
639 4345 747 4399 τῶν
783 4347 1078 4418 γινομένων
1108 4348 1334 4417 ὑπάγων
1366 4350 1455 4403 τὸν
1497 4352 1605 4403 τῶν
1645 4353 1723 4405 είδ

1954 4356 1991 4410 d
2038 4364 2299 4425 tanquam
2348 4357 2403 4410 in
2448 4354 2583 4410 urbe
2610 4365 2771 4427 capta
2817 4355 3001 4410 omnis
3030 4364 3164 4410 anas
3219 4355 3468 4411 hostibus

209 4437 326 4490 λων
351 4437 821 4509 ἀλλοτριούμενον,
865 4440 939 4511 μὴ
989 4441 1278 4511 διακρίνων
1311 4443 1410 4513 τὴν
1452 4443 1627 4512 φύσιν.
1662 4446 1723 4497 Τί

1955 4448 2021 4503 lei
2053 4449 2211 4518 quasi
2248 4447 2495 4503 dedititia
2524 4454 2686 4517 atque
2720 4447 2953 4501 obnoxia
2982 4456 3119 4502 erat.
3149 4445 3229 4500 Ne
3274 4447 3469 4500 mulie-

208 4524 311 4583 οῦν
343 4529 467 4583 ίδὼν
492 4532 520 4582 6
551 4532 725 4601 μέγας
750 4532 952 4595 ἐκεῖνος
974 4533 1069 4603 τῆς
1091 4533 1435 4605 ἀνθρωπίνης
1461 4536 1673 4605 φύσεως
1692 4554 1722 4590 τ

1952 4557 2016 4594 ιιιι
2054 4541 2273 4611 quidem
2324 4541 2559 4595 naturali
2605 4556 2770 4597 sexus
2800 4540 3103 4595 infirmitati
3146 4538 3457 4609 indulgeba-

209 4621 520 4685 ἀσθένειαν,
561 4622 637 4686 ὡς
668 4623 727 4675 ού
758 4623 1069 4695 δυναμένων
1102 4625 1209 4677 τῶν
1253 4626 1460 4679 πολλῶν
1507 4628 1668 4699 μέχρι
1697 4648 1723 4682 τ

1950 4649 2009 4697 ιι,
2044 4641 2102 4686 ιιι
2130 4632 2400 4701 ejusmodi
2437 4634 2697 4703 periculis
2740 4642 3002 4700 exempta:
3035 4640 3334 4695 manerent,
3371 4627 3464 4684 sed

212 4713 451 4783 θανάτου
495 4714 596 4785 τῆς
632 4714 916 4778 εὐσεϐείας
962 4717 1458 4787 προαγωνίσασθαι,
1494 4720 1726 4792 σύμϐουλ

1952 4739 2003 4777 ιιι
2055 4723 2317 4778 adversus
2359 4738 2553 4777 omnes
2584 4722 2929 4776 crudelitatis
2965 4730 3082 4776 erat
3113 4720 3218 4783 lex,
3274 4720 3466 4775 eodem

209 4806 425 4875 γίνεται
452 4808 521 4878 τῇ
565 4805 861 4877 Ἐκκλησία
889 4808 1082 4879 μικρὸν
1111 4809 1462 4879 ὑποχωρῆσαι
1487 4815 1553 4882 τῇ
1589 4813 1718 4879 (ροϐε

1952 4827 2071 4865 cna:
2114 4813 2294 4873 modo,
2324 4812 2475 4866 nullo
2528 4810 2847 4865 discrimine
2899 4826 3061 4865 sexus
3095 4810 3301 4874 habito,
3337 4809 3466 4863 sub-

210 4898 513 4970 προσϐολῇ,
558 4900 805 4970 κρεῖττον
850 4895 988 4954 εἶναι
1021 4899 1320 4970 ἡγούμενος
1353 4901 1441 4955 διὰ
1484 4905 1659 4973 φυγῆς
1695 4921 1724 4955 τ

1951 4900 2089 4954 :icns
2116 4917 2238 4955 cum
2286 4902 2379 4971 qui
2432 4916 2462 4954 a
2500 4900 2812 4955 simulacris
2867 4908 3007 4955 esset
3046 4901 3280 4952 alienus.
3310 4898 3465 4952 Tunc

206 4992 391 5063 ψυχὰς
417 4993 598 5046 αὐτῶν
643 4992 1077 5064 περισώσασθαι,
1104 4993 1136 5064 ἦ
1167 4974 1405 5056 ἑστῶτας
1434 4997 1525 5048 ἐπὶ
1560 4998 1658 5067 τῆς
1686 5016 1720 5050 τ‹

1952 5006 2122 5061 agnus
2182 4991 2271 5046 ille
2326 4992 2429 5052 vir,
2481 4991 2861 5045 animadversa
2911 5001 3074 5061 atque
3120 4990 3463 5044 considerata

208 5081 443 5151 ἀγώνων
487 5083 867 5154 παρατάξεως,
908 5084 1265 5148 λιποτάκτους
1292 5087 1542 5154 γενέσθαι
1578 5089 1674 5158 τῆς
1704 5107 1722 5141 ι

1947 5084 2269 5139 iliecillitate
2324 5092 2377 5138 et
2413 5084 2708 5153 fragilitate
2756 5084 3007 5137 humanm
3058 5092 3290 5145 naturae,
3315 5083 3461 5152 quod

211 5190 419 5237 στεως·
472 5173 567 5226 καὶ
597 5172 673 5235 ὡς
702 5172 768 5226 ἂν
822 5174 1051 5244 μάλιστα
1098 5176 1365 5229 πεισθεῖεν
1396 5178 1445 5229 οἱ
1493 5178 1725 5249 ἄνθρωπε

1951 5175 2138 5243 criquc
2167 5191 2274 5229 non
2301 5184 2523 5243 possent
2547 5191 2721 5244 usque
2768 5176 2834 5229 ad
2868 5183 3099 5229 mortem
3138 5191 3234 5245 pro
3263 5176 3463 5244 pietate

211 5266 423 5337 μηδένα
453 5265 701 5319 κίνδυνον
729 5266 914 5336 φέρειν
956 5270 1021 5338 τῇ
1055 5267 1223 5339 ψυχῇ,
1261 5269 1320 5321 τὸ
1357 5269 1455 5341 τὴν
1483 5272 1663 5324 πίστιν
1704 5272 1725 5325 ξ

1944 5278 2194 5330 ιεειυιειιθ,
2237 5279 2427 5323 auctor
2469 5269 2733 5325 Ecclesia:
2770 5270 2848 5335 fit,
2882 5278 2939 5324 ut
2974 5271 3271 5326 terribilem
3304 5272 3458 5325 illum

209 5358 395 5427 φυγῆς
448 5356 878 5428 περισώσασθαι,
907 5358 984 5425 τῷ
1018 5358 1139 5410 καθ’
1176 5360 1366 5411 ἑαυτὸν
1412 5361 1723 5431 ὑποδείγμαι

1950 5372 2154 5431 ιρυιιιιιι
2194 5371 2359 5431 atque
2388 5363 2671 5416 incursum
2707 5363 2985 5432 paulisper
3020 5362 3345 5425 declinaret,
3378 5378 3461 5417 sa-

210 5449 281 5502 σύ
290 5449 518 5519 μϐουλος
538 5450 639 5519 τῆς
671 5450 1068 5521 ἀναχωρήσεως
1089 5450 1334 5518 γίνεται·
1368 5453 1530 5516 αὐτὸς
1558 5454 1665 5523 πρὸ
1686 5472 1724 5506 τι

1947 5469 2003 5507 us
2032 5468 2152 5506 esse
2177 5454 2384 5508 ducens
2429 5469 2523 5523 per
2546 5452 2731 5524 fugam
2774 5454 2988 5507 animas
3008 5469 3198 5507 eorum
3228 5456 3461 5521 servari,

208 5540 388 5597 ἄλλων
429 5542 793 5614 ἀναχωρήσας
836 5545 903 5613 τῇ
941 5541 1033 5595 τοῦ
1086 5542 1329 5595 κινδύνου
1373 5547 1545 5615 φορᾷ·
1582 5547 1698 5615 ἅμα

1942 5562 2053 5598 iam
2094 5554 2299 5600 stantes
2332 5546 2387 5599 in
2423 5547 2539 5600 acie
2579 5546 2941 5600 certaminum
2987 5554 3151 5615 atque
3182 5548 3456 5615 periculo-

210 5634 311 5687 καὶ
337 5632 494 5686 τοῦτο
526 5636 637 5696 τοῖς
673 5633 933 5705 κρατοῦσι
966 5634 1052 5687 διὰ
1084 5635 1319 5705 σπουδῆς
1356 5636 1588 5706 μάλιστα
1612 5633 1701 5707 ἦν,

1944 5656 2008 5692 nn
2048 5638 2169 5691 ﬁdei
2203 5638 2315 5691 ﬁeri
2341 5638 2651 5693 desertores
2681 5654 2696 5692 :
2732 5654 2793 5692 ac
2817 5654 2926 5707 quo
2958 5638 3195 5694 maxime
3219 5640 3458 5693 homini-

208 5727 282 5780 δι’
307 5726 517 5779 ἐκείνου
556 5727 808 5797 καθάπερ
859 5727 1164 5798 στρατηγοῦ
1211 5728 1583 5796 χειρωθέντος,
1609 5731 1721 5781 πᾶσ

1942 5748 1993 5783 ιε
2043 5731 2481 5798 persuaderetur.
2518 5730 2727 5784 nullum
2768 5731 2962 5783 anima:
3020 5730 3324 5799 periculum
3377 5731 3456 5783 af-

212 5818 463 5874 διαλῦσαι
513 5820 614 5887 τῆς
662 5820 896 5883 πίστεως
930 5820 1027 5890 τὴν
1081 5817 1406 5889 παράταξιν,
1462 5822 1554 5874 καὶ
1600 5821 1723 5873 τούτ

1940 5838 2051 5887 rrc,
2078 5823 2123 5877 si
2154 5824 2233 5877 vel
2270 5837 2367 5895 per
2393 5822 2573 5893 fugam
2599 5822 2724 5893 quis
2777 5823 2936 5879 fidem
2961 5834 3329 5889 conservaret,
3354 5839 3454 5879 suo
