3834 6406
407 326 509 379 947

1693 310 1754 364 s.
1794 304 2127 364 casconu
2163 275 2462 359 Μεδειὴ

3573 291 3680 346 948

405 441 654 509 exemplo
684 445 877 515 auctor
921 433 1208 492 secedendi
1240 433 1320 494 fit,
1360 431 1475 501 ipse
1502 438 1630 485 ante
1673 429 1810 483 alios
1836 442 1987 482 sece-

2115 425 2246 496 [ἀριν
2282 426 2487 478 ἐκεῖνον
2517 421 2621 475 ὑπὸ
2646 421 2805 490 χεῖρα
2836 414 3166 486 ποιήσασθαι
3205 413 3318 474 τοῖς
3348 408 3570 480 ἐχθροῖς
3605 408 3686 460 δι-

377 534 588 587 dendo
637 529 865 601 periculi
929 528 1189 596 impetum
1248 523 1504 579 devitans
1545 537 1555 570 :
1606 521 1770 576 simul
1803 527 1985 574 autem

2095 517 2447 571 εσπούδαστο.

406 629 572 679 etiam
608 591 712 678 h-oe
745 625 812 678 iis
841 623 933 692 qui
958 635 1141 675 rerum
1174 618 1544 688 potiebantur,
1574 613 1822 669 maximo
1857 612 2044 668 studio
2070 623 2210 671 erat.
2235 621 2294 665 ut
2319 611 2413 666 illo
2445 619 2704 678 tanquam
2738 606 2876 660 duce
2903 610 3066 672 capto
3091 611 3310 655 omnem
3345 595 3470 650 ﬁdei
3499 591 3678 646 aciem

409 719 699 772 funderent
729 730 793 770 ac
825 713 1181 783 dissiparent,
1224 719 1389 778 atque
1417 708 1626 762 idcirco
1657 705 1863 760 inimici
1894 703 2308 765 annitebantur,
2323 707 2394 756 'ut
2421 703 2577 758 illum
2606 699 2918 769 redigerent
2942 696 2998 748 in
3027 699 3377 761 potestatem.

480 815 547 866 At
581 813 669 866 ille
690 827 797 865 una
821 826 944 864 eum
969 824 1036 863 eo
1055 823 1216 876 quem
1239 807 1310 861 ab
1332 805 1489 859 initio
1508 803 1577 858 ad
1598 802 1756 856 fidem
1776 817 1843 856 ex
1865 801 1997 855 aedi-

410 914 504 954 Iuo
539 901 863 964 adduxerat,
905 899 1120 954 diaconi
1152 898 1264 967 jam
1307 912 1534 952 munere
1575 894 1856 962 fungente,
1882 893 1998 946 eol-

411 997 516 1048 lem
551 994 844 1064 quemdam
877 994 1154 1048 desertum
1189 998 1583 1060 occupaverat;
1613 995 1994 1054 persecutores

411 1097 594 1141 autem
637 1087 839 1140 indicio
867 1084 1153 1153 cujusdam
1185 1083 1364 1137 edocti
1387 1096 1497 1150 quo
1527 1081 1582 1134 in
1627 1080 1747 1132 loco
1779 1078 1994 1141 lateret,

416 1193 612 1247 magna
649 1177 995 1230 multitudine
1032 1172 1276 1242 vestigiis
1315 1170 1645 1225 inhaerentes
1682 1184 1696 1218 :
1739 1168 1833 1222 alii
1873 1167 1998 1237 qui-

416 1269 537 1322 dem
576 1268 854 1322 radicibus
888 1266 1043 1321 collis
1073 1263 1461 1319 circumsessis
1500 1262 1887 1322 observabant,
1925 1275 1993 1315 ne

416 1377 547 1432 qua.
584 1361 628 1415 si
672 1360 852 1429 fugam
884 1364 1182 1420 tentasset,
1210 1355 1442 1410 evadere
1487 1354 1663 1424 possit
1695 1372 1708 1419 ;
1739 1353 1990 1407 nonnulli

415 1470 568 1515 vero,
611 1453 704 1521 qui
740 1458 976 1504 montem
1013 1449 1321 1509 subierant,
1346 1448 1400 1500 in
1452 1446 1711 1500 omnibus
1747 1447 1994 1515 partibus

420 1553 752 1608 scrutantes,
784 1543 896 1613 jam
928 1555 1127 1610 magno
1161 1540 1238 1593 illi
1267 1546 1425 1595 erant
1476 1539 1532 1592 in
1569 1547 1868 1609 conspectu
1909 1553 1968 1593 re

419 1649 506 1692 cta
537 1639 601 1692 ad
629 1652 751 1692 eum
789 1635 1107 1691 subeuntes.
1139 1632 1234 1686 Ille
1269 1647 1397 1686 vero
1429 1631 1685 1686 comitem
1721 1631 2004 1690 hortatus,

420 1742 482 1786 ut
516 1732 667 1785 lirma
691 1739 853 1798 atque
884 1726 1188 1782 indubitata
1218 1739 1345 1794 erga
1384 1724 1550 1778 Deum
1582 1724 1779 1778 fiducia
1819 1726 2002 1780 consi-

423 1830 609 1882 steret,
646 1822 805 1889 eique
835 1818 1065 1874 salutem
1125 1817 1510 1876 committeret,
1539 1814 1790 1869 similiter
1843 1825 2005 1885 atque

423 1917 540 1983 ipse
571 1914 795 1977 faceret,
828 1925 1022 1964 manus
1050 1908 1116 1963 ad
1150 1908 1456 1962 orationem
1484 1909 1808 1972 extendens,
1833 1921 1897 1962 ac
1937 1924 2005 1964 ne

425 2009 469 2063 si
512 2022 682 2078 prope
719 2005 937 2075 quidem
995 2010 1382 2072 persecutores
1433 2001 1820 2064 accessissent,
1855 2010 2004 2055 metu
2032 2025 2046 2030 -

427 2099 582 2153 fidem
633 2110 923 2152 excussam
977 2092 1304 2163 projiceret,
1359 2092 1669 2161 exemplum
1721 2092 1843 2162 ejus
1897 2093 2002 2156 rei,

424 2205 590 2259 quam
631 2187 980 2256 prwcipiebat
1012 2163 1248 2239 diac'o‘no
1279 2184 1522 2255 seipsum
1550 2184 1847 2253 praebebat,
1877 2198 2003 2238 cum

424 2291 480 2337 et
543 2280 786 2334 immotis
823 2279 1031 2346 oculis,
1063 2288 1118 2334 et
1169 2279 1352 2349 passis
1393 2277 1649 2334 manibus
1706 2285 1762 2332 et
1813 2277 2003 2332 habitu

427 2373 602 2428 arduo
642 2381 804 2441 atque
850 2379 1038 2426 erecto
1087 2371 1290 2426 cmlum
1350 2370 1680 2426 intueretur.
1733 2371 1914 2440 Atque
1949 2371 2004 2425 hi

427 2463 646 2534 quidem
681 2463 796 2516 haec
851 2461 1118 2531 agebant;
1155 2461 1234 2515 illi
1278 2477 1435 2523 vero,
1470 2461 1565 2531 qui
1600 2459 1666 2515 ad
1718 2475 1845 2516 eum
1877 2476 2007 2515 eva-

427 2563 634 2616 serant,
661 2570 786 2609 cum
824 2555 999 2608 locum
1034 2563 1206 2608 totum
1257 2553 1712 2624 perlustrassent,
1757 2561 1812 2608 et
1869 2552 2007 2608 inibi

426 2650 612 2702 omnia
643 2648 863 2701 dumeta
932 2653 1096 2715 atque
1149 2645 1372 2706 arbusta
1392 2684 1406 2706 ,
1427 2645 1613 2700 omnia
1639 2643 2008 2716 prominentia

428 2755 584 2802 saxa,
627 2755 816 2794 omnes
843 2752 1108 2794 cavernas
1150 2739 1478 2812 voraginum
1513 2753 1638 2792 cum
1677 2752 1896 2805 summa
1926 2737 2010 2793 di-

392 2855 394 2858 ν
427 2831 652 2903 ligentia
684 2830 1010 2900 perscrutati
1039 2836 1246 2892 essent,
1268 2845 1464 2885 rursus
1503 2829 1571 2884 ad
1605 2829 1765 2883 collis
1793 2827 2008 2884 radices

428 2926 785 2988 contendunt,
831 2933 891 2977 ut
917 2929 1066 2976 metu
1092 2921 1555 2992 perscrutantium
1591 2920 1681 2976 ille
1735 2921 1790 2974 in
1823 2919 2007 2991 fugam

428 3033 627 3076 Versus
657 3017 716 3072 in
769 3022 1096 3086 potestatem
1136 3027 1327 3072 eorum
1367 3013 1601 3079 veniret,
1635 3013 1728 3083 qui
1765 3013 2006 3067 intimam

2173 801 2232 854 Ὀ
2268 800 2324 854 δὲ
2348 795 2415 870 ἦν
2439 796 2642 869 ἔρημόν
2662 811 2786 848 τινα
2806 787 3128 846 καταλαϐὼν
3153 783 3365 853 λοφιὰν,
3392 780 3534 850 ἔχων
3558 774 3678 870 μεθὶ

2093 889 2286 944 ἑαυτοῦ
2319 868 2410 943 τδν
2437 868 2502 941 ἐκ
2530 885 2798 957 νεωκόρου
2827 882 2946 936 κατ’
2985 878 3161 950 ἀρχὰς
3191 870 3572 946 προσαχθέντα
3610 868 3678 935 τῇ

2093 986 2295 1043 πίστει,
2328 983 2427 1054 ἤδη
2460 984 2524 1051 τῇ
2554 979 2738 1050 χάριτι
2767 976 2867 1046 τῆς
2902 970 3175 1031 διακονίας
3206 960 3677 1035 ύπηρετούμενον.

2093 1079 2214 1132 Τῶν
2258 1077 2314 1130 δὲ
2352 1050 2659 1129 διωκόντων
2689 1071 2809 1125 κατ’
2845 1068 2990 1139 ἴχνος
3041 1060 3323 1132 ἑπομένων
3372 1058 3432 1109 ἐν
3480 1050 3679 1121 πλήθει

2094 1171 2295 1242 πολλῷ,
2331 1169 2669 1240 μηνύσαντος
2689 1166 2870 1226 αὐτοῖς
2906 1161 2998 1214 τὸν
3033 1159 3198 1211 τόπον
3229 1152 3374 1216 τινὸς
3400 1143 3520 1217 ἐνῷ
3547 1165 3682 1202 κατ-

2098 1264 2401 1335 εκρύπτετο
2420 1279 2433 1291 ο
2464 1262 2514 1313 οί
2546 1261 2644 1329 μὲν
2685 1260 2744 1310 ἐν
2775 1254 2960 1324 κύκλῳ
2984 1251 3084 1323 τὴν
3143 1247 3420 1319 ὑπώρειαν
3463 1244 3563 1313 τῆς
3590 1242 3682 1294 λο-

2101 1327 2228 1424 cpiti;
2247 1327 2587 1411 διαλαϐόντες
2610 1346 2920 1416 ἐφύλαττον,
2941 1343 3089 1402 ὅπως
3108 1338 3172 1392 ἂν
3192 1331 3507 1408 μηδαμόθεν
3531 1327 3685 1424 αὐτῶ

2101 1447 2313 1515 γένοιτο
2344 1444 2648 1512 διαφυγεῖν,
2703 1439 2862 1509 εἰπερ
2895 1438 2974 1498 είς
3014 1433 3175 1486 τοῦτο
3215 1427 3454 1500 τραπείη
3481 1442 3496 1456 ·
3529 1425 3584 1476 οἱ
3626 1421 3683 1473 δὲ

2106 1537 2438 1608 προσϐάντες
2461 1534 2540 1604 τῷ
2568 1533 2703 1603 δρει,
2731 1529 2873 1583 κατὰ
2903 1528 3012 1581 πᾶν
3049 1524 3212 1595 μέρος
3239 1515 3680 1608 διερευνώμενοι,

2103 1631 2205 1702 ἤδη
2255 1629 2588 1695 καταφανεῖς
2623 1622 2862 1692 ἐγίνοντο
2906 1617 2986 1688 τῷ
3035 1613 3272 1686 μεγάλῳ,
3311 1608 3435 1663 κατ’
3467 1604 3683 1659 εὐθεῖαν

2106 1698 2240 1793 πρός
2271 1721 2434 1774 αύτὸν
2464 1716 2870 1788 ἀνατρέχοντες.
2918 1713 3154 1771 Ἐκεῖνος
3184 1707 3239 1760 δὲ
3259 1698 3685 1767 διακελευσάμεο

2105 1833 2193 1879 νος
2217 1814 2294 1884 τῷ
2326 1814 2441 1884 μετ’
2465 1809 2653 1871 αὑτοῦ,
2679 1807 2874 1878 στερεᾷ
2906 1821 2966 1857 τε
3002 1801 3095 1856 καὶ
3136 1797 3449 1865 άδιστάκτῳ
3477 1796 3544 1863 τῇ
3588 1807 3682 1842 πε-

2106 1908 2355 1978 ποιθήσει
2393 1905 2584 1973 στῆναι
2623 1901 2758 1972 πρὸς
2791 1899 2883 1952 τὸν
2912 1895 3066 1956 Θεὸν,
3107 1892 3201 1945 κοιλ⁵
3247 1882 3684 1942 κατα-πιστεῦσαι

2107 1999 2204 2068 τὴν
2234 1976 2508 2068 σωτηρίαν
2537 1991 2706 2062 αὐτῷ,
2740 1990 2840 2052 τὰς
2873 1991 3059 2058 χεῖρας
3088 1985 3168 2046 είς
3205 1978 3516 2051 προσευχὴν
3549 1976 3684 2028 ἀνα-

2109 2090 2379 2153 τείναντα,
2414 2087 2508 2140 καὶ
2533 2084 2666 2156 μηδέ
2697 2084 2744 2136 εί
2779 2080 3007 2151 πλησίον
3037 2077 3280 2146 γένοιντο
3301 2072 3352 2125 οί
3393 2070 3683 2130 διώκοντες

2109 2181 2505 2255 ἐκκρουσθῆναι
2531 2177 2609 2248 τῷ
2640 2175 2790 2245 φόϐῳ
2819 2172 2918 2243 τὴν
2946 2170 3148 2222 πίστιν·
3173 2164 3486 2255 ὑπόδειγμα
3510 2160 3568 2213 δὲ
3586 2158 3684 2228 τῆς

2107 2253 2480 2345 παραγγελίας
2519 2269 2711 2323 ἑαυτὸν
2750 2265 2922 2318 ἐποίει
2957 2261 3036 2332 τῷ
3073 2259 3336 2326 διακόνῳ,
3380 2253 3601 2325 βλέπων
3631 2268 3684 2302 τε

2109 2368 2246 2439 πρὸς
2272 2363 2498 2436 οὐρανὸν
2538 2358 2937 2429 ἀμετατρέπτῳ
2965 2356 3194 2426 ὄμματι,
3227 2349 3319 2404 καὶ
3355 2344 3687 2414 τεταμέναις

2108 2465 2225 2524 ταῖς
2258 2459 2443 2530 χερσὶν
2468 2459 2526 2510 ἐν
2557 2453 2723 2527 ὀρθίῳ
2753 2451 2831 2522 τῷ
2862 2451 3122 2521 σχήματι·
3155 2446 3248 2499 καὶ
3279 2445 3328 2497 οί
3363 2443 3462 2514 μὲν
3484 2443 3542 2493 ἐν
3565 2440 3690 2491 τού-

2108 2574 2220 2619 τοις
2239 2551 2400 2626 ἦσαν.
2434 2554 2499 2606 Οἱ
2522 2551 2579 2605 δὲ
2603 2550 2740 2622 πρὸς
2759 2549 2955 2611 αὐτοὺς
2981 2541 3403 2613 ἀναδραμόντες,
3434 2534 3689 2605 πανταχῆ

2109 2649 2200 2701 τὸν
2258 2645 2421 2699 τόπον
2475 2641 2970 2713 περισκεψάμενοι,
3029 2635 3121 2689 καὶ
3182 2633 3363 2686 πᾶσαν
3429 2627 3690 2681 ἔνστασιν

2111 2741 2336 2810 θάμνου,
2364 2737 2458 2791 καὶ
2488 2738 2666 2789 πᾶσαν
2697 2733 2899 2804 πέτρας
2938 2725 3265 2802 προσϐολὴν,
3294 2723 3388 2777 καὶ
3416 2723 3603 2776 πᾶσαν
3626 2720 3692 2771 ἐκ

2109 2833 2387 2907 χαράδρας
2414 2831 2702 2900 κοιλότητα
2733 2827 2871 2898 μετὰ
2907 2826 3087 2894 πάσης
3110 2820 3393 2891 ἀκριϐείας
3412 2815 3692 2907 διερευνη-

2113 2927 2360 2996 σάμενοι,
2397 2923 2559 2976 πάλιν
2589 2921 2687 2991 τὴν
2727 2918 3003 2990 ὑπώρειαν
3032 2909 3566 2982 καταλαμβάνουσιν,
3616 2903 3692 2966 ὡς

2111 3019 2262 3090 φόϐῳ
2293 3019 2400 3071 τῶν
2427 3013 2868 3086 διερευνωμένων
2906 3011 2986 3072 είς
3015 3007 3193 3077 φυγὴν
3231 3001 3550 3075 τραπόντων
3579 2999 3692 3058 τοῖς

430 3120 641 3183 partem
702 3109 864 3164 collis
896 3107 1400 3182 circumsepissent,
1429 3103 1500 3161 Ut
1532 3106 1700 3177 igitur
1730 3119 1910 3177 neque
1943 3103 2008 3158 ab

2115 3111 2265 3165 κάτω
2311 3104 2866 3181 περιεστοιχισμένοις
2913 3101 3019 3155 ὑπὸ
3067 3103 3225 3172 χεῖρα
3278 3091 3559 3165 γενέσθαι.
3606 3091 3693 3183 Ὠς

435 3204 520 3260 his
542 3203 797 3258 inventus
826 3211 930 3266 est,
965 3216 1145 3270 neque
1171 3195 1314 3272 apud
1359 3200 1482 3255 illos
1521 3207 1661 3263 erat,
1685 3205 1852 3268 atque
1883 3211 2009 3267 spe-

433 3295 649 3369 eulator
707 3294 796 3349 ille
843 3293 1023 3348 locum
1080 3293 1172 3346 ubi
1223 3307 1457 3361 magnus
1504 3291 1598 3347 ille
1654 3290 2005 3362 consisteret,

436 3389 608 3460 signis
636 3385 1010 3450 describebat,
1039 3386 1096 3440 in
1131 3401 1239 3455 quo
1286 3385 1410 3440 loco
1443 3392 1781 3441 scrutatores
1810 3392 2009 3452 prazter

435 3484 575 3536 duas
610 3481 879 3535 duntaxat
909 3479 1134 3532 arbores
1160 3478 1442 3547 paululum
1475 3477 1620 3532 inter
1652 3493 1711 3532 se
1740 3477 2010 3532 distantes

438 3574 712 3629 neminem
752 3588 810 3626 se
841 3571 1047 3627 vidisse
1091 3569 1452 3625 afﬁrmabant.
1486 3567 2008 3642 Digressistaudem

441 3663 844 3719 scrutatoribus
864 3677 987 3717 cum
1011 3661 1348 3736 substitisset
1388 3659 1571 3725 index,
1606 3668 1771 3729 atque
1803 3661 1858 3714 in
1883 3674 2010 3732 ora-

440 3759 591 3813 tione
621 3766 674 3812 ct
711 3757 887 3831 ipsum
938 3754 1097 3810 illum
1147 3753 1326 3808 virum
1383 3768 1640 3823 magnum
1671 3762 1725 3807 et
1753 3753 2010 3807 comitem

441 3852 563 3921 ejus
586 3849 926 3911 offendisset,
952 3856 1116 3918 atque
1158 3849 1212 3900 in
1261 3861 1363 3917 ope
1418 3846 1606 3900 divina
1645 3844 1853 3900 factum
1887 3861 2012 3901 esse

437 3943 733 4013 judicaret,
764 3948 823 3994 ut
856 3939 932 3993 illi
965 3938 1425 4009 persequentibus
1455 3937 1682 4010 arbores
1710 3953 1834 4013 esse
1861 3938 2014 3991 vide-

443 4046 653 4098 rentur,
685 4032 994 4104 procumbit
1022 4032 1071 4086 ei
1111 4032 1178 4086 ad
1208 4031 1396 4102 p‘edes,
1423 4030 1710 4100 creditque
1749 4030 2011 4104 sermoni,

441 4136 496 4182 et
515 4126 609 4196 qui
642 4101 804 4196 paulo
826 4133 951 4179 ante
974 4101 1296 4193 persecutor
1321 4121 1524 4187 fuerat,
1558 4114 1701 4176 unus
1734 4136 1800 4173 ex
1827 4101 2014 4189 profué

443 4223 526 4291 gis
552 4219 732 4275 fiebat.
761 4218 899 4273 Cum
936 4217 1101 4291 igitur
1129 4216 1302 4270 multo
1329 4222 1575 4283 tempore
1607 4214 1663 4267 in
1715 4211 2015 4267 solitudine

444 4317 731 4366 manerent
779 4290 1176 4378 (invalescebat
1224 4305 1370 4360 enim
1415 4305 1614 4360 bellum
1661 4302 1924 4358 adversus
1954 4301 2016 4372 fi-

446 4404 591 4466 dem,
631 4401 863 4473 przeside
896 4398 1188 4468 provinciae
1217 4397 1454 4467 graviter
1499 4395 1756 4457 saeviente
1808 4395 1861 4448 in
1894 4410 2012 4458 eos,

445 4495 540 4564 qui
561 4491 802 4547 sermoni
822 4477 1609 4559 pietatisadlimrerent),atque
1628 4501 1819 4540 omnes
1845 4485 1897 4536 in
1927 4482 2017 4562 fu-
2049 4477 2092 4532 1)

447 4600 569 4656 gam
611 4584 753 4637 versi
785 4589 966 4636 essent
994 4597 1010 4633 :
1043 4589 1398 4650 posteaquam
1453 4577 1600 4648 quod
1633 4575 1700 4630 ad
1756 4591 2014 4646 maguum

448 4676 603 4730 illum
629 4674 807 4728 virum
844 4672 1056 4733 attinet,
1086 4670 1515 4746 desperaverant
1559 4683 1684 4735 eum
1719 4666 2017 4736 aliquando

445 4772 501 4825 in
553 4777 878 4840 potestatem
921 4764 1364 4838 persequentium
1397 4769 1689 4829 venturum
1719 4777 1731 4812 :
1764 4769 1895 4813 tunc
1924 4759 2020 4813 ad-

422 4845 641 4920 versus
665 4862 908 4932 reliquos
931 4859 1203 4914 rabiosam
1237 4856 1503 4912 sazvitiam
1537 4867 1692 4926 suam
1721 4860 2017 4914 vertentes,

449 4957 506 5010 iu
560 4954 818 5010 omnibus
863 4951 1114 5021 partibus
1171 4947 1472 5018 provincia:
1532 4942 2020 5013 pcr;crutabantur

448 5061 642 5102 omnes
687 5026 939 5100 similiter
984 5050 1095 5094 tam
1155 5033 1414 5092 mulieres
1458 5045 1512 5092 et
1574 5052 1800 5106 pueros,
1855 5051 2018 5104 quam

447 5143 631 5204 viros,
665 5138 984 5211 quicunque
1015 5149 1210 5188 nomen
1262 5130 1464 5186 Christi
1503 5137 1918 5189 venerarentur,
1957 5143 2021 5198 ac

449 5231 742 5285 trahebant
787 5229 853 5281 ad
888 5227 1100 5286 urbem,
1131 5231 1188 5277 ct
1229 5236 1481 5275 carceres
1510 5220 1878 5290 complebant,
1907 5219 2022 5287 pie-

451 5329 619 5373 tatem
650 5319 731 5372 eis
771 5315 1001 5370 alterius
1025 5313 1332 5382 cujuspiam
1367 5311 1487 5364 loco
1518 5309 1771 5364 maleficii
1805 5309 2019 5364 crimini

452 5412 669 5473 dantes,
699 5408 835 5463 adeo
871 5414 928 5462 ut
957 5406 1012 5459 in
1044 5405 1194 5459 nullo
1227 5403 1337 5456 alio
1371 5402 1588 5472 publico
1632 5402 1848 5471 negotio
1872 5402 2020 5469 judi-

452 5505 537 5556 cia
600 5509 730 5554 tunc
785 5509 1051 5567 occupata
1101 5502 1323 5560 essent,
1364 5502 1723 5564 praeterquam
1773 5493 1916 5562 quod
1968 5493 2022 5547 id

453 5596 630 5648 solum
669 5593 1025 5662 magistratus
1059 5591 1287 5660 agebat,
1321 5597 1382 5642 ut
1415 5602 1575 5642 omne
1604 5602 1777 5657 genus
1817 5586 2022 5656 suppli-

453 5685 662 5750 ciorum
694 5683 954 5750 variaque
987 5687 1254 5755 tormenta
1276 5679 1508 5732 solerter
1529 5676 1838 5747 excogitata
1871 5673 2023 5730 adhi-

454 5779 647 5845 berent
682 5774 748 5830 iis
771 5817 784 5842 ,
816 5773 910 5844 qui
947 5774 1107 5830 fidem
1147 5771 1622 5841 amplecterentur.

2115 3200 2207 3258 οὖν
2235 3202 2360 3255 οὕτε
2383 3199 2533 3271 παρὰ
2565 3197 2769 3251 τούτων
2803 3193 3023 3265 εὑρέθη,
3058 3191 3152 3244 καὶ
3181 3188 3309 3261 παρ’
3333 3185 3567 3249 ἐκείνοις
3593 3182 3694 3235 οὐκ

2115 3291 2209 3366 ἦν’
2250 3295 2279 3359 ὁ
2316 3293 2373 3347 δὲ
2396 3292 2486 3346 τὸν
2509 3291 2669 3345 τόπον
2700 3289 2800 3358 τῆς
2820 3284 2915 3340 τοῦ
2949 3283 3183 3356 μεγάλου
3217 3278 3494 3348 διαγωγῆς
3522 3293 3695 3331 καταο

2119 3386 2456 3458 σκεψάμενος
2489 3382 2734 3454 σημείοις
2769 3379 3107 3450 ὑπέγραφεν,
3135 3377 3192 3428 ἐν
3213 3367 3259 3442 ᾧ
3291 3371 3694 3426 διεϐεϐαιοῦντο

2115 3481 2166 3532 οί
2201 3477 2492 3550 ζητοῦντες
2527 3473 2722 3546 μεδένα
2751 3471 3073 3542 ἑωρακέναι,
3111 3467 3248 3537 πλὴν
3281 3467 3330 3519 εί
3361 3465 3436 3536 μὴ
3464 3464 3560 3518 δύο
3584 3464 3694 3518 δέν-

2115 3571 2218 3644 δρα
2245 3570 2405 3640 μόνον
2451 3565 2646 3638 μικρὸν
2674 3563 2766 3617 ἀπ’
2795 3561 3040 3633 ἀλλήλων
3080 3557 3419 3629 διεστηκότα.
3468 3557 3691 3609 Ἀνακε-

2116 3663 2445 3738 χωρηκότων
2475 3660 2529 3713 δὲ
2561 3659 2670 3719 τῶν
2708 3655 3034 3728 ζητούντων,
3071 3652 3412 3722 ὑπολειφθεὶς
3452 3653 3482 3704 ό
3517 3669 3690 3722 μηνυ-

2117 3761 2236 3830 τὴς,
2272 3757 2363 3811 καὶ
2389 3754 2709 3818 καταλαϐὼν
2731 3755 2788 3806 ἐν
2814 3752 3089 3823 προσευχῇ
3119 3748 3282 3801 αὐτόν
3311 3765 3370 3800 τε
3400 3747 3493 3800 τὸν
3520 3748 3693 3817 μέγαν

2119 3851 2214 3905 καὶ
2247 3850 2338 3902 τὸν
2373 3849 2469 3901 σὺν
2503 3845 2673 3916 αύτῷ,
2706 3844 2799 3897 καὶ
2825 3843 2984 3909 γνοὺς
3019 3842 3118 3912 τὴν
3153 3839 3301 3892 θείαν
3333 3839 3601 3910 φρουρὰν,
3629 3837 3694 3890 δι’

2117 3938 2184 4014 ἧς
2211 3944 2406 3994 ἐκεῖνοι
2438 3938 2629 4014 δένδρα
2656 3939 2765 3999 τοῖς
2800 3933 3081 3987 διώκουσιν
3112 3931 3495 4001 ἐνομίσθησαν,
3526 3947 3695 4000 προσ-

2119 4036 2306 4096 πίπτει
2338 4050 2397 4086 τε
2435 4031 2602 4100 αὐτῷ,
2643 4029 2737 4082 καὶ
2773 4026 3018 4080 πιστεύει
3057 4023 3134 4096 τῷ
3165 4025 3326 4095 λόγῳ.
3373 4023 3483 4077 Καὶ
3523 4025 3552 4076 ὁ
3592 4023 3697 4093 πρὸ

2122 4125 2348 4198 βραχέος
2379 4120 2633 4192 διώκτης,
2662 4116 2741 4184 εἷς
2767 4119 2874 4172 τῶν
2904 4117 3207 4193 φευγόντων
3229 4116 3464 4185 ἐγένετο.
3497 4115 3698 4170 Μενάν-

2119 4236 2226 4272 των
2249 4217 2427 4270 τοίνυν
2452 4215 2593 4275 κατὰ
2621 4213 2719 4285 τὴν
2759 4212 2963 4284 ἔρημον
3004 4211 3192 4283 χρόνον
3227 4210 3392 4263 πολὺν
3431 4210 3694 4280 (ἐπεκρά-

2119 4329 2202 4377 τει
2230 4311 2340 4379 γὰρ
2380 4310 2403 4364 ἐ
2436 4307 2577 4365 κατὰ
2617 4307 2718 4377 τῆς
2746 4306 2980 4368 πίστεως
3020 4303 3272 4373 πόλεμος,
3312 4301 3564 4372 χαλεπῶς
3603 4299 3694 4353 τού

2121 4401 2534 4472 καθηγουμένου
2559 4398 2701 4454 κατὰ
2726 4398 2833 4452 τῶν
2857 4394 3293 4468 προστιθεμένων
3322 4393 3398 4464 τῷ
3431 4392 3577 4463 λόγῳ
3599 4392 3696 4462 τῆς

2122 4493 2401 4556 εὐσεϐείας
2442 4491 2789 4555 λυσσῶντος),
2832 4491 2926 4542 καὶ
2965 4488 3181 4540 πάντων
3231 4485 3364 4556 πρὸς
3398 4483 3578 4554 φυγὴν
3609 4501 3696 4537 τεο

2122 4585 2486 4656 τραμμένωνο
2529 4581 2715 4652 ἐπειδὴ
2755 4581 2816 4633 τὸ
2852 4579 2994 4633 κατὰ
3027 4578 3117 4631 τὸν
3164 4578 3336 4648 μέγαν
3369 4575 3551 4638 αὐτοῖς
3602 4574 3698 4628 ἀπ’

2124 4677 2343 4740 ἐλπίδος
2359 4671 2448 4748 ἦν,
2475 4675 2549 4739 ὡς
2578 4674 2678 4728 οὐκ
2710 4673 2775 4726 ἂν
2801 4671 2905 4724 ὑπὸ
2935 4671 3089 4742 χεῖρά
3113 4687 3240 4722 ποτε
3266 4669 3554 4740 γενόμενον
3590 4669 3699 4729 τοῖς

2124 4764 2409 4822 διώκουσιο
2453 4763 2576 4828 τότε
2629 4761 2774 4815 κατὰ
2807 4761 2915 4813 τῶν
2955 4759 3262 4816 ὑπολοίπων
3307 4759 3405 4828 τὴν
3445 4757 3695 4825 λυσσώδη

2129 4856 2323 4927 μανίαν
2358 4853 2566 4907 ἑαυτῶν
2600 4851 2920 4924 τρέψαντες,
2965 4848 3212 4919 πανταχῆ
3257 4846 3398 4900 κατὰ
3441 4845 3503 4898 τὸ
3546 4845 3699 4908 ἔθνος

2125 4946 2484 5017 διηρευνῶντο
2530 4945 2736 5006 πάντας
2765 4943 2963 5014 ὁμοίως
2995 4941 3193 5012 ἄνδρας
3228 4957 3286 4993 τε
3317 4940 3409 4993 καὶ
3433 4943 3700 5008 γυναῖκας

2128 5039 2224 5092 καλ¹
2270 5037 2488 5100 παῖδας,
2519 5037 2664 5099 ὅσοις
2709 5034 2771 5087 τὺ
2801 5034 2972 5104 ὄνομα
3014 5032 3109 5085 τού
3155 5029 3391 5103 Χριστοῦ
3428 5030 3490 5084 τὸ
3535 5031 3699 5082 σεϐά-

2131 5145 2289 5200 σμιον
2322 5123 2390 5198 ἦν
2413 5143 2426 5155 ·
2474 5127 2570 5179 καὶ
2607 5121 2788 5192 εἷλκον
2817 5123 2910 5177 ἐπὶ
2935 5122 3033 5193 τὴν
3059 5121 3234 5183 πόλιν,
3265 5121 3359 5174 καὶ
3394 5119 3462 5172 τά
3492 5119 3700 5189 δεσμωο

2126 5223 2291 5291 τήρια
2310 5219 2552 5289 κατεπλή
2563 5237 2703 5290 ρουν,
2725 5218 2838 5270 ἀντ’
2859 5215 3022 5283 ἄλλης
3052 5214 3194 5277 τινὸς
3221 5213 3431 5275 ἀδικίας
3453 5211 3699 5283 ἔγκλημα

2129 5313 2439 5383 ποιούμενοι
2465 5315 2584 5366 κατ’
2610 5310 2788 5364 αὐτῶν
2814 5309 2911 5379 τὴν
2938 5307 3239 5369 εὐσέϐειαν,
3266 5305 3340 5368 ὡς
3370 5304 3555 5375 μηδενὶ
3581 5305 3696 5356 τότε

2127 5405 2235 5457 τῶν
2266 5405 2459 5457 κοινῶν
2495 5399 2978 5475 προσασχολείσθαι
3005 5399 3073 5452 τὰ
3103 5399 3444 5466 δικαστήρια,
3478 5395 3512 5464 ἢ
3546 5395 3698 5447 τοῦτο

2133 5498 2291 5568 μόνον
2320 5496 2407 5549 διὰ
2447 5494 2683 5562 σπουδῆς
2716 5495 2828 5555 τοῖς
2863 5489 3154 5560 κρατοῦσιν
3191 5483 3348 5550 εἶναι,
3391 5486 3452 5538 τὸ
3499 5488 3697 5545 πάντας

2131 5589 2424 5657 αἰκισμοὺς
2476 5587 2569 5639 καὶ
2621 5583 2880 5647 παντοίας
2930 5580 3289 5654 στρεϐλώσεις
3337 5578 3405 5631 δι’
3462 5577 3695 5638 ἐπινοίας

2130 5683 2358 5752 ἐπάγειν
2389 5681 2528 5735 κατὰ
2555 5678 2660 5733 τῶν
2691 5675 3063 5748 ἀντεχομένων
3092 5675 3190 5744 τῆς
3232 5672 3486 5735 πίστεως.

3201 5779 3230 5810 κ
