3834 6428
193 314 310 372 949

1162 331 1251 391 DE
1285 335 1447 392 VlTA
1484 339 1541 395 S.
1584 341 1914 401 GREGORII
1939 346 2469 408 THAUMATURGI.

3356 353 3462 409 950

278 438 543 545 Ἔνθαλδὴι
562 444 658 496 καὶ
695 448 890 517 μᾶλλον
935 454 1068 507 πᾶσι
1119 457 1418 527 κατάδηλον
1452 460 1682 528 γίνεται,
1723 465 1766 517 τε

1956 467 2112 523 Tunc
2147 486 2278 525 vero
2306 472 2467 526 etiam
2498 474 2673 543 magis
2708 475 2886 545 palam
2917 473 3171 529 omnibus
3204 472 3283 539 ﬁt,
3307 475 3456 544 quod

197 530 374 599 μηδὲν
402 533 553 586 ἀθεεὶ
586 536 677 591 τὸν
717 541 891 609 μέγαν
916 545 1118 598 ἐκεῖνον
1146 546 1513 616 βουλεύεσθαι.
1537 553 1779 619 Φυλάξας

192 620 315 691 γὰρ
345 623 540 678 ἑαυτὸν
566 625 653 681 διὰ
697 626 796 701 τῆς
830 634 1005 715 φυγῆς
1036 635 1113 707 τῷ
1145 638 1258 710 λαῷ
1277 681 1291 705 ,
1317 642 1468 712 κοινὴ
1497 646 1780 715 συμμαχία

191 715 318 807 τοῖς
349 714 509 807 ,ὑπὲρ
539 717 639 787 τῆς
690 714 928 787 πίστεως
969 726 1387 800 ἀγωνιζομένοις
1445 714 1647 788 ἅπασιν

193 803 474 902 βαθάπερ
507 809 613 881 γὰρ
650 814 777 902 περὶ
802 815 897 868 τοῦ
921 819 1196 885 Μωῦσέως
1222 823 1510 894 ἀκούομεν,
1546 828 1627 881 ὅτι
1650 803 1780 902 ἰτόρ⁴

196 894 381 987 ρωθεν
408 898 729 969 ἀφεστηκὼς
747 904 845 974 τῆς
873 907 981 961 τῶν
1006 910 1378 981 Ἀμαληκιτῶν
1400 894 1774 987 παρατάξεως,

188 984 294 1038 διὰ
319 991 623 1061 προσευχῆς
647 992 872 1049 ἐνετίθει
896 1000 1010 1063 τοῖς
1036 1002 1326 1071 ὁμοφύλοις
1358 1008 1498 1061 κατὰ
1528 1010 1635 1063 τῶν
1675 1013 1777 1064 ὑπ-

186 1078 463 1132 εναντίων
480 1079 579 1151 τὴν
601 1081 822 1155 δύναμιν
848 1105 860 1117 ·
884 1089 1023 1143 κατά
1055 1092 1145 1145 τὸν
1173 1095 1333 1151 αὑτὸν
1360 1100 1554 1168 τρόπον
1594 1102 1777 1155 κάκεῖ-

190 1184 309 1262 νος,
331 1166 441 1262 οἷον
473 1172 683 1244 ἐφορῶν
701 1177 777 1246 τῷ
805 1179 1065 1253 ὀφθαλμῷ
1079 1184 1179 1253 τῆς
1204 1184 1383 1258 ψυχῆς
1396 1166 1465 1240 τὰ
1495 1191 1772 1262 γινόμενα,

188 1259 299 1327 τὴν
334 1259 483 1314 θείαν
511 1265 827 1321 ἐπεκαλεῖτο
848 1273 1163 1343 συμμαχίαν
1194 1276 1332 1347 ὑπὲρ
1354 1278 1459 1331 τῶν
1493 1259 1776 1336 ὲναθλούν-

188 1365 307 1401 των
348 1353 414 1421 τῇ
444 1352 703 1426 ὁμολογία
748 1359 845 1427 τῆς
887 1362 1140 1427 πίστεως.
1181 1366 1291 1418 Καί
1340 1386 1467 1421 ποτε
1504 1373 1641 1439 μετὰ
1666 1374 1773 1426 τῶν

191 1444 467 1497 συνόντων
504 1447 641 1499 κατά
679 1447 737 1499 τὸ
780 1449 1008 1520 σύνηθες
1038 1454 1113 1525 τῷ
1152 1455 1271 1526 Θεῷ
1316 1462 1771 1532 προσευχόμενος,

187 1532 406 1626 ἀθρόως
436 1536 645 1603 ἀγῶνός
664 1556 722 1591 τε
747 1540 839 1593 καὶ
868 1541 1093 1613 θορύϐου
1118 1549 1538 1621 καταπλησθεὶς,
1558 1554 1772 1626 ἔνδηλος

184 1619 261 1695 ἦν
289 1628 348 1678 ὲν
382 1631 492 1691 τοῖς
522 1632 785 1702 παροῦσιν
810 1630 919 1689 οἷον
954 1636 1307 1710 ξενιζόμενος,
1340 1646 1432 1698 καὶ
1463 1648 1771 1717 ὲναγωνιῶν

184 1715 273 1786 τῷ
329 1718 579 1789 θεάματι,
626 1724 718 1776 καὶ
739 1726 837 1796 τὴν
872 1729 1038 1801 ἀκοὴν
1093 1733 1322 1803 ἐπέχων,
1360 1737 1608 1809 καθάπερ
1637 1742 1768 1811 ἦχου

1886 558 2021 613 nihil
2079 560 2201 615 sine
2260 563 2485 618 numine
2535 565 2723 619 divino
2789 566 3001 626 consilii
3065 580 3295 636 magnus
3368 565 3460 621 ille

1886 650 1970 703 vir
1994 650 2175 706 iniret.
2204 652 2342 706 Nam
2372 669 2495 708 cum
2535 671 2631 725 per
2658 656 2839 727 fugam
2872 672 2930 711 se
2985 658 3185 726 popqu
3233 672 3459 712 conser-

1885 755 2089 809 vasset,
2122 760 2414 802 commune
2440 749 2698 803 omnibus
2734 765 2833 819 pro
2898 749 3001 803 fide
3042 750 3458 804 decertantibus

1885 836 2147 890 auxilium
2209 846 2373 907 atque
2420 840 2730 905 prmsidium
2786 850 2920 893 erat.
2988 839 3457 906 Quemadmodum

1882 926 2028 980 enim
2055 927 2123 982 de
2146 927 2333 999 Moyse
2360 930 2637 994 audimus,
2678 931 2821 999 quod
2858 947 2981 985 cum
3007 934 3199 1001 procul
3241 934 3460 991 abesset

1884 1019 1952 1071 ab
1982 1020 2098 1074 acie
2129 1020 2581 1084 Amalecitarum,
2620 1038 2716 1091 per
2745 1025 3046 1078 orationem
3096 1026 3457 1095 popularibus

1882 1106 2030 1161 vires
2056 1108 2319 1163 adversus
2343 1109 2531 1164 hostes
2575 1109 2845 1178 injiceret,
2874 1110 3067 1166 eodem
3094 1113 3256 1168 modo
3285 1115 3453 1168 etiam

1836 1216 1841 1217 ί
1883 1200 1973 1253 ille
2007 1201 2167 1269 quasi
2198 1203 2367 1255 animi
2404 1203 2578 1257 oculis
2605 1203 2910 1258 intueretur
2939 1218 3003 1258 ea
3058 1220 3178 1274 qua:
3232 1206 3453 1269 ﬁebant,

1881 1290 2125 1345 divinum
2159 1294 2419 1347 auxilium
2454 1310 2551 1364 pro
2610 1296 2699 1359 iis,
2734 1296 2828 1365 qui
2878 1296 3101 1352 nomine
3160 1296 3282 1352 fidei
3323 1313 3454 1352 con-

1882 1381 2140 1439 fessionis
2168 1383 2536 1449 decertarent,
2557 1386 2871 1449 invocabat,
2907 1390 3454 1459 cumquealiquando

1881 1490 1986 1527 una
2024 1490 2146 1528 cum
2193 1474 2583 1541 familiaribus,
2640 1486 2699 1531 ut
2730 1480 2957 1545 solebat,
2998 1480 3164 1535 Deum
3204 1496 3455 1550 precare-

1880 1573 1990 1627 tur,
2025 1573 2246 1633 repento
2269 1582 2472 1635 angore
2501 1582 2566 1620 ac
2607 1568 2974 1637 trepidatione
3010 1568 3251 1638 repletus
3277 1568 3343 1623 iis
3359 1567 3451 1638 qui

1879 1657 2108 1711 aderant
2152 1658 2311 1726 quasi
2368 1674 2480 1713 rem
2538 1674 2731 1713 novam
2785 1659 3046 1713 admirari
3104 1667 3159 1714 et
3202 1675 3266 1715 eo
3307 1659 3454 1729 quod

1879 1755 2150 1817 spectaret
2210 1750 2359 1819 angi,
2409 1758 2465 1805 ct
2518 1751 2686 1804 veluti
2735 1764 2872 1805 sono
2917 1750 3153 1820 quodam
3213 1749 3279 1803 ad
3327 1766 3451 1804 eum

184 1809 338 1911 τινος
390 1813 525 1881 πρὸς
577 1816 739 1870 αὑτὸν
789 1819 1169 1888 διαϐαίνοντος.
1223 1827 1333 1880 Καὶ
1385 1809 1766 1902 διαγενομένου

1871 1842 2197 1909 pertinente,
2229 1857 2391 1896 aures
2424 1841 2714 1896 admovere
2745 1849 2931 1911 aperte
2957 1842 3265 1903 videbatur,
3292 1852 3454 1911 atque

182 1898 557 1972 διαστήματος
593 1905 692 1957 οὐκ
747 1907 966 1977 ὀλίγου,
1004 1913 1191 1980 μείνας
1238 1916 1414 1969 πάντα
1463 1920 1553 1971 τὸν
1584 1923 1642 1972 ἐν
1695 1920 1773 1992 τῷ

187 1990 348 2061 μέσῳ
382 1994 589 2062 χρόνον,
621 1997 845 2069 ἀκλινὴς
880 2002 973 2054 καὶ
999 2003 1273 2075 ἀκίνητος,
1309 2003 1409 2060 εἷθ’
1460 2009 1648 2082 ὥσπερ
1677 2013 1771 2066 τοῦ

184 2084 555 2153 προκειμένου
588 2087 857 2159 θεάματος
878 2095 957 2156 εἰς
987 2095 1190 2162 ἀγαθὸν
1228 2097 1647 2170 καταλήξαντος,
1670 2104 1772 2157 πά-

182 2173 272 2225 λιν
323 2175 590 2247 ἐπανῆλθε
634 2196 691 2230 τε
730 2181 865 2251 πρὸς
892 2183 953 2236 τὸ
1002 2185 1252 2257 σύνηθες,
1288 2190 1380 2241 καὶ
1414 2191 1771 2263 ἀνευφήμησε

181 2264 281 2316 τὸν
314 2265 446 2317 Θεὸν
471 2268 529 2318 ὲν
564 2267 922 2344 λαμπροτάτῃ
950 2278 1097 2346 φωνῇ
1122 2318 1137 2342 ,
1166 2278 1257 2330 τὸν
1286 2280 1549 2333 ἐπινίκιόν
1585 2298 1641 2335 τε
1681 2284 1774 2337 καὶ

183 2354 612 2446 εύχαριστήριον
674 2359 842 2432 ὕμνον
892 2365 1479 2439 ἐπιφθεγξάμενος,ὀν
1534 2373 1773 2446 πολλαχῆ

178 2445 291 2514 τῆς
347 2446 663 2519 ψαλμῳδίας
717 2454 811 2507 τοῦ
857 2456 1021 2510 Δαϐὶδ
1069 2460 1338 2532 ἀκούομεν
1386 2463 1668 2533 λέγοντος,
1712 2445 1774 2521 τδ

191 2536 536 2607 Εὐλογητὸς
560 2546 594 2596 ό
622 2544 782 2610 Θεὸς,
818 2547 884 2612 ὃς
915 2552 1025 2603 οὐκ
1045 2552 1269 2607 ἔδωκεν
1292 2555 1444 2624 ἡμᾶς
1470 2558 1556 2623 είς
1585 2558 1775 2627 θήραν

183 2630 317 2696 τοῖς
355 2632 604 2688 ὀδοῦσιν
633 2637 850 2694 αὐτῶν.
883 2642 1001 2695 Τῶν
1038 2644 1094 2697 δὲ
1128 2647 1254 2717 περὶ
1283 2648 1443 2702 αὑτὸν
1472 2650 1771 2721 θαυμαστιο

185 2722 306 2787 κῶς
357 2725 730 2793 διατεθέντων,
765 2731 858 2785 καὶ
911 2736 1101 2805 μαθεῖν
1154 2739 1467 2805 ἀξιούντων,
1491 2743 1519 2795 ὅ
1550 2743 1603 2795 τί
1642 2761 1771 2798 ποτε

184 2814 276 2883 εἴη
308 2814 368 2867 τὸ
394 2818 451 2869 ἐν
485 2819 779 2891 ὀφθαλμοῖς
825 2825 986 2878 αὐτοῦ
1030 2830 1316 2899 γενόμενον
1348 2832 1525 2904 Θέαμα
1548 2877 1561 2900 ,
1597 2838 1771 2889 εἰπεῖν

183 2905 434 3001 λέγεται,
469 2909 611 2979 μέγα
641 2914 840 2984 πτῶμα
869 2918 1011 2970 κατά
1044 2921 1141 2991 τὴν
1173 2922 1321 2994 ῶραν
1346 2926 1561 2998 ἐκείνην
1589 2930 1768 3001 ἑωρα-

185 2999 365 3063 κέναι,
408 3005 938 3072 καταπαλαισθέντος
996 3011 1089 3065 τοῦ
1127 3014 1373 3069 διαϐόλου
1430 3020 1534 3072 ὑπὸ
1559 3023 1768 3076 νεανίου

183 3091 334 3156 τινὸς
362 3095 419 3146 ἐν
448 3098 559 3158 τοῖς
584 3097 726 3171 ὑπὲρ
758 3100 1040 3167 εὐσεϐείας
1064 3105 1258 3174 ἀγῶσι.
1288 3109 1409 3161 Τῶν
1427 3110 1484 3165 δὲ
1514 3114 1768 3181 ἀγνοούν-

185 3201 299 3237 των
324 3185 403 3238 ἔτι
440 3187 499 3240 τὸ
538 3190 825 3262 είρημένον
846 3236 859 3256 ,
887 3195 1216 3268 σαφέστερον
1248 3199 1428 3265 αὐτοῖς
1463 3203 1763 3273 διηγεῖται,
1792 3171 1836 3231 c

181 3276 271 3329 ὃτι
303 3282 590 3351 συμμαχία
618 3284 884 3353 κρείττονι
920 3288 1059 3341 κατὰ
1086 3291 1184 3362 τὴν
1216 3291 1366 3362 ὥραν
1408 3296 1623 3368 ἐκείνην
1651 3318 1768 3354 νεα-

181 3367 308 3430 νίας
343 3386 427 3432 τις
462 3371 569 3423 τῶν
616 3373 988 3444 εὐπατριδῶν,
1025 3381 1135 3441 τοῖς
1178 3380 1363 3453 ἱδρῶσι
1389 3385 1491 3454 τῆς
1531 3367 1766 3452 πίστεως

180 3460 573 3529 ἑνηγωνίσατο,
598 3466 924 3537 προσαχθεὶς
945 3470 1047 3523 ὑπὸ
1066 3470 1173 3525 τῶν
1199 3473 1407 3544 δημίων
1427 3476 1502 3548 τῷ
1523 3478 1762 3550 ἄρχοντι.

184 3552 506 3622 Προσέθηκε
534 3554 589 3606 δὲ
617 3557 712 3608 καὶ
740 3558 798 3609 τὸ
826 3558 995 3629 ὄνομα
1013 3602 1027 3625 ,
1056 3562 1328 3633 Τρωάδιον
1365 3567 1527 3622 αὑτὸν
1567 3570 1766 3642 ὀνομά-

184 3660 324 3705 σας·
355 3646 448 3699 καὶ
497 3646 578 3699 ὃτι
627 3649 764 3717 μετά
811 3651 1011 3716 πολλὰς
1044 3654 1329 3724 βασάνους,
1364 3654 1453 3724 αἷς
1503 3666 1766 3731 γενναίως

187 3740 630 3813 ἐνεκαρτέρησε,
665 3745 755 3799 τὸν
815 3747 901 3800 διὰ
953 3749 1053 3819 τῆς
1115 3757 1419 3826 μαρτυρίας
1472 3758 1765 3831 ἀνεδήσατο

183 3831 472 3899 στέφανον.
506 3836 828 3906 Ἐκπλαγεὶς
853 3840 909 3892 δὲ
949 3843 1083 3913 πρὸς
1107 3845 1205 3915 τὴν
1238 3846 1407 3917 ἀκοὴν
1442 3851 1469 3900 ὁ
1498 3849 1761 3917 διάκονος,

182 3925 283 3975 καὶ
313 3923 435 3977 οὔτε
466 3926 713 3981 ἀπιστεῖν
745 3947 850 3984 τινι
895 3933 1003 3985 τῶν
1048 3934 1351 4006 λεγομένων
1398 3940 1610 4010 τολμῶν
1630 3961 1645 3976 ο
1671 3946 1765 3997 καὶ

179 4014 303 4085 ἅμα
335 4022 578 4087 κρεῖττον
601 4022 699 4092 τῆς
730 4024 1075 4097 ἀνθρωπίνης
1107 4029 1319 4097 φύσεως
1349 4028 1487 4086 εἶναι
1518 4036 1761 4105 νομίσας,

180 4109 248 4159 τὸ
289 4110 570 4179 πόρρωθεν
591 4112 717 4167 ὄντα
740 4117 838 4186 τῆς
866 4118 1089 4183 πόλεως,
1121 4121 1346 4191 μηδενὸς
1381 4126 1664 4197 ἀνθρώπου
1697 4131 1764 4182 τὰ

181 4200 306 4249 κατ’
325 4200 485 4253 αὑτὸν
513 4202 933 4273 διαγγείλαντος.
950 4208 1022 4271 ὡς
1046 4212 1323 4277 ἐφεστῶτα
1346 4218 1455 4279 τοῖς
1481 4217 1763 4287 πράγμασι

181 4290 367 4356 λέγειν
391 4294 525 4363 πρὸς
558 4296 682 4359 τοὺς
719 4298 977 4364 συνόντας
1009 4304 1136 4373 περὶ
1159 4303 1267 4357 τῶν
1294 4307 1411 4359 ἐκεῖ
1435 4310 1759 4380 γενομένων,

179 4380 610 4471 ἱκέτηςᾼγίνεται
641 4386 734 4440 τοῦ
774 4388 1090 4444 διδασκάλου
1127 4393 1422 4465 ὀφθαλμοῖς
1459 4401 1763 4471 ἐπιτραπῆ-

1874 1930 2020 1984 haud
2053 1931 2252 2001 exiguo
2279 1934 2556 2001 praeterito
2594 1934 2772 2002 spatio
2800 1949 2922 1988 cum
2955 1941 3069 1986 toto
3117 1932 3220 1986 hoc
3278 1932 3451 1987 inter~

1876 2023 2107 2078 cedente
2138 2031 2384 2093 tempore
2417 2034 2634 2080 erectus
2666 2033 2718 2080 et
2738 2025 2999 2079 immotus
3026 2023 3449 2094 permansisset,

1874 2114 2070 2168 deinde
2096 2113 2251 2181 quasi
2294 2116 2630 2183 propositum
2663 2115 3036 2184 spectaculum
3068 2114 3270 2169 bonum
3295 2129 3454 2169 even-

1874 2212 1987 2257 tum
2029 2204 2330 2269 habuisset,
2381 2214 2435 2261 et
2464 2206 2531 2260 ad
2565 2215 2767 2260 statum
2818 2207 3115 2277 pristinum
3172 2207 3355 2271 rediit,
3395 2218 3451 2262 et

1872 2296 2012 2349 elata
2040 2310 2172 2351 voce
2196 2297 2632 2362 Deuinlaudavit,
2667 2298 2930 2367 adjiciens
2974 2314 3097 2353 eum
3118 2312 3447 2362 sermonem,

1873 2404 1984 2457 quo
2014 2389 2301 2442 victoriam
2344 2388 2525 2459 adepti
2561 2392 2635 2445 uti
2661 2405 2726 2445 ac
2758 2391 2867 2445 Deo
2898 2390 3103 2461 gratias
3130 2404 3289 2457 agerc
3304 2388 3448 2444 sole-

1872 2493 2018 2543 mus,
2043 2494 2204 2547 quem
2234 2479 2291 2533 in
2315 2482 2502 2536 multis
2535 2481 2806 2537 locislibri
2829 2480 3169 2535 Psalmorum
3191 2476 3446 2532 Davidem

1873 2571 2126 2627 audimus
2160 2572 2646 2641 pronuntiantem:
2685 2572 2995 2627 Benedictus
3032 2571 3193 2635 Deus,
3227 2572 3314 2641 qui
3342 2585 3447 2623 non

1871 2661 2013 2716 dedit
2046 2680 2137 2717 nos
2171 2664 2225 2717 in
2244 2664 2479 2732 prwdam
2505 2664 2749 2719 dentibus
2779 2681 2960 2718 eorum
2983 2666 3028 2718 ’.
3057 2662 3443 2717 Familiaribus

1873 2767 2052 2810 autem
2080 2757 2200 2827 ejus
2226 2756 2701 2822 admirantibuset
2724 2758 2867 2812 scire
2894 2754 3227 2817 volentibus,
3267 2752 3443 2822 quod-

1871 2862 1997 2901 nam
2040 2848 2092 2901 id
2137 2849 2356 2902 tandem
2402 2850 2773 2918 spectaculum
2837 2848 3055 2913 fuisset,
3098 2844 3247 2916 quod
3312 2852 3442 2901 ante

1870 2934 2060 2992 oculos
2093 2936 2215 3004 ejus
2244 2936 2651 3001 obversaretur,
2681 2937 2887 2992 dixisse
2939 2936 3134 3001 fertur,
3190 2951 3441 3007 magnam

1870 3042 1929 3082 se
1962 3028 2017 3081 in
2045 3027 2135 3080 illa
2186 3027 2320 3081 hora
2348 3026 2556 3083 vidisse
2603 3028 2844 3092 ruinam,
2884 3026 3106 3082 diabolo
3144 3027 3213 3081 ab
3256 3027 3443 3082 adole-

1869 3126 2056 3175 scente
2083 3119 2321 3190 quodam
2355 3120 2411 3174 in
2461 3119 2858 3176 certaminibus
2890 3134 2989 3190 pro
3027 3118 3226 3188 pietate
3255 3134 3442 3175 susce-

1869 3211 1976 3280 ptis
1999 3208 2235 3265 devicto.
2269 3211 2448 3280 Atque
2478 3211 2585 3266 illis
2618 3211 2796 3265 adhuc
2843 3226 2951 3265 non
3006 3210 3436 3280 intelligentibus

1870 3300 1922 3354 id
1953 3300 2098 3370 quod
2123 3299 2374 3366 dixisset,
2407 3301 2652 3371 apertius
2677 3301 2757 3355 eis
2779 3303 3025 3370 exponit,
3050 3299 3195 3371 quod
3237 3300 3442 3356 auxilio

1868 3391 2053 3445 divino
2081 3391 2135 3447 in
2171 3392 2259 3446 illa
2273 3392 2407 3447 hora
2420 3393 2740 3447 adolescens
2766 3392 2990 3461 quidam
3018 3392 3217 3447 nobilis
3250 3392 3305 3446 in
3322 3392 3439 3463 pri-

1868 3488 1971 3540 mis
2001 3486 2069 3538 ab
2100 3485 2385 3540 lictoribus
2416 3484 2483 3539 ad
2528 3484 2813 3554 praesidem
2865 3483 3152 3548 adductus,
3208 3484 3263 3539 in
3321 3500 3441 3540 cer-

1866 3577 2070 3630 tamine
2099 3592 2199 3647 pro
2228 3576 2333 3631 lide
2363 3585 2618 3645 suscepto
2648 3576 2989 3631 desudasset.
3019 3575 3233 3646 Adjecit
3259 3587 3436 3631 autem

1864 3670 2030 3722 etiam
2066 3684 2285 3733 nomen,
2321 3667 2617 3724 Troadium
2663 3684 2785 3724 eum
2831 3668 3165 3733 nominans,
3203 3676 3257 3724 et
3294 3668 3437 3739 quod

1866 3771 1990 3831 post
2041 3763 2209 3816 multa
2253 3770 2558 3827 tormenta,
2621 3777 2743 3832 quae
2793 3761 3007 3817 fortiter
3058 3762 3436 3829 toleravisset,

1868 3852 2119 3922 martyrii
2173 3868 2378 3907 corona
2443 3854 2733 3908 redimitus
2794 3862 2958 3909 esset.
3016 3850 3437 3923 Obstupefactus

1865 3952 2048 3998 autem
2081 3951 2136 3998 et
2156 3945 2424 3999 attonitus
2456 3945 2540 3999 his
2571 3944 2775 4000 auditis
2794 3944 3081 4008 diaconus,
3110 3959 3233 3999 cum
3259 3960 3438 4014 neque

1865 4032 2026 4086 ﬁdem
2062 4032 2325 4104 derogare
2356 4033 2445 4095 iis,
2466 4049 2589 4103 qua:
2630 4033 2966 4093 dicerentur.
3010 4033 3255 4098 auderet,
3294 4034 3436 4089 etsi-

1865 4125 1976 4178 mul
2007 4126 2362 4181 excellentius
2392 4141 2553 4195 quam
2572 4125 2813 4179 humana
2843 4133 3034 4179 natura
3058 4135 3293 4195 caperet,
3314 4137 3437 4181 esse

1858 4216 2154 4285 judicaret,
2195 4217 2287 4286 qui
2324 4216 2516 4286 procul
2556 4216 2774 4271 abesset
2812 4216 2881 4268 ab
2922 4215 3079 4279 urbe,
3112 4230 3235 4269 cum
3275 4230 3436 4270 nemo

1864 4307 2145 4361 hominum
2184 4322 2306 4360 eum
2336 4307 2403 4362 de
2462 4307 2577 4362 suis
2633 4307 2801 4362 rebus
2846 4306 3135 4361 certiorem
3191 4306 3431 4369 fecisset,

1863 4398 2010 4452 hunc
2037 4397 2262 4468 perinde
2290 4416 2354 4453 ac
2383 4400 2430 4453 si
2464 4398 2830 4461 interfuisset,
2864 4400 2929 4453 ad
2957 4399 3255 4454 familiares
3279 4398 3431 4469 loqui

180 4484 283 4518 ναι
302 4469 404 4570 ,και
433 4470 633 4568 γνῶναι
664 4476 733 4527 τὰ
786 4480 1146 4550 πεπραγμένα
1174 4499 1184 4508 '
1214 4485 1307 4536 καὶ
1335 4485 1408 4556 μὴ
1452 4469 1759 4560 κωλυθῆναι

1870 4490 1929 4545 de
1961 4490 2251 4545 rebusillis
2282 4492 2612 4562 gestis,nrat
2638 4492 2980 4562 magistrum,
3015 4500 3071 4544 ut
3091 4493 3433 4563 permittere-

179 4558 315 4622 παρ’
343 4558 507 4611 αὐτοῦ
541 4562 791 4628 γενέσθαι
820 4566 981 4637 μέχρι
1009 4569 1116 4621 τῶν
1155 4570 1336 4625 τόπων
1368 4574 1566 4640 αὐτῶν,
1598 4558 1760 4643 ἑνήοῖς

176 4647 247 4699 τὸ
277 4646 462 4719 θαῦμα
488 4652 721 4719 ἐγένετο.
764 4656 869 4709 Τοῦ
903 4658 958 4712 δὲ
993 4661 1218 4731 φοϐερὸν
1247 4660 1384 4719 εἶναι
1413 4666 1677 4734 λέγοντος,
1699 4672 1761 4725 τὸ

177 4742 242 4793 ὲν
276 4742 425 4811 μέσῳ
473 4743 580 4797 τῶν
626 4748 896 4815 φονευτῶν
950 4752 1218 4821 γενέσθαι,
1270 4757 1362 4808 καὶ
1417 4758 1673 4822 πολλάκις
1704 4762 1763 4827 ἐξ

178 4834 450 4903 ἐπηρείας
479 4836 572 4890 τοῦ
601 4839 974 4912 ἀντικειμένου
997 4862 1050 4897 τι
1074 4846 1181 4900 τῶν
1209 4848 1518 4922 ἀϐουλήτων
1549 4855 1759 4919 παθεῖν,

177 4928 498 4998 ἐπιθαρσεῖν
558 4930 737 4999 ἔλεγεν
789 4936 817 4985 ὁ
862 4934 1106 5001 διάκονος
1136 4941 1201 5010 τῇ
1241 4940 1349 4995 τῶν
1390 4944 1564 5013 εὐχῶν
1598 4946 1759 4999 αὑτοῦ

177 5017 494 5089 συμμαχίᾳ,
527 5020 896 5092 φθεγξάμενος
919 5027 1121 5099 ταύτην
1156 5031 1292 5100 πρὸς
1320 5033 1481 5086 αὑτὸν
1520 5036 1616 5108 τὴν
1651 5055 1761 5106 φω-

175 5111 310 5179 νήν⁹
356 5112 440 5164 Σύ
462 5129 539 5180 με
583 5117 849 5183 παράθου
897 5119 975 5185 τῷ
1004 5122 1146 5191 Θεῷ,
1181 5127 1275 5179 καὶ
1306 5126 1503 5193 οὐδείς
1536 5147 1629 5192 μοι
1662 5132 1763 5197 φό-

174 5204 283 5267 ϐος
303 5204 403 5257 καὶ
433 5203 550 5258 τῶν
577 5210 878 5276 πολεμίων
896 5214 1242 5282 καθάψεται.
1270 5218 1376 5271 Τοῦ
1419 5218 1475 5272 δὲ
1510 5220 1758 5292 καθάπερ

180 5294 525 5365 συνέμπορον
554 5298 701 5369 αὐτῷ
725 5296 820 5371 τὴν
845 5304 936 5355 τοῦ
971 5304 1103 5358 Θεοῦ
1140 5307 1391 5377 βοήθειαν
1420 5312 1507 5365 διὰ
1539 5314 1637 5384 τῆς
1669 5315 1759 5367 εύ-

175 5382 281 5451 χῆς
312 5388 809 5457 συνεκπέμψαντος,
842 5395 1115 5460 πεποιθὼς
1162 5400 1258 5471 τὴν
1293 5401 1408 5455 ὁδὸν
1436 5403 1594 5473 διῄει,
1618 5404 1752 5475 πρὸς

174 5476 368 5529 οὐδένα
397 5477 505 5531 τῶν
552 5481 915 5538 ἀπαντώντων
948 5488 1423 5563 ἐπιστρεφόμενος.
1472 5496 1753 5568 Ἐσπέριος

173 5565 235 5618 δὲ
269 5566 369 5635 τῆς
392 5566 598 5634 πόλεως
644 5572 792 5636 ἐντὸς
824 5576 1081 5646 γεγονὼς,
1111 5583 1203 5635 καὶ
1250 5582 1499 5656 κοπώδης
1543 5588 1606 5641 ὲκ
1654 5588 1751 5658 τῆς

253 5743 273 5771 ⁸
310 5740 454 5798 Psal.
489 5759 679 5813 cum,
713 5749 766 5802 6.

1861 4591 1951 4635 tur
1979 4582 2083 4638 sibi
2114 4584 2288 4639 oculis
2318 4585 2607 4654 inspicere,
2639 4600 2761 4655 quae
2791 4595 2907 4639 acta
2932 4593 3138 4649 essent,
3168 4602 3273 4641 neu
3309 4601 3433 4655 pro-

1861 4676 2142 4731 hiberetur
2158 4672 2321 4732 abeo
2348 4678 2631 4747 pervenire
2663 4694 2835 4748 usque
2867 4679 2933 4733 ad
2971 4693 3034 4734 ea
3063 4678 3204 4741 loca,
3240 4679 3292 4733 in
3311 4682 3432 4751 qui-

1859 4768 1961 4824 bus
1992 4769 2319 4823 miraculum
2353 4770 2558 4825 editum
2609 4781 2729 4826 erat
2763 4791 2777 4826 :
2827 4782 2878 4826 at
2929 4771 3023 4825 illo
3063 4772 3430 4841 periculosum

1859 4876 1980 4916 esse
2000 4862 2217 4917 dicente
2250 4861 2457 4916 versari
2513 4862 2567 4916 in
2615 4863 2794 4917 medio
2823 4865 3064 4917 virorum
3094 4862 3257 4917 caedis
3310 4862 3428 4916 avi-

1862 4949 2080 5014 dorum,
2112 4966 2175 5005 ac
2207 4966 2350 5020 saepe
2380 4967 2449 5005 ex
2480 4951 2703 5006 incursu
2729 4953 3109 5023 atqueimpetu
3130 4951 3425 5008 adversarii

1857 5056 2019 5110 posse
2084 5042 2335 5098 accidere
2386 5042 2593 5112 aliquid
2653 5055 2873 5113 repente
2930 5052 3123 5114 praeter
3175 5044 3425 5097 volunta-

1858 5117 1986 5191 tem,
2022 5128 2088 5183 de
2117 5146 2226 5199 quo
2259 5131 2556 5200 cogitatum
2593 5148 2701 5186 non
2729 5142 2909 5187 esset:
2938 5133 3201 5186 diaconus
3230 5148 3288 5187 se
3304 5149 3428 5203 pre-

1858 5235 1981 5274 cum
2017 5222 2138 5290 ejus
2200 5223 2409 5278 auxilio
2467 5224 2744 5280 confidere
2798 5226 2954 5284 dixit.
2994 5224 3078 5279 his
3117 5224 3301 5281 verbis
3355 5226 3423 5280 ad

1858 5327 1981 5365 eum
2014 5320 2174 5369 utens
2208 5331 2221 5367 :
2258 5313 2335 5367 Tu
2378 5332 2459 5369 me
2502 5316 2808 5370 commenda
2855 5316 2984 5379 Deo,
3019 5326 3068 5369 et
3122 5317 3298 5370 nullus
3357 5317 3422 5371 ab

1860 5401 2094 5457 hostibus
2119 5411 2287 5456 terror
2313 5420 2393 5457 me
2414 5405 2640 5459 invadet.
2693 5404 2940 5475 Cumque
2971 5406 3060 5460 ille
3108 5405 3421 5476 praesidium

1858 5493 2100 5548 divinum
2130 5511 2228 5565 pro
2258 5497 2454 5552 comite
2476 5511 2571 5568 per
2596 5512 2785 5567 preces
2815 5513 2922 5552 una
2954 5513 3075 5552 cum
3115 5512 3179 5553 eo
3214 5496 3423 5552 emisis-

1859 5594 1974 5652 set,
2010 5586 2225 5644 liducize
2254 5572 2446 5659 plenus
2480 5589 2584 5645 iter
2612 5589 2843 5643 faciebat
2882 5589 2947 5644 ad
3003 5590 3273 5646 neminem
3327 5588 3421 5646 ob-
