3834 6420
490 253 600 315 955

491 468 727 522 humana
761 471 827 524 ad
861 472 1031 526 Deum
1081 475 1317 545 migrat,
1367 480 1678 539 obtestatus
1719 492 2063 548 necessarios

488 575 640 620 suos,
678 574 744 612 ne
776 562 1103 628 peculiarem
1137 567 1242 621 sibi
1286 569 1469 625 locum
1511 577 1808 644 sepultura:
1843 597 2066 652 compa-

489 657 690 702 rarent.
723 651 857 705 Nam
898 654 946 708 si
985 656 1141 712 vivus
1173 660 1377 716 nullius
1423 663 1526 718 loci
1573 669 1832 728 dominus
1873 651 2062 731 vocari

487 740 771 804 voluisset,
802 744 896 800 sed
930 747 982 799 in
1016 748 1210 804 alienis
1244 759 1504 823 tanquam
1537 757 1841 828 inquilinus
1863 774 1915 819 et
1943 782 2066 836 per-

485 835 710 902 egrinus
759 837 1014 895 habitans
1041 841 1208 896 vitam
1244 849 1618 918 transegisset,
1661 870 1728 906 ne
1765 864 1887 924 post
1916 835 2063 913 mor-

487 934 594 978 tetn
619 928 838 996 quidem
864 945 1091 998 prorsus
1120 932 1508 1004 iuquilinatum
1537 940 1640 994 sibi
1668 941 1924 1000 dedecori
1952 946 2068 1002 fore

486 1025 677 1085 putare
708 1037 720 1071 :
748 1018 850 1073 Sed
869 1023 1182 1092 insequenti,
1229 1027 1426 1097 inquit,
1462 1032 1656 1087 saeculo
1683 1034 1832 1102 fama
1869 1039 2066 1106 prada-

485 1117 594 1174 tur,
626 1110 764 1175 quod
787 1110 1066 1183 Gregorius
1090 1133 1182 1170 nec
1205 1120 1374 1173 vivens
1406 1122 1615 1192 quidem
1643 1125 1707 1178 ab
1743 1128 1922 1200 aliquo
1952 1131 2065 1186 loco

482 1203 884 1269 cognominatus
913 1208 1004 1270 sit,
1031 1218 1081 1261 et
1108 1220 1228 1276 post
1257 1221 1476 1266 mortem
1499 1215 1796 1271 alienarunt
1829 1220 2065 1276 locorum

477 1286 643 1355 fuerit
670 1291 977 1359 inquilinus,
1000 1311 1117 1348 cum
1134 1297 1200 1350 ab
1226 1302 1368 1354 omni
1389 1311 1591 1358 terrena
1611 1311 1937 1374 possessione
1957 1330 2068 1368 sese

487 1382 852 1449 abstinuisset,
904 1387 1033 1441 adeo
1060 1399 1117 1442 ut
1170 1408 1233 1446 ne
1277 1394 1487 1461 sepeliri
1522 1399 1731 1466 quidem
1767 1403 1821 1454 in
1851 1407 2066 1474 proprio

487 1470 602 1527 loco
651 1478 1002 1543 sustinuerit;
1067 1483 1239 1538 solam
1290 1488 1427 1540 enim
1482 1491 1634 1544 illam
1684 1497 2065 1561 possessionem

483 1568 773 1632 pretiosam
823 1580 874 1624 et
913 1576 1256 1641 expetendam
1297 1594 1534 1646 putasse,
1579 1601 1696 1652 qua:
1761 1586 1970 1654 fraudis
2017 1600 2066 1643 et

488 1662 729 1715 araritiw
767 1665 1041 1734 vestigium
1075 1669 1128 1720 in
1171 1687 1284 1724 sese
1340 1690 1444 1726 non
1487 1676 1742 1730 admittit.
1795 1679 2066 1737 Cancrum

484 1753 632 1820 quod
670 1756 923 1812 universa
959 1770 1182 1830 repente
1214 1765 1363 1818 natio
1398 1781 1426 1818 a
1469 1767 1786 1825 Grzecanica
1822 1775 2064 1830 vanitate

485 1846 550 1898 ad
611 1848 943 1917 agnitionem
1000 1854 1248 1911 veritatis
1307 1860 1559 1914 traducta
1606 1873 1718 1929 est,
1763 1866 2065 1924 admiretur

485 1939 703 2009 quidem
730 1943 1046 2015 quicunque
1081 1947 1183 2001 hoc
1211 1951 1479 2020 scriptum
1519 1955 1694 2024 leget;
1740 1973 1902 2013 nemo
1935 1977 2064 2017 vero

485 2033 648 2088 tidem
679 2034 954 2101 detrahat,
985 2039 1079 2093 sed
1126 2040 1193 2094 ad
1227 2043 1642 2114 dispositionem
1676 2061 1840 2120 atque
1873 2056 2062 2110 consi-

485 2125 617 2179 lium
657 2127 939 2197 respiciat,
972 2147 1085 2200 quo
1110 2141 1256 2187 tanta
1298 2140 1530 2193 mutatio
1567 2141 1708 2195 facta
1740 2153 2062 2214 esteorum,

483 2217 577 2287 qui
618 2233 649 2272 a
679 2220 969 2277 mendacio
1001 2224 1068 2278 ad
1115 2228 1402 2282 veritatem
1453 2232 1686 2288 traducti
1719 2246 1866 2294 sunt.
1927 2239 2062 2296 Nam

484 2309 632 2377 quod
661 2309 715 2363 in
746 2311 941 2379 primis
971 2315 1267 2372 sacerdotii
1302 2321 1423 2389 ejus
1464 2327 1800 2394 temporibus
1838 2331 2061 2397 accidit,

484 2400 630 2468 quod
661 2399 730 2454 ad
768 2402 978 2472 reliqua
1011 2406 1277 2462 miracula
1319 2409 1590 2468 festinans
1622 2418 1801 2471 oratio
1845 2429 2065 2487 praeter-

486 2491 656 2553 misit,
691 2508 840 2548 nunc
868 2497 1155 2565 repetitum
1200 2508 1364 2571 atque
1404 2516 1742 2575 resumptum
1768 2526 2060 2580 exponam.

484 2582 661 2639 Feria:
689 2587 936 2656 quaedam
963 2591 1196 2658 publica:
1219 2603 1272 2648 et
1303 2596 1644 2654 universales
1671 2611 1827 2656 erant
1857 2604 1911 2658 in
1933 2607 2065 2662 urbe

485 2678 716 2733 dtemoni
746 2681 962 2734 cuidam
995 2681 1317 2750 domestico,
1352 2689 1530 2757 patrio
1583 2693 1820 2760 quodam
1851 2696 1958 2750 ritu
1999 2712 2064 2753 ac

486 2785 637 2826 more
663 2771 892 2828 solemni
926 2775 1191 2830 celebrari
1214 2790 1513 2847 consuetae,
1545 2783 1610 2837 ad
1639 2800 1777 2856 quas
1803 2803 1907 2842 una
1937 2803 2064 2844 cum

486 2863 718 2921 urbanis
761 2865 1124 2924 celebrandas
1184 2870 1438 2927 universa
1487 2878 1880 2945 propemodum
1930 2897 2065 2954 gens

485 2975 550 3013 ex
581 2967 693 3014 tota
736 2975 800 3014 ea
848 2961 1069 3031 regione
1115 2962 1423 3020 conﬂuebat
1475 2987 1490 3022 :
1533 2978 1699 3040 atque
1731 2987 1924 3028 eorum
1967 2975 2064 3047 qui

486 3060 904 3116 concurrerant,
935 3054 1204 3110 theatrum
1239 3058 1458 3128 plenum
1489 3069 1626 3127 erat,
1649 3047 1710 3118 'et
1734 3080 1948 3131 eorum,
1968 3069 2062 3138 qui

488 3147 747 3213 postremi
777 3146 1130 3213 alllttxerant,
1177 3150 1471 3206 multitudo
1501 3153 1782 3212 subselliis
1823 3120 2067 3232 undique
2095 3120 2139 3179 ϐ

485 3235 1006 3306 superfundebatur,
1043 3246 1210 3309 atque
1239 3241 1497 3299 omnibus
1529 3243 1596 3299 ad
1629 3251 1942 3318 spectacula
1983 3259 2068 3306 at-

487 3343 594 3398 que
657 3337 971 3384 acroamata
1029 3332 1373 3389 orchestram
1441 3336 1644 3392 intueri
1689 3341 2064 3412 cupientibus,

488 3421 648 3493 plena
681 3429 800 3474 erat
835 3437 1000 3478 scena
1043 3426 1312 3482 tumultus
1347 3436 1402 3483 et
1436 3431 1842 3500 trepidationis,
1878 3435 2065 3492 irrita-

488 3527 596 3582 que
619 3513 1110 3585 prmstigialoribus
1149 3519 1592 3592 mirabiliumque
1624 3530 2066 3594 spectaculorum

489 3603 798 3660 artiﬁcibus
825 3607 1142 3670 oswntatio,
1183 3610 1421 3665 tumultu
1465 3628 1589 3668 sese
1628 3623 1821 3672 mutuo
1853 3621 2065 3675 consti-

491 3697 737 3767 pantium
801 3711 909 3751 non
961 3697 1126 3753 modo
1171 3700 1595 3759 oblectationem
1631 3707 1853 3763 musica:
1899 3709 2070 3780 impe-

490 3789 693 3854 diente,
719 3787 812 3843 sed
843 3803 911 3843 ne
934 3789 1358 3848 circulatoribus
1383 3794 1602 3864 quidem
1619 3804 1674 3850 et
1702 3799 2066 3869 praestigiato-

491 3881 646 3936 ribus
666 3895 794 3936 suas
815 3889 962 3936 artes
981 3884 1294 3938 ostentandi
1312 3892 1525 3948 tempus
1546 3891 1902 3948 concedente.
1928 3891 2066 3949 Tum

490 3989 621 4030 vero
652 3975 962 4030 communis
1006 3976 1075 4030 ab
1121 3979 1271 4032 omni
1305 3980 1660 4037 multitudine
1691 3987 1931 4054 erumpit
1963 4003 2069 4043 vox

491 4068 918 4130 daamonem,cui
947 4067 1090 4124 diem
1119 4067 1321 4125 festum
1345 4073 1598 4142 agebant.
1633 4075 2066 4145 implorantium,

491 4170 547 4217 et
576 4161 646 4218 ab
667 4162 760 4217 illo
785 4161 891 4216 sibi
916 4161 1192 4216 laxitatem
1220 4161 1334 4218 ﬁeri
1358 4166 1676 4233 petentium.
1703 4165 2066 4240 Posteaquam

489 4263 671 4308 autem
717 4255 974 4309 omnibus
1008 4254 1172 4308 simul
1221 4254 1577 4324 loquentibus
1636 4256 1688 4310 itt
1733 4257 1906 4313 altum
1961 4277 2069 4314 vox

490 4345 807 4410 tollebatur,
841 4361 904 4400 ac
933 4348 1102 4403 totius
1137 4346 1381 4404 civitatis
1408 4348 1576 4403 veluti
1616 4350 1782 4406 unius
1809 4353 1922 4408 oris
1950 4369 2069 4409 ser-

1725 277 1782 331 S.
1845 279 2170 340 GREGORII
2227 288 2518 347 NYSSENI

487 386 542 428 et
573 375 871 432 incredulis
917 381 1367 453 conversionem,
1423 387 1498 442 ita
1538 388 1801 463 (tandem)
1851 413 1916 452 ex
1949 400 2062 455 vita

2172 406 2322 459 πίνου
2355 407 2470 477 βίου
2501 411 2638 481 πρὸς
2675 413 2767 466 τὸν
2807 415 2939 468 Θεὸν
2980 435 3047 486 με

3649 312 3748 365 95ἒῖ

3053 399 3385 489 τανίσταται,
3436 425 3746 496 ὲπισκηφας

2165 500 2276 562 τοῖς
2304 501 2645 573 ἐπιτηδείοις,
2678 507 2753 578 μὴ
2789 511 3089 579 κτήσασθαι
3119 513 3281 566 τόπον
3311 516 3461 587 αύτῷ
3485 519 3624 589 πρὸς
3652 539 3744 573 τα-

2167 587 2272 658 φὴν
2309 591 2595 655 ἰδιάζοντα.
2631 596 2693 648 Εἰ
2737 597 2846 669 γὰρ
2879 600 3016 666 ζῶν,
3068 602 3255 673 κύριος
3283 587 3551 677 κληθῆναι
3585 611 3746 664 τόπου

2165 679 2311 744 τινὸς
2335 683 2433 736 οὐκ
2476 684 2714 751 ἐδέξατο,
2746 690 2882 745 ἀλλά
2939 694 3217 764 παροικῶν
3239 696 3298 749 ὲν
3325 698 3632 769 ἀλλοτρίοις
3654 705 3746 754 τὸν

2162 763 2283 842 ’βίον
2325 773 2602 846 διήγαγεν,
2638 781 2758 834 οὐδὲ
2805 783 2941 852 μετὰ
2973 763 3198 840 θάνατον
3226 791 3290 860 τῇ
3318 763 3583 862 παροικία
3610 795 3744 848 πάν-

2165 883 2274 930 τως
2305 867 2797 942 ἐπαισχυνθήσεται
2828 891 2841 904 ⁸
2881 877 3032 930 Ἀλλ’
3072 878 3249 947 ἔστω,
3278 883 3446 951 φησὶ,
3478 883 3564 949 τῷ
3601 891 3746 954 μετὰ

2167 957 2353 1011 ταῦτα
2373 960 2492 1025 βίῳ
2513 961 2790 1033 διήγημα,
2820 966 2909 1020 ὅτι
2937 971 3260 1038 Γρηγόριος
3301 975 3442 1028 οὔτε
3490 974 3606 1034 ὧν
3645 978 3743 1029 ἐπ-

2167 1047 2484 1118 ωνομάσθη
2506 1055 2666 1120 τόπῳ
2690 1055 2824 1117 τινὶ.
2853 1058 2948 1110 καὶ
2965 1059 3114 1126 μετὰ
3139 1061 3393 1116 θάνατον
3413 1064 3745 1134 ἀλλοτρίων

2167 1137 2369 1208 τάξεων
2402 1141 2636 1211 ἐγένετο
2691 1147 2996 1215 πάροικος,
3027 1151 3230 1218 πάσης
3261 1152 3369 1222 τῆς
3423 1156 3496 1208 ἐν
3540 1156 3616 1223 τῇ
3672 1158 3742 1226 γῇ

2169 1231 2437 1298 κτήσεως
2461 1235 2680 1290 ἑαυτὸν
2709 1239 3088 1310 ἀποστήσας,
3123 1245 3202 1312 ὡς
3231 1246 3384 1314 μηδὲ
3414 1247 3743 1317 ἐνταφῆναι

2170 1321 2296 1388 ἰδίῳ
2315 1325 2747 1392 καταδέξασθαι
2770 1333 2931 1398 τόπῳ
2949 1351 2963 1363 ·
2985 1337 3184 1403 μόνην
3210 1337 3320 1407 γὰρ
3341 1338 3504 1403 αὐτῷ
3531 1341 3746 1409 κτῆσιν
3801 1372 3811 1383 ι

2169 1417 2369 1484 τιμίαν
2410 1415 2561 1472 εἶναι
2593 1421 2832 1489 ἔκρινεν
2859 1425 3103 1493 ἐκείνην
3124 1468 3140 1492 ,
3173 1427 3211 1496 ἢ
3242 1431 3603 1498 πλεονεξίας
3658 1435 3742 1502 ἐφ’

2168 1507 2391 1576 ἑαυτῆς
2419 1511 2589 1581 ἴχνος
2621 1516 2693 1568 οὐ
2746 1515 3000 1584 δέχεται.
3034 1520 3144 1591 Τὴν
3192 1523 3250 1576 δὲ
3305 1523 3510 1594 ἀθρόαν
3552 1529 3744 1590 xcv-tis;

2167 1599 2262 1652 τού
2291 1599 2478 1666 ἔθνους
2510 1605 2838 1674 μετάστασιν
2861 1610 2968 1662 ἀπὸ
2990 1613 3088 1681 τῆς
3117 1613 3432 1693 Ἑλληνικῆς
3461 1619 3744 1689 ματαιότη-

2169 1709 2261 1756 τος
2282 1694 2361 1756 εἰς
2383 1694 2481 1765 τὴν
2507 1697 2801 1766 ἐπίγνωσιν
2840 1701 2942 1770 τῆς
2981 1702 3237 1772 ἀληθείας
3266 1706 3599 1776 θαυμαζέτω
3626 1710 3745 1762 ἔκα-

2175 1801 2297 1848 στος
2323 1785 2432 1838 τῶν
2466 1789 2901 1859 ἐντυγχανόντων
2933 1793 3010 1866 τῷ
3058 1795 3219 1866 λόγῳ,
3251 1800 3343 1851 καὶ
3394 1800 3592 1870 μηδεὶς
3624 1803 3742 1855 ἀτι-

2155 1875 2366 1930 ’στείτω
2405 1880 2539 1950 πρὸς
2569 1882 2666 1952 τὴν
2711 1884 3022 1955 οἰκονομίαν
3054 1887 3284 1956 βλέπων.
3308 1891 3375 1944 δι’
3418 1887 3489 1963 ἦς
3530 1894 3744 1963 γέγονεν

2173 1970 2206 2039 ἡ
2268 1973 2504 2045 τοσαύτη
2561 1977 2830 2050 μεταϐολὴ
2876 1982 2984 2033 τῶν
3027 1983 3462 2054 μετατιθεμένων
3513 1987 3626 2040 ἀπὸ
3662 1989 3746 2042 τοῦ

2171 2064 2398 2134 ψεύδους
2431 2067 2567 2136 πρὸς
2595 2069 2692 2140 τὴν
2725 2069 3003 2141 ἀλήθειαν.
3033 2073 3105 2126 Τὸ
3133 2074 3243 2146 γὰρ
3282 2077 3340 2128 ὲν
3367 2080 3485 2141 τοῖς
3518 2080 3749 2150 πρώτοις

2172 2157 2339 2210 αὑτοῦ
2369 2159 2469 2228 τῆς
2501 2161 2796 2232 ἱερωσύνης
2819 2165 3182 2234 γεγενημένον
3207 2167 3434 2237 χρόνοις,
3465 2171 3606 2241 ὅπερ
3625 2173 3750 2241 πρὸς

2170 2245 2240 2298 τά
2270 2246 2433 2300 λοιπά
2479 2249 2589 2300 τῶν
2633 2249 2923 2320 θαυμάτων
2972 2255 3320 2326 ἐπειγόμενος
3348 2261 3376 2311 ὁ
3415 2259 3578 2326 λόγος
3615 2281 3748 2332 παρ·

2173 2338 2394 2409 έδραμε,
2428 2339 2522 2394 νῦν
2562 2343 2921 2398 ὲπαναλαϐὼν
2956 2345 3308 2419 διηγήσομαι.
3342 2350 3540 2422 Ἐορτὴ
3573 2370 3658 2416 τις
3687 2350 3747 2423 ἦν

2172 2427 2451 2499 πάνδημος
2481 2431 2538 2483 ὲν
2592 2435 2656 2501 τῇ
2715 2434 2888 2497 πόλει,
2929 2435 3144 2507 δαίμονί
3179 2455 3285 2492 τινι
3334 2440 3443 2493 τῶν
3476 2443 3751 2512 ἐγχωρίων

2172 2519 2314 2572 κατά
2342 2537 2394 2572 τι
2441 2522 2667 2591 πάτριον
2705 2523 2968 2596 ἀγομένη.
3003 2527 3144 2598 Πρὸς
3163 2529 3366 2600 ταύτην
3398 2530 3550 2584 ἇπαν
3578 2533 3751 2602 σχεδὸν

2175 2613 2425 2683 συνέρρει
2458 2614 2520 2666 τὸ
2556 2614 2726 2678 ἔθνος,
2749 2617 2846 2685 τῆς
2879 2616 3061 2688 χώρας
3089 2621 3269 2690 πάσης
3292 2623 3751 2695 συνεορταζούσης

2171 2707 2237 2774 τῇ
2268 2705 2438 2758 πόλει.
2479 2707 2864 2780 Ἐπεπλήρωτο
2911 2710 2966 2763 δὲ
2995 2711 3101 2765 τῶν
3148 2713 3668 2786 συνδεδραμηκότων
3699 2720 3751 2769 :5

2173 2797 2418 2870 θέατρον,
2454 2799 2548 2854 καὶ
2581 2800 2898 2870 ὑπερεχείτο
2937 2805 3268 2874 πανταχόθεν
3305 2807 3448 2878 ὑπὲρ
3487 2807 3590 2871 τὰς
3628 2810 3751 2861 καθ-

2173 2887 2332 2959 έδρας
2367 2888 2475 2941 τῶν
2505 2891 2874 2961 ὲπιῤῥυέντων
2905 2893 2967 2946 τὸ
2992 2893 3214 2964 πλῆθος,
3246 2897 3340 2949 καὶ
3369 2898 3598 2950 πάντων
3634 2898 3751 2968 πεῴ

2155 2980 2241 3048 ,τά
2270 2979 2517 3050 θεάματά
2552 2998 2612 3058 τε
2645 2983 2739 3036 καὶ
2785 2983 3112 3055 ἀκροάματα
3152 2987 3288 3058 πρὸς
3320 2985 3416 3057 τὴν
3450 2988 3752 3058 ὀρχήστραν

2172 3070 2500 3125 ἀποϐλέπειν
2547 3055 3006 3144 προθυμουμένων
3029 3113 3045 3137 ,
3077 3055 3303 3147 θορύϐου
3722 3082 3750 3146 ἡ

2175 3163 2368 3233 σκηνὴ,
2397 3164 2492 3217 καὶ
2539 3163 2818 3234 ἄπρακτος
2871 3165 3080 3232 ἐγίνετο
3106 3167 3217 3229 τοῖς
3267 3164 3752 3237 θαυματοποιοῖςὴ

2172 3253 2451 3320 ἐπίδειξις,
2481 3256 2582 3325 τῆς
2614 3256 2857 3327 ταραχῆς
2885 3256 2994 3309 τῶν
3027 3257 3543 3328 στενοχωρουμένων
3575 3259 3639 3312 οὐ
3675 3260 3757 3327 μά

2172 3363 2261 3402 νον
2292 3349 2392 3417 τὴν
2420 3347 2716 3401 ἀπόλαυσιν
2749 3347 2848 3418 τῆς
2893 3348 3161 3419 μουσικῆς
3189 3348 3622 3420 ὲπικοπτούσης,
3644 3350 3756 3402 ἀλλ’

2173 3433 2295 3488 οὔτε
2337 3438 2448 3498 τοῖς
2481 3434 2902 3505 θαυματοποιοῖς
2946 3435 3251 3507 ἐνδιδούσης
3289 3435 3482 3506 καιρὸν
3511 3435 3587 3489 τὰ
3636 3438 3760 3489 ἑαυ-

2173 3526 2280 3580 τῶν
2338 3526 2760 3579 ἐπιδείκνυσθαι.
2816 3524 2985 3578 Ἔνθα
3032 3525 3089 3578 δὲ
3143 3526 3296 3595 κοινὴ
3350 3524 3502 3596 παρά
3559 3526 3759 3587 παντὸς

2175 3619 2505 3690 ἐκρήγνυται
2533 3617 2626 3671 τοῦ
2654 3619 2826 3688 δήμου
2855 3618 3026 3688 φωνὴ,
3051 3618 3140 3670 τὸν
3171 3618 3416 3688 δαίμονα,
3511 3617 3618 3689 τὴν
3641 3620 3758 3688 £09-

2172 3711 2270 3783 τὴν
2301 3708 2457 3780 ἦγον,
2492 3711 2920 3772 ἀνακαλούντων,
2967 3713 3062 3765 καὶ
3101 3714 3229 3780 παρ’
3259 3710 3468 3765 ἐκείνου
3512 3712 3621 3781 τὴν
3669 3713 3754 3763 εύ-

2175 3803 2454 3874 ρυχωρίαν
2519 3803 2701 3866 αὐτοῖς
2754 3801 3047 3866 ἀξιούντων
3114 3800 3384 3869 γενέσθαι.
3432 3801 3655 3871 Ἐπειδὴ

2174 3896 2389 3950 πάντων
2423 3894 2671 3965 ἀλληλοις
2719 3894 3235 3964 συμφθεγγομένων,
3260 3895 3335 3955 εἰς
3365 3891 3498 3962 ὕψος
3530 3892 3701 3962 ᾔρετο
3727 3895 3754 3958 ἡ

2174 3987 2346 4060 φωνὴ,
2393 3988 2485 4040 καὶ
2527 3988 2706 4056 πάσης
2754 3987 2926 4040 ἐδόκει
2963 3986 3064 4056 τῆς
3112 3985 3316 4048 πόλεως
3355 3985 3615 4055 καθάπερ
3645 3986 3754 4045 ὲνὲις

2172 4097 2315 4144 τινος
2379 4080 2640 4150 στόματος
2667 4083 2694 4133 ὁ
2723 4079 2878 4148 λόγος
2913 4076 3073 4142 εἶναι,
3127 4081 3154 4132 ὁ
3197 4079 3296 4150 τὴν
3343 4077 3510 4150 εὐχὴν
3555 4075 3756 4147 suam»:

2174 4173 2463 4244 προσάγων
2494 4172 2571 4241 τῷ
2606 4173 2818 4242 δαίμονι
2860 4168 2948 4243 (ἦν
2994 4171 3048 4226 δὲ
3102 4173 3134 4242 ὴ
3184 4172 3339 4242 εὐχὴ,
3364 4171 3440 4234 ὡς
3470 4171 3562 4224 ἐπ’
3589 4171 3757 4240 αὐτῆς

2173 4265 2401 4320 ἀκοῦσαι
2427 4266 2523 4336 τῆς
2554 4265 2748 4331 λέξεως
2785 4280 2799 4294 ο
2833 4265 2947 4318 Ζεῦ
2969 4304 2983 4326 ,
3009 4265 3270 4332 ποίησον
3302 4262 3447 4332 ἡμῖν
3502 4265 3719 4331 τόπον)
3741 4283 3754 4293 ο

2173 4357 2411 4422 ἀκούσας
2429 4358 2485 4410 δὲ
2512 4360 2540 4411 ὁ
2579 4358 2752 4429 μέγας
2805 4359 3008 4419 ἐκεῖνος
3043 4356 3137 4409 τοῦ
3178 4357 3310 4427 ἤχου
3343 4354 3454 4408 τῶν
3494 4355 3758 4426 ὀνομαστὶ

492 4453 583 4492 tuo
611 4453 734 4493 esse
766 4437 1078 4501 videbatur,
1133 4455 1243 4510 quo
1279 4441 1364 4496 hae
1401 4458 1593 4513 preces
1637 4440 1871 4498 daemoni
1907 4445 2065 4499 adhi-

2173 4449 2558 4519 ἐπιϐοωμένων
2587 4448 2678 4500 τὸν
2708 4448 2937 4518 δαίμονα
2959 4489 2972 4510 ,
3005 4449 3130 4518 παρ’
3160 4442 3220 4500 οὒ
3270 4447 3367 4517 τὴν
3408 4448 3757 4519 εὐρυχωρὶαν

490 4530 767 4584 bebantur
797 4528 950 4602 (erat
983 4537 1166 4587 autem
1196 4533 1460 4602 precatio,
1490 4543 1552 4589 ut
1597 4535 1717 4606 ipsa
1743 4538 1911 4592 verba
1943 4537 2066 4606 ejus

489 4624 829 4679 audiantur:
877 4622 1111 4694 Jupiter,
1147 4625 1235 4696 {ac
1278 4626 1428 4682 nobis
1468 4628 1684 4700 locum),
1716 4629 1904 4685 audito
1937 4646 2070 4687 sane

492 4732 725 4788 magnus
751 4717 843 4773 ille
883 4717 969 4772 vir
1003 4732 1144 4773 sono
1179 4719 1506 4774 nominatim
1545 4721 1920 4778 invocantium
1954 4723 2066 4778 daa-

2175 4541 2337 4612 ᾔτουν
2357 4539 2607 4609 γενέσθαι
2637 4542 2701 4610 τῇ
2735 4538 2904 4606 πόλει,
2930 4539 3064 4610 φησί
3105 4539 3241 4609 πρὸς
3269 4538 3487 4601 αὐτοὺς,
3530 4539 3758 4610 πέμψας

2175 4633 2296 4686 τινὰ
2322 4631 2430 4686 τῶν
2475 4631 2917 4703 παρεστηκότων,
2948 4630 3266 4701 δοθήσεσθαι
3307 4631 3491 4694 αὐτοῖς
3512 4632 3643 4685 ὅσον
3671 4635 3759 4686 ού-

2174 4724 2321 4778 δέπω
2350 4723 2572 4777 πλείονα
2599 4725 2698 4794 τῆς
2716 4724 2881 4794 εὐχῆς
2911 4724 3009 4793 τὴν
3034 4723 3390 4793 εὐρυχωρίαν.

491 4826 731 4876 mouem,
765 4825 794 4862 a
824 4826 934 4881 quo
964 4810 1247 4866 laxitatem
1281 4812 1493 4866 civitati
1532 4812 1648 4869 ﬁeri
1680 4815 1961 4886 petebant,
2001 4816 2239 4888 quodam
2266 4831 2330 4872 ex
2357 4815 2714 4872 adstantibus
2738 4815 2808 4870 ad
2837 4831 2936 4872 eos
2959 4815 3153 4881 misso,
3187 4815 3472 4872 laxitatem
3501 4818 3585 4872 ait
3621 4819 3755 4890 ipsis

489 4918 616 4957 mox
652 4901 838 4957 datum
879 4905 1268 4974 iri-majorem,
1298 4923 1464 4979 quam
1495 4918 1770 4981 optarent.

561 5001 678 5055 Hac
706 5011 885 5056 autem
918 5002 988 5057 ab
1018 5019 1083 5058 eo
1131 5019 1268 5059 voce
1318 5011 1582 5074 tanquam
1637 5006 1785 5062 tristi
1835 5008 2071 5078 quadam

491 5097 761 5154 sententia
793 5095 1026 5165 prolata,
1072 5096 1386 5166 pestilentia
1423 5097 1770 5169 frequentem
1801 5100 1951 5154 illum
1989 5099 2068 5156 fe-

489 5191 601 5244 rias
650 5187 927 5258 agentium
981 5196 1038 5242 et
1091 5189 1253 5243 ludos
1293 5183 1695 5245 celebrantium
1732 5201 2066 5248 conventum

489 5282 718 5350 excipit.
743 5282 820 5335 Ac
855 5281 1038 5337 statim
1072 5279 1499 5350 tripudiantium
1526 5283 1712 5336 choris
1750 5282 2071 5336 lamentatio

491 5374 850 5436 miscebatur,
899 5373 1037 5428 adeo
1077 5381 1136 5427 ut
1182 5373 1236 5426 in
1275 5372 1455 5428 luctus
1497 5381 1550 5427 et
1602 5373 1944 5428 calamitates
1990 5374 2070 5429 eis

491 5464 800 5530 voluptates
841 5473 1316 5530 converterentur,
1363 5480 1488 5520 cunt
1542 5480 1640 5534 pro
1690 5465 1974 5534 plausibus
2013 5473 2068 5520 et

492 5567 658 5609 ranttt
703 5557 960 5611 tibiarum
997 5558 1118 5612 alite
1159 5573 1324 5628 super
1357 5558 1494 5612 alias
1533 5559 1724 5614 ttzenia:
1761 5568 2067 5630 cantusque

494 5646 753 5714 lugubres
781 5649 973 5705 urbem
1012 5653 1216 5720 passim
1243 5651 1600 5707 invasissent.
1642 5651 1780 5706 Cum
1813 5653 1958 5708 enim
1987 5668 2066 5709 se-

495 5739 602 5794 mel
655 5741 883 5798 morbus
941 5741 1192 5800 homines
1239 5743 1558 5811 invasisset,
1599 5745 1858 5816 opinione
1887 5746 2062 5806 citius

2236 5006 2452 5075 Ταύτης
2481 5007 2537 5059 δὲ
2558 5007 2690 5078 παρ’
2727 5005 2892 5060 αὐτοῦ
2947 5007 3048 5077 τῆς
3085 5009 3268 5079 φωνῆς
3297 5001 3405 5061 οἷόν
3437 5023 3589 5070 τινος
3634 5023 3758 5060 σκυο

2169 5095 2390 5168 θρωπῆς
2421 5097 2750 5166 ἀποφάσεως
2773 5097 3145 5169 ἐξενεχθείσης
3163 5141 3178 5163 ,
3202 5098 3386 5169 λοιμὸς
3416 5098 3518 5170 τὴν
3546 5099 3754 5169 πάνδη-
3806 5115 3811 5135 ⁴

2173 5206 2273 5260 μον
2319 5188 2530 5260 ἐκείνην
2561 5188 2877 5260 ἱερομηνίαν
2933 5189 3232 5258 ἐκδέχεται.
3260 5188 3369 5242 Καὶ
3405 5192 3755 5260 παραχρῆμα

2170 5283 2533 5353 κατεμίγνυτο
2589 5285 2710 5345 ταῖς
2745 5282 3119 5354 χοροστασίαις
3148 5284 3176 5335 ὁ
3208 5280 3424 5352 θρῆνος,
3465 5281 3610 5336 ὥστε
3657 5283 3755 5334 αύ-

2169 5379 2280 5439 τοῖς
2306 5377 2383 5438 εἰς
2409 5375 2580 5445 πένθη
2609 5375 2701 5428 καὶ
2733 5375 3017 5446 συμφορὰς
3056 5375 3497 5445 μεταστραφῆναι
3523 5374 3627 5436 τὰς
3661 5372 3752 5425 θυ-

2150 5469 2392 5540 μηδίας,
2419 5468 2538 5521 ἀντὶ
2565 5466 2742 5521 αὐλῶν
2775 5467 2868 5520 καὶ
2895 5467 3102 5537 κρότων
3134 5465 3234 5534 τῆς
3273 5465 3576 5536 ἐπαλλήλου
3621 5465 3749 5532 Opi:-

2173 5559 2363 5622 νωδίας
2405 5557 2764 5627 διαλαϐούσης
2796 5557 2893 5628 τὴν
2925 5558 3097 5611 πόλιν.
3134 5557 3438 5627 Ἐνσκῆψαν
3469 5557 3580 5626 γὰρ
3605 5555 3744 5619 ἅπαξ

2173 5655 2282 5715 τοῖς
2309 5650 2614 5722 ἀνθρώποις
2633 5649 2693 5704 τὸ
2714 5650 2902 5714 πάθος,
2933 5648 3125 5702 θᾶττον
3148 5648 3182 5719 ἦ
3213 5649 3330 5701 κατ’
3365 5647 3588 5712 ἐλπίδας
3613 5646 3740 5710 6:55-

2173 5742 2257 5815 ῄιι
2306 5742 2474 5812 πυρὸς
2521 5741 2673 5812 δίκην
2720 5742 2844 5807 τοὺς
2886 5741 3066 5807 οἴκους
3112 5741 3564 5814 ὲπιδοσκόμενον,
3606 5738 3738 5793 ὥστε
