3834 6460
124 362 235 413 937

1126 359 1215 414 DE
1244 360 1408 417 VITA
1449 359 1508 417 S.
1542 358 1871 417 GREGORII
1900 357 2435 419 THAUMATURGI.

3294 354 3398 409 958

126 475 469 546 πληροῦσθαι
521 477 618 545 μὲν
645 476 752 529 τῶν
790 479 857 548 τῇ
913 477 1051 544 νόσῳ
1100 476 1619 548 καταφθειρομένων
1651 477 1717 530 τὰ

1824 478 2231 551 propagabatur
2260 483 2429 545 atque
2454 472 2730 542 serpebat,
2769 470 2915 540 ignis
2951 469 3007 523 in
3040 466 3264 521 modum
3296 468 3396 518 du-

127 567 253 634 ἱερὰ
281 566 389 617 τῶν
435 566 608 619 ἐλπίδι
656 566 949 638 θεραπείας
998 568 1453 638 προσφευγόντων
1476 585 1490 597 ·
1518 566 1711 637 γέμειν

119 656 181 710 δὲ
213 659 417 729 πηγὰς,
436 658 531 712 καὶ
562 660 943 730 κρουνοὺς,κα“ι
976 660 1335 731 φρέατα,τῶν
1367 658 1471 712 ὑπὸ
1497 659 1595 727 τῆς
1616 657 1709 711 τοῦ

119 752 433 821 νοσήματος
478 752 785 821 ἀμηχανίας
826 752 1218 823 διακαιομένων
1243 755 1301 805 ὲν
1344 755 1409 824 τῇ
1447 752 1575 824 δίψῃ
1603 751 1711 819 (ἐφ’

120 834 202 891 ὧν
226 842 407 911 ἠτόνει
440 842 501 895 τὸ
551 842 694 913 ὕδωρ
742 844 832 896 τὸν
871 844 934 898 ὲκ
990 844 1081 897 τοῦ
1127 844 1330 907 πάθους
1380 841 1711 897 κατασϐέσαι

121 932 406 1003 φλογμὸν,
435 935 635 1005 ὁμοίως
685 935 916 1005 ἐχόντων
964 937 1059 989 καὶ
1126 936 1263 1007 μετά
1315 935 1377 989 τὸ
1427 934 1592 1006 ὕδωρ,
1616 935 1710 987 καὶ

122 1025 235 1096 πρὸ
262 1025 357 1077 τοῦ
386 1024 596 1089 ὓδατος,
625 1025 732 1079 τῶν
754 1026 899 1090 ἅπαξ
920 1026 1359 1097 κατασχεθέντων
1388 1024 1463 1095 τῷ
1502 1023 1708 1093 πάθει)’

120 1115 359 1178 πολλοὺς
386 1116 440 1168 δέ
475 1117 793 1188 αὐτομολεῖν
817 1117 952 1189 πρὸς
976 1119 1100 1181 τοὺς
1124 1118 1347 1185 τάφους,
1378 1117 1471 1170 καὶ
1514 1116 1709 1187 μηκέτι

119 1210 256 1271 τοὺς
282 1209 571 1280 περιόντας
609 1210 859 1281 ἐξαρκεῖν
890 1212 1009 1273 ταῖς
1042 1210 1149 1263 τῶν
1188 1210 1588 1280 κατοιχομένων
1616 1226 1711 1261 τα-

121 1302 277 1366 φαῖς.
314 1300 572 1353 Γενέσθαι
594 1302 650 1354 δὲ
684 1302 784 1354 οὐκ
804 1301 1063 1371 ἀδόκητον
1082 1300 1176 1354 τοῦ
1207 1300 1376 1355 κακοῦ
1416 1301 1514 1371 τὴν
1538 1292 1711 1371 προσ·
1748 1288 1753 1293 ’

122 1386 291 1457 δολὴν
317 1392 428 1452 τοίς
486 1388 826 1460 ἀνθρὼποις’
877 1390 1012 1444 ἀλλά
1064 1408 1207 1452 τινος
1254 1391 1541 1460 φάσματος
1588 1392 1711 1442 ἐπι·

120 1478 413 1549 γινομένου
443 1482 508 1551 τῇ
559 1479 823 1552 μελλούσῃ
854 1480 1312 1550 καταφθείρεσθαι
1343 1481 1508 1551 οἰκίᾳ,
1538 1478 1711 1543 οὕτως

123 1571 518 1625 ἐπακολουθεῖν
547 1572 643 1643 τὴν
679 1572 904 1643 φθοράν.
943 1573 1095 1625 Ἐπεὶ
1112 1568 1205 1625 οὖν
1235 1574 1368 1626 πᾶσι
1396 1572 1711 1643 καταφανὴς

124 1664 349 1729 ἐγένετο
393 1665 425 1734 ἡ
474 1664 623 1717 αἰτία
656 1663 755 1733 τῆς
807 1665 984 1727 νόσου,
1018 1665 1099 1716 ὃτι
1149 1663 1211 1718 τὸ
1243 1662 1532 1733 ἐπικληθὲν
1579 1664 1709 1732 παρ’

123 1756 310 1809 αύτῶν
340 1756 612 1827 δαιμόνιον
642 1756 826 1820 κακῶς
861 1757 1098 1827 ἐπλήρου
1133 1756 1231 1828 τὴν
1259 1754 1423 1825 εὐχήν
1473 1754 1580 1808 τῶν
1609 1772 1711 1825 μα-

124 1849 317 1911 ταίων,
350 1850 447 1919 τὴν
476 1849 719 1919 πονηρὰν
762 1848 964 1920 ταύτην
1009 1851 1072 1902 ἐκ
1103 1848 1197 1901 τοῦ
1236 1848 1443 1912 πάθους
1471 1848 1712 1918 εύρυχω·
1744 1832 1785 1885 Β

130 1941 253 2010 ρίαν
290 1940 551 2011 ἐμποιοῦν
580 1943 646 2012 τῇ
694 1940 845 1994 πόλει
873 1957 886 1971 ⁸
935 1940 1062 1994 ἔνθα
1110 1940 1285 1995 ἱκέται
1332 1941 1571 2009 γίνονται
1617 1938 1710 1992 τοῦ

129 2032 392 2102 μεγάλου,
421 2034 612 2103 στῆσαι
643 2033 884 2103 δεόμενοι
935 2032 1030 2086 τοῦ
1068 2032 1238 2086 κακοῦ
1285 2032 1382 2103 τήν
1409 2032 1581 2103 φοράν
1624 2032 1714 2085 διὰ

123 2125 223 2177 τοῦ
256 2127 387 2198 παρ’
421 2126 584 2179 αὐτοῦ
616 2127 1017 2196 γινωσκομένου
1059 2144 1116 2179 τε
1162 2127 1255 2180 καὶ
1310 2126 1711 2197 κηρυττομένου

124 2215 287 2280 Θεοῦ,
320 2217 379 2269 ὃν
426 2218 582 2287 μόνον
630 2218 940 2288 ὡμολόγουν
995 2218 1211 2290 ἀληθῶς
1246 2213 1385 2271 εἶναι
1417 2218 1572 2283 Θεὸν,
1621 2216 1715 2271 καὶ

126 2308 269 2361 κατὰ
305 2309 523 2361 πάντων
578 2308 638 2361 τὸ
666 2310 865 2380 κράτος
920 2308 1083 2379 ἔχειν.
1112 2308 1220 2361 Τοῦ
1265 2308 1373 2379 γάρ
1434 2308 1714 2377 φάσματος

126 2400 341 2452 ἐκείνου
371 2400 475 2470 πρὸ
511 2399 611 2469 τῆς
660 2399 923 2469 ἐσομένης
950 2399 1028 2469 τῷ
1060 2397 1195 2468 οἴκῳ
1242 2398 1537 2469 διαφθορᾶς
1583 2412 1716 2467 προ-

125 2493 476 2563 φαινομένου,
496 2494 589 2547 καὶ
612 2494 954 2565 παραχρῆμα
980 2494 1078 2562 τὴν
1110 2492 1419 2558 ἀπόγνωσιν
1440 2490 1539 2560 τῆς
1571 2487 1717 2557 ζωῆς

123 2585 505 2657 ἐμποιοῦντος.
539 2582 618 2650 εἷς
646 2588 854 2655 ἐγίνετο
878 2589 989 2650 τοῖς
1028 2584 1395 2638 κινδυνεύουσι
1447 2581 1715 2651 σωτήριος

119 2680 351 2748 τρόπος,
386 2678 446 2731 τὸ
472 2679 622 2742 ἐντὸς
666 2679 874 2734 ἐκείνου
915 2677 1167 2747 γενέσθαι
1189 2675 1282 2729 τοῦ
1309 2675 1459 2727 οἴκου
1490 2672 1581 2725 τὸν
1618 2671 1714 2742 μέ-

119 2790 231 2839 γαν
262 2773 593 2843 Γρηγόριον,
623 2772 717 2823 καὶ
748 2771 816 2824 δι’
837 2770 1004 2840 εὐχῆς
1038 2770 1099 2821 τὸ
1142 2767 1421 2837 ἐνσκῆψαν
1462 2762 1539 2835 τῷ
1582 2763 1717 2832 οἴκῳ

120 2864 307 2926 πάθος
338 2862 684 2917 ἀπώσασθαι.
719 2862 955 2944 ’ζαχείας
980 2860 1037 2913 δὲ
1076 2859 1163 2913 διὰ
1186 2858 1295 2912 τῶν
1337 2854 1716 2927 τετυχηκότων

122 2952 185 3008 ἐν
220 2954 461 3027 πρώτοις
497 2955 595 3025 τῆς
644 2952 900 3023 τοιαύτης
943 2952 1216 3022 σωτηρίας
1249 2949 1342 3003 ἐπὶ
1386 2947 1592 3010 πάντας
1620 2946 1717 3016 τῆς

123 3050 321 3119 φήμης
359 3046 789 3117 διαδραμούσης,
827 3045 1004 3099 πάντα
1053 3042 1201 3113 ἀργὰ
1238 3037 1339 3114 ἦν,
1367 3040 1404 3095 ἂ
1451 3039 1717 3112 πρότερον
1770 3112 1773 3115 ἰ

122 3140 239 3191 ὑπὸ
286 3138 644 3210 ματαιότητος
678 3138 861 3202 αὐτοῖς
917 3134 1294 3200 ἐσπουδάζετο,
1328 3131 1637 3210 χρηστήριά
1656 3147 1715 3183 τε

125 3231 227 3285 καί
260 3205 553 3304 καθάρσια,
576 3230 670 3283 καὶ
692 3232 726 3301 ή
754 3231 809 3282 ἐν
838 3230 948 3293 τοῖς
999 3227 1237 3292 εἰδώλοις
1267 3205 1541 3297 διατριϐὴ,
1582 3223 1718 3278 πάν-

122 3338 242 3373 των
273 3320 409 3390 πρὸς
431 3320 522 3373 τὸν
556 3319 729 3390 μέγαν
787 3318 940 3389 ἱερέα
994 3316 1329 3387 βλεπόντων,
1363 3314 1459 3367 καὶ
1488 3313 1716 3367 ἑκάστου

127 3413 276 3484 πρὸς
305 3412 495 3467 ἑαυτὸν
528 3414 619 3465 ἐπὶ
650 3411 892 3483 σωτηρίᾳ
921 3409 1119 3473 παντὸς
1146 3408 1241 3462 τοῦ
1280 3407 1469 3477 γένους
1494 3406 1718 3476 ἐφελκο-

131 3506 329 3575 μένου.
363 3494 567 3568 Μισθὸς
595 3505 650 3558 δὲ
678 3500 744 3576 ἦν
780 3503 928 3573 αύτῷ
956 3501 1109 3573 παρά
1148 3501 1256 3555 τῶν
1310 3500 1634 3571 σωζομένων
1684 3498 1718 3568 ἡ

127 3597 247 3650 τῶν
274 3597 461 3667 ψυχῶν
502 3598 763 3667 σωτηρία.
797 3595 874 3667 Τῇ
906 3596 1014 3667 γάρ
1040 3595 1261 3667 τοιαύτῃ
1294 3594 1460 3665 πείρᾳ,
1500 3593 1598 3663 τῆς
1627 3591 1720 3643 εύ-

132 3688 363 3751 σεόείας
385 3686 477 3739 τοῦ
502 3686 689 3756 ἱερέως
713 3686 1147 3757 φανερουμένης,
1176 3683 1359 3736 οὐκέτι
1390 3678 1461 3752 ἦν
1484 3677 1720 3751 ἀναϐολὴ

132 3780 280 3849 πρὸς
311 3779 408 3850 τὴν
431 3778 825 3847 συγκατάθεσιν
854 3776 948 3831 τοῦ
1009 3775 1327 3847 μυστηρίου,
1351 3777 1462 3837 τοῖς
1488 3771 1577 3825 διὰ
1613 3771 1723 3826 τῶν

132 3874 321 3944 ἔργων
365 3872 770 3941 διδασκομένοις
797 3872 896 3940 τὴν
933 3870 1033 3941 τῆς
1075 3869 1310 3931 πίστεως
1341 3865 1588 3937 δύναμιν.
1623 3863 1725 3918 Οὗ-

130 3980 249 4025 τως
281 3963 495 4030 ἐγένετο
520 3965 631 4026 τοῖς
669 3961 977 4033 ἀνθρώποις
1009 3961 1232 4021 ἐκείνοις
1276 3957 1597 4029 ἰσχυροτέρα
1624 3956 1725 4024 τῆς

133 4053 330 4120 ὑγείας
360 4053 393 4122 ή
426 4052 599 4115 νόσος.
634 4053 796 4105 Ὅσον
826 4052 933 4121 γάρ
960 4050 1014 4102 έν
1045 4052 1111 4120 τῇ
1140 4048 1320 4118 ὑγιείᾳ
1341 4052 1476 4118 πρὸς
1499 4048 1598 4117 τὴν
1630 4044 1723 4097 τοῦ

137 4145 449 4216 μυστηρίου
503 4145 816 4215 παραδοχὴν
876 4146 987 4205 τοῖς
1047 4142 1327 4212 λογισμοῖς
1377 4136 1726 4200 ἀσθενοῦντες

132 4238 313 4312 ἦσαν.
336 4240 589 4293 τοσοῦτον
617 4242 683 4309 τῇ
719 4240 1006 4308 σωματικῇ
1048 4237 1187 4305 νόσῳ
1233 4233 1369 4305 πρὸς
1408 4232 1507 4303 τὴν
1542 4231 1726 4284 πίστιν

136 4332 520 4405 ἐρρώσθησαν.
547 4332 657 4385 Καὶ
688 4331 830 4384 οὕτω
863 4331 962 4399 τῆς
1019 4329 1146 4400 περὶ
1175 4327 1246 4381 τά
1298 4325 1489 4379 εἴδωλα
1521 4323 1727 4393 πλάνης

135 4424 529 4495 ἐλεγχθείσης,
590 4424 789 4485 πάντες
840 4422 975 4492 πρὸς
1029 4420 1090 4472 τὸ
1140 4418 1307 4488 ὄνομα
1358 4414 1451 4471 τοῦ
1490 4412 1727 4487 Χριστοῦ

1816 591 1937 631 mos
1964 574 2295 643 depascens,
2321 570 2458 624 adeo
2492 574 2551 621 ut
2583 566 2729 620 mdes
2769 564 2993 635 quidem
3044 577 3243 622 sacrae,
3293 577 3401 629 ηιμ»

1814 683 1911 737 spe
1941 664 2251 721 sanationis
2276 670 2441 731 atque
2466 657 2694 713 remedii
2734 654 3145 725 confugiebant,
3183 653 3271 716 iis,
3308 654 3398 717 qui

1813 758 2007 814 morbo
2037 755 2308 826 peribant,
2335 751 2581 822 repletae:
2610 747 2788 803 fontes
2811 763 2963 807 vero,
2994 762 3149 816 aqum
3178 745 3398 809 ductus,

1814 848 2293 917 scaturiginesque
2321 858 2386 898 ac
2441 841 2585 911 putei
2639 855 2852 902 eorum,
2913 854 3056 909 quos
3106 839 3400 891 atrocitate

1813 939 1991 995 morbi
2015 937 2139 993 sitis
2163 936 2447 1000 exurebat,
2478 932 2669 988 referti
2701 942 2889 987 essent
2913 931 2992 999 (in
3023 931 3225 1000 quibus
3258 945 3399 1000 aqua

1812 1031 1989 1086 morbi
2014 1027 2330 1084 incendium
2352 1026 2699 1095 restinguere
2721 1040 2827 1078 non
2852 1024 3087 1085 valebat,
3113 1024 3205 1091 qui
3231 1023 3398 1077 semel

1812 1124 2003 1178 morbo
2022 1120 2257 1191 correpti
2277 1125 2485 1183 essent,
2500 1115 2728 1188 perinde
2747 1123 2868 1185 post
2885 1131 3082 1184 aquam
3102 1123 3399 1184 sumptam,

1812 1225 1975 1285 atque
2018 1223 2317 1285 antequam
2359 1227 2480 1267 eam
2531 1210 2895 1279 sumpsissent
2939 1205 3203 1274 allectis),
3244 1206 3398 1259 multi

1812 1310 1940 1365 item
1960 1310 2104 1363 ultro
2121 1307 2425 1363 transirent
2448 1303 2514 1359 ad
2534 1303 2806 1374 sepulcra,
2824 1317 2889 1357 eo
2912 1299 3058 1371 quod
3078 1300 3402 1369 superstites

1812 1399 2141 1467 sepeliendis
2176 1397 2409 1452 mortuis
2436 1411 2545 1450 non
2570 1394 2809 1464 amplius
2829 1390 3165 1451 sufﬁcerent,
3186 1405 3285 1442 nec
3319 1388 3402 1441 in—

1812 1491 2037 1561 opinato
2084 1490 2288 1543 malum
2329 1487 2579 1542 homines
2609 1483 2913 1549 invaderet,
2951 1481 3046 1537 sed
3078 1479 3234 1551 quasi
3275 1494 3401 1549 spe-

1812 1592 1987 1637 ctrum
2018 1580 2292 1651 quoddam
2316 1581 2379 1634 ad
2404 1594 2497 1635 eas
2518 1576 2665 1635 aedes
2687 1577 2891 1648 quibus
2916 1575 3190 1645 pernicies
3224 1572 3404 1627 immi-

1814 1674 1997 1737 nebat,
2045 1672 2356 1737 accederet,
2392 1672 2462 1726 ita
2507 1680 2718 1725 certum
2768 1667 2997 1722 exitium
3040 1668 3404 1734 subsequere-

1815 1776 1924 1820 tur.
1969 1764 2035 1820 Ut
2071 1765 2240 1835 igitur
2280 1778 2451 1818 causa
2496 1760 2675 1815 morbi
2706 1759 2964 1814 omnibus
2992 1756 3263 1827 patefacta
3295 1761 3401 1819 est,

1815 1875 2010 1929 nempe
2037 1858 2180 1928 quod
2213 1857 2424 1912 dmmon
2457 1857 2526 1910 ab
2559 1855 2694 1925 ipsis
2723 1854 3013 1908 invocatus
3041 1852 3181 1906 male
3204 1855 3405 1907 stulto-

1816 1966 1936 2002 rum
1970 1964 2034 2002 ac
2069 1949 2399 2003 miserorum
2426 1961 2617 2017 preces
2653 1945 2929 2014 impleret,
2967 1942 3059 2012 qui
3101 1941 3243 1995 hanc
3280 1955 3405 2011 qum

1815 2041 2063 2094 morbum
2082 2049 2378 2095 consecuta
2403 2048 2571 2101 esset,
2592 2039 2871 2092 laxitatem
2897 2036 2951 2089 in
2980 2034 3116 2088 urbe
3144 2033 3403 2099 efﬁceret,

1815 2147 2011 2204 magno
2033 2133 2128 2188 isti
2148 2133 2267 2187 viro
2288 2131 2566 2201 supplices
2597 2130 2737 2184 ﬁunt
2768 2136 3009 2192 orantes,
3034 2134 3095 2180 ut
3127 2140 3222 2195 per
3253 2140 3402 2186 eum,

1814 2240 1975 2294 quem
2000 2225 2118 2295 ipse
2134 2223 2301 2278 Deum
2328 2230 2652 2293 agnosceret
2672 2236 2735 2275 ac
2757 2220 3102 2290 prmdiearet,
3130 2232 3288 2287 quem
3314 2230 3407 2271 so-

1813 2316 1925 2371 lum
1954 2331 2142 2370 revera
2159 2314 2329 2370 Deum
2352 2330 2496 2377 esse,
2514 2322 2568 2368 et
2601 2313 2655 2367 in
2682 2327 2874 2367 ontnes
2896 2310 3183 2380 imperium
3205 2308 3407 2362 habere

1815 2410 2227 2472 confiterentur,
2266 2408 2395 2462 mali
2446 2408 2707 2475 impetum
2751 2407 2971 2459 sisteret
3015 2413 3070 2458 et
3105 2401 3402 2456 inhiberet.

1814 2501 1951 2556 Nam
1972 2518 2095 2557 cum
2123 2510 2403 2572 spectrum
2429 2500 2564 2554 illud
2594 2510 2720 2553 ante
2744 2498 2984 2551 futuram
3015 2505 3222 2566 pestem
3242 2491 3406 2547 alicui

1816 2594 2000 2648 domui
2044 2601 2361 2663 appareret,
2403 2608 2467 2646 ac
2515 2592 2768 2662 protinus
2805 2589 3242 2657 desperationem
3284 2586 3409 2639 vita:

1817 2685 2224 2740 habitatoribus
2259 2684 2540 2753 injiceret,
2577 2697 2684 2736 una
2719 2679 3164 2751 periclitantibus
3208 2676 3407 2731 salutis

1816 2780 1960 2834 ratio
1988 2789 2126 2843 erat,
2157 2777 2199 2832 si
2235 2776 2358 2830 illas
2382 2775 2527 2830 :edes
2561 2787 2793 2842 magnus
2817 2770 3115 2839 Gregorius
3156 2765 3408 2836 ingrede-

1817 2875 1992 2931 retur,
2028 2881 2093 2920 ac
2117 2881 2213 2935 per
2235 2879 2423 2936 preces
2456 2863 2746 2925 morbum,
2781 2858 2879 2929 qui
2919 2858 3142 2913 domum
3168 2854 3408 2909 invasis.

1816 2968 1932 3025 set,
1953 2958 2241 3029 repelleret
2264 2971 2327 3011 ac
2348 2955 2720 3011 submoveret.
2763 2949 2903 3004 Cum
2936 2957 3121 3003 autem
3154 2946 3408 3002 celeriter

1816 3068 1915 3124 per
1958 3066 2085 3116 eos,
2139 3050 2232 3121 qui
2280 3047 2439 3119 primi
2486 3061 2551 3101 ea
2600 3045 2818 3098 ratione
2857 3040 3061 3098 servati
3110 3046 3301 3102 erant,
3335 3038 3407 3093 ad

1817 3159 2011 3200 omnes
2042 3142 2186 3197 fama
2215 3147 2621 3211 permanasset,
2649 3135 2871 3199 omnia,
2905 3149 3027 3204 quae
3060 3135 3211 3203 prius
3246 3132 3409 3186 vani-

1820 3245 1931 3292 tate
1957 3246 2123 3306 atque
2149 3234 2384 3288 stultitia
2412 3229 2637 3285 adducti
2668 3228 2957 3292 curabant,
2983 3226 3404 3289 omittebantur,

1776 3380 1779 3381 ν
1816 3329 2067 3393 oracula,
2108 3327 2383 3383 sacrificia
2422 3321 2749 3395 piacularia,
2792 3320 2845 3374 in
2893 3318 3143 3375 delubris
3180 3316 3409 3372 simula-

1819 3436 2040 3477 crorum
2083 3418 2479 3482 commoratio,
2532 3415 2790 3471 omnibus
2841 3426 3099 3484 magnum
3144 3408 3410 3464 sacerdo-

1821 3524 1931 3579 tem
1974 3511 2352 3575 intuentibus,
2390 3521 2445 3565 et
2481 3522 2815 3578 unoquoque
2857 3519 2981 3560 eum
3020 3502 3088 3556 ad
3136 3516 3195 3556 se
3236 3498 3412 3554 totius

1822 3604 2043 3660 familia:
2080 3618 2195 3659 sum
2229 3602 2516 3659 servandae
2544 3599 2721 3671 gratia
2768 3596 3069 3652 alliciente.
3101 3590 3410 3647 Mercedem

1823 3706 2006 3753 autem
2044 3698 2115 3752 ab
2146 3696 2235 3762 iis,
2269 3695 2365 3765 qui
2397 3694 2781 3756 servabantur,
2825 3690 3062 3745 salutem
3099 3686 3410 3739 animarum

1823 3791 2294 3860 consequebatur.
2338 3787 2476 3841 Cum
2514 3786 2662 3839 enim
2709 3780 2983 3854 ejusmodi
3029 3780 3412 3849 experimento

1825 3887 2001 3954 pietas
2032 3880 2338 3938 sacerdotis
2372 3878 2654 3949 patefieret
2680 3916 2693 3939 ,
2735 3890 2845 3929 non
2875 3872 3113 3942 amplius
3145 3868 3411 3924 differen-

1825 3977 1955 4031 dum
1984 3972 2315 4037 censebant,
2344 3970 2480 4039 quin
2518 3966 2841 4038 mysterium
2878 3964 3280 4033 approbarent,
3313 3958 3411 4028 qui

1826 4084 1921 4138 per
1952 4080 2118 4135 opera
2151 4065 2413 4118 virtutem
2458 4060 2585 4115 ﬁdei
2631 4058 3065 4128 cognoscebant.
3116 4053 3267 4108 Adeo
3302 4051 3414 4108 illis

1826 4156 2143 4212 hominibus
2172 4156 2409 4208 sanitate
2434 4150 2665 4205 morbus
2693 4147 2927 4202 validior
2952 4155 3090 4199 erat.
3125 4143 3230 4210 Qui
3259 4142 3412 4198 enim

1828 4250 1883 4303 in
1927 4249 2163 4304 sanitate
2190 4246 2258 4300 ad
2300 4242 2752 4315 approbationem
2804 4237 3052 4310 mysterii
3096 4234 3411 4290 rationibus

1828 4336 2031 4392 infirmi
2062 4343 2270 4401 essent,
2296 4332 2571 4404 corporali
2599 4331 2792 4385 morbo
2821 4329 2890 4383 ad
2924 4328 3085 4383 [idem
3112 4325 3412 4383 convalue-

1830 4438 1982 4483 runt.
2016 4429 2195 4497 Atque
2230 4427 2306 4480 ita
2342 4425 2766 4481 simulacrorum
2797 4421 2979 4476 cultus
3006 4434 3198 4475 errore
3222 4416 3415 4486 depre-

139 4517 510 4588 μετετίθεντο,
547 4517 595 4569 οἱ
635 4517 732 4587 μὲν
761 4514 848 4568 διά
882 4515 979 4584 τῆς
1004 4510 1395 4581 ἐπιγενομένης
1427 4509 1582 4561 νόσου
1616 4524 1717 4577 χει-

1832 4522 2037 4585 henso,
2088 4534 2281 4575 omnes
2333 4517 2399 4572 ad
2450 4531 2650 4571 nomen
2694 4514 2901 4570 Christi
2937 4510 3410 4577 traducebantur,

139 4607 565 4681 ραγωγηθέντες
608 4610 743 4678 πρὸς
777 4610 876 4677 τὴν
915 4607 1201 4676 ἀλήθειανο
1225 4604 1273 4657 οἱ
1313 4603 1369 4656 δὲ
1396 4603 1490 4655 καὶ
1525 4617 1731 4671 προφυ-

136 4699 318 4769 λακὴν
348 4698 443 4750 τοῦ
476 4696 664 4767 λοιμοῦ
686 4737 700 4760 ,
743 4696 842 4767 τὴν
874 4696 1055 4749 πίστιν
1103 4692 1202 4764 τὴν
1251 4694 1332 4755 είς
1360 4690 1451 4743 τὸν
1497 4689 1733 4760 Χριστὸν

138 4789 595 4861 προσαλλόμενοι.
622 4789 777 4840 Ἐστι
811 4788 867 4841 δὲ
920 4788 1011 4840 καὶ
1064 4786 1196 4840 ἄλλα
1239 4788 1306 4856 τῇ
1343 4787 1530 4857 μνήμῃ
1571 4783 1732 4855 μέχρι

136 4885 239 4938 τοῦ
264 4881 426 4954 δεῦρο
448 4881 823 4950 διασωζόμενα
862 4880 954 4933 τοῦ
991 4879 1226 4949 μεγάλου
1275 4877 1575 4948 Γρηγορίου
1601 4876 1732 4930 θαύ-

144 4994 319 5048 ματα,
356 4978 498 5045 άπερ
547 4973 850 5043 φειδόμενοι
901 4972 1002 5040 τῆς
1048 4970 1384 5040 ἀπιστούσης
1431 4970 1618 5039 ἀκοῆς,
1656 4970 1731 5034 ὼς

142 5070 214 5122 ἂν
243 5068 320 5139 μὴ
357 5066 603 5136 βλαϐεῖεν
622 5066 671 5117 οἱ
700 5062 762 5116 τὸ
787 5062 984 5131 ἀληθὲς
1012 5064 1069 5114 ἐν
1096 5061 1174 5133 τῷ
1204 5061 1421 5132 μεγέθει
1444 5060 1553 5113 τῶν
1580 5060 1732 5129 λεγο-

144 5162 332 5233 μένων
369 5157 562 5227 ψεῦδος
597 5156 853 5226 οἰόμενοι,
888 5156 998 5217 τοῖς
1028 5155 1432 5225 γεγραμμένοις
1467 5153 1525 5205 ού
1561 5168 1729 5221 προσ-

142 5252 448 5322 εθήκαμεν.
500 5246 721 5319 Χριστῷ
746 5247 803 5299 δὲ
858 5246 933 5316 τῷ
978 5245 1201 5299 τοιαῦτα
1247 5246 1334 5299 διὰ
1368 5245 1477 5298 τῶν
1531 5244 1731 5297 δούλων

142 5341 318 5396 αὑτοῦ
360 5336 818 5410 τερατουργοῦντι
860 5337 1060 5407 πρέπει
1096 5336 1241 5402 δόξα,
1276 5336 1408 5407 τιμὴ
1442 5335 1533 5388 καὶ
1565 5351 1731 5404 προσ-

145 5435 402 5503 κύνησις.
427 5430 521 5484 νῦν
552 5432 645 5484 καὶ
680 5430 785 5493 ἀεὶ,
824 5431 917 5481 καὶ
954 5429 1033 5492 εἰς
1073 5428 1198 5492 τοὺς
1228 5427 1429 5490 αἰῶνας
1461 5425 1569 5478 τῶν
1600 5422 1730 5478 αἰώ-

143 5542 278 5579 νων.
324 5525 381 5575 Ἀ
390 5524 515 5593 μην.

1829 4628 1957 4685 pars
1977 4620 2205 4683 urgente
2235 4610 2432 4664 morbo
2461 4609 2527 4663 ad
2558 4610 2844 4664 veritatem
2876 4607 3038 4678 quasi
3066 4605 3409 4671 manuducti,

1828 4721 1958 4777 pars
1988 4705 2153 4759 etiam
2189 4703 2348 4758 fidem
2379 4703 2434 4757 in
2461 4702 2742 4757 Christum
2773 4699 2931 4770 quasi
2964 4698 3365 4754 munimentum
3390 4733 3408 4760 ,

1829 4813 1939 4868 quo
1969 4798 2071 4850 tuti
2112 4803 2300 4850 essent
2334 4794 2603 4849 adversus
2628 4805 2861 4861 pestem,
2885 4789 3232 4859 objicientes.
3270 4787 3411 4840 Sunt

1829 4899 2013 4946 autem
2059 4889 2223 4942 etiam
2267 4888 2372 4941 alia
2420 4885 2603 4956 magni
2655 4883 2903 4953 Gregorii
2947 4881 3250 4944 miracula,
3292 4894 3413 4948 qua:

1829 4981 2095 5036 memoria
2124 4996 2299 5049 usque
2329 4979 2509 5033 adhuc
2538 4984 2795 5033 tenentur
2828 4992 2841 5028 :
2871 4991 2935 5030 ea
2969 4990 3071 5029 nos
3112 4971 3409 5027 incredulis

1830 5075 2056 5129 auribus
2085 5079 2395 5143 parcentes,
2423 5086 2493 5125 ne
2527 5068 2876 5124 otl'endantur
2909 5068 3002 5137 qui
3034 5072 3259 5135 propter
3288 5077 3431 5115 am-

1829 5167 2156 5238 plitudinem
2184 5179 2373 5218 earum
2408 5178 2592 5218 rerum
2616 5176 2737 5231 quae
2767 5166 3169 5220 memorantur,
3204 5152 3409 5207 verita-

1831 5266 1936 5311 tem
1983 5253 2330 5309 mendacium
2373 5267 2497 5307 esse
2537 5257 2765 5321 putant,
2802 5245 3028 5315 scriptis
3060 5258 3168 5298 non
3202 5240 3409 5309 adjeci-

1836 5360 1980 5398 mus.
2010 5342 2231 5396 Christo
2263 5355 2427 5411 porro
2455 5339 2583 5393 talia
2613 5352 2714 5407 per
2750 5350 2943 5391 servos
2976 5347 3108 5387 suos
3143 5329 3409 5384 miracula

1837 5429 2110 5501 (ψει-διιεῖ,
2139 5428 2393 5483 convenit
2432 5425 2635 5497 gloria.
2667 5423 2844 5476 honor
2878 5428 2931 5473 et
2962 5418 3233 5482 adoratio,
3264 5429 3412 5469 nunc

1838 5526 1889 5572 et
1924 5532 2162 5587 semper,
2195 5524 2249 5570 et
2277 5515 2330 5569 in
2366 5512 2565 5569 Stecula
2597 5509 2951 5566 smculorum.
2986 5506 3185 5560 Amen.
