3834 6404
1809 281 1873 338 5.
1909 280 2244 338 GREGOBII
2280 279 2576 338 κγδδεαι

521 433 3750 474 M

1251 595 1512 684 ΤΟΥ
1573 597 1734 683 ΕΝ
1794 597 2226 685 ΑΓΙΟΙΣ
2288 599 3019 692 ΓΡΗΓΟΡΙΟΥ

703 795 948 912 ΕΙΣ
1019 794 1339 914 ΤΟΝ
1410 796 1790 914 BION
1868 801 2171 915 ΤΗΣ
2249 799 2702 917 ΟΣΙΑΣ
2775 803 3592 922 ΜΑΚΡΙΝΗΣ

1492 1009 1806 1072 ΑΔΕΛΦΗΣ
1853 1011 1992 1074 ΤΟΥ
2021 1012 2356 1074 ΜΕΓΔΔΟΥ
2402 1011 2788 1072 ΒΔΣΙΔΕΙΟΥ.

1547 1345 1643 1438 S.
1721 1347 1832 1442 Ρ.
1911 1345 2033 1440 Ν.
2112 1343 2706 1440 GREGORII

1106 1553 1463 1673 VITA
1543 1555 1664 1670 S.
1733 1557 2444 1676 MACRINAE
2524 1559 3175 1680 VIRGINIS

1715 1777 2018 1836 SOROBIS
2052 1778 2138 1833 BA
2147 1779 2304 1836 SILI!
2342 1779 2578 1837 MAGNI.

1617 1939 1902 2006 loterprete
1941 1939 2210 1996 Francius
2231 1939 2354 1994 lino
2375 1942 2675 1998 Veronensi.

583 2241 700 2298 Hoc
726 2244 944 2313 quidem
976 2243 1267 2300 voluminis
1295 2262 1466 2316 genus
1494 2263 1558 2301 ex
1585 2248 1947 2318 inscriptione
1974 2265 2094 2320 ept-

2269 2253 2343 2306 Τὺ
2373 2253 2471 2324 μὲν
2503 2247 2642 2316 εἶδος
2667 2251 2762 2306 τοῦ
2797 2252 3020 2323 βιϐλίου,
3053 2253 3176 2308 ὅσον
3207 2256 3264 2308 ἐν
3295 2254 3374 2325 τῷ
3404 2255 3505 2326 τῆς
3541 2274 3778 2331 προγρα-

509 2338 657 2392 stola
693 2338 909 2391 videtur
939 2354 1062 2394 esse
1094 2339 1171 2406 (1)
1208 2359 1221 2394 :
1255 2341 1348 2398 sed
1383 2342 1503 2409 ejus
1550 2343 1832 2410 longitudo
1873 2343 2095 2396 modum

507 2432 760 2499 epistolae
791 2440 1048 2502 superat,
1096 2439 1150 2486 et
1177 2431 1377 2501 justam
1411 2433 1536 2486 libri
1569 2434 1954 2502 complectitur
1980 2449 2097 2486 ma-

510 2523 856 2592 gnitudinem
893 2543 906 2578 :
946 2540 1034 2579 me
1067 2534 1247 2578 tamen
1288 2525 1387 2586 rei,
1421 2540 1589 2593 quam
1638 2533 1696 2578 ut
1732 2525 1932 2580 litteris
1962 2540 2098 2578 con-

513 2616 790 2685 signarem
844 2618 1162 2688 imperasti,
1227 2616 1474 2671 defendit
1530 2627 1938 2687 argumentum.
2002 2615 2099 2672 Est

510 2707 658 2761 enim
695 2707 871 2776 majus
896 2719 951 2763 et
981 2709 1231 2771 uberius,
1263 2723 1426 2777 quam
1466 2717 1525 2760 ut
1557 2709 1805 2777 epistolae
1847 2709 2099 2764 terminis

508 2801 770 2854 concludi
807 2803 1001 2871 possit.
1025 2800 1264 2856 Omnino
1285 2801 1704 2856 consuetudinis
1724 2803 1876 2856 illius
1896 2803 2100 2858 oblitus

509 2909 640 2949 esse
673 2911 780 2949 non
813 2895 1002 2957 debes,
1035 2910 1161 2949 cum
1195 2895 1262 2949 ad
1297 2895 1488 2948 urbem
1525 2895 1780 2948 Antiochi
1813 2895 2100 2966 congressi

511 3001 747 3052 sumus,
782 3003 892 3058 quo
941 2995 1188 3057 tempore
1237 2987 1458 3056 petebas
1519 2985 1990 3058 Hierosolymam,
2039 2995 2103 3042 ut

513 3089 869 3134 monumenta
902 3079 1111 3136 Christi
1144 3080 1632 3150 peregrinationis,
1673 3081 1802 3135 dum
1840 3083 1893 3135 in
1932 3098 2100 3142 carne

512 3179 684 3233 esset,
722 3171 1014 3234 inviseret),
1047 3187 1348 3241 eorumque
1384 3187 1727 3233 sermonum,
1759 3189 1902 3242 quos
1930 3175 2101 3231 variis

515 3263 585 3316 dc
629 3266 792 3320 rebus
837 3266 983 3319 inter
1023 3281 1125 3319 nos
1158 3267 1519 3322 contulimus.
1555 3265 1744 3337 Neque
1775 3269 1921 3322 enim
1961 3283 2101 3323 con-

514 3370 740 3424 gressus
776 3357 867 3411 ille
897 3357 1098 3412 tacitus
1129 3373 1254 3412 esse
1279 3359 1476 3427 potuit.
1510 3375 1636 3414 cum
1671 3360 1958 3430 prudentia
2006 3371 2100 3416 tua

518 3447 876 3518 multiplicem
903 3447 1254 3517 colloquendi
1285 3449 1635 3505 occasionem
1666 3450 1987 3521 subjiceret.

591 3537 738 3591 Inter
779 3537 1172 3607 disputandum
1208 3542 1412 3612 igitur.
1452 3550 1510 3596 ut
1548 3544 1604 3598 in
1643 3543 1916 3612 ejusmodi
1960 3560 2098 3599 con-

2200 2343 2306 2416 φῆς
2336 2343 2509 2413 τύπῳ,
2541 2343 2796 2414 ἐπιστολὴ
2826 2339 2964 2398 εἶναι
2996 2345 3181 2398 δοκεῖ’
3228 2346 3289 2398 τὸ
3317 2347 3372 2400 δὲ
3402 2347 3618 2418 πλῆοπ
3651 2352 3780 2421 ὑπὲρ

2197 2434 2289 2486 τὸν
2331 2435 2735 2503 ἐπιστολιμαϊον
2777 2437 2901 2507 ὅρον
2940 2438 3110 2500 ἐστὶν,
3157 2440 3238 2501 είς
3265 2441 3658 2510 συγγραφικὴν
3685 2462 3780 2511 μα-

3817 665 3824 750 l

3817 793 3826 910 ‘

2200 2525 2500 2596 κρηγορίαν
2547 2527 3042 2598 παρατεινόμενονο
3093 2529 3209 2582 ἀλλ’
3257 2530 3614 2598 ἀπολογεῖται
3653 2531 3780 2602 ὑπὲρ
3825 2525 3827 2618 ς

2200 2615 2357 2686 ἡμῶν
2407 2619 2439 2688 ἡ
2495 2617 2761 2681 σύνθεσις,
2805 2614 2872 2692 ἧς
2903 2619 3089 2673 ἕνεκεν
3119 2621 3324 2693 γράψαι
3373 2626 3776 2693 παρεκελεύσοιι,

2201 2707 2401 2761 πλείων
2426 2706 2578 2773 οὖσα,
2619 2711 2653 2782 ἢ
2697 2714 2817 2764 κατ’
2847 2713 3133 2784 ἐπιστολῆς
3163 2717 3524 2786 συμμετρίαν.
3566 2718 3778 2779 Πάντως

2199 2801 2256 2855 δὲ
2278 2803 2377 2856 οὐκ
2410 2806 2745 2875 ἀμνημονεῖς
2773 2806 2873 2874 τῆς
2907 2807 3214 2877 συντυχίας,
3245 2809 3333 2862 ὅτε
3380 2812 3505 2862 κατ’
3533 2811 3704 2880 εὐχὴν
3733 2813 3777 2862 ia

2211 2895 2607 2967 Ἱεροσολύμοις
2626 2898 2912 2969 ἐπιφοιτᾷν
2939 2899 3166 2970 μέλλων,
3197 2901 3281 2968 ἐφ’
3298 2893 3342 2968 ᾧ
3365 2901 3435 2956 τά
3463 2905 3674 2971 σημεῖα
3695 2903 3780 2970 τῆς

2198 2989 2294 3042 τοῦ
2319 2989 2525 3059 Κυρίου
2550 2990 2639 3044 διὰ
2662 2992 2863 3063 σαρκὸς
2885 2993 3174 3063 ἐπιδημίας
3199 2994 3256 3047 ἐν
3279 2997 3391 3058 τοῖς
3420 2996 3623 3058 τύποις
3641 2996 3778 3058 ἰδεῖν,

2202 3081 2536 3153 συνέδραμον
2563 3099 2666 3147 σοι,
2700 3085 2840 3139 κατά
2872 3085 2972 3156 τὴν
3007 3086 3276 3158 Ἀντιόχου
3300 3087 3456 3140 πόλιν
3484 3127 3499 3150 ,
3538 3089 3640 3140 καὶ
3660 3106 3781 3142 παν·

2199 3174 2360 3228 τοίων
2387 3175 2828 3246 ἀνακινουμένων
2862 3179 2991 3248 ἡμῖν
3021 3177 3194 3246 λόγων
3221 3194 3233 3206 ·
3261 3179 3379 3232 οὐδὲ
3404 3181 3516 3249 γὰρ
3551 3182 3702 3244 εἰκὸς
3727 3177 3780 3251 ἦν

2201 3267 2260 3318 ἐν
2287 3270 2464 3338 σιωπῇ
2498 3267 2593 3338 τὴν
2627 3271 2915 3339 συντυχίαν
2963 3265 3122 3324 εἶναι·
3167 3271 3367 3334 πολλὰς
3394 3273 3474 3343 τῷ
3510 3273 3663 3345 λόγῳ
3695 3277 3781 3336 τὰς

2201 3359 2456 3431 ἀφορμὰς
2483 3364 2584 3434 τῆς
2616 3361 2716 3432 σῆς
2747 3364 3014 3427 συνέσεως
3036 3363 3453 3435 ἐπιϐαλλούσης.

2275 3529 2377 3587 Οἷα
2401 3534 2457 3587 δὲ
2486 3533 2630 3604 φιλεῖ
2653 3535 2910 3599 πολλάκις
2937 3537 2994 3589 ἐν
3019 3536 3224 3600 τούτοις
3254 3535 3519 3604 γίνεσθαι,
3555 3537 3639 3598 είς
3659 3541 3784 3607 μνῆ·

518 3629 898 3699 ενιιεείοηίὺιιε
952 3632 1042 3693 tit,
1088 3633 1143 3686 in
1192 3635 1528 3689 mentionem
1575 3637 1762 3706 proba:
1810 3638 2096 3706 cujusdam

2211 3643 2318 3696 μην
2361 3625 2474 3696 βίου
2519 3625 2663 3690 τινὸς
2716 3626 3004 3695 εὐδοκίμου
3053 3627 3290 3698 προῆλθε
3335 3627 3474 3697 ῥέων
3510 3629 3539 3680 ὁ
3595 3627 3781 3696 λόγος·

520 3719 769 3775 mulieris
810 3719 1129 3777 incidimus.
1183 3723 1238 3778 Si
1278 3732 1461 3779 tamen
1502 3741 1567 3779 ex
1605 3735 1798 3780 natura
1832 3730 2032 3784 mulier
2070 3745 2102 3784 a

520 3812 684 3866 nobis
717 3813 1044 3882 appellanda
1073 3823 1180 3882 est,
1215 3832 1337 3886 qua!
1368 3825 1579 3872 natura:
1609 3820 1928 3877 conditione
1963 3838 2103 3892 pra:-

518 3905 756 3963 stantior
809 3905 930 3961 fuit.
975 3905 1098 3962 Non
1151 3916 1336 3964 autem
1381 3925 1448 3964 ex
1504 3911 1701 3975 alienis
1749 3915 2102 3972 sermonibus

519 3997 827 4056 narrationi
858 3999 1016 4054 fidem
1049 3999 1286 4056 faciebat
1324 4004 1524 4065 oratio,
1555 4005 1651 4059 sed
1691 4005 1986 4075 diligenter
2013 4024 2099 4076 ea,

518 4105 755 4161 quorum
785 4092 1127 4161 experientia
1164 4095 1428 4164 magistra
1481 4095 1690 4158 fuerat,
1733 4097 2102 4167 persequeba-

518 4193 632 4247 tur,
667 4193 722 4239 et
761 4184 900 4239 nihil
933 4183 1048 4240 fere
1080 4187 1266 4242 alieno
1301 4187 1524 4242 auditus
1551 4190 1870 4242 testimonio
1898 4189 2100 4242 conﬁr-

519 4279 726 4334 mabat.
774 4277 959 4348 Neque
996 4279 1142 4334 enim
1179 4283 1365 4352 virgo,
1398 4295 1506 4351 qua
1549 4283 1618 4336 de
1649 4283 1813 4336 verba
1861 4281 2101 4338 facieba-

519 4385 666 4433 mus,
697 4384 898 4438 genere
930 4370 1091 4425 nobis
1116 4379 1236 4427 erat
1260 4373 1569 4442 peregrina,
1606 4380 1665 4426 ut
1705 4388 1826 4443 qua:
1857 4373 2099 4429 admira-

520 4463 652 4518 bilia
681 4463 748 4516 de
778 4463 869 4516 illa
894 4462 1124 4518 dicenda
1153 4472 1335 4528 erant,
1365 4480 1462 4536 per
1485 4465 1623 4520 alios
1645 4481 1746 4521 nos
1766 4481 2102 4538 cognoscere

519 4563 825 4625 oporteret,
854 4555 950 4610 sed
979 4556 1184 4612 eisdem
1211 4565 1334 4612 orta
1368 4559 1691 4628 parentibus
1711 4577 1724 4614 :
1748 4560 1952 4629 quippe
1975 4577 2102 4630 qua:

519 4656 783 4716 tanquam
830 4645 1044 4704 fructus
1101 4647 1468 4717 primitiarum
1520 4663 1588 4702 ex
1645 4655 1896 4704 materno
1945 4656 2101 4704 utero

519 4739 698 4810 prima
729 4739 1114 4808 puliulaverat.
1140 4739 1412 4806 Quoniam
1440 4741 1609 4812 igitur
1636 4741 1904 4798 bonorum
1929 4741 2101 4796 histo-

517 4831 656 4886 riam
685 4847 811 4888 esse
856 4832 1174 4904 frugiferam
1211 4834 1479 4890 censuisti
1503 4873 1518 4897 ,
1550 4849 1617 4889 ne
1662 4836 1787 4890 vita:
1814 4835 1960 4891 illius
1991 4835 2101 4890 vir-

518 4925 698 4998 ginis,
728 4942 851 4997 quae
893 4927 962 4980 ad
1007 4928 1261 4982 humana:
1293 4928 1517 4984 virtutis
1566 4928 1851 4999 fastigium
1885 4945 1983 4998 per
2013 4943 2101 4984 sa-

521 5017 742 5088 pientia;
776 5017 1018 5071 studium
1065 5019 1346 5087 pervenit,
1380 5018 1694 5088 exemplum
1729 5025 1981 5088 posteros
2019 5019 2103 5072 la-

518 5117 650 5175 teat,
687 5123 823 5162 neve
873 5107 995 5162 sine
1041 5107 1222 5163 fructu
1279 5115 1526 5164 transeat
1576 5109 1917 5170 involutum,
1966 5108 2101 5162 mihi

519 5199 831 5256 faciendum
865 5200 1198 5263 existimavi,
1225 5207 1286 5255 ut
1308 5201 1404 5256 tibi
1433 5215 1706 5270 parerem,
1736 5209 1792 5254 et
1815 5202 2102 5268 incompo-

518 5293 624 5346 sita
679 5293 1031 5362 simplicique
1082 5293 1335 5346 oratione
1385 5291 1554 5346 vitam
1603 5293 1726 5361 ejus
1768 5307 1934 5362 quam
1975 5291 2101 5347 bre-

518 5383 746 5437 vissime
779 5399 996 5454 possem
1036 5383 1393 5453 explicarem.

593 5473 846 5529 Maci‘ittm
885 5475 1084 5546 virgini
1128 5490 1328 5530 nomen
1367 5482 1526 5540 erat,
1571 5477 1651 5531 sic
1693 5493 1724 5532 a
1775 5482 2097 5550 parentibus

2203 3716 2340 3786 γυνὴ
2368 3715 2425 3768 δὲ
2455 3711 2524 3786 ἦν
2553 3718 2587 3786 ἡ
2626 3716 2720 3769 τοῦ
2753 3718 3089 3788 διηγήματος
3116 3719 3335 3790 ἀφορμή
3361 3735 3374 3748 ο
3413 3719 3577 3788 εἴπερ
3609 3721 3745 3786 γυνή
3770 3737 3779 3746 ·

2202 3809 2304 3861 οὐκ
2345 3804 2460 3862 οἶδα
2497 3808 2606 3877 γὰρ
2646 3810 2694 3860 εί
2717 3810 2925 3880 πρέπον
2955 3811 3101 3862 ἐστὶν
3152 3813 3214 3864 ὲκ
3245 3812 3344 3881 τῆς
3368 3809 3590 3880 φύσεως
3623 3813 3781 3880 αὐτὴν

2203 3903 2514 3972 ὀνομάζειν,
2561 3903 2662 3974 τὴν
2703 3903 2814 3956 ἄνω
2843 3904 3146 3976 γενομένην
3192 3907 3289 3974 τῆς
3333 3906 3574 3975 φύσεως.
3627 3907 3702 3958 Τδ

2201 3999 2446 4068 διήγημα
2485 3999 2616 4068 ἡμῖν
2655 3997 2754 4050 οὐκ
2791 3997 2850 4062 ἐξ
2881 3997 3053 4066 ἀκοῆς
3094 3997 3294 4068 ἐτέρων
3320 3997 3688 4068 διηγημάτων
3733 4000 3783 4047 τὸ

2203 4090 2392 4143 πιστὸν
2420 4084 2566 4160 εἶχεν
2589 4106 2602 4120 °
2637 4089 2752 4144 ἀλλ’
2783 4083 2856 4142 ὧν
2885 4093 2916 4159 ἡ
2946 4094 3108 4161 πεῖρα
3140 4091 3455 4153 διδάσκαλος
3490 4087 3586 4161 ἦν,
3621 4091 3783 4145 ταῦτα

2201 4183 2268 4236 δι’
2300 4181 2588 4254 ἀκριϐείας
2619 4181 2837 4254 ἐπεξῄει
2869 4183 2898 4234 ὁ
2926 4181 3102 4250 λόγος,
3137 4185 3215 4244 εἰς
3247 4182 3397 4234 οὐδὲν
3430 4183 3604 4254 ἀκοὴν
3640 4186 3785 4237 ἀλλο-

2200 4277 2356 4348 τρίαν
2399 4275 2957 4348 ἐπιμαρτυρούμενος.
2990 4277 3123 4329 Οὐδὲ
3169 4276 3277 4348 γὰρ
3307 4276 3431 4344 ξένη
3472 4275 3569 4328 τοῦ
3602 4278 3785 4345 rem;

2207 4369 2356 4440 ἡμῶν
2390 4371 2423 4440 ἡ
2457 4369 2886 4441 μνημονευθεῖσα
2929 4368 3218 4440 παρθένος,
3253 4371 3328 4432 ὼς
3369 4370 3627 4442 ἀνάγκην
3654 4367 3785 4423 εἶναι

2201 4462 2267 4515 δι’
2294 4463 2494 4533 ἑτέρων
2521 4461 2812 4530 γινώσκειν
2858 4463 2925 4516 τὰ
2960 4463 3080 4516 κατ’
3110 4461 3323 4532 ἐκείνην
3344 4461 3629 4532 θαύματα,
3677 4463 3785 4516 ἀλλ’

2201 4556 2266 4608 ἐκ
2298 4555 2406 4607 τῶν
2436 4554 2615 4608 αὐτῶν
2646 4557 2778 4624 ἡμῖν
2824 4554 3048 4623 γονέων,
3076 4555 3264 4626 ὥσπερ
3293 4572 3376 4616 τις
3402 4555 3633 4626 ἀπαρχὴ
3659 4573 3788 4625 καρ-

2202 4647 2357 4709 πῶν,
2402 4646 2592 4718 πρώτη
2643 4647 2742 4718 τῆς
2777 4646 3037 4718 μητρῴας
3069 4646 3258 4716 νηδύος
3302 4647 3784 4720 ἀναϐλαστήσασα.

2214 4739 2366 4791 Ἐπεὶ
2394 4733 2486 4791 οὖν
2513 4738 2836 4807 ἐδοκίμασας
2868 4738 3051 4809 φέρειν
3075 4755 3130 4789 τι
3162 4737 3350 4808 κέρδος
3387 4737 3484 4808 τὴν
3512 4738 3628 4792 τῶν
3655 4742 3787 4808 ἀγα-

2203 4832 2312 4886 θῶν
2349 4831 2589 4902 ἱστορίαν
2613 4847 2631 4864 ο
2679 4831 2757 4894 ὼς
2784 4829 2851 4884 ἂν
2887 4831 2961 4902 μὴ
2986 4831 3138 4885 λάθοι
3165 4831 3260 4884 τὸν
3287 4830 3427 4885 κατὰ
3461 4831 3642 4886 ταῦτα
3666 4837 3786 4904 χρό-

2203 4942 2292 4978 νον
2319 4926 2349 4978 ὁ
2380 4924 2620 4986 τοιοῦτος
2653 4923 2786 4994 βίος,
2822 4924 2957 4994 μηδέ
2984 4923 3267 4995 ἀνωφελὴς
3311 4923 3671 4997 παραδράμοι
3703 4927 3787 4979 διὰ

2205 5016 2414 5086 σιωπῆς
2459 5015 2896 5084 συγκαλυφθεῖσα
2945 5015 2978 5086 ἠ
3031 5014 3169 5087 πρὸς
3204 5016 3294 5070 τὸν
3335 5017 3645 5088 ἀκρότατον
3691 5018 3788 5085 τῆς

2202 5107 2550 5179 ἀνθρωπίνης
2595 5107 2798 5177 ἀρετῆς
2826 5107 2952 5178 ὅρον
2979 5107 3175 5178 ἑαυτὴν
3209 5106 3296 5160 διὰ
3338 5107 3663 5176 φιλοσοφίας
3694 5112 3786 5161 ἐπ·
3823 5111 3830 5128 ⁴

2201 5201 2405 5272 ἀρασα,
2441 5201 2620 5264 καλῶς
2648 5199 2714 5253 ἂν
2742 5199 2884 5269 ἔχειν
2909 5199 3117 5272 ᾠήθην,
3150 5200 3232 5252 σοί
3259 5217 3317 5252 τε
3347 5201 3661 5270 σεισθῆναι,
3694 5202 3784 5252 καὶ

2199 5294 2266 5347 δι’
2289 5295 2502 5362 ὀλίγων,
2525 5294 2600 5357 ὼς
2631 5293 2696 5348 ἂν
2722 5289 2833 5357 οἷός
2862 5310 2920 5346 τε
2945 5286 3012 5354 ὦ,
3039 5293 3108 5346 τὰ
3132 5295 3253 5346 κατ’
3275 5293 3446 5364 αὐτὴν
3480 5295 3781 5364 ἱστορῆσαι,

2201 5389 2259 5442 ἐν
2292 5387 2650 5458 ἀκατασκεύῳ
2681 5405 2740 5441 τε
2767 5387 2861 5440 καὶ
2884 5386 3040 5456 ἀπλῷ
3071 5385 3389 5458 διηγήματι.

2266 5480 2522 5551 Μακρίνα
2547 5475 2616 5551 ἦν
2653 5479 2823 5550 ὄνομα
2854 5481 2920 5550 τῇ
2965 5479 3218 5550 παρθένῳ
3239 5495 3250 5507 ·
3295 5478 3587 5548 εὐδόκιμος
3613 5477 3666 5531 δέ
3701 5494 3779 5538 τις

520 5568 843 5636 appellata,
885 5567 1034 5638 quod
1074 5567 1208 5624 olim
1254 5568 1490 5639 insignis
1535 5571 1782 5640 quazdam
1817 5575 1872 5628 in
1907 5584 2096 5630 nostra

2206 5574 2360 5628 πάλαι
2387 5573 2529 5628 κατά
2547 5573 2606 5628 τὸ
2631 5573 2786 5642 γένος
2811 5568 2878 5644 ἦν
2898 5575 2931 5644 ἡ
2948 5572 3221 5642 Μακρίνα,
3247 5571 3432 5643 μήτηρ
3458 5570 3553 5625 τοῦ
3583 5567 3774 5638 πατρὸς

598 5751 676 5825 (1)
709 5752 804 5813 Est
837 5754 1070 5827 cpistola
1096 5755 1219 5828 ejus
1247 5757 1314 5814 ad
1334 5754 1643 5830 Olympium
1666 5762 2013 5818 monachum.
