3834 6428
100 277 209 332 96:

1357 297 1448 353 DE
1479 297 1640 356 VITA
1677 301 1735 358 S.
1775 301 2136 362 MACRINJE,

3253 319 3365 386 96¢

98 393 136 460 ἡ
150 391 288 495 μῶν
304 395 672 467 γεγενημένη,
693 400 812 462 ταῖς
842 399 985 473 ὑπὲρ
1007 405 1242 477 Χριστοῦ
1273 409 1583 480 ὁμολογίαις
1617 432 1644 467 τ

1755 429 1770 479 ι
1798 415 2005 474 familia
2047 418 2290 476 λίθοι-ειη
2319 424 2521 493 fuerat,
2551 429 2724 497 patris
2753 431 2926 486 nostri
2953 433 3207 491 videlicet
3249 455 3368 495 ac

99 482 298 553 καιρῷ
318 485 431 536 τῶν
446 485 700 558 διωγμῶν
723 491 1082 563 ἐναθλήσασα,
1102 497 1136 567 ἢ
1159 499 1518 573 ἐπωνομάσθη
1540 482 1694 576 παρὰ·

1794 519 1898 575 ter,
1934 527 2058 580 qua:
2094 521 2339 583 tempore
2367 521 2810 586 persecutionum
2851 539 2950 593 pro
2981 525 3184 583 Christi
3225 545 3361 586 con-

96 571 220 686 :d'w
245 575 451 643 γονέων
473 578 506 648 ή
540 582 686 643 παῖς.
730 582 890 638 Ἀλλὰ
911 585 1069 640 τοῦτο
1095 589 1193 658 μὲν
1213 585 1282 661 ἦν
1303 591 1362 645 ἐν
1387 571 1610 666 φανερῷ
1622 571 1644 648 ⁷η

1881 571 1890 575 -
1951 571 1967 580 .
2207 571 2220 583 .
2367 571 2383 586 .
2413 571 2426 572 κ
2851 571 2946 593 τ--
2985 571 3184 583 ..η-η...
3226 571 3361 586 νυ..-

1790 599 2031 656 fessione
2069 614 2424 674 pugnaverat.
2470 608 2588 665 Hoc
2620 613 2839 682 quidem
2875 615 3096 686 vulgato
3134 621 3368 677 nomine

95 660 324 733 ὄνομα,
381 667 440 718 τὸ
493 669 645 738 παρὰ
695 671 804 726 τῶν
851 660 1244 743 γινωσκόντων
1269 660 1684 755 ὀνομαζόμενον.

95 753 342 826 Ἕτερον
365 758 422 849 δὲ
451 761 591 814 κατὰ
618 763 678 816 τὸ
710 763 931 837 λεληθὸς
947 771 1083 842 αὐτῇ
1109 753 1468 845 ἐπεκέκλητο·
1557 779 1688 849 πρὶν

96 845 290 899 ἐλθεῖν
316 847 406 902 διὰ
443 851 552 904 τῶν
584 852 792 908 ὠδίνων
819 859 900 920 είς
925 860 1062 929 φῶς,
1105 862 1170 917 ἐκ
1196 882 1341 930 τινος
1369 845 1685 938 ἐπιφανείας

91 943 514 1016 ἐπωνομάσθηο
545 941 618 1015 ἦν
645 949 756 1021 γὰρ
789 950 852 1022 δὴ
889 955 1115 1027 τοιαύτη
1153 960 1274 1012 κατ’
1303 962 1500 1033 ἀρετὴν
1532 965 1681 1036 καὶὴ

95 1035 296 1106 μήτηρ
318 1075 334 1099 ,
382 1037 460 1098 ὡς
499 1041 775 1111 πανταχοῦ
801 1044 880 1114 τῷ
906 1045 1036 1118 θείῳ
1065 1049 1367 1122 βουλήματι
1411 1071 1682 1126 χειραγω-

90 1127 318 1192 γεῖσθαι
345 1145 362 1161 ο
408 1130 768 1204 διαφερόντως
791 1135 850 1190 δὲ
881 1138 980 1209 τὴν
1022 1141 1268 1212 καθαράν
1291 1161 1349 1196 τε
1372 1145 1465 1198 καὶ
1493 1147 1683 1218 ἀκηλί-

88 1217 271 1271 δωτον
306 1220 400 1273 τοῦ
431 1221 858 1298 βίουιδιαγωγὴν
890 1231 1215 1303 ἡσπασμένη
1241 1276 1257 1299 ,
1301 1235 1378 1300 ὠς
1414 1237 1550 1308 μηδὲ
1590 1217 1680 1292 τὸν

89 1308 280 1377 γάμον
308 1311 569 1375 ἑκουσίως
597 1312 834 1372 ἑλέσθαι.
871 1317 1009 1372 Ἀλλ’
1041 1322 1226 1394 ἐπειδὴ
1253 1323 1460 1397 ὀρφανὴ
1488 1327 1586 1397 μὲν
1618 1327 1680 1394 ἐξ

90 1398 428 1471 ἀμφοτέρων
457 1399 525 1475 ἦν
547 1421 562 1438 ⁶
606 1406 898 1479 ὑπερήνθει
924 1411 980 1464 δὲ
1007 1415 1071 1484 τῇ
1107 1412 1226 1486 ὥρᾳ
1258 1416 1354 1470 τοῦ
1382 1417 1633 1489 σώματος
1658 1435 1673 1450 ·

90 1491 195 1544 καὶ
228 1491 458 1557 πολλοὺς
492 1497 526 1566 ἡ
560 1498 716 1567 φήμη
753 1499 854 1570 τῆς
884 1501 1182 1575 εὐμορφίας
1222 1507 1356 1579 πρὸς
1403 1508 1502 1580 τήν
1543 1527 1675 1582 μνη-

85 1582 284 1636 στείαν
314 1585 633 1656 συνήγειρε·
675 1587 917 1653 κίνδυνος
955 1591 1012 1645 δὲ
1040 1588 1131 1664 ῆν,
1166 1596 1214 1648 εί
1247 1597 1321 1667 μὴ
1352 1597 1490 1652 κατὰ
1519 1599 1676 1653 ἐκού-

1789 702 1822 740 a
1857 689 2218 751 familiaribus
2252 699 2553 753 vocabatur
2583 718 2595 753 :
2631 703 2729 757 sed
2776 719 3042 761 arcanum
3071 717 3126 764 et
3162 721 3368 766 rectm-

1787 779 1959 834 ditum
1993 783 2226 839 alterum
2256 787 2493 844 habebat
2521 803 2740 858 nomen,
2767 811 2876 864 quo
2900 813 2997 867 per
3026 799 3204 856 visum
3232 803 3356 858 fue-

1786 879 1874 924 rat
1924 873 2188 945 insignita
2248 879 2572 951 priusquam
2621 884 2678 938 in
2745 886 2921 942 lucem
2965 905 2997 944 a
3047 903 3224 949 matre
3258 903 3357 964 per

1785 962 2008 1020 dolores
2048 967 2323 1025 ederetur.
2357 970 2492 1025 Nam
2527 975 2644 1043 ipsa
2678 992 2896 1048 quoque
2932 992 3108 1038 mater
3143 999 3206 1040 ea
3236 962 3351 1040 vir-

1783 1062 1902 1109 tute
1930 1070 2068 1126 erat,
2108 1071 2164 1116 ut
2192 1065 2424 1120 consilio
2455 1065 2550 1122 Dei
2585 1083 2706 1124 sese
2743 1071 2798 1125 in
2827 1076 3084 1131 omnibus
3117 1088 3352 1149 regeret,

1784 1162 2087 1219 puramque
2113 1161 2167 1208 et
2196 1155 2462 1227 integram
2498 1161 2716 1217 vivendi
2749 1165 3020 1222 rationem
3057 1169 3110 1223 in
3158 1171 3357 1240 primis

1781 1241 2056 1310 diligeret,
2096 1246 2232 1302 adeo
2264 1258 2319 1303 ut
2353 1266 2460 1304 non
2496 1263 2712 1322 sponte,
2750 1257 2843 1310 sed
2881 1259 3054 1313 invita
3083 1263 3353 1330 quodam-

1779 1336 1942 1389 modo
1983 1342 2235 1407 nupserit
2270 1361 2282 1396 :
2327 1348 2533 1398 etenim
2561 1364 2683 1401 cum
2728 1361 2959 1422 utroque
2990 1363 3216 1422 parente
3258 1371 3352 1411 or-

1779 1425 1910 1480 bata
1957 1428 2013 1482 in
2061 1430 2184 1499 ipso
2222 1443 2368 1489 esset
2409 1438 2588 1492 aetatis
2617 1439 2784 1503 flore,
2818 1441 3071 1514 famaque
3103 1447 3350 1516 pulchri-

1781 1517 1985 1575 tudinis
2042 1524 2280 1588 multos,
2339 1537 2396 1580 ut
2441 1542 2559 1582 eam
2612 1531 2715 1586 sibi
2765 1548 2989 1588 uxorem
3040 1546 3347 1604 cuperent,-

1777 1609 2052 1676 incitaret,
2088 1625 2141 1669 et
2180 1617 2476 1686 periculum
2514 1632 2660 1678 esset
2691 1625 2796 1679 nisi
2829 1627 3032 1682 voleus-
3058 1630 3114 1682 in
3151 1633 3344 1684 matri-

83 1673 211 1726 σιόν
247 1691 354 1728 τινι
386 1677 807 1750 συναρμοσθείη,
835 1681 1028 1736 παθεῖν
1056 1701 1108 1737 τι
1141 1685 1244 1739 τῶν
1274 1688 1586 1762 ἀϐουλήτων
1614 1694 1640 1744 ὲ

1778 1706 1962 1759 monio
2009 1707 2243 1776 cuipiam
2286 1712 2787 1781 Collocaretur,~ne
2834 1735 2932 1788 per
2964 1721 3074 1774 vim
3125 1721 3340 1777 adversi

81 1766 379 1835 ἐπηρείας,
418 1769 554 1840 πρὸς
583 1771 837 1840 ἁρπαγὰς
871 1779 1405 1848 παρεσκευασμένων
1419 1782 1526 1834 τῶν
1549 1784 1639 1836 ἐπι

1771 1797 1978 1865 aliquid
2010 1798 2058 1852 ei
2105 1799 2447 1872 contingeret
2478 1804 2646 1876 (nam
2691 1809 2812 1877 ejus
2834 1766 3038 1864 rforma
3079 1813 3224 1882 capti
3271 1807 3345 1866 ad

85 1859 416 1928 μεμηνότων
429 1860 506 1931 τῷ
525 1862 731 1916 κάλλεν
749 1864 836 1918 διὰ
857 1865 1012 1920 τοῦτο
1031 1867 1254 1941 ἑλομένη
1270 1871 1464 1926 τὸνὲπὶ
1484 1890 1542 1926 σε
1551 1875 1670 1944 μνό·

80 1966 212 2019 τητι
245 1950 366 2020 βίου
402 1955 798 2026 γνωριζόμενόν
821 1974 882 2010 τε
907 1959 1001 2012 καὶ
1033 1963 1666 2034 μαρτυρούμενον,ιῶστε

79 2041 308 2109 φύλακα
353 2046 652 2118 κτήσασθαι
698 2049 800 2120 τῆς
849 2051 980 2115 ιδίας
1020 2051 1162 2125 ζωῆς
1188 2095 1202 2120 ,
1257 2056 1420 2122 εὐθὺς
1459 2061 1517 2113 ἐν
1547 2063 1668 2124 ταῖς

79 2138 336 2210 πρώταις
364 2139 536 2204 ὠδῖσι,
577 2141 780 2211 ταύτης
810 2144 1020 2212 γίνεται
1069 2149 1289 2219 μήτηρ·
1339 2152 1431 2204 καὶ
1477 2153 1664 2224 ἐπειδὴ

79 2230 268 2301 παρῆν
297 2232 328 2283 ὁ
364 2232 575 2302 καιρὸς,
612 2231 734 2286 καθ’
763 2233 821 2285 ὂν
858 2234 964 2289 ἔδει
993 2236 1219 2309 λυθῆναι
1265 2239 1362 2311 τὴν
1399 2242 1562 2296 ὠδῖνα
1587 2245 1664 2316 τῷ

75 2323 246 2392 τόκῳ,
295 2324 375 2387 είς
405 2322 572 2378 ὕπνον
602 2332 894 2398 τραπεῖσα,
931 2332 1114 2404 φέρειν
1153 2335 1325 2390 ἐδόκει
1355 2336 1444 2391 διὰ
1481 2339 1663 2411 χειρὸς

74 2413 139 2467 τὸ
166 2413 244 2478 ὥς
266 2433 320 2468 τι
355 2416 462 2469 ὑπὸ
486 2417 595 2471 τῶν
623 2421 943 2492 σπλάγχνων
971 2427 1358 2498 περιεχόμενον
1377 2447 1391 2461 ·
1427 2432 1520 2484 καί
1541 2450 1660 2486 τινα

73 2505 136 2558 ἐν
157 2505 292 2559 εῖδει
318 2507 414 2560 καὶ
443 2512 682 2580 σχήματι
718 2514 1300 2590 μεγαλοπρεπεστέρῳ,
1340 2521 1372 2575 ἦ
1402 2523 1543 2576 κατὰ
1564 2525 1658 2578 ἄν·

76 2597 304 2668 θρωπον
347 2601 706 2668 ἐπιφανέντα,
757 2611 1072 2677 προσειπεῖν
1119 2609 1218 2682 τὴν
1249 2611 1658 2687 βασταζομένην

69 2691 140 2742 ὲκ
174 2689 272 2743 τοῦ
300 2691 563 2762 ὀνόματος
590 2695 798 2767 Θέκλην
824 2715 838 2730 ·
887 2699 1096 2772 Θέκλης
1126 2703 1358 2776 ἐκείνης,
1391 2701 1458 2778 ἦς
1491 2709 1658 2774 πολὺς

69 2785 134 2836 ἐν
162 2786 289 2847 ταῖς
318 2785 662 2856 παρθένοιςὰ
693 2788 870 2858 λόγος.
913 2793 1224 2864 Ποιήσαντα
1270 2797 1328 2850 δὲ
1369 2799 1536 2852 τοῦτον
1561 2803 1655 2855 καὶ

1770 1889 2020 1956 rapinam
2067 1894 2446 1966 speetabant),
2495 1906 2554 1952 ut
2597 1900 2764 1955 saluti
2817 1903 3168 1970 consuleret,
3216 1906 3344 1960 vita:

1768 1982 2034 2050 gravitate
2063 1994 2370 2054 spectatum
2414 1990 2970 2061 commendatumque
3012 1994 3190 2048 virum
3229 1997 3339 2051 sibi

1765 2072 1950 2140 elegit,
1984 2075 2270 2146 primoque
2292 2090 2448 2147 partu
2481 2080 2710 2149 hujusce
2729 2095 2813 2138 est
2838 2084 2984 2138 facta
3007 2094 3200 2141 mater.
3236 2087 3341 2142 νει-

1767 2179 1887 2217 rum
1920 2181 2046 2220 cum
2085 2170 2330 2237 pariendi
2363 2180 2576 2242 tempus
2608 2175 2870 2240 instaret,
2901 2185 3097 2232 s‘omno
3133 2194 3339 2236 consob

1763 2260 1898 2326 pita,
1937 2276 2101 2314 manu
2131 2272 2344 2333 gestare
2379 2266 2482 2320 sibi
2517 2267 2634 2321 visa
2665 2278 2749 2323 est
2783 2268 2836 2322 id
2863 2271 3006 2339 quod
3038 2271 3218 2328 adhuc
3250 2273 3336 2329 in-

1763 2360 1846 2404 tra
1873 2351 2083 2406 viscera
2115 2355 2449 2422 continebat,
2471 2365 2526 2413 et
2555 2359 2844 2429 quemdam
2875 2361 3116 2416 humana
3149 2367 3341 2436 specie

1760 2451 1816 2497 et
1851 2442 2022 2498 forma
2062 2446 2436 2516 augustiorem
2469 2449 2696 2514 intueri,
2735 2453 2828 2522 qui
2860 2450 3076 2509 Tlteclze
3109 2456 3336 2511 nomim

1762 2533 1982 2587 filiolam
2018 2537 2344 2606 appellavit,
2379 2538 2626 2606 Theclze,
2678 2542 2904 2614 inquam
2928 2582 2944 2608 ,
2991 2545 3150 2604 illius
3189 2547 3334 2601 inter

1759 2633 2027 2696 martyres
2058 2628 2434 2685 celeberrimae
2468 2651 2481 2686 :
2513 2631 2565 2686 id
2601 2640 2782 2688 autem
2811 2644 3050 2690 eum‘ter
3075 2647 3330 2707 repetens

1758 2725 2018 2772 testatum
2039 2719 2660 2789 reliquisset,discessit.
2681 2723 2755 2778 Ea
2775 2741 2906 2780 vero
2931 2727 3116 2782 statim
3133 2743 3331 2784 somno

1757 2811 1934 2863 soluta
1964 2819 2071 2874 est,
2100 2820 2152 2866 et
2188 2820 2346 2881 partu
2378 2811 2538 2869 facile
2566 2815 2764 2878 levata,
2791 2824 2847 2869 ut
2870 2825 2924 2872 et
2948 2833 3145 2875 somno
3163 2820 3326 2875 simul

69 2876 530 2948 μαρτυρούμενον
554 2880 632 2943 είς
663 2881 806 2964 τρὶς,
844 2885 1175 2955 μεταστῆναι
1204 2888 1312 2940 τῶν
1335 2889 1531 2959 ὄψεων,
1559 2893 1644 2946 καὶ

1755 2902 1992 2955 excitata
2033 2902 2125 2963 sit,
2168 2876 2221 2957 et
2253 2902 2399 2972 quod
2445 2903 2501 2956 in
2542 2904 2728 2973 quiete
2785 2907 3323 2971 viderat,-effectum

62 2968 266 3022 δοῦναι
290 2972 356 3040 τῇ
384 2971 532 3024 ὠδῖνι
559 2971 658 3042 τὴν
685 2959 932 3027 εὐκολίαν
951 3015 971 3039 ,
1014 2976 1088 3040 ὠς
1115 2978 1250 3048 ὁμοῦ
1278 2997 1332 3032 τε
1359 2982 1452 3036 τοῦ
1485 2982 1644 3038 ὕπνου

1755 2989 2078 3061 inspexerit.
2106 2959 2379 3047 Arcadum
2409 2959 2574 3065 igitur
2594 3011 2790 3052 nomen
2828 2999 2936 3054 hoc
2964 2999 3039 3052 illi
3070 3000 3192 3054 fuit.
3228 3000 3324 3054 Vi-

63 3060 245 3131 αύτὴν
269 3060 572 3133 διαστῆναι,
597 3064 689 3117 καὶ
717 3065 778 3118 τὸ
811 3066 1062 3121 ἐνύπνιον
1091 3069 1239 3141 ὕπαρ
1273 3073 1417 3134 ἰδεῖν,
1456 3075 1529 3127 Τὸ
1553 3077 1644 3146 μὲν

1755 3081 1914 3136 detur
1952 3092 2134 3138 autem
2167 3086 2311 3139 'mihi
2343 3087 2410 3152 is,
2437 3089 2530 3157 qui
2566 3105 2661 3158 per
2699 3091 3336 3164 quietcm‘apparueraI,

60 3147 162 3204 οῦν
188 3151 362 3223 ὄνομα
381 3153 441 3205 τὸ
468 3157 1044 3226 κεκρυμμένοψέκεῖνο
1064 3155 1150 3231 ἦν.
1184 3166 1340 3216 Δοκεῖ
1364 3162 1420 3216 δέ
1451 3181 1539 3234 μοι
1573 3167 1644 3236 μὴ

1755 3189 1871 3228 eam
1927 3191 2111 3230 vocem
2165 3180 2588 3246 pronuntiasse,
2639 3196 2747 3236 non
2800 3191 2946 3248 tam,
2979 3192 3036 3238 ut
3073 3201 3186 3256 quo
3222 3203 3323 3240 no.

59 3244 328 3298 τοσοῦτον
357 3245 494 3318 πρὸς
538 3248 638 3318 τὴν
686 3249 1049 3322 ὀνομαστικὴν
1094 3253 1287 3322 κλῆσιν
1310 3255 1522 3324 ὁδηγῶν
1551 3257 1644 3328 τὴν

1755 3266 1899 3320 mine
1939 3267 2262 3336 appellanda
2297 3281 2465 3335 esset,
2503 3271 2790 3335 indicaret,
2828 3289 2992 3344 quam
3029 3284 3089 3331 ut
3127 3278 3322 3332 simili-

59 3335 412 3407 γειναμένην
439 3338 469 3390 ό
493 3338 776 3405 ἐπιφανεὶς
806 3340 968 3394 τοῦτο
1000 3344 1446 3414 προφθέγξασθαι
1468 3365 1482 3378 ·
1515 3348 1644 3402 ἀλλὰ

1755 3356 1938 3410 tudine
1984 3335 2226 3416 nominis
2272 3359 2416 3416 idem
2448 3363 2765 3419 ostenderet
2815 3367 3048 3422 vivendi
3075 3367 3317 3424 studium

56 3425 160 3477 τὸν
207 3425 330 3495 βίαν·
366 3430 656 3498 προειπεῖν
693 3429 794 3501 τῆς
827 3433 972 3498 νέας,
1006 3435 1101 3488 καί
1130 3435 1228 3505 τὴν
1259 3437 1357 3507 τῆς
1387 3439 1647 3510 προαιρέ-

60 3533 216 3580 σεως
237 3519 528 3590 ὁμοιότητα
560 3520 649 3576 διὰ
675 3525 775 3592 τῆς
807 3524 1126 3597 ὁμωνυμίας
1155 3528 1538 3594 ἐπιδείξασθαι.

135 3608 412 3680 Τρέφεται
451 3611 729 3666 τοίνυν-ἰδ’
765 3615 976 3669 παιδίον
1003 3634 1018 3649 ο
1062 3617 1226 3690 οὔσης
1255 3621 1354 3690 μὲν
1378 3622 1530 3694 αὐτῷ
1553 3626 1647 3678 καὶ

52 3703 293 3773 τιθήνης
325 3703 480 3768 ίδίας,
513 3704 583 3758 τὰ
607 3705 662 3759 δὲ
691 3707 862 3761 πολλὰ
889 3708 987 3778 τῆς
1019 3709 1222 3781 μητρὸς
1254 3713 1310 3764 ὲν
1335 3715 1454 3777 ταῖς
1488 3717 1644 3788 χερσὶ

51 3799 186 3859 ταῖς
219 3796 386 3860 ἰδίαις.
401 3797 814 3870 τιθηνουμένης.
859 3800 1174 3872 ’Υπερΰᾶσα
1203 3803 1260 3856 δὲ
1292 3803 1388 3875 τὴν
1414 3805 1522 3861 τῶν
1546 3826 1642 3880 νη-

55 3889 448 3960 πίων-ἠλικίαν
467 3929 500 3953 ,-
529 3892 782 3964 εὐμαθὴς·
816 3888 886 3964 ἦν
931 3893 1042 3947 τῶν
1074 3895 1338 3949 παιδικῶν
1387 3898 1642 3970 μαθημά-

53 3998 171 4034 των
194 3996 211 4012 ⁶
240 3983 334 4036 καὶ
353 3982 489 4054 πρὸς
517 3985 655 4056 ὅπερ
681 3984 749 4040 ἂν
771 3988 806 4056 ἡ
827 3985 954 4041 τῶν·
967 3987 1168 4055 γονέων
1193 3989 1372 4060 κρίσις
1396 3986 1498 4062 ἦγε
1532 3993 1638 4064 μά-

53 4074 249 4144 θημα,
299 4077 420 4130 κατ’
449 4078 624 4132 ἐκεῖνο
655 4081 700 4148 ἡ.
717 4077 876 4148 φύσις
902 4080 1007 4150 τῆς·
1033 4080 1157 4145 νέας
1187 4082 1500 4154 διέλαμπεν.
1531 4082 1639 4139 Ἦν

51 4165 116 4218 δὲ
151 4169 216 4237 τῇ
264 4168 432 4238 μητρὶ
478 4168 706 4241 σπουδὴ,
736 4170 1022 4225 παιδεῦσαι
1049 4172 1148 4243 μὲν
1174 4174 1272 4246 τὴν
1306 4175 1469 4229 παῖδα
1495 4193 1510 4208 ·
1561 4177 1656 4249 μὴ.

52 4260 161 4331 μέν
180 4277 265 4314 τοι
291 4261 391 4332 τὴν
415 4261 616 4328 ἔξωθεν
652 4263 854 4332 ταύτην
884 4265 978 4318 καὶ
1006 4266 1303 4344 ἐγκύκλιον·
1323 4269 1635 4334 παίδευσιν,

49 4352 148 4421 ἢν,
180 4352 260 4416 ὡς
287 4353 352 4406 τὰ
383 4353 578 4416 πολλὰ,
605 4353 694 4408 διὰ
719 4356 830 4408 τῶν
861 4357 1177 4428 ποιημάτων
1200 4360 1258 4413 al
1284 4360 1496 4430 πρῶται
1529 4361 1636 4417 τῶν

1746 3453 1799 3499 et
1821 3445 2156 3502 institutum.

1816 3619 2098 3677 Educatur
2124 3640 2255 3695 ergo
2285 3628 2528 3696 puellula
2559 3635 2613 3683 et
2648 3645 2961 3701 quanquam
2993 3637 3211 3706 prOpria
3238 3637 3314 3692 illi

1743 3715 1931 3766 nutrix
1965 3715 2390 3780 aderat,.tamen
2427 3719 2480 3772 in
2515 3724 2771 3779 manibus
2807 3723 2920 3780 fere
2953 3730 3147 3784 matris
3181 3745 3316 3784 enu-

1739 3803 2174 3860 triebatur.Cum
2199 3816 2381 3864 autem
2401 3808 2644 3867 infantiae
2664 3822 2880 3869 aetatem
2901 3831 3047 3873 esset
3068 3837 3311 3892 egressa,

1740 3894 1972 3948 docilem
2006 3895 2300 3952 admodum
2333 3909 2583 3955 naturam
2626 3903 2682 3957 in
2717 3904 3097 3973 perdiscendis
3130 3913 3314 3979 pueri-

1739 3985 1887 4041 libus
1917 3987 2026 4041 illis
2059 3988 2327 4045 institutis
2352 4006 2462 4061 prae
2494 4007 2553 4047 se
2587 3995 2748 4060 tulit;
2783 3997 3058 4068 quidquid~
3083 4000 3227 4054 enim
3260 4003 3312 4057 ei

1740 4077 2061 4134 discendum
2099 4091 2355 4150 parentes
2385 4083 2758 4150 indicabant,
2783 4086 2841 4140 in
2882 4102 2950 4142 eo
2989 4090 3184 4158 puellae
3222 4091 3310 4146 iu-

1739 4171 1956 4242 genium
1987 4173 2310 4228 excellebat.
2361 4174 2627 4232 Studebat
2669 4186 2851 4232 autem
2892 4188 3067 4235 mater
3095 4189 3157 4262 ut
3200 4182 3312 4238 lilia

1737 4264 2089 4342 erudiretur,
2137 4266 2233 4321 sed
2283 4282 2392 4322 non
2435 4267 2542 4323 ista
2576 4276 2760 4326 tamen
2801 4278 3030 4327 externa
3063 4273 3311 4344 discipli-

1737 4339 1932 4410 narum
1961 4357 2139 4422 serie,
2171 4374 2277 4428 qua
2311 4360 2632 4430 plerumque
2657 4377 2723 4417 ex
2757 4371 3042 4432 poetarum
3074 4364 3311 4422 lectione

50 4445 466 4514 παιδευομένων
483 4446 690 4516 ἡλικίαι
711 4447 1074 4504 διδάσκονται.
1094 4450 1328 4522 Αἰσχρὸν
1347 4452 1456 4524 γὰρ
1474 4453 1629 4524 ᾤετο,

1755 4449 1928 4504 )rimae
1952 4451 2284 4506 discentium
2309 4461 2500 4508 aetates
2519 4453 2840 4508 imbuuntur
2863 4473 2878 4508 :
2903 4465 3060 4525 turpe
3081 4457 3226 4510 enim
3255 4466 3311 4513 et

47 4536 153 4590 καὶ
187 4537 532 4592 παντάπασιν
571 4540 838 4610 ἀπρεπὲς,
873 4539 908 4611 ἢ
941 4540 1010 4594 τὰ
1045 4542 1290 4613 τραγικὰ·
1309 4544 1489 4616 πάθη,
1533 4545 1648 4599 ὅσα·

47 4630 116 4682 ἐκ
143 4631 418 4698 γυναικῶν
440 4631 538 4694 τὰς
565 4631 742 4703 ἀρχὰς
778 4633 875 4687 καὶ
899 4633 999 4698 τὰς
1030 4634 1315 4700 ὑποθέσεις
1335 4639 1448 4700 τοῖς
1473 4654 1630 4709 ποιη-

43 4724 171 4783 ταῖς
199 4721 443 4788 ἔδωκαν,
479 4723 518 4794 ἢ
554 4722 652 4787 τὰς
699 4724 1029 4795 κωμῳδικὰς
1055 4726 1458 4798 ἀσχημοσύνας,
1487 4729 1629 4782 ἀπα-

41 4815 147 4886 λὴν
195 4815 291 4869 καὶ
323 4814 624 4870 εὔπλαστον
664 4818 826 4881 φύσιν
865 4818 1228 4883 διδάσκεσθαι,
1264 4820 1629 4890 καταμολυνο-

45 4910 226 4979 μένην
252 4907 452 4979 τρόπον
474 4908 596 4962 τινὰ
624 4910 736 4972 τοῖς
765 4909 1146 4980 ἀσεμνοτέροις
1168 4913 1295 4982 περὶ
1318 4911 1424 4964 τῶν
1447 4928 1628 4980 γυναι-

40 5000 214 5053 κείων
241 4999 595 5070 διηγήμασιν.
613 4999 749 5053 Ἀλλ’
777 5001 878 5054 ὅσα
927 5002 1028 5071 τῆς
1076 5001 1430 5056 θεοπνεύστου
1480 5005 1622 5074 Γρα-

40 5094 149 5162 φῆς
184 5091 688 5162 άληπτότεραταῖς
709 5093 960 5167 πρώταις.
979 5094 1219 5166 ἡλικίαις
1251 5095 1418 5158 δοκεῖ,
1447 5096 1623 5151 ταῦτα

37 5181 107 5254 ῆν
137 5187 208 5256 τῇ
240 5183 394 5239 παιδὶ
422 5186 493 5240 τὰ
524 5187 846 5258 μαθήματα,
877 5187 976 5242 καὶ
995 5187 1240 5258 ’μάλιστα
1275 5191 1310 5258 ὴ
1342 5187 1436 5242 τοῦ
1466 5189 1623 5242 Σολο-

40 5279 257 5347 μῶντος
292 5278 462 5348 Σοφία
483 5295 501 5312 ο
532 5279 628 5334 καὶ⁸
647 5280 853 5351 ταύτης
881 5280 1066 5344 πλέον,
1099 5281 1200 5335 ὅσα
1227 5283 1362 5352 πρὸς
1389 5282 1479 5336 τὸν
1501 5281 1622 5352 not-

36 5368 134 5420 κδν
161 5367 322 5437 ἡμῶν
356 5368 518 5437 ἔφερε
545 5368 679 5439 βίον.
722 5369 882 5423 Ἀλλὰ
913 5369 1130 5439 καὶτῆς
1151 5369 1618 5442 ψαλμῳδουμένης

37 5458 266 5530 Γραφῆς
295 5459 406 5513 οὐδ’
438 5460 616 5513 ὁτιοῦν
653 5460 838 5530 ἠγνόει
863 5475 879 5493 ·
927 5463 1138 5532 καιροῖς
1191 5461 1339 5525 ίδίοις
1390 5461 1619 5516 ἕκαστον
1646 5471 1650 5473 “

39 5548 209 5619 μέρος
233 5551 334 5618 τῆς
355 5547 674 5620 ψαλμῳδίας
701 5549 972 5616 διεξιοῦσα
996 5567 1010 5581 ο
1045 5549 1146 5620 τῆς
1165 5567 1224 5603 τε
1253 5552 1439 5624 κοίτης
1453 5552 1618 5608 διανι-

36 5637 306 5710 σταμένη,
337 5640 432 5694 καὶ
463 5641 584 5714 ,τῶν
625 5640 927 5694 σπουδαίων
959 5641 1238 5711 ἁπτομένη
1270 5658 1329 5694 τε
1361 5643 1457 5695 καὶ
1485 5645 1616 5697 ἀνα-

36 5731 352 5801 παυομένη..
375 5733 468 5786 καὶ
499 5731 827 5802 προσιεμένη
856 5731 1061 5804 τροφὴν
1083 5771 1102 5796 ,
1136 5733 1230 5788 καὶ
1259 5732 1614 5806 ἀναχωροῦσα

1738 4543 2057 4599 indecorum
2090 4561 2319 4615 prorsus
2356 4546 2729 4613 existimabat,
2763 4547 2848 4603 vel
2884 4548 3111 4620 tragicis
3152 4549 3310 4605 femi-

1737 4646 1930 4686 narum
1965 4623 2470 4703 perturbationibus
2495 4676 2510 4699 ,
2543 4637 2688 4691 unde
2721 4638 2999 4694 scribendi
3032 4640 3304 4712 principia

1734 4731 1788 4777 et
1824 4736 2143 4794 argumenta
2177 4734 2348 4796 poetae
2373 4737 2762 4797 sumpserunt,
2793 4728 2876 4783 vel
2909 4731 3303 4785 comoediarum

1735 4815 2094 4884 fteditatibus,
2137 4820 2220 4874 vel
2246 4819 2516 4890 pudendis
2544 4835 2759 4884 eorum,
2788 4821 2881 4891 qui
2915 4829 2995 4876 tot
3027 4839 3304 4879 :erumuas

1733 4903 1800 4957 ad
1835 4903 1987 4960 Ilium
2010 4911 2381 4977 pertulerant,
2411 4909 2569 4964 factis
2589 4918 2838 4966 tenerum
2855 4919 2909 4966 et
2933 4911 3071 4968 bene
3097 4913 3302 4968 fortna-

1731 5003 1846 5048 tum
1883 4997 2124 5051 animum
2161 4997 2343 5061 infici.
2379 5007 2434 5054 et
2464 4999 2646 5057 minus
2673 5003 2934 5072 gravibus
2972 5003 3039 5057 de
3083 5003 3303 5057 feminis

1730 5088 2143 5146 narrationibus
2182 5089 2588 5160 quodammodo
2638 5093 3008 5163 coinquinari.
3063 5092 3302 5148 Proinde
3343 5085 3346 5088 ’

1729 5193 1852 5247 quae
1877 5194 1943 5234 ex
1975 5180 2163 5236 divino
2195 5181 2401 5252 Spiritu
2436 5181 2642 5238 dictata
2675 5181 2960 5256 Scriptura
2994 5186 3185 5257 prima:
3220 5187 3299 5240 illi

1724 5273 1960 5329 aetatula
1989 5272 2238 5329 faciliora
2271 5276 2596 5347 aptioraque
2644 5277 2996 5344 videbantur,
3034 5277 3298 5333 discenda

1725 5366 2098 5439 proponebat,
2133 5381 2256 5422 cum
2303 5369 2495 5439 primis
2537 5379 2719 5424 autem
2771 5367 3108 5438 Sapientiam
3145 5370 3298 5424 Salo-

1726 5435 1927 5520 monis,
1964 5457 2130 5527 idque
2164 5475 2230 5513 ex
2258 5435 2322 5514 ea
2363 5461 2734 5529 potissimum,
2767 5435 2914 5530 quod
2953 5461 3020 5514 ad
3046 5460 3212 5514 vitam
3241 5469 3296 5516 et.

1723 5563 1906 5604 mores
1933 5550 2172 5606 maxime
2199 5553 2560 5609 conducebat.
2593 5552 2723 5607 Erat
2747 5553 2911 5608 etiam
2948 5551 3294 5608 Psalmorum

1722 5642 2150 5714 haudquaquam
2199 5646 2388 5715 ignara
2441 5647 2873 5717 przelinitamque
2923 5662 3111 5702 eorum
3168 5663 3294 5717 par-

1723 5746 1828 5792 tem
1854 5737 2073 5791 statutis
2102 5738 2442 5809 temporibus
2467 5738 2841 5809 percurrebat.
2865 5736 2998 5794 Nam
3026 5739 3142 5795 sive
3163 5754 3290 5795 sur-
