3834 6410
494 247 600 306 963
633 267 636 276 '
1699 250 1762 306 S.
1801 247 2131 307 GBEGORII
2171 247 2461 307 NYSSENI
3691 244 3793 299 εει

498 378 652 441 geret
689 384 720 425 e
765 370 993 432 lectulo,
1042 371 1159 425 sive
1217 371 1284 425 ad
1335 371 1521 426 studia
1577 373 1905 438 accederet,
1968 373 2012 427 si

2273 374 2481 439 ιπὲζης,
2514 375 2608 428 καὶ
2639 375 2731 428 ἐπὶ
2757 375 2944 443 κοίτην
2973 372 3126 428 ἰοῦσα
3152 412 3166 434 ,
3219 372 3310 426 καὶ
3352 373 3432 435 εἰς
3464 369 3787 440 προσευχὰς

499 455 807 515 discederet
833 461 904 515 ab
925 462 1028 524 eis,
1050 463 1168 517 sive
1191 462 1378 517 cibum
1401 473 1669 526 sumeret.
1703 465 1820 520 sive
1844 482 1873 518 ιι
1897 481 2013 519 men

2276 469 2591 540 νισταμένη.
2638 467 2913 537 πανταχοῦ
2961 468 3060 538 τὴν
3093 465 3429 536 Ψαλμῳδίαν
3459 460 3638 532 εἶχεν,
3678 455 3786 512 οἷόν

502 550 822 616 recederet,
847 550 966 606 sive
1001 546 1249 608 cubitum
1281 570 1343 609 se
1369 553 1682 622 conferret,
1715 555 1832 609 sive
1865 556 1931 609 ad
1965 573 2016 626 pt

2272 577 2306 612 α
2338 559 2552 613 σύνοδον
2581 556 2792 629 ἀγαθὴν
2836 556 3062 628 μηδενὸς
3097 554 3628 624 άπολιμπανομένην
3661 553 3785 621 χρὸ-

499 641 737 696 candum
769 654 1110 715 exsurgeret,
1143 661 1359 716 semper
1382 656 1442 700 ut
1469 647 1700 710 bonam,
1726 664 1895 719 seque
1927 649 2078 706 nullo
2184 669 2300 704 νου.

501 741 743 804 tempore
773 735 1114 791 deserentem
1147 739 1426 802 comitem,
1454 737 1796 793 Psalmorum
1837 740 2074 798 habebat
2111 743 2466 799 cantilenam.

572 825 710 881 Dum
764 828 850 884 his
895 836 950 884 et
997 829 1275 885 similibus
1321 832 1593 885 institutis
1631 829 1924 896 educatur,
1967 849 2083 886 ma-

2269 835 2479 898 Γούτοις
2511 835 2947 907 συναυξανομένη
2966 835 3060 888 καὶ
3075 851 3188 896 τοις
3212 831 3474 894 τοιούτοις
3495 829 3783 898 ἐπιτηδεύ-

499 934 740 989 numque
789 923 1074 978 tractanda
1137 925 1262 978 lana
1317 925 1656 980 excellenter
1713 935 1966 988 exercet,

2255 945 2320 980 ισι
2345 967 2360 990 ,
2411 928 2501 980 καὶ
2545 926 2642 998 τὴν
2675 929 2836 998 χεῖρα
2871 928 3007 998 πρὸς
3039 926 3138 998 τὴν
3168 924 3461 998 ἐρουργίαν
3487 923 3769 991 διαφερόν-

497 1012 885 1068 duodecimum
916 1017 1094 1070 aetatis
1128 1030 1332 1070 annum
1380 1017 1652 1087 pervenit.
1691 1019 1812 1084 Quo
1855 1018 2011 1086 quidt

2262 1033 2289 1080 ς
2316 1017 2625 1088 ἀσκήσασα.
2677 1018 2924 1086 πρόεισιν
2951 1017 3030 1079 είς
3075 1015 3372 1068 δωδέκατον
3419 1013 3546 1074 ἔτος
3577 1028 3591 1040 ⁶
3642 1015 3702 1064 ἐν
3739 1007 3776 1077 ᾧ

497 1100 740 1174 tempore
773 1106 1014 1176 juventa:
1052 1107 1152 1164 llos
1189 1108 1422 1164 miriﬁce
1466 1109 1754 1180 splendere
1790 1111 1957 1180 cmpit
1979 1153 1995 1178 ,

2257 1108 2419 1160 ιλιστα
2449 1108 2510 1161 τὺ
2538 1108 2636 1177 τῆς
2681 1109 2932 1179 νεότητος
2976 1107 3136 1170 άνθος
3165 1106 3472 1176 ἐκλάμπειν
3521 1107 3771 1176 ἄρχεται.

493 1199 642 1268 quod
692 1201 1054 1258 admiratione
1090 1203 1316 1273 dignum
1351 1210 1470 1268 est,
1507 1203 1761 1274 quamvis
1803 1203 2007 1259 celaret

2261 1199 2356 1251 νθα
2384 1199 2450 1269 δὴ
2479 1199 2571 1252 καὶ
2602 1199 2902 1270 θαυμάζειν
2925 1198 3095 1264 ἄξιον,
3127 1199 3273 1262 ὅπως
3298 1198 3422 1251 ούδέ
3453 1198 3775 1268 κεκρυμμέ-

495 1289 689 1358 puellae
727 1291 1103 1359 pttlchritudo,
1137 1293 1306 1349 latere
1342 1301 1525 1348 tamen
1574 1309 1682 1348 non
1726 1296 1927 1365 potuit.
1968 1293 2009 1348 Ν

2257 1309 2270 1342 ι
2299 1292 2360 1345 τὸ
2388 1291 2581 1354 κάλλος
2609 1292 2708 1361 τῆς
2745 1291 2871 1352 νέας
2911 1290 3219 1345 ἐλάνθανεν.
3249 1291 3383 1344 osse
3413 1307 3469 1342 τι
3502 1293 3650 1342 κατὰ
3679 1292 3771 1357 τὴν

493 1382 548 1434 in
609 1384 783 1452 patria
834 1383 1134 1455 quidquam
1185 1401 1340 1455 atque
1385 1385 1710 1441 admirabile
1760 1387 2007 1442 videbatt

2255 1383 2415 1454 ,tpida
2460 1385 2639 1436 πᾶσαν
2684 1384 2900 1448 ἐκείνην
2940 1383 3180 1436 τοιοῦτον
3209 1382 3392 1451 θαῦμα
3427 1383 3630 1440 ἐδόκει.
3665 1377 3769 1437 οἷον

491 1480 660 1542 atque
697 1472 872 1528 forma
902 1482 956 1530 et
986 1484 1244 1530 venustas
1272 1476 1440 1539 illius,
1471 1483 1530 1529 ut
1559 1492 1626 1530 ne
1653 1478 1926 1546 pictorum
1957 1493 2005 1547 qt

2271 1476 2555 1546 συγκρίσει
2583 1475 2677 1528 τοῦ
2711 1475 2941 1538 κάλλους
2969 1475 3178 1528 ἐκείνου
3209 1477 3302 1528 καὶ
3337 1473 3440 1544 τῆς
3464 1476 3769 1545 εὐμορφίας

489 1561 612 1618 dem
658 1579 854 1620 manus
896 1567 1018 1635 ejus
1061 1566 1319 1622 decorem
1362 1577 1815 1638 assequercntur.
1859 1575 1914 1622 et
1955 1584 2003 1637 qt

2254 1585 2318 1619 ναι
2343 1584 2356 1597 '
2406 1567 2482 1630 ώς
2511 1567 2644 1637 μηδέ
2674 1567 2980 1637 ζωγράφων
3005 1567 3194 1637 χεῖρας
3222 1565 3516 1635 ἐφικέσθαι
3542 1565 3768 1635 δυνηθῆ-

487 1671 580 1710 ars
619 1656 757 1711 nihil
792 1673 899 1712 non
931 1659 1279 1714 machinatur
1309 1669 1364 1716 et
1393 1659 1620 1731 eﬂingit,
1652 1660 1895 1715 maxima
1927 1677 1998 1731 qu

2250 1677 2266 1712 ι
2289 1660 2389 1728 τῆς
2411 1660 2560 1732 ῶρας
2589 1675 2602 1688 °
2637 1659 2770 1712 ἀλλά
2790 1660 2890 1729 τὴν
2911 1658 3087 1712 πάντα
3118 1658 3525 1729 μηχανωμένην
3552 1659 3762 1727 τέχνην.

485 1763 593 1816 que
633 1749 842 1805 audens
885 1759 939 1806 et
981 1747 1232 1822 ipsorum
1262 1754 1430 1807 etiam
1479 1753 1747 1824 imagines
1787 1753 1997 1810 clemen

2251 1753 2408 1815 ὶτοῖς
2441 1752 2714 1822 μεγίστοις
2755 1749 3152 1820 ἐπιτολμῶσαν,
3191 1749 3266 1816 ῶς
3313 1749 3412 1802 καὶ
3443 1750 3633 1802 αὐτῶν
3664 1751 3763 1801 τῶν

486 1857 606 1895 rum
635 1842 941 1900 imitatione
966 1845 1306 1914 exprimens,
1340 1860 1404 1900 ea
1434 1844 1586 1898 illius
1619 1844 1811 1900 formae
1844 1845 2000 1899 felici:

2249 1843 2457 1913 οιχείων
2497 1833 2602 1906 τὰς
2633 1842 2845 1905 είκόνας
2887 1841 2975 1894 διὰ
3011 1840 3108 1910 τῆς
3145 1841 3428 1912 μιμήσεως
3463 1841 3763 1894 ἀνατυποῦ-

401 2005 404 2008 ἢ
483 1942 592 1988 tem
625 1934 831 1988 imitari
865 1951 977 1990 non
1009 1944 1215 2006 posset.
1240 1935 1610 2002 Quamobrem
1637 1951 1896 2006 magnum

2246 1951 2322 1996 αι,
2356 1934 2454 2005 τὴν
2483 1937 2582 2005 τῆς
2618 1933 2829 2004 μορφῆς
2872 1932 3087 2002 ἐκείνης
3116 1931 3406 2002 εὐκληρίαν
3441 1931 3520 2000 μὴ
3554 1930 3760 1999 ἰσχῦσαι

481 2039 612 2076 num
666 2024 894 2094 nuptias
941 2026 1064 2096 ejus
1117 2025 1482 2081 ambientium
1539 2042 1774 2082 examen
1817 2042 1988 2098 paren

2267 2027 2548 2098 ἀκριϐείας
2579 2017 2940 2098 μιμήσασθαι.
2972 2024 3174 2077 Τούτου
3202 2025 3360 2095 χάριν
3393 2025 3571 2086 πολὺς
3605 2024 3761 2092 ἐσμὸς

409 2161 426 2176 κ
478 2115 898 2171 circumstabat.
926 2115 1092 2171 Pater
1117 2125 1324 2181 autem,
1365 2118 1461 2188 qui
1501 2133 1801 2188 sanequam
1830 2133 1923 2186 pru

2246 2138 2280 2171 ›ν
2332 2119 2735 2189 μνηστευόντων
2783 2118 2874 2172 τὸν
2925 2117 3102 2185 γάμον
3148 2116 3317 2185 αὐτῆς
3371 2118 3491 2178 τοῖς
3547 2117 3760 2184 rotas-3::

478 2212 535 2258 et
574 2205 629 2260 in
679 2207 846 2262 rebus
897 2208 1146 2264 honestis
1198 2208 1572 2278 dijudicandis
1616 2219 1876 2280 expertus
1921 2225 1992 2266 er:

2247 2213 2494 2281 ριεχείτο.
2542 2209 2602 2261 '0
2648 2209 2705 2262 δέ
2749 2207 2928 2278 πατὴρ
2981 2204 3071 2279 (ἦν
3116 2207 3224 2276 γάρ
3256 2206 3321 2278 δὴ
3372 2207 3617 2276 σώφρων
3672 2210 3760 2259 καί

479 2298 772 2366 quemdam
823 2307 936 2353 tum
991 2315 1224 2370 genere,
1279 2310 1396 2356 tum
1468 2302 1721 2357 moribus
1776 2303 1993 2358 honestt

2252 2303 2381 2355 ίνειν
2422 2301 2482 2354 τὸ
2512 2300 2677 2354 καλὸν
2723 2299 3155 2370 ἐπεσκεμμένυς)
3189 2299 3474 2370 εὐδόκιμον
3503 2317 3630 2353 τινα
3653 2301 3763 2352 τῶν

480 2389 881 2461 probatumque
907 2393 1318 2449 adolescentem
1360 2393 1583 2464 reliquis
1621 2395 1882 2465 praetulit,
1907 2396 1994 2465 eiq

2263 2394 2453 2462 γένους
2475 2391 2758 2464 γνώριμον
2804 2393 2897 2445 ἐπὶ
2929 2391 3276 2464 σωφροσύνῃ,
3319 2392 3450 2464 ἄρτι
3485 2393 3599 2445 τῶν
3631 2411 3758 2446 παι-

479 2482 525 2538 si
555 2483 625 2538 ad
654 2491 870 2540 aatatem
899 2486 1268 2556 pervenisset,
1302 2487 1466 2541 tiliam
1496 2487 1814 2559 despondit.
1841 2487 1988 2544 Inter

2245 2485 2470 2555 »τηρίων
2498 2485 2860 2554 ἐπανήκοντα,
2889 2481 2998 2534 τῶν
3028 2482 3229 2536 λοιπῶν
3261 2481 3593 2553 ἀποκρίνας,
3623 2484 3759 2536 ἐκεί-

475 2573 569 2629 ίιίε
599 2590 852 2646 magnam
884 2577 953 2632 de
984 2593 1044 2633 se
1073 2579 1539 2648 exspectationem
1570 2580 1872 2644 concitare,
1895 2582 1950 2658 in
1977 2579 1989 2651 j

2239 2598 2245 2625 l
2275 2575 2684 2645 κατεγγυᾶσθαι
2710 2573 2938 2643 ἐγνώκει
2965 2574 3064 2646 τὴν
3093 2574 3256 2628 παῖδα
3281 2615 3297 2640 ,
3337 2574 3501 2645 εἴπερ
3533 2578 3617 2638 είς
3640 2577 3753 2645 ηλι-

473 2666 748 2736 diciisque
802 2683 927 2724 reos
985 2669 1332 2726 defendendo
1385 2672 1659 2742 egregiam
1709 2659 1928 2728 dicendi
1983 2687 1987 2726 :

2242 2689 2292 2724 ιν
2343 2670 2507 2724 ἔλθοι.
2568 2671 2656 2723 Ἐν
2702 2669 2878 2741 τούτῳ
2916 2669 2974 2722 δέ
3019 2671 3048 2722 ό
3083 2668 3180 2739 μὲν
3211 2671 3270 2722 ἐν
3296 2667 3513 2722 ἐλπίσιν
3541 2665 3612 2740 ἦν
3645 2673 3756 2732 tui;

473 2759 739 2815 cultatem
782 2775 893 2830 prae
925 2775 987 2817 se
1023 2761 1188 2827 ferre,
1221 2771 1385 2834 atque
1418 2763 1494 2817 ita
1533 2763 1678 2833 patri
1716 2765 1910 2834 puella:
1945 2773 1987 2818 ta

2242 2761 2558 2832 ηστοτέραις
2583 2776 2597 2790 ·
2649 2759 2745 2813 καὶ
2791 2758 3043 2830 καθάπερ
3084 2776 3137 2812 τι
3183 2759 3291 2812 τῶν
3339 2761 3755 2830 κεχαρισμένων

470 2865 634 2920 quam
657 2860 872 2922 gratum
899 2852 1032 2908 dare
1051 2855 1393 2924 sponsalium
1417 2871 1642 2911 munus.
1674 2855 1852 2922 Quam
1881 2869 1984 2912 tam

2240 2873 2354 2918 nov,
2399 2853 2499 2924 τὴν
2526 2852 2616 2906 διὰ
2645 2851 2753 2905 τῶν
2796 2851 2969 2919 λόγων
2998 2850 3348 2921 εὐδοκίμησιν
3381 2855 3637 2922 προσῆγε
3683 2853 3754 2920 τῷ

472 2943 791 3012 praeclaram
855 2961 1006 3016 spem
1058 2949 1352 3018 interrupit
1405 2947 1615 3003 invidia
1654 2964 1778 3002 eum
1829 2949 1956 3004 vita:

2239 2947 2333 3019 ,τρὶ
2353 2947 2450 3016 τῆς
2477 2945 2624 3010 νέας,
2645 2945 2703 2996 ἐν
2731 2945 2842 3004 τοῖς
2872 2943 3012 3012 ὑπὲρ
3047 2942 3156 2995 τῶν
3175 2943 3553 3013 ἀδικουμένων
3583 2946 3753 3013 ἀγῶσι

473 3035 592 3102 ipsa
631 3036 944 3091 miseranda
988 3039 1301 3108 subripiens
1342 3041 1734 3096 adolescentia.

2239 3059 2260 3092 ν
2288 3039 2396 3092 τῶν
2428 3038 2601 3106 λόγων
2629 3033 3068 3104 ἐπιδεικνύμενος
3097 3033 3348 3106 δύναμιν.
3385 3035 3445 3087 '0
3472 3035 3530 3088 δὲ
3562 3037 3753 3105 φθόνος

469 3127 756 3182 ἐπικύπτει
778 3129 876 3193 τὰς
907 3131 1278 3202 χρηστοτέρας
1298 3132 1537 3196 ἐλπίδας,
1554 3135 1875 3205 ἀναρπάσας
1901 3135 2064 3188 αὑτὸν
2090 3138 2153 3190 ἐκ
2181 3134 2278 3202 τῆς
2307 3129 2452 3200 ζωῆς
2479 3131 2534 3181 ἐν
2555 3128 2760 3197 έλεεινῇ
2790 3130 2856 3198 τῇ
2880 3125 3114 3195 νεότητιο

459 3267 464 3274 κ
539 3222 671 3287 Qua:
700 3229 883 3277 autem
925 3237 954 3276 a
987 3233 1140 3294 patre
1173 3233 1380 3280 statuta
1427 3228 1695 3291 fuissent,
1728 3231 1907 3300 puella
1949 3247 1973 3284 n

2235 3225 2346 3282 Οὐκ
2380 3225 2564 3294 ἠγνόει
2612 3221 2670 3276 δὲ
2709 3221 2779 3276 τὰ
2824 3220 2901 3292 τῷ
2948 3219 3118 3292 πατρὶ
3165 3219 3463 3289 δεδογμένα
3505 3221 3544 3289 ἡ
3593 3221 3749 3291 κόρη.

468 3312 756 3384 ignorabat
793 3333 806 3370 :
850 3331 977 3370 nam
1013 3316 1386 3375 adolescentis
1420 3321 1571 3374 obitu
1619 3323 1876 3394 cognovit
1925 3339 1982 3378 cc

2237 3317 2309 3371 λλ’
2330 3315 2514 3386 ἐπειδὴ
2536 3314 2614 3385 τῷ
2639 3313 2854 3384 θανάτῳ
2872 3311 2966 3365 τοῦ
2988 3311 3199 3364 νεανίου
3228 3311 3288 3364 τὸ
3313 3312 3648 3381 κεκριμένον
3668 3314 3751 3365 ἐπ’

469 3405 655 3460 silium
702 3407 926 3476 patris:
977 3409 1162 3478 itaque
1191 3409 1462 3480 judicium
1514 3413 1666 3468 illius
1717 3413 1983 3468 connubii

2238 3413 2292 3481 τῇ
2309 3407 2554 3476 διεκόπηο
2575 3405 2752 3476 γάμον
2768 3404 3082 3472 ὀνομάσασα
3097 3402 3193 3474 τὴν
3208 3401 3300 3455 τοῦ
3319 3403 3528 3472 πατρὸς
3546 3406 3752 3473 κρίσιν,

466 3512 696 3561 vocans,
728 3507 988 3570 tanquam
1019 3501 1072 3554 id
1099 3501 1245 3571 quod
1276 3512 1434 3573 pater
1460 3503 1783 3561 decreverat
1803 3507 1980 3562 elIectt

2267 3501 2637 3571 γεγενημένου
2671 3498 2765 3552 τοῦ
2803 3498 3130 3569 κεκριμένου
3151 3537 3168 3561 ,
3219 3496 3399 3568 μένειν
3433 3500 3520 3565 ἐφ’
3549 3501 3753 3566 ἑαυτῆς

466 3599 650 3652 esset,
689 3591 744 3645 in
777 3592 1054 3662 reliquum
1092 3597 1215 3648 vita:
1264 3603 1482 3665 tempus
1532 3598 1676 3668 apud
1724 3613 1783 3653 se
1832 3614 1980 3654 mane

2269 3593 2455 3648 λοιπὸν
2483 3591 2658 3662 ἠξίου.
2708 3593 2817 3644 Καὶ
2856 3587 2924 3662 ἦν
2962 3593 2994 3662 ἡ
3026 3590 3208 3661 κρίσις
3236 3590 3337 3660 τῆς
3379 3591 3605 3662 ἡλικίας
3651 3612 3751 3644 πε-

467 3679 777 3744 constituit,
819 3682 875 3736 in
919 3685 1308 3755 sententiaque
1356 3687 1659 3758 permansit
1707 3691 1980 3745 constanti

2237 3687 2419 3756 υτέρα.
2473 3684 2739 3748 Πολλάκις
2771 3684 2880 3754 γὰρ
2922 3683 3058 3754 αὐτῇ
3095 3684 3220 3747 τοὺς
3250 3685 3376 3754 περὶ
3407 3684 3518 3737 τῶν
3553 3685 3751 3756 γάμων

465 3788 631 3842 quam
672 3775 740 3829 ab
775 3775 867 3830 illa
901 3786 1065 3832 aetate
1095 3781 1498 3849 postulabatur.
1536 3781 1751 3837 Etenim
1787 3799 1910 3838 cum
1946 3801 1979 3841 s:

2235 3778 2618 3848 οσαγαγόντων
2659 3776 2851 3846 λόγους
2892 3775 3000 3828 τῶν
3046 3775 3498 3845 γεννησαμένωνι,
3539 3775 3634 3828 διὰ
3691 3780 3749 3828 τὸ

465 3880 765 3933 pcnumero
794 3875 1083 3938 parentum
1120 3871 1188 3925 ad
1218 3886 1339 3926 eam
1365 3871 1714 3928 deferrentur
1742 3890 1979 3929 sermoni

2232 3873 2384 3936 λλοὺς
2431 3867 2571 3925 εἶναι
2603 3870 2728 3934 τοὺς
2771 3870 2912 3923 κατὰ
2946 3870 3135 3940 φήμην
3183 3868 3278 3921 τοῦ
3319 3867 3549 3930 κάλλους
3610 3888 3746 3939 μνη-

466 3965 753 4026 pmpterea
807 3958 954 4027 quod
996 3959 1155 4014 multi
1193 3969 1375 4028 erant,
1416 3963 1510 4032 qui
1557 3962 1700 4018 fama
1744 3965 1980 4035 pulchrit

2234 3965 2369 4017 ιύειν
2416 3963 2718 4025 ἐθέλοντας,
2759 3963 2958 4016 ἄτοπον
2991 3957 3129 4014 εἶναι
3175 3960 3329 4029 ἔλεγε
3370 3961 3466 4013 καὶ
3506 3962 3748 4031 παράνο-

463 4048 611 4102 diuis
653 4048 774 4118 ejus
809 4049 1030 4104 adducti
1067 4050 1215 4105 illam
1259 4053 1365 4109 sibi
1396 4066 1662 4124 cuperent
1696 4072 1924 4111 uxorem
1953 4073 1977 4110 a

2230 4077 2290 4121 ν,
2347 4057 2421 4128 μὴ
2467 4056 2715 4124 στέργειν
2757 4053 2850 4106 τὸν
2899 4052 3044 4120 ἅπαξ
3093 4055 3158 4106 ἐκ
3203 4051 3299 4106 τοῦ
3342 4051 3556 4123 πατρὸς
3607 4054 3744 4121 αὐτῇ

461 4138 721 4210 jungere,
755 4141 1057 4198 absurdum
1096 4154 1150 4200 et
1186 4145 1437 4216 iniquum
1477 4163 1602 4202 esse
1648 4149 1900 4214 diccbat,
1949 4165 1974 4204 s

2231 4149 2466 4221 ρωθέντα
2495 4150 2694 4219 γάμον,
2735 4147 2870 4201 ἀλλὰ
2913 4147 3006 4200 καὶ
3053 4147 3190 4217 πρὸς
3221 4146 3404 4214 ἕτερον
3434 4146 3745 4214 ἀναγκάζε-

466 4248 577 4286 non
628 4235 871 4303 permitti
912 4246 972 4290 ut
1014 4237 1147 4292 illud
1185 4241 1503 4311 conjugium
1535 4243 1778 4307 coleret,
1815 4260 1926 4314 quo
1961 4260 1980 4299 ε

2230 4258 2275 4293 ιι
2315 4239 2532 4310 βλέπειν
2557 4256 2572 4270 ⁸
2611 4238 2728 4302 ἐνὸς
2769 4239 2920 4302 όντος
2945 4239 3003 4290 ἐν
3026 4241 3092 4309 τῇ
3129 4237 3287 4307 φύσει
3312 4237 3405 4290 τοῦ
3433 4238 3642 4308 γάμου,
3673 4241 3744 4300 ὡς

465 4326 571 4379 mel
612 4341 640 4379 a
694 4336 851 4396 patre
897 4329 1153 4385 devincta
1191 4341 1371 4399 esset,
1409 4332 1505 4388 sed
1549 4333 1616 4387 ad
1652 4336 1886 4390 alterum
1931 4352 1979 4390 et

2229 4348 2254 4384 ι
2283 4331 2516 4399 γένεσις,
2542 4331 2636 4383 καὶ
2662 4329 2888 4391 θάνατος
2922 4325 3004 4392 εἷς
3027 4347 3040 4359 ο
3092 4329 3181 4381 τὸν
3209 4328 3265 4380 δὲ
3297 4330 3743 4399 συναρμοσθέντα

463 4421 779 4489 respicere;
827 4433 951 4475 eum
996 4439 1166 4477 unum
1222 4435 1416 4480 natura
1466 4428 1538 4481 sit
1594 4429 1977 4484 matrimoniun

2230 4423 2292 4476 τὰ
2327 4422 2426 4493 τὴν
2455 4422 2562 4476 τῶν
2593 4423 2794 4491 γονέων
2839 4421 3022 4493 κρίσιν
3057 4421 3132 4492 μὴ
3178 4420 3428 4475 τεθνάναι
3473 4421 3744 4492 διισχυρί-

463 4508 926 4576 quemadmodum
961 4528 1103 4568 unus
1125 4521 1281 4570 ortus
1313 4523 1368 4569 et
1395 4531 1503 4569 una
1532 4531 1701 4572 mors.
1736 4516 1870 4572 Eum
1895 4535 1977 4574 vet

2228 4532 2305 4578 ιο,
2351 4514 2490 4568 ἀλλὰ
2531 4515 2622 4567 τὸν
2664 4513 2742 4584 τῷ
2781 4513 2900 4584 Θεῷ
2935 4512 3132 4576 ζῶντα,
3168 4512 3256 4566 διὰ
3296 4517 3393 4584 τὴν
3422 4512 3620 4566 ἐλπίδα
3647 4516 3742 4582 τῆς

461 4600 552 4653 cui
585 4616 613 4652 a
651 4602 968 4669 parentibus
1016 4602 1209 4660 fuisset
1257 4605 1556 4676 desponsa,
1595 4623 1706 4660 non
1747 4623 1870 4664 esse
1904 4624 1975 4661 ιιι(

2223 4607 2538 4672 αστάσεως,
2587 4605 2868 4677 ἀπόδημον
2925 4607 3172 4677 κρίνειν,
3227 4605 3320 4658 καὶ
3374 4605 3437 4658 οὑ
3497 4608 3737 4677 νεκρὸν·

461 4701 616 4744 tuum
653 4693 1046 4757 contendebat,
1081 4695 1175 4750 sed
1215 4711 1312 4767 spe
1346 4698 1767 4752 resurrectionis
1816 4697 1925 4752 Deo
1967 4715 1975 4730 π

2225 4717 2347 4752 οπον
2383 4698 2441 4751 δέ
2467 4693 2608 4751 εἶναι
2641 4697 2719 4768 τῷ
2747 4697 3071 4769 ἐκδημοῦντι
3096 4697 3310 4768 νυμφίῳ
3333 4696 3408 4767 μὴ
3437 4697 3739 4766 φυλάσσειν

461 4799 607 4838 vere.
646 4784 993 4855 Quapropter
1017 4804 1143 4841 eum
1175 4804 1235 4843 se
1283 4805 1390 4844 non
1428 4790 1657 4854 obiisse,
1691 4789 1788 4846 sed
1822 4807 1975 4862 pereg

2222 4808 2245 4842 ν
2275 4789 2477 4842 πίστιν.
2514 4789 2639 4851 'l‘oi’;
2669 4788 2932 4852 τοιούτοις
2977 4789 3155 4857 λόγοις
3196 4787 3567 4860 ἀπωθουμένη
3611 4792 3736 4853 τοὺς

460 4873 767 4944 profectum
808 4892 931 4930 esse
961 4877 1214 4944 judicare
1235 4919 1250 4943 ,
1290 4891 1344 4934 et
1375 4880 1531 4936 nefas
1564 4879 1678 4936 fore
1714 4882 1761 4937 si
1800 4897 1974 4954 peregi

2231 4882 2508 4953 ραπείθειν
2536 4881 2969 4952 ἐπιχειροῦντας,
2997 4881 3055 4934 ἐν
3088 4882 3405 4952 ἐδοκίμασεν
3437 4884 3609 4953 ἐαυτῇ
3640 4883 3737 4954 τῆς

459 4968 611 5021 nanti
655 4983 858 5036 sponso
908 4967 1068 5023 ﬁdem
1103 4986 1211 5025 non
1251 4982 1518 5026 servaret.
1557 4973 1833 5040 Ejusmodi
1875 4976 1973 5028 rati

2222 4975 2355 5045 αθῆς
2383 4976 2614 5046 κρίσεως
2644 4977 3031 5046 φυλακτήριον,
3075 4975 3134 5028 τὸ
3171 4975 3436 5046 μηδέποτε
3462 4975 3568 5046 τῆς
3603 4977 3736 5039 ἰδίας

458 5058 623 5113 nibus
645 5059 917 5128 repellens
933 5075 1052 5123 eos,
1075 5061 1168 5131 qui
1193 5061 1297 5116 sibi
1325 5063 1653 5132 persuadere
1674 5066 1972 5120 conabantt

2293 5071 2375 5134 ὸς,
2426 5067 2559 5139 μηδέ
2611 5069 2669 5120 ἐν
2719 5069 2918 5139 ἀκαρεῖ
2958 5067 3052 5121 τοῦ
3095 5069 3287 5140 χρόνου
3326 5068 3732 5140 διαζευχθῆναι.
3797 5132 3806 5148 ἐ

456 5151 700 5205 decrevit
733 5152 786 5204 in
821 5168 908 5218 eo,
947 5153 1096 5222 quod
1137 5155 1240 5207 sibi
1284 5165 1670 5225 proposuerat,
1702 5167 1950 5227 perstare

2251 5160 2512 5223 πολλάκις
2553 5162 2650 5232 τὴν
2688 5162 2896 5231 μητέρα
2933 5160 3069 5231 πρὸς
3113 5160 3284 5230 αὐτὴν
3323 5162 3520 5222 εἰπεῖν,
3554 5163 3637 5213 ὅτι
3667 5163 3735 5212 τά

456 5253 524 5290 ne
561 5247 838 5294 momento
869 5241 1090 5310 quidem
1124 5243 1388 5322 temporis
1423 5259 1452 5296 a
1498 5243 1672 5300 latere
1712 5247 1906 5302 matris
1936 5264 1969 5301 u

2215 5253 2306 5306 ιπὰ
2333 5253 2440 5305 τῶν
2469 5253 2674 5306 τέκνων
2717 5253 3036 5322 τεταγμένῳ
3071 5252 3176 5306 τινὶ
3203 5252 3376 5323 χρόνῳ
3420 5254 3729 5322 ἐκυοφόρη-

455 5343 621 5396 quam
651 5329 955 5388 discedere.
1001 5332 1368 5398 Quamobrem
1406 5336 1455 5390 ei
1489 5352 1632 5407 saepe
1669 5321 1889 5394 dicebat
1927 5356 1969 5393 m

2215 5365 2255 5408 ν,
2291 5347 2507 5416 ἐκείνην
2535 5345 2590 5398 δέ
2622 5347 2910 5408 διαπαντὸς
2941 5345 3094 5418 φέρει
3124 5346 3354 5399 πάντοτε
3379 5346 3588 5417 τρόπον
3611 5347 3729 5398 τινὰ

458 5427 560 5475 ter.
597 5437 656 5475 se
702 5424 946 5493 reliquos
989 5424 1195 5480 liberos
1238 5426 1291 5479 in
1327 5437 1486 5481 utero
1519 5437 1764 5498 tempore
1803 5431 1972 5500 quoda

2210 5440 2254 5500 ῖς
2300 5437 2626 5507 σπλάγχνοις
2676 5437 2874 5508 ἑαυτῆς
2927 5438 3274 5508 περιέχουσα.
3337 5437 3491 5515 Ἀλλ’.
3526 5439 3628 5492 οὐκ
3659 5433 3724 5509 ἣν

460 5511 729 5580 praeﬁnito
768 5517 1040 5584 gessisse,
1075 5517 1220 5572 illam
1253 5533 1384 5573 vero
1419 5532 1684 5590 perpetuo
1719 5523 1773 5578 in
1821 5526 1968 5580 visce

2210 5530 2414 5593 ;ίπονος,
2443 5529 2560 5583 οὐδὲ
2584 5530 2818 5600 ἁκερδὴς
2847 5533 2912 5601 τῇ
2944 5532 3103 5602 μετρὶ
3131 5531 3228 5600 τῆς
3254 5511 3522 5601 θυγατρός
3554 5534 3588 5600 ἡ
3615 5548 3724 5583 συν-

458 5602 563 5658 bus
611 5606 724 5660 suis
767 5607 1172 5675 quodammodo
1218 5611 1601 5668 circumferre.
1651 5613 1802 5668 Filia:
1855 5627 1972 5671 tann

2202 5623 2403 5692 ιγωγή.
2448 5623 2590 5673 Ἀντὶ
2622 5621 2730 5691 γὰρ
2762 5619 2970 5674 πολλῶν
2996 5622 3141 5692 αὐτῇ
3167 5621 3569 5691 θεραπαινίδων
3598 5618 3659 5692 ἦν
3687 5623 3716 5690 ἡ

434 5696 748 5754 vcouvictus
784 5716 882 5756 nec
918 5703 1156 5757 laborem
1205 5705 1364 5759 matri
1401 5721 1501 5760 nec
1539 5705 1798 5762 damnum
1843 5711 1944 5765 alie

2200 5714 2290 5784 ιρὰ
2316 5713 2416 5784 τῆς
2464 5713 2732 5785 θυγατρὸς
2759 5714 3021 5786 θεραπεία
3047 5729 3063 5744 ·
3112 5715 3205 5768 καὶ
3249 5710 3316 5784 ἦν
3339 5715 3610 5778 άντίδοσξς
3640 5731 3714 5774 tt;
