3834 6484
115 322 220 379 965

1340 309 1430 366 DE
1462 307 1622 364 VITA
1660 309 1719 365 S.
1760 306 2115 364 MACRlNzE.

3245 308 3352 365 966

108 435 282 506 ἀγαθὴ
329 433 458 503 παρ’
502 429 825 502 ἀμφοτέρων
883 426 1136 496 ἀλλήλαις
1178 422 1670 495 ἀντιπληρουμένη.

1803 429 1885 475 ναι.
1923 423 2064 486 Quin
2103 420 2268 478 etiam
2301 420 2542 476 oliiciosa
2586 420 2708 491 ejus
2753 421 3019 476 sedulitas
3050 421 3350 476 multarum

121 529 185 582 Ἦ
229 527 321 598 μὲν
364 525 473 595 γὰρ
497 523 596 594 τὴν
628 522 805 592 ψυχὴν
835 523 930 592 τῆς
962 519 1108 581 νέας,
1141 518 1174 587 ἡ
1205 516 1259 568 δὲ
1289 516 1350 568 τὸ
1391 515 1549 586 σῶμα
1577 513 1676 583 τῆς

111 619 310 692 μητρὸς
333 617 681 687 ἐθεράπευεν,
707 614 762 666 ἓν
787 630 846 665 τε
869 613 980 673 τοῖς
1009 610 1187 672 ἄλλοις
1217 609 1345 661 πᾶσι
1368 607 1466 675 τὴν
1487 607 1678 674 ζητου-

113 710 274 780 μένην
297 706 600 779 ὑπηρεσίαν
628 703 842 773 ἀποπλη
853 701 1018 773 ροῦσα
1037 718 1052 732 ·
1084 700 1176 752 καὶ
1199 701 1255 750 ἐν
1278 697 1355 767 τῷ
1375 699 1492 758 ταῖς
1523 695 1678 757 ίδίαις

109 801 264 873 χερσὶ
292 799 549 862 πολλάκις
577 799 642 868 τῇ
679 794 846 866 μητρὶ
887 790 1324 864 παρασκευάζειν
1369 788 1459 840 τὸν
1491 787 1676 857 ἄρτον.

111 896 284 964 Ὅπερ
319 893 378 946 οὑ
409 891 549 944 κατὰ
582 889 640 942 τδ
666 885 1072 959 προηγούμενον
1102 883 1239 953 αὑτῇ
1268 877 1678 946 διεσπουδάσθη.

121 983 258 1035 Ἀλλ’
289 981 475 1053 ἐπειδὴ
506 982 626 1042 ταῖς
670 979 955 1049 μυστικαῖς
987 975 1316 1046 ὑπηρεσίαις
1352 972 1454 1035 τάς
1493 973 1682 1041 χεῖρας

109 1076 302 1146 ἑαυτῆς
326 1075 533 1145 ἔχρισε,
569 1072 797 1142 πρέπειν
830 1069 1153 1140 ἡγησαμένη
1180 1065 1259 1136 τῷ
1291 1062 1682 1133 ἐπιτηδεύματι

106 1168 201 1222 τοῦ
232 1168 342 1239 βίου
378 1166 478 1238 τὴν
525 1165 653 1236 περὶ
684 1161 843 1215 τοῦτο
882 1158 1134 1230 σπουδὴν,
1171 1161 1234 1211 ἐκ
1263 1156 1357 1211 τοῦ
1406 1155 1683 1226 περιόντος

105 1263 174 1330 τῇ
224 1258 386 1330 μητρὶ
429 1256 797 1326 παρεχορήγει
839 1252 936 1322 τὴν
975 1253 1040 1304 ἐκ
1089 1250 1196 1302 τῶν
1243 1248 1456 1302 οἰκείων
1507 1246 1684 1298 πόνων

104 1353 331 1423 τροφήν.
383 1350 493 1401 Καὶ
539 1348 600 1400 οὑ
629 1345 786 1399 τοῦτο
819 1345 998 1416 μόνον,
1030 1341 1166 1395 ἀλλά
1208 1341 1302 1394 καὶ
1337 1343 1517 1394 πᾶσαν
1545 1339 1682 1408 αὑτῇ

111 1441 526 1513 συνδιῳκονὸμει
581 1439 678 1509 τὴν
707 1436 1058 1508 ἐπικειμένην
1089 1433 1364 1505 φροντίδα.
1388 1432 1682 1501 Τεσσάρων

107 1533 218 1604 γάρ
246 1531 374 1584 υίῶν
400 1526 468 1601 ἦν
507 1530 710 1600 μήτηρ,
741 1529 834 1580 καὶ
869 1526 1030 1578 πέντε
1075 1523 1408 1594 θυγατέρων,
1443 1521 1534 1574 καὶ
1570 1537 1685 1590 τρι-

113 1627 196 1678 σὶν
233 1624 487 1693 ἄρχουσιν
523 1619 793 1682 ὑπετέλει,
835 1617 923 1669 διὰ
957 1617 1017 1668 τὸ
1060 1618 1116 1668 ἐν
1161 1614 1432 1676 τοσούτοις
1476 1612 1685 1664 ἔθνεσιν

109 1717 276 1786 αὐτῆς
310 1712 685 1782 κατεσπάρθαι
718 1709 815 1781 τὴν
837 1709 1049 1779 κτῆσιν.

1779 513 2102 566 ancillarum
2135 513 2312 567 instar
2339 520 2478 574 erat,
2510 520 2560 566 et
2596 521 2785 567 mutua
2813 513 3061 582 quaedam
3090 513 3232 568 inter
3259 529 3354 568 eas

1778 605 1994 674 vigebat
2038 604 2427 658 remuneratio.
2471 602 2752 672 Siquidem
2798 605 2967 658 altera
3009 605 3356 658 custodiebat

1781 694 2020 747 animum
2073 693 2230 757 ﬁliae,
2273 693 2443 747 altera
2494 695 2714 761 corpori
2755 695 2946 748 matris
2989 694 3354 762 inserviebat,

1779 785 1940 854 eique
1984 785 2038 838 in
2078 784 2302 854 reliquis
2347 783 2540 838 oﬂiciis
2577 785 2835 840 omnibus
2881 786 3256 852 ministrabat,
3300 799 3359 842 ut

1781 876 2022 948 propriis
2071 877 2240 930 etiam
2288 877 2546 930 manibus
2597 877 2758 930 matri
2815 893 3012 946 panem
3069 880 3354 948 prmbcret.

1783 967 1916 1036 Quae
1980 975 2161 1022 tamen
2203 967 2280 1021 illi
2328 968 2606 1038 praecipua
2663 983 2796 1022 cura
2851 984 2961 1022 non
3026 977 3144 1024 erat
3192 985 3204 1021 :
3261 970 3358 1025 sed

1783 1067 2140 1132 posteaquam
2176 1060 2353 1115 sacris
2382 1058 2578 1114 ciliciis
2619 1058 2995 1126 satisiecerat,
3034 1060 3360 1116 existimans

1785 1156 1839 1210 id
1890 1170 1991 1210 suo
2050 1155 2174 1209 vita:
2227 1153 2484 1209 instituto
2532 1153 2852 1216 convenire,
2909 1168 2973 1206 ex
3025 1153 3211 1208 labore
3258 1169 3362 1209 suo

1785 1248 1944 1302 matri
1980 1247 2183 1302 victum
2225 1245 2704 1302 subministrabat.
2744 1243 2912 1314 quue
2960 1259 3067 1298 non
3103 1245 3152 1299 ei
3185 1246 3361 1299 solum

1786 1335 1932 1390 cordi
1973 1347 2119 1398 erat,
2168 1336 2262 1390 sed
2313 1336 2476 1389 etiam
2530 1345 2587 1388 ut
2634 1343 2860 1389 matrem
2915 1349 3172 1388 curarum
3222 1335 3365 1390 mole

1787 1433 2011 1485 levaret.
2049 1428 2220 1482 Mater
2248 1429 2390 1483 enim
2427 1435 2664 1498 quatuor
2696 1427 2837 1481 lilios
2870 1434 2925 1481 et
2959 1429 3198 1496 quinque
3223 1425 3366 1482 tilias

1787 1523 2019 1577 habebat
2048 1538 2061 1574 :
2097 1522 2274 1575 tribtts
2306 1531 2572 1592 praeterea
2599 1519 2940 1590 principibus
2974 1520 3202 1590 vectigal
3232 1535 3367 1589 pra:-

1787 1614 2055 1675 stabatur,
2107 1613 2368 1683 quoniam
2401 1613 2521 1683 ejus
2566 1614 2846 1682 possessio
2892 1611 2946 1664 in
2988 1619 3066 1666 tot
3110 1612 3368 1682 gentibus

1787 1704 2145 1758 disseminata
2168 1711 2304 1758 erat.

197 1808 464 1870 Ποικίλως
507 1804 685 1858 τοίνυν
733 1806 831 1874 τῆς
878 1801 1083 1873 μητρὸς
1137 1802 1254 1862 ταῖς
1303 1797 1545 1866 φροντίσι
1597 1795 1685 1847 διὰ

1858 1795 1992 1849 Cum
2012 1797 2177 1864 igitur
2215 1803 2392 1848 mater
2420 1795 2588 1849 variis
2617 1795 2770 1852 curis
2801 1795 3224 1866 distringeretur
3251 1797 3372 1866 (pa-

106 1900 265 1953 τοῦτο
299 1896 662 1969 μεριζομένης
684 1911 698 1926 ο
728 1895 830 1964 ἢδη
855 1894 962 1965 γὰρ
994 1895 1022 1945 6
1048 1894 1228 1962 πατὴρ
1257 1890 1562 1962 ἐξεληλύθει
1591 1891 1682 1944 τὸν

109 1991 266 2062 βίονο
312 1991 370 2042 ἐν
424 1985 558 2040 πᾶσι
587 1984 798 2048 τούτοις
843 1983 1098 2044 κοινωνὸς
1147 1979 1214 2053 ἦν
1259 1984 1326 2052 τῇ
1371 1982 1537 2052 μητρὶ
1575 1982 1682 2034 τῶν

108 2083 307 2142 πόνων,
351 2075 802 2148 συνδιαιρουμένη
825 2075 924 2137 τὰς
951 2074 1233 2146 φροντίδας
1259 2112 1274 2137 ,
1321 2075 1414 2126 καὶ
1447 2074 1506 2126 τὺ
1546 2072 1683 2145 βαρὺ

106 2173 218 2227 τῶν
265 2170 576 2242 ἀλγηδόνων
629 2165 1055 2237 ἐπικουφίζουσα
1083 2183 1096 2198 ·
1146 2168 1240 2220 καὶ
1283 2165 1417 2236 ὁμοῦ
1468 2166 1568 2236 μὲν
1616 2168 1684 2237 τῇ

107 2262 459 2334 παιδαγωγίᾳ
494 2261 591 2332 τῆς
625 2258 830 2332 μητρὸς
868 2257 1096 2329 ἄμωμον
1127 2256 1483 2326 διεφύλασσεν
1518 2258 1684 2328 ἑαυτῇ

104 2357 201 2409 τὸν
240 2355 356 2426 βίον
401 2356 461 2407 ἐν
506 2349 782 2424 μητρῲοις
827 2349 1124 2419 ὀφθαλμοῖς
1153 2349 1442 2410 διαπαντὸς
1469 2347 1688 2401 εὐθυνό-

110 2445 272 2517 μενόν
307 2461 369 2498 τε
396 2443 488 2497 καὶ
515 2439 957 2513 μαρτυρούμενον
981 2453 994 2468 ο
1027 2436 1163 2508 ὁμοῦ
1193 2453 1252 2490 τε
1285 2437 1524 2508 παρέσχε
1553 2438 1689 2509 πρὸς

104 2540 204 2592 τὸν
236 2537 350 2591 ἴσον
373 2535 595 2599 σκοπὸν,
624 2533 716 2585 τὸν
739 2531 879 2585 κατὰ
905 2528 1220 2600 φιλοσοφίαν
1252 2529 1413 2598 λέγω,
1449 2529 1690 2600 μεγάλην

104 2633 178 2701 τῇ
212 2629 382 2700 μητρὶ
415 2625 505 2680 διὰ
543 2625 638 2679 τοῦ
672 2623 788 2694 βίου
821 2623 1020 2692 ἑαυτῆς
1065 2623 1162 2692 τὴν
1212 2623 1517 2693 ὑφήγησιν,
1569 2623 1688 2674 κατ’

105 2723 294 2790 ὀλίγον
321 2718 490 2790 αὑτὴν
511 2717 647 2788 πρὸς
671 2716 772 2786 τὴν
800 2714 960 2769 άῦλόν
987 2731 1047 2767 τε
1073 2714 1166 2767 καὶ
1191 2713 1527 2784 τελειοτέραν
1547 2713 1690 2784 ζωὴν

108 2811 479 2882 ἐφελκομένη.
505 2809 618 2862 Καὶ
655 2806 843 2877 ἐπειδὴ
870 2806 938 2859 τά
981 2804 1121 2858 κατά
1154 2803 1253 2868 τάς
1292 2803 1528 2873 ἀδελφὰς
1557 2803 1692 2874 πρὸς

105 2907 173 2956 τὸ
195 2902 387 2957 δοκοῦν
416 2901 620 2973 ἑκάστῃ
645 2899 760 2969 μετ’
790 2896 1203 2968 εὐσχημοσύνης
1231 2899 1263 2966 ἡ
1291 2898 1470 2967 μήτηρ
1493 2896 1694 2967 ᾠκονο-

111 2996 356 3065 μήσατο,
378 2991 652 3044 ἐπάνεισιν
676 2991 734 3042 ἐν
758 2989 932 3058 τούτῳ
961 2987 1067 3039 τῶν
1097 2986 1494 3057 παιδευτηρίων
1515 2986 1694 3057 πολλῷ

111 3086 298 3157 χρόνῳ
331 3081 734 3154 προσασκηθεὶς
761 3083 874 3143 τοῖς
904 3079 1106 3148 λόγοις,
1138 3082 1166 3132 6
1199 3078 1362 3139 πολὺς
1394 3079 1690 3142 Βασίλειος,

1791 1896 1874 1941 ter
1905 1887 2050 1940 enim
2081 1889 2193 1955 jam
2223 1895 2433 1941 naturae
2458 1888 2866 1958 concesserat),
2899 1889 2952 1941 in
2985 1887 3243 1942 omnibus
3279 1889 3363 1940 la»

1791 1979 2017 2033 boribus
2063 1980 2228 2033 matri
2266 1993 2329 2034 se
2370 1979 2576 2033 sociam
2616 1978 2911 2049 praebebat,
2952 1988 3006 2035 et
3041 1979 3372 2034 sollicitudi-

1791 2085 1923 2124 num
1959 2071 2324 2140 partem?ipsa
2367 2071 2594 2126 subiens
2638 2087 2758 2126 eam
2802 2073 2956 2143 gravi
2993 2074 3370 2129 molestiarum

1792 2177 1962 2217 onere
2015 2162 2251 2217 levabat.
2303 2161 2479 2216 Simul
2529 2172 2710 2234 autem
2746 2170 2800 2218 et
2838 2165 3032 2220 matris
3078 2165 3372 2236 disciplina

1791 2253 1960 2308 vitam
1995 2252 2065 2306 ab
2113 2252 2262 2307 omni
2318 2251 2744 2321 reprehensione
2794 2253 3062 2323 integram
3099 2255 3372 2314 servavit.

1793 2361 1918 2401 cum
1996 2345 2051 2399 in
2105 2345 2226 2414 ejus
2260 2345 2439 2399 oculis
2495 2360 2715 2416 semper
2773 2355 2961 2416 ageret
3015 2344 3376 2416 ejusdemque

1795 2437 2110 2494 testimonio
2157 2436 2509 2505 probaretur,
2555 2444 2612 2491 et
2644 2451 2704 2491 se
2749 2437 2999 2492 vicissim
3034 2437 3084 2491 ei
3122 2451 3373 2508 magnam

1796 2533 1863 2587 ad
1911 2548 2094 2604 parem
2137 2531 2501 2602 philosophiae
2537 2545 2766 2600 scopum
2799 2530 3051 2601 exemplo
3092 2531 3221 2586 vitae
3261 2546 3377 2586 sua:

1797 2627 1994 2679 ducem
2042 2623 2296 2694 praebuit,
2344 2623 2602 2692 paulatim
2637 2622 2812 2694 ipsam
2847 2621 2914 2675 ad
2951 2622 3226 2692 puriorem
3251 2639 3378 2693 per-

1799 2718 2191 2787 fectioremque
2231 2717 2398 2770 vitam
2436 2717 2677 2771 trahens.
2733 2717 2870 2770 Cum
2913 2724 3096 2770 autem
3152 2717 3379 2785 reliquae

1798 2822 2020 2862 sorores
2068 2806 2301 2860 honeste
2354 2805 2638 2860 collocata:
2677 2813 2862 2859 essent
2893 2821 2921 2858 a
2963 2788 3174 2869 matre,
3212 2821 3241 2860 a
3274 2822 3378 2874 pu-

1799 2900 1959 2954 blicis
1983 2899 2288 2954 litterarum
2321 2899 2644 2971 gymnasiis,
2681 2898 2736 2952 in
2769 2899 2974 2967 quibus
2999 2899 3093 2953 ditt
3126 2908 3380 2954 versatus

1801 2991 2002 3059 fuerat,
2038 2991 2341 3046 revertitur
2372 3005 2605 3059 magnus
2645 2973 2881 3044 Basilius
2921 2991 3097 3060 ipsius
3128 2973 3382 3044 Macrinam:

1804 3083 1972 3138 frater
2007 3101 2020 3136 :
2061 3098 2221 3152 quem
2252 3082 2345 3134 illa
2382 3082 2612 3137 scientia
2649 3089 2704 3136 et
2748 3081 3059 3151 eloquentia
3091 3082 3384 3136 vehemen-

109 3179 143 3233 6
188 3175 418 3244 ἀδελφὸς
448 3175 548 3244 τῆς
576 3173 1001 3243 προειρημένης.
1043 3170 1296 3224 Λαϐοὖσα
1336 3170 1510 3223 τοίνυν
1541 3171 1686 3224 αὑτὸι

1806 3180 1889 3226 ter
1918 3173 2118 3227 elatum
2169 3172 2494 3226 existimans
2541 3186 2845 3240 omnesque
2874 3171 3267 3240 despicientem
3295 3171 3384 3224 di-

111 3265 415 3336 ὑπερφυῶς
433 3263 740 3335 ἐπηρμένον
763 3263 841 3332 τῷ
863 3264 992 3333 περὶ
1011 3264 1136 3325 τοὺς
1157 3262 1346 3329 λόγους
1372 3263 1698 3332 φρονήματι,

109 3359 216 3412 καὶ
250 3360 428 3412 πάντα
476 3355 906 3426 περιφρονοῦντα
953 3355 1021 3408 τά
1060 3354 1378 3425 ἀξιώματα,
1429 3355 1522 3408 καὶ
1563 3355 1702 3424 ὑπὲρ

107 3453 248 3512 τοὺς
273 3452 330 3502 ἐν
358 3451 425 3520 τῇ
465 3447 755 3518 δυναστείᾳ
779 3449 1066 3519 λαμπροὺς
1097 3447 1404 3517 ἐπῃρμένον
1433 3446 1507 3516 τῷ
1534 3446 1700 3517 ὄγκῳ,

110 3541 362 3612 τοσούτῳ
410 3541 565 3610 τάχει
623 3542 873 3593 κάκεῖνον
927 3539 1062 3608 πρὸς
1109 3539 1200 3592 τὸν
1248 3539 1350 3608 τῆς
1391 3540 1706 3610 φιλοσοφίας

113 3633 327 3686 σκοπὸν
356 3632 705 3686 ἐπεσπάσατο
729 3673 743 3695 ,
793 3631 935 3684 ὥστε
964 3631 1278 3685 ἀποστάντα
1306 3631 1408 3700 τῆς
1440 3632 1707 3701 κοσμικῆς

112 3725 505 3792 περιφανείας,
546 3723 641 3776 καὶ
669 3723 993 3792 ὑπεριδόντα
1022 3723 1116 3775 τοὺ
1149 3724 1236 3784 διὰ
1263 3725 1354 3777 τὸν
1387 3725 1541 3790 λόγον
1574 3723 1707 3776 θαυ-

116 3815 419 3888 μάζεσθαι,
448 3817 583 3887 πρὸς
609 3817 698 3869 τὸν
729 3814 1015 3887 ἐργατικὸν
1043 3817 1252 3868 τουτονὶ
1294 3817 1388 3869 καὶ
1420 3816 1711 3886 αὐτόχειρα

115 3909 241 3979 βίον
270 3909 658 3979 αὐτομολῆσαι,
685 3907 773 3961 διὰ
805 3909 902 3978 τῆς
928 3908 1138 3972 τελείας
1169 3909 1307 3978 ἁκτη
1318 3909 1578 3979 μοσύνης,
1618 3910 1712 3961 άνο

114 4000 452 4072 εμπὸδιστον
488 4000 664 4069 ἐαυτῷ
694 4000 786 4053 τὸν
835 4002 914 4062 είς
945 3999 1143 4071 ἀρετὴν
1195 3999 1308 4070 βίον
1363 4001 1716 4071 παρασκευά-

115 4095 312 4157 ζοντα.
348 4092 486 4145 Ἀλλ’
516 4095 545 4145 6
578 4093 674 4162 μὲν
696 4091 905 4144 ἐκείνου
937 4091 1070 4161 βίος,
1099 4093 1284 4145 καὶτὰ
1313 4090 1507 4162 ἐφεξῆς
1525 4093 1715 4162 ἐπιτη-

111 4187 393 4258 δεύματα,
425 4187 491 4240 δι’
528 4181 603 4239 ὧν
634 4185 932 4256 ὀνομαστὸς
964 4186 1021 4237 ἐν
1051 4186 1198 4256 πάσῃ
1227 4187 1294 4254 τῇ
1333 4185 1422 4254 ὑφ’
1445 4185 1593 4254 ἥλιον
1623 4201 1716 4252 γε·

111 4283 390 4351 νόμενος,
441 4279 726 4350 ἀπέκρυψε
769 4280 833 4349 τῇ
881 4278 1006 4349 δόξῃ
1040 4277 1248 4340 πάντας
1280 4279 1412 4341 τοὺς
1458 4279 1516 4330 ἐν
1547 4278 1713 4347 ἁρετῇ

110 4373 557 4443 διαλάμψαντας,
585 4372 798 4442 μακρᾶς
830 4370 894 4423 ἂν
930 4370 1014 4441 εῐη
1053 4369 1376 4440 συγγραφῆς
1403 4371 1496 4422 καὶ
1525 4371 1716 4440 χρόνου

113 4458 330 4516 πολ-λοῦ
354 4479 367 4491 ·
407 4462 530 4532 ἐμοὶ
555 4462 611 4514 δὲ
646 4462 782 4533 πρὸς
813 4460 873 4513 τὸ
901 4459 1259 4531 προκείμενον
1319 4460 1477 4513 πάλιν
1506 4462 1533 4512 6
1563 4460 1719 4527 λόγος

113 4552 443 4626 τετράφθω.
505 4553 722 4624 Ἐπειδὴ
769 4552 878 4623 γὰρ
931 4553 1112 4621 πάσης
1157 4550 1528 4620 ὑλωδεστέρας
1573 4549 1719 4621 ζωῆς

115 4647 392 4709 ὑπόθεσις
419 4645 520 4716 ήδη
548 4645 718 4714 αὐτῆς
748 4643 1134 4715 περικέκοπτο,
1179 4643 1355 4696 πείθει
1379 4643 1478 4714 τὴν
1510 4643 1720 4713 μητέρα

115 4737 542 4794 καταλιποῦσαν
569 4737 661 4789 τὸν
687 4737 744 4788 ἐν
777 4735 888 4788 ἔθει
922 4735 1057 4806 βίον,
1090 4734 1184 4788 καὶ
1211 4734 1309 4803 τὴν
1339 4733 1720 4804 κομπωδεστέ-

117 4851 232 4905 ραν
254 4830 554 4901 διαγωγὴν,
582 4832 676 4884 καὶ⁵
705 4828 805 4892 τὰς
831 4831 895 4881 ἐκ
920 4828 1028 4880 τῶν
1057 4827 1382 4899 ὑποχειρίων
1406 4825 1718 4897 θεραπείας,

111 4919 215 4986 αἷς
244 4923 560 4994 προείθιστο
585 4921 728 4975 κατά
761 4921 850 4974 τὸν
871 4919 1176 4990 ἔμπροσθεν
1203 4919 1391 4992 χρόνον
1414 4962 1429 4984 ,
1460 4919 1720 4989 ὁμότιμον

106 5015 390 5085 ⁸γενέσθαι
412 5017 525 5078 τοῖς
554 5013 772 5076 πολλοῖς
801 5011 879 5083 τῷ
909 5013 1216 5083 φρονήματι
1245 5051 1260 5075 ,
1303 5012 1396 5064 καὶ
1422 5011 1716 5082 καταμῖξαι

107 5111 227 5181 τὴν
272 5109 410 5162 ίδίαν
461 5107 606 5178 ζωὴν
654 5109 720 5177 τῇ
773 5104 908 5176 μετὰ
961 5105 1069 5158 τῶν
1101 5104 1390 5176 παρθένων
1434 5105 1716 5174 διαγωγῇ,

1805 3265 2067 3335 gnitates,
2091 3272 2144 3316 et
2169 3262 2314 3318 fastu
2338 3271 2688 3332 superantem
2720 3279 2815 3318 eos
2848 3263 2943 3333 qui
2971 3265 3026 3317 in
3060 3265 3385 3334 magistratu

1803 3363 2014 3420 essent,
2051 3364 2202 3410 tanta
2237 3356 2523 3410 celeritate
2554 3356 2620 3410 ad
2656 3356 2799 3411 idem
2830 3357 3108 3426 sapientia:
3143 3357 3389 3414 studium

1807 3449 2074 3511 incitavit,
2107 3457 2168 3502 ut
2199 3449 2389 3503 mundi
2421 3450 2736 3518 posthabita
2785 3452 3062 3514 claritate.
3103 3451 3389 3522 despecta-

1806 3557 1914 3610 que
1937 3541 2268 3610 eloquentia:
2310 3540 2502 3611 gloria,
2547 3542 2883 3596 laboriosum
2929 3543 3032 3597 hoc
3063 3559 3384 3614 operosum-

1807 3648 1914 3703 que
1945 3633 2162 3687 vivendi
2191 3648 2362 3701 genus
2390 3647 2486 3701 per
2519 3643 2893 3702 paupertatem
2943 3632 3242 3704 perfectam
3276 3651 3392 3688 am-

1809 3727 2024 3796 plexus,
2058 3724 2366 3794 expeditam
2395 3724 2499 3780 sibi
2537 3725 2600 3779 ad
2632 3725 2890 3781 virtutem
2927 3727 3072 3780 viam
3106 3726 3388 3781 struxerit.

1811 3817 2080 3872 Caeterum
2120 3817 2268 3872 illius
2299 3818 2412 3871 vita
2441 3832 2506 3870 ac
2534 3818 2782 3871 instituta
2814 3818 3014 3886 quibus
3051 3819 3106 3872 in
3134 3818 3392 3871 omnibus

1811 3911 1964 3964 orbis
1987 3909 2258 3978 partibus,
2285 3923 2406 3979 qua:
2440 3909 2789 3963 illustrantur
2817 3926 2845 3964 a
2882 3911 3018 3972 sole,
3049 3910 3390 3970 celebratus,

1814 4003 1988 4071 gloria
2029 4016 2126 4054 sua
2169 4003 2521 4070 splendorem
2568 4005 2814 4057 omnium
2846 4003 3048 4056 virtute
3092 4002 3390 4057 illustrium

1814 4094 2154 4156 obscuravit,
2207 4096 2420 4164 longam
2461 4097 2818 4165 scriptionem
2870 4103 2924 4149 et
2963 4095 3194 4150 tnultum
3256 4102 3392 4149 tem-

1819 4186 1970 4256 poris
2009 4185 2348 4243 desiderant.
2400 4187 2747 4258 Quapropter
2781 4190 2933 4253 illuc,
2973 4188 3118 4243 unde
3143 4188 3393 4256 digressa

1817 4285 1923 4338 est,
1951 4286 2140 4331 nostra
2175 4286 2485 4332 revertatur
2505 4281 2703 4335 oratio.
2731 4278 2868 4333 Cum
2892 4280 3009 4348 ipsa
3035 4293 3064 4332 a
3087 4294 3146 4334 se
3176 4293 3393 4332 omnem

1820 4371 2240 4426 turbulentioris
2284 4375 2407 4427 vita:
2440 4375 2724 4428 materiam
2770 4380 3130 4443 amputasset,
3164 4387 3396 4441 persua-

1822 4463 1895 4519 sit
1923 4466 2107 4530 matri,
2153 4475 2234 4528 ut,
2279 4467 2466 4520 relicta
2501 4467 2750 4538 pristinze
2803 4468 2930 4522 vitae
2970 4467 3393 4528 consuetudine,

1820 4559 2160 4628 elatioreque
2207 4560 2424 4614 vivendi
2474 4565 2659 4627 modo,
2710 4577 2847 4630 quas
2896 4570 3014 4616 arte
3053 4561 3305 4617 subditas
3345 4569 3398 4614 et

1820 4649 2054 4704 ancillas
2085 4650 2151 4702 ad
2187 4667 2324 4705 usus
2361 4653 2616 4722 proprios
2647 4653 2996 4718 adhibuerat,
3027 4669 3216 4710 secum
3246 4654 3396 4724 ejus-

1820 4739 1941 4795 dem
1987 4741 2157 4795 sortis
2198 4749 2364 4812 atque
2410 4744 2624 4798 ordinis
2679 4760 2803 4799 esse
2834 4747 3033 4808 vellet,
3087 4758 3252 4817 atque
3289 4763 3399 4802 una

1822 4848 1948 4885 cum
1996 4832 2107 4887 illis
2156 4835 2328 4888 vitam
2383 4849 2508 4888 cum
2552 4835 2864 4904 virginibus
2917 4827 3250 4896 traduceret.
3293 4839 3398 4895 Sed

1823 4925 2165 4979 narrationis
2197 4926 2350 4980 tilum
2405 4927 2528 4980 volo
2579 4944 2877 4998 parumper
2914 4931 3298 4993 intermittere,
3334 4949 3401 4987 ne

1822 5032 1964 5078 rem,
1997 5032 2106 5086 qua
2140 5018 2456 5074 sublimitas
2482 5017 2712 5089 virginis
2760 5023 2932 5092 magis
2957 5023 3291 5089 declaratur,
3327 5023 3404 5078 si-

1826 5107 1997 5161 lentio
2025 5113 2395 5161 transeamus.

106 5207 263 5266 ὅσας
301 5198 416 5270 εἶχε
449 5200 564 5269 μεθ’
589 5198 788 5266 ἑαυτῆς
822 5199 886 5250 ἐκ
927 5197 1199 5258 δουλίδων,
1231 5197 1326 5248 καὶ
1357 5197 1681 5268 ὑποχειρίων
1719 5196 1975 5266 ἀδελφάς,
2007 5200 2102 5251 καὶ
2128 5197 2422 5267 ὁμοτίμους
2455 5201 2798 5271 ποιησαμένη
2825 5220 2838 5233 ·
2893 5204 3092 5272 μᾶλλον
3118 5204 3175 5258 δὲ
3213 5205 3405 5275 μικρόν

107 5312 175 5347 τι
212 5291 480 5364 βούλομαι
518 5289 864 5360 παρενθεῖναι
896 5286 974 5358 τῷ
1003 5286 1318 5356 διηγήματι,
1353 5286 1447 5338 καλ⁵
1477 5285 1550 5356 μὴ
1589 5286 1966 5358 παραδραμεῖν
1991 5287 2343 5356 ἀνιστόρητον
2369 5289 2600 5359 πρᾶγμα
2627 5290 2886 5358 τοιοῦτον,
2923 5291 2991 5344 δι’
3018 5284 3079 5344 οὗ
3117 5292 3313 5364 μᾶλλον
3343 5293 3409 5348 τὸ

109 5386 343 5457 ὑψηλὸν
371 5385 469 5454 τῆς
503 5383 774 5454 παρθένου
805 5381 1236 5452 καταμηνύεται.

198 5473 318 5529 Ἦν
360 5475 470 5528 τῶν
514 5475 796 5545 τεσσάρων
837 5473 1102 5541 ἀδελφῶν,
1133 5474 1162 5526 6
1189 5471 1438 5541 δεύτερος
1469 5471 1604 5543 μετὰ
1633 5474 1724 5526 τὸν

115 5568 317 5640 μέγαν
348 5563 651 5630 Βασίλειον,
683 5563 1029 5634 Ναυκράτιος
1054 5561 1246 5632 ὄνομα,
1281 5561 1495 5630 φύσεως
1533 5561 1725 5632 εὐκλη-

117 5660 256 5732 pia,
289 5657 384 5709 καλ⁸
420 5655 670 5726 σώματος
704 5653 911 5717 κάλλει,
942 5655 1037 5708 καὶ
1081 5653 1262 5726 ῥώμῃ,
1299 5654 1391 5706 καὶ
1423 5653 1598 5724 τάχει,
1633 5663 1723 5707 καί

112 5754 200 5822 τῇ
258 5750 394 5821 πρὸς
445 5749 552 5804 πᾶν
602 5747 996 5818 ἐπιτηδειότητι
1053 5746 1323 5818 διαφέρων
1377 5745 1483 5800 τῶν
1529 5747 1719 5802 ἄλλων.

1897 5474 1974 5530 Ex
2005 5484 2246 5546 quatuor
2279 5473 2546 5531 fratribus
2587 5476 2635 5532 is
2667 5477 2761 5547 qui
2796 5477 3103 5532 secundum
3142 5479 3407 5536 Basilium

1826 5574 1958 5620 natu
1999 5565 2274 5620 maximus
2304 5576 2442 5630 erat,
2475 5566 2807 5622 Naucratius
2836 5569 3155 5629 vocabatur,
3190 5567 3407 5638 juvenis

1826 5658 2046 5713 eximiis
2105 5665 2222 5711 tum
2260 5657 2463 5726 ingenii
2510 5664 2628 5710 tum
2680 5657 2934 5729 corporis
2992 5658 3215 5714 dotibus
3267 5675 3408 5729 prae-

1827 5750 1976 5806 ditus
2001 5766 2014 5803 :
2044 5763 2169 5805 nam
2196 5759 2251 5806 et
2279 5747 2692 5821 pulchritudine
2708 5758 2770 5822 ,ει
2797 5751 2994 5807 robore
3022 5758 3078 5807 et
3097 5752 3404 5818 releritate,
