3834 6438
423 283 530 340 967

1625 251 1682 336 ε’.
1725 281 2050 339 caecouu
2091 282 2386 339 NYSSENI

3581 283 3692 341 968

421 409 478 454 et
511 397 794 452 babilitate
831 395 1070 468 quadam
1103 397 1168 452 ad
1203 399 1386 454 omnia
1426 399 1732 470 peragenda
1769 403 1998 470 reliquis

2134 391 2384 470 ίροελθὼν
2411 393 2564 464 οὗτος
2591 399 2668 462 είς
2694 399 2946 469 δεύτερον
2979 399 3098 464 ἔτος
3135 402 3230 452 καὶ
3257 401 3508 454 simu-3v
3531 440 3548 462 ,
3588 403 3686 454 xz".

423 491 743 563 pmstabat.
789 489 892 555 Qui
933 507 1058 544 cum
1099 493 1422 545 vicesimum
1472 493 1772 546 secundum
1815 494 1996 548 aetatis

423 591 628 638 armum
691 582 1056 644 confecisset,
1105 583 1450 652 dicendoque
1499 584 1716 654 publice
1747 585 1856 638 tale
1885 593 2000 638 stu-

425 673 644 726 diorum
691 687 916 725 suorum
951 669 1228 740 specimen:
1281 672 1558 736 dedisset,
1605 682 1666 726 ut
1704 689 1866 726 omne
1903 689 2000 726 au-

425 765 695 818 dientium
755 763 1032 816 theatrum
1099 763 1272 832 ipsius
1329 763 1694 818 admiratione
1750 780 2000 820 commo-

427 865 670 919 veretur,
703 853 886 910 divina
919 851 1154 926 quadam
1191 857 1536 926 providentia
1569 872 1766 928 magno
1804 857 2002 913 mentis

427 953 632 1020 impct'u
669 947 890 1014 ductus,
933 943 1133 1018 spretis
1167 949 1424 1005 omnibus
1472 965 1596 1020 qua:
1643 950 1702 1004 in
1747 950 2002 1014 manibus

429 1043 698 1106 habebat,
743 1040 818 1094 ad‘
867 1041 1170 1096 solitariam
1207 1051 1262 1096 et
1305 1041 1522 1110 inopem
1557 1041 1724 1094 vitam
1769 1057 1830 1096 se
1869 1057 2004 1096 cnu-

429 1133 577 1198 t'ulit,
613 1133 756 1188 nihil
787 1135 975 1188 secum
1009 1141 1206 1204 praeter
1241 1133 1482 1204 seipsum
1524 1131 1728 1188 ferens.
1765 1131 2004 1188 Secutus

429 1225 518 1283 ést
553 1243 678 1281 eum
725 1242 754 1281 e
811 1225 1134 1280 domesticis
1185 1241 1328 1278 unus
1355 1224 1734 1296 (Zbrysaphius
1783 1227 2006 1280 nomine

431 1321 524 1390 qui
555 1329 608 1375 et
641 1319 791 1373 illum
837 1319 1121 1389 diligebat,
1159 1327 1213 1372 et
1243 1318 1437 1374 eodem
1473 1321 1596 1372 vita;
1637 1317 1824 1373 studio
1856 1327 2008 1372 tene-

433 1413 614 1468 batur.
661 1407 866 1466 Nactus
903 1413 1072 1482 igitur
1127 1417 1408 1466 secessum
1449 1413 1741 1481 quemdam
1783 1421 2008 1482 propter

433 1499 631 1560 Iridem
679 1505 802 1576 (est
849 1512 1029 1560 autem
1085 1501 1184 1558 Iris
1243 1504 1440 1560 ﬂuvius
1485 1505 1578 1574 qui
1633 1519 1730 1572 per
1775 1504 2008 1557 mediam

434 1593 591 1652 Ponti
621 1597 954 1668 provinciam
983 1597 1202 1660 labimr,
1237 1605 1392 1651 ortus
1423 1595 1756 1667 principium
1788 1597 1856 1648 ab
1891 1596 2010 1664 ipsa

435 1687 646 1741 ducens
679 1687 953 1748 Armenia,
987 1701 1086 1755 per
1133 1685 1524 1756 regionemque
1555 1695 1798 1738 nostram
1835 1683 2012 1738 inﬂuit

2102 494 2224 556 δοὺς
2244 493 2354 544 τῶν
2373 491 2586 545 οἰκείων
2613 493 2789 544 τόνων
2817 491 2910 544 ἐπὶ
2942 491 3205 562 δημοσίας
3229 493 3400 564 ἀκοῆς
3423 491 3529 556 τὰς
3549 495 3688 545 ἀπο-

2135 583 2460 646 είξεις,ὦστε
2479 583 2626 638 ἅπαν
2645 584 2732 636 ἐπ’
2753 583 2904 653 αὐτῷ
2929 583 3208 654 σεισθῆναι
3231 585 3340 637 τῶν
3367 585 3686 638 ἀκουόντων

2103 675 2164 727 τὸ
2185 675 2430 746 θέατρον,
2457 674 2574 744 θεία
2597 675 2706 726 τινὶ
2733 674 3042 746 προμηθείᾳ
3067 674 3178 727 τῶν
3203 677 3262 727 ἐν
3291 677 3484 747 χερσὶν
3521 677 3690 730 απάν-

2104 784 2214 820 των
2243 765 2532 839 ὑπεριδὼν,
2571 767 2708 838 πρὸς
2745 767 2838 820 τὸν
2877 769 3084 839 μονήρη
3113 769 3208 820 καὶ
3236 769 3526 838 ἀκτήμονα
3577 770 3694 838 βίον

2105 861 2348 932 ἀπῆλθεν
2373 863 2432 914 ὲν
2463 861 2674 934 μεγάλῃ
2698 861 2806 914 τινὶ
2825 862 2926 931 τῆς
2947 860 3184 924 διανοίας
3203 863 3370 932 ὁρμῇ,
3399 862 3564 915 οὐδὲν
3591 866 3694 916 ἑπ-

2109 955 2372 1025 αγόμενος
2392 955 2510 1024 μεθ’
2532 954 2726 1008 ἑαυτοῦ
2747 955 2884 1026 πλὴν
2901 954 3114 1007 ἑαυτοῦ·
3139 955 3322 1008 εἵπετο
3347 955 3406 1008 δέ
3429 973 3522 1020 τις
3545 957 3702 1028 αὐτῷ

2109 1046 2327 1100 καὶτῶν
2341 1046 2567 1100 οίκετῶν
2583 1047 2896 1118 Χρυσάφιος
2919 1045 3176 1116 τοῦνομα,
3195 1046 3274 1116 τῷ
3289 1065 3346 1100 τε
3365 1049 3504 1119 πρὸς
3531 1049 3696 1102 cinia-tl

2111 1140 2254 1210 ἔχειν
2271 1141 2478 1192 ἐκεῖνον
2499 1139 2836 1208 ἐπιτηδείως,
2861 1139 2956 1192 καὶ
2975 1139 3054 1208 τῷ
3071 1139 3170 1210 τὴν
3189 1139 3356 1210 αὐτὴν
3367 1139 3694 1210 προαίρεσιν

2113 1231 2242 1301 περὶ
2267 1231 2359 1283 τὸν
2393 1231 2505 1300 βίον
2531 1231 2912 1301 ἐνστήσασθαι.
2955 1231 3118 1301 Διῆγε
3141 1231 3318 1283 τοίνυν
3349 1232 3476 1284 καθ’
3501 1233 3694 1284 ἑαυτὴν

2113 1325 2372 1394 ἐσχατιάν
2401 1341 2524 1378 τινα
2553 1323 2892 1388 καταλαϐὼν,
2931 1324 3070 1396 πρὸς
3097 1324 3176 1394 τῷ
3208 1325 3386 1394 Ἴριδι.
3439 1325 3702 1396 Haupt:

2114 1418 2172 1470 δὲ
2195 1419 2224 1470 ὁ
2249 1413 2388 1487 Ἶρις
2417 1417 2554 1482 ἐστὶ,
2584 1417 2746 1487 μέσον
2779 1417 3042 1488 διαρρέων
3085 1417 3176 1469 τὸν
3207 1417 3406 1470 Πόντον
3429 1431 3446 1448 ⁸
3501 1419 3566 1482 ὃς
3599 1420 3698 1472 ἀπ’

2115 1509 2288 1578 αὐτῆς
2307 1508 2406 1578 τῆς
2439 1509 2728 1579 Ἀρμενίας
2747 1507 2850 1570 τὰς
2867 1507 3040 1579 ἀρχὰς
3067 1509 3222 1578 ἔχων,
3251 1509 3338 1563 διὰ
3359 1510 3468 1562 τῶν
3495 1511 3704 1580 figat.

2121 1617 2230 1670 ρων
2257 1599 2458 1662 τόπων,
2489 1600 2584 1652 ἐπὶ
2609 1599 2701 1652 τὸν
2733 1599 2985 1665 Εὐξείνου
3019 1599 3216 1654 Πόντον
3259 1601 3321 1654 τὺ
3350 1601 3572 1672 ῥεῖθρον
3601 1605 3702 1654 ἐκ·

2119 1692 2326 1746 δίδωσι.
2365 1692 2502 1761 Περὶ
2525 1691 2714 1746 τοῦτον
2742 1691 2916 1763 εὑρών
2939 1699 3060 1745 τινα
3101 1693 3268 1746 τόπον
3293 1695 3322 1746 ὁ
3347 1695 3570 1757 νεανίας
3597 1691 3706 1768 ὕλῃ

438 1779 494 1833 in
541 1779 776 1832 Pontum
819 1776 1158 1846 Euxinum),
1193 1779 1336 1847 apud
1383 1779 1528 1832 hunc
1561 1777 1786 1832 ﬂuvium
1823 1785 2018 1830 nactus

2134 1785 2312 1856 Ξαθείᾳ
2341 1784 2616 1856 κομῶντα,
2661 1785 2754 1837 καὶ
2781 1783 2942 1852 λόφον
2968 1785 3090 1838 τινὰ
3121 1785 3222 1850 τῆς
3249 1781 3710 1858 ὑπερτεταμέντεξ

437 1871 760 1926 adolescens
823 1869 1005 1926 locum
1081 1873 1372 1941 quemdam
1433 1871 1624 1928 densis
1685 1871 2008 1926 nemoribus

435 1964 733 2024 consitum,
774 1974 828 2017 et
864 1961 1059 2016 collem
1091 1965 1258 2016 dorso
1297 1965 1544 2032 prmcelsi
1579 1965 1784 2019 montis
1811 1979 2008 2032 Super—

437 2065 668 2110 exteuso
698 2053 1063 2117 reconditum,
1117 2051 1171 2104 in
1207 2067 1272 2106 eo
1303 2055 1492 2122 procul
1538 2055 1606 2108 ab
1654 2055 1880 2108 urbanis
1932 2061 2013 2106 tu-

440 2147 706 2202 [uultibus
753 2145 1118 2214 omnibusque
1149 2153 1263 2197 tum
1303 2145 1510 2199 militia:
1540 2154 1654 2198 tum
1681 2146 2012 2215 iudiciorum

441 2235 946 2311 perturbationibus
976 2246 1028 2292 et
1053 2238 1286 2306 strepitu
1319 2237 1673 2302 constitutus,
1695 2239 1858 2292 vitam
1889 2251 2016 2308 age-

441 2315 556 2394 bat,
590 2333 759 2399 seque
808 2327 876 2380 ab
921 2325 1029 2380 illis
1075 2325 1366 2388 molestiis,
1397 2325 1598 2394 quibus
1629 2325 1868 2378 humana
1902 2323 2016 2377 vita

439 2427 696 2486 vexatur,
727 2417 992 2484 liberans,
1027 2434 1186 2475 senes
1235 2419 1503 2488 quosdam
1559 2417 1722 2472 simul
1771 2417 2018 2471 viventes

442 2521 686 2586 egestate
729 2521 784 2568 et
830 2505 1024 2566 morbo
1063 2511 1378 2566 laborantes
1400 2510 1664 2574 curabat,
1693 2507 1936 2564 studium
1965 2513 2020 2561 et

445 2607 725 2678 negotium
759 2601 894 2658 illud
931 2611 1128 2673 putans
1159 2617 1189 2657 a
1235 2617 1336 2657 suo
1368 2601 1585 2655 vivendi
1621 2601 1879 2654 instituto
1907 2614 2018 2654 non

447 2695 762 2755 abhorrere.
808 2693 1074 2752 Venando
1118 2694 1290 2764 igitur
1313 2694 1332 2763 (
1355 2693 1616 2764 quoniam
1652 2692 1718 2746 ad
1747 2705 1909 2746 omne
1935 2707 2025 2761 ge-

445 2782 562 2849 nu's'
597 2790 862 2846 venatica:
891 2787 1179 2843 industriae
1209 2785 1606 2841 solertissimus
1625 2787 1778 2853 erat)
1813 2786 2022 2838 victum

449 2883 676 2939 senibus
709 2879 1056 2952 quaeritabat,
1097 2885 1154 2932 et
1175 2877 1263 2932 bis
1293 2877 1574 2931 laboribus
1611 2877 1816 2946 pariter
1841 2876 2026 2928 doma-

449 2978 544 3032 bat
597 2973 1026 3030 adolescentiam
1057 2987 1070 3024 :
1105 2987 1208 3026 nec
1247 2971 1319 3024 ob
1371 2969 1422 3023 id
1481 2969 1650 3024 alacri
1703 2957 1888 3022 animo
1917 2981 2028 3020 ma-

453 3084 621 3127 terna:
661 3065 932 3124 voluntati
979 3081 1171 3135 parere
1210 3063 1516 3126 desinebat,
1570 3061 1616 3118 si
1657 3061 1790 3131 quid
1839 3062 1910 3114 ab
1962 3075 2026 3115 ea

453 3161 748 3235 aliquando
783 3128 1168 3220 mandabatur,
1202 3156 1412 3227 duplici
1451 3156 1636 3210 studio
1674 3128 1826 3210 recte
1857 3154 2028 3208 vitam
2053 3128 2102 3189 (ἶ

455 3253 838 3316 ἰηείἱιιιεηε,υι
857 3259 912 3306 et
929 3251 1114 3304 labore
1136 3249 1405 3304 fervorem
1431 3247 1607 3302 :etatis
1631 3249 2028 3318 exstingueret,

453 3345 510 3401 ct
537 3341 894 3414 obsequendo
927 3339 1087 3396 matri
1119 3349 1270 3396 recta
1300 3341 1387 3393 via
1416 3339 1484 3393 ad
1517 3338 1684 3394 Deum
1719 3354 1816 3410 per
1845 3339 2031 3393 divina

457 3429 718 3492 mandata
749 3435 1132 3488 cantenderet.

533 3509 624 3582 Sic
651 3527 818 3597 igitur
845 3525 1263 3595 philosopharis,
1298 3519 1492 3576 et'vita
1523 3537 1619 3578 sua
1654 3513 1885 3576 matrem
1913 3524 2034 3578 bea-

453 3611 572 3676 tam
617 3615 888 3684 reddens,
943 3617 1198 3685 quintum
1234 3629 1439 3668 annum
1475 3625 1770 3684 exegerat,
1813 3629 1938 3668 cum
1981 3621 2036 3670 et

471 3709 842 3782 temperantia
887 3717 1078 3779 pectus
1112 3707 1406 3763 instrueret
1434 3713 1489 3760 et
1525 3707 1655 3761 totis
1685 3703 1896 3761 viribus
1927 3721 2038 3760 ma-

457 3804 561 3858 tris
597 3803 998 3871 obsequeretur
1027 3797 1335 3863 voluntati,
1378 3797 1601 3870 quando
1629 3797 1828 3853 misere
1869 3797 2034 3865 dolis,

459 3897 521 3949 dt
547 3891 765 3964 opinor,
799 3889 1102 3947 adversarii
1151 3883 1316 3960 grave
1347 3897 1400 3944 et
1423 3887 1692 3959 tragicum
1727 3890 1928 3944 vulnus
1960 3891 2039 3944 in-

461 3969 667 4042 ﬂictUm
697 3995 780 4042 est
810 3983 960 4056 quod
987 3981 1306 4038 calamitate
1334 3995 1389 4038 et
1415 3997 1651 4037 maerore
1681 3988 1852 4036 totam
1886 3981 2039 4036 fami-

460 4079 602 4134 liam‘
628 4073 828 4132 aﬂ‘ecit.
873 4071 1134 4150 Repente
1166 4071 1311 4128 enim
1343 4071 1664 4129 adolescens
1697 4073 1822 4127 vitae
1863 4075 2042 4129 subri«

461 4173 632 4244 pitur,
673 4169 782 4226 n'On
822 4165 1013 4224 morbo
1061 4170 1246 4238 aliquo
1283 4177 1378 4222 aut
1425 4167 1588 4224 solita
1636 4168 1744 4222 ulla
1780 4169 2036 4232 ratione,

461 4259 756 4320 immatura
779 4277 954 4318 morte
985 4257 1238 4318 sublatus
1265 4280 1278 4315 :
1313 4261 1410 4316 sed
1438 4277 1562 4315 cum
1596 4261 1662 4316 ad
1687 4262 2038 4316 venationem

463 4353 953 4428 pr‘ol'ectits'esse't,
985 4353 1104 4424 qua
1131 4349 1402 4407 industria
1443 4353 1596 4408 senio
1624 4351 1892 4409 confectis
1930 4353 2040 4410 illis

464 4449 632 4501 vietui
684 4443 1069 4514 suppeditabat
1113 4445 1428 4498 necessaria
1455 4485 1470 4508 ,
1512 4452 1767 4498 mortuus
1817 4445 2038 4498 domum

467 4537 797 4606 repertatnr,
827 4549 937 4588 una
964 4549 1090 4588 cum
1127 4533 1222 4588 illo
1253 4534 1372 4603 ipso
1405 4535 1559 4590 socio
1589 4547 1643 4591 et
1668 4536 1722 4590 in
1751 4536 1902 4590 omni
1933 4537 2044 4591 vita

465 4627 926 4699 co’nju’nCtlSsimo’
959 4625 1326 4698 Chrysapbio.
1381 4627 1576 4682 Procul
1624 4637 1804 4682 autem
1861 4630 2048 4684 aberat

465 4711 665 4784 mater,
717 4713 884 4771 trium
935 4716 1154 4771 dierum
1199 4717 1397 4772 itinere
1453 4717 1523 4772 ab
1558 4731 1622 4773 ea
1656 4727 1866 4773 remota
1901 4717 2049 4772 cala-

467 4811 678 4866 mitate.
704 4801 836 4875 Quae
879 4809 1008 4863 lieet
1043 4807 1098 4862 in
1130 4807 1280 4862 omni
1314 4805 1513 4879 genere
1549 4811 1769 4866 virtutis
1799 4809 2048 4880 perfecta

466 4907 637 4967 esset,
667 4911 849 4956 tamen
880 4907 1006 4954 cum
1033 4905 1146 4954 tam
1171 4899 1429 4956 acerbum
1459 4901 1716 4967 nuntium
1745 4917 1774 4954 a
1805 4901 2043 4972 quodam

468 4995 796 5064 accepisset,
843 4997 1066 5057 natura,
1099 4991 1160 5044 u't
1195 5005 1293 5060 par
1321 4997 1427 5054 est.
1465 4999 1778 5062 superante,
1801 4993 2042 5064 collapsa

467 5087 892 5156 exanimataque
915 5092 1128 5139 tantum
1156 5100 1266 5139 non
1288 5085 1452 5140 simul
1477 5100 1600 5140 cum
1621 5099 1758 5140 voce
1789 5085 2044 5154 spiritum

469 5177 673 5233 amisit.
720 5163 1060 5232 Ratio‘enim
1089 5177 1300 5232 doloris
1333 5174 1712 5246 magnitudine
1740 5176 1884 5232 victa
1913 5192 2046 5232 suc-

467 5267 692 5334 cubuit,
730 5268 956 5338 ipsaque
999 5265 1164 5322 veluti
1214 5281 1514 5339 generosus
1559 5267 1783 5338 quidam
1844 5269 2045 5323 athleta

469 5359 767 5428 improviso
793 5360 1020 5416 vulnere
1049 5359 1253 5414 aﬂlicta
1283 5361 1478 5430 jaeuit.

470 5451 564 5504 xa‘t
607 5449 786 5504 ἔκειτο
829 5441 962 5522 ὁμοῦ
995 5439 1380 5524 τῇ’προσ6ὃλῇ”
1410 5445 1510 5522 τῆς
1571 5441 1812 5522 πονηρᾶς
1862 5453 2068 5524 ἀκοῆς,

473 5533 762 5593 σεισθεῖσα
779 5537 985 5612 πληγῇ.

545 5629 642 5684 Hic
679 5641 884 5699 magna:
937 5623 1194 5686 Macrinte
1242 5627 1418 5684 virtus
1457 5631 1732 5702 apparuit,
1782 5647 1902 5704 qua:
1933 5647 2046 5688 non

475 5721 656 5780 salum
687 5735 746 5778 se
775 5719 1032 5776 invictam
1064 5727 1227 5792 atque
1266 5719 1506 5776 erectam
1553 5719 1811 5788 se’rvavit,
1855 5737 2044 5779 verum

2113 1877 2206 1931 τοῦ
2231 1879 2392 1947 ὅρους
2419 1876 2608 1948 ῥαχίας
2636 1877 3100 1947 ἐγκεκρυμμένον,
3121 1878 3178 1928 ὲν
3205 1875 3354 1946 αὐτῷ
3379 1877 3572 1948 διῆγε,
3590 1879 3704 1930 τῶν

2115 1969 2366 2022 ἅστυκῶν
2407 1969 2649 2039 θορύϐων
2685 1969 2778 2021 καὶ
2805 1969 2912 2021 τῶν
2939 1969 3044 2022 ἀπὸ
3075 1971 3358 2040 στρατείας
3383 1987 3444 2022 τε
3471 1971 3570 2024 καὶ

2117 2064 2175 2114 ὲν
2203 2061 2570 2131 δικαστηρίοις
2599 2061 2894 2130 ῥητορικῆς
2919 2059 3311 2132 άσχολημάτων
3337 2059 3534 2132 πόρρω
3555 2051 3710 2128 γενό-

2123 2169 2303 2223 μενος.
2365 2153 2475 2204 Καὶ
2503 2152 2723 2206 πάντων
2751 2153 2862 2204 τῶν
2885 2153 3014 2222 περὶ
3035 2151 3126 2204 τὸν
3153 2152 3266 2222 βίον
3291 2145 3718 2224 περιηιοὺντων’

2119 2242 2218 2313 τὴν
2265 2241 2610 2314 ἀνθρωπίνην
2659 2241 2804 2311 ζωὴν
2869 2242 3062 2294 ἑαυτὸν
3107 2241 3478 2312 ἐλευθερώσας
3503 2283 3522 2306 ,
3579 2245 3722 2304 τοὺς

2123 2331 2434 2402 πρεσϐύτας
2459 2333 2610 2396 τινας
2652 2331 2808 2404 πενίᾳ
2841 2333 2934 2385 καὶ
2957 2331 3238 2404 ἀρρωστία
3263 2330 3562 2396 συζῶντας,
3585 2334 3720 2394 ταῖς·

2127 2425 2286 2488 tam;
2309 2425 2496 2496 χερσὶν
2523 2425 2818 2495 ἐθεράπευε
2845 2441 2860 2456 ’
2895 2424 3122 2495 πρέπειν
3149 2423 3458 2495 δοκιμάσας
3475 2425 3562 2494 τῷ
3595 2425 3714 2496 ἰδίῳ

2127 2515 2227 2587 βίῳ
2286 2516 2387 2588 τὴν
2443 2515 2700 2586 τοιαύτην
2759 2515 3014 2586 ἀσχολίαν
3071 2516 3161 2569 διὰ
3215 2511 3502 2585 φροντίδος
3541 2515 3712 2585 ἔχειν.

2125 2609 2384 2680 Θηρεύων
2413 2609 2590 2664 τοίνυν
2627 2611 2642 2663 ί
2647 2609 2818 2680 χθῦας
2845 2609 3078 2680 ἦγ’ρευεν
3101 2609 3132 2662 ὁ
3163 2610 3426 2678 γεννάδας
3451 2626 3464 2639 ·
3489 2609 3592 2662 καὶ
3625 2609 3716 2662 διὰ

2125 2701 2188 2754 τὸ
2213 2701 2348 2772 πρὸς
2375 2702 2486 2754 πᾶν
2531 2696 2678 2763 εἶδος
2723 2699 3050 2770 θηρευτικῆς
3095 2699 3337 2762 ἐπινοίας
3385 2695 3718 2770 ἐπιτηδεὶως

2127 2794 2290 2864 ἔχειν,
2315 2791 2532 2864 ἐπόριζε
2560 2792 2650 2845 διὰ
2677 2792 2786 2862 τῆς
2805 2793 2980 2863 Θήρας·
3003 2791 3118 2855 τοῖς
3145 2791 3429 2860 στέργουσι
3455 2789 3558 2862 τὴν
3583 2803 3718 2860 τρο-

2130 2885 2235 2954 φήν
2257 2901 2272 2916 ο
2305 2885 2398 2938 καὶ
2427 2885 2524 2956 τὴν
2545 2885 2774 2955 νεότητα
2795 2886 2907 2948 τοῖς
2932 2881 3202 2947 τοιούτοις
3217 2883 3330 2954 ἃμα
3359 2881 3716 2952 uda-aﬂuit:

2131 2976 2312 3040 πόνοις
2337 2991 2352 3004 ·
2397 2974 2532 3028 ἀλλὰ
2575 2975 2828 3038 καὶτοῖς
2848 2973 3130 3045 μητρῷοις
3146 2967 3268 3044 θελή
3277 2983 3464 3044 μασιν,
3495 2973 3558 3026 εἴ
3583 2973 3720 3027 ποτέ

2131 3085 2184 3120 τι
2213 3069 2342 3138 παρ’
2369 3068 2537 3138 αὐτῆς
2561 3065 2948 3138 προσταχθείη,
2979 3064 3272 3137 προθύμως
3301 3057 3616 3134 ὑπηρετῶν,
3643 3065 3720 3118 δι’

2131 3161 2456 3232 ἀμφοτέρων
2491 3158 2767 3232 κατώρθου
2801 3158 2892 3211 τὸν
2923 3155 3035 3228 βίον
3059 3175 3074 3188 ι
3103 3159 3216 3220 τοῖς
3241 3173 3298 3210 τε
3327 3159 3512 3220 πόνοις
3539 3163 3718 3210 zizi-

2130 3254 2348 3326 κρατῶν
2365 3253 2467 3323 τῆς
2498 3253 2766 3324 νεότητος,
2795 3253 2860 3323 τῇ
2879 3269 2936 3305 τε
2967 3249 3094 3322 περὶ
3125 3251 3224 3322 τὴν
3253 3235 3718 3321 μητέρασπονδῇ,

2131 3341 2220 3393 διὰ
2246 3339 2354 3393 τῶν
2387 3341 2554 3394 θείων·
2573 3340 2824 3406 ἐντολῶν,
2869 3337 3294 3412 πρὸς-τδνῸεὺν
3333 3331 3732 3409 εὐοδούμενοςζ

2201 3523 2460 3594 Πέμπτον
2487 3522 2744 3591 διήγαγεν
2776 3519 2896 3584 ἔτος
2929 3519 3116 3574 τοῦτον
3145 3519 3236 3572 τὸν
3265 3520 3468 3590 τρόπον
3493 3520 3720 3588 φιλοσο-

2135 3615 2270 3686 φῶν,
2297 3615 2392 3668 καὶ
2423 3603 2772 3684 μακᾶριστὴν“
2787 3612 2954 3666 ποιῶν
2981 3611 3078 3682 τὴν
3104 3611 3312 3682 μητέρα
3337 3615 3402 3681 τῇ
3437 3611 3556 3682 ἰδίᾳ*
3573 3612 3716 3679 ζωῇ,

2134 3701 2216 3772 οἷς
2237 3723 2296 3759 τε
2331 3705 2656 3776 κατεκόσμει
2685 3704 2774 3758 διὰ
2809 3703 3160 3772 σωφροσύνης
3196 3701 3296 3773 τὴν
3327 3702 3503 3755 οἰκίαν
3541 3701 3716 3772 ζωὴν,

2135 3795 2234 3864 οἷς·
2257 3817 2316 3852 τε
2357 3801 2584 3870 παρεῖχε
2617 3799 2802 3851 πᾶσαν·
2827 3795 2926 3868 τὴν
2954 3795 3184 3865 δύναμιν
3207 3793 3398 3848 ἑαυτοῦ
3429 3793 3508 3865 τῷ
3553 3793 3720 3866 θελήέ-

2141 3909 2270 3964 ματι
2293 3891 2392 3960 τῆς
2419 3889 2848 3960 γεννησαμένηςι
2877 3882 3011 3940 Εἶτα
3044 3885 3180 3957 βαρύ
3218 3903 3272 3938 τι
3315 3886 3410 3939 καὶ
3449 3881 3720 3956 τραγίκῦν

2138 3982 2308 4046 πάθος
2331 3982 2389 4049 ἐξ
2423 3980 2712 4049 ἐπιϐουλῆς
2730 4021 2746 4045 ,
2767 3976 2940 4050 οἶμαι,
2971 3977 3064 4031 τοῦ
3093 3975 3468 4047 ἀντικειμένου
3501 3981 3576 4048 τῇ
3610 3991 3720 4048 μη-

2139 4079 2228 4149 τρὶ
2257 4074 2554 4145 συνηνέχθη
2575 4116 2590 4140 ,
2617 4073 2646 4126 ὃ
2673 4073 2836 4126 παντὶ
2867 4070 2952 4141 τῷ
2989 4071 3132 4138 γένει
3161 4069 3298 4140 πρὸς
3343 4071 3630 4139 συμφοράν
3656 4087 3720 4122 τε

2140 4171 2236 4226 καὶ
2269 4167 2462 4230 πένθος
2498 4166 2824 4236 ἐπήρκεσεν.
2869 4162 3158 4232 Αῑφνιδίως
3189 4163 3296 4232 γάρ
3333 4163 3398 4214 ὲκ
3427 4161 3528 4230 τῆς
3569 4161 3720 4230 ζωῆς

2139 4261 2533 4332 ἀναρπάζεται,
2565 4258 2628 4310 οὐ
2665 4257 2966 4326 νοσήματος
2995 4253 3420 4325 προελπισθῆναι
3451 4252 3512 4305 τὸ
3541 4251 3720 4314 πάθος

2143 4349 2683 4422 παρασκευάσαντος,
2715 4347 2814 4400 οὐκ
2838 4345 2996 4400 ἄλλου
3023 4345 3264 4398 τοιοῦτον
3289 4343 3434 4407 τινὸς
3459 4341 3574 4396 τῶν
3595 4357 3722 4396 σνν-

2146 4443 2292 4516 ήθων
2339 4441 2434 4494 καὶ
2460 4440 2749 4510 γνωρίμων
2777 4437 3260 4507 ἐπαγαγόντος-τῷ
3293 4435 3398 4506 νέῳ
3425 4435 3516 4488 τὸν
3557 4435 3722 4490 em-

2143 4551 2234 4588 τον
2262 4550 2278 4565 ο
2313 4531 2428 4586 ἀλλ’
2474 4533 2567 4584 ἐπὶ
2597 4530 2768 4600 θήραν
2813 4529 3095 4600 ὁρμήσας,
3127 4527 3194 4580 δι’
3231 4522 3297 4600 ἧς
3337 4527 3568 4596 παρεῖχε
3601 4529 3728 4589 τοῖς·

2099 4679 2111 4692 ,
2144 4624 2656 4700 γηρωκομουμένοις
2680 4622 2749 4676 τὰ
2791 4622 3074 4692 ἐπιτήδεια
3087 4659 3104 4682 ,
3133 4618 3322 4690 νεκρὸς
3347 4619 3428 4690 τῷ
3450 4618 3596 4690 οἴκῳ
3621 4619 3720 4672 αὒ-

2143 4717 2240 4773 τοῦ
2266 4715 2597 4785 ἐπανάγεται
2623 4754 2639 4778 ,
2679 4713 2840 4776 αὑτός
2871 4729 2932 4766 τε
2983 4713 3189 4774 ἐκεῖνος
3214 4752 3228 4774 ,
3272 4710 3367 4764 καὶ
3407 4711 3437 4762 ὁ
3463 4713 3724 4773 κοινωνὸς

2144 4809 2294 4880 αὐτῷ
2319 4807 2410 4862 τοῦ
2443 4807 2554 4876 βίου
2591 4789 2924 4876 Χρυσάφιος.
2953 4802 3150 4872 Πόρρω
3175 4799 3232 4854 δὲ
3257 4794 3324 4868 ἦν
3364 4797 3722 4870 τῶν’γινομέ-

2143 4919 2250 4956 νων
2271 4903 2306 4972 ἡ
2334 4900 2533 4972 μήτηρ,
2556 4897 2720 4968 τριῶν
2749 4895 2972 4966 ἡμερῶν
2999 4893 3120 4947 ὁδὸν
3149 4889 3436 4961 ἀφεστῶσα
3467 4891 3572 4961 τῆς
3597 4893 3726 4960 συμ-

2147 4996 2340 5064 φορᾶς.
2358 4991 2468 5046 Καί
2489 5007 2573 5054 τις
2607 4989 2832 5058 ἀφίκετο
2855 4988 2983 5059 παρ’
3005 4985 3174 5055 αὐτὴν
3205 4982 3424 5054 μηνύων
3443 4983 3508 5037 τὸ
3529 4983 3722 5046 πάθος-δ

2144 5089 2177 5158 ἡ
2209 5085 2267 5140 δὲ
2293 5083 2474 5138 τελεία
2509 5082 2605 5154 μὲν
2633 5082 2746 5143 τοῖς
2793 5081 2918 5133 κατ’
2947 5077 3146 5148 ἀρετὴν
3185 5075 3388 5130 ἅπασιν
3425 5069 3498 5146 ἦν
3521 5113 3540 5136 ,
3589 5074 3728 5142 πλὴν

2145 5177 2364 5248 ἐκράτει
2395 5173 2655 5243 κάκείνης
2705 5171 2849 5225 κατὰ
2880 5170 2944 5223 τδ
2992 5164 3110 5222 ἴσον
3151 5167 3190 5238 ἡ·
3219 5167 3398 5235 φύσις.
3417 5165 3728 5220 Ὸκλάσασα

2147 5269 2256 5340 γὰρ
2287 5268 2385 5338 τὴν
2417 5265 2614 5336 ψυχὴν,
2640 5262 2845 5324 ἄπνους
2863 5277 2924 5314 τε
2955 5260 3050 5314 καὶ
3077 5258 3362 5328 ἄφθογγος·
3379 5255 3726 5330 παραχρῆμα

2153 5360 2368 5427 ἐγένετο
2390 5397 2405 5422 ,
2443 5356 2538 5410 τοῦ
2567 5351 2838 5424 ,λογισμοῦ
2873 5351 2956 5421 τῷς
2993 5349 3154 5404 πάθει
3187 5349 3720 5421 παραχωρήσαντος,

2107 5452 2360 5521 καθάπερ
2405 5464 2488 5510 τις
2537 5444 2774 5518 ἀθλητὴς
2811 5443 3078 5512 γενναῖος,
3118 5441 3512 5513 ἀπροσδοκήτῳ
3553 5453 3718 5493 κατα·-

2235 5628 2323 5680 Ἐν
2355 5623 2532 5694 τούτῳ
2581 5623 2638 5678 δὲ
2685 5621 2856 5691 ἐφάνη
2915 5620 3016 5692 τῆς
3071 5621 3308 5691 μεγάλης
3351 5595 3642 5692 and“;
3683 5621 3718 5690 ἡ

2153 5718 2357 5791 ἀρετή·
2405 5717 2554 5781 ὅπως
2590 5715 2667 5787 τῷ
2711 5713 2870 5770 πάθει
2916 5713 3007 5767 τὸν
3041 5713 3295 5784 λογισμὸν
3331 5714 3712 5784 ἁντιστήσασσ,
