3834 6432
134 294 253 351 969

1384 298 1473 352 DE
1509 298 1671 354 VITA
1710 298 1766 352 S.
1808 297 2168 353 MACRINA-J.

3300 303 3409 360 970

128 404 347 474 ἑαυτήν
393 421 450 456 τε
505 402 752 458 ἄπτωτον
797 403 1115 474 διεφύλαξε,
1166 406 1261 460 καὶ
1306 406 1404 477 τῆς
1453 408 1706 478 μητρυιῆς

1830 409 1993 462 etiam
2026 409 2217 463 matris
2249 410 2680 467 imbecillitatem
2723 413 2875 469 fulsit
2906 422 3072 487 atque
3120 422 3405 475 sustinuit.

128 494 429 557 ἀσθενείας
462 494 694 565 ἔρεισμα
737 495 1000 568 γενομένη
1025 539 1040 562 ,
1074 497 1236 551 πάλιν
1291 500 1355 551 ἐκ
1402 498 1497 551 τοῦ
1556 498 1720 568 βυθοῦ

127 587 238 656 τῆς
262 586 439 657 λύπης
459 587 631 659 αὑτὴν
650 588 982 645 ἀνενεώσατο
1000 605 1011 617 ⁸
1042 589 1119 658 τῷ
1148 589 1268 642 καθ’
1292 591 1486 659 ἑαυτὴν
1512 590 1724 661 στερρῷ

126 696 195 731 τε
245 679 341 733 καὶ
376 680 638 751 ἀνενδότῳ
664 722 679 742 ,
710 681 803 734 καὶ
854 682 953 751 τὴν
986 684 1085 753 τῆς
1135 682 1338 753 μητρὸς
1379 682 1557 752 ψυχὴν
1587 684 1723 753 πρὸς

128 771 395 842 ἀνδρείαν
422 772 913 843 παιδοτριϐήσασα.

209 862 423 917 Οὐκοῦν
470 865 530 918 οὑ
591 854 877 936 παρεσύρη
927 867 1063 936 πρὸς
1108 867 1168 920 τὸ
1205 868 1372 930 πάθος
1424 870 1457 938 ἡ
1498 869 1680 938 μήτηρ
1706 908 1720 931 ν

126 956 262 1009 οὑδὲ
301 956 471 1009 ἔπαθε
504 956 758 1026 δυσγενές
792 976 844 1011 τι
896 960 988 1012 καὶ
1032 964 1340 1027 γυναικεῖον
1364 1002 1379 1024 ,
1419 960 1560 1014 ὥστε
1594 960 1722 1031 βοῆ--

130 1062 229 1099 σαι
258 1047 396 1118 πρὸς
427 1049 489 1100 τὸ
526 1048 697 1103 κακὸν
722 1087 739 1112 ,
775 1048 808 1119 ἢ
847 1050 1280 1120 περιρῤἡξασθαι
1311 1051 1372 1103 τὸ
1402 1053 1614 1121 ἱμάτιον
1638 1094 1654 1119 ,
1686 1053 1719 1121 ἧ

128 1138 486 1192 ὲπικωκύσαι
513 1138 592 1211 τῷ
618 1139 804 1205 πάθει,
831 1140 865 1211 ἦ
895 1144 1014 1204 ταῖς
1035 1146 1254 1213 γοεραῖς
1287 1142 1573 1213 μελῳδίαις
1594 1145 1722 1197 dva-

127 1229 360 1300 κινῆσαι
384 1231 511 1296 τοὺς
540 1232 790 1304 θρήνους.
834 1233 992 1287 Ἀλλὰ
1024 1236 1202 1305 ἠσυχῆ
1240 1234 1580 1306 διεκαρτέρει
1611 1240 1723 1298 τοῖς

126 1323 454 1395 λογισμοῖς,
482 1328 603 1388 ταῖς
641 1325 740 1395 τῆς
770 1324 983 1393 φύσεως
1014 1325 1341 1397 προσϐολαῖς
1361 1327 1721 1398 διωθουμένη,

124 1414 417 1486 λογισμοῖς
456 1433 519 1468 τε
568 1419 681 1479 τοῖς
721 1416 870 1480 ἰδίοις
916 1418 1013 1471 καὶ
1050 1420 1163 1480 τοῖς
1205 1418 1359 1491 παρὰ
1400 1419 1501 1488 τῆς
1551 1418 1721 1486 θυγα-

124 1507 264 1577 τρὸς
297 1508 435 1577 αὑτῇ
472 1507 611 1578 πρὸς
644 1506 741 1579 τὴν
784 1508 879 1561 τοῦ
916 1508 1088 1563 κακοῦ
1119 1508 1413 1579 θεραπείαν
1446 1528 1721 1581 προσαγο-

132 1603 344 1669 μὲνοις.
372 1602 505 1654 Τότε
533 1600 640 1672 γὰρ
662 1600 726 1671 δὴ
753 1602 988 1672 μάλιστα
1014 1602 1192 1673 ὑψηλή
1224 1620 1284 1656 τε
1313 1605 1407 1656 καὶ
1436 1605 1718 1674 ἐπηρμένη

124 1696 159 1763 ἡ
196 1694 302 1764 τῆς
326 1694 601 1765 παρθένου
628 1695 774 1766 ψυχὴ
803 1696 1030 1767 διεφάνη
1058 1711 1070 1723 ·
1102 1698 1183 1750 ὃτι
1210 1699 1303 1750 καὶ
1332 1700 1389 1749 ἐν
1414 1699 1594 1769 ἐκείνῃ
1620 1700 1720 1768 μὲν

1829 500 1962 555 Nam
1993 503 2239 555 animum
2270 503 2392 571 ejus
2425 506 2755 574 gravissimo
2782 524 2916 562 casu
2953 508 3227 578 dejectum
3257 515 3409 566 exci-

1826 602 1951 649 tans
1996 604 2050 649 et
2087 610 2366 659 recreans,
2400 596 2605 651 invicto
2631 599 2831 654 robore
2876 614 2978 654 suo
3018 603 3085 656 ad
3124 602 3409 660 fortitudi-

1825 698 1949 737 nem
1979 692 2032 737 et
2061 685 2411 739 tolerantiam
2446 685 2713 740 instituit.

1900 858 1991 913 Sic
2039 860 2209 930 igitur
2247 861 2467 917 tandem
2515 872 2689 919 mater
2716 866 2891 921 dolori
2927 869 3149 932 restitit,
3195 887 3293 926 nec
3326 874 3409 926 in-

1824 951 2050 1021 dignum
2084 962 2181 1006 aut
2211 952 2583 1008 effeminatqu
2619 956 2903 1025 quidpiam
2944 958 3188 1022 admisit.
3228 973 3285 1015 ut
3324 965 3409 1017 vel

1825 1044 2242 1109 vociferaretur,
2293 1046 2377 1100 vel
2410 1047 2634 1115 pallium
2683 1048 2992 1117 scinderet,
3026 1052 3111 1106 vel
3152 1053 3406 1122 ejularet,

1826 1136 1913 1189 vel
1946 1136 2214 1192 luctuosis
2243 1137 2583 1193 clamoribus
2614 1139 3037 1198 lamentationes
3073 1144 3405 1201 intenderet.

1826 1226 1933 1282 Sed
1972 1228 2185 1283 ratione
2235 1230 2440 1285 sensim
2490 1231 2728 1300 impetus
2776 1240 2985 1288 naturae
3020 1235 3257 1305 depulit,
3290 1245 3406 1292 tum

1824 1321 2086 1391 propriis,
2119 1328 2233 1374 tum
2266 1320 2390 1375 filia:
2437 1324 2685 1379 consiliis
2722 1326 3038 1396 aegritudini
3079 1328 3408 1386 medicinam

1824 1414 2205 1468 afferentibus.
2248 1413 2399 1468 Tunc
2449 1417 2595 1468 enim
2631 1418 2869 1473 maxime
2901 1419 3130 1488 virginis
3188 1422 3407 1478 animus

1824 1506 2079 1561 excelsus
2105 1516 2159 1561 et
2180 1506 2433 1562 sublimis
2467 1508 2699 1562 exstitit.
2734 1509 2946 1565 Etenim
2974 1514 3229 1580 quamvis
3265 1513 3318 1567 in
3342 1529 3407 1568 ea

1824 1601 1932 1653 vim
1979 1615 2134 1654 suam
2180 1607 2379 1653 natura
2432 1610 2721 1656 exerceret
2752 1603 2906 1673 (erat
2959 1606 3103 1659 enim
3134 1606 3303 1660 frater
3350 1616 3407 1661 et

1827 1693 2058 1746 fratrum
2084 1691 2446 1747 charissimus
2477 1697 2569 1762 qui
2603 1702 2712 1746 tam
2746 1696 2947 1750 acerbo
2975 1712 3175 1767 genere
3211 1700 3406 1755 mortis

124 1787 158 1853 ἠ
194 1785 364 1855 φύσις
391 1786 453 1839 τὸ
484 1785 612 1840 ῐδιον
640 1787 876 1857 ἔπασχεν
904 1805 917 1818 ·
948 1789 1174 1857 ἀδελφὸς
1194 1790 1303 1860 γὰρ
1329 1786 1419 1859 ἦν,
1450 1792 1543 1843 καὶ
1572 1790 1706 1844 ἁδελ-

1820 1787 2133 1841 exstinctus
2165 1784 2418 1851 fuerat),
2456 1795 2641 1843 tamen
2670 1796 2866 1841 natura
2909 1789 3199 1844 sublimior
3233 1789 3400 1856 facta,

126 1874 250 1943 φῶν
294 1877 326 1929 ὁ
352 1876 769 1947 κεχαρισμένος,
808 1880 837 1930 ὁ
884 1877 959 1948 τῷ
1003 1879 1230 1949 τοιούτῳ
1275 1881 1461 1951 τρόπῳ
1488 1880 1584 1933 τοῦ
1624 1882 1719 1933 θα-

125 1966 294 2021 νάτου
338 1967 729 2038 ἀναρπασθείς.
767 1969 955 2038 Ὅμως
988 1970 1291 2041 ὑψηλοτέρα
1314 1973 1576 2042 γενομένη
1622 1972 1719 2042 τῆς

125 2058 354 2128 φύσεως
375 2098 389 2122 ,
415 2060 687 2132 συνεπῆρε
710 2064 821 2123 τοῖς
854 2061 1004 2124 ἰδίοις
1037 2062 1315 2133 λογισμοῖς
1343 2063 1442 2134 τὴν
1482 2064 1716 2133 μητέρα,

124 2152 226 2205 καὶ
260 2152 520 2224 ὑπεράνω
569 2151 663 2205 τοῦ
699 2153 904 2216 πάθους
955 2153 1149 2223 ἔστησε
1174 2171 1188 2183 ο
1234 2153 1311 2225 τῷ
1360 2155 1482 2208 καθ’
1524 2155 1719 2224 ἑαυτὴν

124 2243 493 2314 ὑποδείγματι
516 2284 531 2310 ,
560 2243 697 2314 πρὸς
724 2244 1004 2314 ὑπομονήν
1030 2261 1093 2295 τε
1120 2244 1215 2296 καὶ
1244 2244 1493 2315 ἀνδρείαν
1519 2244 1713 2297 παιδα-

124 2335 436 2406 γωγήσασα
455 2352 469 2367 ·
494 2334 670 2399 ἄλλως
702 2334 759 2387 δὲ
781 2335 872 2388 καὶ
900 2336 928 2387 ὁ
962 2334 1073 2404 βίος
1096 2334 1266 2404 αὑτῆς
1299 2336 1386 2387 ἀεὶ⁵
1412 2335 1480 2387 δι’
1515 2336 1716 2406 ἀρετῆς

1818 1877 2130 1933 rationibus
2178 1878 2294 1934 suis
2346 1886 2577 1934 matrem
2629 1881 2977 1945 sublevabat,
3039 1884 3402 1953 exemploque

1820 1985 1921 2024 suo
1952 1970 2019 2023 ad
2052 1969 2373 2036 patientiam
2404 1980 2458 2024 et
2495 1972 2754 2026 virtutem
2788 1973 3047 2029 erudiens
3082 1974 3405 2043 perﬁciebat

1820 2071 1878 2113 ut
1918 2061 2107 2115 dolore
2159 2062 2412 2131 superior
2452 2064 2752 2118 exsisteret
2789 2085 2801 2119 :
2833 2081 3150 2135 quanquam
3182 2076 3234 2120 ct
3281 2068 3402 2135 ejus

1818 2155 1931 2207 vita
1961 2155 2164 2209 virtute
2208 2170 2424 2223 semper
2471 2158 2750 2211 excellens
2782 2160 2992 2211 nullum
3028 2160 3244 2214 sinebat
3275 2176 3402 2215 esse

1822 2252 2062 2313 tempus,
2097 2259 2205 2312 quo
2236 2252 2412 2300 mater
2451 2254 2675 2314 propter
2721 2249 3039 2304 mmstitiam
3082 2250 3265 2318 potius
3313 2266 3405 2306 an-

1822 2346 2066 2406 geretur,
2095 2353 2256 2405 quam
2292 2340 2546 2406 praesenti
2576 2339 2718 2392 bono
2745 2341 3028 2409 gauderet.

125 2428 468 2499 ὑψούμενος,
503 2430 566 2482 οὑ
593 2432 823 2500 παρεῖχε
849 2432 914 2499 τῇ
955 2430 1125 2501 μητρὶ
1152 2430 1344 2499 καιρὸν
1402 2429 1495 2482 ἐπὶ
1533 2430 1611 2500 τῷ
1655 2430 1893 2486 λείποντι
1945 2433 2321 2503 δυσχεραίνειν
2371 2435 2570 2503 μᾶλλον
2596 2476 2608 2497 ,
2681 2437 2713 2505 ἢ
2764 2438 2841 2507 τῷ
2887 2439 3147 2509 δρωμένῳ
3214 2439 3403 2509 ἀγαθῷ

124 2523 556 2593 ὲπαγάλλεσθαι.

211 2618 367 2672 Ἐπεὶ
386 2612 477 2672 οὖν
506 2618 781 2672 επαύσατο
810 2620 878 2688 τῇ
921 2619 1107 2689 μητρὶ,
1134 2620 1168 2688 ἦ
1194 2636 1251 2670 τε
1297 2619 1397 2684 τῆς
1434 2619 1720 2689 παιδοτρο-

124 2711 261 2782 φίας
304 2712 525 2783 φροντὶς
569 2713 664 2766 καὶ
707 2712 740 2782 ἡ
790 2712 891 2781 τῆς
938 2711 1275 2775 παιδεύσεώς
1312 2729 1371 2763 τε
1420 2713 1514 2764 καὶ
1551 2728 1721 2765 κατα-

125 2804 379 2870 στάσεως
416 2804 527 2858 τῶν
570 2804 777 2858 τέκνων
822 2806 1082 2877 μέριμνα,
1123 2804 1216 2858 καὶ
1263 2808 1319 2858 αἱ
1355 2804 1568 2866 πλείους
1617 2804 1719 2873 τῆς

123 2900 501 2971 ὑλωδεστέρας
531 2900 675 2969 ζωῆς
705 2902 951 2971 ἀφορμαὶ
975 2944 988 2965 ,
1019 2902 1098 2963 εἰς
1134 2899 1203 2953 τὰ
1233 2900 1397 2953 τέκνα
1423 2898 1715 2968 κατεμερί-

125 2993 359 3064 σθησαν”
397 2993 542 3057 τότε,
570 2992 751 3057 καθὼς
781 2993 1142 3063 προείρηται,
1172 2992 1381 3060 γίνεται
1412 2991 1712 3061 σύμϐουλος

122 3086 227 3157 τῆς
270 3086 474 3156 μητρὸς
529 3086 562 3155 ή
597 3088 696 3154 τῆς
737 3085 1007 3155 παρθένου
1038 3085 1149 3154 ζωὴ
1195 3086 1330 3155 πρὸς
1358 3085 1456 3154 τὴν
1492 3084 1714 3154 ἐμφιλὸ-

124 3197 296 3248 σοφον
339 3178 544 3247 ταύτην
598 3178 693 3230 καὶ
744 3177 905 3232 ἄῦλον
954 3176 1045 3229 τοῦ
1109 3176 1226 3246 βίου
1276 3178 1579 3247 διαγωγήν·
1620 3178 1713 3229 καὶ

120 3271 484 3340 ἀποστήσασα
512 3268 621 3321 τῶν
646 3269 705 3320 ὲν
744 3268 1001 3339 συνηθείᾳ
1046 3268 1289 3329 πάντων,
1337 3269 1472 3336 πρὸς
1498 3268 1556 3320 τὸ
1583 3267 1712 3319 ἴδιον

121 3363 228 3433 τῆς
261 3360 759 3432 ταπεινοφροσύνης
810 3359 1005 3430 μέτρον
1056 3360 1403 3429 μετήγαγενο
1446 3359 1707 3428 ὁμότιμον

120 3456 299 3527 αὑτὴν
324 3454 572 3524 γενέσθαι
606 3452 685 3524 τῷ
718 3452 1043 3523 πληρώματι
1074 3452 1180 3505 τῶν
1220 3451 1502 3523 παρθένων
1532 3469 1710 3522 παρα-

124 3549 467 3614 σκευάσασα,
492 3547 569 3611 ὡς
608 3547 703 3600 καὶ
725 3544 1006 3618 τραπέζης
1036 3548 1165 3615 μιᾶς
1188 3586 1202 3609 ,
1231 3547 1327 3601 καὶ
1365 3545 1551 3617 κοίτης
1570 3587 1585 3610 ,
1616 3546 1709 3599 καὶ

122 3643 348 3697 πάντων
376 3641 484 3695 τῶν
528 3638 664 3710 πρὸς
697 3639 793 3712 τὴν
840 3639 987 3710 ζωὴν
1017 3640 1163 3693 κατὰ
1200 3640 1260 3693 τὸ
1295 3641 1407 3693 ἴσον
1439 3639 1710 3709 συμμετέ-

120 3751 245 3805 χειν
276 3732 500 3797 αὑταῖς,
550 3730 735 3801 πάσης
783 3730 885 3800 τῆς
926 3731 1069 3797 κατὰ
1113 3731 1212 3802 τὴν
1249 3730 1405 3797 ἀξίαν
1448 3731 1710 3803 διαφορᾶς

121 3825 517 3897 ὑφαιρεθείσης
548 3822 729 3876 αὑτῶν
758 3823 856 3893 τῆς
910 3821 1077 3891 ζωῆς.
1110 3823 1217 3875 Καὶ
1265 3824 1483 3892 τοιαύτη
1530 3840 1613 3884 τις
1641 3816 1709 3892 ἦν

121 3921 160 3988 ἡ
189 3915 287 3971 τοῦ
316 3916 429 3987 βίου
461 3916 612 3983 τάξις
632 3955 647 3978 ,
683 3914 779 3968 καὶ
799 3914 1052 3968 τοσοῦτον
1083 3914 1145 3966 τδ
1190 3912 1322 3983 ὕψος
1366 3914 1463 3983 τῆς
1497 3914 1710 3982 φιλοσο-

122 4009 259 4077 φίας
283 4047 298 4071 ,
332 4008 426 4061 καὶ
455 4010 488 4077 η
536 4004 707 4077 σεμνὴ
756 4005 852 4075 τῆς
906 4005 1051 4074 ζωῆς
1091 4005 1335 4057 πολιτεία
1374 4006 1431 4057 ὲν
1488 4009 1553 4076 τῇ
1586 4004 1707 4058 καθ’

120 4098 340 4171 ἡμέραν
362 4115 422 4151 τε
450 4096 544 4150 καὶ
577 4096 747 4150 νύκτα
784 4095 1026 4165 διαγωγῇ
1052 4136 1067 4159 ,
1117 4094 1193 4155 ὡς
1231 4093 1578 4164 ὑπερϐαίνειν
1610 4094 1707 4165 τὴν

119 4194 191 4246 ἐκ
216 4192 329 4243 τῶν
350 4190 528 4259 λόγων
569 4189 914 4258 ὑπογραφὴν.
952 4186 1220 4256 Καθάπερ
1251 4186 1359 4257 γὰρ
1411 4187 1465 4239 αἱ
1493 4187 1581 4240 διὰ
1606 4186 1706 4240 θα-

116 4286 287 4339 νάτου
316 4282 426 4335 τῶν
462 4281 730 4352 σωμάτων
763 4279 1069 4333 ἐκλυθεῖσαι
1088 4279 1277 4350 ψυχαὶ,
1308 4279 1400 4331 καὶ
1428 4277 1534 4331 τῶν
1566 4279 1708 4332 κατὰ

115 4376 217 4430 τὸν
269 4374 382 4445 βίον
412 4371 604 4426 τοῦτον
653 4371 931 4443 μεριμνῶν
962 4370 1363 4435 συνεκλύονται,
1414 4370 1586 4433 οὕτως
1616 4388 1705 4423 κε-

115 4467 361 4539 χώριστο
403 4465 579 4518 αὑτῶν
610 4466 643 4536 ἡ
672 4463 783 4535 ζωὴ
808 4506 821 4527 ,
864 4464 958 4516 καὶ
987 4462 1268 4532 ἀπῴκιστο
1318 4464 1490 4533 πάσης
1525 4463 1706 4532 βιωτι-

117 4560 230 4631 κῆς
255 4558 642 4630 ματαιότητος,
669 4558 760 4609 καὶ
785 4555 919 4627 πρὸς
951 4556 1010 4626 μί
1018 4573 1090 4626 μη
1100 4573 1181 4608 σιν
1204 4554 1304 4625 τῆς
1327 4556 1434 4608 τῶν
1458 4556 1703 4623 ἀγγέλων

117 4652 271 4723 ζωῆς
294 4650 675 4723 ὲρῤυθμίζετο.
712 4648 800 4701 Ἐν
824 4641 903 4709 οἷς
926 4647 1034 4718 γάρ
1071 4649 1130 4699 οὑ
1161 4645 1330 4716 θυμὸς
1352 4688 1365 4710 ,
1399 4647 1457 4699 οὑ
1487 4646 1699 4714 φθόνος,

116 4747 181 4799 οὑ
222 4746 379 4815 μῖσος
406 4783 421 4807 ,
452 4744 550 4813 οὑχ
577 4740 845 4812 ὑπεροψία
872 4781 885 4803 ,
915 4741 1013 4793 οὑκ
1046 4739 1171 4793 ἄλλο
1218 4756 1269 4791 τι
1300 4739 1409 4792 τῶν
1448 4739 1701 4792 τοιούτων

118 4838 425 4907 suscipit-0'
462 4836 497 4905 ἦ
519 4851 576 4887 τε
607 4833 713 4887 τῶν
747 4833 989 4903 ματαίων
1016 4832 1300 4901 ἐπιθυμία,
1332 4832 1495 4903 τιμῆς
1527 4850 1584 4886 τε
1608 4832 1702 4884 καὶ

116 4930 317 4999 δόξης,
367 4928 460 4981 καὶ
517 4927 720 4995 τύφου,
756 4925 849 4978 καὶ
899 4924 1311 4995 ὑπερηφανίας,
1357 4925 1450 4977 καὶ
1484 4926 1701 4978 πάντων

115 5023 229 5075 τῶν
251 5020 509 5074 τοιούτων
549 5018 981 5089 ὲκδεὸλημένων.
1012 5019 1202 5091 Τρυφὴ
1237 5018 1291 5069 δὲ
1324 5013 1391 5087 ἧν
1443 5020 1476 5087 ἡ
1509 5018 1703 5088 ἐγκρά-

114 5128 264 5175 τεια,
309 5112 403 5163 καὶ
429 5108 556 5173 δόξα
596 5108 657 5161 τὸ
692 5108 766 5178 μὴ
800 5106 1183 5176 γινώσκεσθαι.
1216 5108 1449 5171 Πλοῦτος
1477 5108 1534 5160 δὲ
1569 5104 1695 5180 ἧνή

113 5204 473 5275 ἁκτημοσύνη
499 5244 512 5267 ,
549 5203 643 5256 καὶ
675 5201 735 5254 τὸ
778 5203 957 5255 πᾶσαν
998 5201 1095 5272 τὴν
1129 5203 1319 5272 ὑλικὴν
1364 5205 1697 5274 περιουσίαν,

112 5290 231 5349 οἶόν
262 5312 383 5348 τινα
416 5295 562 5348 κόνιν
593 5295 699 5349 τῶν
726 5295 1014 5366 σωμάτων,
1043 5294 1701 5366 ἀποτινάξασθαι.Ἔργον

112 5386 173 5438 δὲ
202 5383 311 5437 τῶν
339 5384 479 5438 κατὰ
506 5383 605 5455 τὴν
634 5383 778 5454 ζωὴν
814 5383 1016 5454 ταύτην
1052 5382 1495 5453 σπουδαζομένων
1527 5382 1698 5445 οὐδὲν,

113 5477 200 5529 ὅτι
235 5474 310 5546 μὴ
339 5476 637 5547 πάρεργον.
674 5474 820 5543 Μόνη
848 5474 904 5526 δὲ
942 5476 975 5543 ἡ
1008 5474 1116 5526 τῶν
1142 5473 1301 5526 θείων
1343 5472 1540 5543 μελέτη
1561 5514 1574 5535 ,
1605 5475 1700 5527 καὶ

111 5567 176 5621 τὸ
218 5566 319 5636 τῆς
346 5567 654 5637 προσευχῆς
686 5566 1046 5629 ἀδιάλειπτον,
1076 5565 1171 5618 καὶ
1196 5566 1228 5635 ἡ
1252 5565 1527 5627 ἄπαυστος
1572 5567 1700 5635 ὑμν-

111 5661 270 5733 ῳδία·
302 5660 443 5713 κατὰ
478 5660 537 5713 τὸ
570 5660 682 5714 ἴσον
715 5659 1259 5730 συμπαρατεινομένη
1288 5659 1366 5729 τῷ
1391 5660 1585 5729 χρόνῳ,
1614 5659 1702 5713 διὰ

111 5753 312 5817 νυκτὸς
352 5753 447 5806 καὶ
474 5752 687 5827 ἡμέρας
726 5752 904 5819 πάσης
931 5768 946 5782 ·
974 5750 1113 5803 ὥστε
1160 5751 1348 5814 αὑταῖς
1370 5790 1385 5818 ,
1418 5751 1512 5803 καὶ
1542 5751 1701 5821 ἔργον

360 5852 637 5913 ΡΑΤιιοι.
683 5850 801 5911 Gn.
851 5849 1071 5909 XLVI.

1892 2616 2028 2669 Cum
2064 2615 2230 2685 igitur
2253 2616 2366 2684 jam
2395 2624 2449 2669 et
2486 2618 2909 2682 nutriendorum
2941 2622 3239 2682 liberorum
3267 2644 3401 2685 cura

1817 2716 1873 2765 et
1905 2707 2251 2763 educationis
2287 2718 2450 2776 atque
2480 2711 2861 2767 collocationis
2898 2729 3084 2770 eorum
3123 2731 3267 2775 esset
3298 2725 3401 2777 sol-

1816 2800 2105 2855 licitudine
2144 2799 2395 2865 liberata,
2431 2809 2484 2854 et
2530 2802 2797 2858 molestiae
2838 2805 3155 2865 domestica:
3188 2813 3400 2882 majore

1814 2910 1883 2949 ex
1912 2902 2066 2963 parte
2112 2893 2257 2946 inter
2310 2894 2459 2962 ipsos
2500 2894 2644 2949 filios
2684 2897 2875 2953 divisae
2915 2899 3097 2957 forent
3130 2923 3141 2958 :
3178 2916 3394 2972 auctor,

1820 2993 1879 3037 ut
1926 2983 2135 3038 dictum
2187 2993 2301 3042 est.
2333 2984 2496 3037 matri
2546 2988 2700 3056 virgo
2741 2987 2865 3054 fuit,
2898 2998 2957 3043 ut
3000 2992 3067 3045 ad
3113 2996 3399 3064 sapientia:

1819 3071 2062 3124 studium
2087 3080 2143 3125 et
2170 3086 2364 3141 puram
2392 3073 2609 3127 vivendi
2639 3076 2906 3132 rationem
2933 3094 3055 3135 sese
3074 3081 3352 3139 conferret
3377 3104 3392 3140 :

1818 3178 2052 3233 eamque
2090 3178 2122 3217 a
2154 3164 2388 3234 reliquis
2412 3167 2670 3221 omnibus
2712 3169 2876 3224 rebus
2914 3183 2967 3225 et
3009 3173 3241 3242 pristina
3270 3191 3397 3232 con-

1740 3247 1782 3301 C
1816 3256 2140 3323 suetudine,
2189 3259 2255 3312 ad
2303 3260 2581 3329 propriam
2630 3262 2859 3317 humilis
2888 3264 3223 3337 abjectaaque
3272 3274 3395 3326 vitae

1816 3350 2248 3406 moderationem
2289 3354 2537 3418 adduxit,
2579 3362 2637 3407 ut
2685 3355 2739 3408 in
2793 3371 2857 3410 ea
2890 3358 3161 3429 virginum
3206 3364 3395 3416 multi-
3466 3422 3472 3427 ,

1815 3442 2008 3498 tudine
2039 3443 2230 3499 eadem
2264 3459 2388 3498 eum
2426 3446 2535 3499 illis
2568 3447 2887 3503 conditione
2905 3450 3133 3515 viveret,
3173 3469 3393 3524 unaque

1814 3548 2028 3602 mensa,
2062 3536 2228 3591 simili
2259 3538 2478 3602 lectulo,
2508 3539 2627 3608 pari
2665 3539 2900 3611 denique
2927 3551 2983 3597 et
3009 3558 3163 3613 aequa
3205 3562 3391 3601 rerum

1811 3629 2058 3682 omnium
2082 3644 2204 3699 quat
2236 3630 2304 3684 ad
2339 3631 2506 3685 vitam
2540 3634 2834 3702 pertinent,
2872 3637 3087 3691 ratione
3121 3649 3388 3705 uteretur,

1811 3720 1961 3773 omni
1988 3737 2057 3775 ex
2090 3722 2334 3791 ipsarum
2368 3723 2478 3777 vita
2505 3723 2793 3795 dignitatis
2817 3726 3125 3784 diﬂ‘erentia
3151 3733 3389 3788 sublata.

1810 3810 2178 3876 Quamobrem
2222 3815 2347 3869 talis
2380 3824 2499 3870 erat
2552 3817 2679 3872 vita:
2714 3819 2853 3873 ordo
2888 3828 3153 3892 tantaque
3193 3825 3248 3878 in
3297 3841 3390 3880 sa-

1810 3905 2030 3974 pientiae
2086 3906 2274 3961 studio
2323 3910 2642 3977 praestantia
2678 3918 2732 3965 et
2765 3920 2875 3966 tam
2930 3916 3112 3983 gravis
3169 3918 3391 3974 vivendi

1808 3996 2126 4067 disciplina,
2175 4007 2236 4051 ut
2281 4000 2431 4054 nulla
2479 4001 2719 4057 describi
2772 4005 2948 4072 possit
2982 4008 3252 4065 orationis
3302 4010 3389 4064 fa-

1808 4090 2013 4144 cultate
2039 4110 2053 4144 :
2090 4092 2280 4159 quales
2300 4094 2449 4146 enim
2486 4102 2617 4149 sunt
2644 4095 2835 4159 animi,
2869 4097 2961 4165 qui
2987 4100 3238 4165 corporis
3266 4103 3391 4156 vin-

1808 4182 1947 4238 culis
1990 4182 2157 4237 soluti
2201 4184 2583 4255 molestiisque
2632 4187 2846 4241 liberati
2872 4203 2938 4242 ex
2966 4188 3069 4243 hoc
3107 4190 3233 4246 vitae
3265 4208 3391 4247 car-

1808 4289 1933 4330 cere
1977 4276 2339 4331 avolaverunt
2374 4297 2386 4330 :
2420 4280 2549 4333 talis
2583 4288 2702 4332 erat
2752 4294 2943 4334 earum
2988 4283 3130 4350 vita,
3186 4285 3391 4357 quippe

1808 4382 1929 4437 quae
1971 4367 2039 4421 ab
2083 4370 2233 4422 omni
2274 4385 2455 4424 rerum
2504 4370 2873 4425 humanarum
2918 4374 3163 4430 vanitate
3212 4376 3389 4432 aliena

1809 4462 1876 4511 ad
1923 4460 2240 4529 angelorum
2288 4461 2413 4515 vita:
2464 4462 2881 4518 similitudinem
2942 4467 3191 4534 proxime
3233 4483 3387 4524 acce-

1810 4551 1993 4605 debat.
2028 4550 2145 4605 Non
2182 4554 2285 4618 ira,
2335 4568 2441 4608 non
2487 4554 2719 4621 invidia,
2766 4572 2877 4611 non
2916 4556 3128 4621 odium,
3158 4574 3267 4614 non
3299 4579 3391 4616 su-

1809 4644 1982 4712 spicio
2019 4646 2161 4700 inter
2183 4660 2277 4701 eas
2308 4646 2677 4713 cernebatur;
2714 4650 2896 4703 omnis
2924 4650 3172 4719 honoris,
3204 4654 3390 4723 gloriae

1806 4747 1861 4791 ct
1907 4740 2139 4793 aliarum
2183 4740 2237 4795 id
2288 4756 2468 4809 genus
2530 4741 2774 4796 inanium
2840 4757 3024 4797 rerum
3090 4746 3386 4815 cupiditas,

1806 4833 1990 4887 omnis
2038 4836 2215 4889 fastus
2253 4846 2307 4889 et
2354 4834 2635 4905 superbia,
2686 4844 2738 4889 et
2771 4836 2984 4908 reliqua
3020 4837 3227 4892 similia
3257 4839 3386 4892 vitia

1806 4922 1933 4978 inde
1986 4924 2189 4992 rejecta
2244 4933 2422 4980 erant.
2474 4924 2705 4983 Delicias
2742 4943 2875 4983 suas
2932 4931 2988 4982 in
3025 4930 3386 4997 temperantia

1804 5016 2182 5083 collocabant;
2222 5019 2454 5088 gloriam
2494 5034 2648 5075 suam
2719 5022 2772 5075 in
2808 5037 2872 5077 eo
2914 5023 3182 5091 putabant
3221 5024 3384 5076 sitam

1805 5109 1950 5176 quod
1976 5115 2118 5161 notat
2147 5118 2335 5164 essent
2367 5111 2605 5177 nemini;
2627 5110 2870 5176 divitias,
2903 5113 3051 5182 quod
3082 5112 3220 5166 nihil
3254 5129 3386 5183 pos-

1804 5199 2067 5264 siderent,
2092 5200 2351 5271 quodque
2374 5210 2624 5257 terrenas
2656 5219 2847 5259 omnes
2878 5205 3088 5274 copias,
3124 5214 3383 5276 tanquam

1807 5293 2113 5363 pulverem,
2151 5310 2180 5348 a
2221 5297 2550 5365 corporibus
2587 5299 2707 5351 suis
2740 5298 3140 5353 excussissem.
3160 5296 3381 5351 Nullum

1806 5393 1989 5440 autem
2021 5401 2131 5440 non
2174 5390 2338 5441 inane
2379 5388 2622 5443 studium
2660 5404 2784 5443 esse
2818 5388 3113 5453 ducebant,
3146 5392 3288 5459 quod
3329 5392 3383 5444 iu

1807 5478 1912 5533 hac
1940 5479 2051 5533 vita
2088 5480 2331 5534 curanda
2375 5482 2717 5552 colendaqnc
2761 5491 3076 5549 poneretur.
3109 5482 3235 5536 Sola
3274 5483 3385 5537 illic

1808 5583 1992 5623 rerum
2060 5569 2370 5624 divinarum
2438 5572 2653 5640 vigebat
2710 5586 2878 5635 cura,
2951 5582 3384 5643 perpetuumque

1807 5662 2070 5732 precandi
2110 5664 2391 5727 studium,
2441 5674 2494 5717 et
2534 5664 2755 5718 assidua
2796 5665 3137 5734 psalmorum
3177 5667 3381 5722 decan-

1808 5755 1965 5821 tatio,
2018 5771 2139 5825 quae
2186 5756 2341 5811 nul-lo
2386 5772 2626 5826 unquam
2688 5765 2933 5827 tempore
2977 5772 3077 5812 nec
3136 5758 3224 5814 die
3280 5770 3382 5816 nec

3068 5856 3135 5916 31
