3834 6406
446 251 542 306 971

1691 249 1750 304 S.
1795 249 2126 306 GBEGORII
2167 249 2458 304 NYSSENI

3587 249 3706 302 θ’ῖέ

449 371 606 419 nocte
637 362 1100 418 intermittebatur
1131 382 1142 416 :
1170 369 1226 414 ut
1258 361 1310 415 in
1339 376 1400 416 ea
1429 377 1488 416 re
1539 371 1592 417 et
1617 379 1755 434 opus
1777 365 2020 436 ipsarum

2146 363 2259 420 ,ἶνας
2299 365 2472 432 τοῦτο,
2503 369 2595 420 καὶ
2619 367 2798 438 ἔργον.
2831 367 3148 418 ἀνάπαυσιν.
3179 364 3286 435 Τὴν
3309 361 3486 418 τοίνυν
3517 363 3710 416 τοιαύ-

449 457 654 526 pariter
695 463 752 510 et
803 455 961 524 quies
995 455 1344 510 consisteret.
1387 453 1650 520 Quaenam
1701 457 1870 526 igitur
1919 459 2024 510 lm-

447 563 608 602 mana
635 547 854 602 dicendi
885 549 966 602 vis
989 547 1134 601 hanc
1163 547 1386 602 vivendi
1425 549 1702 603 rationem
1741 551 2026 620 explicare

449 641 644 711 queat?
677 639 808 694 Erat
859 641 1106 710 ipsarum
1153 640 1260 694 vita
1309 641 1452 695 inter
1509 640 1805 694 humanam
1859 643 2026 697 caele-

449 739 702 800 stemque
737 739 986 786 naturam
1039 729 1325 800 intet'jecta
1345 773 1360 796 ,
1391 731 1685 802 utriusque
1713 734 1990 803 particeps
2009 775 2023 796 ,

451 819 672 890 utrique
737 819 968 874 finitima
1005 839 1018 874 :
1053 823 1259 875 etenim
1305 831 1578 891 quatenus
1629 823 1698 876 ab
1769 823 2026 879 humanis

450 912 960 982 perturbationibus
989 929 1044 968 se
1071 913 1398 980 vindicarat,
1437 915 1678 970 hominis
1709 915 2028 972 conditione

452 1005 804 1074 praestantior
845 1013 995 1072 erat;
1035 1011 1306 1074 quatenus
1347 1015 1528 1061 autem
1565 1007 1621 1060 in
1653 1021 1882 1077 corpore
1909 1023 2028 1062 eer-

451 1095 708 1160 nehatur,
739 1103 792 1150 et
817 1095 1062 1150 hominis
1091 1097 1482 1150 continebatur
1507 1096 1674 1167 ﬁgura
1693 1107 1745 1152 et
1766 1115 2026 1155 sensuum

451 1183 837 1239 instrumentis
872 1183 1152 1248 utebatur,
1180 1185 1442 1253 angelicze
1467 1193 1522 1238 et
1544 1187 1798 1254 corporis
1819 1189 2026 1258 experti

451 1283 664 1328 natura:
697 1275 930 1330 cedebat
959 1291 972 1327 :
1007 1275 1156 1328 ausit
1197 1276 1424 1330 forsitan
1483 1276 1684 1346 aliquis
1718 1281 1882 1332 etiam
1919 1297 2028 1334 non

455 1367 774 1422 inferiorem
827 1382 950 1424 esse
992 1369 1350 1424 contendere.
1393 1367 1854 1441 Quandoquidem
1901 1385 2027 1424 cum

455 1473 618 1512 carne
647 1461 912 1522 viventes,
963 1459 1029 1515 ad
1081 1461 1500 1517 similitudinem
1547 1465 1858 1517 vacantium
1907 1479 2030 1518 cor-

457 1563 586 1616 pore
611 1557 964 1618 potestatum,
996 1565 1162 1606 onere
1185 1555 1438 1622 corporis
1465 1569 1573 1608 non
1606 1556 2026 1625 premebantur:

455 1641 550 1695 sed
596 1643 814 1696 excelsa
863 1649 918 1697 et
948 1643 1204 1700 sublimis
1250 1655 1370 1701 erat
1423 1662 1614 1702 carum
1645 1649 1780 1710 vita,
1829 1649 2032 1718 quippe

2125 475 2224 526 την
2254 457 2526 528 διαγιιιγὴν
2569 457 2652 520 τίς
2680 458 2746 509 ἂν
2795 457 2883 508 ὑπ’
2909 457 3029 524 ὅφιν
3063 455 3256 524 ἀγάγοι
3283 454 3440 524 λόγος
3481 451 3706 523 ἀνθρὼ-

2127 561 2317 607 πινοςς
2357 546 2490 614 Παρ⁹
2521 539 2602 607 οἷς
2635 543 2884 615 μεθόριος
2917 540 2986 612 ἦν
3029 545 3061 616 ἡ
3093 543 3206 614 ζωὴ
3247 543 3344 612 τῆς
3377 559 3440 594 τε
3487 541 3706 611 ἀνθρω-

2127 633 2288 704 πίνης
2333 633 2425 686 καὶ
2451 635 2552 702 τῆς
2595 633 2888 703 ἀσωμάτου
2917 633 3150 700 φύσεως.
3181 633 3254 684 Τὸ
3284 633 3380 702 μὲν
3409 633 3522 702 γάρ
3549 631 3708 682 ἐλευ-

2129 725 2431 794 θερωθῆναι
2469 725 2576 776 τῶν
2622 725 2974 795 ἀνθρωπίνων
3017 725 3352 795 παθημάτων
3397 723 3496 794 τὴν
3540 721 3710 790 φύσιν

2129 819 2374 886 κρεῖττον
2427 817 2460 888 ἢ
2513 817 2652 870 κατὰ
2702 815 2986 886 ἄνθρωπον
3019 811 3112 884 ἦν·
3161 815 3224 867 τὸ
3269 814 3326 867 δὲ
3379 815 3436 867 ἐν
3487 811 3704 882 σώματι

2129 907 2410 978 φαίνεσθαι
2433 907 2526 962 καὶ
2556 909 2794 977 σχήματι
2823 904 3218 978 περιειλῆφθαι.
3251 905 3342 959 καὶ
3369 907 3482 968 τοῖς
3511 903 3706 972 diser;-

2129 1003 2296 1062 τικοῖς
2327 999 2578 1072 ὀργάνοις
2611 999 2778 1070 συξῇν
2799 1040 2814 1064 ,
2873 1001 2930 1051 ἐν
2971 997 3142 1068 τούτῳ
3173 997 3272 1068 τῆς
3307 995 3602 1066 ἀγγελικῆς
3643 1012 3704 1046 τε

2129 1097 2224 1148 καὶ
2251 1095 2541 1165 ἀσωμάτου
2571 1094 2784 1164 φύσεως
2835 1095 2894 1147 τὸ
2949 1093 3166 1146 ἔλαττον
3193 1088 3352 1161 εἶχον.
3381 1089 3538 1158 Τάχα
3567 1087 3614 1139 δ’
3639 1087 3706 1137 ἄν

2129 1204 2212 1248 τις
2241 1187 2512 1256 τολμήσας
2545 1187 2686 1238 εἴποι
2719 1186 2852 1256 μηδέ
2907 1184 3330 1254 καταδεεστέραν
3369 1183 3468 1252 τὴν
3495 1179 3708 1250 παραὶ.-

2131 1278 2300 1348 λαγὴν
2331 1275 2468 1330 εἶναι
2495 1294 2508 1308 ο
2557 1279 2638 1330 ὅτι
2685 1279 2848 1347 σαρκὶ
2901 1275 3204 1340 συζῶντες,
3257 1273 3378 1328 καθ’
3411 1271 3704 1342 ὁμοιότητα

2130 1369 2238 1420 τῶν
2272 1369 2576 1438 ἀσωμάτων
2601 1367 2901 1437 δυνάμεων,
2927 1369 3026 1420 οὐκ
3051 1365 3341 1438 ἐϐαροῦντο
3361 1363 3441 1434 τῷ
3467 1362 3706 1431 spuli:qu

2131 1460 2223 1513 τοῦ
2259 1459 2540 1530 σώματος·
2595 1459 2710 1514 ἀλλ’
2741 1461 3028 1532 ἀνωφερὴς
3079 1477 3140 1513 τε
3182 1459 3276 1514 καὶ
3316 1457 3590 1528 μετέωρος
3633 1449 3706 1524 ἦν

2133 1552 2308 1604 αὐτῶν
2358 1553 2390 1622 ή
2427 1551 2578 1621 ζωὴ,
2629 1554 2748 1614 ταῖς
2791 1551 3068 1620 οὐρανίαις
3111 1545 3706 1620 συμμετεωροποροῦσα

2131 1643 2428 1714 δυνάμεσιθ
2463 1643 2650 1713 χρόνος
2693 1638 2762 1712 ἦν
2809 1641 2907 1710 τῆς
2955 1641 3206 1710 τοιαύτης
3257 1637 3570 1708 διαγωγῆς,
3605 1637 3706 1688 οὐκ

457 1747 580 1800 qua:
637 1733 750 1788 alto
795 1743 1093 1806 erectoque
1141 1737 1326 1792 animo
1374 1753 1500 1792 cum
1554 1740 1870 1796 cmlestibus
1923 1741 2032 1794 illis

2146 1709 2313 1803 ὒλίγος
2339 1751 2350 1764 ο
2379 1709 2796 1802 καί-συνηύξετο
2843 1709 2919 1802 τῷ
2957 1732 3132 1804 χρόνῳ
3169 1731 3236 1786 τὰ
3268 1731 3666 1802 κατορθώματα
3689 1766 3704 1790 ,

457 1825 828 1894 potestatibus
865 1825 1252 1882 versabantur.
1302 1827 1360 1882 In
1393 1829 1498 1884 hoc
1529 1829 1747 1884 vivendi
1779 1831 2034 1886 instituto

457 1929 566 1970 non
601 1931 767 1986 parvo
807 1923 1054 1986 tempore
1089 1918 1362 1983 vixerant,
1408 1935 1532 1973 eum
1563 1921 1803 1975 assiduis
1841 1921 2036 1975 inven-

2138 1827 2223 1880 ἀεὶ
2256 1825 2390 1895 πρὸς
2417 1825 2478 1876 τὸ
2515 1823 2896 1895 καθαρώτερον
2934 1827 3052 1886 ταῖς
3086 1823 3191 1876 τῶν
3235 1819 3704 1892 ἐφευρισκομένων

2139 1917 2358 1987 ἀγαθῶν
2391 1915 2729 1988 προσθήκαις
2753 1917 2850 1986 τῆς
2884 1917 3196 1984 φιλοσοφίας
3225 1914 3587 1982 ἐπιδιδοὺσης.

459 2015 638 2062 torum
673 2008 940 2064 bonorum
975 2011 1413 2074 accessionibus,
1456 2013 1745 2082 sapientiae
1779 2015 2022 2068 studium
2061 2019 2324 2084 augentes
2357 2013 2424 2064 ad
2495 2011 2756 2080 majorem
2821 2010 2992 2064 animi
3032 2009 3354 2064 munditiam
3405 2007 3708 2078 appropin-

458 2109 715 2170 quarent.

529 2193 608 2244 Ad
653 2191 798 2245 hunc
841 2201 1020 2245 autem
1063 2199 1173 2244 tam
1227 2193 1550 2260 praeclarum
1609 2209 1837 2264 scopum
1879 2211 2032 2251 asse-

459 2283 733 2352 quendum
769 2297 969 2352 magno
993 2291 1112 2336 erat
1142 2283 1460 2352 adjumento
1487 2285 1654 2342 frater
1688 2286 1907 2357 quidam
1939 2303 2034 2342 eo-

461 2377 586 2430 dem
638 2389 706 2429 ex
761 2379 917 2430 utero
949 2374 1151 2436 editus,
1188 2375 1280 2444 qui
1315 2375 1506 2432 Petrus
1562 2381 1956 2448 appellabatur,
1985 2381 2038 2432 in

463 2479 574 2534 quo
605 2461 856 2533 pariendi
889 2462 1105 2518 dolores
1137 2463 1348 2518 finierat
1375 2475 1546 2519 mater
1579 2481 1592 2517 :
1629 2467 1716 2522 hic
1736 2469 1878 2522 enim
1911 2469 2041 2522 ulti-

465 2571 587 2610 mus
619 2569 646 2608 a
677 2553 994 2624 parentibus
1029 2563 1318 2624 susceptus
1347 2567 1430 2610 est
1461 2555 1628 2618 ﬁlius,
1663 2562 1756 2630 qui
1799 2561 1963 2615 simul
1992 2558 2046 2614 et

463 2653 626 2700 natus
655 2655 712 2700 et
748 2644 920 2698 orbus
956 2645 1075 2698 fuit.
1109 2645 1230 2711 Quo
1260 2646 1406 2700 enim
1447 2655 1692 2718 tempore
1731 2651 1844 2720 ipse
1880 2652 1934 2705 in
1960 2651 2044 2705 lu-

461 2752 578 2791 cem
641 2735 928 2800 edebatur,
958 2748 1110 2806 pater
1159 2753 1190 2792 e
1227 2738 1339 2790 vita
1394 2739 1648 2795 decessit.
1703 2740 1880 2808 llunc,
1922 2759 2044 2812 quae

461 2829 602 2882 inter
629 2827 834 2882 liberos
872 2839 992 2883 erat
1045 2837 1178 2882 natu
1221 2829 1458 2884 maxima
1485 2873 1498 2896 ,
1526 2847 1630 2902 qua
1675 2833 1742 2888 de
1795 2834 2044 2890 instituta

461 2921 574 2974 haec
627 2929 712 2976 est
755 2921 958 2984 oratio,
1011 2921 1176 2991 paulo
1225 2931 1348 2990 post
1377 2923 1500 2993 ejus
1550 2937 1732 2980 ortum
1774 2927 1842 2978 ab
1876 2929 2044 2984 ubere

2195 2187 2304 2243 Ἶίν
2329 2189 2385 2241 δέ
2416 2190 2576 2260 αὐτῇ,
2603 2190 2632 2242 ὁ
2661 2189 2892 2260 μάλιστα
2922 2187 3058 2258 πρὸς
3083 2186 3172 2240 τὸν
3201 2188 3368 2258 μέγαν
3397 2187 3586 2242 τοῦτον
3615 2189 3706 2241 τοῦ

2133 2283 2246 2354 βίου
2299 2282 2497 2335 σκοπὸν
2545 2281 2850 2352 ὑπηρετῶν,
2899 2281 3126 2351 ἀδελφός
3173 2299 3254 2344 τις
3307 2283 3666 2350 (Spuri-nmo;
3691 2323 3704 2338 .

2135 2375 2336 2444 Πέτρος
2374 2373 2544 2443 ὄνομα
2569 2373 2716 2443 αὐτῷ
2739 2414 2752 2434 ,
2803 2375 2888 2442 ἐφ’
2985 2373 3174 2444 ἔληξαν
3199 2373 3300 2442 τῆς
3325 2373 3530 2443 μητρὸς
3551 2373 3708 2442 ἡμῶν

2138 2468 2190 2518 αἱ
2229 2465 2434 2526 ὠδῖνες.
2485 2455 2652 2526 Οὗτος
2683 2463 2790 2534 γὰρ
2822 2459 2889 2536 ἦν
2931 2465 2958 2516 ὁ
2995 2462 3300 2526 τελευταῖος
3345 2461 3454 2514 τῶν
3499 2461 3710 2516 ὠδίνων

2143 2555 2368 2625 βλαστός
2393 2573 2406 2584 ⁸
2447 2555 2505 2616 ὃς
2548 2555 2680 2625 ὁμοῦ
2723 2573 2782 2608 τε
2827 2557 2966 2618 υίὸς,
2997 2555 3090 2609 καὶ
3123 2556 3352 2624 ὀρφανὸς
3377 2555 3704 2626 ὠνομάσθη·

2141 2647 2259 2716 ἆμα
2299 2648 2404 2718 γὰρ
2433 2647 2510 2716 τῷ
2541 2647 2830 2718 παρελθεῖν
2859 2649 3046 2702 τοῦτον
3081 2649 3162 2711 εἰς
3201 2648 3316 2716 φῶς
3337 2689 3352 2714 ,
3391 2649 3712 2702 καταλείπει

2139 2737 2168 2790 ὁ
2195 2737 2374 2806 πατὴρ
2401 2737 2492 2789 τὸν
2520 2736 2652 2806 βίον.
2699 2737 2837 2789 Ἀλλ’
2871 2740 2903 2808 ή
2937 2736 3278 2808 πρεσϐυτάτη
3303 2737 3410 2790 τῶν
3441 2737 3710 2806 ἀδελφῶν,

2143 2829 2268 2898 περὶ
2297 2823 2364 2898 ἧς
2399 2829 2424 2879 ό
2455 2827 2611 2894 λόγος
2633 2868 2647 2892 ,
2687 2827 2856 2899 μικρά
2881 2828 2980 2897 τῆς
3023 2827 3188 2898 θηλῆς
3217 2828 3374 2882 αὑτὸν
3409 2829 3566 2900 παρὰ
3615 2830 3714 2900 τὴν

2141 2919 2361 2989 πρώτην
2393 2919 2604 2986 γένεσιν
2636 2919 2988 2988 μετασχόντα,
3019 2921 3180 2984 εὐθὺς
3223 2922 3588 2975 ἀποσπάσασα
3615 2921 3718 2988 τῆς

2447 2555 2505 2616 ὃς
2548 2554 2680 2625 ὁμοῦ
2723 2573 2782 2608 τε

461 3015 694 3068 nutricis
745 3013 1016 3068 sublatum
1045 3013 1160 3083 ipsa
1191 3017 1378 3069 statim
1421 3019 1686 3082 enutriit,
1723 3021 2041 3075 excellenti-

2146 3011 2564 3081 τιθηνουμένης,
2599 3011 2664 3062 δι’
2695 3013 2888 3082 ἑαυτῆς
2931 3014 3220 3084 ἀνατρέφει
3255 3031 3314 3065 τε
3351 3015 3444 3066 καὶ
3483 3013 3579 3066 ἐπὶ
3607 3017 3714 3066 πᾶα

463 3123 570 3178 que
612 3107 904 3177 disciplina
949 3105 1238 3172 educavit,
1273 3111 1448 3166 sacris
1497 3113 1765 3168 institutis
1801 3129 1831 3166 a
1869 3129 2041 3184 puero

463 3199 643 3268 ipsum
673 3197 956 3262 erudiens,
991 3197 1130 3253 adeo
1163 3207 1224 3252 ut
1257 3199 1395 3254 nihil
1428 3202 1524 3256 otii
1555 3205 1910 3269 concesserit,
1934 3221 2042 3274 quo

463 3297 650 3361 posset
696 3290 895 3345 studiis
945 3289 1202 3344 inanibus
1248 3306 1476 3356 vacare;
1511 3295 1733 3348 namilli
1785 3309 1844 3350 se
1869 3303 1924 3350 et
1949 3311 2044 3364 pa-

465 3392 602 3434 trem
630 3389 682 3434 et
713 3380 1038 3450 magistrum
1065 3387 1119 3434 et
1167 3380 1476 3446 custodem,
1519 3388 1574 3434 et
1609 3389 1860 3445 matrem,
1893 3394 1948 3437 et
1975 3384 2042 3438 ad

467 3470 674 3538 optima
719 3484 952 3538 quaeque
1014 3469 1406 3524 consultricem
1463 3471 1716 3540 praebuit,
1771 3473 2046 3544 talemque

469 3555 706 3610 reddidit
733 3565 792 3610 ut
829 3566 1120 3626 antequam
1145 3559 1430 3614 excederet
1453 3575 1482 3612 e
1507 3563 1736 3630 pueritia
1771 3563 1826 3616 in
1856 3573 2046 3618 tenero

468 3649 564 3702 illo
607 3649 785 3702 :rtatis
835 3647 980 3702 ﬂore
999 3649 1065 3700 ad
1118 3649 1396 3704 excelsum
1427 3652 1784 3723 philosophia:
1819 3655 2044 3724 gradum

468 3741 801 3795 ascenderit.
831 3739 908 3792 Ea
945 3740 1166 3810 quidem
1199 3749 1316 3794 erat
1339 3741 1544 3810 ingenii
1581 3745 1845 3808 bonitate,
1891 3759 1946 3800 ut
1979 3747 2044 3800 ad

469 3832 651 3886 omnia
685 3832 886 3886 artium
915 3846 1112 3901 genera
1142 3831 1306 3886 etiam
1352 3849 1472 3903 quae
1499 3838 1754 3892 manibus
1787 3855 2050 3895 exercen-

467 3931 562 3978 tur
600 3921 968 3994 perdiscenda
995 3931 1156 3978 natus
1179 3939 1301 3978 esse
1339 3925 1658 3980 videretur:
1702 3947 1872 3999 quare
1897 3933 2050 3984 nullo

468 4015 609 4070 ducc
644 4014 944 4086 perfectam
979 4029 1170 4069 eorum
1217 4017 1466 4084 peritiam
1507 4027 1590 4072 est
1616 4031 1902 4076 assecutus
1930 4037 2052 4090 qua:

469 4107 652 4162 caeteri
694 4105 872 4159 multo
925 4112 1172 4174 tempore
1207 4113 1263 4158 et
1295 4106 1480 4162 labore
1535 4109 1754 4164 discunt
1787 4127 1814 4164 a
1847 4127 2052 4180 prace-

469 4199 740 4268 ptoribus.
795 4194 846 4251 Is
877 4209 1010 4266 ergo
1056 4195 1364 4250 studiorum
1410 4207 1760 4254 externorum
1817 4215 2054 4270 occupa-

471 4290 653 4344 tiones
709 4297 1060 4358 aspernatus,
1105 4295 1158 4342 et
1193 4288 1474 4358 ingenium
1528 4289 1594 4343 ad
1629 4307 1822 4348 omnes
1881 4294 2053 4348 bonas

2144 3119 2242 3155 σαν
2271 3102 2365 3172 τὴν
2389 3101 2722 3172 ὑψηλοτέραν
2751 3103 2924 3172 ἦγαγε
2965 3104 3261 3166 παίδευσιν,
3284 3107 3391 3168 τοῖς
3421 3105 3588 3175 ἱεροῖς
3607 3105 3716 3157 τῶν

2146 3192 2482 3262 μαθημάτων
2535 3193 2597 3244 ἐκ
2632 3193 2839 3260 νηπίων
2889 3193 3050 3247 αὑτὸν
3105 3197 3450 3266 ἐνασκήσασα
3475 3233 3490 3258 ,
3523 3195 3606 3259 ὡς
3641 3197 3716 3266 μὴ

2143 3283 2320 3338 δοῦναι
2351 3287 2414 3352 τῇ
2443 3284 2585 3353 ψυχῇ
2615 3283 2807 3354 σχολὴν
2841 3285 2977 3354 πρός
3021 3302 3072 3337 τι
3099 3285 3206 3338 τῶν
3239 3286 3480 3356 ματαίων
3503 3287 3720 3340 ἐπικλι-

2145 3375 2320 3442 θῆναι.
2369 3374 2526 3426 Ἀλλὰ
2557 3375 2731 3429 πάντα
2757 3375 3020 3448 γενομένη
3051 3376 3126 3446 τῷ
3155 3377 3258 3447 νέῳ
3285 3419 3298 3440 ,
3327 3379 3504 3450 πατὴρ
3529 3419 3546 3440 ,
3571 3379 3718 3433 διδά-

2147 3466 2370 3530 σκαλος,
2404 3467 2778 3533 παιδαγωγὸς,
2813 3468 2996 3539 μήτηρ
3020 3507 3038 3532 ,
3091 3468 3296 3536 ἀγαθοῦ
3331 3471 3528 3534 παντὸς
3577 3471 3718 3540 σύμ-

2146 3558 2352 3620 ϐουλος,
2394 3557 2632 3611 τοιοῦτον
2665 3558 2826 3610 αὐτὸν
2859 3559 3260 3628 ἀπειργάσατο,
3289 3561 3363 3625 ὡς
3403 3561 3534 3632 πρὶν
3571 3564 3718 3628 ἐξελ-

2147 3647 2258 3698 θεῖν
2287 3646 2386 3716 τὴν
2429 3647 2642 3716 ἡλικίαν
2687 3647 2796 3698 τῶν
2849 3647 3050 3700 παίδων
3090 3649 3169 3702 ἔτι
3215 3653 3272 3702 ἐν
3313 3653 3616 3722 μειρακίῳ,
3643 3659 3712 3724 τῇ

2147 3737 2443 3806 ἁπαλότητι
2475 3741 2572 3808 τῆς
2611 3737 2827 3806 ἡλικίας
2871 3737 3132 3792 ἀνθοῦντα
3156 3780 3170 3800 ,
3209 3741 3344 3812 πρὸς
3377 3741 3469 3794 τὸν
3509 3743 3718 3814 ὑψηλθὶςν

2147 3830 2244 3900 τῆς
2276 3829 2588 3896 φιλοσοφίας
2619 3829 2817 3882 σκοπὸν
2851 3830 3171 3901 ἐπαρθῆναι.
3207 3833 3313 3884 Καί
3356 3849 3460 3886 τινι
3499 3835 3720 3902 φύσεως

2147 3921 2410 3991 εὐκληρίᾳ
2445 3920 2577 3990 πρὸς
2635 3923 2812 3974 πᾶσαν
2845 3921 3038 3992 τέχνην
3093 3921 3226 3976 ἰδίαν
3254 3923 3351 3994 τὴν
3399 3924 3486 3977 διὰ
3533 3927 3718 3996 χειρὸς

2149 4011 2544 4081 ἐνεργουμένην
2565 4011 2880 4080 ἐπιτηδείως
2903 4013 3042 4081 ἔχειν
3063 4053 3078 4078 ,
3099 4013 3173 4076 ὡς
3197 4013 3420 4085 μηδενὸς
3446 4015 3722 4086 καθηγου-

2154 4102 2315 4172 μένου
2335 4143 2350 4164 ,
2385 4101 2472 4154 διὰ
2501 4105 2678 4172 πάσης
2709 4103 2993 4173 ἀκριϐείας
3033 4105 3260 4160 ἑκάστου
3285 4106 3382 4176 τὴν
3407 4108 3722 4180 ἐπιστήμην

2153 4192 2572 4262 κατωρθωκέναι
2595 4235 2609 4258 ,
2662 4187 2737 4246 ὧν
2775 4194 2950 4267 χρόνῳ
2999 4198 3092 4250 καὶ
3129 4198 3274 4269 πόνῳ
3303 4199 3414 4264 τοῖς
3443 4200 3660 4264 πολλοῖς
3687 4205 3720 4272 ή

2157 4283 2388 4353 μάθησις
2413 4282 2638 4351 γίνεται.
2678 4279 2842 4348 Οὗτος
2867 4287 3042 4340 τοίνυν
3071 4287 3172 4356 τῆς
3201 4289 3328 4360 περὶ
3361 4289 3486 4352 τοὺς
3521 4291 3724 4358 ἔξωθεν

473 4379 798 4448 disciplinas
835 4379 1216 4448 percipiendas
1245 4389 1426 4448 aptum
1461 4381 1690 4446 habens,
1723 4399 2041 4455 semperque

2149 4375 2256 4427 τῶν
2287 4374 2459 4442 λόγων
2485 4375 2738 4444 ἀσχολίας
2769 4375 3036 4448 ὑπεριδὼν
3063 4416 3076 4440 ,
3105 4379 3290 4448 ἱκανὴν
3317 4378 3374 4431 δέ
3401 4379 3724 4436 διδάσκαλον

475 4470 780 4538 respiciens
815 4469 884 4522 ad
937 4483 1205 4534 sororem,
1237 4485 1400 4538 quam
1435 4471 1543 4526 sibi
1595 4481 1850 4542 tanquam
1883 4477 2050 4531 totius

473 4561 604 4614 boni
658 4575 884 4630 scopum
940 4567 1332 4629 proposuerat,
1358 4577 1452 4616 eos
1505 4563 1570 4616 ad
1607 4565 1863 4618 virtutem
1919 4581 2049 4636 pro-

475 4667 700 4722 gressus
724 4651 872 4712 fecit,
911 4660 970 4704 ut
1015 4651 1070 4706 in
1103 4652 1314 4722 reliqua
1349 4653 1456 4706 vita
1485 4669 1684 4724 magno
1707 4656 1910 4710 Basilio
1941 4658 2052 4712 vir-

479 4743 616 4798 tutis
667 4744 979 4812 praestantia
1033 4743 1204 4796 nihilo
1259 4742 1484 4798 inferior
1515 4743 1633 4800 fore
1665 4747 2048 4814 judicaretur:

479 4833 634 4890 Tunc
677 4842 857 4889 autem
902 4835 1076 4888 sorori
1124 4841 1177 4888 et
1222 4833 1382 4888 matri
1415 4844 1532 4889 erat
1583 4837 1756 4890 instar
1785 4839 2050 4905 omnium,

481 4937 536 4982 et
563 4941 667 4980 una
689 4941 814 4980 cum
852 4925 961 4981 illis
997 4926 1063 4982 ad
1090 4927 1391 4998 angelicam
1437 4927 1584 4982 illam
1639 4929 1806 4984 vitam
1831 4937 2056 4986 conten-

482 5019 667 5078 debat.

555 5197 688 5250 Cnm
730 5203 913 5250 autem
965 5195 1118 5266 gravi
1167 5195 1404 5265 quodam
1435 5203 1680 5267 tempore
1717 5195 2059 5252 laboraretur

487 5286 670 5357 inopia
689 5295 742 5344 et
767 5287 928 5352 fame,
953 5287 1218 5358 multique
1250 5285 1392 5342 fama
1425 5288 1793 5343 beneﬁcentia:
1836 5288 2060 5342 excitati

491 5379 726 5448 undique
750 5377 1090 5434 conﬂuerent
1131 5379 1198 5432 ad
1231 5393 1356 5433 eum
1391 5393 1694 5446 recessum,
1727 5395 1886 5450 quem
1915 5379 2064 5434 inco-

487 5469 706 5536 lebant;
747 5477 958 5523 tantum
1011 5469 1282 5525 industria
1322 5483 1422 5524 sua
1469 5469 1802 5540 pauperibus
1827 5471 2064 5524 cibario-

489 5577 612 5615 rum
668 5561 1145 5628 subministravit,
1191 5571 1250 5616 ut
1308 5561 1713 5616 adventantium
1755 5561 2060 5630 frequentia

467 5648 646 5722 ~locus
673 5649 782 5716 ille,
810 5665 918 5705 non
963 5649 1506 5720 solitudovidcrctur
1546 5665 1690 5716 csse,
1721 5651 1818 5706 scd
1845 5652 2058 5706 civitas.

2153 4465 2350 4527 παντὸς
2381 4465 2586 4532 ἀγαθοῦ
2623 4466 2944 4536 μαθήματος
2993 4469 3091 4538 τὴν
3131 4469 3289 4538 φύσιν
3321 4469 3458 4540 ἔχων
3483 4513 3498 4536 ,
3545 4473 3636 4525 ἀεί
3661 4492 3724 4526 τε

2153 4555 2288 4626 πρὸς
2319 4555 2414 4626 τὴν
2440 4555 2675 4627 ἀδελφὴν
2703 4556 2910 4626 βλέπων
2935 4599 2950 4622 ,
2977 4559 3070 4611 καὶ
3103 4560 3300 4612 σκοπὸν
3337 4561 3544 4628 ἀγαθοῦ
3583 4582 3724 4617 παν-

2152 4649 2241 4714 τὸς
2265 4649 2477 4720 ἐκείνην
2521 4649 2866 4718 ποιούμενος,
2899 4653 2977 4714 εἰς
3005 4651 3252 4704 τοσοῦτον
3294 4655 3567 4708 ἐπέδωκεν
3595 4659 3726 4728 ἀρε-

2153 4742 2252 4810 τῆς
2293 4739 2426 4806 εἶδος
2451 4783 2466 4806 ,
2501 4743 2576 4804 ὡς
2610 4743 2774 4812 μηδὲν
2801 4743 3020 4796 ἔλαττον
3054 4744 3145 4796 τοῦ
3174 4745 3406 4813 μεγάλου
3443 4747 3728 4802 Βασιλείου

2155 4833 2328 4886 δοκεῖν
2367 4833 2510 4902 ἔχειν
2537 4836 2592 4886 ἐν
2621 4835 2732 4896 τοῖς
2757 4836 2876 4886 κατ’
2901 4835 3100 4906 ἀρετὴν
3135 4839 3542 4908 προτερήμασιν
3569 4841 3630 4894 ἐν
3651 4841 3728 4910 τῷ

2162 4921 2301 4992 μετὰ
2335 4921 2508 4974 ταῦτα
2531 4919 2648 4992 βίῳ.
2679 4921 2810 4974 Τότε
2835 4922 2892 4974 δὲ
2919 4923 3037 4976 ἀντὶ
3067 4923 3280 4980 πάντων
3311 4921 3380 4997 ἦν
3419 4927 3490 4998 τῇ
3523 4928 3726 4999 ἀδελφῇ

2159 5011 2251 5065 καὶ
2277 5015 2342 5082 τῇ
2374 5013 2559 5084 μητρὶ,
2609 5013 2883 5084 συνεργῶν
2915 5015 3103 5080 αὑταῖς
3129 5016 3263 5086 πρὸς
3292 5019 3388 5087 τήν
3431 5021 3730 5091 ἀγγελικὴν

2159 5104 2374 5174 ἐκείνην
2409 5103 2574 5174 ζωήν.

2233 5197 2331 5259 Ὃς
2362 5213 2492 5248 ποτε
2535 5197 2629 5250 καὶ
2677 5198 3000 5266 σιτολειψίας
3045 5200 3286 5272 χαλεπῆς
3317 5205 3732 5276 γεγενημένης,

2162 5285 2254 5337 καὶ
2302 5285 2510 5338 πολλῶν
2562 5285 2896 5356 πανταχόθεν
2957 5289 3096 5341 κατὰ
3133 5289 3318 5360 φήμην
3353 5291 3454 5360 τῆς
3487 5293 3736 5358 εὐποιίας

2163 5375 2298 5446 πρὸς
2325 5377 2424 5446 τὴν
2453 5377 2706 5447 ἐσχατιάν
2729 5417 2744 5442 ,
2781 5379 2842 5429 ἐν
2965 5379 3243 5450 κατῴκουν
3263 5423 3278 5447 ,
3327 5383 3692 5456 ἐπιρρεόντων
3715 5401 3734 5416 ο

2163 5467 2412 5521 τοσοῦτον
2435 5469 2502 5520 δι’
2531 5469 2780 5524 ἐπινοιῶν
2803 5471 2902 5533 τὰς
2927 5473 3133 5542 τροφὰς
3163 5475 3488 5530 ἐπλεόνασεν
3509 5517 3526 5540 ,
3563 5479 3641 5542 ὡς

2167 5558 2358 5628 πλήθει
2393 5557 2500 5612 τῶν
2541 5559 2972 5628 ἐπιφοιτώντων,
3018 5561 3170 5616 πόλιν
3194 5559 3330 5617 εἷναι
3369 5567 3466 5634 τὴν
3505 5569 3732 5638 ἐρημίαν

2166 5650 2366 5703 δοκεῖν·
2414 5651 2470 5704 ἐν
2507 5649 2679 5723 τούτῳ
2731 5653 2810 5715 εἰς
2855 5651 3032 5722 γῆρας
3083 5653 3306 5724 λιπαρὸν
3341 5657 3734 5728 προελθοῦσαή
