3834 6428
102 284 224 340 975

1350 284 1438 339 DE
1477 282 1642 338 Vl'l‘A
1672 283 1731 336 S.
1764 280 2116 335 MACRINAS.

3265 277 3370 332 97$

106 405 305 473 μήτηρ
324 440 337 462 ,
372 402 507 471 πρὸς
534 403 625 456 τὸν
656 403 789 456 Θεὸν
819 405 1194 474 μετανίστατο,
1215 406 1271 456 ἐν
1308 406 1428 464 ταῖς
1452 403 1697 473 ἀμφοτέ-

1808 401 2018 455 Interim
2067 414 2230 454 senex
2259 398 2555 454 admodum
2614 406 2787 453 mater
2846 398 2902 452 in
2951 397 3241 467 utriusque
3276 398 3371 453 ﬁtii

103 508 229 561 ρων
256 492 366 545 τῶν
403 494 605 545 τέκνων
636 495 792 565 χερσὶ
826 494 916 547 τὸν
947 494 1058 564 βίον
1088 495 1285 563 ἑαυτῆς
1311 493 1691 547 ἀναπαύσασα.

102 577 227 646 ἾΙς
267 583 415 648 ἀξιον
441 584 540 654 τὴν
568 585 665 655 τῆς
696 584 944 653 εὐλογίας
976 586 1253 655 ἱστορῆσαι
1287 584 1469 653 φωνὴν
1489 625 1503 647 ,
1605 585 1697 636 ἐπὶ

100 673 226 727 τῶν
254 674 458 727 τέκνων
497 676 786 745 ἐχρήσατο,
810 674 919 727 τῶν
948 691 1007 727 τε
1050 675 1125 745 μὴ
1158 674 1437 744 παρόντων
1465 676 1694 727 ἑκάστου

104 765 261 819 κατά
305 766 367 819 τὸ
407 766 543 835 πρὸς
571 766 723 834 φίλον
771 768 1185 836 ἐπιμνησθεῖσα,
1211 766 1285 829 ὡς
1318 765 1452 835 μηδὲ
1477 766 1571 818 ’ἐνα
1603 782 1696 833 γε-

103 856 303 910 νέσθαι
349 857 449 927 τῆς
498 857 746 926 εὐλογίας
786 859 1096 929 ἀπόκληρον
1125 898 1139 919 ,
1197 858 1289 910 καὶ
1334 858 1699 927 διαφερόντως

102 948 246 1011 τοὺς
279 949 552 1018 παρόντας
584 950 718 1021 αὐτῇ
764 949 840 1019 τῷ
881 949 998 1020 Θεῷ
1048 950 1136 1002 διὰ
1180 953 1486 1020 προσευχῆς
1524 967 1699 1019 παρα·-

106 1039 348 1108 θεμένη.
388 1040 870 1110 Παρακαθημένων
907 1042 1013 1112 γὰρ
1049 1039 1183 1109 αὐτῇ
1217 1040 1356 1093 κατά
1386 1040 1445 1092 τὸ
1473 1039 1698 1106 πλάγιον

105 1132 203 1199 ἐφ’
238 1132 475 1202 ἑκάτερα
523 1132 622 1201 τῆς
660 1132 844 1201 κλίνης
886 1132 993 1184 τῶν
1041 1132 1134 1185 δύο
1182 1132 1385 1184 τούτων
1410 1172 1424 1193 ,
1464 1132 1699 1203 ἑκατέρᾳ

104 1223 264 1294 χειρὶ
313 1223 641 1293 ἐφαψαμένη
672 1224 780 1276 τῶν
811 1224 1015 1278 τέκνων
1038 1266 1053 1291 ,
1084 1223 1255 1277 ταῦτα
1286 1224 1420 1293 πρὸς
1446 1224 1535 1276 τὸν
1568 1223 1699 1276 Θεὸν

104 1312 273 1369 εἶπεν
298 1317 358 1370 ὲν
379 1316 714 1379 τελευταίαις
743 1320 963 1383 φωναῖς·
1001 1336 1018 1367 ι
1043 1318 1152 1379 Σοὶ,
1182 1316 1374 1387 Κύριε,
1404 1317 1499 1369 καὶ
1520 1316 1700 1387 ἀπάρ-

106 1423 285 1477 χομαι
316 1444 335 1472 ,
371 1409 467 1461 καὶ
511 1407 829 1461 ἀποδεκατῶ
887 1409 978 1462 τὸν
1039 1411 1249 1479 καρπὸν
1309 1410 1415 1463 τῶν
1470 1410 1697 1465 ὠδίνων.

121 1500 379 1571 Ἀπαρχή
413 1517 501 1569 μοι
554 1502 586 1570 ή
640 1500 981 1570 πρωτότοκος
1036 1502 1207 1571 αῦτη,
1242 1502 1335 1555 καὶ
1385 1502 1701 1564 ἐπιδέκατος

104 1588 271 1654 οὗτος
314 1594 347 1661 ἡ
392 1593 672 1645 τελευταία
701 1593 846 1655 ὠδίς.
879 1594 967 1646 Σοὶ
1006 1594 1061 1645 δὲ
1090 1595 1388 1665 ἀφιέρωται
1427 1597 1576 1666 παρὰ
1607 1596 1699 1648 τοῦ

107 1684 284 1754 νόμου
314 1686 571 1754 ἑκάτερα,
606 1688 699 1738 καὶ
728 1686 798 1737 σά
825 1688 970 1738 ἐστιν
997 1686 1339 1756 ἀναθήματα.
1378 1687 1585 1739 Οὐκοῦν
1615 1687 1700 1739 ἔλ-

108 1772 199 1826 θοι
239 1776 269 1826 ὁ
310 1775 582 1844 ἁγιασμὸς
620 1775 710 1826 ἐπί
748 1792 807 1826 τε
854 1774 953 1844 τὴν
998 1776 1172 1846 ἀρχήν
1213 1793 1313 1846 μου
1342 1775 1572 1845 ταύτην,
1607 1777 1701 1828 καὶ
1734 1756 1773 1809 Β

106 1865 208 1918 ἐπὶ
227 1866 290 1918 τὸ
323 1867 636 1919 ἐπιδέκατον
664 1866 819 1919 τοῦτο
839 1883 851 1895 ο
876 1886 892 1915 i
926 1866 1147 1933 δείξασα
1166 1870 1284 1930 ταῖς
1310 1869 1699 1931 ὲπιδεικτικαῖς

108 1961 325 2026 φωναῖς
365 1959 463 2028 τὴν
517 1958 791 2028 θυγατέρα
852 1959 1071 2012 καὶτὸν
1121 1959 1303 2012 παῖδα.
1361 1960 1423 2013 Ἦ
1474 1960 1571 2029 μὲν
1607 1956 1699 2013 οὖν

104 2050 209 2103 τοῦ
236 2051 477 2118 εὐλογεῖν
504 2050 852 2121 παυσαμένη,
879 2050 972 2104 καὶ
1002 2051 1095 2103 τοῦ
1139 2051 1236 2123 ζῇν
1266 2050 1562 2115 ὲπαύσατο,
1588 2053 1699 2114 τοῖς

106 2145 309 2196 παισίν
343 2143 692 2214 ὲπισκήψασα
716 2144 778 2196 τὸ
804 2147 869 2214 τῇ
903 2144 1133 2214 πατρῴᾳ
1173 2143 1315 2214 σορῷ
1348 2144 1439 2196 καὶ
1466 2143 1530 2196 τὸ
1558 2141 1700 2195 ἐκεί-

104 2253 214 2305 νης
260 2232 619 2287 ἐναποθὲσθαι
666 2233 844 2303 σῶμα.
880 2236 940 2286 Οί
974 2234 1029 2287 δὲ
1065 2234 1447 2305 πληρώσαντες
1486 2234 1547 2286 τὸ
1586 2234 1700 2285 δια-

106 2328 490 2395 τεταγμένον,
543 2326 874 2397 ὑψηλότερον
930 2328 1135 2397 εἴχοντο
1189 2327 1291 2397 τῆς
1349 2326 1694 2394 φιλοσοφίας,

107 2419 203 2471 ἀεὶ
261 2416 399 2487 πρὸς
461 2418 554 2469 τὸν
622 2418 749 2471 ἴδιον
800 2418 1213 2489 διαμιλλώμενοι
1274 2417 1423 2486 βίον,
1489 2420 1580 2471 καὶ
1630 2420 1697 2471 τά

110 2508 399 2577 φθάσαντα
458 2510 567 2563 τῶν
626 2510 1063 2581 κατορθωμάτων
1133 2512 1245 2573 τοῖς
1303 2510 1498 2579 ἐφεξῆς
1557 2510 1695 2561 ἀπο-

110 2603 473 2675 κρύπτοντες.

202 2674 292 2749 Ἓν
332 2696 504 2767 τούτῳ
538 2698 565 2748 ὁ
604 2697 768 2758 πολὺς
801 2698 857 2748 ὲν
888 2696 1061 2764 ἁγίοις
1092 2695 1369 2758 Βασίλειος
1393 2697 1492 2766 τῆς
1529 2696 1697 2765 μεγά-

111 2788 217 2859 λης
245 2789 568 2859 Καισαρέων
606 2788 928 2858 Ἐκκλησίας
958 2788 1237 2859 ἀνεδείχθη
1271 2790 1580 2859 προστάτης
1600 2807 1611 2818 ο
1639 2789 1697 2851 ὃς

112 2879 213 2931 ἐπὶ
253 2878 343 2932 τὸν
384 2878 585 2949 κλῆρον
626 2879 722 2949 τῆς
757 2880 813 2931 ὲν
848 2878 925 2949 τῷ
963 2879 1371 2950 πρεσϐυτερείῳ
1403 2878 1697 2949 ἱερωσύνης

110 2974 209 3026 τὸν
258 2971 483 3040 ἀδελφὸν
547 2972 695 3039 ἄγει,
734 2975 853 3026 ταῖς
905 2974 1191 3041 μυστικαῖς
1241 2971 1434 3025 ἑαυτοῦ
1491 2974 1699 3043 ἱερουρ-

1795 492 2052 546 manibus
2093 492 2370 553 moriens,
2402 491 2655 561 migravit
2692 491 2758 544 ad
2795 488 2987 545 Deum.
3038 486 3210 558 Cujus
3252 505 3375 558 qum

1796 582 2201 637 benedictionis
2230 597 2332 635 vox
2393 580 2560 636 fuerit
2615 582 2784 641 illius.
2820 598 2930 650 qua
2973 596 3103 652 erga
3170 580 3375 635 liberos

1798 688 1897 729 usa
1926 681 2489 737 est,commemorare
2528 688 2635 727 non
2668 674 2775 728 erit
2797 674 3055 727 alienum.
3092 671 3228 726 Nam
3249 687 3376 727 cum

1797 764 1866 819 de
1896 765 2219 819 absentibus
2244 764 2563 834 singulatim
2591 774 2837 819 amanter
2866 765 3196 819 mentionem
3227 764 3377 828 fecit,

1796 866 1859 910 ut
1899 856 2085 911 nullus
2139 864 2285 909 esset
2337 870 2537 925 expers
2571 856 3016 910 benedictionis:
3062 871 3187 909 cum
3234 869 3377 924 pra:-

1800 948 1957 1017 cipue
2004 955 2306 1017 praesentes
2341 947 2461 1017 ipsa
2513 948 2773 1016 precibus
2825 947 2941 1001 suis
2994 947 3195 1001 obtulit
3242 947 3373 1001 Deo.

1801 1038 2013 1092 Etenim
2062 1054 2184 1093 cum
2229 1040 2279 1093 ei
2331 1054 2395 1093 ex
2450 1047 2684 1107 utraque
2733 1048 2889 1107 parte
2944 1038 3129 1093 lectuli
3158 1039 3379 1093 adversi

1800 1131 2130 1196 assiderent,
2166 1131 2337 1185 altera
2391 1144 2557 1184 manu
2592 1139 2887 1198 utrumque
2936 1138 3166 1199 tangens
3188 1168 3203 1193 ,
3226 1128 3379 1184 hisce

1800 1222 1984 1276 verbis
2041 1220 2336 1291 postremis
2383 1219 2556 1273 Deum
2594 1220 2832 1274 allocuta
2867 1228 2952 1273 est
2984 1234 2995 1269 :
3038 1236 3056 1269 ι
3091 1216 3241 1283 Tibi,
3272 1217 3379 1271 Do-

1803 1316 1967 1375 mine,
1989 1323 2043 1367 et
2074 1314 2347 1382 primitias
2370 1322 2423 1368 et
2446 1313 2734 1367 decumam
2765 1313 2893 1367 dico
2925 1312 3203 1367 fructuum
3238 1314 3379 1366 uteri

1801 1409 1925 1462 mei.
1970 1406 2342 1460 Primitiarum
2396 1408 2542 1460 enim
2599 1407 2779 1459 locum
2826 1406 2939 1459 haec
2992 1406 3127 1459 mihi
3169 1404 3380 1460 obtinet

1802 1500 2200 1568 primogenita,
2241 1500 2488 1553 decuma:
2517 1514 2647 1553 vero
2697 1506 2977 1554 extremus
3010 1498 3098 1552 liic
3132 1498 3379 1553 decimus

1805 1591 1969 1645 lilius.
2002 1590 2123 1643 'l‘ibi
2178 1601 2359 1645 autem
2417 1591 2531 1659 lege
2586 1599 2819 1660 utraque
2867 1591 3157 1655 debentur,
3192 1599 3247 1646 et
3284 1599 3379 1644 tua

1805 1693 1933 1736 sunt
1964 1699 2214 1736 munera.
2254 1682 2311 1735 ln
2363 1683 2506 1736 banc
2557 1684 2723 1752 igitur
2751 1684 3169 1753 primogenitam
3198 1699 3377 1739 meam

1801 1784 1856 1829 et
1907 1776 2051 1830 hunc
2106 1776 2378 1829 decimum
2444 1777 2627 1829 veniat
2682 1778 3086 1842 sanctimonia,
3127 1778 3378 1831 oratione

1801 1868 2091 1937 perspicua
2149 1868 2445 1938 designans
2476 1877 2528 1921 et
2561 1868 2727 1921 ﬁliam
2760 1877 2815 1924 et
2871 1868 3065 1922 ﬁlium.
3095 1869 3173 1922 lta
3198 1877 3255 1922 et
3284 1868 3379 1923 be-

1802 1960 2102 2015 nedictioni
2137 1970 2193 2015 et
2227 1962 2349 2014 vita:
2403 1960 2563 2015 ﬁnem
2614 1962 2827 2024 statuit,
2857 1976 2980 2014 cum
3015 1963 3168 2030 prius
3214 1975 3375 2013 manv

1802 2052 1989 2108 dasset
2012 2052 2137 2109 ﬁliis
2163 2065 2221 2107 ut
2246 2070 2304 2107 se
2330 2056 2383 2107 in
2419 2056 2732 2124 sepulcrum
2756 2062 3045 2123 paternum
3074 2051 3372 2107 inferrent:

1802 2143 1856 2196 id
1885 2144 1965 2197 illi
1992 2144 2070 2197 uti
2099 2144 2241 2211 jussi
2276 2145 2496 2199 fuerant
2549 2161 2673 2199 cum
2710 2144 3121 2214 prmstitissent,
3155 2144 3213 2197 in
3246 2144 3376 2197 reli-

1800 2250 1972 2305 quum
2031 2242 2247 2303 tempus
2312 2236 2380 2289 ad
2436 2237 2718 2307 sapientia:
2781 2236 3101 2307 fastigium,
3163 2250 3376 2305 semper

1800 2342 1927 2379 cum
1979 2336 2230 2380 anteacta
2280 2328 2391 2381 vita
2446 2338 2772 2398 pugnantes,
2818 2337 2872 2383 et
2906 2329 3183 2398 prmterita
3213 2329 3381 2382 bene-

1800 2418 1945 2473 facta
2003 2419 2411 2489 posterioribus
2447 2413 2710 2493 supérare
2743 2422 3029 2478 studentes
3078 2422 3379 2477 contende-

1799 2509 1950 2564 banL

1868 2694 2081 2750 [nterea
2134 2694 2363 2765 insignis
2423 2696 2564 2749 inter
2619 2704 2839 2749 sanctos
2876 2696 3379 2767 Basilius,magn2e

1800 2780 2062 2841 Cmsare'a:
2090 2787 2402 2842 declaratus
2427 2795 2513 2841 est
2551 2790 2802 2851 antistes,
2828 2798 2882 2841 et
2927 2788 3174 2859 mysticis
3203 2789 3379 2842 sacri-

1801 2879 1939 2933 ﬁciis
1961 2880 2076 2935 suis
2094 2878 2320 2934 fratrem
2351 2893 2703 2943 eonsecrans,
2727 2881 2791 2933 ad
2818 2894 3032 2935 sacram
3056 2880 3379 2950 presbyterii

1799 2972 2119 3043 dignitatem
2170 2974 2439 3043 provexit.
2488 2974 2663 3042 Atque
2731 2973 2818 3028 liic
2874 2989 3066 3029 rursus
3122 2975 3203 3030 eis
3252 2975 3381 3029 vita

111 3062 267 3130 γίαις
292 3060 624 3131 ἀφιερώσας.
655 3060 767 3113 Καὶ
800 3061 857 3111 ἐν
896 3059 1070 3129 τούτῳ
1106 3059 1267 3111 πάλιν
1297 3060 1478 3123 αὐτοῖς
1519 3060 1610 3111 ἐπὶ
1640 3060 1700 3111 τὸ

1808 3080 1998 3120 cursus
2029 3067 2095 3119 ad
2121 3066 2375 3135 graviora
2425 3066 2808 3136 sanctioraque
2858 3065 3227 3135 dirigebatur,
3254 3081 3381 3121 cum

114 3154 444 3226 σεμνότερόν
471 3170 529 3206 τε
557 3154 651 3207 καὶ
677 3152 973 3222 ἀγιὼτερον
1003 3154 1195 3222 προῄει
1220 3154 1249 3205 ό
1275 3152 1388 3222 βίος
1413 3192 1427 3215 ,
1456 3155 1522 3223 τῇ
1555 3154 1703 3223 ἱερω·

113 3246 257 3315 σόνῃ
288 3242 756 3314 τῆς·φιλοσοφίας
788 3242 1206 3312 ὲπαυξηθείσης.
1260 3242 1432 3296 Ὀκτὼ
1474 3242 1529 3294 δὲ
1568 3244 1703 3313 μετά

109 3336 279 3392 τοῦτο
304 3334 701 3405 διαγενομένων
753 3334 891 3386 ἐτῶν
919 3376 932 3394 ,
970 3332 1047 3403 τῷ
1098 3335 1301 3404 ὲννάτῳ
1351 3334 1583 3404 ἐνιαυτῷ
1612 3373 1626 3397 ,
1674 3336 1703 3386 ό

112 3430 264 3483 κατά
296 3432 474 3482 πᾶσαν
504 3430 601 3499 τὴν
631 3428 954 3498 οἰκουμένην
987 3426 1284 3494 ὀνομαστὸς
1322 3426 1619 3491 Βασίλειος,
1644 3428 1703 3493 ἐξ

112 3520 424 3591 ἀνθρώπων
471 3521 606 3590 πρὸς
644 3520 734 3573 τὸν
766 3519 898 3571 Θεὸν
928 3517 1290 3589 μετοικίζεται
1319 3558 1334 3583 ,
1372 3516 1524 3588 κοινὴ
1574 3518 1702 3571 πέν-

114 3612 249 3675 θους
287 3612 510 3684 ἀφορμὴ
549 3613 613 3682 τῇ
653 3610 871 3681 πατρίδι
920 3611 1014 3663 καὶ
1047 3612 1111 3679 τῆ
1157 3609 1447 3682 οἰκουμένῃ
1475 3609 1701 3680 γενόμε-

113 3722 230 3767 νος.
266 3704 331 3756 Ἠ
359 3704 415 3757 δὲ
455 3702 735 3775 πόρρωθεν
775 3705 838 3756 ὲκ
882 3704 1069 3774 φήμης
1106 3702 1388 3756 ἀκούσασα
1422 3702 1522 3770 τὴν
1567 3719 1704 3773 συμ-

113 3798 317 3867 φορὰν,
360 3796 528 3850 ἔπαθε
574 3797 673 3867 μὲν
705 3795 802 3868 τὴν
842 3795 1016 3866 ψυχὴν
1045 3796 1137 3848 ἐπὶ
1170 3798 1236 3866 τῇ
1264 3794 1499 3865 τοσαύτῃ
1533 3795 1705 3865 ζημίᾳ

114 3890 265 3958 (πῶς
293 3890 402 3959 γὰρ
427 3890 526 3943 οὐκ
558 3890 779 3961 ἔμελλεν
820 3888 1085 3943 ἅπτεσθαι
1121 3888 1378 3956 κάκείνης
1408 3888 1470 3941 τὸ
1511 3887 1702 3951 πάθος,

114 3975 181 4034 οῦ
215 3982 306 4034 καὶ
330 3984 378 4034 οἱ
408 3982 590 4051 ἐχθροὶ
627 3981 726 4051 τῆς
754 3980 1010 4051 ἀληθείας
1042 3978 1362 4049 ὲπῄσθοντο;
1387 3980 1426 4047 )’
1454 3978 1705 4047 καθάπερ

113 4075 178 4127 δὲ
208 4074 307 4144 τὴν
345 4073 438 4126 τοῦ
469 4072 666 4144 χρυσοῦ
695 4090 825 4141 φασι
858 4072 1181 4141 δοκιμασίαν
1216 4073 1273 4123 ἐν
1312 4070 1585 4140 διαφόροις
1616 4070 1704 4137 γί-

115 4166 309 4221 νεσθαι
338 4166 723 4237 χωνευτηρίοις
746 4207 761 4231 ,
795 4166 869 4228 ὼς
896 4166 947 4218 εἴ
980 4182 1032 4216 τι
1066 4163 1163 4234 τὴν
1208 4163 1430 4237 πρώτην
1456 4162 1705 4232 διαφύγοι

117 4260 356 4331 χωνείαν
380 4299 395 4322 ,
440 4262 498 4312 ὲν
534 4261 601 4328 τῇ
650 4255 879 4327 δευτέρα
915 4254 1293 4325 διακριθῆναι,
1332 4253 1427 4305 καὶ
1458 4254 1616 4306 πάλιν
1648 4253 1707 4303 ὲν

116 4354 187 4422 τῇ
219 4350 503 4420 τελευταίᾳ.
536 4349 713 4403 πάντα
744 4347 833 4401 τὸν
865 4345 1279 4416 ὲμμεμιγμένον
1310 4345 1481 4416 ῥύπον
1510 4347 1575 4414 τῇ
1605 4343 1706 4415 ῦλῃ

1809 3156 2103 3213 sacerdotii
2150 3158 2391 3226 dignitas
2426 3159 2707 3228 sapientiae
2742 3159 3036 3227 conjuncta
3076 3159 3258 3214 studio
3286 3175 3383 3215 cu-

1806 3250 2131 3305 mularetur.
2187 3249 2317 3305 Post
2367 3257 2547 3305 autem
2600 3251 2761 3305 annis
2822 3260 2945 3307 octo
2983 3253 3278 3307 transactis
3327 3260 3383 3306 et

1808 3355 1952 3395 nono
1986 3341 2243 3395 inchoato
2275 3356 2370 3411 per
2407 3349 2586 3395 totum
2633 3342 2820 3397 orbem
2857 3344 3249 3399 celeberrimus
3275 3344 3382 3399 Ba-

1808 3431 1968 3486 silius
1995 3432 2062 3485 ab
2088 3432 2401 3487 hominibus
2430 3432 2494 3485 ad
2522 3432 2688 3488 Deum
2719 3435 3016 3500 concessit,
3037 3449 3384 3490 communem

1806 3518 1996 3587 patriae
2018 3525 2071 3572 et
2093 3515 2354 3573 Ecclesiae
2376 3518 2556 3575 luctus
2572 3522 2921 3576 occasionem
2939 3522 3210 3591 prtcbens.
3230 3522 3385 3579 Hanc

1806 3610 2174 3664 calamitatem
2220 3625 2344 3665 cum
2392 3613 2464 3665 ad
2511 3610 2809 3667 Macrinam
2844 3629 3035 3668 rumor
3074 3614 3382 3681 detulisset,

1808 3700 1991 3754 animo
2026 3700 2116 3753 illa
2151 3700 2370 3769 quidem
2406 3715 2517 3755 non
2553 3704 2729 3771 potuit
2780 3704 2834 3757 in
2870 3713 3023 3757 tanto
3051 3704 3385 3761 detrimento

1806 3806 1919 3845 non
1950 3793 2285 3846 commoveri
2318 3812 2329 3845 :
2368 3794 2484 3863 (qui
2536 3795 2680 3847 enim
2725 3810 2970 3850 sororem
2996 3811 3104 3849 non
3141 3805 3387 3868 tangeret
3462 3855 3475 3865 ,

1808 3888 1962 3941 dolor
1983 3902 2091 3956 quo
2141 3888 2243 3956 ipsi
2284 3903 2502 3957 quoque
2535 3888 2739 3942 inimici
2772 3890 3149 3945 atliciebantur
3170 3892 3215 3961 ?)
3247 3901 3388 3947 atta-

1807 3992 1931 4031 men
1964 3986 2019 4031 ut
2048 3993 2241 4032 aurum
2276 3980 2511 4033 diversis
2540 3981 2695 4032 aiunt
2745 3980 3063 4038 fornacibus
3089 3984 3385 4053 eXplorari,

1811 4078 1869 4123 ut
1918 4070 1964 4123 si
2012 4070 2241 4139 primam
2290 4070 2548 4137 evaserit,
2592 4074 2647 4124 in
2702 4073 2872 4126 altera
2929 4074 3295 4143 adjudicetur,
3330 4086 3387 4131 et

1809 4174 2029 4214 rursum
2072 4160 2127 4214 in
2165 4170 2407 4215 extrema
2446 4174 2637 4215 onmes
2663 4160 2784 4230 ejus
2812 4164 3053 4218 materia:
3085 4165 3387 4226 commistm

1810 4250 2002 4306 sordes
2048 4252 2351 4306 cluantur:
2398 4252 2730 4323 exquisitum
2780 4265 2959 4308 autem
3018 4255 3210 4324 Optimi
3265 4257 3387 4310 auri

1812 4344 2074 4398 indicium
2097 4360 2240 4411 esse,
2267 4347 2312 4401 si
2350 4361 2447 4417 per
2474 4361 2665 4403 omnes
2692 4348 2971 4403 transiens
3002 4348 3137 4401 nihil
3170 4348 3389 4403 emittat

115 4442 595 4514 ἀποκαθαίρεσθαι
614 4459 627 4472 ·
656 4444 754 4513 τὴν
796 4442 853 4495 δὲ
883 4439 1279 4511 ἀκριϐεστέραν
1308 4435 1447 4492 εἶναι
1479 4438 1703 4508 βάσανον

1811 4436 2094 4491 sordium:
2132 4440 2211 4494 sic
2257 4439 2307 4493 ei
2360 4440 2630 4511 contigit,
2663 4450 2723 4495 ut
2783 4440 2952 4495 variis
3012 4440 3387 4495 molestiarum

119 4536 218 4589 τοῦ
243 4536 468 4603 δοκίμου
501 4533 703 4604 χρυσοῦ
731 4572 746 4595 ,
832 4532 920 4586 διὰ
954 4532 1134 4601 πάσης
1168 4530 1453 4595 διεξελθὼν
1484 4528 1710 4600 χωνείας

126 4627 332 4697 μηδένα
388 4625 557 4696 ῥύπον
612 4625 995 4694 ἀποποιήσειε’
1049 4622 1292 4676 τοιοῦτόν
1348 4640 1399 4675 τι
1463 4623 1556 4675 καὶ
1622 4622 1710 4673 ἐπ’

125 4718 343 4788 ἐκείνης
392 4716 586 4787 συνέϐη
612 4734 625 4746 ·
651 4717 770 4778 ταῖς
798 4714 1074 4785 διαφόροις
1122 4713 1228 4767 τῶν
1259 4712 1514 4783 λυπηρῶν
1542 4729 1710 4782 προσο

123 4809 309 4871 ϐολαῖς
348 4810 447 4877 τῆς
477 4806 685 4876 ὑψηλῆς
732 4806 968 4868 διανοίας
1002 4803 1419 4875 βασανισθείσης
1446 4844 1461 4867 ,
1500 4819 1723 4856 πανταο·

127 4901 285 4969 χὸθεν
324 4898 706 4969 ἀναδειχθῆναι
755 4898 815 4950 τὸ
868 4898 967 4967 τῆς
1004 4896 1183 4966 ψυχῆς
1232 4896 1616 4966 ἁκιϐδήλευτόν
1650 4912 1708 4947 τε

128 4994 223 5046 καὶ
255 4990 643 5044 ἀταπείνωτον.
679 4989 949 5060 Πρότερον
999 4988 1097 5059 μὲν
1148 4989 1205 5041 ὲν
1258 4990 1324 5059 τῇ
1359 4986 1451 5040 τοῦ
1483 4987 1710 5057 ἀδελφοῦ

126 5085 221 5138 τοῦ
248 5084 407 5138 ἄλλου
432 5083 759 5152 μεταστάσει
782 5098 793 5110 ·
823 5081 959 5152 μετὰ
980 5079 1149 5133 ταῦτα
1175 5078 1231 5131 δὲ
1260 5081 1318 5132 ὲν
1344 5078 1420 5149 τῷ
1449 5079 1711 5151 χωρισμῷ

1815 4530 2040 4584 casibus
2059 4532 2363 4601 explorata,
2382 4535 2695 4604 prazstantis
2721 4534 2867 4588 illius
2898 4534 3062 4587 animi
3091 4534 3388 4605 probitate,

1814 4622 1951 4675 nihil
1999 4639 2238 4692 unquam
2271 4626 2322 4679 in
2378 4640 2441 4680 ea
2474 4626 2709 4690 sordidi,
2741 4626 2875 4679 nihil
2910 4626 3203 4680 adulterini
3235 4641 3393 4697 repe-

1817 4714 2041 4771 riretur.
2066 4717 2142 4770 Ac
2170 4717 2351 4787 primo
2379 4720 2596 4788 quidem
2634 4720 2936 4789 periculum
2977 4718 3179 4774 factum
3212 4716 3391 4773 fuerat

1814 4806 1871 4861 in
1901 4808 2056 4863 obitu
2087 4811 2314 4865 alterius
2351 4811 2540 4868 fratris
2571 4832 2583 4867 :
2621 4812 2819 4868 deinde
2848 4813 2905 4867 in
2956 4814 3148 4868 matris
3176 4813 3387 4873 funere,

1819 4901 1983 4955 tertio
2003 4904 2226 4971 quando
2252 4919 2541 4960 commune
2570 4906 2789 4976 generis
2816 4905 2986 4960 decus
3016 4903 3255 4959 Basilius
3297 4903 3391 4956 de-

1818 4992 2007 5047 cessit.
2039 4992 2200 5048 Stetit
2227 4995 2416 5067 igitur,
2452 5004 2712 5066 tanquam
2756 4996 2995 5050 invictus
3036 4995 3206 5065 pugil,
3238 4994 3393 5047 nullo

1818 5084 2191 5140 calamitatum
2219 5089 2423 5158 impetu
2465 5090 2755 5145 labefacta.

125 5182 228 5247 τῆς
262 5180 469 5249 μητρός
490 5194 503 5208 ⁸
546 5178 609 5230 ὲκ
642 5177 823 5248 τρίτου
854 5177 910 5229 δὲ
932 5217 946 5241 ,
971 5178 1059 5229 ὅτε
1094 5176 1154 5228 τὸ
1188 5178 1363 5255 κοινὸν
1389 5176 1716 5245 τῆς-γενεᾶς
1754 5178 1937 5244 καλὸν,
1971 5183 1999 5233 ό
2035 5182 2206 5252 μέγας
2228 5183 2524 5250 Βασίλειος,
2555 5185 2651 5252 τῆς
2692 5184 3035 5255 ἀνθρωπίνης
3075 5180 3219 5251 ζωῆς
3255 5181 3392 5251 ἐχω-

128 5274 332 5345 ρίζετο.
372 5272 595 5341 Ἔμεινε
622 5271 824 5336 τοίνυν,
862 5269 1111 5339 καθάπερ
1147 5287 1230 5333 τις
1258 5268 1494 5339 ἀθλητὴς
1520 5270 1982 5340 ἀκαταγώνιστος,
2020 5275 2253 5345 οὐδαμοῦ
2290 5279 2356 5348 τῇ
2392 5278 2660 5349 προσϐολῇ
2729 5277 2835 5329 τῶν
2903 5274 3194 5345 συμφορῶν
3253 5275 3389 5327 ἀπο-

123 5366 403 5420 κλάσασα.

204 5461 465 5522 Ἔννατος
501 5456 568 5531 ἦν
615 5460 752 5529 μετὰ
790 5458 851 5510 τὸ
884 5458 1052 5520 πάθος
1093 5458 1251 5511 τοῦτο
1282 5457 1419 5528 μὴν,
1451 5458 1483 5528 ἢ
1520 5458 1711 5528 μικρὸν

102 5576 103 5579 η
125 5552 273 5621 ὑπὲρ
298 5548 455 5602 τοῦτο
479 5592 491 5613 ,
518 5551 610 5601 καὶ
636 5547 851 5609 σύνοδος
873 5547 1187 5600 ἐπισκόπων
1210 5548 1352 5600 κατὰ
1374 5547 1473 5617 τὴν
1509 5549 1712 5600 Ἀντιό-

125 5662 227 5714 χου
269 5642 423 5695 πόλιν
462 5640 744 5712 ἡθροίζετο
768 5682 782 5706 ,
818 5634 883 5711 ἦς
914 5639 1006 5692 καὶ
1033 5641 1191 5710 ἡμεῖς
1228 5641 1576 5710 μετέσχομεν.
1605 5644 1713 5694 Καὶ

128 5733 323 5805 ἐπειδὴ
359 5732 521 5787 πάλιν
551 5732 685 5802 πρὸς
719 5731 816 5802 τὴν
851 5732 1044 5785 ἑαυτοῦ
1084 5732 1310 5795 ἕκαστος
1342 5732 1711 5803 ἀπελύθημεν,

92 5442 105 5469 3

1887 5456 2018 5509 Erat
2075 5466 2199 5526 post
2253 5457 2393 5511 lianc
2441 5457 2712 5525 jacturam
2772 5471 2950 5511 nonus
3002 5458 3246 5521 mensis,
3299 5469 3394 5513 aut

1817 5551 1980 5621 paulo
1995 5549 2253 5617 amplius,
2267 5563 2390 5600 cum
2407 5548 2789 5616 episcoporum
2810 5546 3101 5601 concilium
3130 5547 3393 5603 indictum

1818 5652 1901 5695 est
1932 5638 2259 5702 Antiochire,
2288 5638 2375 5691 cui
2414 5654 2514 5691 nos
2549 5638 2674 5689 item
2702 5634 3078 5694 interfuimus.
3101 5636 3208 5693 Sed
3244 5650 3394 5707 post-

1818 5748 2048 5805 eaquam
2096 5732 2317 5788 domum
2350 5730 2581 5801 quisque
2635 5743 2789 5785 suam
2827 5729 3202 5796 discessimus,
3236 5742 3390 5790 anu:-
