3834 6406
445 231 550 286 9ἷῦ

1690 225 1748 280 S.
1775 221 2103 280 GREGORII
2142 218 2434 275 NYSSE‘NI

3613 215 3720 267 ετά

446 370 613 426 quam
663 366 842 406 annus
878 347 1204 420 praeteriret,
1255 346 1386 400 mihi
1437 346 1706 418 Gregorio
1759 345 2031 417 cupiditas

2150 343 2262 412 πρὶν
2295 343 2384 395 τὸν
2412 341 2653 394 ἐνιαυτὸν
2687 339 2996 410 παρελθεῖν.
3026 337 3275 406 ἐνθύμιον
3307 336 3432 407 ἐμοὶ
3466 332 3550 404 τῷ
3575 332 3721 404 Γρη-

449 448 643 504 incidit
676 454 737 499 ut
763 459 1009 500 sororem
1043 442 1358 497 inviserem.
1394 441 1647 511 Magnum
1682 441 1828 495 enim
1861 441 2033 492 inter-

447 545 690 594 cesserat
743 535 1010 604 temporis
1067 534 1453 596 intervallum,
1505 549 1616 604 quo
1655 543 1846 586 mutuo
1889 533 2033 585 inter

449 647 552 686 nos
581 637 884 698 conspectu
914 642 1022 681 non
1055 635 1416 696 potueramus
1445 626 1576 687 frui,
1613 624 2033 695 prohibentibus

449 721 815 774 tentationum
841 717 1115 771 molestiis
1141 732 1283 786 quas
1313 717 1382 771 ab
1416 716 1644 770 hasresis
1682 714 2035 785 principibus

450 810 619 881 patria
649 809 840 878 pulsus
870 809 1077 878 ubique
1123 812 1518 864 sustinueram.
1550 805 1686 860 Nam
1727 805 2033 860 dimetienti

448 901 580 955 mihi
611 901 877 970 temporis
901 901 1166 971 spatium,
1195 899 1340 968 quod
1368 900 1589 953 interim
1622 899 1874 960 fluxerat,
1903 897 2033 950 dum

446 992 719 1062 ejusmodi
763 992 1275 1062 perturbationibus
1330 1006 1668 1061 congressus
1704 997 1892 1044 noster
1927 990 2032 1041 im-

448 1086 696 1156 peditur,
731 1097 859 1138 octo
888 1087 1013 1154 plus
1046 1084 1231 1137 minus
1264 1098 1534 1136 annorum
1563 1082 1870 1135 videbatur.
1895 1080 2032 1132 Cum

449 1177 622 1248 igitur
661 1176 778 1246 jam
836 1176 1068 1229 multum
1101 1173 1315 1228 itineris
1349 1173 1735 1236 confecissem,
1782 1187 1882 1225 nec
1919 1187 2033 1222 ain-

447 1270 595 1341 plius
633 1284 798 1338 quam
849 1270 1013 1322 unius
1049 1267 1154 1321 dici
1191 1265 1277 1318 via
1311 1274 1568 1324 restaret.
1599 1263 1742 1317 visio
1770 1262 1904 1315 mihi
1941 1276 2036 1330 per

449 1360 690 1431 quietem
742 1359 1097 1413 manifestum
1155 1369 1345 1410 eorum
1385 1369 1508 1422 quae
1567 1360 1726 1407 erant
1767 1359 2033 1405 eventura

451 1457 718 1528 judicium
749 1451 1010 1508 Ostendit.
1037 1445 1275 1501 Videbar
1307 1445 1452 1499 enim
1489 1444 1622 1498 mihi
1663 1452 1881 1514 gestare
1919 1458 2035 1496 ma-

451 1553 617 1607 nibus
673 1554 976 1615 martyrum
1041 1537 1338 1608 reliquias,
1393 1552 1459 1590 ex
1510 1535 1715 1605 quibus
1768 1534 2034 1604 splendor

451 1643 724 1706 elucebat,
747 1634 929 1708 qualis
953 1649 983 1687 e
1015 1631 1119 1684 levi
1171 1628 1424 1699 speculo,
1454 1629 1500 1682 si
1534 1628 1768 1681 adverso
1795 1626 1895 1681 soli
1935 1642 2032 1695 op-

2137 435 2302 504 γορίῳ
2356 434 2562 500 γίνεται
2620 432 2757 501 πρὸς
2786 431 2956 500 αὐτὴν
2997 429 3264 499 διαϐῆναι.
3299 427 3478 490 Πολὺς
3506 426 3621 494 γὰρ

2133 526 2161 578 ὁ
2202 526 2289 578 διὰ
2324 527 2486 594 μέσου
2536 525 2760 594 χρόνος.
2806 525 2864 575 ἐν
2892 515 2937 590 ᾧ
2983 523 3081 585 τάς
3127 521 3446 589 ἐπισκέψεις
3499 520 3560 571 αἱ
3613 517 3724 569 τῶν

2135 617 2456 686 πειρασμῶν
2473 616 2838 684 ’περιστάσεις
2867 612 3169 678 ἐκώλυσαν,
3192 613 3258 676 ἃς
3284 613 3561 680 ὑπέμενον
3583 627 3724 662 σταν-

2135 705 2300 776 ταχοῦ
2336 706 2432 775 τῆς
2472 705 2725 776 πατρίδος
2759 706 2864 758 ὑπὸ
2905 705 3015 758 τῶν
3058 705 3158 774 τῆς
3192 704 3458 776 αἱρέσεως
3495 706 3725 756 ἐπιστα-

2133 798 2368 850 τούντων
2399 797 2836 865 ἐξελαυνόμενος.
2871 798 2982 851 Kal
3026 798 3347 869 ἁριθμοῦντί
3378 816 3472 868 μοι
3512 798 3608 850 τὸν
3635 798 3726 850 διὰ

2139 890 2306 960 μέσου
2331 889 2542 958 χρόνον,
2577 893 2631 941 ἐν
2652 881 2696 956 ᾧ
2719 891 2817 960 τὴν
2852 891 2973 943 κατ’
3003 890 3312 961 ὀφθαλμοὺς
3343 892 3644 959 συντυχίαν
3677 892 3724 941 οἱ

2140 983 2432 1052 πειρασμοὶ
2465 983 2794 1036 διεκώλυσαν
2819 1024 2833 1047 ,
2864 984 2963 1036 οὐκ
3004 983 3183 1051 ὀλίγον
3229 985 3484 1053 ἐφαίνετο
3511 984 3576 1037 τὸ
3601 983 3724 1035 διά-

2139 1093 2319 1145 στημα
2365 1075 2509 1128 ὀκτὼ
2570 1075 2764 1146 μικροῦ
2811 1075 2922 1128 δεῖν
2953 1078 3473 1147 παραμετρούμενον
3523 1076 3720 1128 ἐτεσιν.

2149 1169 2366 1238 Ἐπειδὴ
2393 1169 2569 1220 τοίνυν
2594 1169 2654 1221 τὸ
2684 1169 2816 1222 πολύ
2840 1169 2937 1239 τῆς
2962 1168 3083 1222 ὁδοῦ
3109 1169 3390 1231 διανύσας,
3419 1171 3553 1237 μιᾶς
3582 1167 3724 1238 ἡμὲο

2141 1277 2239 1329 ρας
2276 1261 2499 1329 ἀπεῖχον
2521 1260 2636 1314 ὁδδν
2656 1300 2670 1323 ,
2702 1260 2822 1329 ὄψις
2843 1277 2926 1322 τις
2947 1262 3079 1330 ἡμῖν
3100 1260 3160 1324 ἐξ
3182 1260 3431 1313 ἐνυπνίου
3462 1263 3721 1329 φανεῖσα,

2137 1351 2372 1421 φοϐερὰς
2403 1351 2573 1404 ἐποίει
2606 1353 2703 1414 τάς
2739 1351 2961 1415 ἐλπίδας
2985 1352 3079 1406 τοὺ
3124 1351 3424 1422 μέλλοντος.
3471 1351 3723 1403 Ἐδὸκουν

2137 1445 2245 1513 γὰρ
2288 1443 2515 1511 λείψανα
2549 1444 2838 1516 μαρτύρων
2869 1444 2960 1497 διὰ
3013 1445 3192 1515 χειρὸς
3237 1444 3424 1514 φέρειν
3447 1459 3462 1471 ο
3495 1442 3638 1494 εἶναι
3667 1442 3720 1492 δὲ

2136 1538 2230 1590 ἀπ’
2256 1536 2431 1589 αὐτῶν
2458 1536 2632 1606 αὐγὴν
2651 1576 2666 1598 ,
2694 1531 2780 1589 οἶα
2807 1539 2870 1588 ἐκ
2911 1537 3149 1608 καθαροῦ
3180 1553 3322 1599 τινος
3352 1536 3568 1602 γίνεται
3593 1549 3724 1586 κατ-

2136 1632 2336 1702 όπτρου
2384 1668 2398 1691 ,
2445 1630 2574 1682 ὅταν
2617 1629 2752 1699 πρὸς
2785 1630 2877 1682 τὸν
2913 1630 3064 1700 ἥλιον
3108 1629 3236 1700 τεθῇ
3281 1629 3720 1698 ἀντιπρόσωπον,

452 1739 710 1803 ponatur,
747 1723 1058 1797 egreditur,
1105 1736 1217 1791 quo
1266 1721 1488 1791 quidem
1543 1718 1768 1771 luminis
1821 1715 2034 1787 fulgore

2150 1721 2274 1774 ὒστε
2307 1739 2396 1791 μοι
2424 1722 2522 1782 τὰς
2549 1720 2701 1788 ὄψεις
2736 1719 2870 1790 πρὸς
2911 1721 3010 1791 τὴν
3045 1720 3413 1790 μαρμαρυγὴν
3454 1719 3556 1786 τῆς
3582 1718 3722 1784 λαμ-

452 1825 598 1880 oculi
629 1821 734 1878 mei
765 1815 1303 1890 perstringebantur.
1336 1812 1449 1866 lloc
1486 1819 1667 1868 autem
1694 1811 1872 1863 visum
1897 1809 2030 1862 mihi

453 1927 537 1974 ter
565 1913 806 1970 occurrit
836 1909 1027 1964 cadent
1058 1915 1238 1968 nocte,
1273 1920 1374 1960 nec
1425 1903 1584 1980 plane
1603 1943 1619 1968 ,
1646 1901 1778 1972 quid
1810 1909 2032 1971 porten.

453 2010 604 2064 deret
655 2004 935 2074 conjicere
993 2008 1280 2068 poteram:
1313 1997 1584 2051 sollicitus
1632 1995 1818 2064 itaque
1849 1994 2034 2046 animo

454 2099 753 2172 agitabam,
799 2093 1273 2162 observabamque
1315 2098 1372 2143 ut
1408 2089 1531 2157 ejus
1576 2086 2034 2158 significationem

452 2192 600 2247 exitu
621 2187 952 2257 judicarem.
1513 2191 1528 2204 '

523 2280 660 2336 Cum
681 2279 795 2347 jam
820 2275 884 2329 ad
906 2286 1212 2333 secessum,
1235 2271 1290 2324 in
1312 2285 1424 2339 quo
1451 2269 1598 2324 illam
1614 2269 1914 2340 angelicam
1932 2283 2037 2322 cm-

455 2374 762 2441 lestemque
810 2367 976 2421 vitam
1006 2365 1262 2434 degebat.
1291 2362 1846 2432 approliinquassem,
1876 2362 2036 2414 lami-

455 2466 680 2520 liarium
709 2459 1003 2531 quemdam
1037 2455 1372 2526 interrogavi
1403 2455 1636 2524 primum
1665 2455 1732 2509 de
1755 2454 1942 2516 fratre,
1969 2469 2037 2506 an

457 2555 724 2610 adesset:
759 2566 869 2622 quo
926 2547 1300 2619 respondente
1345 2547 1496 2601 illum
1536 2546 1648 2616 jam
1707 2554 1906 2615 quarto
1951 2546 2040 2599 die

456 2645 804 2711 discessisse,
837 2649 1182 2712 c0gnoscens
1211 2655 1337 2695 eum
1387 2643 1558 2694 altera
1594 2639 1755 2696 nobis
1782 2639 1867 2694 via
1912 2654 2039 2708 pro-

455 2737 628 2794 diisse
677 2735 921 2796 obviam,
956 2740 1069 2785 tum
1102 2731 1267 2786 etiam
1321 2729 1389 2785 de
1429 2745 1624 2800 magna
1655 2731 1747 2784 illa
1802 2745 2040 2799 percon-

457 2836 608 2884 tatus
633 2841 756 2884 sum
794 2843 807 2880 :
833 2839 1070 2894 cumque
1103 2822 1194 2876 ille
1225 2819 1620 2891 respondisset,
1652 2836 1772 2875 eam
1803 2821 2037 2890 quodam

456 2920 655 2976 morbo
683 2918 958 2980 laborare,
988 2914 1197 2984 majore
1241 2914 1502 2968 incensus
1532 2913 1737 2978 studio,
1773 2914 1918 2982 quod
1952 2929 2039 2968 re-

456 3011 672 3082 liquum
722 3017 841 3064 erat
892 3008 994 3062 vim
1029 3006 1357 3061 festinanter
1400 3005 1631 3074 arripui.
1668 3005 1804 3059 Nam
1842 3007 2040 3060 timore

2137 1812 2362 1880 πηδόνος
2399 1810 2786 1879 ἀμϐλύνεσθαι.
2825 1811 2934 1862 Kal
2961 1809 3062 1878 τῆς
3096 1809 3262 1880 αὐτῆς
3291 1826 3380 1878 μοι
3419 1808 3616 1872 νυκτὸς
3646 1811 3722 1870 εἰς

2133 1903 2254 1972 τρὶς
2293 1903 2593 1971 γενομένης
2619 1901 2720 1971 τῆς
2747 1900 3003 1970 τοιαύτης
3036 1900 3231 1968 ὅψεως,
3285 1899 3592 1969 συμϐαλεῖν

2135 1993 2235 2045 οὐκ
2262 1989 2406 2061 εἶχον
2436 1991 2689 2062 καθαρῶς
2717 1991 2811 2044 τοῦ
2859 1991 3110 2043 ἐνυπνίου
3155 1991 3216 2043 τὸ
3249 1991 3478 2060 αἴνιγμα
3506 2007 3521 2019 ·
3550 1990 3723 2057 λύπην

2136 2084 2192 2137 δέ
2216 2101 2338 2136 τινα
2366 2087 2432 2154 τῇ
2462 2084 2608 2154 ψυχῇ
2642 2085 2992 2156 προσεώρων,
3020 2084 3111 2137 καὶ
3141 2084 3439 2155 ἐπετήρουν
3462 2087 3531 2153 τῇ
3563 2083 3729 2136 ἐκϐά-

2140 2195 2222 2230 σει
2254 2181 2435 2248 κρίναι
2467 2178 2566 2248 τὴν
2588 2177 2908 2246 φαντασίαν.

2211 2269 2319 2321 Kal
2350 2268 2413 2338 δὴ
2442 2269 2730 2338 γενόμενος
2758 2270 2982 2338 πλησίον
3013 2271 3112 2340 τῆς
3139 2269 3395 2340 ἐσχατιᾶς
3414 2311 3430 2332 ,
3472 2272 3534 2323 ἐν
3653 2272 3729 2323 δι-

2141 2362 2274 2431 ῆγεν
2303 2361 2484 2430 ἐκείνη
2519 2362 2617 2431 τὴν
2653 2362 2950 2432 ἀγγελικὴν
2978 2376 3038 2414 τε
3070 2363 3162 2414 καὶ
3189 2363 3512 2433 ἐπουράνιον
3532 2380 3729 2432 κατορ-

2141 2451 2308 2504 θοῦσα
2338 2452 2483 2522 ζωὴν
2507 2491 2523 2515 ,
2555 2454 2770 2523 ἠρόμην
2803 2453 2911 2506 τῶν
2946 2453 3260 2524 ἐπιτηδείων
3301 2455 3423 2508 τινὰ
3458 2455 3593 2525 πρ).
3636 2455 3730 2507 τοῦ

2141 2542 2372 2611 ἀδελφοῦ
2424 2542 2636 2612 πρῶτον
2658 2584 2674 2607 ,
2704 2546 2752 2597 εί
2807 2544 2997 2615 παρὼν
3032 2547 3117 2616 εἴη
3139 2562 3153 2575 ⁸
3186 2547 3453 2617 φήσαντος
3502 2547 3562 2598 δὲ
3593 2547 3730 2617 πρὸς

2142 2637 2288 2705 ἡμᾶς
2310 2677 2324 2698 ,
2356 2636 2517 2689 αὐτὸν
2550 2635 2954 2708 ἐξωρμηκέναι,
2987 2640 3080 2692 xal
3103 2639 3368 2710 τετάρτην
3392 2641 3575 2708 ἄγειν,
3604 2658 3731 2693 συν-

2142 2729 2220 2790 εὶς
2252 2728 2388 2797 ὅπερ
2418 2722 2519 2798 ἦν,
2548 2728 2628 2781 ὅτι
2654 2729 2722 2780 δι’
2747 2729 2936 2800 ἐτέρας
2976 2730 3095 2782 ὁδοῦ
3147 2732 3365 2799 γέγονεν
3403 2731 3559 2802 αὐτῷ
3596 2733 3732 2801 πρὸς

2143 2821 2289 2888 ἡμᾶς
2324 2821 2357 2889 ἡ
2387 2819 2554 2889 ὁρμὴ,
2586 2820 2704 2872 τότε
2737 2823 2832 2874 καὶ
2861 2821 2990 2893 περὶ
3019 2823 3120 2892 τῆς
3148 2825 3404 2894 Μεγάλης
3434 2824 3734 2879 ἐπυνθανό-

2147 2928 2254 2981 μην
2272 2928 2284 2941 ο
2320 2911 2412 2963 τοῦ
2432 2912 2489 2964 δὲ
2519 2913 2822 2982 φήσαντος,
2857 2915 2913 2966 ἐν
2941 2914 3221 2985 ἀρρωστίᾳ
3250 2915 3580 2986 γεγενῆσθαί
3605 2933 3733 2974 τινι.

2145 3001 2559 3073 σπουδαιότερον
2586 3003 2814 3072 εἰχόμην
2839 3045 2854 3070 ,
2888 3006 2947 3056 ἐν
2972 3004 3178 3070 ἐπείξει
3199 3006 3259 3058 τὸ
3290 3006 3614 3077 λειπόμενον
3637 3011 3736 3076 τῆς

458 3104 622 3161 etiam
665 3101 904 3173 quodam
966 3099 1295 3170 perterritus
1343 3099 1561 3152 animus
1612 3097 1857 3152 futurum
1904 3115 2041 3168 pra:-

2150 3095 2262 3147 ὁδοῦ
2294 3094 2547 3148 διανύων.
2578 3095 2687 3148 Kal
2713 3095 2820 3166 γάρ
2862 3113 2929 3166 με
2959 3096 3103 3168 λύπη
3129 3115 3213 3160 τις
3242 3099 3335 3151 καὶ
3363 3100 3530 3167 φόϐος
3564 3117 3732 3169 μηνυο

461 3194 713 3265 sagiebat
744 3209 760 3247 :
792 3191 888 3248 sed
933 3206 1059 3246 cum
1110 3190 1181 3246 ad
1213 3190 1396 3246 locum
1436 3191 1774 3257 accederem,
1803 3209 2043 3248 conven-

459 3295 553 3342 tus
582 3285 869 3342 hominum
901 3284 1070 3355 (fama
1115 3284 1262 3340 enim
1298 3299 1386 3338 me
1403 3283 1516 3352 jam
1550 3284 1744 3339 adesse
1775 3285 2042 3341 fratribus

461 3381 950 3454 praanuntiaverat)
985 3395 1050 3434 ex
1092 3380 1232 3434 locis
1279 3379 1336 3434 in
1379 3379 1582 3447 quibus
1625 3379 1949 3435 habitabant
1977 3380 2042 3434 ad

461 3488 567 3528 nos
621 3471 904 3527 conﬂuxit.
934 3469 1070 3524 Nam
1111 3470 1341 3525 honoris
1367 3469 1542 3540 gratia
1583 3471 1776 3526 amicis
1826 3471 2042 3526 obviam

464 3563 760 3636 procedere
808 3567 1233 3616 consueverunt.
1278 3561 1350 3614 At
1394 3560 1667 3633 virginum
1723 3562 1926 3618 chorus
1979 3563 2044 3616 ad

465 3654 756 3711 ecclesiam
785 3652 1033 3709 modeste
1068 3661 1318 3709 nostrum
1347 3653 1640 3709 adventum
1667 3655 2044 3724 exspectabat.

465 3744 672 3801 Verum
710 3759 835 3798 cum
871 3743 1199 3800 fecissemus
1231 3754 1288 3799 et
1317 3744 1578 3814 precandi
1602 3752 1656 3800 et
1688 3746 2046 3802 benedicendi

466 3834 656 3898 finem,
691 3839 857 3902 atque
911 3832 1035 3896 illa),
1079 3833 1346 3888 inclinato
1385 3833 1542 3902 prius
1582 3835 1765 3903 capite
1818 3835 2045 3890 benedi-

465 3925 637 3982 ctioni
660 3964 675 3989 ,
704 3926 937 3980 honeste
969 3925 1318 3981 discedentes
1357 3926 1627 3981 abiissent
1670 3927 1737 3982 ad
1775 3927 1893 3981 loca
1925 3943 2046 3991 sua,

466 4033 569 4074 nec
629 4033 740 4073 una
799 4017 1021 4088 quidem
1061 4031 1249 4071 earum
1305 4019 1449 4086 apud
1498 4034 1600 4074 nos
1637 4020 1826 4074 relicta
1879 4031 2047 4085 esset,

467 4108 631 4166 facile
689 4108 744 4163 id
779 4107 927 4179 quod
983 4116 1104 4162 erat
1157 4107 1412 4176 conjeci,
1449 4124 1557 4164 non
1590 4124 1712 4165 esse
1761 4110 1902 4165 inter
1956 4125 2050 4166 eas

468 4202 715 4272 ipsarum
771 4202 1006 4267 ducem;
1074 4210 1130 4256 et
1191 4202 1535 4270 pneeedente
1593 4203 1831 4272 quodam
1890 4213 2052 4272 atque

468 4293 673 4347 ostium
718 4293 1056 4362 apperiente.
1110 4307 1328 4347 sacram
1381 4293 1528 4347 illam
1566 4294 1822 4358 domum,
1855 4294 1910 4348 in
1942 4309 2052 4365 qua

471 4382 651 4436 inerat
679 4382 772 4436 illa
823 4396 1021 4450 magna
1056 4381 1340 4452 ingressus
1365 4399 1486 4438 sum
1526 4401 1540 4450 ;
1572 4385 1925 4440 vehementer
1959 4401 2051 4440 au-

473 4481 582 4530 tem
613 4480 750 4529 tunc
776 4473 1102 4544 aegrotabat,
1128 4490 1306 4545 neque
1327 4491 1458 4531 vero
1485 4477 1539 4530 in
1580 4477 1720 4532 lecto
1744 4485 1842 4530 aut
1877 4487 2051 4532 strato

471 4565 774 4634 quopiam,
822 4564 919 4619 sed
969 4564 1120 4618 humi
1173 4565 1528 4635 quiescebat,
1571 4568 1819 4636 subjecta
1887 4583 2052 4624 sacco

472 4655 684 4722 tabula,
715 4663 772 4710 et
801 4655 973 4710 altera
1013 4667 1178 4726 caput
1207 4657 1330 4726 ejus
1363 4660 1670 4714 sustinente
1706 4661 1910 4722 tabula,
1932 4676 2053 4729 qua:

472 4746 778 4816 pulvinaris
810 4747 931 4801 loco
966 4747 1169 4817 insigni
1199 4748 1373 4818 figura
1409 4748 1609 4803 collum
1642 4750 1762 4818 ejus
1813 4751 2050 4813 subibat,

473 4847 530 4894 et
553 4839 824 4894 cervicem
859 4838 1034 4908 ipsius
1068 4839 1123 4892 in
1164 4855 1223 4895 se
1255 4839 1453 4895 decore
1493 4841 1810 4910 recipiebat.

2142 3189 2242 3260 τὴς
2283 3188 2377 3241 τοῦ
2426 3188 2709 3260 μέλλοντος
2748 3190 3080 3263 ὑποδραμὼν
3130 3190 3487 3262 διετάρασσεν
3511 3208 3529 3224 ⁶
3574 3193 3653 3257 ὡς
3681 3193 3738 3246 δὲ

2146 3284 2239 3336 καὶ
2277 3282 2395 3336 κατ’
2438 3283 2603 3336 αὑτὸν
2631 3285 2901 3354 ἐγενόμην
2931 3285 3021 3337 τὸν
3046 3287 3210 3339 τόπον
3231 3325 3246 3350 ,
3288 3287 3382 3340 καὶ
3413 3289 3738 3358 προκατήγ-

2147 3376 2343 3449 γε[ι]λε
2381 3380 2446 3447 τῇ
2489 3376 2807 3447 ἀδελφότητι
2839 3377 2937 3449 τὴν
2969 3379 3265 3450 παρουσίαν
3314 3381 3346 3450 η
3403 3382 3587 3451 φήμηο
3619 3381 3740 3434 τάξ

2149 3471 2434 3539 σύνταγμα
2463 3469 2574 3522 τῶν
2604 3469 2816 3540 ἀνδρῶν
2843 3470 2988 3524 ἅπαν
3015 3511 3030 3534 ,
3076 3473 3140 3524 ἐκ
3178 3471 3271 3525 τοῦ
3302 3472 3577 3541 ἀνδρῶνος
3605 3473 3742 3544 πρὸς

2147 3563 2294 3632 ἡμᾶς
2319 3559 2588 3631 προεχέοη
2615 3578 2629 3590 ·
2664 3560 2890 3631 σύνηθες
2926 3561 3034 3632 γὰρ
3062 3563 3243 3626 αὐτοῖς
3269 3566 3435 3635 τιμᾷν
3464 3567 3531 3634 τῇ
3565 3567 3737 3618 ὑπαν-

2148 3655 2301 3722 τήσει
2349 3653 2474 3716 τοὺς
2501 3651 2892 3722 καταθυμίους.
2933 3653 2990 3703 'tl
3019 3653 3076 3706 δὲ
3108 3655 3165 3706 ἐν
3207 3654 3420 3720 γυναιξὶ
3452 3657 3557 3724 τῆς
3589 3673 3734 3726 παρ-

2150 3743 2329 3806 θενίας
2361 3745 2521 3815 χορὸς
2549 3743 2835 3814 εὐκόσμως
2867 3745 3007 3798 κατὰ
3030 3744 3128 3816 τὴν
3157 3745 3448 3814 ἐκκλησίαν
3475 3747 3581 3817 τὴν
3613 3749 3735 3800 εἶσ-

2149 3837 2266 3890 οδον
2293 3837 2448 3907 ἡμῶν
2485 3836 2768 3907 ἀνέμενεν.
2809 3837 2960 3890 Ἐπεὶ
2983 3837 3040 3890 δὲ
3075 3838 3226 3899 τέλος
3256 3834 3397 3907 εἶχεν
3441 3840 3474 3908 ἡ
3503 3840 3642 3908 εὐχή
3681 3857 3740 3892 τε

2151 3928 2246 3981 καὶ
2279 3930 2312 3998 ή
2338 3927 2578 3994 εὐλογία.
2609 3929 2706 3981 καὶ
2735 3930 2790 3981 αἱ
2827 3929 2922 3999 μέν
2949 3929 3088 3998 μετὰ
3115 3929 3175 3981 τὸ
3203 3930 3459 3999 ὑποσχεῖν
3490 3933 3562 4002 τῇ
3591 3933 3742 3984 εὐλο-

2151 4020 2246 4092 γίᾳ
2278 4019 2374 4090 τὴν
2426 4019 2670 4090 κεφαλὴν
2718 4021 3072 4089 εὐσχημόνως
3125 4020 3550 4085 άναποδίζουσαι
3604 4023 3744 4092 πρὸς

2155 4111 2352 4172 ἑαυτὰς
2372 4109 2700 4181 ἀνεχώρουν,
2725 4111 3049 4163 ὑπελείπετο
3072 4111 3128 4163 δὲ
3149 4111 3206 4177 ἐξ
3231 4111 3409 4164 αὐτῶν
3434 4113 3574 4183 πρὸς
3595 4115 3746 4184 ἡμᾶς

2153 4201 2396 4269 οὐδεμίαο
2435 4200 2660 4264 εἰκάσας
2694 4201 2832 4269 ὅπερ
2865 4197 2954 4271 ἦν,
2993 4201 3067 4271 μὴ
3101 4203 3159 4254 ἐν
3198 4203 3432 4265 ἐκείναις
3472 4201 3618 4258 εἶναι
3643 4208 3744 4276 τὴν

2157 4292 2603 4363 καθηγουμένην,
2633 4293 3090 4363 προηγησαμένου
3131 4294 3271 4356 τινὸς
3302 4295 3388 4347 ἐπὶ
3427 4296 3516 4349 τὸν
3558 4292 3740 4364 οἶκον,

2155 4387 2212 4437 ἐν
2244 4377 2290 4452 ᾧ
2321 4380 2389 4453 ἦν
2425 4383 2507 4454 [ἡ]
2537 4384 2786 4454 Μεγάλη,
2831 4384 2924 4438 καὶ
2953 4385 3054 4455 τὴν
3084 4384 3252 4456 θύραν
3289 4386 3741 4454 διαπετάσαντος,

2155 4477 2304 4538 ἐντὸς
2342 4479 2440 4544 τῆς
2481 4477 2632 4545 ἱερᾶς
2659 4478 2873 4546 ἐκείνης
2907 4478 3174 4546 ἐγενόμην
3217 4479 3414 4548 μονῆςο
3453 4481 3485 4550 ἡ
3515 4481 3577 4533 δὲ
3611 4499 3744 4550 σφο-

2152 4566 2292 4637 δρῶς
2329 4565 2433 4636 ἤδη
2457 4569 2523 4636 τῇ
2544 4566 2835 4645 ’ἀρρωστία
2873 4567 3172 4636 κατείχετο·
3209 4568 3510 4623 ἀνεπαύετο
3548 4572 3610 4624 δὲ
3641 4574 3744 4626 οὐκ

2154 4659 2246 4712 ἐπὶ
2276 4659 2462 4727 κλίνης
2491 4659 2632 4721 τινὸς
2661 4660 2694 4729 ἢ
2727 4664 3012 4731 στρωμνῆς
3035 4701 3048 4723 ,
3076 4663 3187 4715 ἀλλ’
3227 4665 3318 4716 ἐπὶ
3357 4663 3450 4716 τοῦ
3486 4665 3743 4733 ἐδάφους.

2159 4749 2365 4811 σανίδος
2411 4748 2818 4818 ὑποτεταμένης
2856 4750 2933 4820 τῷ
2969 4752 3157 4822 σάκκῳ
3181 4795 3196 4816 ,
3234 4756 3325 4807 καὶ
3365 4756 3463 4826 τὴν
3496 4758 3746 4827 κεφαλὴν

2157 4842 2351 4911 ἐτέρας
2385 4841 2546 4892 πάλιν
2597 4840 2806 4903 σανίδος
2857 4842 3279 4914 ὑπερειδούσης,
3307 4842 3374 4917 ἧς
3421 4849 3454 4918 ἡ
3508 4851 3747 4918 ἐργασία,

473 4932 697 5004 τοιαύτη
743 4950 826 4996 τις
858 4927 964 5004 ἦν,
994 4932 1069 4997 ὡς
1113 4932 1233 4987 ἀντὶ
1262 4933 1696 5004 προσκεφαλαίου
1736 4937 1802 5004 τῇ
1845 4937 2055 5008 κεφαλῇ
2095 4935 2370 5006 γίνεσθαι,
2405 4935 2462 4999 ἐν
2499 4931 2636 5002 λοξῴ
2709 4933 2786 5004 τῷ
2838 4935 3075 5004 σχήματι
3124 4939 3248 5001 τοὺς
3290 4939 3540 5004 τένοντας
3612 4944 3748 4996 ὐπο-

477 5027 770 5094 ϐαίνουσα,
806 5029 902 5082 καὶ
932 5028 1284 5100 καταθυμίως
1316 5029 1585 5100 ἀνέχουσα
1616 5030 1701 5098 ἐφ’
1736 5031 1936 5100 ἑαυτῆς
1966 5032 2058 5084 τὸν
2096 5031 2316 5102 αὐχένα.

547 5118 684 5174 Cum
711 5118 879 5190 igitur
903 5120 1132 5176 vidisset
1160 5136 1247 5176 me
1275 5137 1442 5193 prope
1487 5121 1635 5177 fores
1665 5137 1806 5187 esse,
1846 5138 1970 5178 sese
2000 5124 2056 5178 in

480 5211 732 5265 cubitum
760 5211 1002 5280 erigens,
1030 5227 1323 5269 accurrere
1357 5213 1448 5267 illa
1487 5213 1706 5283 quidem
1738 5229 1848 5268 non
1881 5216 2057 5284 potuit

481 5301 642 5373 (nam
669 5300 808 5356 febri
841 5301 1156 5359 defecerant
1184 5305 1388 5371 vires),
1423 5305 1520 5360 sed
1562 5311 1744 5360 tamen
1793 5307 1912 5360 solo
1945 5321 2060 5359 ma-

479 5406 614 5446 num
666 5389 913 5462 aﬂigens.
977 5408 1146 5464 seque
1185 5402 1450 5462 quantum
1497 5401 1714 5463 poterat
1753 5410 1818 5450 ex
1865 5395 2058 5448 humili

2238 5122 2391 5175 Ἐπεὶ
2440 5115 2535 5174 οὖν
2560 5116 2699 5174 εἶδεν
2742 5123 2908 5190 ἐγγὺς
2950 5121 3060 5175 τῶν
3103 5122 3283 5194 θυρῶν
3323 5141 3389 5193 με
3427 5125 3747 5195 γενόμενον,

2155 5211 2445 5284 ὀρθῶσασα
2501 5211 2698 5281 ἑαυτὴν
2753 5213 2839 5265 ἐπ’
2887 5211 3170 5280 ἀγκῶνος,
3222 5213 3592 5285 προσδραμεῖν
3649 5217 3748 5282 οὐχ

2158 5307 2246 5360 οἵα
2269 5305 2315 5358 τ’
2342 5300 2432 5375 ἦν,
2467 5305 2524 5356 ἐν
2565 5303 2641 5373 τῷ
2684 5304 2901 5375 πυρετῷ
2947 5305 3047 5374 ἤδη
3092 5305 3192 5374 τῆς
3243 5305 3422 5375 ίσχύος
3462 5307 3750 5360 ὑπολυθεί-

2165 5416 2284 5469 σης·
2330 5397 2547 5468 πήξασα
2575 5397 2631 5450 δὲ
2674 5397 2765 5449 ἐπὶ
2799 5396 2892 5450 τοῦ
2917 5397 3144 5467 ἐδάφους
3176 5399 3274 5461 τὰς
3301 5402 3509 5468 χεῖρας,
3537 5401 3632 5452 καὶ
3658 5400 3745 5465 ἐφ’

486 5481 689 5536 lectulo
742 5498 1094 5553 promovens,
1154 5483 1418 5541 honorem
1469 5486 1682 5552 habuit,
1732 5503 1894 5557 quem
1929 5488 2040 5542 mih

2163 5491 2289 5542 ὅσον
2317 5483 2428 5542 οἷόν
2471 5506 2530 5541 τε
2565 5485 2652 5559 ἦν,
2686 5489 2790 5554 ἔξω
2836 5487 3034 5559 ἑαυτὴν
3066 5488 3161 5542 τοὺ
3190 5491 3484 5561 χαμευνίου
3527 5492 3743 5562 προτείο

486 5584 715 5628 ouvmns
751 5583 1015 5641 prastare
1044 5591 1153 5630 non
1172 5585 1385 5646 poterat

491 5663 849 5736 anilibusque
878 5666 1189 5738 suscipiens
1220 5669 1368 5724 humi
1412 5668 1683 5740 dejectam
1715 5670 1968 5738 excitavi,
2009 5679 2062 5726 ct

1434 5594 1446 5630 :
1499 5577 1593 5632 sed
1623 5578 1731 5648 ego‘
1765 5593 2064 5634 accurrens

2172 5597 2328 5643 νασα,
2376 5580 2474 5650 τὴν
2515 5581 2613 5649 τῆς
2658 5581 3010 5650 ὑπαντήσεως
3048 5581 3282 5652 ἐπλήρου
3331 5585 3532 5650 τιμήν·
3597 5582 3742 5647 κάγὼ

2173 5671 2572 5743 προσδραμὼν,
2621 5672 2714 5726 καὶ
2757 5674 2873 5734 ταῖς
2913 5673 3096 5742 χερσὶν
3153 5674 3431 5728 ὑποϐαλὼν
3483 5673 3659 5745 χαμαὶ
3685 5674 3742 5726 ’.2)
