3834 6498
73 434 164 490 97ῗ
282 470 291 477 υ
1275 425 1364 479 DE
1399 425 1557 481 VITA

1769 425 2048 483 lClllNAﬁ.
3177 428 3283 484 978

71 544 331 616 πρόσωπον
363 540 698 611 κεκλιμένον,
755 538 1057 611 ἀνώρθωσά
1108 557 1165 593 τε
1206 540 1376 612 αὐτὴν
1430 542 1585 595 πάλιν

1773 542 1885 596 Ibili
1922 541 2086 597 solito
2145 541 2380 596 restitui.
2419 540 2516 596 llic
2560 543 2652 596 illa
2707 543 2965 597 manibus
3018 543 3084 597 ad
3118 542 3287 598 Deum

64 637 144 689 καὶ
164 634 409 689 ἀπέδωκα
435 632 515 704 τῷ
536 631 770 703 συνήθει
806 632 906 703 τῆς
933 631 1307 696 κατακλίσεως
1346 636 1578 705 σχήματι

1772 634 1973 689 ihlatis:
2004 652 2021 685 ι
2044 632 2316 696 Gratias,»
2341 634 2567 704 inquit,¢
2597 634 2691 688 tibi
2712 651 2834 706 ago,
2864 635 3093 692 Domine
3122 637 3286 700 Deus.

74 728 129 778 Ἦ
150 725 205 777 δὲ
247 723 564 796 προτείνασα
600 723 677 794 τῷ
708 722 826 793 Θεῷ
851 722 949 793 τὴν
980 726 1156 793 χεῖρα,
1201 741 1219 774 ι
1258 724 1368 777 Καὶ
1409 724 1588 794 ταύτηι

1779 724 1807 776 Ii
1833 733 1887 779 et
1917 724 2020 778 hoc
2053 724 2187 778 mihi
2222 724 2455 794 largitus
2488 739 2569 789 es,
2599 741 2701 780 nec
2739 726 2888 795 quod
2922 729 3145 798 optabat
3174 731 3293 782 ani-

70 814 368 887 ὲπλήρωσάς
422 832 548 884 μοι,
588 833 608 867 ι
660 812 815 883 φησὶ,
854 831 873 865 ι
909 812 1005 883 τὴν
1050 812 1228 884 χάριν,
1272 816 1301 866 6
1330 813 1487 878 Θεός·
1522 831 1584 867 κα

1777 830 1839 869 us
1891 830 2046 871 meus
2092 816 2143 870 ei
2203 816 2483 885 denegasti
2527 833 2539 868 :
2597 818 2692 873 sed
2746 818 3015 888 impulisti
3075 835 3291 875 servum

62 911 147 978 οὐχ
185 906 479 977 ὑστέρησάς
512 923 579 976 με
602 906 666 959 ἐκ
698 905 799 975 τῆς
852 905 1147 974 ἐπιθυμίας
1201 922 1305 974 μου
1326 923 1339 936 ⁸
1388 906 1470 958 ὃτι
1501 907 1576 959 ἐκι

1782 924 1894 973 um,
1924 917 1983 963 ut
2008 902 2265 964 metuam
2293 909 2548 963 ancillam
2573 910 2853 965 inviseret.
2877 929 2896 962 ι
2935 911 3013 965 Ac
3034 926 3103 966 ne
3131 926 3294 980 quam

64 1016 221 1072 νησας
256 998 338 1051 τὸν
368 997 457 1051 σὺν
495 997 714 1066 οἰκέτην
760 998 842 1059 είς
877 996 1162 1065 ἐπίσκεψιν
1194 999 1293 1067 τῆς
1326 996 1578 1066 παιδίσκη

1780 999 1903 1052 ιίιιιο
1944 1000 2253 1054 molestiam
2300 1008 2637 1069 aspergeret,
2681 1002 2942 1069 gemitum
2994 1001 3294 1066 molliebat,

65 1111 167 1148 σου.
213 1111 231 1145 ι
263 1094 366 1146 Καὶ
392 1092 467 1153 ὡς
509 1090 575 1146 ἂν
615 1090 884 1161 μηδεμίαν
928 1088 1197 1157 ἐπαγάγοι
1230 1093 1295 1160 τῇ
1331 1090 1435 1159 ἐμῇ
1470 1089 1578 1159 eux

1800 1090 1985 1144 celare
2030 1090 2401 1146 difﬁcultatem
2456 1091 2702 1161 spirandi
2752 1077 3076 1155 conabatur,
3129 1109 3298 1162 seque

61 1184 358 1254 δυσθυμίαν,
387 1182 478 1235 τὸν
506 1182 805 1251 στεναγμὸν
825 1180 1186 1252 κατεπράῦνε,
1223 1180 1317 1233 καὶ
1360 1180 1458 1252 τὴν
1490 1198 1575 1232 om

1782 1182 1787 1233 l
1838 1180 2168 1236 hilaritatem
2225 1184 2376 1236 omni
2429 1183 2645 1237 ratione
2702 1185 3013 1246 revocabat,
3064 1184 3296 1252 jucundi

63 1274 182 1343 οχὴν
232 1272 320 1325 τοῦ
364 1271 639 1341 ἄσθματος
699 1270 961 1342 κρύπτειν
1026 1288 1142 1334 πως
1197 1268 1480 1334 ἐϐιάζετο*
1532 1270 1577 1323 δι

1787 1272 1993 1327 rmonis
2052 1281 2107 1327 et
2160 1274 2278 1344 ipsa
2310 1290 2564 1344 quaerens
2607 1276 2981 1338 occasionem,
3034 1282 3089 1329 et
3133 1274 3296 1330 nobis

68 1367 271 1419 πάντων
296 1382 352 1418 τε
381 1364 516 1435 πρὸς
549 1364 609 1416 τὸ
649 1362 1012 1434 εὐθυμότερον
1048 1362 1457 1434 μεθηρμόξετο,
1510 1364 1582 1416 τῶ

1786 1365 2247 1431 terrogationibus
2279 1365 2395 1421 suis
2425 1367 2707 1419 materiam
2735 1366 3005 1436 praebens.
3039 1364 3147 1419 Sed
3173 1380 3300 1419 eum

64 1456 394 1526 καταθυμίων
437 1456 607 1523 λόγων
642 1455 776 1525 αὐτή
810 1471 870 1507 τε
916 1453 1300 1526 κατάρχουσα,
1351 1456 1444 1509 καὶ
1490 1457 1578 1526 ήμῐ

1789 1457 1895 1511 ries
1926 1456 2047 1525 ipsa
2080 1458 2351 1513 sermonis
2384 1474 2486 1512 nos
2517 1460 2585 1513 ad
2622 1459 2955 1513 mentionem
3001 1458 3069 1512 de
3098 1456 3303 1513 Basilio

62 1548 152 1611 τὰς
183 1546 428 1618 ἀφορμὰς
448 1588 461 1610 ,
500 1547 567 1600 δι’
598 1540 672 1601 ὧν
704 1543 925 1617 ἠρώτα,
959 1545 1471 1617 παρασκευάζουσα.
1513 1548 1576 1599 Ti

1788 1547 2094 1611 :rduxis‘set,
2142 1549 2276 1602 mihi
2320 1550 2539 1618 quidem
2586 1558 2897 1605 commotus
2935 1560 3020 1605 est
3063 1549 3302 1607 animus.

61 1637 112 1690 δὲ
144 1637 271 1708 περὶ
298 1636 383 1690 τοῦ
410 1636 644 1706 μεγάλου
676 1636 956 1689 Βασιλείου
990 1637 1209 1708 μνήμης
1238 1640 1304 1706 τῇ
1333 1636 1575 1689 ἀκολουθί

1810 1654 1921 1707 ρτω
1965 1640 2229 1694 mtestitia
2281 1643 2465 1696 vultus
2497 1642 2759 1707 concidit,
2809 1654 2863 1697 et
2898 1658 2964 1697 ex
2996 1642 3175 1696 oculis
3226 1641 3307 1694 la-

62 1725 147 1777 τοῦ
185 1726 340 1794 λόγου
379 1725 871 1798 παρεμπεσούσης,
925 1727 1049 1797 ἐμοὶ
1100 1727 1199 1797 μὲν
1242 1725 1557 1791 ἐπώκλαζεν

1793 1740 1929 1797 ymze
1953 1725 2284 1784 deﬂuebant.
2321 1730 2390 1782 At
2428 1731 2518 1783 illa
2552 1741 2763 1785 tantum
2796 1729 2989 1796 abfuit,
3024 1738 3084 1784 ut
3114 1730 3307 1785 eadem

59 1814 222 1886 ψυχὴ,
261 1817 350 1868 καὶ
390 1816 718 1869 συνέπιπτεν
746 1816 805 1868 ἐν
845 1816 1115 1888 κατηφείᾳ
1140 1817 1207 1869 τὺ
1242 1817 1552 1887 πρόσωπον’

1798 1818 2145 1873 rturhatione
2190 1822 2481 1877 nobiscum
2528 1823 2883 1893 dejiceretur,
2920 1831 2978 1876 ut
3017 1838 3081 1877 ex
3120 1821 3307 1877 Basilii

60 1908 111 1960 δὲ
149 1907 396 1961 τοσοῦτον
448 1908 653 1977 ἀπέσχε
696 1909 774 1979 τῷ
825 1910 1080 1981 ἡμετέρῳ
1124 1911 1574 1981 συνταπεινωθῆνι

1794 1909 2017 1973 emoria,
2068 1910 2408 1966 sublimioris
2454 1912 2813 1983 philosophiae
2848 1913 3134 1967 materiam
3168 1913 3308 1964 arri-

60 1997 246 2062 πάθει,
274 1999 410 2052 ὥστε
438 2000 693 2071 ἀφορμὴν
728 2003 1073 2072 ποιησαμένη
1107 2002 1445 2072 ὑψηλοτέρας
1475 2004 1574 2072 φιλ‹

1878 2016 1908 2061 ι,
1967 2015 2032 2055 ea
2086 2001 2405 2071 disputarit,
2458 2018 2643 2058 rerum
2692 2004 3060 2058 humanarum
3109 2016 3311 2056 causas
3386 2062 3392 2072 ι

62 2088 250 2158 σοφίας
278 2089 370 2160 τὴν
399 2091 527 2161 περὶ
559 2090 652 2144 τοῦ
694 2092 878 2160 Ἀγίου
920 2094 1162 2163 μνήμην,
1193 2093 1464 2158 τοιούτους
1487 2095 1576 2147 διελ

1799 2090 2045 2159 quirens,
2100 2101 2154 2145 et
2193 2092 2474 2146 occultam
2527 2097 2580 2146 in
2618 2093 2788 2148 rebus
2833 2092 3078 2147 adversis
3129 2089 3313 2160 provi-

59 2180 187 2249 ἦλθε
223 2181 407 2249 λόγους
441 2183 835 2252 φυσιολογοῦσά
855 2200 914 2237 τε
940 2184 1001 2237 τὸ
1031 2183 1389 2255 ἀνθρώπινον,
1418 2187 1512 2239 καὶ
1535 2203 1573 2237 ττ

1801 2182 1971 2235 ntiam
2002 2182 2099 2237 Dei
2137 2184 2373 2238 dicendo
2398 2185 2674 2255 aperiens,
2704 2193 2759 2240 et
2786 2201 2908 2256 qua:
2938 2185 3220 2255 pertinent
3245 2182 3314 2237 ad

60 2272 209 2329 θείαν
246 2276 550 2345 οἰκονομίαν
597 2275 695 2346 τὴν
727 2275 814 2329 διὰ
853 2277 961 2328 τῶν
1011 2276 1352 2347 σκυθρωπῶν
1390 2294 1574 2347 κεκρυι

1801 2274 2171 2335 .aml’uturam
2204 2284 2467 2346 tanquam
2500 2276 2689 2331 divino
2716 2277 2915 2349 spiritu
2959 2276 3159 2338 aﬂlato,
3188 2289 3315 2344 per-

60 2363 229 2434 μένην
255 2364 331 2434 τῷ
361 2364 506 2435 λόγῳ
534 2363 987 2418 ’διακαλύπτουσα
1008 2383 1021 2397 °
1047 2366 1116 2418 τά
1137 2382 1197 2416 τε
1224 2365 1351 2436 περὶ
1378 2364 1479 2433 τῆς
1504 2381 1568 2434 με

1808 2381 1990 2429 rrens,
2028 2374 2089 2420 ut
2115 2368 2336 2423 animus
2375 2383 2533 2422 meus
2561 2367 2724 2422 dictis
2770 2368 2919 2423 illius
2948 2368 3227 2424 excitatus
3267 2376 3319 2420 et

59 2454 255 2526 λούσης
278 2456 436 2527 ζωῆς,
473 2457 723 2528 καθάπερ
759 2457 1156 2529 θεοφορουμένη
1190 2457 1269 2527 τῷ
1298 2456 1436 2527 ἁγίῳ
1466 2459 1568 2510 Πνε

1804 2474 1857 2513 .IS
1880 2461 2131 2515 oratione
2162 2461 2219 2515 in
2244 2461 2566 2517 coelestibus
2591 2460 2772 2534 adytis
2795 2462 3135 2516 constitutus
3164 2468 3318 2514 extra

62 2564 213 2616 ματι,
261 2548 559 2615 διεξιοῦσα·
610 2548 749 2601 ὥστε
798 2565 885 2609 μοι
934 2548 1031 2619 τὴν
1067 2548 1245 2618 ψυχὴν
1283 2548 1386 2615 ἔξω
1435 2566 1576 2619 μικρι

1478 2547 1631 2619 ικροῦ
1737 2561 1990 2606 naturam
2027 2554 2268 2609 hominis
2298 2555 2509 2625 positus
2537 2570 2663 2610 esse
2690 2555 2987 2610 videretur.

58 2640 171 2697 δεῖν
241 2642 336 2712 τῆς
417 2639 761 2709 ἀνθρωπίνης
826 2638 1039 2707 φύσεως
1080 2634 1218 2691 εἶναι
1243 2640 1417 2692 δοκεῖν
1471 2644 1897 2713 συνεπαρθεῖσαν
1960 2650 2069 2709 τοῖς
2116 2647 2458 2718 λεγομένοις,
2519 2648 2614 2699 καὶ
2662 2647 2814 2711 ἐντὸς
2896 2646 3003 2702 τῶν
3054 2643 3321 2716 οὐρανίων

57 2736 267 2789 ἀδύτων
289 2737 352 2805 τῇ
381 2733 721 2804 χειραγωγίᾳ
754 2733 845 2786 τοῦ
872 2733 1031 2801 λόγου
1069 2733 1492 2804 καθισταμένην.

129 2828 243 2882 Καὶ
266 2827 449 2898 ὥσπερ
494 2826 587 2880 ἐπὶ
634 2826 733 2896 τῆς
776 2825 872 2879 τοῦ
913 2825 1029 2878 Ἰὼϐ
1068 2826 1305 2897 ἱστορίας
1344 2809 1633 2897 ἀκούομεν,

1816 2828 1894 2879 Ac
1927 2826 2391 2896 quemadmodum
2422 2827 2543 2891 Job,
2578 2835 2639 2880 ut
2669 2826 2727 2881 in
2774 2826 2895 2895 ejus
2927 2825 3156 2882 historia
3190 2827 3322 2899 legi—

58 2920 141 2971 ὂτι
179 2917 510 2987 πανταχόθεν
554 2919 619 2988 τῇ
655 2916 905 2986 σηπεδόνι
932 2916 1040 2969 τῶν
1077 2917 1405 2987 τραυμάτων
1433 2918 1572 2986 δλῳι

1810 2935 1888 2983 us,
1952 2920 2205 2989 quamvis
2262 2929 2436 2974 totum
2474 2934 2711 2988 corpus,
2746 2920 3030 2975 ulceribus
3080 2920 3324 2991 undique

58 3011 281 3079 σώματι
308 3010 372 3062 δι’
404 3008 613 3080 ίχώρων
636 3011 664 3062 6
694 3010 832 3080 ἀνὴρ
873 3010 1288 3079 συντηκόμενος,
1319 3010 1378 3062 ού
1412 3010 1548 3080 πρὸς

1811 3012 2215 3078 noscentibus,
2264 3012 2421 3067 sanie
2479 3011 2918 3075 contabesceret,
2977 3024 3202 3065 sensum
3257 3012 3325 3064 ad

60 3103 298 3171 ἀλγύνον
318 3100 413 3171 τὴν
446 3100 697 3172 αἴσθησιν
720 3094 835 3164 τοῖς
858 3100 1135 3170 λογισμοῖς
1170 3100 1499 3163 ἐπεκλίνετο,
1526 3099 1574 3153 ἀ]

1822 3106 1991 3159 lorem
2024 3105 2409 3159 ratiocinando
2436 3120 2548 3160 non
2576 3103 2904 3159 demittebat
2931 3118 2945 3156 :
2976 3103 3071 3158 sed
3098 3117 3328 3173 corpore

62 3198 122 3247 ἐν
152 3194 251 3264 μὲν
278 3193 351 3263 τῷ
388 3191 622 3263 σώματι,
654 3192 717 3244 τὸ
750 3191 948 3259 ἀλγοῦν
986 3187 1163 3260 εἶχεν
1216 3193 1244 3243 6
1274 3190 1329 3243 δὲ
1361 3191 1498 3260 πρὸς
1544 3208 1574 3243 τ

1813 3199 1968 3253 iidem
1993 3198 2266 3253 sentiebat
2290 3197 2557 3264 dolorem,
2591 3196 2775 3251 animo
2803 3209 2933 3248 vero
2958 3193 3025 3248 ad
3048 3194 3327 3265 propriam

66 3287 207 3339 ίδίαν
244 3287 518 3354 ἐνέργειαν
572 3285 671 3338 οὐκ
720 3283 1054 3354 ἠμϐλύνετο,
1087 3283 1209 3335 ούδέ
1244 3281 1497 3336 διέκοπτε
1556 3300 1580 3335 τ

1817 3293 2021 3345 tionem
2074 3290 2247 3344 nihilo
2292 3288 2470 3344 factus
2502 3296 2617 3343 erat
2661 3286 3030 3353 imbecillior;
3069 3301 3168 3341 nec
3206 3301 3330 3343 ser-

62 3380 229 3446 λόγον
262 3382 370 3441 τοῖς
397 3377 751 3449 ὑψηλοτέροις
777 3376 1174 3445 ἐμϐατεύονταο
1205 3375 1440 3429 τοιοῦτόν
1466 3394 1519 3428 τι
1556 3395 1576 3429 a

1820 3396 1967 3437 )nem
1994 3380 2283 3435 altioribus
2314 3380 2382 3434 de
2412 3379 2578 3434 rebus
2625 3378 2936 3433 institutum
2967 3377 3334 3446 interrumpe-

63 3471 168 3522 ἐπὶ
199 3469 302 3536 τῆς
333 3470 571 3539 μεγάλης
603 3469 789 3539 ἐώρων
815 3468 1048 3538 ἐκείνης,
1080 3467 1175 3521 τοῦ
1205 3468 1440 3540 πυρετοῦ
1473 3470 1577 3521 πᾶσ

1826 3484 1883 3528 t:
1937 3473 2018 3527 sie
2076 3474 2129 3526 in
2185 3486 2381 3542 magna
2434 3471 2535 3525 illa,
2557 3471 2896 3525 cernebam:
2953 3470 3157 3523 etenim
3210 3468 3336 3523 licet

61 3562 174 3631 τὴν
218 3561 447 3631 δύναμιν
494 3561 662 3631 αὐτῆς
717 3559 1192 3629 καταφρύγοντος,
1256 3561 1351 3613 καὶ
1402 3560 1575 3631 πρὸς,

1821 3565 1925 3620 bris
1958 3580 2119 3620 omne
2167 3565 2339 3619 robur
2385 3562 2562 3634 ipsius
2609 3562 2971 3624 exsiccassct,
3029 3570 3082 3614 et
3133 3575 3335 3629 corpus

67 3652 305 3705 θάνατον
333 3650 765 3717 συνελαύνοντος,
799 3650 1051 3720 καθάπερ
1071 3650 1246 3721 δρόσῳ
1274 3651 1382 3703 τινὶ
1405 3650 1467 3703 τὸ
1500 3650 1575 3703 ad)

1825 3674 1877 3712 ιε
1905 3664 2163 3726 tanquam
2198 3670 2324 3711 rore
2353 3652 2593 3726 quodam
2624 3652 2980 3721 frigefaciens
3009 3650 3076 3704 ad
3106 3658 3339 3705 mortem

67 3743 282 3811 ἑαυτῆς
320 3731 698 3811 ἀναψύχουσά,
744 3740 915 3806 οὕτως
947 3742 1387 3815 ἀπαραπόδιστον
1424 3740 1567 3813 εἶχεν

1831 3745 2133 3815 mpelleret,
2164 3750 2404 3797 mentem
2433 3750 2614 3796 tamen
2640 3740 2976 3811 expeditam,
3005 3750 3059 3795 et
3082 3750 3341 3809 tanquam

67 3838 143 3905 τῇ
172 3835 303 3904 περὶ
336 3833 443 3887 τῶν
468 3833 687 3905 ὑψηλῶν
721 3834 922 3905 θεωρίᾳ
950 3834 1040 3887 τὸν
1069 3834 1212 3900 νοῦν,
1245 3835 1394 3887 οὐδὲν
1432 3834 1537 3886 ὑπὸ
1563 3851 1581 3886 1

1830 3838 1956 3892 orbo
1979 3837 2226 3901 illaesam,
2252 3836 2307 3889 in
2332 3850 2516 3889 rerum
2542 3833 2859 3889 sublimium
2883 3832 3344 3901 contemplatione

67 3927 353 3997 τοσαύτης
400 3926 711 3995 ἀρρωστίας
756 3926 1301 3997 παραϐλαπτόμενον.
1350 3926 1457 3978 Καὶ
1503 3927 1551 3977 εί

1828 3929 2061 3985 ιιίιιθιηιι.
2092 3926 2249 3992 Quod
2277 3927 2381 3981 nisi
2410 3940 2651 3986 vererer,
2674 3940 2743 3978 ne
2773 3925 2830 3977 in
2861 3924 3189 3978 immensum
3215 3937 3342 3975 ora-

66 4019 221 4089 πρὸς
268 4019 494 4089 ἄπειρον
527 4017 819 4083 ἐξετείνετο
869 4019 1041 4089 μῆκος
1080 4021 1112 4088 ἡ
1145 4018 1452 4089 συγγραφὴ,
1488 4017 1580 4072 πάι

1821 4037 1841 4076 J
1862 4021 2298 4092 protraheretur,
2325 4018 2519 4072 ordine
2542 4026 2741 4072 cuncta
2768 4024 3095 4086 persecutus
3119 4028 3297 4069 essem
3322 4031 3335 4065 :

67 4112 145 4165 ἂν
175 4109 411 4181 καθεξῆς
438 4109 783 4181 διηγησάμην
802 4126 816 4140 ⁸
844 4111 991 4172 ὅπως
1014 4110 1227 4181 ἐπήρθη
1262 4110 1339 4181 τῷ
1369 4110 1510 4181 λόγῳ
1540 4128 1581 4163 π

1830 4112 2043 4167 ιοιηοιιο
2085 4110 2319 4165 dicendo
2374 4116 2629 4178 provecta
2677 4108 2773 4171 sit,
2810 4114 2871 4160 ut
2908 4115 2963 4161 et
2996 4107 3063 4160 de
3108 4105 3344 4160 hominis

65 4220 137 4255 τε
168 4204 274 4273 τῆς
300 4202 477 4273 ψυχῆς
506 4204 636 4272 ἡμῖν
657 4200 1053 4271 φιλοσοφοῦσα,
1085 4204 1180 4255 καὶ
1212 4203 1309 4272 τῆς
1342 4202 1431 4255 δίά
1466 4219 1579 4273 σαρτ

1829 4206 1953 4260 timo
1984 4205 2313 4274 disputaret,
2347 4202 2724 4270 rationemque
2753 4200 2879 4253 vitae
2904 4200 3069 4269 hujus
3093 4200 3150 4253 in
3175 4213 3343 4252 carne

70 4294 231 4364 ζωῆς
254 4292 357 4364 τὴν
384 4294 562 4347 αἰτίαν
594 4292 865 4358 διεξιοῦσα
885 4310 897 4322 '
935 4295 1028 4347 καὶ
1058 4295 1182 4347 ὅτου
1211 4294 1370 4364 χάριν
1402 4294 1431 4345 6
1460 4293 1584 4362 ἀνθρ

1832 4307 2138 4360 :rcurreret,
2180 4306 2235 4352 et
2263 4311 2423 4365 quem
2451 4293 2519 4348 ad
2553 4293 2715 4350 ﬁnem
2752 4294 2941 4358 homo,
2971 4301 3026 4347 et
3067 4290 3346 4362 quomodo

67 4403 183 4448 πος
203 4425 219 4449 ,
258 4386 356 4439 καὶ
391 4386 539 4448 ὅπως
580 4385 772 4456 θνητός
794 4402 807 4416 ·
834 4386 927 4440 καὶ
951 4386 1071 4439 ὅθεν
1095 4387 1123 4438 ό
1148 4386 1375 4449 θάνατος
1397 4401 1410 4415 ο
1452 4385 1547 4437 καὶ

1833 4390 2022 4446 ortalis
2045 4398 2100 4445 et
2130 4403 2238 4459 qua
2271 4390 2337 4443 de
2371 4401 2539 4442 causa
2578 4384 2929 4449 immortalis,
2973 4392 3027 4439 et
3058 4399 3180 4453 qua:
3219 4383 3347 4437 hinc

66 4480 109 4547 ἡ
150 4478 266 4531 ἀπὸ
290 4477 486 4530 τούτου
518 4477 656 4548 πρὸς
675 4477 773 4549 τὴν
799 4477 944 4550 ζωὴν
968 4479 1128 4532 πάλιν
1153 4477 1427 4539 ἀνάλυσις.
1471 4477 1560 4529 Ἐν

1834 4477 2102 4532 [alteram
2157 4478 2327 4531 vitam
2396 4475 2686 4531 resolutio.
2725 4475 2856 4542 Quae
2893 4475 3112 4544 quidem
3164 4473 3348 4528 omnia

68 4578 318 4637 ἅπασιν,
341 4572 531 4646 ὥσπερ
563 4574 963 4644 ἐμπνευσθεωα
1009 4576 1075 4644 τῇ
1113 4573 1338 4642 δυνάμει
1380 4570 1474 4624 τοῦ
1518 4573 1582 4638 ἀγ

1839 4585 2040 4640 nquam
2077 4570 2128 4625 vi
2173 4569 2403 4640 spiritus
2440 4578 2617 4637 rapta,
2662 4567 2938 4637 sapienter
2984 4564 3351 4635 distincteque

68 4669 229 4723 Πνεύ
239 4686 412 4738 ματος
437 4669 610 4721 πάντα
629 4666 825 4736 διεξῄει
850 4666 1034 4734 σαφῶς
1055 4682 1112 4718 τε
1137 4665 1231 4717 κα)⁸
1256 4662 1581 4726 ἀκολούθως,

1836 4662 2101 4727 :claravit,
2131 4663 2384 4717 oratione
2416 4662 2589 4733 ipsius
2629 4659 2787 4714 facile
2819 4667 3081 4730 tanquam
3112 4674 3252 4729 aqua
3285 4674 3350 4712 ex

69 4761 319 4832 ευκολίᾳ.
352 4760 504 4832 πάσῃ
531 4759 626 4812 τοῦ
660 4758 819 4824 λόγου
856 4759 1069 4828 ῥέοντος
1098 4756 1348 4826 καθάπερ
1394 4755 1459 4807 ἐκ
1487 4771 1583 4825 πηπ

1838 4756 1966 4825 iquo
1994 4755 2144 4808 fonte
2182 4754 2452 4809 deﬂuente
2485 4761 2537 4807 et
2565 4752 2682 4808 sine
2710 4752 2823 4806 ullo
2845 4751 3239 4821 impedimento
3260 4766 3352 4820 per

70 4869 260 4915 τινος,
297 4850 397 4903 καὶ
425 4848 877 4920 ἀπαραποδίστως
900 4848 1033 4918 πρὸς
1062 4847 1121 4901 τὸ
1144 4845 1346 4916 πρανὲς
1373 4845 1584 4917 φερομέ·

730 4850 877 4911 ἱστως
900 4848 1033 4918 πρὸς
1062 4847 1121 4901 τὸ
1144 4845 1346 4916 πρανὲς
1373 4845 1672 4917 φερομένου
1782 4864 2015 4919 pronum
2046 4848 2244 4903 delata.

70 4944 179 4997 τοῦ
207 4942 429 5004 ὕδατος.
458 4962 461 4963 ν

169 5036 339 5087 Ἐπεὶ
362 5034 420 5086 δὲ
449 5032 826 5103 συνεπεράσθη
862 5030 1110 5100 ὁλόγος,ι
1142 5030 1281 5100 Ὥρα
1312 5046 1415 5094 σοι,
1448 5047 1467 5081 ι
1494 5028 1679 5099 φησὶν,

1851 5025 2019 5080 Facto
2046 5035 2226 5080 autem
2245 5024 2464 5079 dicendi
2494 5024 2600 5081 line
2629 5043 2643 5078 :
2675 5044 2693 5077 ι
2719 5026 2957 5096 Tempus
2986 5034 3087 5087 est,
3106 5043 3123 5075 ι
3155 5022 3352 5090 inquit,

76 5148 111 5181 ί
134 5125 371 5194 ἀδελφέ,
403 5123 584 5193 πολλῷ
608 5124 685 5193 τῷ
705 5124 858 5191 κόπῳ
890 5124 985 5195 τῆς
999 5122 1304 5193 ὁδοιπορίας
1329 5137 1590 5191 πεπονηκ‹

1847 5118 2038 5181 frater,
2067 5126 2125 5171 ut
2171 5117 2452 5188 paulisper
2495 5116 2770 5186 quiescas,
2823 5125 2878 5171 et
2922 5129 3123 5184 corpus
3162 5128 3347 5177 cures,

71 5215 272 5288 βραχύ
295 5232 355 5269 τι
382 5213 741 5267 διαναπαῦσαι
756 5211 831 5266 τὸ
854 5212 1031 5283 σῶμα.
1063 5231 1081 5263 ι
1110 5211 1287 5281 Κάμοὶ
1332 5209 1542 5280 μεγάλη

1842 5211 1987 5282 tippe
2033 5211 2127 5281 qui
2168 5211 2235 5264 de
2261 5209 2348 5261 via
2395 5210 2557 5279 longa
2613 5208 2793 5263 fessus
2836 5208 2976 5262 sis.»
3018 5205 3129 5276 Ego
3173 5211 3356 5257 autem

69 5310 181 5363 καὶ
210 5306 433 5379 ἀληθὴς
466 5306 647 5369 ἄνεσις
668 5301 734 5376 ἦν
760 5306 820 5359 τὸ
853 5307 1126 5377 προσορᾷν
1164 5321 1224 5357 τε
1262 5303 1433 5375 αὐτὴν
1458 5302 1583 5356 καὶσ

1844 5302 2034 5358 tamvis
2074 5303 2128 5355 in
2168 5300 2286 5369 ejus
2314 5308 2538 5369 aspectu
2562 5308 2615 5353 et
2646 5312 2917 5358 sermone,
2953 5304 3066 5361 tam
3098 5293 3358 5364 gravibus

73 5397 365 5471 μεγάλων
418 5396 793 5467 ἐπακροᾶσθαι
837 5397 1010 5465 λόγων
1030 5413 1045 5427 ο
1097 5396 1220 5449 ἐπεὶ
1250 5395 1307 5449 δὲ
1339 5394 1494 5448 τοῦτο
1522 5411 1583 5448 κε

1846 5395 2052 5450 :rebus
2090 5393 2441 5448 vehementer
2489 5405 2726 5461 vereque
2752 5388 3226 5458 conquiescerem,
3272 5394 3360 5438 ta-

74 5489 365 5561 ρισμένον
410 5483 479 5559 ἦν
519 5488 613 5541 καὶ
667 5488 818 5557 φίλον
866 5490 1000 5559 α’ύτῇ
1025 5529 1039 5551 ,
1095 5488 1169 5550 ὡς
1221 5487 1287 5540 ἂν
1332 5486 1419 5539 διὰ
1472 5488 1588 5541 πάν

1847 5500 1913 5539 en
1940 5484 2198 5553 quoniam
2235 5484 2315 5538 sic
2338 5482 2389 5537 el
2422 5489 2640 5552 gratum
2681 5488 2820 5545 erat,
2865 5496 2932 5533 ne
2959 5493 3069 5532 non
3096 5478 3150 5531 in
3181 5476 3361 5531 omni-

70 5580 395 5635 πείθεσθαι
427 5583 493 5653 τῇ
519 5581 820 5651 διδασκάλῳ
845 5581 1078 5651 δοκοίην,
1112 5580 1169 5634 ἓν
1212 5597 1316 5633 τινι
1362 5578 1472 5632 τῶν
1511 5596 1584 5631 πα

1845 5590 1893 5628 is
1924 5575 2199 5645 magistra:
2227 5589 2495 5643 parerem,
2536 5573 2593 5625 in
2640 5570 2814 5625 bortis
2841 5568 3110 5639 proximis
3141 5574 3359 5639 gratum

72 5672 383 5743 κειμένων
410 5672 626 5742 κηπίων
672 5673 966 5744 χαρίεσσάν
1016 5690 1135 5725 τινα
1177 5670 1504 5741 καταγωγὴν
1545 5689 1586 5722 π

1851 5665 2062 5719 todilam
2088 5665 2456 5721 diversorium
2488 5671 2707 5726 nactus,
2738 5662 2840 5717 sub
2864 5660 3214 5714 arbustorum
3245 5672 3365 5710 um-

72 5762 526 5832 εσκευασμένην
557 5761 765 5834 εὑρὼν,
813 5763 917 5816 ὑπὸ
971 5763 1068 5834 τὴν
1122 5764 1229 5815 τῶν
1288 5762 1585 5832 ἀναδενδρά

1850 5771 1894 5809 'a
1929 5756 2304 5827 quiescebam,
2368 5753 2463 5811 sed
2512 5754 2715 5808 nullam
2767 5768 2834 5807 ex
2888 5750 3055 5805 rebus
3103 5746 3364 5819 jucundis

80 5855 687 5930 σκιὰνρὰνεπαυόμην·
720 5855 831 5910 ἀλλ’
863 5857 961 5909 οὐκ
989 5852 1039 5929 ἦε
1078 5856 1300 5909 δυνατὸν
1332 5852 1439 5907 τῶν
1467 5854 1594 5922 εὑφε

1849 5856 2044 5904 iteram
2106 5847 2523 5903 oblectationem
2587 5844 2890 5915 percipere,
2954 5855 3077 5895 cum
3147 5837 3363 5893 animus
