3834 6466
531 324 638 382 979

1791 330 1848 390 S.
1890 332 1978 387 GR
1987 329 2215 386 EGORll
2246 328 2532 385 NYSSENI
3709 333 3775 391 {iis
3798 333 3799 338 ‘

532 445 685 500 intus
705 461 888 500 rerum
901 447 1146 503 tristium
1167 448 1582 520 exspectatione
1600 457 1961 519 premeretur.
1980 449 2103 503 Nam

2215 447 2415 499 νόντων
2441 446 2542 518 τὴν
2581 445 2831 515 αἴσθησιν
2885 445 3053 517 ἔχειν,
3105 447 3204 517 τῆς
3256 446 3446 518 ψυχῆς.
3467 444 3696 500 ἔνδοθεν
3731 457 3772 520 τῇ

531 552 722 592 eorum
769 555 892 608 qua
940 556 1036 610 per
1081 542 1317 610 quietem
1370 558 1692 613 aspexeram
1763 544 1993 611 anigma
2039 558 2103 596 ex

531 631 898 700 praesentibus
915 633 1177 702 explicari
1202 635 1514 689 videbatur.
1548 636 1934 703 Spectaculnm
1961 635 2105 689 enim

531 723 873 791 pr0positum
893 740 1020 779 vere
1047 726 1222 778 sancti
1243 727 1499 797 martyris
1524 726 1788 796 reliquias
1816 726 2105 788 referebat,

529 827 655 881 qua
686 821 912 881 peccato
940 815 1161 884 quidem
1214 823 1440 869 mortua
1487 815 1829 869 inbabitante
1866 815 2108 884 Spiritus

531 901 707 972 gratia
751 905 1217 976 splendescerent.
1267 906 1334 959 Et
1365 906 1480 960 hac
1524 905 1741 960 cuidam
1781 921 1969 960 eorum
2011 905 2106 976 qui

531 1006 748 1046 mecum
815 1003 972 1048 erant
1037 995 1312 1063 exposui:
1367 1010 1490 1050 cum
1548 1001 1730 1049 autem
1782 993 2108 1050 demissiore

531 1079 719 1136 animo
745 1081 926 1137 tristia
956 1094 1427 1154 exspectaremus,
1471 1085 1564 1138 illa
1612 1085 1798 1139 nescio
1830 1084 2107 1154 quomodo

531 1176 892 1246 cogitationes
925 1185 1148 1233 nostras
1181 1179 1507 1248 conjiciens,
1566 1178 1720 1233 misit
1753 1178 1848 1248 qui
1896 1178 2108 1232 latiora

532 1265 902 1332 denuntiaret,
925 1268 1124 1337 jubens
1153 1285 1255 1323 nos
1288 1270 1434 1323 bono
1465 1284 1587 1324 esse
1615 1270 1799 1324 animo
1835 1279 1886 1323 et
1915 1268 2109 1323 melio-

531 1373 648 1412 rem
679 1358 746 1413 de
779 1374 839 1415 se
866 1375 1020 1430 spem
1051 1362 1375 1430 concipere:
1409 1362 1648 1416 sensisse
1680 1361 1825 1415 enim
1854 1358 2105 1413 morbum

531 1447 587 1502 in
617 1450 812 1505 melius
841 1451 999 1505 verti.
1036 1450 1158 1506 Hac
1181 1460 1363 1507 autem
1390 1467 1499 1505 non
1533 1451 1601 1505 ad
1628 1467 1726 1506 nos
1754 1450 2107 1519 decipiendos

529 1541 873 1606 dicebantur,
922 1543 1016 1598 sed
1063 1559 1129 1597 ex
1160 1558 1312 1608 vero,
1369 1543 1498 1597 licet
1528 1557 1594 1596 eo
1625 1551 1873 1612 tempore
1908 1555 2009 1595 nos
2051 1539 2105 1593 id

530 1633 912 1703 ignoraremus
941 1653 954 1690 :
986 1650 1178 1689 revera
1208 1634 1355 1688 enim
1384 1642 1649 1704 tanquam
1678 1647 1878 1688 cursor
1905 1633 2106 1702 aliquis

530 1721 848 1777 adversario
880 1733 1137 1794 superato
1165 1723 1386 1794 jamjam
1416 1723 1580 1780 stadii
1607 1731 1807 1778 metam
1833 1725 2105 1794 attingens

529 1821 586 1868 et
615 1813 685 1868 ad
719 1817 1004 1884 pramium
1056 1820 1526 1888 appropinquans,
1556 1818 1914 1887 victoriaque
1941 1833 2104 1872 curo-
2133 1805 2178 1864 Β

528 1921 657 1960 nam
689 1908 988 1976 aspiciens,
1042 1916 1305 1978 tanquam
1335 1908 1446 1961 voti
1473 1909 1585 1977 jam
1624 1923 1852 1978 compos
1883 1906 2109 1962 eﬂectus

531 1995 623 2059 sit,
658 1995 899 2060 latatur,
930 1997 1148 2067 sibique
1173 2005 1230 2052 et
1263 1998 1454 2052 amicis
1486 1999 1668 2051 latum
1700 1996 1946 2052 victoria
1975 2012 2111 2050 nun-

529 2088 667 2142 tium
721 2087 918 2143 aﬂ'ert:
960 2089 1042 2144 sic
1080 2090 1172 2143 illa
1200 2105 1421 2160 quoque
1451 2088 1644 2144 aﬂ‘ecta
1690 2089 1918 2144 meliora
1948 2089 2016 2144 de
2049 2105 2110 2146 se

525 2181 758 2250 jubebat
781 2196 1005 2249 sperare
1030 2200 1042 2234 :
1073 2181 1189 2250 jam
1221 2196 1473 2251 superna
1494 2183 1801 2238 vocationis
1823 2185 2106 2253 pramium

531 2279 811 2338 spectans,
839 2286 904 2324 ac
933 2279 1145 2324 tantum
1190 2287 1299 2326 non
1351 2271 1440 2325 illa
1468 2271 1717 2340 Apostoli
1745 2272 1910 2326 verba
1946 2272 2017 2327 de
2055 2289 2115 2328 se

530 2361 695 2414 etiam
729 2359 921 2414 dicens
947 2359 990 2425 ί,
1033 2377 1051 2411 ι
1075 2359 1150 2414 De
1179 2361 1396 2429 reliquo
1445 2360 1690 2428 reposita
1732 2368 1817 2414 est
1851 2360 1985 2413 mihi
2019 2375 2113 2414 co-

529 2465 668 2506 rona
717 2450 951 2521 justitia
1002 2465 1167 2522 quam
1205 2451 1397 2506 reddet
1450 2450 1587 2504 mihi
1637 2450 1822 2520 justus
1862 2449 2105 2516 Judex,»

530 2541 977 2612 quandoquidem
1014 2561 1032 2594 ι
1057 2541 1259 2597 bonum
1301 2550 1580 2597 certamen
1615 2542 1844 2606 certavi,
1897 2551 1951 2596 et
1983 2559 2111 2598 cur-

531 2651 652 2691 sum
677 2633 1082 2700 consummavi,
1105 2640 1161 2689 et
1182 2632 1344 2688 fidem
1375 2634 1607 2688 servavi.
1632 2652 1650 2684 ι

2214 539 2320 591 τῶν
2369 537 2705 608 σκυθρωπῶν
2743 537 2917 591 ἐλπίδι
2958 539 3338 609 συνεχομένης.
3374 538 3503 591 Τῶν
3540 538 3661 608 γὰρ
3707 541 3767 591 tv-

2215 629 2420 680 υπνίων
2455 631 2488 695 ἡ
2516 629 2637 698 ὄψις
2667 628 3028 683 ἐκκαλύπτειν
3057 647 3146 699 μοι
3179 629 3266 683 διὰ
3293 630 3402 683 τῶν
3450 631 3776 700 φαινομένων

2213 718 2388 771 ἐδόκει
2416 719 2475 771 τὸ
2516 720 2761 788 αἴνιγμα.
2802 715 2909 772 Ἦν
2960 720 3068 792 γὰρ
3101 722 3177 784 ὠς
3227 721 3426 790 ἀληθὲς
3463 723 3533 775 τὺ
3584 727 3773 794 προκεί-

2217 824 2370 880 μενον
2420 810 2630 880 θέαμα,
2682 811 2957 881 μάρτυρος
3015 813 3169 878 άγίου
3216 812 3474 881 λείψανα,
3532 814 3574 867 ἃ
3605 817 3679 884 τῇ
3707 818 3774 884 μὲι

2215 903 2457 972 ἁμαρτίᾳ
2493 902 2842 973 ὲνενέκρωτο,
2868 907 2934 974 τῇ
2963 903 3018 956 δὲ
3049 904 3330 975 ἐνοικούσῃ
3349 905 3446 958 τοῦ
3472 906 3772 977 meam»;

2214 993 2395 1064 χάριτι
2427 993 2823 1064 κατελάμπετο.
2868 995 2978 1047 Καὶ
3010 994 3182 1048 ταῦτα
3210 997 3346 1068 πρός
3385 1015 3517 1050 τινα.
3568 998 3775 1068 διεξῄειν

2212 1085 2320 1137 τῶν
2356 1084 2776 1155 προακηκοότων
2816 1102 2915 1155 μου
2962 1085 3022 1138 τὸ
3062 1086 3341 1140 ἐνύπνιον·
3377 1087 3772 1159 κατηφέστερεν

2212 1175 2265 1228 δὲ
2288 1175 2428 1227 κατὰ
2456 1175 2518 1228 τὸ
2554 1176 2700 1239 εἰκὸς
2728 1175 2885 1245 ἡμῶν
2927 1178 2985 1229 ἐν
3029 1179 3095 1247 τῇ
3131 1177 3426 1249 προσδοκίᾳ
3470 1179 3592 1231 τῶν
3629 1179 3772 1249 λυπη-

2215 1265 2324 1336 ρῶν
2370 1265 2746 1336 διακειμένων,
2793 1267 2895 1320 ούκ
2939 1263 3036 1321 οἷδ’
3085 1268 3232 1332 ὅπως
3268 1270 3661 1340 στοχασαμένη
3699 1271 3770 1339 ti;

2213 1358 2272 1408 ὲν
2317 1359 2446 1427 ἡμῖν
2487 1359 2742 1423 διανοίας,
2792 1360 3052 1428 ἀγγελίαν
3095 1361 3216 1413 τινά
3258 1361 3365 1414 τῶν
3404 1362 3771 1432 sesumam

2214 1449 2350 1519 πρὸς
2385 1451 2532 1520 ἡμᾶς
2569 1450 3012 1521 διαπεμψαμένη,
3050 1451 3271 1523 θαρρεῖν
3299 1453 3675 1517 ὲνεκελεύετο,
3700 1457 3769 1515 καὶ

2213 1539 2312 1602 τὰς
2342 1539 2599 1608 ἀμείνους
2644 1540 2783 1610 ὑπὲρ
2825 1541 2994 1611 αὐτῆς
3040 1540 3183 1610 ἔχειν
3213 1541 3462 1605 ἐλπίδας·
3525 1542 3768 1612 ὲπῂσὸετδ

2213 1633 2320 1702 γὰρ
2349 1633 2448 1701 τῆς
2488 1633 2623 1702 πρὸς
2662 1633 2720 1684 τὸ
2747 1635 2990 1703 κρεῖττον
3021 1635 3214 1704 ῥοπῆς.
3249 1633 3433 1688 Ταῦτα
3470 1636 3536 1687 δὲ
3564 1638 3628 1688 ού
3661 1638 3765 1706 πρὶς

2213 1725 2427 1795 ἀπάτην
2457 1725 2700 1792 ἐλέγετο,
2742 1724 2856 1777 ἀλλ’
2889 1724 2947 1789 ἐξ
2980 1724 3147 1794 αὐτῆς
3175 1725 3274 1795 τῆς
3293 1725 3560 1795 ἀληθείας
3582 1728 3612 1778 δ
3636 1727 3764 1792 λόγος

2203 1813 2292 1888 ἦν,
2321 1818 2424 1870 κᾶν
2473 1819 2633 1887 ἡμεῖς
2665 1816 2801 1885 πρὸς
2835 1816 2897 1869 τὸ
2922 1816 3094 1886 παρὸν
3130 1819 3499 1888 ὴγνοήσαμεν.
3550 1817 3645 1885 Τῷ
3679 1818 3765 1868 bu.

2204 1906 2312 1977 γὰρ
2345 1905 2595 1976 καθάπερ
2621 1922 2705 1965 τις
2749 1904 2982 1976 δρομεὺς
3029 1905 3400 1976 παραδραμὼν
3435 1907 3532 1958 τὸν
3561 1907 3766 1958 ἀντίπα-

2204 1997 2315 2061 λον,
2348 1997 2441 2048 καὶ
2485 1997 2586 2066 ήδη
2615 1995 2750 2068 πρὸς
2779 1995 2858 2066 τῷ
2894 1996 3126 2066 τέρματι
3149 1996 3242 2049 τοῦ
3295 1997 3515 2050 σταδίου
3566 1998 3766 2066 γενόμε-

2203 2105 2321 2152 νος,
2365 2087 2744 2158 προσεγγίξων
2783 2088 2861 2159 τῷ
2907 2088 3167 2159 βραϐείῳ,
3218 2089 3314 2142 καὶ
3363 2090 3459 2142 τὸν
3517 2090 3768 2143 ἐπινίκιον

2206 2181 2465 2249 στέφανον
2509 2179 2738 2248 βλέπων,
2767 2180 2843 2244 ὡς
2884 2181 2985 2250 ήδη
3014 2181 3326 2252 τετυχηκὼς
3347 2183 3460 2234 τῶν
3485 2185 3768 2252 προκειμέ-

2203 2289 2310 2324 νων
2337 2270 2699 2338 ὲπαγάλλεται
2737 2270 2898 2334 αὐτὸς
2924 2270 3122 2341 έαυτῷ,
3145 2273 3239 2325 καὶ
3265 2275 3376 2336 τοῖς
3405 2274 3768 2345 εὐνουστέροις

2205 2361 2314 2414 τῶν
2346 2361 2552 2414 θεατῶν
2581 2361 2680 2432 τὴν
2719 2362 2875 2432 νίκην
2913 2363 3351 2431 εὐαγγελίζεται·
3385 2365 3496 2417 ἀπὸ
3533 2382 3769 2434 τοιαύτης

2206 2453 2339 2520 ἡμῖν
2363 2451 2654 2514 διαθέσεως
2690 2453 2916 2522 κάκείνη
2957 2453 3026 2507 τὰ
3057 2457 3396 2528 χρηστότερα
3438 2459 3573 2528 περὶ
3616 2457 3769 2525 c.5113;

2207 2542 2446 2607 ἐλπίζειν
2472 2543 2658 2613 ἐδήλου
2676 2561 2689 2574 ·
2713 2544 2814 2614 ήδη
2843 2545 2976 2615 πρὸς
3004 2547 3065 2597 τὸ
3096 2545 3347 2616 βραὸεἴον
3380 2548 3483 2617 τῆς
3515 2548 3630 2601 ἀνω
3656 2549 3770 2616 uir

2210 2648 2347 2696 σεως
2383 2634 2652 2703 βλέπουσα
2671 2676 2685 2698 ,
2737 2636 2832 2688 xal.
2880 2637 3160 2707 μονονουχὶ
3205 2636 3265 2691 τὸ
3312 2638 3408 2691 τοῦ
3457 2639 3767 2691 Erro-3:625:

530 2728 898 2799 φθεγγομένη,
959 2729 1042 2782 ὃτι
1099 2747 1119 2780 ι
1202 2727 1517 2781 Ἀπόκειταί
1566 2745 1657 2798 μοι
1711 2727 1898 2781 λοιπὸν
1943 2729 1972 2780 ὁ
2015 2727 2116 2796 τῆς
2185 2727 2528 2799 δικαιοσύνης
2575 2730 2868 2799 στέφανος,
2916 2731 2976 2782 ὃν
3035 2731 3302 2785 ἀποδώσει
3345 2750 3438 2802 μοι
3487 2736 3518 2786 ὁ
3579 2733 3769 2793 δίκαιος

529 2824 743 2895 Κριτής
763 2840 776 2853 ·
807 2841 825 2874 ι
852 2823 1040 2893 ἐπειδὴ
1074 2841 1095 2874 ι
1121 2821 1214 2877 τὸν
1243 2821 1407 2877 καλὸν
1438 2821 1624 2891 ἀγῶνα
1649 2821 1976 2892 ⁴Ιιγώνισμαι,
2008 2823 2103 2874 καὶ
2129 2819 2225 2875 τὸν
2257 2821 2452 2894 δρόμον
2480 2823 2733 2877 τετέλεκα
2763 2825 2856 2876 καὶ
2877 2824 2975 2896 τὴν
3004 2824 3182 2878 πίστιν
3209 2827 3509 2896 τετήρηκα.
3543 2843 3564 2877 ι

597 2917 681 2972 Ad
707 2917 976 2973 bonorum
1004 2917 1172 2990 igitur
1203 2918 1458 2972 nuntium
1493 2919 1726 2973 recreati
1763 2918 2104 2974 surreximus

529 3019 592 3067 ut
645 3011 714 3067 iis
764 3010 1129 3081 praesentibus
1177 3008 1526 3065 frueremur:
1563 3019 1721 3066 erant
1762 3018 1947 3066 autem
1989 3010 2106 3064 hac

2293 2920 2484 2990 Ἡμεῖς
2518 2922 2616 2990 μὲν
2665 2917 2758 2974 οὖν
2784 2923 2919 2990 πρὸς
2960 2923 3060 2993 τὴν
3101 2921 3211 2973 τῶν
3243 2919 3464 2988 ἀγαθῶν
3521 2920 3768 2986 ἀγγελία.»

2209 3010 2434 3080 εὔθυμοι
2479 3011 2876 3076 καταστάντες,
2916 3011 3014 3080 τῆς
3052 3011 3163 3064 τῶν
3203 3013 3585 3081 προκειμένων
3656 3012 3765 3061 ἀπ’»

528 3103 702 3171 varia,
736 3113 788 3158 et
819 3103 1022 3158 latitia
1066 3103 1262 3173 plenus
1288 3110 1605 3172 apparatus.
1638 3101 1773 3156 Nam
1821 3102 2103 3171 hucusque

2210 3103 2453 3165 λαύσεως
2484 3097 2644 3173 ἦμεν.
2678 3103 2903 3156 Ποικίλα
2949 3103 3006 3156 δὲ
3033 3097 3102 3169 ἦν
3128 3101 3321 3165 ταῦτα,
3348 3102 3444 3154 καὶ
3477 3101 3665 3168 πάσης
3693 3119 3766 3152 πε-

529 3196 715 3254 studio
744 3210 940 3265 magna
964 3195 1058 3249 illa
1089 3193 1450 3250 descenderat
1476 3212 1490 3247 :
1522 3208 1711 3248 verum
1755 3209 1878 3247 cum
1907 3207 2101 3248 rursus

529 3286 586 3340 in
619 3285 740 3354 ejus
769 3293 1125 3354 conspectum
1159 3283 1531 3346 venissemus,
1559 3297 1667 3337 non
1699 3282 1952 3352 permisit
1985 3282 2104 3337 ina-

527 3377 672 3432 niter
699 3385 918 3446 tempus
949 3389 1298 3439 consumere,
1333 3378 1428 3430 sed
1456 3391 1485 3429 a
1510 3375 1755 3445 pueritia.
1773 3389 1872 3429 sua
1894 3390 2103 3430 memo-

528 3469 667 3524 riam
695 3483 887 3522 eorum
931 3476 1206 3536 repetens,
1242 3483 1364 3538 qua
1412 3468 1783 3538 contigerant,
1838 3474 2099 3537 tanquam

529 3557 598 3612 de
624 3557 835 3626 scripto
861 3559 1044 3612 omnia
1080 3560 1424 3621 recensebat,
1456 3573 1634 3626 neque
1658 3558 1751 3610 illa
1781 3556 2104 3625 pratermit-

531 3657 676 3710 tens.
708 3666 830 3720 qua
854 3651 928 3706 de
953 3662 1246 3720 parentum
1283 3660 1596 3705 nostrorum
1626 3649 1738 3704 vita
1771 3647 2100 3703 recordaba-

530 3751 640 3803 tur,
671 3755 902 3812 quaque
933 3742 1020 3797 vel
1048 3750 1177 3797 ante
1192 3742 1293 3796 evel
1323 3750 1443 3811 post
1470 3750 1654 3795 ortum
1682 3755 1862 3795 meum
1896 3754 2098 3794 evene-

531 3841 698 3889 rant:
741 3835 1044 3890 narrationi
1087 3844 1270 3889 autem
1301 3841 1346 3890 is
1377 3843 1496 3888 erat
1535 3834 1850 3903 propositus
1888 3832 2013 3887 linis
2045 3843 2101 3886 ut

530 3927 643 3985 Deo
664 3929 868 3999 gratias
894 3936 1080 3998 ageret
1105 3946 1118 3978 :
1152 3927 1394 3998 ipsorum
1421 3926 1563 3981 enim
1592 3934 1879 3996 parentum
1913 3925 2098 3988 vitam,

529 4033 642 4075 non
676 4027 786 4074 tam
815 4021 1012 4090 opibus
1049 4021 1256 4073 claram
1293 4026 1346 4072 et.
1390 4017 1679 4080 illustrem,
1715 4031 1879 4086 quam
1916 4015 2100 4070 divina

529 4112 871 4183 benignitate
909 4121 1127 4166 auctam
1177 4111 1624 4178 cumulatamque
1663 4107 2097 4170 demonstrabat,

529 4220 656 4258 cum
683 4213 906 4274 prepter
934 4203 1344 4260 confessionem
1381 4200 1586 4255 Christi
1623 4199 1794 4268 patris
1822 4200 2099 4270 genitores

528 4294 766 4352 fuissent
792 4295 1094 4365 oppugnati
1123 4303 1288 4364 atque
1311 4293 1492 4349 vexati
1519 4309 1533 4345 :
1569 4307 1732 4346 avum
1761 4299 1946 4348 autem
1979 4307 2099 4346 ma-

527 4391 745 4436 ternum
768 4383 1074 4453 indignatio
1103 4383 1248 4453 regia
1271 4381 1612 4443 sustulisset,
1634 4381 1928 4452 omniaque
1952 4383 2100 4438 illius

2209 3194 2465 3266 πλήρωτο
2493 3195 2758 3267 θυμηδίας
2793 3198 2827 3267 ἡ
2854 3195 3196 3266 παρασκευὴ,
3223 3192 3362 3247 οὕτω
3395 3194 3492 3262 τῆς
3526 3194 3766 3260 Μεγάλης

2209 3287 2302 3340 καὶ
2349 3287 2510 3359 μέχρι
2553 3287 2758 3340 τούτων
2799 3291 2866 3358 τῇ
2919 3287 3122 3356 σπουδῇ
3165 3284 3477 3354 κατιούσης.
3537 3285 3693 3337 Ἐπεὶ

2209 3379 2370 3432 πάλιν
2415 3381 2474 3432 ὲν
2525 3379 2822 3450 ὀφθαλμοῖς
2857 3374 2998 3449 ἦμεν
3046 3379 3246 3448 αὐτῆς,
3300 3378 3357 3429 ού
3404 3376 3518 3446 γὰρ
3554 3379 3642 3429 εἷα
3687 3378 3762 3442 τὴ.

2208 3466 2459 3538 εῦσχολον
2487 3467 2636 3537 ὥραν
2669 3469 2754 3536 ἐφ’
2794 3467 2999 3520 ἑαυτῶν
3030 3467 3255 3535 διάγειν,
3296 3465 3647 3518 ἀναλαϐοῦσα

2209 3560 2274 3611 ὲκ
2300 3558 2547 3629 νεότητος
2590 3559 2759 3628 αὐτῆς
2794 3557 3137 3628 βεϐιωμένων
3167 3557 3264 3627 τὴν
3312 3557 3561 3626 μνήμην,
3615 3557 3764 3609 καθά.-

2209 3667 2314 3721 περ
2354 3651 2447 3702 ἐπὶ
2487 3651 2809 3721 συγγραφῆς
2839 3650 3017 3703 πάντα
3043 3648 3273 3718 καθεξῆς
3299 3647 3620 3717 διεξήρχετο
3639 3665 3655 3678 ο
3690 3649 3764 3700 καὶ

2208 3744 2308 3796 ὅσα
2341 3743 2439 3813 τῆς
2474 3742 2582 3796 τῶν
2611 3741 2857 3811 πατέρων
2886 3738 3030 3810 ζωῆς
3057 3738 3143 3791 διὰ
3183 3738 3398 3808 μνήμης
3425 3733 3573 3806 εἶχε,
3602 3740 3694 3790 καὶ
3716 3743 3764 3788 :2

2209 3836 2314 3904 πρὸ
2345 3835 2445 3904 τῆς
2490 3834 2630 3904 ἐμῆς
2663 3833 2989 3905 γεννήσεως,
3020 3831 3226 3884 καὶτὸν
3261 3830 3394 3900 μετὰ
3422 3829 3603 3882 ταῦτα
3641 3831 3738 3899 βίοιο

2210 3927 2408 3989 σκοπὸς
2441 3925 2499 3979 δὲ
2537 3926 2672 3996 αὐτῇ
2704 3924 2797 3977 τοῦ
2841 3925 3174 3995 διηγήματος
3225 3918 3306 3992 ἧν·
3333 3923 3465 3993 πρὸς
3502 3925 3600 3975 τὸν
3649 3924 3763 3975 Θεὲίι

2209 4017 2545 4091 εὐχαριστία.
2587 4018 2706 4071 Τῶν
2755 4018 2862 4089 γάρ
2901 4018 3102 4085 γονέων
3145 4015 3433 4070 ἀπεδείκνυ
3490 4016 3588 4069 τὸν
3637 4017 3760 4084 βίον.

2208 4112 2267 4163 ού
2308 4109 2559 4162 τοσοῦτον
2613 4110 2677 4160 ἐκ
2723 4108 3038 4178 περιουσίας
3081 4106 3326 4177 λαμπρὸν
3361 4109 3473 4168 τοῖς
3531 4108 3657 4160 τότε

2211 4199 2568 4271 περίϐλεπτον
2630 4199 2788 4258 ὄντα.
2849 4199 2971 4250 ὅσον
3035 4199 3098 4250 ἐκ
3156 4197 3303 4258 θείας
3369 4196 3767 4266 φιλανθρωπίας

2208 4292 2610 4361 έπαυξηθέντα,
2640 4291 2749 4343 τῶν
2791 4289 2888 4360 μὲν
2940 4289 3034 4341 τοῦ
3081 4288 3279 4360 πατρὸς
3305 4289 3509 4358 γονέων
3557 4289 3646 4343 διὰ
3687 4291 3766 4356 τὴν

2209 4387 2290 4448 εἰς
2335 4383 2567 4454 Χριστὸν
2609 4381 2896 4452 ὁμολογίαν
2938 4380 3374 4452 δεδημευμένων·
3421 4378 3520 4432 τοῦ
3553 4381 3612 4434 δὲ
3646 4383 3767 4434 κατὰ

527 4469 675 4525 bona
699 4471 824 4527 aliis
851 4470 1093 4526 dominis
1122 4470 1500 4527 distribuisset
1527 4492 1538 4526 :
1571 4479 1815 4528 attamen
1839 4470 1974 4527 adeo
2005 4487 2100 4542 per

2210 4477 2418 4548 μητέρα
2446 4476 2786 4548 προπάτορος
2811 4476 2872 4528 ἐκ
2910 4473 3188 4544 βασιλικῆς
3223 4472 3652 4542 ἀγανακτήσεως
3693 4475 3770 4524 ὼς

530 4559 692 4615 fidem
726 4562 990 4628 crevisse,
1046 4569 1107 4616 ut
1156 4577 1223 4617 eo
1275 4570 1520 4632 tempore
1555 4564 1738 4618 nullus
1781 4563 1863 4618 eis
1904 4563 2105 4617 clarior

528 4653 823 4708 exstiterit.
875 4652 1010 4710 Rem
1051 4665 1231 4710 autem
1283 4654 1648 4719 familiarem,
1711 4654 1960 4724 quamvis
2006 4671 2104 4724 pro

531 4760 766 4802 numero
790 4746 1085 4803 liberorum
1114 4748 1405 4818 multiplici
1436 4750 1649 4803 ratione
1687 4747 1879 4804 fuisset
1903 4746 2098 4811 divisa,

531 4848 715 4894 tamen
742 4853 868 4894 eum
900 4840 1180 4895 cumulum
1206 4841 1389 4896 divina
1424 4841 1715 4896 clementia
1751 4843 2061 4912 suscepisse
2081 4885 2096 4908 ,

532 4939 592 4983 ut
631 4938 918 5000 parentum
951 4946 1102 5002 opes,
1132 4931 1475 5002 singulorum
1515 4933 1812 4988 liberorum
1849 4950 1972 4990 sors
2001 4951 2098 4990 su-

529 5022 805 5094 peraverit
829 5041 843 5078 :
877 5023 980 5078 sibi
1004 5033 1188 5078 autem
1214 5041 1281 5081 ex
1299 5040 1454 5096 aqua
1480 5026 1535 5080 in
1566 5025 1763 5083 fratres
1787 5028 2100 5098 partitione,

529 5115 806 5185 reliquum
846 5113 1044 5169 fecisse
1073 5115 1230 5180 nihil,
1272 5117 1368 5172 sed
1411 5118 1594 5172 omnia
1636 5120 1890 5175 manibus
1921 5137 2105 5177 sacer»

531 5205 678 5261 dotis
707 5204 896 5261 divino
925 5207 1185 5262 mandato
1217 5208 1590 5278 dispensasse,
1618 5220 1671 5266 et
1704 5211 1813 5267 Deo
1849 5214 2106 5284 suppedi-

530 5304 684 5352 tante
712 5297 876 5353 talem
905 5300 1007 5355 sibi
1051 5299 1224 5354 fuisse
1252 5301 1439 5365 vitam,
1486 5313 1544 5357 ut
1571 5318 1746 5374 neque
1782 5313 1909 5359 tunc
1944 5305 2101 5373 juxta

530 5399 890 5458 praeceptum,
931 5392 1186 5447 manibus
1230 5392 1460 5448 desierit
1508 5394 1780 5460 laborare,
1827 5412 2002 5467 neque
2035 5397 2102 5451 ad

534 5479 808 5534 hominem
857 5498 1095 5552 unquam
1143 5488 1464 5555 respexerit,
1521 5495 1616 5542 aut
1669 5489 1723 5542 in
1775 5490 2101 5560 cujusquam

534 5569 896 5628 beneﬁcentia
957 5574 1186 5632 honeste
1241 5577 1458 5633 vivendi
1517 5594 1668 5650 Spem
1725 5579 2098 5636 collocaverit.

613 5757 631 5791 ¹
667 5754 712 5812 ll
744 5756 984 5814 Timoth.
1019 5777 1100 5829 Iv,
1138 5765 1188 5820 7.

500 5803 527 5832 ο.

2207 4570 2486 4641 ῃρημένου
2507 4609 2522 4634 ,
2555 4569 2649 4622 καὶ
2687 4569 2904 4621 πάντων
2935 4565 3043 4619 τῶν
3095 4566 3401 4635 προσόντων
3431 4565 3517 4628 είς
3563 4566 3768 4636 ἑτέρους

2210 4660 2739 4733 μετακεχωρηκότων
2786 4659 3076 4721 δεσπότας·
3110 4657 3202 4710 καὶ
3228 4658 3374 4726 ὅμως
3405 4657 3484 4718 είς
3530 4656 3766 4709 τοσοῦτον

2205 4751 2293 4804 διὰ
2321 4751 2552 4813 πίστεως
2592 4750 2691 4820 τὴν
2740 4748 2882 4819 ζωὴν
2911 4747 3240 4819 αὐξηθῆναι,
3275 4746 3348 4809 ὡς
3399 4747 3473 4816 μὴ
3504 4741 3650 4800 εἶναι
3697 4749 3768 4798 τὶν

2205 4841 2344 4910 ὑπὲρ
2369 4839 2567 4903 αὐτοὺς
2597 4841 2654 4893 ὲν
2682 4841 2794 4902 τοῖς
2833 4839 2952 4891 τότε
2980 4840 3189 4910 χρόνοις
3219 4835 3642 4907 ὀνομαζόμενον.
3676 4839 3768 4890 Πά-

2203 4931 2284 4984 λ-ιν
2311 4931 2367 4984 δὲ
2400 4931 2501 5002 τῆς
2531 4929 2843 5001 περιουσίας
2885 4930 3063 4983 αὐτῶν
3113 4929 3251 4983 κατά
3291 4927 3382 4981 τὸν
3406 4928 3646 4998 ἀριθμὸν
3675 4928 3763 4979 tt}:

2199 5022 2404 5075 τέκνων
2453 5021 2678 5090 έννεαχῆ
2733 5017 3149 5089 διατμηθείσης,
3207 5016 3376 5078 οὕτως
3446 5017 3670 5086 ἑκάστῳ
3717 5018 3764 5068 ᾗ]

2203 5114 2448 5183 εὐλογίας
2473 5111 2842 5182 πληθυνθῆναι
2873 5109 3217 5180 τὴν”μοῖραν,
3250 5109 3324 5172 ὡς
3357 5109 3499 5180 ὑπὲρ
3542 5113 3643 5181 τὴν
3678 5112 3770 5162 τῶν

2203 5207 2402 5275 γονέων
2451 5202 2748 5273 εύκληρίαν
2799 5200 2896 5271 τὴν
2944 5200 3172 5254 ἑκάστου
3217 5199 3323 5253 τῶν
3375 5201 3586 5254 τέκνων
3645 5199 3772 5255 εἶναι

2209 5299 2384 5369 ζωήν·
2421 5297 2589 5366 αὐτῆς
2634 5295 2690 5347 δὲ
2733 5292 2942 5362 ἐκείνης
2983 5291 3089 5346 τῶν
3142 5293 3238 5362 μὲν
3282 5294 3774 5362 ἐωνομασθὲντων

2211 5393 2346 5463 αὐτῇ
2376 5389 2516 5443 κατὰ
2538 5389 2633 5459 τὴν
2667 5386 2771 5440 τῶν
2794 5384 3034 5453 ἀδελφῶν
3061 5383 3357 5454 ἰσομοιρίαν
3385 5383 3776 5453 ὑπολειφθῆναι

2214 5483 2377 5556 μηδὲν
2395 5522 2410 5546 ,
2448 5480 2585 5534 ἀλλὰ
2610 5479 2784 5532 πάντα
2828 5479 2947 5539 ταῖς
2975 5474 3130 5548 χερσὶ
3160 5475 3251 5527 τοῦ
3281 5473 3470 5545 ἱερέως
3519 5477 3664 5529 κατά
3688 5479 3778 5543 τὴν

2212 5576 2360 5630 θείαν
2415 5572 2634 5643 ἐντολὴν
2679 5568 3126 5640 οἱκονομηθῆναι·
3191 5567 3282 5620 τον
3329 5567 3387 5621 δὲ
3439 5568 3559 5638 βίον
3606 5567 3774 5638 αὐτῆς
