3834 6452
131 308 218 366 θει
1341 326 1433 380 DE
1465 325 1622 380 VITA
1666 325 1722 379 s.
1760 323 2106 379 mamma.
3250 323 3362 380 932‘

130 426 353 482 τοιοῦτον
397 428 463 483 ἐκ
509 432 608 502 τῆς
654 432 748 486 τοῦ
803 433 938 488 Θεοῦ
987 437 1249 507 χορηγίας
1279 438 1562 506 γενέσθαι.
1612 439 1644 491 t1

1841 437 2093 492 uinetiam
2122 445 2180 489 ut
2205 452 2482 506 nunquam
2514 446 2758 508 petentes
2793 438 3074 508 repulerit,
3111 438 3193 492 sic
3222 437 3355 494 dan-

132 517 382 586 μηδὲποτε
433 519 589 591 λῆξαι
622 521 721 586 τὰς
749 527 935 596 χεῖρας
970 529 1050 590 εἰς
1076 527 1292 598 ἐντολὴν
1331 530 1646 598 ἐνεργούσας

1844 546 1868 582 s
1911 545 2188 597 nunquam
2219 530 2582 598 qumsivisse:
2619 545 2743 584 cum
2776 529 2921 585 Deus
2959 531 3177 585 occulta
3213 547 3354 601 qua-

131 607 256 677 μηδὲ
284 608 415 680 πρὸς
436 611 719 682 ἄνθρωπον
753 614 1054 686 ἀποϐλέψαι
1085 618 1213 670 ποτέ
1233 632 1246 646 ⁸
1283 619 1414 688 μηδέ
1433 620 1519 674 διά
1541 638 1645 672 τινι

1841 637 1911 674 un
1944 621 2156 675 ratione
2187 636 2382 689 parvos
2419 623 2636 676 labores
2685 638 2817 677 suos
2850 631 3112 690 tanquam
3144 624 3355 678 semina

130 695 457 769 ἀνθρωπίνης
489 701 805 772 εὐεργεσίας
858 706 1107 773 γενέσθαι
1130 708 1265 777 αὐτῇ
1291 709 1388 772 τὰς
1427 709 1561 780 πρὸς
1589 711 1644 762 τίν

1839 715 1852 765 l
1881 714 2116 766 fructum
2146 714 2499 782 multiplicem
2530 715 2861 784 benignitate
2884 731 2982 770 sua
3007 716 3352 785 perduceret.

127 787 421 875 εὐσχήμονα
474 789 751 862 διαγωγὴν
805 795 1089 865 ἀφορμάς’
1155 797 1292 850 ἀλλὰ
1358 800 1492 868 μήτε
1559 801 1641 851 τοὶ

1837 804 1894 856 ed
1935 819 2058 857 cum
2094 803 2342 872 prOprios
2371 820 2472 875 ego
2507 806 2744 869 labores,
2777 821 2916 875 quos
2959 810 3351 872 sustinuerant,

125 874 388 942 αἰτοῦντας
421 879 873 951 ἀποστραφῆναι,
929 886 1237 954 μήτετοὺς
1291 888 1524 952 διδόντας
1561 891 1639 940 ἐπι

1843 912 2148 954 censerem.
2210 895 2446 965 primum
2493 913 2618 950 cum
2675 913 2704 950 a
2747 897 2975 952 Valente
3027 899 3357 967 imperatore

124 965 358 1036 ζητῆσαι,
382 967 679 1038 λεληθότως
699 974 791 1026 τοῦ
817 976 949 1028 Θεοῦ
975 978 1223 1049 καθάπερ
1249 982 1370 1034 τινὰ
1394 983 1638 1053 σπέρματ

1843 997 2006 1056 'opter
2047 989 2202 1041 fidem
2236 989 2532 1042 fuissemus
2564 988 2618 1042 in
2647 989 2899 1043 exsilium
2931 965 3118 1058 pulsi,
3158 991 3357 1046 deinde

122 1058 211 1120 τὰς
252 1060 506 1152 βραχείας
551 1064 616 1116 ἐκ
657 1065 764 1117 τῶν
810 1066 986 1137 ἔργων
1011 1070 1264 1140 ἀφορμὰς
1294 1077 1370 1137 είς
1420 1077 1636 1145 πολύχοι

1844 1097 1908 1133 un
1942 1079 2309 1136 Eeclesiarum
2343 1080 2686 1152 perturbatio
2717 1096 2820 1136 nos
2866 1082 2934 1135 ad
2972 1083 3275 1137 certamina
3302 1091 3358 1138 et

122 1150 318 1218 καρπὸν
371 1156 490 1218 ταῖς
534 1155 802 1224 εὐλογίαις
852 1160 1194 1226 ἐπαύξοντος.
1261 1164 1422 1234 Ἑμοῦ
1470 1167 1525 1218 δέ
1559 1169 1636 1221 τοί

1836 1172 2014 1228 idores
2039 1184 2290 1229 evocaret
2317 1193 2328 1227 :
2364 1172 2510 1229 «Non
2529 1173 2798 1239 desines,»
2830 1175 3170 1244 inquitilla,c
3206 1176 3350 1232 divi-

123 1240 278 1336 le-o'ug
304 1243 496 1308 πόνους
520 1285 535 1310 ,
566 1245 626 1299 ὲν
655 1241 736 1310 οἷς
766 1249 798 1319 ἦ
807 1266 932 1319 μην,
960 1251 1266 1318 διεξιόντος,
1291 1255 1554 1326 πρότερον
1585 1258 1637 1327 μέ

1843 1281 1981 1319 trum
2024 1266 2412 1321 beneficiorum
2448 1267 2735 1320 immemor
2766 1266 3153 1336 esse‘lingrati
3188 1267 3355 1320 animi

122 1329 204 1383 τοῦ
249 1331 508 1402 βασιλέως
549 1337 848 1403 Οὐάλεντος
879 1340 965 1394 διὰ
993 1343 1090 1411 τὴν
1120 1345 1298 1396 πίστιν
1331 1347 1636 1408 ἐλαύνοντος

1843 1355 1972 1408 tium
2026 1371 2133 1409 non
2169 1356 2494 1411 eohibebis?
2532 1372 2640 1409 non
2671 1355 3019 1424 comparabis
3065 1363 3355 1423 parentum

125 1422 252 1517 μετὰ
280 1423 334 1477 δὲ
371 1426 546 1482 ταῦτα
575 1429 676 1500 τῆς
726 1431 784 1484 ἐν
827 1436 943 1496 ταῖς
989 1433 1334 1505 Ἐκκλησίαις
1371 1439 1639 1508 συγχύσεο

1849 1447 2093 1502 tionibus
2146 1449 2312 1502 tuas?
2368 1449 2532 1517 Atqui
2571 1449 2616 1502 si
2670 1422 2934 1517 quantum
2998 1422 3234 1516 pertinet
3287 1445 3356 1500 ad

123 1513 248 1608 προς
273 1514 462 1580 ἄθλους
485 1520 634 1588 ἡμᾶς
658 1522 752 1574 καὶ
774 1525 1052 1593 καμάτους
1079 1528 1506 1598 ἐκκαλουμένης,
1546 1550 1563 1581 ι
1606 1533 1637 1584 0

1844 1553 1925 1592 mc
1965 1539 2135 1591 vitam
2186 1554 2248 1592 ea
2291 1554 2349 1592 re
2383 1539 2704 1607 gloriamur,
2761 1537 2906 1608 quod
2960 1537 3109 1590 claro
3158 1551 3358 1606 genere

343 1611 505 1700 φησὶν
546 1612 580 1682 ἡ
606 1612 854 1683 Μεγάλη,
891 1617 1218 1700 ἀγνωμόνως
1246 1621 1336 1672 ἐπὶ
1384 1625 1493 1685 τοῖς
1520 1622 1630 1675 Οείο

1842 1631 1917 1692 uti,
1950 1640 2002 1683 et
2038 1629 2283 1684 honestis
2311 1631 2416 1682 orti
2453 1629 2771 1698 parentibus
2810 1644 3023 1692 sumus,
3054 1635 3210 1698 pater
3235 1627 3356 1697 qui-

122 1696 329 1791 ᾁγσθοίς
361 1699 732 1772 διακείμενος;
787 1707 860 1759 Οὐ
899 1697 1253 1780 θεραπεύσεις
1281 1713 1378 1782 τῆς
1415 1714 1592 1786 ψυχῆς
1622 1734 1636 1768 1

1844 1739 1910 1776 :m
1946 1721 2059 1775 illis
2103 1721 2439 1791 temporibus
2465 1732 2517 1774 et
2555 1720 2774 1788 juvenis
2803 1729 3026 1774 eatenus
3056 1718 3259 1784 floruit,
3296 1728 3358 1774 ut

120 1785 428 1879 ἀχάριστον;
464 1789 580 1846 Οὐκ
627 1793 1092 1868 ἁντιπαραθήσεις
1131 1803 1244 1864 τοῖς
1288 1781 1396 1856 τῶν
1427 1781 1634 1876 πατέρα

1836 1819 1926 1864 ηιοι·
1961 1811 2110 1865 cives
2145 1781 2301 1863 et-in
2352 1809 2579 1877 judiciis
2621 1809 2740 1878 ejus
2783 1809 2956 1879 gloria
3004 1808 3350 1866 consisteret.

119 1876 180 1929 τὰ
212 1880 306 1946 ci;
332 1881 519 1936 Καίτοι
552 1901 616 1953 γε
664 1886 803 1940 κατὰ
835 1889 926 1941 τὸν
967 1891 1169 1960 κόσμον
1201 1891 1386 1946 τοῦτον
1418 1896 1475 1946 ἐν
1505 1895 1632 1949 τούτ

1841 1907 1913 1953 )ει
1943 1907 2125 1953 autem
2158 1897 2396 1954 eruditio
2424 1897 2645 1968 quidem
2695 1899 2867 1966 ipsius
2901 1912 2961 1952 se
3006 1898 3228 1968 longius
3259 1913 3355 1952 ex.

116 1967 176 2039 δὴ
206 1971 432 2040 μάλιστα
463 1975 933 2049 μεγαλαυχοῢμεν,
965 1981 1023 2032 ἐν
1051 1980 1128 2050 τῷ
1157 1976 1215 2034 εὖ
1249 1983 1551 2051 γεγονέναι,
1585 2003 1630 2039 κε

1844 1992 1927 2058 lit,
1971 1991 2112 2045 fama
2159 2000 2342 2045 tamen
2385 1967 2618 2045 Pontum
2661 2006 2768 2044 non
2812 1999 2898 2045 est
2931 1967 3170 2060 egressa.
3206 1988 3353 2045 Satis

261 2063 497 2132 εὐγενῶν
542 2065 703 2136 φῦναι
741 2068 936 2124 δοκεῖν.
982 2071 1174 2135 Πολὺς,
1217 2074 1378 2143 φησὶ,
1408 2075 1548 2128 κατὰ
1581 2075 1630 2127 τὶ

1841 2086 1927 2138 lim
1958 2085 2034 2138 illi
2064 2084 2165 2136 fuit
2193 2085 2247 2136 in
2278 2082 2447 2152 patria
2471 2083 2681 2136 clarum
2711 2098 2854 2136 esse.
2885 2080 2964 2132 Tu
2998 2088 3205 2142 autem,
3226 2099 3242 2129 ι
3269 2081 3355 2133 in-

115 2150 385 2208 παίδευσιν
419 2155 476 2208 ἐν
512 2159 626 2221 τοῖς
671 2158 791 2211 τότε
835 2160 1045 2230 χρόνοις
1082 2162 1111 2213 ὁ
1151 2163 1332 2234 πατὴρ
1361 2165 1629 2234 ἐνομίζετε

1839 2176 1925 2239 iit,
1962 2193 1980 2225 ι
2006 2150 2340 2239 civitatibus,
2390 2174 2627 2243 populis,
2656 2173 2973 2226 nationibus
2997 2171 3230 2226 celebris
3268 2186 3352 2233 es,

114 2242 244 2339 αλλά
272 2246 432 2316 μέχρι
471 2246 583 2301 τῶν
614 2249 892 2320 ἐγχωρίων
917 2251 1282 2324 δικαστηρίων
1308 2256 1338 2324 ἡ
1366 2257 1487 2308 κατ’
1517 2257 1628 2309 αύτέ

1865 2264 1932 2320 ad
1969 2264 2253 2319 ferendum
2283 2264 2572 2330 auxilium,
2607 2271 2662 2317 te
2696 2263 2764 2316 ad
2794 2277 2884 2316 res
2932 2261 3355 2339 constituendas

118 2333 292 2388 ἴστατο
311 2335 454 2402 δόξα.
500 2339 654 2392 Μετὰ
683 2340 853 2394 ταῦτα
882 2342 939 2395 δέ
969 2343 1078 2396 τῶν
1114 2344 1314 2397 λοιπῶν
1348 2346 1436 2400 διὰ
1459 2346 1559 2416 τῆς
1588 2366 1632 2401 σε

1839 2357 2032 2411 :clesiae
2065 2364 2121 2410 et
2160 2357 2385 2408 mittunt
2432 2362 2486 2410 et
2522 2363 2742 2417 vocant,
2798 2364 2850 2409 et
2886 2353 2978 2409 Dei
3012 2335 3216 2409 munus.
3245 2369 3353 2407 non

115 2427 360 2498 φιστικῆς
384 2429 548 2482 αὐτοῦ
579 2431 986 2504 καθηγουμένου
1005 2475 1018 2499 ,
1049 2436 1148 2488 οὐκ
1188 2436 1376 2508 ἐξῆλθε
1410 2439 1501 2492 τὸν
1542 2441 1629 2492 Πόε

1843 2447 2028 2517 picis?
2073 2461 2174 2502 nec
2226 2447 2420 2500 talium
2464 2447 2734 2501 bonorum
2772 2460 2996 2501 causam
3047 2445 3357 2515 agnoscis?

111 2535 198 2572 τον
226 2522 256 2593 ἡ
289 2522 442 2592 φήμη
461 2539 476 2553 ·
520 2523 636 2577 ἀλλ’
664 2526 944 2597 ἀγαπητὸν
982 2522 1050 2599 ἦν
1083 2529 1274 2600 ἐκείνῳ
1303 2531 1364 2583 τὸ
1396 2532 1452 2583 ἐν
1480 2535 1545 2603 τῇ
1579 2550 1625 2584 πε

1837 2547 2068 2591 irentum
2103 2537 2249 2590 enim
2281 2551 2473 2605 preces
2502 2544 2555 2591 te
2582 2535 2649 2589 ad
2679 2536 2782 2591 hoc
2814 2536 3092 2605 fastigium
3133 2537 3351 2598 tollunt,

110 2611 243 2680 τρίδι
265 2613 641 2684 περίϐλεπτον.
661 2617 733 2671 Σὺ
749 2617 828 2681 δέ,
857 2637 875 2670 ι
900 2620 1049 2690 φησὶ,
1076 2638 1094 2670 ι
1124 2620 1331 2688 πόλεσι,
1356 2624 1448 2676 καὶ
1463 2624 1622 2694 δήμοι

1837 2629 1922 2683 hil
1955 2636 2050 2682 aut
2102 2628 2454 2699 perexiguum
2501 2628 2568 2683 ad
2598 2642 2718 2683 eam
2750 2643 2866 2684 rem
2903 2627 3023 2697 opis
3062 2627 3351 2682 habentem

110 2701 199 2753 καὶ
222 2702 427 2758 ἔθνεσιν
471 2706 771 2778 ὀνομαστὸς
819 2707 901 2764 εἴ·
957 2712 1051 2764 καὶ
1087 2711 1145 2764 σὲ
1176 2713 1312 2786 πρὸς
1364 2717 1624 2786 συμμαχίι

649 2709 771 2774 στος
819 2707 901 2764 εἴ·
957 2712 1051 2764 καὶ
1087 2711 1145 2764 σὲ
1176 2713 1312 2786 πρὸς
1364 2717 1677 2786 συμμαχίαν
1784 2719 2161 2775 domesticae.)

105 2809 161 2846 τε
198 2795 289 2849 καὶ
321 2795 604 2867 διόρθωσιν
637 2799 951 2872 Ἐκκλησίαι
1004 2803 1298 2874 πέμπουσι,
1332 2806 1424 2858 καὶ
1465 2806 1708 2860 καλοῦσι·
1743 2811 1837 2864 καὶ
1864 2811 1960 2880 οὐχ
1987 2813 2118 2882 ὁρᾷς
2149 2810 2245 2881 τὴν
2283 2811 2471 2881 χάριν;
2503 2809 2634 2863 Οὐδὲ
2669 2809 3045 2878 ἐπιγινώσκεις
3082 2807 3190 2861 τῶν
3255 2822 3354 2875 τη·

105 2887 360 2941 λικούτων
386 2887 607 2956 ἀγαθῶν
639 2890 738 2962 τὴν
785 2892 964 2946 αίτίαν
983 2934 998 2958 ,
1025 2894 1106 2946 ὅτι
1151 2911 1208 2946 σε
1240 2895 1346 2950 τῶν
1383 2895 1584 2963 γονέων
1616 2898 1672 2950 αἱ
1710 2899 1878 2970 εὐχαί
1906 2899 2042 2970 πρὸς
2069 2897 2200 2968 ὕψος
2239 2899 2503 2970 αἴρουσιν,
2535 2897 2807 2968 οὐδεμίαν,
2836 2899 2868 2968 ἢ
2899 2897 3084 2966 ὀλίγην
3142 2893 3355 2954 οἴκοθεν

104 2970 292 3048 ἔχᾶντα
322 2976 458 3048 πρὸς
482 2977 640 3032 τοῦτο
666 2985 1050 3054 παρασκευήν;
1094 3003 1110 3034 )

171 3071 356 3126 Ταῦτα
381 3073 672 3140 διεξιοῦσα,
705 3073 815 3141 ἐγὼ
847 3073 945 3143 μὲν
980 3074 1399 3144 παρατείνεσθαι
1429 3075 1589 3127 πλέον
1617 3076 1685 3129 τὺ”

1854 3072 1980 3129 llaec
2019 3074 2112 3128 illa
2138 3087 2263 3128 cum
2296 3081 2743 3143 persequeretur,
2772 3071 2916 3126 diem
2951 3072 3201 3142 equidem
3233 3091 3354 3146 pro-

103 3162 400 3233 ἡμερήσιον
429 3163 660 3218 ἐπόθουν
701 3164 918 3235 μέτρον.
951 3164 1040 3227 ’ὡς
1068 3164 1134 3218 ἂν
1178 3166 1251 3237 μὴ
1280 3165 1458 3237 λήξειε
1500 3185 1617 3221 κατι

1835 3169 1902 3222 lci
1930 3167 2148 3237 longius
2181 3167 2458 3235 optabam,
2493 3181 2561 3220 ne
2587 3165 2736 3218 dulci
2769 3179 3022 3218 sermone
3049 3179 3214 3221 aures
3245 3183 3349 3221 no-

100 3252 461 3320 ·;λυκαίνουσα
520 3254 676 3325 ἡμῶν
716 3255 817 3326 τὴν
879 3254 1083 3323 ἀκοήν·
1133 3255 1247 3307 ἀλλ’
1294 3261 1326 3326 ὴ
1377 3255 1527 3327 φωνὴ
1566 3257 1614 3308 τί

1837 3275 1922 3314 ras
1954 3258 2243 3313 desisteret
2269 3257 2546 3311 oblectare
2580 3271 2594 3307 :
2626 3254 2720 3310 sed
2757 3255 3100 3309 cantantium
3129 3274 3230 3311 vox
3266 3272 3351 3312 me

100 3344 411 3413 ψαλλόντων
441 3346 578 3418 πρὸς
618 3346 718 3411 τὰς
741 3347 1079 3418 ἐπιλυχνίους
1106 3348 1452 3419 εὐχαριστίας
1489 3350 1611 3414 ἐξεκ

1836 3351 1843 3406 l
1868 3351 2072 3422 gratias
2096 3349 2332 3421 agendas
2355 3349 2699 3419 vespertinas
2718 3347 2964 3402 vocabat.
2985 3348 3350 3414 Quamobrem

98 3435 274 3500 λεῖτο,
311 3438 454 3508 κάμὲ
493 3438 629 3510 πρὸς
660 3439 757 3511 τὴν
798 3440 1090 3509 ἐκκλησίαν
1120 3441 1465 3510 ἐκπέμψασα,
1513 3443 1612 3494 πάλ

1835 3460 1897 3497 im
1944 3457 2032 3496 me
2065 3443 2132 3496 ad
2176 3441 2464 3497 ecclesiam
2505 3440 2825 3504 dimisisset,
2882 3457 3100 3495 rursum
3153 3455 3349 3512 magna

102 3529 133 3598 ἡ
167 3529 392 3602 Μεγάλη
423 3530 514 3586 διὰ
554 3531 660 3585 τῶν
689 3532 864 3602 εὐχῶν
908 3531 1043 3602 πρὸς
1078 3533 1167 3585 τὸν
1210 3533 1343 3586 Θεὸν
1382 3534 1616 3606 ἀνεχώρε

1837 3551 1865 3588 a
1915 3533 2172 3604 precibus
2223 3533 2292 3587 ad
2322 3530 2491 3588 Deum
2540 3533 2797 3587 accessit.
2842 3533 2918 3586 Ac
2970 3547 3077 3586 uox
3123 3531 3350 3602 quidem

97 3619 212 3672 Καὶ
239 3621 271 3691 ή
302 3620 399 3690 μὲν
427 3620 523 3688 νὺξ
556 3623 614 3675 ἐν
655 3623 865 3687 τούτοις
890 3620 976 3696 ἦν.
1022 3625 1108 3689 Ὠς
1134 3625 1188 3678 δὲ
1223 3625 1403 3697 ἡμέρα
1438 3627 1611 3694 ἐγένετ

1835 3645 1848 3681 ι
1885 3633 2167 3683 transacta
2195 3632 2298 3682 est.
2336 3625 2470 3680 Cum
2512 3633 2690 3679 autem
2721 3624 3033 3688 diluxisset,
3060 3625 3194 3679 mihi
3226 3624 3349 3696 qui-

96 3713 223 3784 ἐμοὶ
241 3715 338 3784 μὲν
369 3715 630 3787 πρόδηλον
652 3718 715 3770 ἐκ
740 3717 846 3770 τῶν
867 3717 1156 3788 ὁρωμένων
1178 3714 1268 3790 ἦν,
1295 3720 1375 3773 ὅτι
1400 3721 1429 3772 ὁ
1448 3719 1610 3790 ἐσχατ

1831 3735 1896 3774 :m
1938 3735 2001 3775 ex
2037 3719 2258 3776 indiciis
2309 3718 2663 3773 manifestum
2715 3723 2854 3780 erat,
2910 3715 3054 3771 diem
3099 3716 3252 3770 illum
3293 3715 3345 3772 ei

95 3803 236 3874 αὐτῇ
263 3803 364 3872 τῆς
395 3804 535 3858 κατὰ
568 3807 747 3875 σάρκα
776 3805 921 3876 ζωῆς
955 3808 1077 3877 ὄρος
1113 3809 1146 3878 ἡ
1190 3807 1462 3862 ἐνεστῶσα
1499 3811 1609 3881 ἢμέι

1838 3829 1892 3866 ns
1945 3814 2072 3868 vita:
2105 3812 2401 3867 terminum
2456 3810 2593 3872 fore,
2649 3825 2774 3864 cum
2825 3806 3094 3878 quidquid
3139 3817 3352 3864 natura

92 3890 196 3962 ἦν,
249 3896 430 3948 πᾶσαν
469 3896 567 3968 τὴν
617 3898 940 3967 ἐγκειμένην
983 3901 1048 3968 τῇ
1099 3898 1258 3966 φύσει
1304 3899 1530 3970 δύναμιν
1577 3919 1606 3954 τ

1838 3908 1974 3960 rium
2001 3906 2197 3964 inerat,
2225 3903 2394 3957 febris
2425 3898 2885 3968 consumpsisset.
2926 3897 3034 3953 Sed
3076 3897 3168 3952 illa
3195 3897 3352 3968 cogi-

93 3985 336 4056 πυρετοῦ
374 3986 800 4058 δαπανήσαντος.
879 3991 924 4042 Η
954 3990 1009 4042 δὲ
1039 3990 1172 4062 πρὸς
1215 3991 1276 4043 τὸ
1321 3992 1542 4056 ἀσθενὲς
1574 4010 1603 4045 τ

1834 3997 1998 4050 tionis
2024 4004 2227 4051 nostrae
2261 3991 2564 4062 respiciens
2585 3989 3034 4052 imbecillitatem.
3069 3989 3348 4059 praeclaris

92 4078 336 4158 διανοίας
363 4079 519 4150 ἡμῶν
555 4080 844 4150 βλέπουσα,
877 4083 1144 4152 παράγειν
1171 4085 1317 4154 ἡμᾶς
1342 4086 1406 4137 ἐκ
1431 4085 1530 4154 τῆς
1570 4103 1602 4136 κ

1837 4087 1883 4140 is
1937 4084 2284 4140 sermonibus
2342 4080 2651 4145 effundens,
2707 4078 2853 4151 quod
2902 4079 3174 4148 reliquum
3227 4085 3349 4134 erat

89 4157 438 4236 τηιρεστέρας
492 4168 705 4232 ἐλπίδος
742 4171 1079 4241 ἐμηχανᾶτο,
1131 4172 1291 4226 πάλιν
1335 4176 1447 4236 τοῖς
1489 4173 1603 4226 καλε

1832 4178 1985 4232 llictte
2019 4177 2233 4240 animm,
2265 4175 2320 4229 in
2351 4187 2566 4228 summa
2599 4170 2842 4242 spirandi
2877 4168 3215 4234 difﬁcultate,
3243 4184 3346 4226 nos

90 4258 328 4323 ἐκείνοις
373 4259 552 4330 λόγοις
591 4261 878 4333 διαχέουσα
910 4265 1008 4335 τῆς
1040 4263 1216 4336 ψυχῆς
1250 4266 1309 4319 τὸ
1337 4265 1604 4336 λυπούμεν

1834 4269 2080 4324 tristiore
2109 4283 2206 4337 spe
2235 4263 2857 4320 abducereconabatur.
2893 4259 3032 4314 Tum
3068 4275 3198 4314 vero
3228 4260 3343 4314 ani-

87 4351 147 4400 ἐν
181 4349 369 4420 λεπτῷ
408 4351 592 4406 λοιπὸν
618 4354 713 4407 καὶ
742 4356 1080 4426 συνεχομένῳ
1108 4355 1184 4426 τῷ
1206 4357 1466 4428 ἄσθματι.
1502 4359 1597 4412 Ἕν

1832 4377 1897 4416 us
1931 4374 2087 4414 meus
2136 4358 2390 4429 praesenti
2448 4354 2765 4425 spectaculo
2801 4353 2969 4406 variis
3009 4351 3344 4407 afficiebatur

85 4442 149 4511 δὴ
220 4443 317 4496 καὶ
369 4443 606 4514 μάλιστα
657 4446 916 4512 ποικίλως
970 4448 1228 4502 διετίθετο
1283 4467 1372 4520 μοι
1424 4450 1560 4520 πρδς

1833 4453 1952 4508 odis
1979 4471 1993 4507 :
2022 4467 2146 4507 nam
2173 4459 2225 4506 et
2258 4457 2451 4503 natura
2479 4448 2596 4516 ipsa
2623 4461 2729 4508 me,
2757 4453 2816 4498 ut
2847 4459 2944 4513 par
2972 4451 3078 4506 est,
3107 4446 3172 4496 ait
3208 4457 3343 4498 ma:—

84 4538 418 4604 φαινόμενον
450 4537 648 4609 ἡψυχὴ
673 4555 686 4567 ’
719 4540 818 4610 τῆς
859 4540 958 4609 μὲν
1004 4539 1216 4609 φύσεως
1244 4545 1322 4606 είς
1350 4542 1598 4613 σκυθρωτ

1830 4544 1978 4597 itiam
2008 4541 2336 4611 impellebat,
2365 4554 2490 4593 eum
2528 4552 2635 4592 non
2673 4551 2954 4606 sperarem
2992 4535 3229 4604 amplius
3258 4553 3344 4592 me

80 4640 261 4694 τητα,
311 4626 454 4681 κατὰ
502 4629 562 4681 τὸ
610 4629 788 4694 εἰκὸς,
834 4630 1192 4702 βαρουμένης,
1222 4632 1308 4685 διὰ
1358 4632 1419 4685 τὸ
1474 4650 1594 4704 μηκλ

1832 4635 1934 4689 lem
1981 4648 2171 4688 vocem
2216 4632 2550 4694 auditurum,
2600 4629 2694 4684 sed
2739 4630 3146 4698 quamprimum
3193 4645 3344 4684 com-

80 4716 400 4788 προσδοκᾷν
418 4719 517 4789 τῆς
538 4721 790 4791 τοιαύτης
812 4722 993 4792 φωνῆς
1017 4723 1108 4775 καὶ
1131 4719 1285 4786 αὖθις
1305 4723 1594 4777 ἀκούσεσθε

1833 4739 1993 4778 unem
2020 4723 2248 4794 gloriam
2281 4722 2454 4777 nostri
2485 4720 2702 4791 generis
2741 4735 2807 4774 ex
2839 4719 3077 4774 humana
3101 4721 3212 4775 vita
3242 4721 3343 4774 mi-

79 4808 202 4861 ἀλλ’
249 4811 378 4864 ὅσον
432 4813 645 4867 οὐδέπω
701 4815 761 4867 τὸ
806 4815 981 4868 κοινὸν
1028 4815 1285 4886 καύχημα
1337 4820 1434 4888 τῆς
1479 4834 1593 4886 γενε

1826 4822 2048 4867 'aturam
2105 4822 2378 4884 putarem,
2433 4821 2487 4868 et
2540 4828 2695 4868 mens
2736 4828 2800 4868 ex
2835 4813 2916 4868 eis
2945 4827 3066 4882 quae
3105 4812 3340 4877 videbat,

79 4901 334 4964 ἐλπίζειν
393 4903 458 4963 ἐκ
500 4903 594 4956 τοῦ
656 4905 997 4974 ἀνθρωπίνου
1049 4905 1164 4975 βίου
1213 4907 1593 4977 μεταστήσεσθε

1831 4911 1892 4956 at
1922 4912 2177 4972 tanquam
2211 4905 2436 4957 numine
2459 4902 2658 4967 afllata,
2695 4919 2924 4972 eamque
2958 4918 3080 4957 vere
3101 4919 3164 4957 ex
3194 4917 3345 4956 com-

77 4994 180 5063 τῆς
217 4993 276 5045 δὲ
311 4993 512 5064 ψυχῆς,
550 4991 662 5049 οἷον
692 4996 1050 5067 ἐνθουσιώσης
1081 5001 1144 5051 ἐκ
1167 4998 1275 5051 τῶν
1308 5000 1591 5070 φαινομένο

1832 4997 1925 5051 uni
1968 5005 2166 5051 natura
2195 4997 2501 5052 excessisse
2536 4996 2929 5052 arbitrabatur.
2959 4995 3170 5050 Etenim
3215 5010 3339 5049 cum

76 5085 175 5135 καὶ
204 5083 381 5148 ὅντως
407 5085 765 5156 ἐκϐεόηκέναι
795 5087 892 5158 τὴν
917 5087 1100 5159 κοινὴν
1129 5089 1288 5158 φύσιν
1316 5090 1590 5143 ὐπονοούσπ

1825 5098 2074 5144 {tremum
2095 5093 2218 5144 vita:
2246 5089 2502 5160 spiritum
2526 5089 2773 5155 duceret,
2803 5090 2857 5143 in
2880 5104 2975 5158 spe
2997 5086 3339 5157 migrationis

75 5175 152 5226 Τὸ
186 5174 303 5245 γὰρ
354 5176 490 5246 μηδέ
541 5177 600 5230 ἐν
636 5179 894 5248 ἐσχάταις
937 5181 1229 5244 ἀναπνοαῖς
1265 5176 1431 5234 οὖσαν
1479 5180 1586 5233 me

1823 5182 1910 5235 lllll
1953 5181 2080 5236 novi
2128 5183 2356 5244 sentire,
2388 5197 2488 5236 nec
2521 5183 2715 5237 timere
2744 5183 2799 5236 in
2855 5182 2974 5250 ipso
3001 5180 3125 5235 vita}
3152 5179 3337 5235 exitu:

72 5281 204 5318 τινα
253 5263 465 5329 ξενικὸν
501 5269 594 5322 ἐπὶ
626 5272 691 5340 τῇ
742 5269 918 5324 ἐλπίδι
951 5271 1053 5342 τῆς
1084 5271 1496 5342 μεταστάσεως,
1534 5289 1586 5340 μη

1833 5272 1866 5328 d
1894 5275 2079 5329 animo
2119 5276 2339 5330 excelso
2387 5276 2455 5331 de
2500 5275 2602 5330 hac
2634 5276 2743 5329 vita
2766 5271 3127 5343 judicantem,
3159 5269 3347 5341 quoad-

68 5353 359 5408 δειλιάσαι
394 5357 531 5426 πρὸς
569 5359 662 5411 τὸν
690 5361 964 5430 χωρισμὸν
1006 5362 1105 5432 τῆς
1145 5363 1309 5432 ζωῆς,
1340 5363 1454 5416 ἀλλ’
1489 5361 1582 5432 ὐψτ

1824 5365 2008 5417 limam
2055 5375 2280 5435 ageret;
2333 5365 2730 5434 philosophari,
2779 5363 2912 5416 mihi
2963 5374 3071 5414 non
3099 5359 3338 5414 hominis

68 5450 135 5517 τῇ
175 5447 398 5518 διανοίᾳ
442 5453 554 5513 τοῖς
605 5451 664 5517 ἐξ
694 5452 868 5522 ἀρχῆς
898 5453 1035 5523 αὐτῇ
1087 5457 1216 5526 περὶ
1267 5454 1364 5507 τοῦ
1394 5454 1519 5524 τῇδε
1553 5453 1582 5523 β

1823 5452 2006 5522 nplius
2027 5453 2329 5514 videbatur,
2365 5454 2458 5507 sed
2491 5452 2776 5522 cujusdam
2807 5450 3004 5520 angeli.
3036 5451 3128 5519 qui
3153 5450 3337 5504 divina

68 5537 437 5606 κεκριμένοις
501 5541 661 5609 μέχρι
699 5543 797 5608 τῆς
837 5543 1070 5612 ἐσχάτης
1115 5544 1496 5613 ἐμφιλοσοφείν
1540 5547 1582 5597 ἀι

1827 5545 2106 5598 evidentia
2140 5543 2368 5598 formam
2424 5545 2686 5600 subiisset
2719 5543 3039 5607 humanam,
3077 5556 3180 5596 nec
3229 5539 3336 5594 ulla

68 5628 274 5714 πνοῆς,
307 5630 492 5685 οὐκέτι
526 5649 616 5702 μοι
643 5633 815 5687 ἐδόκει
843 5633 1324 5702 τῶν-ἀνθρωπίνων
1355 5632 1520 5691 εἶναι’
1552 5639 1582 5689 ὰ

1823 5636 2095 5708 ignatione
2124 5645 2218 5691 aut
2249 5636 2656 5693 necessitudine
2686 5650 2810 5688 cum
2844 5635 2944 5714 hac
2977 5633 3088 5687 vita
3117 5632 3337 5687 mortali

67 5713 186 5772 οἷον
229 5722 471 5790 ἀγγέλου
505 5725 676 5794 τινὸς,
708 5726 1063 5798 οἰκονομικῶς
1103 5726 1447 5798 ἀνθρωπίνην
1503 5730 1578 5782 ὐπ

1821 5728 2101 5797 injunctus
2131 5738 2297 5796 esset,
2329 5737 2490 5794 atque
2521 5727 2594 5781 ita
2630 5726 2765 5780 nihil
2792 5713 3108 5780 indceorum
3142 5722 3335 5780 admit-
