3834 6418
477 243 586 301 985
1723 256 1781 313 s.
1823 257 2150 314 GnEGonu
2200 262 2495 318 NYSSENI
3644 263 3741 319 ωι

486 377 630 435 tens,
674 371 797 426 sine
837 373 1248 442 perturbatione
1294 376 1348 430 in
1380 392 1551 433 carne
1573 392 1940 450 permaneret,
1984 385 2041 438 ad

2159 386 2341 451 θόντος
2367 389 2600 459 μορφὴν.
2646 382 2692 456 ᾧ
2725 389 2993 458 μηδεμιᾶς
3017 388 3186 459 οὔσης
3217 388 3352 458 πρὸς
3371 386 3466 439 τδν
3495 387 3558 439 ὲν
3584 394 3742 456 σαρκὶ

474 463 726 530 proprias
766 463 1083 520 aﬂectiones
1129 482 1238 521 non
1288 470 1620 526 attrahente.
1672 472 1868 542 Itaque
1919 477 2041 531 mihi

2163 480 2277 550 βίον
2308 482 2406 550 τῆς
2453 481 2805 551 συγγενείας,
2854 482 2888 554 ἥ
2945 481 3291 544 οίκειώσεως,
3324 479 3483 533 οὐδὲν
3520 476 3742 542 ἀπεικὸς

470 552 764 608 videbatur
790 555 1036 612 divinum
1079 559 1233 614 illum
1263 572 1315 616 et
1339 579 1536 632 purum
1585 569 1772 635 sponsi
1809 571 2041 628 caelestis

2158 573 2216 623 ἐν
2251 573 2488 642 ἀπαθείᾳ
2541 573 2638 644 τὴν
2683 573 2920 628 διάνοιαν
2963 574 3185 644 μένεινο
3230 573 3306 642 μὴ
3361 570 3739 639 καθελκούσης

474 660 739 710 amorem,
773 665 934 717 quem
971 653 1024 705 in
1057 654 1222 708 animi
1251 659 1468 712 arcanis
1497 658 1882 716 absconditum
1909 665 2041 720 alue

2155 666 2254 734 τῆς
2303 665 2502 737 σαρκὸς
2535 666 2626 718 τὸν
2656 665 2784 720 νοῦν
2826 667 2965 737 πρὸς
2990 667 3059 720 τὰ
3099 667 3205 721 [δια
3233 665 3404 737 πάθη.
3437 663 3544 717 Διά
3586 661 3738 716 τοῦτό

473 744 578 799 rat,
615 743 746 793 tunc
787 739 854 794 iis
884 741 978 810 qui
1003 741 1235 797 aderant
1269 746 1584 812 ostendere,
1613 757 1668 804 et
1706 751 1891 807 cordis
1917 753 2049 809 ειπε-

471 825 709 881 ctionem
743 829 1007 892 indicare,
1043 833 1111 887 ad
1135 850 1260 890 eum
1292 851 1452 905 quem
1489 837 1859 904 desiderabat,
1889 841 2045 898 festi-

470 933 634 986 nans,
672 926 1002 994 utcorporis
1031 929 1269 983 vinculis
1317 929 1565 996 liberata,
1613 934 1864 989 celeriter
1892 935 2046 990 illum

469 1013 829 1068 conveniret:
859 1031 986 1070 vere
1013 1019 1160 1072 enim
1195 1020 1260 1072 ad
1299 1021 1556 1076 virtutem
1595 1039 1817 1079 cursum
1866 1027 2047 1081 inten-

467 1101 656 1167 debat,
707 1119 833 1158 cum
869 1105 1009 1161 nihil
1048 1123 1236 1164 eorum
1279 1127 1402 1180 quae
1431 1112 1484 1166 in
1527 1115 1632 1169 hac
1657 1116 1768 1171 vita
1799 1115 2045 1186 jucunda

468 1203 618 1262 sunt,
651 1198 845 1253 oculos
872 1199 996 1268 ejus
1023 1205 1092 1254 ad
1127 1218 1187 1257 se
1217 1214 1563 1261 converteret

2156 775 2247 827 μοι
2277 758 2426 811 δοκεῖ
2463 758 2555 811 τὸν
2583 759 2724 812 θεῖον
2765 761 2972 812 ἐκεῖνον
3011 759 3107 812 καὶ
3148 759 3387 830 καθαρὸν
3418 758 3605 831 ἔρωτα
3645 755 3735 810 τοῦ

2152 851 2384 921 ἀοράτου
2433 851 2687 922 νυμφίου,
2734 851 2795 904 ὃν
2849 853 3296 924 ἐγκεκρυμμένον
3327 847 3477 922 εἶχεν
3521 854 3581 905 ἐν
3627 853 3736 915 τοῖς

2151 941 2250 1010 τῆς
2301 942 2478 1012 ψυχῆς
2509 944 2843 1015 ἀπορρήτοις
2877 945 3228 1015 τρεφόμενον,
3282 944 3512 1015 ἔκδηλον
3565 947 3735 996 ποιεῖν

2148 1034 2269 1085 τότε
2301 1039 2414 1098 τοῖς
2464 1036 2718 1106 παροῦσι,
2761 1038 2853 1089 καὶ
2888 1037 3231 1107 δημοσιεύειν
3273 1038 3371 1108 τὴν
3419 1038 3481 1088 ἐν
3539 1036 3735 1107 καρδίᾳ

2147 1123 2385 1180 διάθεσιν
2403 1145 2417 1157 ·
2461 1127 2522 1180 τὸ
2547 1127 2860 1195 ἐπείγεσθαι
2889 1129 3024 1200 πρὸς
3065 1128 3156 1181 τὸν
3185 1128 3543 1198 ποθούμενον,
3568 1127 3645 1190 ὡς
3669 1127 3736 1180 ἂν

2153 1214 2239 1268 διὰ
2265 1217 2464 1288 τάχους
2499 1220 2594 1272 σὺν
2629 1219 2776 1289 αὑτῴ
2805 1221 3012 1288 γένοιτο
3043 1221 3150 1272 τῶν
3181 1221 3393 1291 δεσμῶν
3439 1219 3733 1274 ἐκλυθεῖσα

463 1285 562 1338 τοῦ
589 1285 860 1356 σώματος.
892 1289 982 1359 Τῷ
1002 1290 1114 1343 ὄντι
1143 1291 1270 1363 γὰρ,
1301 1295 1378 1357 ὡς
1403 1296 1540 1366 πρὸς
1564 1297 1765 1368 ἀρετὴν
1796 1301 1823 1352 ὁ
1843 1299 2042 1372 δρόμος
2079 1305 2306 1373 ἐγίνετο,
2336 1285 2555 1372 *οὐδενὸς
2577 1285 2874 1365 ἄλλου-των
2900 1311 3042 1365 κατά
3075 1312 3165 1365 τὸν
3209 1285 3321 1382 βίον
3357 1314 3543 1382 ἡδέων
3594 1310 3730 1382 πρὸς

466 1379 629 1434 ἑαυτὸ
658 1380 750 1433 τὸν
782 1382 1059 1452 ὀφθαλμὸν
1083 1386 1520 1457 ἐπιστρέφοντος.

533 1491 654 1549 Jam
677 1497 915 1550 maxima
951 1497 1057 1552 diei
1099 1514 1225 1570 pars
1253 1504 1616 1570 praeterierat,
1654 1515 1709 1561 et
1738 1510 1818 1563 sol
1847 1517 1912 1564 art
1943 1527 2038 1567 oc-

2223 1495 2332 1547 Καὶ
2375 1495 2472 1564 τῆς
2508 1496 2605 1566 μὲν
2646 1497 2860 1568 ἡμέρας
2917 1497 3020 1568 ἤδη
3071 1497 3390 1568 παρῳχήκει
3427 1497 3489 1549 τὸ
3540 1490 3720 1558 πλέον,

465 1603 658 1644 casum
693 1593 1210 1663 appropinquabat;
1247 1604 1302 1648 at
1337 1596 1430 1652 illa
1467 1600 1667 1655 mentis
1696 1603 2041 1665 alacritatem

2151 1590 2242 1640 καὶ
2274 1591 2303 1641 ὁ
2329 1589 2477 1658 ἣλιος
2508 1589 2641 1660 πρὸς
2674 1589 2882 1659 δυσμὰς
2930 1589 3258 1642 ἐπεκλίνετο.
3294 1589 3370 1658 Τῇ
3409 1588 3467 1641 δὲ
3513 1588 3617 1641 οὐκ
3653 1592 3725 1639 ἰν·-

464 1694 579 1734 non
625 1683 958 1746 remittebat,
989 1683 1087 1739 sed
1133 1699 1243 1754 quo
1283 1688 1460 1758 magis
1499 1690 1567 1743 ad
1605 1693 1815 1748 exitum
1848 1712 2048 1768 appro-
2079 1716 2087 1724 ·

463 1771 787 1842 pinquabat,
829 1790 895 1830 eo
936 1775 1142 1833 clarius
1188 1781 1378 1849 sponsi
1431 1785 1654 1840 intuens
1686 1788 2048 1857 puchritudi-

464 1879 586 1918 nem
615 1865 826 1936 majore
859 1867 1215 1926 festinatione
1246 1872 1314 1927 ad
1364 1885 1609 1931 amatum
1655 1881 2044 1949 contendebat,

463 1968 571 2007 non
597 1955 837 2026 amplius
883 1974 985 2014 nos
1021 1971 1339 2030 praesentes,
1385 1966 1481 2021 sed
1513 1967 1666 2022 illum
1697 1971 1876 2040 ipsum
1914 1974 2048 2029 allo-

462 2062 662 2116 quens,
694 2064 857 2119 quem
887 2049 1082 2106 defixis
1106 2053 1280 2108 oculis
1309 2057 1800 2126 complectebatur.
1819 2063 1952 2118 Nam
1977 2067 2048 2121 le-

461 2138 646 2195 ctulus
684 2140 806 2210 ejus
839 2142 905 2196 ad
931 2143 1200 2200 orientem
1236 2149 1516 2218 vergebat.
1561 2151 1826 2212 Desinens
1879 2157 2047 2229 igitur

463 2227 753 2283 nobiscum
786 2229 956 2300 loqui,
980 2231 1242 2300 precibus
1266 2233 1530 2306 deinceps
1561 2239 1889 2310 loquebatur
1908 2227 2044 2300 ﬁcum

463 2317 595 2382 Deo,
624 2320 883 2377 manibus
905 2323 1248 2394 supplicans,
1268 2333 1323 2380 et
1348 2328 1499 2382 tenui
1525 2345 1656 2385 voce
1682 2332 1755 2385 ita
1782 2334 2041 2390 submur-

464 2426 710 2478 murans,
767 2423 828 2468 ut
867 2429 991 2484 qua:
1037 2415 1384 2486 dicebantur,
1441 2423 1791 2482 mediocriter
1821 2445 1852 2482 a
1883 2431 2044 2486 nobis

460 2501 879 2557 exaudirentur.
937 2503 1090 2562 Talis
1133 2518 1317 2564 autem
1363 2521 1480 2567 erat
1537 2519 1802 2585 precatio,
1854 2530 1913 2575 ut
1948 2523 2046 2576 du-

461 2591 611 2646 bium
649 2608 759 2648 non
789 2602 956 2662 esset,
991 2597 1126 2668 quin
1160 2599 1488 2660 funderetur
1536 2607 1604 2661 ad
1643 2608 1839 2676 Deum,
1887 2623 1941 2668 et
1973 2615 2043 2674 ab

462 2685 556 2738 illa
585 2684 729 2741 Deus
754 2686 1058 2746 audiretur.

537 2794 557 2827 ι
599 2775 702 2841 Τιι,
737 2797 756 2830 ι
779 2779 1085 2850 inquiebat,
1110 2803 1129 2836 ι
1154 2783 1401 2853 Domine,
1435 2791 1626 2847 mortis
1654 2803 1852 2850 metum
1883 2796 2041 2857 nobis

2150 1690 2319 1744 ἐδίδου
2347 1689 2381 1757 ἡ
2409 1684 2705 1756 προθυμία,
2751 1683 2864 1736 ἀλλ’
2899 1684 3022 1736 ὅσον
3049 1684 3114 1751 τῇ
3146 1680 3307 1750 ἐξόδῳ
3332 1681 3720 1750 προσήγγιζεν,

2148 1782 2224 1844 ὡς
2254 1779 2412 1832 πλέον
2447 1775 2726 1846 θεωροῦσα
2759 1773 2852 1826 τοῦ
2890 1771 3122 1841 νυμφίου
3151 1771 3211 1823 τὸ
3246 1769 3472 1832 κάλλος,
3511 1771 3572 1822 ἐν
3602 1784 3723 1835 σφο-

2146 1871 2374 1941 δροτέρα
2401 1871 2467 1939 τῇ
2495 1867 2698 1932 ἐπείξει
2724 1865 2862 1936 πρὸς
2880 1864 2970 1917 τὸν
2995 1862 3325 1932 ποθούμενον
3348 1861 3478 1913 ίετοο
3500 1858 3722 1913 τοιαῦτα

2149 1962 2491 2033 φθεγγομένη
2512 2004 2526 2026 ,
2549 1961 2729 2013 οὐκέτι
2773 1958 2908 2028 πρὸς
2935 1959 3080 2028 ἡμᾶς
3108 1957 3233 2020 τοὺς
3260 1955 3564 2031 παρόντας,
3596 1951 3724 2007 ἀλλὰ

2148 2053 2284 2123 πρὸς
2337 2051 2498 2104 αὐτὸν
2546 2052 2784 2112 ἐκεῖνον,
2833 2047 2971 2118 πρὸς
3017 2046 3076 2099 ὃν
3121 2046 3308 2107 ἀτενὲς
3340 2043 3579 2115 ἀφεώρα
3617 2043 3722 2105 sui;

2146 2145 2379 2214 ὄμμασι.
2424 2143 2566 2214 Πρὸς
2595 2141 2703 2212 γὰρ
2742 2138 3003 2208 ἀνατολὴν
3045 2137 3314 2209 τέτραπτο
3346 2138 3489 2207 αὐτῇ
3524 2135 3588 2188 τὸ
3622 2151 3722 2204 χα-

2150 2236 2400 2307 μεύνιον·
2435 2235 2528 2288 καὶ⁵
2569 2234 2852 2286 ἀποστᾶσα
2894 2228 2986 2284 τοῦ
3019 2230 3155 2301 πρὸς
3183 2231 3327 2300 ἡμᾶς
3355 2225 3721 2294 διαλέγεσθαι,

2145 2330 2214 2383 δι’
2257 2327 2423 2398 εὐχῆς
2451 2325 2646 2397 ὡμίλει
2697 2323 2757 2376 τὸ
2811 2321 2995 2378 λοιπὸν
3023 2320 3100 2390 τῷ
3145 2319 3286 2390 Θεῷ,
3319 2318 3477 2389 χερσί
3508 2333 3571 2370 τε
3613 2318 3722 2367 ἱκε-

2144 2421 2409 2482 τεύουσα,
2447 2418 2543 2472 καὶ
2575 2414 3027 2486 ὑποφθεγγομένη
3061 2413 3230 2483 λεπτῇ
3261 2412 3329 2480 τῇ
3361 2410 3552 2479 φωνῇ·
3589 2407 3724 2460 ὥστε

2145 2515 2294 2585 ἡμᾶς
2326 2512 2540 2566 ἐπαΐειν
2588 2509 2824 2581 μετρίως
2874 2507 2981 2560 τῶν
3012 2506 3351 2576 λεγομένων·
3398 2501 3627 2572 τοιαύτη
3670 2500 3726 2552 δέ

2143 2603 2212 2678 ῆν
2255 2608 2288 2676 ή
2320 2605 2476 2676 εὐχὴ,
2521 2604 2598 2666 ὠς
2645 2601 2780 2673 μηδέ
2809 2599 3192 2671 άμφιϐάλλειν,
3224 2598 3304 2650 ὅτι
3337 2595 3434 2649 καὶ
3462 2593 3609 2664 πρὸς
3639 2591 3727 2644 τὸν

2145 2698 2278 2751 Θεὸν
2306 2697 2533 2767 ἐγίνετο,
2565 2695 2661 2749 καὶ
2686 2694 2816 2765 παρ’
2848 2693 3066 2762 ἐκείνης
3097 2689 3347 2759 ⁴ἠκούετο.

2219 2809 2237 2840 ι
2259 2789 2385 2854 Eb,»
2408 2785 2592 2856 φησὶν,
2622 2805 2639 2836 ι
2660 2784 2854 2847 ἔλυσας
2877 2784 3029 2853 ἡμῖν,
3052 2777 3352 2851 Κύριε,τοῦ
3375 2776 3617 2830 Θανάτου
3636 2773 3726 2827 τὸν

460 2868 796 2928 abstersisti.
823 2872 905 2928 Tu
928 2874 1182 2942 effecisti,
1215 2889 1274 2934 ut
1301 2873 1537 2949 hujuSce
1572 2888 1696 2942 vitae
1727 2887 1870 2952 finis,
1898 2904 2041 2944 verae

2149 2881 2329 2950 φόϐον.
2372 2880 2445 2932 Σὺ
2493 2877 2638 2948 ζωῆς
2681 2875 2940 2946 ἀληθινῆς
2970 2873 3145 2968 ἀρχὴν
3177 2873 3308 2968 ἡμῖν
3353 2866 3729 2968 ἐποίησας..τό

460 2963 620 3020 nobis
645 2975 786 3022 esset
810 2969 1141 3040 principium
1183 2973 1327 3028 vitae.
1363 2973 1444 3029 Tu
1474 2988 1664 3031 nostra
1695 2995 1928 3049 corpora
1969 2981 2037 3034 ad

461 3065 674 3126 tempus
703 3073 901 3112 somno
945 3062 1140 3127 tradis,
1194 3079 1529 3135 rursumque
1571 3084 1766 3122 somno
1801 3071 2038 3127 suscitas

457 3158 706 3205 extrema
766 3153 913 3207 tuba.
981 3153 1062 3208 Tu
1108 3163 1311 3211 terram
1378 3169 1646 3223 nostram,
1697 3177 1862 3232 quam
1918 3179 2036 3216 ma-

458 3243 627 3300 nibus
674 3243 950 3312 formasti,
1005 3253 1265 3319 tauquam
1325 3250 1632 3320 depositum
1688 3263 1850 3310 terra:
1885 3271 2037 3311 com-

459 3334 653 3400 mittis,
701 3335 936 3406 etquod
975 3337 1024 3392 ei
1067 3337 1298 3407 dederas
1341 3358 1560 3398 rursum
1613 3346 1849 3414 repetis,
1890 3348 2036 3416 quod

460 3427 518 3482 in
560 3427 722 3482 nobis
771 3429 1005 3484 mortale
1047 3439 1213 3499 atque
1253 3431 1498 3490 deforme
1539 3447 1651 3496 est.
1712 3437 2038 3493 immortali-

460 3527 575 3573 tate
623 3526 676 3574 οι
728 3521 904 3588 gratia
939 3520 1234 3578 decorans.
1273 3523 1354 3580 Tu
1401 3542 1504 3583 nos
1543 3529 1610 3584 ah
1656 3532 2038 3589 exsecratione

462 3617 804 3680 peccatoque
835 3611 1108 3680 liberasti,
1141 3623 1437 3686 utrumque
1465 3633 1568 3688 pro
1602 3622 1758 3676 nobis
1787 3622 2034 3680 effectus.

461 3699 545 3756 Tu
590 3702 853 3760 draconis
877 3705 1061 3775 capita
1101 3706 1352 3763 collisisti
1380 3710 1423 3774 ³,
1464 3711 1559 3782 qui
1592 3727 1690 3782 per
1719 3715 2034 3786 voraginem

459 3795 822 3851 contumaciae
880 3796 1135 3855 faucibus
1205 3800 1484 3858 hominem
1545 3805 1905 3874 corripuerat.
1954 3806 2036 3861 Tu

459 3889 636 3958 portis
671 3890 870 3946 tartari
918 3891 1221 3949 confractis
1261 3901 1317 3949 et
1361 3895 1676 3964 debilitato,
1707 3899 1804 3968 qui
1839 3900 2036 3957 mortis

457 3980 699 4037 habebat
748 3982 1041 4054 imperium
1093 3989 1132 4055 ³,
1181 3987 1427 4044 daemone
1473 3991 1636 4046 nobis
1685 3990 1753 4045 ad
1787 4006 2037 4047 resurre-

459 4075 699 4131 ctionem
727 4077 936 4133 aditum
969 4080 1299 4151 patefecisti.
1330 4081 1412 4139 Tu
1444 4085 1510 4139 ad
1536 4085 1712 4142 hostis
1735 4087 2033 4158 perniciem

457 4173 514 4219 et
541 4165 666 4222 vitae
690 4177 896 4225 nostra:
917 4173 1276 4228 securitatem
1307 4174 1507 4230 dedisti
1537 4178 1754 4247 signum
1786 4185 2038 4234 metuen-

2145 2974 2296 3036 τέλος
2327 2973 2426 3042 τῆς
2450 2967 2684 3024 ἐνταῦθα
2708 2967 2876 3038 ζωῆς.
2900 2967 2971 3020 Σὺ
3000 2965 3136 3034 πρὸς
3156 2963 3344 3033 καιρὸν
3367 2959 3728 3020 διαναπαύεις

2146 3063 2299 3135 ὕπνῳ
2318 3063 2388 3117 τά
2417 3062 2666 3132 σώματα,
2697 3061 2793 3114 καὶ
2815 3059 2976 3113 πάλιν
2997 3055 3317 3126 ἀφυπνίζεις
3339 3055 3397 3107 ἐν
3416 3055 3485 3122 τῇ
3520 3050 3728 3120 ἐσχάτῃ

2147 3157 2426 3224 σάλπιγγι.
2469 3155 2540 3208 Σὺ
2575 3154 2729 3217 δίδως
2758 3151 3224 3224 παρακαταθήκην
3259 3151 3326 3219 τῇ
3357 3150 3428 3218 γῇ
3455 3148 3560 3215 τὴν
3587 3148 3728 3215 ἡμεο

2143 3249 2309 3318 τέραν
2341 3247 2466 3316 γῆν,
2496 3247 2562 3317 ἢν
2589 3248 2708 3309 ταῖς
2739 3247 2856 3308 σαῖς
2881 3243 3036 3315 χερσὶ
3057 3241 3456 3310 διεμόρφωσας’
3489 3239 3592 3290 καὶ
3624 3236 3731 3289 πά-

2144 3341 2228 3394 λιν
2251 3337 2574 3412 ,ἀνακομίζει
2601 3337 2630 3390 ὃ
2661 3337 2930 3401 δέδωκας,
2971 3333 3249 3404 ἀφθαρσίᾳ
3278 3332 3372 3384 καὶ
3408 3331 3598 3400 χάριτι
3633 3346 3732 3398 με·

2143 3430 2512 3503 ταμορφώσας
2532 3429 2592 3482 τὸ
2614 3427 2805 3499 θνητὸν
2825 3426 2983 3498 ἡμῶν
2998 3424 3093 3478 καὶ
3112 3424 3378 3494 ἄσχημον.
3408 3421 3480 3473 Συ
3503 3417 3731 3490 ἐρῤὐσω

2144 3527 2292 3596 ἡμᾶς
2318 3527 2384 3579 ἐκ
2416 3524 2514 3595 τῆς
2555 3523 2798 3594 κατάρας
2829 3519 2925 3573 καὶ
2956 3519 3056 3588 τῆς
3105 3515 3397 3587 ἁμαρτίας,
3429 3511 3730 3581 ἀμφότερα

2145 3619 2281 3689 ὑπὲρ
2312 3617 2471 3688 ἡμῶν
2514 3615 2824 3684 γενόμενος.
2856 3611 2928 3662 Σὺ
2971 3607 3299 3668 συνέθλασας
3341 3601 3441 3707 τὰς
3478 3599 3732 3703 κεφαλάς

2142 3711 2236 3764 τοῦ
2266 3711 2554 3782 δράκοντος
2573 3747 2588 3771 ,
2623 3705 2719 3760 τοῦ
2757 3705 2844 3758 διὰ
2870 3703 2965 3756 τοῦ
3003 3701 3279 3772 χάσματος
3312 3701 3411 3764 τῆς
3436 3701 3728 3765 παρακοῆς

2142 3804 2220 3874 τῷ
2249 3800 2431 3874 λαιμῷ
2458 3800 2801 3862 διαλαϐόντος
2829 3797 2920 3851 τὸν
2944 3795 3248 3894 ἄνθρωπον.
3376 3787 3729 3894 (Mariae-fa;

2142 3898 2274 3965 ἡμῖν
2301 3893 2398 3965 τὴν
2421 3892 2735 3955 ἀνάστασιν,
2777 3885 3070 3958 συντρίψας
3103 3883 3201 3946 τὰς
3227 3881 3400 3944 πύλας
3437 3877 3536 3931 τοῦ
3569 3877 3724 3948 ᾇδσυ,

2143 3988 2239 4041 καὶ
2275 3986 2631 4057 καταργήσας
2656 3983 2747 4035 τὸν
2777 3981 2836 4034 τὸ
2869 3979 3073 4049 κράτος
3119 3975 3310 4045 ἔχοντα
3347 3971 3444 4025 τοῦ
3481 3972 3729 4024 θανάτου

2141 4079 2408 4136 διάϐολον.
2455 4079 2528 4130 Σὺ
2569 4076 2775 4137 ἔδωκας
2801 4075 2912 4136 τοῖς
2941 4069 3292 4141 φοϐουμένοις
3327 4083 3383 4119 σε
3417 4064 3731 4134 σημείωσιν

2141 4173 2233 4226 τὸν
2261 4171 2432 4224 τύπον
2469 4169 2563 4224 τοῦ
2594 4168 2748 4236 ἁγίου
2782 4183 2874 4218 σου
2899 4161 3134 4230 σταυροῦ
3167 4163 3246 4224 εἰς
3279 4157 3606 4226 καθαίρεσιν
3628 4172 3728 4208 του

457 4258 608 4315 tibus
661 4267 735 4325 te,
779 4272 964 4318 notam
1012 4274 1218 4320 sanctae
1257 4266 1460 4333 crucis,
1507 4279 1708 4325 aeterne
1754 4269 2036 4334 Deus,cui

2149 4265 2545 4336 Ἀντικειμένου
2578 4261 2671 4316 καὶ
2695 4263 2774 4324 εἰς
2801 4259 3099 4327 ἀσφάλειαν
3126 4258 3224 4326 τῆς
3253 4252 3528 4324 ἡμετέρας
3552 4251 3725 4316 ζωῆς.

459 4350 681 4406 addicta
711 4369 832 4409 sum
863 4370 931 4410 ex
954 4363 1112 4412 utero
1143 4358 1544 4429 matris,quem
1571 4375 1639 4414 ex
1671 4361 1799 4416 totis
1828 4362 2038 4420 viribus

461 4440 655 4497 dilexit
684 4445 902 4502 animus
921 4463 1098 4514 meus,
1127 4451 1217 4504 cui
1249 4458 1306 4505 et
1334 4466 1560 4507 carnem
1611 4461 1664 4508 et
1692 4455 1938 4510 animum
1970 4457 2040 4511 ab

460 4531 835 4591 adolescentia
859 4554 977 4593 mea
1001 4540 1070 4596 ad
1098 4541 1201 4596 hoc
1233 4558 1408 4613 usque
1451 4546 1772 4601 consecravi
1799 4556 2036 4616 tempus.

462 4622 546 4678 Tu
601 4625 733 4680 mihi
777 4628 977 4686 adhibe
1017 4633 1272 4702 angelum
1320 4635 1480 4700 lucis,
1505 4637 1598 4706 qui
1654 4653 1742 4692 me
1782 4639 1946 4693 ducat
1973 4640 2041 4693 ad

459 4716 643 4773 locum
688 4720 983 4791 refrigerii,
1045 4727 1138 4780 ubi
1191 4728 1395 4798 quietis
1449 4737 1535 4786 est
1580 4745 1743 4801 aqua,
1798 4732 1851 4785 in
1885 4734 2042 4790 sinus

462 4819 778 4868 sanctorum
810 4813 1055 4875 Patrum.
1089 4817 1168 4873 Tu
1201 4820 1294 4892 qui
1325 4821 1640 4879 flammeum
1676 4824 1888 4894 fregisti
1923 4826 2060 4895 διε-.

461 4901 638 4968 dium,
675 4913 731 4960 et
769 4909 1026 4976 paradiso
1068 4911 1358 4969 reddidisti
1398 4914 1699 4981 hominem,
1734 4919 1826 4987 qui
1859 4925 2043 4979 tecum

460 4995 617 5050 cruci
648 4996 876 5054 sufﬁxus
919 5009 1060 5065 erat,
1093 5011 1146 5058 et
1177 5003 1248 5059 ad
1289 5003 1728 5063 misericordiam
1779 5011 2044 5081 confuge-

460 5094 549 5139 rat
585 5097 760 5152 tuam,
807 5102 1083 5150 memento
1127 5098 1292 5152 etiam
1347 5100 1455 5154 mei
1495 5092 1569 5155 in
1593 5117 1765 5174 regno
1799 5111 1917 5158 tuo.
1956 5103 2046 5158 Si-

460 5177 687 5246 quidem
739 5189 794 5236 et
832 5199 934 5256 ego
978 5187 1242 5243 crucitixa
1270 5206 1392 5244 sum
1427 5199 1610 5247 tecum
1658 5194 1940 5266 configens
1973 5196 2043 5249 ti-

461 5285 616 5327 more
646 5281 742 5330 tuo
771 5291 964 5333 carnes
995 5296 1167 5343 meas,
1196 5289 1252 5335 et
1273 5281 1588 5351 abjudiciis
1618 5285 1729 5340 tuis
1761 5295 2036 5342 metuens.

459 5364 542 5421 Ne
561 5377 782 5436 separet
809 5385 893 5424 me
917 5371 1087 5427 chaos
1117 5373 1254 5428 illud
1287 5373 1722 5444 formidandum,
1759 5380 1829 5435 ab
1849 5380 2045 5436 electis

462 5458 597 5512 tuis.
629 5457 708 5514 Ne
747 5461 1008 5529 impediat
1035 5464 1256 5521 invidus
1294 5468 1399 5527 iter
1425 5485 1628 5535 meum,
1656 5487 1724 5526 ne
1760 5473 2042 5542 reperian-

469 5554 564 5603 tur
602 5559 731 5605 ante
770 5554 964 5610 oculos
996 5563 1121 5612 tuos
1161 5568 1383 5626 peccata
1413 5577 1573 5632 mea;
1605 5565 1651 5622 si
1684 5573 1908 5636 propter
1934 5582 2032 5621 na-

541 5663 564 5695 '
593 5661 740 5721 Psal.
774 5682 960 5722 LXXIII.
1076 5671 1095 5701 ’
1131 5669 1294 5726 llcbr.
1323 5690 1383 5728 υ.

2153 4361 2210 4413 '0
2234 4359 2366 4423 Θεὸς
2391 4360 2420 4411 ὁ
2456 4356 2691 4420 αἰώνιος,
2735 4347 2779 4421 ᾧ
2820 4351 3120 4424 ἐπερῤίφην
3147 4349 3212 4401 ἐκ
3250 4343 3452 4446 κοιλίας
3515 4340 3727 4446 μητρός

2145 4471 2274 4523 μου·
2319 4452 2378 4505 ὃν
2406 4450 2691 4523 ἠγάπησεν
2715 4449 2748 4517 ἡ
2778 4445 2922 4516 ψυχή
2954 4460 3054 4514 μου
3085 4439 3144 4505 ἐξ
3171 4439 3297 4508 ὅλης
3329 4435 3649 4504 δυνάμεως,
3684 4435 3729 4498 ᾠ

2139 4544 2380 4614 ἀνέθηκα
2406 4543 2498 4596 καὶ
2530 4540 2628 4610 τὴν
2672 4538 2850 4609 σάρκα
2882 4536 2977 4588 καὶ
3004 4533 3103 4604 τὴν
3129 4530 3306 4602 ψυχὴν
3337 4528 3448 4581 ἀπὸ
3466 4526 3730 4634 νεότητός

2145 4655 2280 4707 μου,
2319 4637 2411 4689 καὶ
2447 4635 2608 4705 μέχρι
2649 4631 2742 4684 τοῦ
2790 4628 2903 4681 νῦν.
2954 4629 3026 4679 Σύ
3085 4642 3174 4695 μοι
3221 4628 3730 4694 παρακατάστησον

2144 4728 2402 4799 φωτεινὸν
2442 4724 2671 4794 ἄγγελον
2707 4721 2798 4774 τὸν
2843 4715 3284 4789 χειραγωγοῦντα
3325 4729 3392 4784 με
3446 4710 3592 4781 πρὸς
3631 4709 3728 4761 τὸν

2142 4824 2305 4876 τόπον
2327 4823 2426 4891 τῆς
2442 4817 2756 4887 ἀναψύξεως
2772 4855 2786 4876 ,
2813 4815 2945 4867 ὃπου
2965 4812 3026 4864 τὸ
3045 4810 3188 4880 ὕδωρ
3213 4807 3309 4878 τῆς
3331 4805 3726 4866 ἀναπαύσειις,

2143 4914 2295 4986 παρὰ
2317 4914 2442 4975 τοὺς
2468 4911 2700 4971 κόλπους
2725 4907 2830 4962 τῶν
2858 4907 3028 4975 ἁγίων
3059 4901 3345 4972 Πατέρωνο
3386 4901 3416 4952 ὁ
3453 4896 3728 4965 διακόψας

2143 5009 2243 5079 τὴν
2275 5004 2528 5075 φλογίνην
2568 5000 2860 5073 ῥομφαίαν,
2905 4996 2998 5052 καὶ
3041 4995 3270 5057 ἀποδοὺς
3287 4992 3364 5063 τῷ
3400 4989 3727 5060 παραδείσῳ

2145 5100 2236 5153 τὸν
2278 5099 2563 5170 ἄνθρωπον
2619 5095 2710 5148 τὸν
2765 5090 3213 5163 συσταυρωθέντα
3239 5104 3339 5147 σοι,
3378 5085 3473 5138 καὶ
3505 5085 3724 5136 ὑποπεο

2148 5194 2307 5248 σόντα
2353 5195 2468 5255 τοῖς
2501 5188 2802 5258 οἱκτιρμοῖς
2849 5201 2975 5238 σου’
3032 5180 3212 5252 κάμοῦ
3256 5179 3522 5251 μνήσθητι
3566 5177 3720 5245 ἐντῇ

2148 5283 2394 5354 βασιλείᾳ
2439 5296 2566 5335 σου’
2615 5279 2696 5332 ὅτι
2731 5275 2884 5345 κάγὼ
2924 5269 3491 5342 σοὶ’συνεσταυρώθην
3513 5309 3532 5334 ,
3587 5265 3725 5319 καθ-

2144 5376 2404 5448 ηλώσασα
2425 5376 2490 5428 ἐκ
2515 5371 2610 5426 τοῦ
2641 5369 2806 5440 φόϐου
2838 5385 2933 5421 σου
2961 5366 3059 5430 τὰς
3094 5365 3298 5435 σάρκας
3333 5379 3456 5434 μου’
3486 5361 3586 5415 καὶ
3612 5358 3721 5413 ἀπὸ

2145 5471 2254 5524 τῶν
2302 5468 2584 5540 χριμάτων
2626 5483 2719 5519 σου
2755 5461 3068 5532 φοϐηθεῖσα.
3106 5457 3198 5528 Μὴ
3239 5453 3624 5526 διαχωρισάτω
3647 5466 3717 5518 με

2147 5565 2207 5619 τὸ
2235 5563 2420 5635 χάσμα
2457 5561 2517 5615 τὸ
2546 5557 2774 5628 φοϐερὸν
2807 5555 2915 5609 ἀπὸ
2959 5552 3065 5606 τῶν
3101 5548 3370 5604 ἐκλεκτῶν
3397 5564 3516 5602 σου.
3569 5543 3715 5618 Μηδὲ
