3834 6428
99 286 226 345 985

1359 298 1444 354 DE
1485 300 1645 357 VITA
1712 303 1770 360 S.
1819 300 2171 359 MACRiNIE.

3264 300 3371 359 986

94 410 424 482 ἀντιστήτω
471 411 501 463 ὀ
542 411 808 482 βάσκανος
844 417 909 487 τῇ
955 416 1059 487 ὀδῷ
1087 435 1212 489 μου,
1251 418 1388 488 μηδέ
1435 422 1673 493 εὐρεθείτ

1789 432 1923 478 tura:
1971 422 2350 478 inllrmitatem
2403 421 2675 492 collapsa,
2720 426 2816 475 aut
2850 419 3021 475 verbo
3060 424 3157 474 aut
3203 433 3371 491 Opere

96 501 454 557 κατενώπιον
478 504 588 558 τῶν
613 506 905 578 ὀφθαλμῶν
934 524 1027 562 σου
1069 511 1103 581 ἡ
1138 511 1380 582 ἁμαρτία
1410 530 1533 583 μου,
1566 513 1619 566 ei
1640 531 1692 568 τι

100 594 388 662 σφαλεῖσα
415 594 504 649 διὰ
539 596 637 667 τὴν
672 597 955 653 ἀσθένειαν
1003 600 1105 671 τῆς
1148 602 1363 672 φύσεως
1409 604 1587 675 ἡμῶν,
1633 607 1693 659 ἐν

94 684 279 757 λόγῳ,
315 687 349 759 ἢ
386 687 550 759 ἔργῳ,
580 688 613 759 ἢ
648 690 790 743 κατὰ
816 690 1055 747 διάνοιαν
1080 695 1345 766 ἥμαρτον,
1374 696 1403 749 ὀ
1432 696 1567 767 ἔχων
1599 698 1691 752 ἐπὶ

94 776 215 844 γῆς
258 776 507 841 ἐξουσίαν
543 779 759 847 ἀφιέναι
793 782 1093 855 ἁμαρτίας,
1129 786 1252 848 ἄνες
1276 803 1397 858 μοι’
1432 788 1519 842 ἵνα
1561 790 1692 843 ἁνα-

89 867 284 936 ψύξω,
320 869 415 922 καὶ
443 869 650 939 εὑρεθῶ
691 871 920 926 ἐνώπιόν
956 892 1049 927 σου
1077 878 1135 928 ἐν
1177 879 1244 947 τῇ
1278 877 1573 932 ἀπεκδύσει
1596 880 1686 932 τοῦ

96 959 371 1030 σώματός
418 979 541 1033 μου,
576 964 649 1035 μὴ
700 964 896 1035 ἔχουσα
926 968 1114 1022 σπῖλον
1144 971 1201 1023 ἐν
1243 972 1308 1040 τῇ
1362 974 1543 1043 μορφῇ
1587 972 1689 1041 τῆς

90 1053 291 1125 ψυχῆς
337 1071 458 1125 μου.
498 1056 638 1109 Ἀλλ’
678 1057 925 1129 ἄμωμος,
975 1063 1069 1115 καὶ
1096 1062 1425 1133 ἀκηλίδωτος
1456 1065 1687 1135 προσδε-

92 1145 264 1217 χθείη
312 1149 347 1219 ἡ
382 1148 529 1221 ψυχή
580 1168 680 1220 μου
726 1152 784 1204 ἐν
826 1156 945 1216 ταῖς
982 1152 1137 1224 χερσί
1175 1171 1290 1219 σου,
1323 1155 1400 1219 ὡς
1437 1156 1687 1227 θυμίαμα

94 1235 346 1292 ἐνώπιόν
390 1256 508 1292 σου.
544 1259 564 1292 ι
605 1241 713 1295 Καὶ
755 1241 927 1296 ταῦτα
972 1243 1088 1314 ἅμα
1132 1242 1392 1312 λέγουσα,
1449 1247 1685 1300 ἐπετίθει

92 1325 205 1397 τὴν
237 1330 511 1401 σφραγῖδα
545 1335 657 1396 τοῖς
680 1333 978 1405 ὀφθαλμοῖς
1016 1337 1110 1391 κα)⁸
1133 1336 1211 1407 τῷ
1241 1339 1469 1407 στόματι
1506 1339 1599 1392 καὶ
1617 1341 1684 1408 τῇ

94 1420 332 1491 καρδίᾳ.
373 1424 481 1476 Καὶ
524 1426 643 1477 κατ’
674 1424 881 1491 ὀλίγον,
921 1427 955 1496 ἦ
992 1444 1051 1479 τε
1080 1427 1299 1495 γλῶσσα
1335 1429 1412 1498 τῷ
1464 1431 1686 1502 πυρετῷ

98 1516 564 1583 καταφρυγεῖσα,
604 1516 785 1569 οὐκέτι
842 1516 1102 1589 διήρθρου
1159 1520 1250 1572 τὸν
1304 1520 1480 1589 λόγον,
1516 1524 1611 1577 καὶ
1645 1526 1679 1595 ή

1794 523 1887 568 aut
1921 514 2257 583 cogitatione
2290 513 2532 582 peccavi,
2590 510 2842 567 condona
2870 509 2926 564 id
2955 508 3114 578 mihi,
3171 514 3237 564 tu
3271 510 3369 581 qui

1791 607 1964 664 habes
2022 608 2079 663 in
2130 616 2282 663 terra
2318 606 2631 662 dimittendi
2671 614 2895 677 peccata
2928 612 3277 676 potestatem.
3306 614 3369 661 ut

1790 700 2085 769 refrigerer
2116 707 2171 755 et
2207 700 2262 754 in
2295 699 2547 769 corporis
2589 698 2918 768 spoliatione
2953 706 3083 752 ante
3132 711 3369 768 conspe-

1789 803 1937 852 Clum
1970 800 2125 846 tuum
2148 792 2417 858 inveniar,
2436 806 2547 846 non
2567 791 2777 847 habens
2807 792 3078 847 maculam
3112 792 3167 847 in
3185 791 3366 848 forma

1790 884 1957 939 animi
1999 886 2126 940 mei.
2184 884 2292 940 Sed
2338 884 2460 939 sine
2484 882 2916 952 reprehensione
2944 892 2997 939 et
3032 884 3155 939 labe
3181 885 3365 940 susci-

1784 976 1972 1046 piatur
2001 978 2219 1031 animus
2255 992 2411 1031 meus
2442 976 2498 1030 in
2529 975 2788 1032 manibus
2828 977 2942 1032 tuis
2973 984 3237 1047 tanquam
3282 977 3366 1031 in-

1786 1084 2012 1124 censum
2052 1069 2107 1123 in
2148 1078 2449 1137 conspectu
2484 1076 2599 1123 tuo.
2649 1087 2667 1119 ι
2705 1066 2833 1122 Haec
2874 1067 3066 1123 dicens
3097 1068 3278 1123 oculis
3306 1078 3362 1124 et

1783 1161 1867 1215 ori
1904 1171 1958 1214 et
2010 1159 2162 1216 cordi
2219 1161 2404 1216 crucis
2438 1159 2659 1231 signum
2692 1160 2969 1230 apposuit.
2987 1158 3203 1229 Lingua
3232 1174 3366 1214 vero

1784 1250 1925 1307 febri
1970 1250 2235 1321 paulatim
2285 1251 2508 1321 penitus
2553 1249 2855 1314 exsiccata,
2908 1249 3077 1304 verba
3126 1249 3366 1319 amplius

1782 1357 1891 1397 non
1921 1343 2279 1411 exprimebat,
2321 1350 2377 1398 et
2422 1358 2530 1398 vox
2573 1344 2979 1413 implicabatur.
3032 1340 3215 1408 Quare
3235 1341 3359 1396 sola

1780 1437 2055 1493 labiorum
2102 1438 2426 1495 dilatatione
2464 1446 2520 1495 et
2563 1453 2827 1493 manuum
2872 1444 3046 1502 motu,
3080 1450 3202 1492 eam
3230 1449 3363 1506 pre-

1781 1530 1987 1585 cationi
2025 1531 2346 1588 incumbere
2372 1532 2860 1602 cognoscebamus.

93 1607 260 1677 φωνὴ
277 1608 548 1663 ὐπεδίδου.
569 1611 681 1665 Καὶ
705 1612 762 1664 ἐν
783 1612 916 1683 μόνῃ
937 1617 1003 1684 τῇ
1026 1613 1133 1667 τῶν
1162 1615 1383 1685 χειλέων
1402 1618 1674 1693 διαστολῇ,
1713 1626 1809 1678 καὶ
1854 1629 1921 1698 τῇ
1962 1626 2074 1682 τῶν
2123 1626 2319 1699 χειρῶν
2352 1628 2593 1698 κινήσει,
2672 1626 2733 1680 τὸ
2798 1627 2857 1679 ἐν
2898 1624 3175 1696 προσευχῇ
3219 1618 3361 1675 εἶναι

94 1699 281 1771 αὐτὴν
311 1700 700 1771 ἐγινώσκομεν.

171 1793 290 1845 Καὶ
315 1793 373 1845 ἐν
398 1792 606 1855 τούτοις
633 1794 732 1865 τῆς
758 1795 994 1867 ἑσπέρας
1027 1795 1387 1867 ἐπιλαϐούσης
1407 1839 1421 1859 ,
1447 1798 1542 1852 καὶ
1570 1816 1673 1869 φω·

1855 1800 1993 1856 Cum
2019 1802 2239 1857 interim
2267 1816 2463 1871 vesper
2490 1800 2823 1865 advenisset,
2854 1805 2909 1854 et
2934 1798 3117 1854 lumen
3149 1798 3358 1853 illatum

89 1884 193 1946 τὸς
235 1884 696 1954 είσκομισθέντος,
742 1885 936 1958 ἀθρόον
983 1886 1073 1940 τὸν
1109 1888 1217 1941 τῶν
1260 1888 1522 1960 ὀμμάτων
1562 1892 1681 1944 δια-

94 1974 367 2029 στείλασα
392 1974 618 2038 κύκλον,
648 1977 743 2031 καὶ
769 1978 905 2049 πρὸς
936 1979 1034 2049 τὴν
1058 1979 1233 2052 αὐγὴν
1270 1982 1555 2049 ἀπιδοῦσα,
1588 1984 1681 2037 ἐκ·

92 2065 261 2137 δηλος
295 2067 393 2137 μὲν
418 2062 487 2138 ῆν
514 2067 847 2137 φθέγξασθαι
874 2071 972 2140 τὴν
1000 2071 1306 2143 ἐπιλύχνιον
1334 2075 1682 2147 εὐχαριστίαν

91 2158 531 2229 προθυμουμένη
552 2174 566 2189 ο
599 2160 698 2229 τῆς
733 2160 790 2213 δέ
822 2162 1004 2232 φωνῆς
1028 2164 1432 2237 ἐπιλειπούσης,
1463 2168 1553 2221 διὰ
1581 2170 1681 2237 τῆς

90 2250 328 2320 καρδίας
361 2252 454 2303 καὶ
487 2252 589 2321 τῆς
618 2252 726 2305 τῶν
766 2254 962 2325 χειρῶν
1008 2258 1271 2328 κινήσεως
1310 2260 1550 2331 ἐπλήρου
1584 2259 1681 2333 τὴν

91 2344 383 2414 πρόθεσιν,
419 2346 513 2397 καὶ
544 2346 611 2398 τὰ
642 2346 792 2417 χείλη
828 2350 964 2420 πρὸς
995 2349 1092 2421 τὴν
1116 2350 1324 2405 ἔνδοθεν
1347 2356 1524 2428 ὀρμὴν
1554 2374 1680 2410 συν-

90 2438 367 2488 εκινεῖτοο
401 2436 476 2499 ὼς
515 2437 573 2490 δὲ
604 2438 884 2511 ἐπλήρωσε
927 2440 1026 2511 τὴν
1072 2443 1421 2514 εὐχαριστίαν
1444 2486 1460 2511 ,
1513 2449 1607 2501 καὶ
1645 2449 1678 2521 ἡ

90 2529 219 2598 χεὶρ
246 2528 547 2598 ἐπαχθείσα
578 2530 666 2584 διὰ
692 2534 792 2602 τῆς
834 2534 1125 2604 σφραγῖδος
1158 2535 1234 2605 τῷ
1274 2537 1577 2609 προσώπῳ,
1619 2542 1680 2594 τὸ

92 2620 276 2690 πέρας
316 2620 417 2691 τῆς
459 2621 628 2692 εὐχῆς
673 2623 1021 2695 διεσήμαινε,
1066 2629 1210 2698 μέγα
1256 2646 1309 2682 τι
1352 2631 1446 2685 καὶ
1496 2632 1679 2701 βύθιον

88 2712 507 2778 ἀντιπνεύσασα,
543 2717 608 2784 τῇ
644 2720 919 2789 προσευχῇ
954 2719 1053 2791 τὴν
1082 2719 1224 2793 ζωὴν
1256 2724 1675 2796 συγκατέληξεν.

100 2804 197 2866 Ὠς
222 2803 279 2856 δέ
303 2799 371 2874 ἦν
391 2802 451 2857 τὸ
470 2804 654 2860 λοιπὸν
681 2809 885 2873 ἄπνους
905 2828 961 2863 τε
990 2813 1084 2865 καὶ
1113 2814 1393 2885 ἀκίνητος,
1419 2818 1678 2887 μνησθεὶς

88 2894 206 2948 τῶν
238 2896 489 2961 ἐντολῶν,
523 2899 591 2963 ἃς
623 2900 783 2964 εὐθὺς
818 2903 967 2974 παρὰ
999 2904 1096 2976 τὴν
1125 2906 1347 2979 πρώτην
1387 2912 1676 2981 συντυχίαν

92 2988 387 3060 πεποίητο,
416 2991 643 3045 είποῦσα
667 2993 950 3063 βούλεσθαι
971 2996 1069 3060 τὰς
1087 3000 1224 3067 ἐμὰς
1250 3004 1361 3064 τοῖς
1379 3002 1677 3074 ὀφθαλμοῖς

88 3082 267 3153 αὐτῆς
302 3083 657 3155 ἐπιϐληθῆναι
710 3092 934 3159 χεῖρας,
972 3092 1066 3144 καὶ
1098 3092 1165 3145 δι’
1203 3094 1336 3162 ἐμοῦ
1384 3096 1483 3168 τὴν
1526 3114 1672 3151 νενο-

92 3172 374 3243 μισμένην
404 3173 700 3247 θεραπείαν
742 3181 1042 3253 ἐπαχθῆναι
1075 3183 1151 3254 τῷ
1181 3186 1421 3256 σώματι,
1457 3189 1669 3260 ἐπήγα-

86 3282 191 3331 γον
246 3264 325 3336 τῷ
363 3266 502 3337 ἁγίῳ
553 3269 828 3341 προσώπῳ
879 3278 1202 3345 νεναρκυῖαν
1247 3278 1311 3330 ἐκ
1342 3279 1434 3331 τοῦ
1470 3280 1674 3346 πάθους

84 3357 195 3421 τὴν
234 3359 392 3427 χεῖρα
413 3398 427 3419 ,
456 3359 580 3413 ὅσον
614 3360 688 3431 μὴ
718 3362 866 3428 δόξαι
895 3364 993 3435 τῆς
1022 3365 1240 3436 ἐντολῆς
1273 3363 1521 3439 ἀμέλεῖνο
1552 3372 1675 3425 οὐδέ

85 3447 207 3519 γὰρ
252 3448 360 3501 τῶν
387 3451 835 3522 ἐπανορθούντων
882 3456 933 3509 οἱ
983 3457 1249 3528 ὀφθαλμοὶ
1292 3462 1672 3532 προσεδέοντο,

88 3541 349 3613 καθάπερ
376 3544 465 3594 ἐπὶ
493 3543 585 3596 τοῦ
611 3546 750 3599 κατὰ
775 3545 936 3615 φύσιν
964 3547 1171 3615 γίνεται
1204 3549 1391 3614 ὕπνου,
1425 3556 1535 3616 τοῖς
1565 3554 1677 3623 βλε-

86 3633 293 3703 φάροις
318 3634 601 3703 εὐκόσμως
623 3635 1013 3705 διειλημμένοι·
1034 3638 1103 3693 τά
1123 3655 1179 3691 τε
1210 3639 1359 3709 χείλη
1385 3642 1676 3711 προσφυῶς

90 3727 405 3796 μεμυκότα,
453 3727 547 3780 καὶ
583 3729 639 3780 αι
685 3730 864 3799 χεῖρες
906 3730 1195 3799 εὐπρεπῶς
1232 3734 1675 3789 ἐπανακλιθεῖσαι

85 3819 174 3886 τῷ
211 3818 415 3889 στήθει,
453 3820 603 3873 πᾶσά
641 3836 700 3872 τε
737 3823 770 3891 ἡ
806 3820 899 3874 τοῦ
950 3820 1201 3892 σώματος
1242 3824 1389 3889 θέσις
1432 3828 1674 3899 αὐτομά-

85 3927 203 3972 τως
251 3908 392 3962 κατὰ
420 3909 481 3963 τὸ
518 3908 791 3982 εὔσχημον
836 3912 1204 3983 ἁρμοσθεῖσα,
1244 3916 1395 3970 οὐδὲν
1430 3919 1529 3991 τῆς
1566 3921 1674 3973 τῶν

86 4001 447 4070 κοσμούντων
472 4003 649 4073 χειρὸς
679 4004 948 4058 ἐπεδέετο.

173 4093 331 4163 Ἐμοὶ
364 4093 422 4147 δέ
464 4095 672 4164 διχόθεν
711 4097 919 4164 ἐγίνετο
967 4100 1201 4171 πάρετος
1244 4102 1276 4170 ἡ
1309 4100 1474 4173 ψυχή’
1506 4103 1585 4165 είς
1614 4103 1675 4156 τὸ

87 4186 422 4257 φαινόμενον
465 4186 723 4251 ἔϐλεπον,
754 4190 847 4241 καὶ
888 4190 986 4260 τὴν
1019 4192 1185 4262 ἀκοὴν
1214 4192 1301 4245 διὰ
1339 4196 1435 4264 τῆς
1478 4196 1675 4265 γοερᾶς

85 4279 203 4333 τῶν
230 4279 518 4351 παρθένων
550 4282 795 4352 οἰμωγῆς
827 4285 1219 4355 περιηχούμην.
1253 4286 1402 4350 Τέως
1430 4288 1528 4356 μὲν
1566 4288 1674 4359 γὰρ

84 4373 150 4423 ἐν
196 4371 401 4442 ἠσυχίᾳ
442 4371 824 4445 διεκαρτέρουν
865 4377 1101 4439 ἐκεῖναι,
1144 4376 1239 4429 καὶ
1287 4380 1351 4449 τῇ
1396 4378 1539 4449 ψυχῇ
1573 4380 1672 4450 τὴν

1783 1901 1950 1957 esset,
1980 1893 2071 1947 illa
2102 1893 2389 1949 oculorum
2420 1893 2610 1947 orbem
2641 1890 2946 1961 explicans,
2989 1898 3045 1945 et
3075 1887 3145 1943 ad
3172 1888 3361 1958 splen-

1783 1988 1970 2043 dorem
1996 1988 2324 2057 respiciens,
2349 1986 2419 2043 ad
2449 1986 2825 2057 vespertinam
2854 1985 3152 2055 gratiarum
3185 1982 3359 2038 actio-

1783 2095 1908 2134 nem
1958 2080 2426 2151 pronuntiandam
2482 2086 2798 2149 promptum
2844 2076 3089 2131 animum
3138 2090 3251 2147 prae
3297 2089 3358 2129 se

1784 2172 1992 2227 ferebat
2030 2190 2044 2227 :
2078 2171 2175 2228 sed
2222 2187 2358 2227 voce
2391 2170 2702 2234 deﬁciente,
2746 2169 2938 2233 corde,
2993 2174 3050 2223 et
3094 2181 3358 2222 manuum

1782 2262 2025 2317 motione
2057 2264 2345 2334 proposito
2396 2260 2796 2325 satisfaciehat,
2834 2269 2889 2317 et
2932 2260 3001 2314 ad
3035 2260 3355 2315 interiorem

1782 2353 2128 2409 affectionem
2184 2354 2337 2408 labra
2388 2351 2813 2415 commovebat;
2856 2348 3109 2405 absoluta
3173 2353 3357 2401 autem

1781 2448 2081 2517 gratiarum
2129 2448 2366 2510 actione,
2421 2462 2644 2501 manum
2691 2446 2759 2501 ad
2800 2444 2994 2501 faciem
3032 2442 3357 2515 signandam

1780 2541 2045 2606 admovit,
2088 2549 2142 2596 et
2184 2542 2297 2595 voti
2339 2540 2503 2595 tinem
2554 2540 2751 2596 adesse
2790 2538 3114 2605 declaravit,
3151 2543 3206 2592 et
3239 2550 3358 2590 ma-

1779 2648 1944 2703 gnum
1998 2632 2288 2703 quemdam
2324 2646 2388 2685 ac
2426 2631 2757 2701 profundum
2804 2630 3056 2700 spiritum
3123 2628 3354 2693 ducens,

1777 2738 1903 2777 cum
1956 2722 2275 2791 precatione
2328 2721 2488 2775 simul
2526 2730 2581 2775 et
2624 2720 2793 2773 vitam
2840 2715 3179 2771 terminavit.
3215 2714 3355 2769 Cum

1778 2812 1947 2881 igitur
1991 2826 2092 2866 nec
2143 2810 2379 2881 spiraret
2426 2810 2663 2881 amplius
2694 2817 2748 2864 et
2786 2808 2998 2878 jaceret
3029 2805 3353 2869 immobilis,

1776 2920 1880 2974 ego
1927 2918 2137 2958 memor
2190 2917 2379 2959 eorum
2413 2918 2535 2972 qua:
2578 2903 2635 2957 in
2680 2902 2801 2972 ipso
2835 2900 3012 2970 primo
3051 2914 3353 2970 congressu

1776 2996 1909 3050 mihi
1950 2994 2329 3058 mandaverat,
2371 2995 2562 3050 dicens
2614 3010 2674 3051 se
2716 2995 2874 3057 velle,
2904 3001 2963 3047 ut
3006 3007 3202 3047 manus
3230 3006 3353 3045 mea

1780 3087 1886 3142 sibi
1925 3087 2119 3143 oculos
2142 3086 2445 3150 clauderet,
2477 3094 2533 3141 et
2566 3086 2789 3141 solitum
2825 3084 2908 3138 ori
2940 3097 3041 3139 suo
3064 3088 3355 3153 praestaret

1781 3178 2057 3243 oilicium,
2113 3186 2310 3235 sancto
2362 3177 2537 3233 vultui
2588 3178 2779 3233 dolore
2826 3176 3176 3246 languentem
3234 3188 3355 3227 ma-

1776 3287 1909 3325 num
1943 3270 2194 3335 adhibui,
2249 3286 2319 3325 ne
2355 3269 2677 3324 mandatum
2727 3268 2848 3338 ejus
2887 3265 3163 3339 negligere
3198 3264 3353 3319 vide-

1778 3378 1872 3418 rer
1926 3363 2110 3433 potius
2166 3377 2331 3433 quam
2369 3362 2517 3432 quod
2577 3359 2849 3431 ejusmodi
2904 3358 3139 3414 oliicium
3179 3357 3355 3413 oculis

1775 3456 1897 3526 ejus
1934 3464 2081 3511 esset
2127 3455 2504 3511 necessarium
2554 3472 2568 3508 :
2621 3453 2823 3524 quippe
2867 3452 2962 3523 qui
2999 3447 3354 3521 quemadmo-

1775 3547 1903 3602 dum
1957 3547 2015 3601 ﬁt
2046 3548 2101 3601 in
2131 3562 2327 3601 somno
2368 3545 2627 3612 naturali,
2674 3543 2953 3614 palpebris
2990 3541 3192 3597 decore
3215 3554 3355 3595 con-

1774 3638 1903 3691 tecti
1932 3648 2091 3692 erant
2120 3656 2133 3693 :
2167 3646 2222 3693 et
2255 3637 2407 3691 labra
2456 3637 2643 3692 itidem
2676 3637 2887 3701 clausa,
2915 3647 3225 3704 manusque
3256 3646 3353 3687 ve-

1776 3740 1936 3786 nuste
1975 3732 2182 3801 pectori
2225 3730 2583 3792 cohaerentes,
2630 3737 2783 3785 totus
2824 3728 3061 3798 denique
3102 3722 3351 3796 corporis

1776 3822 1917 3878 situs
1945 3837 2008 3876 ea
2045 3822 2313 3893 dignitate
2336 3823 2696 3893 compositus,
2730 3828 2791 3875 ut
2827 3820 3147 3876 ornantium
3182 3831 3350 3873 manu

1774 3930 1886 3971 non
1925 3916 2194 3986 indigeret

1846 4097 1997 4154 Meus
2033 4106 2216 4152 autem
2261 4098 2481 4152 animus
2537 4094 2830 4165 dupliciter
2862 4094 3187 4164 augebatur,
3228 4099 3345 4146 tum

1773 4191 1844 4246 ob
1875 4208 1937 4246 ea
1967 4206 2089 4260 quae
2127 4189 2437 4253 cernebam,
2482 4198 2597 4244 tum
2641 4189 2713 4243 ob
2755 4189 3035 4243 luctuosas
3071 4186 3347 4257 virginum

1772 4297 1957 4346 voces,
2001 4283 2203 4353 quibus
2239 4298 2401 4337 aures
2430 4296 2562 4337 meae
2586 4281 3077 4337 circumsonabant
3112 4279 3333 4334 :hacte-

1778 4391 1880 4431 nus
1919 4376 2065 4431 enim
2110 4375 2216 4430 illae
2270 4374 2620 4445 quiescentes
2680 4390 2739 4430 se
2787 4373 3003 4428 fortiter
3041 4379 3319 4444 gesserant

84 4463 287 4534 ὀδύνην
320 4464 824 4531 ἐγκατακλείουσαι,
852 4468 949 4537 τὴν
984 4469 1083 4538 τῆς
1116 4470 1361 4539 οἰμωγῆς
1393 4471 1567 4541 ὀρμὴν
1595 4471 1672 4543 τῷ

1780 4468 2072 4537 animoque
2131 4466 2375 4522 dolorem
2449 4466 2720 4520 inclusum
2782 4466 3129 4519 continentes
3188 4461 3313 4518 ﬂetu

85 4556 233 4625 πρὸς
286 4555 454 4627 αὐτὴν
503 4558 651 4628 φόϐῳ
706 4559 1067 4627 κατέπνιγον,
1125 4560 1314 4632 ὥσπερ
1378 4562 1668 4616 δεδοικυῖαι

86 4649 185 4701 καὶ
248 4648 559 4712 σιωπῶντος
613 4650 713 4722 ήδη
777 4652 872 4705 τοῦ
930 4654 1221 4723 προσώπου
1265 4673 1363 4726 την
1416 4657 1670 4728 ἐπιτίμη-

90 4758 208 4805 σιν,
265 4742 396 4811 μήτι
441 4742 593 4812 παρὰ
648 4744 710 4796 τὸ
763 4744 1182 4817 διατεταγμένον
1242 4749 1430 4812 αὐταῖς
1488 4751 1669 4821 φωνῆς

84 4850 236 4896 τινος
294 4836 425 4902 παρ’
477 4836 654 4888 αὐτῶν
705 4838 1063 4909 ἐκραγείσης,
1118 4841 1384 4913 λυπηθείη
1425 4843 1560 4913 πρὸς
1609 4846 1670 4897 τὸ

87 4927 379 4997 γινόμενον
442 4928 475 4998 ὴ
530 4928 864 4992 διδάσκαλος.
924 4930 1078 4984 Ἐπεὶ
1138 4933 1194 4986 δὲ
1261 4932 1444 4987 οὐκέτι
1501 4952 1671 4988 κατα-

86 5016 415 5090 κρατεῖσθαι
482 5018 548 5071 δι’
611 5020 838 5089 ἡσυχίας
910 5021 968 5073 τὸ
1028 5022 1199 5086 πάθος
1256 5024 1515 5093 ἠδύνατο,
1573 5029 1667 5079 τοῦ

86 5108 323 5171 πένθους
360 5108 521 5160 οἱονεὶ
552 5112 719 5179 πυρός
748 5125 889 5174 τινος
927 5111 1135 5167 ἔνδοθεν
1162 5114 1341 5171 αὐτῶν
1370 5116 1466 5179 τὰς
1493 5117 1669 5188 ψυχὰς

81 5199 481 5270 διασμύχοντος
507 5240 521 5263 ,
555 5201 765 5271 ἀθρόως
793 5202 984 5274 πικρός
1013 5222 1096 5268 τις
1120 5208 1213 5259 καὶ
1251 5208 1473 5277 ἄσχετος
1504 5210 1668 5280 ἀναῤ-

80 5295 359 5363 ῥήγνυται
388 5286 549 5360 ἦχος·
585 5291 725 5344 ὥστε
756 5310 845 5363 μοι
883 5295 1075 5365 μηκέτι
1111 5296 1291 5365 μένειν
1322 5300 1380 5352 ἐν
1419 5298 1496 5370 τῷ
1539 5300 1668 5353 καθ-

77 5381 344 5452 εστηκότι
364 5382 455 5435 τὸν
480 5382 756 5452 λογισμὸν,
779 5384 912 5438 ἀλλὰ
934 5386 1182 5458 καθάπερ
1202 5390 1498 5461 χειμάρῤου
1524 5394 1668 5456 τινος

76 5471 483 5536 ἐπικλύσαντος
504 5515 518 5539 ,
552 5474 882 5544 ὑποϐρύχιον
924 5479 1322 5548 παρενεχθῆναι
1370 5484 1446 5553 τῷ
1481 5483 1663 5546 πάθει,

86 5566 182 5619 (αἱ
215 5564 324 5618 τῶν
353 5565 410 5618 ἐν
436 5568 621 5636 χερσὶν
650 5567 1015 5638 ἀμελήσαντα,
1052 5569 1170 5621 ὅλον
1206 5571 1313 5625 τῶν
1346 5573 1556 5645 θρήνων
1587 5572 1665 5629 εἷ-

91 5676 199 5710 δαι.
244 5655 354 5708 Καί
390 5672 481 5726 μοι
512 5656 693 5709 δικαία
730 5675 844 5720 πως
882 5658 1051 5712 ἐδόκει
1095 5661 1188 5713 καὶ
1225 5662 1442 5731 εὔλογος
1484 5669 1516 5736 ὴ
1571 5669 1663 5721 τοῦ

92 5747 327 5810 πένθους
366 5745 586 5818 ἀφορμὴ
616 5750 733 5811 ταῖς
772 5748 1057 5819 παρθένοις
1101 5747 1253 5806 εἶναι.
1292 5754 1363 5807 Οὐ
1398 5754 1505 5825 γὰρ
1546 5773 1665 5810 cnv-

1779 4560 2039 4629 impetum
2069 4566 2535 4628 compresserant,
2563 4558 2929 4613 observantes
2963 4572 3107 4621 eam,
3144 4571 3309 4611 veren

1776 4662 1987 4723 tesque,
2015 4652 2270 4722 quamvis
2315 4666 2518 4718 corpus
2548 4650 2669 4720 ejus
2690 4651 2801 4720 jam
2835 4651 3250 4711 conticesceret,
3280 4666 3301 4703 ι

1778 4745 2192 4814 increparentur
2216 4750 2337 4808 aut,
2380 4744 2425 4797 si
2454 4758 2561 4809 qua
2592 4757 2693 4796 vox
2731 4749 2926 4797 contra
2963 4742 3343 4813 prmscriptum

1775 4844 2106 4906 erumperet,
2139 4850 2208 4890 ne
2233 4836 2492 4906 magistra
2524 4850 2591 4889 ex
2636 4849 2701 4888 ea
2748 4849 2807 4887 re
2849 4834 3151 4889 molestiam
3187 4847 3347 4901 cape-

1777 4936 1879 4983 ret.
1908 4926 2012 4983 Ubi
2055 4943 2185 4982 vero
2242 4929 2460 4983 silentio
2518 4927 2676 4998 dolor
2724 4941 2834 4981 non
2880 4927 3059 4997 potuit
3111 4925 3348 4993 amplius

1777 5021 2044 5081 coerceri,
2083 5034 2194 5073 non
2222 5020 2381 5074 aliter
2409 5035 2572 5086 quam
2612 5020 2656 5074 si
2702 5019 2876 5074 victos
2907 5034 3094 5074 earum
3133 5017 3348 5071 animos

1775 5113 1999 5182 quidam
2030 5114 2171 5184 ignis
2210 5122 2487 5177 exureret,
2534 5113 2721 5169 statim
2780 5114 2833 5166 in
2873 5113 3131 5167 acerbum
3166 5121 3220 5165 et
3262 5111 3347 5164 in-

1776 5205 2091 5260 credibilem
2117 5205 2324 5260 luctum
2358 5213 2731 5275 proruperunt
2761 5224 2773 5259 :
2808 5205 2943 5259 adeo
2965 5213 3025 5257 ut
3050 5205 3188 5256 ratio
3211 5202 3343 5256 mihi

1776 5312 1886 5350 non
1920 5294 2251 5351 consisteret
2276 5296 2509 5365 amplius
2539 5295 2593 5350 in
2630 5295 2933 5366 proposito,
2959 5293 3052 5350 sed
3081 5302 3342 5363 tanquam

1776 5387 2011 5456 alicujus
2039 5388 2235 5442 obruta
2278 5389 2543 5443 torrentis
2568 5387 2771 5456 impetu
2806 5386 3023 5441 cederet
3051 5386 3343 5457 perturba—

1776 5480 1913 5535 tioni
1961 5496 2129 5551 seque
2170 5490 2335 5535 totam
2382 5480 2865 5535 lamentationibus
2893 5480 3068 5534 daret.
3107 5478 3345 5551 Equam

1777 5581 1956 5627 autem
2000 5587 2062 5626 ac
2103 5572 2306 5641 justam
2338 5572 2470 5625 mihi
2503 5571 2723 5626 dolendi
2764 5570 3090 5641 lugendique
3118 5584 3345 5625 causam

1775 5665 1976 5719 habere
2006 5665 2246 5735 virgines
2269 5665 2613 5729 videbantur;
2645 5678 2753 5717 non
2792 5663 2938 5719 enim
2969 5680 3029 5719 se
3052 5671 3344 5719 consuetu-

1775 5757 1901 5813 dine
1948 5765 2041 5810 aut
2089 5756 2483 5827 gubernatione
2523 5755 2777 5827 quapiam
2813 5755 3072 5823 humana.
3096 5764 3189 5812 aut
3216 5756 3340 5811 aliis

3378 4808 3393 4869 ἱ
