3834 6404
457 248 582 308 θιἸΤ

1651 247 1713 303 S.‘
1751 245 2074 304 GREGORII
2093 241 2433 298 ‘NYSSENI'

3603 242 3710 300 988
3735 287 3738 298 .

457 362 733 436 ejusmodi
780 363 966 429 rebus,
998 378 1136 434 quas
1171 363 1228 418 in
1257 361 1662 419 calamitatibus
1691 362 1807 416 suis
1839 359 2019 414 homi—

2142 355 2308 428 ιθείας
2333 353 2481 418 τινὸς
2507 353 2606 425 τῆς
2639 353 2780 407 κατά
2811 353 2986 423 σάρκα
3021 353 3340 426 κηδεμονίας
3364 355 3478 428 τὴν
3512 357 3738 429 στέρη.-

452 475 562 515 nes
603 457 837 529 graviter
881 455 1084 522 ferunt,
1141 457 1361 512 orbatas
1411 456 1671 511 dolebant
1719 477 1732 512 :
1767 455 1860 512 sed
1898 467 2021 508 tan-

460 563 626 620 quam
674 549 743 603 ab
797 549 913 618 ipsa
947 549 1001 602 in
1030 547 1196 602 Deum
1245 562 1342 616 spe
1387 555 1440 602 et
1483 549 1791 602 animorum
1848 549 2052 604 salutet

461 639 724 708 sejunctae
758 646 962 700 essent,
1014 637 1301 706 plorabant
1332 654 1346 691 :
1377 637 1490 691 haec
1531 637 2024 691 inlamentationi-

452 725 565 780 'bus
587 725 705 780 suis
735 725 1232 793 conquerebantur,
1252 723 1908 790 dicentes,cExstinctum
1941 733 2027 780 est

451 803 659 874 'lumen.
689 818 978 873 oculorum
1025 824 1377 883 nostrorum;
1413 824 1600 887 erepta
1651 824 1734 872 est
1764 817 1857 871 lux
1905 831 2027 886 qua:

462 906 661 962 animis
706 907 914 962 nostris
951 906 1004 960 in
1051 905 1248 960 itinere
1296 905 1680 976 praecedebat;
1735 905 2026 976 disjectum

462 1003 548 1052 est
591 997 716 1052 vitae
764 1005 966 1052 nostrae
1020 995 1360 1066 praesidium,
1418 997 1693 1052 sublatum
1751 997 2028 1066 specimen

463 1088 829 1158 integritatis;
865 1088 1172 1143 abscissum
1218 1089 1531 1143 concordia:
1555 1087 1856 1150 vinculum,
1892 1102 2030 1141 con-

463 1179 653 1234 tritum
706 1179 1055 1233 imbecillium
1101 1178 1523 1235 firmamentum.
1587 1179 1663 1236 Te
1730 1181 1874 1236 duce
1922 1196 2030 1236 nox

464 1277 583 1328 erat
607 1269 769 1326 nobis
799 1270 904 1326 diei
938 1271 1081 1336 loco,
1109 1271 1234 1326 vitae
1261 1279 1368 1327 tuae
1401 1270 1688 1342 splendore
1722 1272 2026 1328 illustrata:

463 1360 575 1430 jam
593 1371 722 1417 vero
745 1363 964 1420 veldies
993 1363 1048 1417 in
1078 1364 1332 1420 tenebras
1357 1371 1725 1420 convertetur.
1742 1383 1760 1415 ι
1800 1363 2032 1423 Gravius

422 1445 647 1507 ‘autem
701 1463 894 1522 praeter
940 1460 1166 1510 caeteras
1215 1455 1420 1510 luctum
1480 1454 1858 1520 intendebant,
1912 1470 2034 1525 quae

467 1554 696 1601 matrem
726 1547 900 1616 ipsam
927 1554 982 1602 et
1011 1548 1282 1604 nutricem
1309 1548 1652 1617 appellabant
1700 1568 1712 1604 :
1745 1556 1904 1604 erant
1937 1565 2036 1605 au-

466 1643 578 1691 tem
627 1636 731 1691 illae
768 1654 904 1707 quas
945 1640 1186 1708 penuriae
1235 1639 1505 1710 famisque
1547 1649 1791 1710 tempore
1844 1641 1899 1695 in
1934 1642 2035 1696 ali-

2125 465 2210 500 σιν
2249 445 2625 517 ἀπωδύροντο,
2659 447 2769 501 οὐδ’
2811 447 2939 502 ἄλλο
2982 466 3036 502 τι
3074 449 3311 505 τοιοῦτον
3350 451 3514 504 οὐδὲν
3548 451 3638 519 ἐφ’

2125 539 2260 610 πρὸς
2302 539 2400 604 τάς
2443 539 2728 611 συμφοράς
2767 541 3248 615 δυσανασχετοῦσιν
3283 546 3334 598 οἱ
3376 545 3703 618 ἀνθρωποιο

2124 631 2240 684 ἀλλ’
2273 631 2348 694 ὡς
2369 629 2470 700 τῆς
2509 631 2650 684 κατά
2679 631 2812 685 Θεὸν
2839 631 3052 698 ὲλπίδος
3086 633 3288 700 αὐτῶν,
3326 635 3424 688 καὶ
3459 635 3570 706 τῆς
3597 636 3706 692 τῶν

2125 720 2312 791 ψυχῶν
2357 719 2630 791 σωτηρίας
2668 721 3111 793 ἀποσχισθεῖσαι,
3153 723 3324 778 ταῦτα
3356 725 3567 790 ἐϐόων,
3611 727 3706 778 καὶ

2125 807 2313 863 ταῦτα.
2335 810 2392 863 ὲν
2430 811 2542 872 τοῖς
2568 808 2786 881 θρήνοις
2810 811 3257 885 ἀπωλοφύροντο,
3303 832 3323 867 ι
3371 814 3646 886 Ἐσϐέσθη
3683 836 3701 866 ι

2127 900 2398 970 λέγουσαι,
2429 921 2449 953 ι
2479 901 2586 954 τῶν
2614 902 2902 973 ὀφθαλμῶν
2942 905 3100 977 ἡμῶν
3138 907 3168 958 6
3203 906 3425 977 λύχνος’
3475 906 3707 978 ἀπήρθη

2127 993 2189 1046 τὸ
2229 993 2344 1063 φῶς
2388 994 2484 1064 τῆς
2533 993 2640 1048 τῶν
2675 995 2859 1067 ψυχῶν
2897 997 3146 1067 ὁδηγίας⁹
3174 998 3386 1070 διελύθη
3427 1000 3532 1069 τῆς
3561 1000 3708 1070 ζωῆς

2128 1084 2286 1156 ἡμῶν
2317 1085 2350 1154 ἡ
2383 1085 2675 1156 ἀσφάλεια⁴
2719 1087 2860 1158 ἤρθη
2894 1089 2928 1159 ὴ
2967 1091 3201 1160 σφραγὶς
3229 1089 3327 1160 τῆς
3365 1091 3707 1162 ἀφθαρσίαςο

2136 1175 2435 1246 διεσπάσθη
2469 1178 2497 1229 6
2529 1176 2821 1248 σύνδεσμος
2848 1179 2948 1249 τῆς
2995 1179 3344 1250 σωφροσύνης
3365 1198 3380 1212 ·
3411 1180 3710 1252 ωνετρίση

2131 1265 2192 1318 τὺ
2229 1266 2503 1336 στήριγμα
2530 1266 2637 1319 τῶν
2680 1268 3009 1322 ἀτονούντων
3029 1308 3045 1331 ,
3087 1269 3334 1342 ἀφῃρέθη
3366 1272 3402 1342 ἡ
3434 1270 3712 1341 θεραπεία

2133 1358 2238 1411 τῶν
2266 1358 2634 1413 ἀσθενούντων
2655 1376 2670 1392 ο
2705 1360 2796 1412 ἐπὶ
2826 1359 2918 1412 σοῦ
2941 1361 3068 1431 ἡμῖν
3097 1363 3245 1434 καὶή
3283 1363 3379 1429 νὺξ
3407 1363 3534 1416 ἀντὶ
3572 1365 3710 1435 ὴμέ-

2137 1466 2234 1520 ρας
2271 1444 2360 1520 ἦν,
2407 1451 2466 1503 έν
2499 1449 2716 1523 καθαρᾷ
2757 1451 2869 1522 ζωῇ
2901 1454 3240 1524 φωτιζομένη
3263 1470 3278 1485 ο
3318 1453 3414 1508 νῦν
3445 1455 3505 1507 δὲ
3537 1457 3634 1508 καὶ
3676 1459 3707 1524 ἡ

2133 1541 2317 1613 ἡμέρα
2338 1541 2472 1613 πρὸς
2497 1541 2658 1609 ζόφον
2690 1546 3218 1616 μεταστραφήσεται.
3257 1564 3277 1598 ι
3311 1545 3710 1618 Χαλεπώτερον

2134 1633 2191 1686 δὲ
2239 1633 2388 1706 παρά
2419 1633 2517 1697 τάς
2565 1634 2726 1699 ἄλλας
2758 1635 2817 1689 τὸ
2861 1635 3054 1700 πένθος
3089 1636 3331 1702 ἐξέκαιον
3373 1639 3432 1691 αί
3487 1637 3707 1709 μητέρα

468 1737 773 1785 mentorum
822 1731 1109 1802 largitione
1143 1732 1414 1804 projectas
1455 1733 1509 1787 in
1561 1734 1666 1788 viis
1709 1735 2032 1800 sustulerat,

2142 1726 2305 1797 αὐτὴν
2345 1726 2440 1780 καὶ
2467 1726 2665 1798 τροφὸν
2709 1727 3092 1782 άνακαλοῦσαιι
3133 1724 3311 1782 Ἦσαν
3338 1729 3394 1782 δὲ
3427 1723 3620 1798 αὗται,
3645 1730 3712 1795 ας

467 1820 804 1889 alueratque,
851 1833 906 1878 et
958 1824 1023 1878 ad
1070 1833 1276 1879 castam
1326 1833 1490 1894 atque
1543 1825 1918 1897 incorruptam
1957 1828 2036 1881 vi-

465 1914 624 1968 vendi
652 1914 920 1970 rationem
953 1916 1369 1972 informaverat.

533 2093 736 2151 Verum
779 2102 1136 2164 posteaquam
1179 2094 1420 2149 animum
1478 2103 1735 2165 tanquam
1784 2113 1848 2151 ex
1909 2114 2038 2167 pro-

467 2186 640 2242 fundo
680 2188 916 2257 quodam
959 2202 1167 2256 angore
1188 2187 1405 2258 collegi,
1445 2187 1498 2240 in
1525 2202 1744 2242 sacrum
1773 2188 1908 2243 illud
1945 2204 2037 2243 ca-

465 2285 565 2346 put
596 2276 885 2331 intendens
911 2277 1082 2331 aciem
1114 2277 1422 2342 oculorum,
1477 2277 1636 2346 quasi
1667 2278 2036 2348 reprehensus

467 2368 536 2422 ab
589 2381 654 2423 ea
700 2376 922 2437 propter
970 2367 1314 2421 inconditum
1371 2367 1522 2421 illum
1581 2368 2032 2423 tumultuantium

468 2457 782 2528 strepitum,
817 2473 1016 2528 magna
1043 2472 1178 2512 voce
1223 2459 1505 2514 clamans:
1539 2477 1558 2511 ι
1595 2458 1677 2513 Ad
1727 2458 1888 2527 hanc,
1951 2460 2038 2514 in-

466 2567 652 2620 quam,
705 2550 986 2621 respicite,
1049 2550 1318 2618 virgines,
1365 2559 1421 2606 et
1461 2561 1863 2621 praeceptorum
1912 2552 2036 2622 ejus

466 2644 864 2708 recordamini,
891 2644 1096 2715 quibus
1133 2645 1204 2701 ab
1237 2660 1304 2700 ea
1336 2645 1405 2700 ad
1439 2659 1602 2700 omne
1635 2644 1806 2701 decus
1827 2654 1884 2701 et
1933 2645 2034 2702 ho-

464 2746 732 2794 nestatem
765 2737 901 2792 estis
923 2737 1206 2793 institutae.
1245 2736 1592 2794 Divinusille
1625 2738 1844 2793 animus
1866 2753 2034 2792 unum

466 2829 626 2886 nobis
667 2829 1032 2901 lacrymarum
1077 2836 1293 2901 tempus
1321 2830 1676 2900 praescripsit,
1722 2831 1774 2886 id
1801 2829 1914 2886 ﬂeri
1941 2830 2035 2900 ju-

465 2922 622 2984 bens,
653 2937 777 2978 cum
809 2923 1080 2978 vacaretis
1116 2922 1422 2992 precationi
1463 2941 1476 2977 :
1504 2923 1652 2992 quod
1691 2938 1839 2977 nunc
1867 2925 2032 2977 etiam

467 3013 701 3084 potestis
740 3013 971 3077 efficere,
1010 3015 1420 3070 lamentationis
1446 3015 1740 3071 clamorem
1771 3017 1858 3086 pia
1889 3018 2035 3087 psal-

467 3121 681 3161 morum
737 3106 1125 3160 decantalione
1173 3115 1596 3162 commutantes.
1634 3125 1653 3160 ι
1711 3108 1837 3162 Hmc
1871 3124 2033 3178 quam
2065 3080 2107 3136 Ο

469 3199 704 3253 maxime
726 3207 973 3268 poteram
1001 3200 1149 3253 clara
1177 3215 1310 3254 voce
1333 3198 1605 3265 dicebam,
1635 3209 1694 3254 ut
1723 3216 2036 3270 superarem

469 3292 758 3362 strepitum
803 3292 1295 3362 conquerentium;
1331 3291 1529 3348 deinde
1567 3295 1885 3352 cohortatus
1918 3311 2037 3351 sum

469 3399 587 3448 eas,
625 3393 687 3439 ut
735 3384 790 3438 in
835 3383 1141 3454 proximam
1185 3383 1408 3438 domum
1454 3386 1792 3451 secederent,
1835 3389 2041 3444 relictis

430 3487 436 3493 '
471 3475 741 3530 duntaxat
783 3474 1060 3545 aliquibus
1117 3488 1352 3544 quarum
1405 3491 1572 3546 opera
1618 3477 1885 3535 libentius.
1925 3481 2038 3541 illa,

472 3569 601 3622 dum
631 3567 861 3632 viveret,
884 3566 1162 3621 utebatur.

542 3658 616 3715 ln'
645 3674 836 3716 earum
870 3668 989 3715 erat
1019 3673 1247 3714 numero
1277 3659 1529 3731 quaedam
1566 3659 1770 3714 femina
1803 3661 2043 3717 nobilis-

471 3752 644 3818 sima,
689 3750 896 3805 divitiis
942 3757 998 3805 et
1027 3765 1264 3820 genere,
1301 3761 1357 3807 et
1391 3751 1644 3820 corporis
1672 3751 1848 3806 forma
1876 3763 2043 3824 atque

475 3845 599 3901 aliis
629 3843 950 3900 nominibus
978 3843 1211 3898 illustris
1251 3844 1306 3897 in
1348 3845 1466 3913 ipsa
1492 3843 1862 3901 adolescentia
1905 3862 2040 3902 con-

475 3937 691 3993 stituta.
740 3933 867 3990 Haec
913 3936 1033 3990 viro
1071 3933 1291 3988 cuidam
1321 3934 1716 3992 honestissimo
1750 3939 1806 3993 in
1846 3941 2040 3995 matri-

472 4028 661 4084 monio
688 4029 957 4085 collocata
983 4027 1184 4090 fuerat,
1214 4027 1310 4082 sed
1341 4027 1494 4083 brevi
1520 4036 1766 4101 tempore
1786 4047 1911 4086 cum
1948 4033 2043 4087 illo

472 4119 704 4176 vixerat.
755 4119 938 4186 Quare
981 4119 1240 4189 conjugio
1287 4118 1556 4185 liberata,
1594 4121 1882 4178 viduitatis
1929 4139 2044 4179 suae

472 4211 759 4267 custodem
796 4225 862 4266 ac
912 4212 1233 4282 magistram
1289 4227 1544 4283 magnam
1597 4212 1897 4268 Macrinam
1942 4215 2046 4271 ele-

471 4309 648 4373 gerat,
682 4309 739 4360 et
763 4317 889 4358 cum
920 4302 1231 4373 virginibus
1269 4304 1568 4373 plurimum
1600 4306 1946 4368 versabatur,
1985 4314 2045 4361 ut

2139 1822 2195 1872 ἐν
2221 1818 2298 1890 τῷ
2325 1818 2424 1889 τῆς
2457 1819 2719 1883 σιτοδείας
2748 1820 2921 1890 καιρῷ
2949 1819 3090 1874 κατὰ
3113 1819 3210 1884 τὰς
3250 1822 3404 1885 ὁδοὺς
3440 1822 3713 1894 ὲρῤιμμέο

2139 1929 2234 1975 νας
2277 1911 2568 1982 ἀνελομένη
2607 1911 2960 1984 ἐτιθηνήσατο
2985 1930 3046 1966 τε
3075 1914 3168 1967 καὶ⁹
3201 1913 3572 1985 ἀνεθρέψατο,
3620 1916 3712 1972 καὶ

2139 2003 2274 2074 πρὸς
2293 2004 2383 2058 τὸν
2399 2004 2634 2075 καθαρόν
2650 2021 2710 2057 τε
2739 2004 2833 2058 καὶ
2845 2005 3078 2076 ἄφθορον
3101 2005 3214 2075 βίον
3246 2007 3707 2078 ἐχειραγὼγησεν.

2223 2096 2374 2148 Ἐπεὶ
2415 2096 2472 2149 δέ
2505 2113 2622 2159 πως
2654 2097 2902 2169 καθάπερ
2947 2100 3010 2152 ὲκ
3045 2098 3206 2167 βυθοῦ
3241 2116 3385 2162 τινος
3414 2098 3517 2169 τὴν
3549 2101 3716 2170 ἐμαυο

2136 2187 2230 2241 τοῦ
2268 2189 2444 2260 ψυχὴν
2473 2187 2827 2261 ἀνελεξάμην,
2867 2191 3003 2263 πρὸς
3040 2189 3137 2262 τὴν
3166 2191 3326 2259 ἀγίαν
3364 2191 3586 2260 ἐκείνην
3618 2208 3712 2244 κε-

2138 2278 2310 2350 φαλὴν
2357 2279 2641 2344 ἀτενίσας,
2687 2280 2875 2353 ὥσπερ
2916 2282 3259 2354 ἐπιτιμηθεὶς
3299 2285 3356 2335 ὲν
3394 2285 3460 2353 τῇ
3517 2284 3718 2356 ἀταξίᾳ

2135 2371 2242 2424 τῶν
2273 2370 2735 2443 ὲπιθορυϐούντων
2766 2374 2852 2429 διά
2878 2374 2970 2427 τοῦ
3005 2375 3223 2446 θρήνου,
3266 2395 3285 2427 ι
3333 2376 3480 2446 Πρὸς
3509 2377 3717 2444 ταύτην

2139 2460 2389 2530 βλέψατε,
2427 2481 2446 2513 ι
2482 2458 2633 2515 εἷπον
2666 2462 2876 2536 μεγάλῃ
2901 2466 2967 2535 τῇ
3004 2465 3337 2536 φωνῇ,νπρὸς
3367 2466 3467 2529 τὰς
3509 2466 3719 2537 παρθέ-

2136 2571 2258 2617 νους
2292 2553 2490 2625 βοήσας
2511 2570 2524 2583 ·
2568 2569 2588 2604 t
2618 2555 2711 2608 καὶ
2744 2555 2853 2608 τῶν
2885 2557 3346 2627 παρεγγελμάτων
3375 2557 3550 2627 αὐτῆς
3582 2559 3715 2612 ἀνα-

2140 2645 2414 2718 μνήσθητε
2433 2659 2447 2674 °
2474 2645 2539 2700 δι’
2564 2638 2640 2700 ὧν
2675 2646 2737 2700 τὸ
2774 2647 2832 2700 ὲν
2861 2649 3023 2700 παντὶ
3050 2649 3374 2718 τεταγμένον
3393 2649 3490 2702 καὶ
3509 2648 3716 2719 εὔσχη-

2141 2755 2241 2807 μον
2274 2739 2402 2809 παρ’
2431 2739 2600 2812 αὐτῆς
2642 2738 3014 2809 ὲπαιδεύθητε.
3057 2739 3191 2792 Ἕνα
3235 2739 3424 2810 καιρὸν
3465 2740 3582 2792 τῶν
3619 2740 3721 2794 δα-

2141 2830 2323 2900 κρύων
2363 2833 2494 2901 ἡμῖν
2531 2831 2564 2900 ὴ
2595 2829 2714 2885 θεία
2739 2830 2886 2900 ψυχὴ
2924 2829 3062 2900 αῦτη
3095 2830 3519 2902 ἐνομοθέτησεν,
3553 2832 3613 2884 ἐν
3642 2831 3719 2901 τῷ

2140 2923 2236 2993 τῆς
2266 2922 2570 2994 προσευχῆς
2591 2922 2769 2994 καιρῷ
2794 2923 2954 2976 τοῦτο
2973 2923 3230 2994 πράττειν
3251 2926 3718 2994 παρεγγυήσασακ

2139 3015 2167 3067 ὃ
2194 3015 2284 3066 καὶ
2313 3014 2404 3067 νῦν
2432 3015 2606 3067 ποιεῖν
2634 3013 2830 3079 ἔξεστι,
2861 3012 2961 3083 τῆς
2988 3014 3093 3066 τῶν
3127 3015 3335 3084 θρήνων
3355 3014 3613 3085 οἰμωγῆς
3639 3017 3721 3078 εἰς

2142 3105 2403 3176 συμπαθῆ
2448 3105 2764 3176 ψαλμῳδίαν
2798 3105 3198 3176 μετατεθείσης.
3249 3124 3267 3156 ι
3310 3105 3474 3159 Ταῦτ’
3529 3105 3723 3174 ἔλεγον

2143 3197 2346 3269 μείζονι
2379 3201 2444 3269 τῇ
2467 3201 2639 3268 φωνῇ,
2670 3197 2744 3260 ὡς
2774 3196 2840 3251 ἂν
2868 3198 2956 3251 τὸν
2988 3194 3119 3268 ἦχον
3172 3196 3280 3249 τῶν
3303 3197 3516 3268 θρήνων
3548 3200 3722 3269 ὑπερ-

2140 3291 2426 3362 ηχήσαιμι.
2465 3285 2598 3344 Εἶτα
2645 3273 2976 3360 μεταστῆναι
3008 3290 3354 3360 παρεκάλεσα
3384 3290 3589 3362 μικρὸν
3626 3292 3746 3345 ἐπὶ,

2140 3381 2231 3434 τὸν
2273 3381 2536 3450 σύνεγγυς
2565 3377 2731 3446 οἶκον,
2767 3381 3190 3450 καταλειφθῆναι
3235 3380 3290 3434 δέ
3333 3397 3485 3444 τινας
3530 3382 3592 3448 ἐξ
3621 3382 3722 3435 αὕ-

2141 3472 2268 3537 τῶν,
2301 3466 2376 3526 ὧν
2419 3473 2590 3543 ἡδέως
2627 3474 2684 3526 ὲν
2717 3476 2784 3543 τῇ
2824 3471 2936 3544 ζωῇ
2980 3473 3076 3543 τὴν
3108 3473 3398 3543 θεραπείαν
3433 3473 3720 3542 προσίετο.

2221 3655 2310 3708 Ἐν
2338 3653 2562 3718 ταύταις
2589 3649 2657 3723 ἦν
2679 3655 2814 3723 γυνή
2843 3671 2926 3718 τις
2948 3654 3055 3707 τῶν
3075 3653 3443 3724 εὐσχημόνων,
3476 3653 3722 3724 πλούτῳ,

2142 3746 2238 3800 καὶ
2276 3745 2456 3814 γένει,
2492 3746 2585 3800 καὶ
2627 3749 2694 3818 τῇ
2723 3745 2816 3798 τοῦ
2870 3746 3120 3816 σώματος
3160 3743 3297 3816 ὥρᾳ,
3333 3744 3426 3798 καὶ
3454 3747 3521 3815 τῇ
3553 3745 3720 3816 λοιπῇ

2145 3837 2469 3910 περιφανεὶᾳ
2513 3836 2867 3908 περίϐλεπτος
2907 3837 2964 3888 ὲν
3018 3835 3225 3905 νεότητι
3275 3836 3580 3905 γενομένη’
3625 3837 3722 3889 καὶ

2146 3929 2543 3983 συνοικισθείσά
2581 3946 2686 3981 τινι
2719 3927 2826 3980 τῶν
2860 3927 2951 3980 ἐπὶ
2981 3925 3223 3996 μείζονος
3255 3925 3426 3990 ἀξίας,
3458 3928 3556 3979 καὶ
3585 3927 3723 3997 βρα-

2144 4024 2243 4093 χὺν
2271 4023 2636 4093 συνοικήσασα
2667 4020 2876 4091 χρόνον,
2919 4019 3012 4072 καὶ
3047 4021 3104 4072 ὲν
3145 4021 3248 4089 νέῳ
3271 4018 3346 4089 τῷ
3371 4019 3589 4088 σώματι
3619 4021 3721 4090 τῆς

2146 4115 2405 4184 συζυγίας
2431 4113 2829 4183 διαζευχθεῖσα,
2857 4111 3094 4181 φύλακα,
3123 4111 3217 4164 καὶ
3250 4111 3594 4178 παιδαγωγὸν
3622 4112 3722 4180 τῆς

2145 4208 2369 4280 χηρείας
2404 4207 2502 4278 τὴν
2546 4205 2788 4277 μεγάλην
2826 4203 3108 4274 Μακρίναν
3153 4203 3513 4273 ποιησαμένη,
3551 4205 3722 4272 συνῆν

2143 4301 2212 4353 τὰ
2251 4299 2418 4352 πολλὰ
2439 4301 2559 4360 ταῖς
2590 4297 2895 4366 παρθένοις,
2925 4295 3015 4348 τὸν
3055 4295 3190 4366 πρὸς
3220 4294 3416 4365 ἀρετὴν
3439 4293 3558 4363 βίον
3587 4293 3723 4361 παρ’

473 4394 544 4448 ab
571 4395 652 4450 eis
690 4403 894 4452 rectam
933 4405 985 4450 et
1029 4411 1093 4449 ex
1126 4396 1332 4451 virtute
1360 4396 1581 4452 vivendi
1608 4401 1881 4453 rationem
1924 4399 2036 4453 edi-

2147 4392 2322 4446 αὐτῶν
2365 4389 2810 4459 ὲκδιδασκομένη.
2858 4386 3120 4458 Ούετιανὴ
3162 4387 3329 4456 δνομα
3358 4387 3424 4455 τῇ
3469 4378 3718 4452 γυναικὶ,

474 4492 678 4542 sceret.
724 4487 984 4541 Vestiana
1026 4486 1104 4540 illi
1165 4495 1284 4541 erat
1320 4503 1554 4552 nomen,
1615 4501 1772 4559 pater
1802 4490 2036 4546 Araxius

2147 4481 2214 4557 ἧς
2241 4487 2270 4538 6
2309 4483 2491 4554 πατὴρ
2523 4477 2601 4546 εἷς
2629 4479 2696 4554 ἦν
2722 4481 2830 4534 τῶν
2873 4482 2952 4543 είς
2991 4481 3091 4548 τὴν
3132 4479 3238 4534 τῶν
3269 4478 3486 4532 ὑπάτων
3524 4495 3718 4531 συντε-

471 4574 794 4639 vocahatur,
828 4592 973 4632 unus
1012 4592 1043 4631 e
1070 4592 1299 4632 numero
1327 4587 1650 4633 senatorum
1690 4581 1871 4649 magni
1908 4596 2041 4634 con-

474 4667 584 4723 silii
620 4685 634 4722 :
667 4667 734 4722 ad
765 4672 906 4723 hanc
933 4685 1056 4740 ego,
1094 4687 1113 4722 ι
1152 4669 1310 4726 Nunc
1336 4673 1579 4742 quidem,
1614 4673 1861 4743 inquam,
1895 4673 2041 4728 invi-

471 4758 688 4814 diosum
717 4775 826 4814 non
874 4761 1008 4828 erit,
1054 4762 1100 4817 si
1129 4761 1402 4818 defunctae
1433 4765 1860 4834 splendidiorem
1899 4767 2042 4834 adje-

470 4849 714 4906 cerimus
740 4860 1018 4918 ornatum,
1046 4859 1100 4908 et
1132 4867 1322 4922 puram
1348 4854 1494 4907 illam
1519 4854 2039 4925 immaculatamque

472 4955 694 4996 carnem
735 4942 1068 4999 clarioribus
1106 4943 1453 5000 vestimentis
1503 4944 1866 5002 induerimus.
1922 4966 1940 4998 ι
1972 4949 2040 5003 At

475 5033 571 5088 illa
616 5032 921 5105 intelligere
963 5034 1251 5105 respondit
1306 5044 1599 5106 oportere,
1657 5037 1919 5108 quidnam
1959 5038 2038 5092 illi

472 5133 680 5180 sanctae
722 5126 776 5180 in
809 5127 915 5181 hoc
947 5143 1149 5197 genere
1182 5127 1472 5198 probatum
1511 5128 1650 5184 foret
1683 5146 1697 5182 :
1729 5129 1865 5184 nihil
1890 5131 2037 5185 enim

472 5230 502 5268 a
542 5215 702 5271 nobis
747 5218 861 5288 geri
917 5218 998 5275 fas
1051 5236 1174 5276 esse
1207 5227 1398 5274 contra
1449 5221 1788 5276 voluntatem
1840 5222 2038 5292 ipsius.

471 5307 709 5362 Omnino
764 5317 947 5365 autem
1010 5313 1155 5382 quod
1217 5313 1330 5367 Deo
1383 5319 1596 5382 gratum
1640 5321 2042 5384 acceptumque

471 5409 641 5467 esset,
678 5402 821 5457 idem
841 5405 891 5458 ei
913 5404 1217 5474 jucundum
1243 5405 1511 5458 futurum.

547 5492 676 5548 Erat
711 5497 958 5565 quazdam
998 5495 1551 5567 prmfectavirginum
1583 5495 1752 5551 choro
1784 5496 1839 5551 in
1880 5497 2046 5551 mini-

475 5580 628 5635 slerii
664 5585 835 5653 gradu
885 5586 1110 5640 nomine
1145 5585 1461 5656 Lampadia,
1499 5601 1619 5655 quae
1665 5585 1784 5653 ejus
1820 5595 2042 5642 senten-

474 5672 608 5727 tiam
633 5674 699 5730 de
734 5675 983 5734 funerum
1035 5678 1250 5748 pompis
1289 5693 1347 5734 sc
1396 5677 1554 5748 plane
1601 5677 1746 5734 scire
1797 5678 2036 5733 diccbat.

2140 4579 2374 4633 λούντων
2433 4578 2658 4649 βουλὴνο
2707 4577 2842 4647 πρὸς
2896 4575 3099 4645 ταύτην
3145 4569 3314 4636 εἷπον,
3359 4571 3719 4640 ἀνεπίφθονον

2141 4668 2277 4726 εἶναι
2307 4672 2402 4726 νῦν
2429 4671 2559 4739 γοῦν
2588 4671 2678 4724 τὸν
2718 4669 3067 4740 φαιδρότερον
3099 4665 3370 4720 ἐπιϐαλεῖν
3401 4665 3613 4735 κόσμον
3641 4662 3720 4732 τῷ

2143 4764 2377 4835 σώματι,
2431 4763 2524 4817 καὶ
2569 4762 2846 4833 λαμπραῖς
2892 4760 3102 4823 ὀθόναις
3149 4757 3570 4826 κατακοσμῆσαι
3617 4758 3718 4825 τὴν

2140 4854 2388 4925 καθαρὰν
2455 4853 2674 4924 ἐκείνην.
2743 4850 2838 4903 καὶ
2913 4848 3240 4920 ἀκηλίδωτον
3289 4847 3484 4916 σάρκα.
3543 4846 3608 4898 'H
3657 4846 3715 4897 δὲ

2145 4945 2333 5016 μαθεῖν
2377 4944 2480 5015 ἔφη
2509 4943 2728 5013 χρῆναι,
2759 4941 2810 4994 τί
2854 4943 2920 5011 τῇ
2962 4939 3092 5009 ἁγία
3125 4938 3253 5008 περ)⁸
3292 4938 3493 4990 τούτων
3529 4935 3715 4997 καλῶς

2141 5038 2284 5108 ἔχειν
2322 5034 2672 5106 ἐδοκιμάσθη·
2719 5035 2793 5104 μὴ
2831 5033 2938 5103 γὰρ
2965 5030 3160 5099 εὐαγὲς
3188 5025 3323 5081 εἶναι
3356 5027 3503 5095 παρά
3539 5027 3604 5079 τὸ
3633 5043 3716 5078 κε-

2141 5130 2468 5202 χαρισμένον
2515 5128 2650 5198 αὐτῇ
2693 5144 2746 5180 τι
2797 5127 2924 5196 παρ’
2974 5123 3128 5193 ἡμῶν
3177 5119 3424 5188 γενέσθαι
3471 5119 3708 5180 πάντως.

2142 5221 2365 5284 Πάντως
2388 5219 2443 5273 δὲ
2465 5219 2493 5272 ὃ
2517 5217 2596 5289 τῷ
2621 5217 2740 5289 Θεῷ
2762 5216 2911 5286 φίλον
2932 5231 2990 5267 τε
3017 5213 3107 5267 καὶ
3139 5211 3448 5281 εὐάρεστον,
3479 5210 3708 5277 κάκείνη

2142 5311 2476 5383 καταθύμιον
2505 5305 2660 5365 εῖναι.

2215 5493 2325 5547 Καὶ
2355 5487 2423 5563 ἦν
2444 5508 2528 5555 τις
2560 5489 2968 5561 προτεταγμένη
2991 5485 3084 5540 τοῦ
3109 5485 3268 5558 χοροῦ
3292 5484 3401 5536 τῶν
3430 5483 3708 5552 παρθένων

2143 5587 2202 5638 ὲν
2234 5583 2309 5653 τῷ
2354 5583 2452 5652 τῆς
2482 5580 2752 5645 διακονίας
2785 5580 2998 5652 βαθμῷ,
3030 5578 3321 5648 Δαμπαδία
3349 5577 3518 5646 ὄνομα
3553 5577 3702 5643 αὐτῇ·

2144 5680 2180 5750 ἢ
2204 5675 2444 5747 ἀκριϐῶς
2486 5673 2586 5745 ἔφη
2620 5675 2904 5743 γινώσκειν
2939 5673 3064 5742 περὶ
3101 5671 3206 5725 τῶν
3244 5669 3384 5724 κατά
3411 5669 3508 5740 τὴν
3541 5667 3718 5738 ταφὴν»
