3834 6426
157 282 268 343 939

1394 283 1479 339 DE
1500 283 1663 341 VITA
1727 287 1784 341 S.
1832 285 2183 344 MACRINA‘Z.

3299 293 3422 353 99°.

151 398 495 470 δεδογμένων
525 398 736 473 ὲκείνηξ
784 400 988 453 ἐπεὶδὲ
1014 400 1227 472 ήρόμην
1266 400 1434 474 αὐτὴν
1471 404 1599 475 περὶ
1618 403 1739 456 τού-

1845 405 1969 458 Haec
2012 420 2041 457 a
2087 420 2174 459 me
2219 404 2306 460 his
2355 406 2425 460 de
2472 407 2635 462 rebus
2682 407 3011 478 interrogata
3052 406 3233 478 (forte
3255 414 3403 469 enim

150 508 269 543 των
309 488 593 560 (παροῦσα
628 491 735 561 γὰρ
783 490 939 560 ἔτυχε
982 493 1046 560 τῇ
1096 490 1401 562 βουλήσει),
1442 491 1544 562 ἔφη
1602 494 1739 562 μετὰ

147 579 412 651 δακρύων
438 597 453 611 ’
484 600 503 632 ι
538 581 617 651 Τῇ
644 581 774 649 ἁγίᾳ
797 582 1018 651 κόσμος,
1042 584 1070 634 6
1095 582 1332 650 καθαρὸς
1362 583 1475 653 βίος
1500 585 1742 638 διεσπου-

146 674 327 745 δάσθη
346 692 360 706 ο
393 673 552 728 τοῦτο
582 676 677 727 καὶ
706 674 806 744 τῆς
846 675 993 745 ζωῆς
1023 675 1470 747 ὲγκαλλὼπισμα,
1513 678 1607 730 καὶ
1645 677 1739 731 τοῦ

148 768 394 823 θανάτου
426 769 678 838 ἐντάφιον
710 770 924 839 ἐκείνης
955 770 1070 823 ἐστί
1090 788 1104 801 ·
1130 770 1201 822 τά
1230 769 1275 823 δ’
1302 770 1403 824 ὅσα
1436 770 1572 841 πρὸς
1607 771 1738 824 καλ-

146 859 441 932 λωπισμὸν
490 860 741 931 σώματος
790 860 1020 930 βλέπει,
1057 860 1182 914 οὕτε
1229 862 1287 915 ὲν
1327 860 1405 930 τῷ
1453 862 1549 931 τῆς
1596 862 1739 931 ζωῆς

147 954 335 1024 χρόνῳ
391 956 727 1025 προσήκατο,
769 951 895 1006 οὔτε
948 954 1029 1017 είς
1074 953 1175 1026 τὴν
1212 953 1497 1024 παροῦσαν
1545 954 1738 1025 χρῆσιν

146 1043 518 1113 ἐταμιεύσατο
539 1059 554 1077 ο
590 1041 729 1096 ὥστε
775 1043 897 1096 οὐδὲ
947 1042 1291 1113 βουλομένοις
1322 1046 1456 1115 ἡμῖν
1498 1042 1650 1097 ἔσται
1684 1062 1737 1096 τι

146 1136 343 1196 πλέον,
376 1136 478 1205 τῆς
504 1137 584 1199 είς
607 1136 738 1189 αὐτὸ
777 1134 935 1189 τοῦτο
971 1136 1327 1207 παρασκευῆς
1352 1137 1412 1189 ού
1434 1135 1735 1207 παρούσης.

144 1256 225 1267 —
250 1227 363 1280 Kal.
406 1228 506 1280 οὐκ
546 1226 693 1279 ἐστιν
726 1227 786 1279 ὲν
812 1227 925 1289 τοῖς
950 1226 1331 1298 ἀποκειμένοις
1371 1227 1547 1298 εὑρεῖν
1567 1268 1581 1291 ,
1605 1226 1739 1296 ἔφην

146 1317 286 1385 ἐγὼ,
310 1318 417 1372 τῶν
442 1318 812 1388 ἐπικοσμῆσαι
843 1336 896 1371 τι
923 1318 1236 1387 δυναμένων
1266 1318 1365 1388 τὴν
1392 1319 1629 1389 ἐκφοράν
1649 1336 1739 1385 ;-

146 1410 359 1478 Ποίοις,
387 1406 558 1474 εἶπεν,
585 1410 997 1482 ἀποκειμένοις;
1032 1412 1119 1464 Ἐν
1143 1412 1328 1482 χερσὶν
1354 1410 1497 1481 ἔχεις
1532 1412 1639 1463 πᾶν
1677 1410 1738 1463 τὸ

146 1499 437 1553 ἀπόθετον·
474 1500 582 1553 ίδοὺ
608 1500 670 1553 τὸ
699 1501 930 1573 ἱμάτιον,
962 1501 1069 1554 ἰδοὺ
1102 1502 1203 1573 τῆς
1230 1501 1467 1571 κεφαλῆς
1503 1502 1535 1571 ἡ
1575 1501 1735 1554 καλύ-

148 1607 331 1660 πτρα,
365 1591 433 1645 τὰ
452 1592 790 1663 τετριμμένα
821 1592 930 1645 τῶν
955 1591 1130 1645 ποδῶν
1154 1592 1473 1663 ὑποδήματα
1491 1609 1506 1624 ·
1529 1588 1684 1656 οὗτος
1707 1596 1735 1646 6

145 1683 417 1747 πλοῦτος·
452 1683 591 1754 αὕτη
633 1685 667 1753 ἡ
702 1684 1011 1754 περιουσία.
1063 1685 1227 1738 Οὐδὲν
1259 1684 1411 1755 παρά
1451 1685 1511 1739 τὸ
1546 1685 1733 1755 φαινό-

150 1792 322 1846 μενον
366 1777 423 1829 ὲν
476 1775 816 1847 ἀποκρύφοις
859 1776 1179 1838 ἀπόκειται,
1223 1775 1473 1841 κιϐωτοῖς
1512 1794 1651 1831 τισιν
1700 1770 1814 1848 ἢΒ

147 1864 419 1937 θαλάμοις
473 1867 895 1938 ἡσφαλισμένον.
952 1869 1097 1922 Μίαν
1147 1869 1431 1941 ἀποθήκην
1484 1870 1599 1941 ᾔδει
1640 1869 1733 1924 τοῦ

151 1960 294 2013 ἰδίου
319 1960 572 2023 πλούτου,
593 1961 683 2015 τὸν
710 1960 982 2031 θησαυρὸν
1005 1960 1094 2014 τὸν
1122 1960 1386 2029 οὐράνιον·
1420 1963 1537 2014 ἐκεῖ
1562 1963 1736 2015 πάντα

146 2053 489 2125 ἀποθεμένη,
519 2053 667 2107 οὐδὲν
690 2054 783 2106 ἐπὶ
802 2053 906 2124 γῆς
930 2052 1270 2108 ὑπελείπετο.
1287 2053 1432 2105 -Τί
1463 2050 1576 2115 οὖν,
1602 2053 1736 2123 ἔφην

149 2145 296 2218 πρὸς
325 2146 528 2217 ταύτην
553 2144 685 2214 ἐγὼ,
727 2148 776 2199 εἰ
799 2146 908 2199 τῶν
934 2146 1057 2217 ἐμοὶ
1090 2146 1226 2216 πρὸς
1253 2145 1352 2216 τὴν
1378 2146 1555 2215 ταφὴν
1588 2147 1735 2216 ήτοι-

154 2239 458 2307 μασμένων
490 2237 914 2308 προσαγάγοιμι,
954 2239 1085 2308 μήτι
1112 2236 1223 2289 τῶν
1251 2236 1562 2307 ἀϐουλήτων
1600 2237 1733 2308 αὐτῇ

148 2327 244 2381 διά
276 2327 433 2381 τοῦτο
465 2329 793 2398 γενήσεται;
831 2348 850 2381 t
882 2330 996 2383 Οὐκ
1016 2328 1222 2383 οἴεσθαι
1253 2328 1377 2398 ἔφη,
1402 2329 1557 2382 τοῦτο
1586 2330 1735 2399 παρά

148 2420 382 2491 γνώμην
422 2415 560 2474 εἶναι
601 2420 757 2492 αὐτῇ.
787 2439 805 2471 ι
837 2421 1142 2491 Προσέσθαι
1188 2420 1296 2492 γὰρ
1333 2421 1399 2475 ἂν
1436 2420 1605 2492 αὐτὴν
1642 2423 1737 2475 καὶ

152 2512 341 2576 ζῶσαν
373 2512 469 2583 τὴν
496 2512 751 2582 τοιαύτην
785 2512 936 2583 παρὰ
964 2513 1055 2565 σοῦ
1084 2513 1249 2583 τιμήν
1288 2513 1407 2567 κατ’
1431 2514 1733 2585 ἀμφότερα,

149 2603 248 2657 διά
274 2621 336 2657 τε
362 2602 459 2675 τὴν
489 2603 810 2675 ἱερωσύνην,
850 2603 950 2674 τὴν
993 2604 1080 2657 ἀεὶ
1104 2604 1289 2674 τιμίαν
1316 2603 1452 2675 αύτῇ
1473 2644 1487 2669 ,
1517 2604 1610 2657 καὶ
1647 2603 1736 2656 διά

149 2696 259 2767 τὴν
295 2695 578 2749 κοινωνίαν
615 2695 713 2766 τῆς
739 2694 981 2763 φύσεως’
1024 2694 1157 2766 μηδὲ
1191 2695 1300 2767 γὰρ
1328 2695 1607 2767 ἀλλότριον
1638 2696 1737 2748 αύ-

150 2790 261 2859 τῆς
288 2788 350 2841 τὸ
377 2787 471 2841 τοῦ
502 2786 729 2856 ἀδελφοῦ
757 2786 997 2858 νομίσαι.
1029 2787 1127 2839 Διά
1158 2786 1317 2840 τοῦτο
1343 2786 1438 2840 καὶ
1469 2788 1589 2849 ταῖς
1618 2789 1742 2850 σαῖς¹

152 2882 315 2955 χερσὶ
352 2882 691 2953 κοσμηθῆναι
719 2882 785 2934 τὸν
811 2880 970 2951 σῶμα
992 2880 1385 2935 διεκελεύσατο.
1416 2900 1435 2933 ι

248 2977 399 3029 Ἐπει
435 2975 494 3029 δὲ
540 2975 698 3028 τοῦτο
746 2973 1009 3037 ἐδέδοκτο,
1060 2975 1153 3026 καὶ
1201 2973 1306 3026 ἔδει
1348 2972 1737 3043 περισταλῆναι

1844 498 2105 552 intererat
2125 498 2555 568 consultationi)
2581 516 2704 556 cum
2742 502 2999 571 lacrymis
3025 504 3360 573 respondens
3386 523 3401 558 :

1847 608 1866 639 ‹
1930 588 2145 660 lntegre
2194 597 2248 645 et
2300 605 2435 659 pure
2496 591 2769 655 vivendo,
2816 593 3025 663 inquit,
3060 602 3253 649 saneta
3298 592 3427 650 sibi

1840 690 2228 735 ornamentum
2270 682 2516 751 paravit,
2572 684 2715 752 quod
2750 692 2807 738 et
2832 686 2998 738 vitam
3034 687 3203 756 ipsius
3245 686 3408 742 deco-

1839 782 1987 827 raret
2016 782 2071 827 et
2096 773 2433 843 sepulturam
2462 793 2475 829 :
2502 790 2627 829 nam
2667 776 2811 844 quod
2842 777 2909 831 ad
2953 780 3223 847 corporis.
3243 794 3408 833 orna-

1842 877 1954 919 tum
1988 874 2217 935 spectat,
2247 880 2351 920 nec
2383 867 2512 921 dum
2544 868 2750 922 viveret
2779 868 3010 937 accepit,
3043 885 3144 924 nec
3171 872 3223 924 in
3256 871 3405 926 hunc

1841 975 2001 1013 usum
2048 958 2367 1012 reservavit.
2427 957 2606 1023 Quare
2660 974 2729 1014 ne
2787 960 2833 1013 si
2878 960 3113 1015 velimus
3163 962 3405 1031 quidem,

1842 1052 2078 1120 amplius
2113 1052 2261 1116 licet,
2290 1066 2416 1105 cum
2455 1052 2523 1106 ad
2560 1052 2701 1107 hanc
2741 1068 2854 1106 rem
2882 1070 2992 1107 non
3024 1065 3277 1125 suppetat
3310 1073 3409 1127 ap-

1841 1156 2085 1214 paratus.
2124 1175 2198 1186 —
2244 1144 2501 1208 Nihilne,
2564 1145 2783 1213 inquam
2814 1184 2829 1207 ,
2892 1147 3239 1201 reconditum
3300 1154 3405 1214 est,

1842 1252 1953 1304 quo
1982 1236 2154 1305 justa,
2188 1244 2241 1292 et
2264 1237 2542 1305 exsequim
2568 1236 2782 1306 possint
2813 1237 3115 1291 adornari?
3143 1269 3212 1280 —
3242 1238 3408 1306 Quid,

1842 1329 2018 1396 inquit
2068 1329 2154 1381 illa
2183 1368 2199 1390 ,
2255 1328 2599 1382 reconditum
2643 1328 2880 1383 narras?
2907 1328 3185 1399 Quidquid
3215 1345 3413 1386 recon-

1840 1420 1933 1473 diti
1959 1419 2121 1473 estin
2144 1420 2397 1474 manibus
2423 1420 2613 1482 habes,
2640 1435 2769 1475 ecce
2790 1422 3038 1489 pallium.
3063 1437 3192 1476 ecce
3210 1423 3420 1493 capitis

1842 1520 2091 1579 tegmen,
2153 1520 2208 1567 et
2263 1513 2390 1566 trita
2423 1511 2620 1581 pedum
2677 1514 3075 1568 calceamenta.
3129 1514 3224 1570 lla:
3281 1523 3414 1571 sunt

1840 1619 1996 1672 opes,
2052 1604 2164 1657 haec
2208 1604 2453 1671 supellex
2488 1620 2500 1655 :
2533 1604 2669 1657 nihil
2705 1612 2902 1673 printer
2946 1604 2997 1658 id
3046 1607 3192 1674 quod
3223 1609 3419 1665 cernis

1842 1696 1895 1749 in
1923 1697 2128 1750 arculis
2150 1706 2244 1749 aut
2275 1698 2530 1750 thalamis
2558 1696 2841 1750 conditum
2871 1697 3001 1752 latet
3031 1717 3043 1751 :
3076 1714 3237 1753 unam
3269 1700 3412 1755 divi-

1838 1791 2037 1843 tiarum
2087 1804 2310 1842 suarum
2380 1789 2571 1844 cellam
2627 1798 2901 1855 noverat,
2945 1791 3269 1847 thesaurum
3299 1806 3410 1848 cm-

1836 1882 2029 1935 lestem
2064 1896 2074 1929 :
2111 1881 2225 1934 illic
2280 1881 2464 1934 omnia
2515 1881 2841 1943 collocavit,
2894 1882 3032 1935 nihil
3081 1883 3309 1951 reliquit
3352 1884 3410 1938 in

1837 1982 2007 2026 terra.
2054 1994 2074 2023 ι
2114 1971 2251 2026 Tum
2288 1987 2421 2041 ego,
2458 1992 2475 2022 ι
2514 1972 2653 2038 Quid
2680 2013 2696 2037 ,
2752 1974 2975 2042 inquam
3004 2014 3017 2033 .
3058 1973 3103 2028 si
3145 1974 3213 2027 ad
3244 1974 3411 2028 funus

1836 2063 2142 2118 ornandum
2177 2081 2242 2117 ex
2284 2064 2385 2128 iis,
2432 2079 2554 2133 qua:
2592 2064 2727 2118 mihi
2771 2075 2965 2133 parata
3011 2072 3143 2118 sunt
3201 2064 3409 2134 aliquid

1836 2153 2143 2225 proferam,
2174 2171 2304 2209 num
2333 2156 2647 2211 inconsulte
2674 2155 2877 2210 factum
2899 2156 3265 2211 existimabit?
3296 2176 3314 2210 ι
3353 2156 3408 2210 Id

1836 2254 2035 2315 prater
2087 2247 2417 2302 sententiam
2450 2247 2571 2315 ejus
2617 2246 2863 2300 futurum
2898 2262 2957 2302 se
2995 2262 3105 2301 non
3149 2248 3410 2302 arbitrari

1839 2338 2122 2408 respondit
2155 2354 2169 2389 :
2206 2358 2225 2390 ι
2261 2337 2396 2392 Nam
2432 2340 2537 2394 etsi
2583 2339 2830 2404 viveret,
2874 2339 3091 2394 duabus
3122 2340 3190 2394 de
3220 2340 3408 2396 causis

1838 2446 1947 2485 non
1983 2430 2302 2501 repudiaret
2335 2430 2599 2486 honorem
2630 2438 2810 2497 tuum,
2840 2431 2925 2486 vel
2961 2439 3187 2501 propter
3224 2445 3413 2486 sacer-

1838 2523 1975 2577 dotii
2026 2523 2346 2595 dignitatem
2392 2539 2557 2594 quam
2615 2538 2831 2594 semper
2866 2531 3129 2579 venerata
3165 2529 3294 2588 est,
3325 2521 3413 2577 vel

1836 2622 2062 2685 propter
2096 2621 2308 2670 naturae
2362 2615 2872 2680 necessitudinem;
2934 2630 3115 2685 neque
3168 2614 3411 2669 alienum

1837 2703 2065 2759 duceret
2099 2703 2153 2758 id
2188 2704 2332 2774 quod
2381 2719 2411 2758 a
2455 2704 2625 2759 fratre
2670 2711 2818 2761 esset
2848 2704 3103 2759 :idcirco
3152 2703 3412 2759 manibus

1837 2797 2004 2850 etiam
2030 2796 2141 2852 tuis
2170 2811 2372 2867 corpus
2408 2803 2469 2851 ut
2507 2807 2797 2852 curaretur
2825 2795 3127 2851 mandavit.
3173 2813 3193 2846 ι

1908 2978 2045 3033 Cum
2104 2978 2269 3045 igitur
2316 2978 2391 3032 ita
2428 2978 2609 3033 visum
2662 2985 2841 3041 esset,
2898 2984 2953 3032 et
2990 2988 3210 3030 sacrum
3275 2970 3411 3027 illud

152 3072 281 3133 ταῖς
321 3068 534 3132 ὀθόναις
582 3067 645 3121 τὸ
695 3067 838 3138 ἱερὸν
875 3068 1049 3119 ἐκεῖνο
1084 3066 1277 3135 σῶμα,
1312 3066 1608 3135 διελόμενοι
1639 3065 1738 3135 τὴν

1843 3086 2041 3142 corpus
2068 3071 2180 3140 tegi
2206 3070 2456 3124 vestibus
2486 3075 2789 3139 oporteret,
2841 3067 3084 3123 studium
3126 3065 3271 3119 inter
3302 3078 3407 3117 nos

156 3162 420 3232 σπουδὴν,
451 3160 610 3224 ἄλλος
644 3160 775 3214 ἄλλο
811 3177 865 3213 τι
899 3159 1026 3230 περὶ
1053 3158 1221 3229 αὐτὴν
1253 3158 1594 3227 ἐπενοοῦμεν.
1631 3157 1739 3210 Kal.

1843 3163 2151 3219 dividentes
2187 3163 2335 3217 circa
2368 3162 2574 3230 ipsam,
2615 3159 2758 3214 alius
2795 3158 2945 3213 aliud
2978 3156 3359 3227 cogitabamus
3393 3173 3408 3208 :

157 3253 276 3324 ἐγὼ
324 3253 421 3324 μὲν
466 3252 567 3322 τὴν
618 3252 821 3323 ἐσθῆτα
876 3250 981 3305 τῶν
1027 3250 1173 3321 ἐμῶν
1220 3267 1325 3302 τινι
1374 3251 1740 3320 προσαγαγεῖν

155 3344 637 3414 ὲνεκελευσάμηνσ
680 3345 714 3414 ἡ
755 3342 812 3395 δὲ
847 3340 1279 3412 μνημονευθεῖσα
1330 3337 1619 3408 Οὐετιανὴ,
1641 3337 1739 3409 τὴν

156 3437 322 3505 ἁγίαν
372 3436 588 3506 ἐκείνην
628 3434 872 3504 κεφαλὴν
922 3434 1042 3496 ταῖς
1096 3431 1251 3493 ἰδίαις
1296 3430 1453 3501 χερσὶ
1501 3445 1739 3482 κατακο-

159 3526 380 3599 σμοῦσα
402 3568 418 3592 ,
449 3526 636 3596 ἐπειδῂ
662 3525 803 3580 κατὰ
829 3524 921 3577 τὸν
952 3522 1157 3593 αὐχένα
1177 3521 1275 3593 τὴν
1305 3524 1459 3593 χεῖρα
1488 3521 1739 3591 ῆνεγκεν,

161 3640 185 3673 ι
241 3620 395 3682 Ἰδοὺ,
424 3619 559 3689 φησὶ
580 3658 596 3681 ,
633 3616 772 3688 πρὸς
815 3615 917 3687 ἐμὲ
949 3614 1211 3685 βλέψασα,
1245 3608 1356 3677 οἷος
1396 3613 1741 3685 περιδέραιος

154 3712 366 3781 κόσμος
399 3711 496 3780 τῆς
538 3709 727 3777 Ἀγίας
772 3708 1083 3779 ἐξήρτηται.
1123 3725 1145 3757 ι
1178 3704 1284 3759 Kal.
1324 3704 1439 3776 ἅμα
1465 3704 1625 3757 τοῦτο
1657 3704 1743 3757 λέ-

155 3822 362 3871 γουσα,
396 3802 671 3856 ἐκλύσασα
704 3800 795 3853 τὸν
835 3800 1033 3869 δεσμὸν
1065 3799 1129 3852 ὲκ
1174 3797 1268 3851 τοῦ
1303 3796 1565 3859 κατόπιν,
1608 3813 1742 3866 προ-

156 3897 333 3950 έτεινε
373 3894 472 3965 τὴν
509 3895 691 3964 χεῖρα,
744 3892 837 3947 καὶ
884 3891 1157 3945 δείκνυσιν
1202 3890 1333 3959 ἡμῖν
1381 3888 1599 3959 σιδηροῦ
1645 3885 1739 3941 τοῦ

158 3984 397 4055 σταυροῦ
441 3984 533 4038 τὸν
576 3982 766 4047 τύπον,
819 3982 914 4035 καὶ
955 3978 1236 4034 δακτύλιόν
1275 3995 1396 4031 τινα
1438 3979 1538 4048 τῆς
1572 3975 1742 4046 αὐτῆς

156 4079 296 4147 ὕλης
321 4092 333 4103 ·
378 4077 522 4146 ἅπερ
548 4074 833 4146 ἀμφότερα
863 4072 1063 4142 λεπτῆς
1103 4070 1300 4142 ὁρμιᾶς
1336 4067 1616 4139 ἐξημμένα
1650 4067 1743 4119 ἐπὶ

154 4170 265 4237 τῆς
306 4167 533 4238 καρδίας
562 4165 853 4228 διαπαντὸς
893 4160 982 4234 ἦν.
1013 4163 1123 4216 Kal.
1154 4160 1263 4230 ἐγὼ
1288 4154 1459 4213 εἶπον·
1495 4178 1514 4210 ‹
1549 4157 1740 4211 Κοινὸν

156 4258 405 4327 γενέσθω
436 4257 497 4311 τὸ
525 4257 730 4327 κτῆμα.
776 4255 886 4308 Kal.
921 4255 985 4306 σὺ
1028 4254 1125 4323 μὲν
1154 4251 1243 4322 ἔχε
1281 4250 1343 4304 τὸ
1370 4248 1463 4302 τοῦ
1508 4247 1739 4319 σταυροῦ

159 4353 534 4422 φυλακτήριον
556 4366 568 4378 ·
600 4349 723 4419 ἐμοὶ
764 4347 822 4400 δὲ
854 4343 1078 4416 ἀρκέσει
1116 4345 1150 4414 ή
1185 4342 1275 4396 τοῦ
1303 4339 1585 4395 δακτυλίου
1611 4338 1737 4409 κλη-

1838 3262 1892 3309 et
1926 3270 2027 3324 ego
2078 3254 2299 3323 quidem
2350 3252 2491 3321 jussi
2536 3251 2757 3306 cuidam
2797 3267 2862 3305 ex
2920 3249 3058 3304 meis
3098 3257 3159 3301 ut
3202 3254 3412 3301 vestem

1837 3341 2063 3397 all‘erret
2109 3360 2124 3397 :
2176 3342 2264 3395 illa
2314 3356 2466 3405 vero,
2511 3356 2621 3410 qua
2660 3340 2731 3396 de
2775 3338 3110 3394 mentionem
3155 3336 3409 3399 iecimus,

1840 3433 2097 3488 Vestiana
2147 3433 2383 3503 propriis
2429 3432 2686 3487 manibus
2724 3446 2930 3486 ornans
2977 3438 3225 3485 sanctum
3275 3428 3410 3482 illud

1840 3536 2044 3596 caput,
2100 3540 2225 3579 cum
2284 3524 2404 3594 ejus
2463 3523 2667 3579 cervici
2735 3537 2960 3576 manum
3035 3520 3410 3581 submisisset,

1847 3634 1865 3668 ι
1908 3616 2087 3682 Ecce,
2122 3614 2301 3683 inquit
2372 3614 2440 3668 ad
2476 3629 2561 3668 me
2605 3611 2938 3681 respiciens,
2974 3610 3137 3681 quale
3182 3625 3214 3664 e
3269 3610 3413 3663 collo

1840 3717 2046 3764 sanctae
2094 3707 2317 3762 monilis
2375 3711 2755 3759 ornamentum
2808 3702 3059 3772 pendet:
3116 3721 3136 3754 ι
3194 3709 3252 3755 ct
3296 3700 3413 3753 haec

1839 3803 2029 3857 dicens
2062 3798 2257 3856 solutis
2293 3813 2432 3868 pone
2468 3795 2708 3851 vincuiis
2738 3794 3025 3865 prmtendit
3077 3808 3244 3847 manu
3303 3790 3411 3845 fer-

1840 3909 1993 3949 reum
2024 3892 2207 3947 crucis
2241 3891 2480 3959 signum,
2513 3896 2568 3942 et
2596 3888 2859 3941 annulum
2888 3884 3180 3956 quemdam
3209 3899 3273 3939 ex
3321 3898 3414 3938 ea-

1840 3984 1963 4039 dem
1986 3981 2248 4045 materia;
2277 3994 2398 4049 qua:
2414 3977 2632 4048 quidem
2658 3984 2891 4046 utraque
2909 3976 3061 4030 tenui
3085 3972 3412 4029 redimiculo

1842 4088 2084 4144 appensa
2108 4087 2322 4141 semper
2350 4069 2500 4124 cordi
2537 4068 2910 4123 adhaerebant.
2946 4066 3012 4118 Et
3034 4081 3157 4135 ego,
3194 4083 3213 4115 ‹
3242 4063 3411 4120 Com-

1841 4165 2048 4232 munis,
2102 4164 2350 4233 iuquam,
2388 4162 2459 4215 sit
2504 4161 2619 4215 haec
2665 4158 2971 4231 possessio.
3004 4159 3162 4210 Actu
3189 4156 3407 4226 quidem

1843 4258 2044 4313 habeas
2101 4256 2286 4311 crucis
2337 4254 2598 4324 insigne:
2646 4251 2779 4305 mihi
2836 4257 3017 4304 autem
3070 4248 3408 4303 hereditatis

1843 4348 2031 4403 annuli
2079 4347 2216 4403 satis
2254 4348 2379 4408 erit,
2427 4364 2447 4397 ι
2482 4343 2755 4413 siquidem
2789 4343 2843 4396 in
2898 4341 3063 4410 hujus
3096 4341 3259 4395 etiam
3288 4340 3404 4408 palr

163 4443 416 4515 ρονομία·
445 4462 463 4493 ι
499 4442 594 4495 καὶ
617 4438 726 4509 γὰρ
757 4439 849 4490 ἐπὶ
872 4438 970 4507 τῆς
998 4434 1187 4489 τούτου
1213 4432 1504 4504 σφραγῖδος
1527 4432 1555 4484 6
1578 4446 1739 4483 σταυ-

1843 4458 1979 4498 crux
2021 4448 2140 4495 erat
2179 4440 2464 4508 impressa.
2520 4435 2589 4489 At
2622 4450 2745 4489 eum
2789 4433 2990 4488 mulier
3038 4433 3258 4488 intuens
3286 4448 3409 4485 rur-

165 4536 261 4608 ρδς
294 4534 651 4605 ὲκεχάρακτο.
694 4524 765 4602 ᾯ
800 4528 1173 4592 ὲνατενίσασα,
1219 4526 1352 4596 φησὶ
1396 4524 1560 4576 πάλιν
1605 4521 1741 4592 πρὸς

162 4629 270 4699 ἐμὲ
300 4630 335 4699 ή
366 4627 502 4697 γυνή
529 4642 545 4657 ο
588 4643 609 4676 ι
659 4624 773 4677 Οὐκ
800 4616 1191 4676 ἀποσκοποῦσα
1217 4619 1440 4686 γέγονεν
1472 4615 1507 4682 ή
1544 4612 1741 4683 ἐκλογὴ

162 4720 323 4774 τοῦδε
364 4720 458 4772 τοῦ
494 4718 789 4788 κτήματος.
824 4713 1018 4776 Κοῖλος
1055 4710 1163 4782 γὰρ
1203 4708 1345 4763 κατά
1388 4707 1486 4779 τὴν
1526 4705 1744 4776 σφενδό-

165 4832 268 4883 νην
300 4812 448 4864 ἐστὶν
472 4812 500 4863 6
535 4795 837 4870 δακτύλιος,
869 4806 965 4860 καὶ
994 4807 1049 4857 ὲν
1081 4801 1228 4873 αύτῷ
1254 4803 1318 4855 ὲκ
1340 4800 1434 4854 τοῦ
1459 4799 1614 4864 ξύλου
1643 4798 1745 4868 τῆς

168 4906 320 4975 ζωῆς
358 4903 841 4973 κατακέκρυπται·
893 4897 989 4951 καὶ
1018 4895 1190 4959 οὕτως
1214 4894 1475 4963 ἄνωθενή
1512 4891 1744 4962 σφραγὶς

166 4995 253 5067 τῷ
288 4995 400 5064 ἰδίῳ
440 4993 594 5063 τύπῳ
624 4991 814 5062 μηνύει
843 4989 904 5043 τὸ
933 4988 1307 5058 ὑποκείμενον.
1342 5004 1361 5036 ι

254 5088 345 5149 Ὠς
373 5086 431 5140 δὲ
458 5085 551 5138 καὶ
586 5081 1054 5154 περικαλυφθῆναι
1087 5083 1154 5151 τῇ
1185 5079 1370 5149 ὲσθῆτι
1399 5076 1461 5131 τὸ
1508 5074 1747 5147 καθαρὸν

169 5180 338 5249 σῶμα
371 5177 561 5248 καιρὸς
587 5172 655 5247 ἦν
674 5215 691 5241 ,
718 5175 886 5245 κάμοὶ
918 5174 1021 5244 τὴν
1056 5171 1332 5227 διακονίαν
1364 5169 1567 5239 ταύτην
1595 5169 1627 5238 ή
1665 5169 1747 5220 ὲν-

167 5274 303 5342 τολὴ
327 5272 426 5342 τῆς
453 5270 693 5341 μεγάλης
720 5269 935 5339 ἐκείνης
961 5266 1261 5335 ἀναγκαίαν
1288 5263 1479 5317 ἐποίει⁸
1498 5260 1747 5331 παροῦσα

167 5364 254 5436 τῷ
296 5363 443 5435 ἔργῳ
479 5362 572 5414 xal.
601 5358 1047 5429 συνεφαπτομένη
1073 5357 1107 5427 ἡ
1130 5357 1229 5427 τῆς
1263 5354 1500 5425 μεγάλης
1536 5351 1748 5421 ἐκείνης

168 5458 308 5527 ἡμῖν
336 5452 699 5524 κληρονομίας
736 5451 1132 5519 κοινωνήσασα,
1179 5468 1196 5499 ι
1237 5447 1327 5517 Μὴ
1364 5443 1745 5515 παραδράμῃς,

168 5548 363 5618 φησὶν,
408 5544 757 5616 ἀνιστόρητον
799 5543 860 5596 τὸ
909 5541 1135 5611 μέγεθος
1168 5539 1275 5592 τῶν
1319 5537 1424 5590 ὑπὸ
1453 5536 1551 5605 τῆς
1590 5532 1749 5601 ἁγίας

168 5640 381 5709 ταύτης
410 5637 860 5709 κατορθωθέντων
894 5630 1343 5702 θαυμάτων.--Τί
1369 5628 1545 5693 τοῦτο;
1577 5646 1593 5677 ι
1614 5625 1748 5695 ἔφην

172 5730 309 5802 ἐγώ.
351 5732 418 5784 ἸΙ
458 5729 513 5783 δὲ
565 5728 725 5799 μέρος
764 5744 816 5779 τι
855 5725 945 5779 τοῦ
980 5724 1204 5796 στήθους
1235 5721 1711 5793 παραγνμνὼσασοι

1843 4550 1939 4591 sus
1970 4534 2037 4586 ad
2082 4548 2189 4597 me,
2228 4548 2246 4582 ι
2285 4531 2343 4584 In
2387 4528 2702 4598 deligendo,
2734 4525 2935 4596 inquit,
2966 4541 3079 4581 non
3117 4525 3405 4583 aberrasti,

1841 4626 2040 4681 etenim
2069 4629 2366 4679 excavatus
2384 4630 2470 4676 est
2498 4618 2739 4673 annulus
2773 4616 2877 4671 sub
2902 4618 3022 4686 ipsa
3048 4616 3195 4687 pala,
3222 4616 3407 4685 ibique

1842 4720 1911 4775 de
1961 4718 2111 4787 ligno
2155 4717 2283 4771 vitae
2342 4712 2669 4783 particulam
2707 4709 2986 4765 conditam
3032 4709 3219 4772 habet,
3266 4714 3409 4777 quod

1844 4809 2270 4881 superadjacens
2305 4806 2427 4877 pala
2456 4802 2625 4860 simili
2667 4809 2799 4858 nota
2830 4800 3121 4873 signiﬁcat.
3162 4818 3182 4853 ι

1913 5074 2183 5128 Caeterum
2233 5084 2359 5124 cum
2406 5076 2625 5143 tempus
2664 5070 2919 5136 posceret
2944 5068 3006 5117 ut
3036 5070 3248 5116 castum
3289 5074 3412 5111 cum

1846 5181 1949 5237 pus
1996 5171 2150 5218 veste
2197 5167 2514 5231 tegeretur,
2570 5156 2718 5229 quod
2777 5155 3000 5226 quidem
3059 5152 3302 5207 ofﬁcium
3344 5165 3413 5205 ex

1847 5268 2056 5326 magnae
2108 5251 2369 5306 mandato
2425 5248 2492 5304 ad
2549 5263 2637 5304 me
2696 5246 3001 5316 pertinebat
3070 5243 3409 5307 necessario,

1846 5361 2083 5417 cumque
2121 5359 2361 5416 praesens
2401 5350 2586 5408 esset,
2636 5354 2701 5395 ac
2742 5339 2905 5395 simul
2935 5342 3304 5393 contrectaret
3346 5350 3413 5391 ea

1846 5456 1967 5510 qua:
2014 5454 2225 5493 mecum
2278 5451 2491 5507 magnae
2551 5433 2701 5488 illius
2756 5430 3092 5486 hazreditatis
3136 5429 3411 5501 particeps

1849 5532 2050 5595 fuerat,
2089 5550 2107 5582 σ
2144 5529 2220 5584 Nc
2248 5526 2685 5600 prwtermiseris,
2732 5524 2931 5595 inquit,
2966 5521 3170 5577 intueri
3203 5521 3281 5576 rei
3316 5520 3413 5577 ad-

1848 5625 2110 5678 mirandm
2135 5623 2331 5677 ab.hac
2360 5628 2549 5675 sancta
2575 5615 2830 5688 perfecta:
2861 5614 3316 5686 magnitudinem.
3343 5641 3411 5652 —

1849 5718 2118 5784 Quidnam
2152 5715 2295 5772 istud
2324 5714 2446 5769 est?
2477 5732 2494 5764 ι
2531 5713 2775 5782 inquam.
2818 5711 2885 5765 At
2916 5710 3008 5765 illa
3040 5716 3250 5780 partem
3281 5720 3408 5776 pec-
