3834 6402
450 248 546 306 991

1678 272 1734 326 S.
1777 271 2107 334 GREGORH
2147 277 2443 339 NYSSENI

3598 293 3710 350 99?.

446 370 584 427 toris
609 371 928 444 denudans,
964 397 983 431 ι
1021 379 1185 438 Vides
1217 383 1352 450 hoc,
1387 387 1606 462 inquit,
1642 401 1806 452 tenue
1830 407 1883 452 et
1905 400 1997 454 ob-

2116 423 2134 456 ι
2175 405 2359 477 Ὁρᾷς,
2402 407 2528 477 ἔφη.
2556 410 2615 462 τὸ
2657 410 2849 465 λεπτὸν
2889 412 3044 467 τοῦτο
3080 416 3176 468 καὶ
3213 415 3418 483 ἀφανὲς
3449 415 3564 470 ὑπὸ
3605 415 3711 486 τὴν

445 476 667 517 scurum
698 467 800 521 sub
817 469 958 524 collo
981 471 1590 548 signum?)(Videbatur
1607 495 1786 541 autem
1805 499 2013 558 puncto

443 553 626 612 simile
681 561 832 618 tenui
886 577 990 617 acu
1045 567 1356 636 confecto;)
1405 574 1678 646 simulque
1728 579 2012 638 lucernam

444 645 673 716 prepius
713 648 953 705 admovit
1011 655 1077 708 ad
1122 655 1303 711 locum
1352 661 1485 715 mihi
1532 645 2010 723 demonstratum:

445 749 469 787 ι
495 732 786 800 Quidnam,
811 739 1052 811 inquam,
1084 745 1495 836 admirandqm,
1518 753 1565 808 si
1605 763 1766 812 tenue
1795 757 2014 830 signum

441 824 500 880 in
533 826 638 882 hac
677 838 834 898 parte
884 835 1014 889 est?
1039 867 1107 876 —
1134 837 1200 894 Et
1233 839 1358 906 hoc,
1384 824 1588 915 inquit,
1616 846 1786 904 divini
1822 824 2013 908 auxilii

438 1104 570 1160 olim
596 1106 713 1162 haec
741 1124 891 1179 pars,
920 1120 974 1166 et
1003 1115 1306 1182 periculum
1329 1129 1476 1176 esset
1505 1139 1576 1179 ne
1607 1132 1792 1184 tumor
1818 1145 2010 1187 secan-

383 1181 388 1186 ’
437 1195 543 1251 dus
564 1205 732 1267 esset,
765 1209 860 1254 aut
908 1218 978 1257 ne
1023 1204 1187 1262 latius
1211 1224 1438 1280 serpens
1477 1216 1683 1270 malum
1721 1219 1878 1275 ﬂeret
1908 1221 2011 1277 im-

438 1286 788 1356 medicabile,
817 1293 864 1346 si
899 1293 966 1347 ad
999 1296 1118 1351 loca
1147 1301 1332 1354 cordis
1356 1307 1875 1381 appropinquasset,
1911 1329 2007 1370 ro-

439 1377 587 1448 gavit
608 1382 810 1452 saepius
835 1391 889 1438 et
913 1385 1220 1444 obsecravit
1253 1403 1447 1460 mater,
1477 1377 1545 1452 uti
1563 1400 1760 1458 medici
1785 1419 2007 1462 manum

438 1469 754 1527 admitteret
799 1490 814 1526 :
851 1490 971 1531 eam
1007 1493 1246 1551 namque
1277 1493 1452 1541 artem
1497 1504 1525 1543 a
1559 1489 1668 1546 Deo
1700 1510 1801 1565 pro
1830 1497 2009 1556 salute

437 1560 724 1618 hominum
765 1575 1047 1624 ostensam
1080 1586 1234 1640 esse;
1287 1576 1380 1631 illa
1426 1595 1558 1635 vero
1593 1599 1716 1638 cum
1764 1587 2005 1659 aliquam

436 1655 686 1725 corporis
706 1665 910 1726 partem
923 1660 1116 1720 alienis
1130 1667 1304 1722 oculis
1321 1671 1535 1739 aperire
1548 1675 1738 1732 morbo
1750 1677 2007 1753 ipsogra-

434 1746 560 1802 vius
574 1747 868 1817 judicaret,
886 1753 952 1808 ad
967 1770 1269 1826 vesperam,
1292 1777 1412 1816 cum
1437 1766 1649 1821 solitam
1683 1773 1845 1828 matri
1879 1789 2006 1846 pro-

433 1836 574 1906 priis
592 1841 846 1898 manibus
867 1858 1123 1903 navasset
1141 1865 1386 1921 operam,
1404 1855 1457 1911 in
1479 1862 1739 1917 sacellum
1766 1869 2004 1924 sanctis-

436 1928 636 1985 simum
651 1933 920 2004 ingressa,
938 1947 1106 1995 totam
1128 1953 1341 2001 noctem
1361 1958 1636 2018 prostrata
1653 1959 2014 2028 curationum,

433 2019 548 2077 Deo
571 2026 922 2095 supplicavit,
953 2039 1007 2086 et
1036 2049 1158 2103 qua:
1179 2052 1242 2090 ex
1265 2041 1441 2095 oculis
1475 2044 1769 2114 deﬂuebat,
1800 2065 2001 2122 aquam

431 2125 560 2167 cum
596 2122 744 2170 terra
769 2122 1545 2200 commiscens,lacrymarum
1571 2136 1771 2206 lutum,
1813 2142 2003 2201 morbo

430 2203 891 2265 medicamentum
924 2213 1196 2272 adhibuit.
1234 2219 1394 2277 Matri
1437 2233 1622 2282 autem
1654 2203 1998 2299 exanimatae,

430 2294 788 2370 hortantique
822 2311 884 2356 ut
910 2306 1125 2362 medico
1166 2318 1450 2380 uteretur,
1482 2300 1588 2372 sibi
1620 2320 1688 2375 ad
1723 2325 2004 2393 expellen-

430 2387 563 2445 dum
601 2395 855 2450 morbum
900 2400 1035 2456 satis
1069 2417 1191 2459 esse
1233 2409 1544 2476 respondit,
1599 2415 1648 2470 si
1696 2432 1863 2472 manu
1901 2433 2000 2475 sua

430 2488 611 2538 mater
661 2485 781 2555 ipsa
831 2489 1012 2546 locum
1065 2506 1260 2552 sancto
1307 2501 1466 2572 signo
1525 2509 1790 2566 muniret.
1853 2509 1997 2570 Cum

430 2570 600 2641 igitur
635 2586 809 2632 mater
842 2581 898 2635 in
932 2583 1115 2639 sinum
1169 2588 1290 2659 ejus
1345 2607 1568 2649 manum
1604 2597 1904 2669 intulisset,
1941 2613 2001 2662 ut

429 2677 549 2718 eam
579 2676 792 2735 partem
824 2673 1086 2743 signaret,
1116 2679 1336 2750 signum
1363 2687 1586 2756 quidem
1616 2693 1747 2762 egit,
1774 2697 2000 2755 morbus

431 2764 613 2812 autem
647 2761 802 2816 abiit.
835 2764 948 2821 Sed
989 2769 1105 2825 haec
1136 2787 1306 2842 parva
1349 2785 1513 2847 nota,
1563 2761 1686 2838 loco
1713 2784 1999 2847 horribilis

430 2854 668 2908 tumoris
697 2861 975 2928 apparuit,
1002 2872 1056 2919 et
1087 2867 1152 2921 ad
1187 2869 1347 2923 tinem
1376 2887 1553 2943 usque
1583 2882 1906 2948 permansit,
1939 2891 1999 2938 ut

427 2953 611 3011 esset,
645 2952 1103 3016 quemadmodum
1139 2962 1407 3027 arbitror,
1452 2966 1653 3024 divina:
1688 2973 1808 3042 opis
1856 2974 1999 3030 indi-

2117 497 2313 570 δέρρην
2362 504 2621 572 σημεῖον;
2663 522 2681 555 ι
2729 504 2996 574 Στίγματι
3035 507 3326 576 προσέοικε
3351 507 3445 561 διὰ
3488 509 3708 579 λεπτῆς

2119 592 2341 660 ῥαφίδος
2369 593 2729 667 ἐγγενομένῳο
2766 597 2875 651 Καὶ
2916 597 3032 669 ἅμα
3058 600 3149 653 τὸν
3174 599 3366 670 λύχνον
3397 601 3709 672 ἐγγύτερον

2116 681 2287 733 ἐποίει
2335 679 2430 734 τοῦ
2471 681 2819 753 δεικνυμένου
2855 703 2946 756 μοι
2985 685 3172 742 τόπου.
3215 706 3235 740 ι
3273 687 3339 741 Τί
3363 683 3482 752 οὖν,
3520 683 3705 752 εἷπον,

2115 769 2444 842 θαυμαστὸν,
2492 774 2539 826 εί
2585 774 2783 843 ἀφανεῖ
2827 791 2934 830 τινι
2974 777 3186 849 σημείῳ
3229 778 3292 832 τὸ
3339 779 3507 850 σῶμα
3557 779 3705 832 κατᾶ

2111 859 2268 913 τοῦτο
2293 862 2456 934 μέρος
2488 863 2758 930 ἔστικται;
2789 894 2862 905 --›
2889 866 3002 920 Καὶ
3051 867 3228 932 τοῦτο,
3263 869 3431 937 φησι,
3461 867 3568 937 τῆς
3599 885 3702 938 με-

2111 953 2283 1024 γάλης
2337 954 2428 1007 τοῦ
2471 955 2604 1008 Θεοῦ
2659 955 2910 1028 βοηθείας
2957 959 3296 1031 μνημόσυνον
3343 958 3423 1030 τῷ
3479 957 3702 1029 σώματι

2113 1043 2514 1098 ὑπολέλειπται.
2578 1045 2796 1120 Ἐπειδὴ
2842 1049 2952 1121 γάρ
2984 1051 3140 1118 ἐφύει
3183 1051 3316 1104 ποτέ
3351 1068 3408 1104 τι
3460 1049 3610 1103 κατὰ
3637 1050 3700 1102 τὺ

2114 1135 2278 1205 μέρος
2300 1136 2458 1190 τοῦτο
2490 1137 2660 1203 πάθος
2691 1140 2934 1212 ἀνιαρὸν,
2964 1143 3056 1195 καὶ
3086 1141 3326 1206 κίνδυνος
3351 1139 3425 1212 ἦν
3446 1143 3699 1211 ἀνατμη-

2112 1226 2269 1296 θῆναι
2308 1229 2399 1281 τὸν
2425 1229 2606 1298 ὄγκον,
2643 1232 2675 1304 ἢ
2706 1233 2884 1304 πάντη
2917 1233 3012 1287 καὶ
3041 1232 3256 1297 πάντως
3283 1235 3363 1296 εἰς
3391 1234 3697 1304 ἀνήκεστον

2109 1317 2392 1389 προελθεῖν
2413 1320 2474 1374 τὸ
2511 1322 2701 1389 κακὸν,
2735 1324 2782 1376 εί
2809 1327 2922 1387 τοῖς
2946 1323 3088 1377 κατά
3113 1323 3212 1393 τὴν
3243 1323 3477 1394 καρδίαν
3507 1321 3697 1385 τόποις

2111 1413 2394 1466 πελάσειεν
2418 1431 2432 1445 ο
2469 1413 2646 1466 ἐδέετο
2696 1415 2794 1484 μὲν
2826 1417 2860 1486 ή
2903 1417 3134 1488 Μήτηρ,
3171 1414 3339 1486 φησι,
3377 1412 3558 1468 πολλὰ
3601 1411 3697 1466 καὶ

2112 1507 2318 1559 ἱκέτευε
2351 1507 2757 1577 παραδέξασθαι
2787 1507 2882 1560 τοῦ
2908 1506 3090 1580 ἰατροῦ
3119 1507 3218 1578 τήν
3243 1506 3590 1577 ἐπιμέλειαν,
3619 1505 3695 1568 ὡς

2108 1598 2202 1651 καὶ
2238 1572 2443 1669 ταύτης
2475 1601 2541 1652 ἐκ
2575 1572 2710 1650 Θεοῦ
2756 1599 2856 1668 τῆς
2895 1572 3091 1684 τέχνης
3132 1572 3223 1648 ἐπὶ
3264 1572 3517 1666 σωτηρίᾳ
3557 1596 3692 1663 φησὶ

2107 1688 2214 1741 τῶν
2248 1691 2547 1762 ἀνθρώπων
2590 1689 3058 1760 καταδειχθείσ-ης.
3115 1688 3176 1741 Ἦ
3209 1689 3264 1742 δὲ
3295 1689 3356 1742 τὸ
3393 1689 3689 1760 γυμνῶσαί

2105 1799 2157 1835 τι
2197 1781 2288 1835 τοῦ
2331 1782 2582 1853 σώματος
2627 1781 2922 1852 ὀφθαλμοῖς
2965 1780 3425 1852 ἀλλοτρίοις,,τοῦ
3481 1780 3688 1843 πάθους

2104 1871 2478 1946 χαλεπώτερον
2502 1872 2750 1944 κρίνασα,
2773 1873 3010 1944 ἑσπέρας
3032 1873 3468 1944 καταλαϐούσης,
3499 1873 3690 1946 ἐπειῆ

2101 1968 2170 2037 τῇ
2211 1966 2396 2037 Μητρὶ
2438 1966 2538 2036 τὴν
2591 1965 2794 2038 συνήθη
2835 1964 2924 2019 διά
2965 1965 3073 2020 τῶν
3112 1965 3310 2037 χειρῶν
3369 1964 3688 2035 ὑπηρεσίαν

2102 2057 2447 2130 ἐπλήρωσεν,
2477 2058 2625 2120 ἐντὸς
2654 2057 2919 2128 γενομένη
2952 2055 3047 2111 τοῦ
3092 2057 3510 2129 θυσιαστηρίου,
3551 2073 3688 2116 πανο
3761 2147 3764 2149 Δ

2103 2148 2283 2220 νύχιον
2314 2149 2641 2221 προσπίπτει
2663 2148 2738 2220 τῷ
2757 2149 2875 2220 Θεῷ
2901 2149 3010 2203 τῶν
3036 2149 3231 2204 ίάσεων
3250 2167 3264 2180 ο
3295 2149 3389 2206 καὶ⁸
3416 2149 3481 2202 τὸ
3509 2149 3689 2220 ἀπορ-

2102 2244 2225 2316 ρέον
2256 2243 2363 2296 τῶν
2399 2241 2693 2313 ὀφθαλμῶν
2741 2242 2887 2316 ὕδωρ
2931 2241 3068 2314 πρὸς
3106 2241 3206 2313 τὴν
3241 2241 3346 2312 γῆν
3375 2231 3684 2312 ἁναχέασα,

2099 2337 2177 2411 τῷ
2207 2339 2269 2392 ἐκ
2303 2339 2410 2393 τῶν
2443 2337 2692 2409 δακρύων
2725 2337 2901 2409 πηλῷ,
2933 2336 3209 2408 φαρμάκῳ
3241 2335 3376 2407 πρὸς
3407 2336 3473 2388 τὸ
3511 2334 3687 2398 πάθος

2099 2428 2370 2500 ἐχρήσατο
2390 2445 2403 2458 ο
2441 2428 2539 2498 τῆς
2569 2428 2627 2481 δὲ
2669 2428 2888 2499 Μητρὸς
2919 2427 3144 2498 ἀθύμως
3171 2425 3545 2496 διακειμένης,
3591 2427 3684 2479 καὶ

2099 2519 2261 2572 πάλιν
2281 2517 2522 2573 ἐνδοῦναι
2542 2518 2618 2589 τῷ
2638 2518 2805 2590 ἰατρῷ
2830 2518 3270 2589 παρακαλούσης,
3287 2519 3480 2590 ἀρκεῖν
3502 2517 3682 2585 ἔλεγε,

2035 1741 2078 1796 Β

2100 2610 2237 2682 πρὸς
2264 2609 2559 2680 θεραπείαν
2592 2609 2727 2680 αὑτῇ
2757 2608 2851 2662 τοῦ
2891 2608 3080 2675 κακοῦ,
3123 2610 3171 2662 εἰ
3203 2612 3270 2680 τῇ
3320 2609 3426 2678 tot;
3466 2609 3620 2678 χειρὶ
3653 2609 3687 2679 ή

2098 2702 2298 2773 Μήτηρ
2333 2700 2582 2755 ἐπιϐαλεῖ
2612 2699 2691 2771 τῷ
2730 2701 2880 2772 τόπῳ
2910 2701 3008 2772 τὴν
3049 2699 3210 2769 ἁγίαν
3250 2700 3546 2772 σφραγῖδα.
3596 2701 3684 2763 Ὠς

2098 2792 2153 2846 δέ
2196 2794 2345 2857 ἐντὸς
2391 2794 2687 2865 ἐποιήσατο
2717 2793 2812 2846 τοῦ
2843 2792 3042 2846 κόλπου
3072 2792 3170 2864 τὴν
3197 2794 3356 2864 χεῖρα
3387 2794 3421 2863 ή
3453 2792 3685 2864 Μήτηρ,

2098 2886 2181 2954 ἐφ’
2211 2878 2255 2953 ᾧ
2285 2886 2710 2958 περισφραγίσαι
2737 2887 2798 2940 τὸ
2829 2886 3012 2958 μέρος,
3046 2889 3081 2956 ἡ
3118 2885 3216 2956 μὲν
3247 2886 3487 2955 σφραγὶς
3521 2886 3687 2955 ἐνήρ-

2099 2994 2203 3046 γει·
2234 2979 2296 3032 τδ
2317 2979 2371 3032 δὲ
2394 2978 2563 3042 πάθος
2590 2979 2689 3032 ούκ
2716 2974 2806 3051 ἦν.
2847 2995 2867 3030 ι
2906 2977 3066 3031 Ἀλλά
3100 2976 3290 3041 τοῦτο,
3324 2996 3342 3030 ι
3375 2977 3539 3046 φησι,
3576 2994 3596 3026 ‹
3629 2976 3687 3028 τὸ

426 3034 600 3103 cium,
630 3054 740 3110 quo
765 3044 831 3098 ad
867 3049 1104 3117 agendas
1127 3055 1336 3122 gratias
1361 3056 1473 3114 Deo
1495 3062 1840 3122 continenter
1877 3085 1997 3124 mo-

2103 3034 2274 3142 βραχὺ
2307 3034 2558 3141 σημεῖον,
2579 3073 2673 3124 καὶ
2693 3034 2814 3124 τότε
2840 3071 2957 3125 ἀντὶ
2981 3069 3075 3122 τοῦ
3107 3067 3335 3140 φρικτοῦ
3365 3068 3563 3140 ὼράθη
3596 3069 3686 3120 ἕλ-

424 3138 668 3187 veretur.
714 3152 734 3185 ι

2100 3177 2248 3226 κους,
2279 3162 2373 3214 καὶ
2401 3163 2560 3233 μέχρι
2585 3161 2771 3225 τέλους
2798 3161 3148 3234 παρέμεινεν.
3167 3160 3252 3225 Ὧς
3274 3160 3358 3224 ἂν,
3376 3155 3561 3230 οἶμαι,
3587 3163 3685 3229 τῆς

2098 3251 2249 3314 θείας
2275 3250 2617 3320 ἐπισκέψεως
2651 3251 2991 3323 μνημόσυνον
3023 3250 3108 3321 εἴη
3139 3250 3274 3321 πρὸς
3294 3251 3559 3320 ἀφορμὴν
3592 3251 3686 3305 καὶ

1996 3331 2010 3343 ’
2097 3342 2353 3396 ὑπόθεσιν
2375 3343 2476 3414 τῆς
2502 3343 2782 3414 διηνεκοῦς
2803 3343 2940 3414 πρὸς
2963 3343 3054 3398 τὸν
3079 3343 3210 3396 Θεὸν
3239 3342 3622 3412 εὐχαριστίας.
3661 3362 3679 3394 ι

495 3396 861 3470 Posteaquam
912 3408 1098 3465 studio
1139 3423 1332 3472 nostro
1392 3418 1554 3476 tinem
1602 3424 1992 3497 imposuimus,

423 3491 479 3539 et
527 3485 850 3548 domesticis
911 3499 1087 3567 c0piis
1167 3520 1368 3575 corpus
1415 3519 1834 3586 exornavimus,
1885 3538 1996 3578 non

425 3576 624 3634 decere
658 3581 798 3638 dixit
823 3585 1082 3645 ministra
1120 3593 1208 3649 illa
1240 3613 1442 3670 corpus
1491 3603 1559 3658 ad
1593 3623 1810 3676 sponsa:
1841 3611 1996 3669 simi-

424 3669 714 3729 litudinem
777 3689 1037 3736 ornatum
1099 3697 1226 3743 ante
1272 3693 1462 3750 oculos
1521 3700 1790 3770 virginum
1841 3709 1991 3775 poni.

429 3779 450 3812 ‹
497 3761 608 3818 Sed
643 3776 768 3832 est,
825 3769 1038 3841 inquit,
1084 3778 1216 3834 mihi
1250 3796 1317 3836 ex
1367 3792 1562 3843 vestrae
1602 3761 1792 3850 matris
1822 3761 1995 3853 vesti-

422 3854 625 3912 mentis
650 3858 865 3929 nigrum
897 3866 1144 3936 pallium,
1177 3873 1324 3942 quod
1358 3885 1527 3944 recte,
1559 3889 1617 3935 ut
1648 3899 1748 3955 ego
1771 3889 1992 3956 quidem

423 3947 626 4015 sentio,
655 3955 860 4019 poterit
887 3962 1234 4034 superinjici,
1262 3983 1334 4023 ne
1354 3979 1584 4030 externo
1620 3947 1993 4039 et'adventitio

422 4040 533 4097 isto
562 4046 800 4104 vestitus
822 4061 1021 4108 ornatu
1048 4057 1402 4126 pulchritudo
1426 4065 1538 4120 hazc
1566 4082 1723 4124 sacra
1757 4072 1994 4133 illustre-

421 4139 532 4188 tnr.
575 4153 594 4188 ι
629 4137 764 4205 ρυιε
801 4146 1079 4200 sententia
1113 4163 1236 4204 cum
1264 4154 1531 4212 valuisset
1557 4167 1612 4214 et
1640 4162 1862 4230 pallium
1896 4168 1994 4222 ad—

416 4223 625 4292 jectum
649 4241 832 4297 esset,
861 4236 983 4307 ipsa
1010 4246 1194 4297 tamen
1226 4243 1280 4298 in
1312 4249 1516 4305 amictu
1551 4223 1756 4325 pullo,
1806 4258 1990 4316 divina

2179 3435 2332 3487 Ἐπεὶ
2361 3434 2418 3488 δὲ
2455 3435 2628 3506 πέρας
2669 3429 2815 3505 εἶχεν
2853 3435 2984 3505 ήμῖν
3011 3436 3046 3504 ή
3079 3433 3279 3504 σπουδὴ
3299 3475 3313 3497 ,
3346 3434 3442 3486 καὶ
3474 3435 3543 3485 ἐκ
3575 3434 3684 3486 τῶν

2095 3527 2325 3581 ἐνόντων
2363 3525 2773 3598 περιεκοσμήθη
2811 3525 2872 3579 τὸ
2908 3525 3086 3596 σῶμα,
3119 3523 3278 3578 πάλιν
3304 3524 3471 3594 φησὶν
3499 3525 3536 3594 ἡ
3569 3525 3684 3578 διά-

2095 3635 2270 3682 κονος,
2316 3617 2389 3688 μὴ
2440 3618 2671 3688 πρέπειν
2714 3615 2998 3688 νυμφικῶς
3047 3616 3378 3687 ἐσταλμένην
3410 3617 3591 3687 αὐτὴν
3626 3616 3682 3668 ἐν

2095 3710 2390 3780 ὀφθαλμοῖς
2417 3708 2526 3762 τῶν
2565 3709 2850 3781 παρθένων
2879 3708 3126 3778 ὁρᾶσθαι.
3167 3726 3187 3760 ι
3240 3707 3376 3760 Ἀλλ’
3407 3706 3530 3759 ἐστι
3565 3724 3676 3776 μοι,

2096 3801 2252 3874 φησὶ,
2299 3803 2399 3874 τῆς
2445 3802 2650 3873 μητρὸς
2694 3803 2792 3871 τῆς
2835 3800 3106 3872 ὑμετέρας
3153 3800 3261 3852 τῶν
3292 3800 3470 3868 φαιῶν
3498 3817 3678 3868 πεφυ-

2095 3893 2360 3964 λαγμένον
2385 3894 2596 3963 ἱμάτιον
2617 3910 2630 3923 ο
2659 3892 2687 3945 ὃ
2713 3891 2917 3947 ἄνωθεν
2946 3891 3297 3993 ἐπιϐληθῇναι
3317 3891 3680 3993 κώωςρἔέειν

2095 3987 2272 4057 φημί·
2326 3986 2403 4048 ὡς
2455 3985 2522 4038 ἂν
2573 3983 2648 4056 μὴ
2691 3983 2769 4054 τῷ
2807 3985 3112 4054 ἐπεισάκτῳ
3160 3982 3250 4035 διὰ
3294 3982 3394 4054 τῆς
3443 3982 3678 4053 ἐσθῆτος

2094 4079 2303 4150 κόσμῳ,
2335 4078 2395 4130 τὸ
2420 4077 2562 4148 ἱερὸν
2589 4075 2748 4130 τοῦτο
2770 4075 2962 4138 κάλλος
2987 4074 3366 4146 λαμπρύνοιτο.
3408 4092 3428 4124 ι
3475 4075 3678 4143 Ἐκρά-

2090 4187 2173 4223 τει
2220 4170 2288 4224 τά
2331 4169 2657 4240 δεδογμέναο
2695 4169 2790 4222 καὶ
2824 4167 2886 4221 τὸ
2928 4167 3142 4238 ἱμάτιον
3191 4164 3503 4235 ἐπεϐλήθη’
3540 4167 3579 4237 ή
3620 4166 3677 4221 δὲ

2091 4257 2299 4331 ἔλαμπε
2323 4262 2416 4315 καὶ
2444 4263 2500 4314 ἐν
2529 4260 2607 4332 τῷ
2635 4259 2799 4331 φαιῷ,
2827 4260 2925 4331 τῆς
2965 4258 3144 4322 θείας,
3179 4253 3352 4328 οἶμαι,
3385 4259 3678 4330 δυνάμεως

1963 4381 1987 4394 ο
2017 4419 2052 4425 _
2095 4355 2188 4408 καὶ
2225 4353 2428 4425 ταύτην
2455 4353 2782 4424 προσθείσης
2810 4353 2908 4423 τὴν
2946 4351 3104 4423 χάριν
3137 4349 3213 4422 τῷ
3246 4349 3491 4421 σώματι·
3529 4351 3675 4404 ὥστε

420 4408 587 4474 tiam,
625 4413 702 4468 ita
737 4417 1097 4490 Splendebat,
1134 4435 1192 4480 ut
1231 4400 1690 4498 quemadmodum
1728 4441 1779 4494 in
1805 4400 1988 4514 qtriete

2103 4400 2187 4408 ’⁷⁷⁷⁷
2236 4400 2320 4406 ’⁷⁷⁷
2341 4400 2378 4406 ’”
2410 4400 2420 4406 ⁷
2463 4400 2780 4424 "r"""'|'
2823 4400 2899 4423 "l'
2947 4400 3094 4423 “'1'”
3149 4400 3207 4422 "O'
3254 4400 3459 4421 “*ι”⁷“ν“
3535 4400 3674 4404 “““⁷““

2103 4447 2237 4500 κατὰ
2272 4400 2490 4516 τὴνιτοῦ
2521 4446 2770 4499 ἐνυπνίου
2799 4445 2920 4515 ὄψιν
2955 4443 3196 4516 άκριόὦς
3219 4443 3393 4512 αὐγάς
3418 4461 3582 4507 τινας
3615 4445 3676 4497 ἐκ

418 4500 600 4556 visum
630 4510 974 4576 ostenderat.
1009 4518 1146 4572 radii
1183 4523 1403 4590 quidam
1438 4527 1598 4584 olane
1620 4547 1686 4586 ex
1713 4533 1831 4602 ejus
1869 4539 1990 4606 pul-

419 4589 734 4652 chritudine
763 4599 983 4658 elucere
1014 4589 1348 4665 viderentur.

489 4679 712 4740 Interim
755 4684 885 4745 dum
917 4694 1034 4750 haec
1077 4701 1374 4770 agebamus
1412 4714 1466 4760 et
1513 4711 1785 4781 virginum
1821 4727 1986 4775 cantu

421 4768 906 4838 lamentationibus
949 4768 1239 4845 commisto
1286 4798 1580 4854 resonabat
1610 4802 1796 4870 locus,
1843 4807 1985 4863 fama

420 4865 613 4920 nescio
646 4875 922 4939 quomodo
955 4879 1197 4951 undique
1251 4885 1447 4942 diﬂusa
1471 4929 1486 4956 ,
1539 4907 1731 4951 mnnes
1770 4897 1989 4956 ﬁnitimi

421 4953 489 5009 ad
517 4955 683 5016 funus
714 4963 1118 5040 conﬂuxerunt,
1143 4975 1278 5032 adeo
1307 4989 1364 5034 ut
1385 4995 1782 5045 concurrentes
1819 4992 1990 5047 vesti-

421 5047 608 5103 bulum
645 5067 756 5109 non
800 5069 1039 5128 caperet.
1069 5063 1203 5120 Cum
1242 5068 1410 5138 igitur
1448 5085 1719 5133 nocturna
1749 5084 1988 5156 pervigi-

420 5139 572 5206 latio,
606 5153 666 5197 ut
689 5146 743 5200 in
777 5163 1075 5224 martyrum
1102 5161 1442 5231 celebritate,
1472 5171 1738 5227 canendis
1761 5175 1989 5243 psalmis

418 5230 664 5299 perfecta
686 5248 834 5293 esset
856 5248 911 5296 et
936 5251 1348 5319 crepusculum,
1376 5257 1766 5318 confluentium
1792 5267 1988 5324 vicinis

417 5335 448 5374 e
489 5323 624 5379 locis
668 5329 924 5389 omnibus
962 5337 1205 5395 virorum
1247 5355 1300 5399 et
1357 5349 1648 5406 mulierum
1694 5357 1988 5416 multitudo

417 5418 756 5483 psalmorum
797 5427 1238 5490 decantationem
1290 5438 1506 5497 ﬂetibus
1551 5444 1981 5519 interpellabat:

418 5523 521 5577 ego
573 5520 754 5569 autem
791 5523 1043 5587 quamvis
1097 5536 1326 5598 propter
1378 5533 1744 5593 calamitatem
1805 5544 1990 5600 animo

423 5618 602 5661 essem
634 5620 1042 5686 consternatus,
1078 5628 1258 5677 tamen
1285 5640 1353 5678 ex
1388 5627 1551 5686 rebus
1599 5636 1985 5704 praesentibus,

422 5701 604 5768 quoad
641 5702 757 5760 ﬁeri
802 5709 1006 5780 potuit,
1055 5729 1274 5784 operam
1310 5718 1470 5791 dedi,
1522 5734 1579 5780 ut
1602 5701 1748 5783 nihil
1805 5701 1989 5803 in.tali

2094 4534 2185 4588 τοῦ
2221 4535 2448 4599 κάλλους
2482 4534 2778 4606 ἐκλάμπειν
2809 4533 3004 4588 δοκεῖν.

2178 4711 2264 4776 Ὠς
2290 4713 2347 4766 δὲ
2377 4714 2543 4785 ἡμεῖς
2578 4716 2636 4767 ἐν
2665 4713 2874 4778 τούτοις
2902 4710 3043 4786 ἦμεν
3063 4753 3078 4778 ,
3116 4715 3208 4768 καὶ
3251 4715 3306 4766 αἱ
3355 4714 3673 4785 ψαλμῳδίαι

2092 4805 2198 4858 τῶν
2231 4806 2516 4880 παρθένων
2547 4809 2658 4872 τοῖς
2681 4807 2897 4878 θρήνοις
2925 4807 3341 4878 καταμιχθεῖσαι
3369 4811 3672 4880 περιήχουν

2091 4900 2181 4952 τὸν
2208 4901 2389 4967 τόπον,
2411 4903 2508 4954 οὑκ
2529 4896 2621 4953 οἷδ’
2643 4901 2790 4962 ὅπως
2816 4900 2874 4953 ἐν
2895 4898 3077 4969 κύκλῳ
3100 4899 3430 4970 πανταχόθεν
3454 4900 3670 4971 ἀθρόως

2091 4993 2189 5062 τῆς
2219 4993 2403 5063 φωνῆς
2436 4991 2778 5062 διαχυθείσης
2797 5030 2812 5054 ,
2845 4991 3044 5055 πάντες
3072 4993 3121 5043 οἱ
3150 4991 3557 5063 περιοικοῦντες
3579 4995 3670 5046 ἐπὶ

2092 5085 2182 5135 τὶν
2212 5083 2374 5137 τόπον
2402 5083 2704 5154 συνέρῤεον⁰
2732 5082 2807 5146 ὡς
2835 5081 3029 5153 μηκέτι
3067 5081 3128 5134 τὸ
3157 5082 3448 5153 προαύλιον
3482 5084 3668 5136 ἱκανὸν

2096 5169 2232 5226 εἶναι
2264 5177 2459 5244 χωρεῖν
2492 5177 2617 5237 τοὺς
2646 5174 3054 5245 συντρέχοντας.
3071 5174 3181 5245 Τῆς
3199 5170 3291 5227 οὖν
3320 5177 3664 5244 παννυχίδος,

2097 5267 2226 5337 περὶ
2276 5266 2444 5338 αὐτὴν
2478 5268 2534 5319 ἐν
2585 5265 2896 5336 ὑμνῳδίαις,
2927 5265 3176 5336 καθάπερ
3226 5265 3316 5318 ἐπὶ
3371 5267 3665 5338 μαρτύρων

2097 5359 2475 5430 πανηγύρεως,
2498 5358 2841 5429 τελεσθείσης
2860 5376 2873 5391 ·
2910 5357 3314 5438 ἐπειδὴρρθρος
3344 5358 3585 5427 ἐγένετο,
3607 5361 3664 5414 τὺ

2101 5452 2198 5522 μὲν
2228 5450 2429 5520 πλῆθος
2461 5450 2568 5503 τῶν
2598 5453 2662 5504 ἐκ
2689 5450 2870 5521 πάσης
2901 5450 3002 5521 τῆς
3033 5450 3354 5525 περιοικίδος
3392 5451 3660 5523 συρρυέν-

2089 5561 2195 5597 των
2252 5542 2460 5614 άνδρῶν
2498 5543 2591 5595 καὶ
2633 5542 2939 5610 γυναικῶν,
2980 5541 3298 5612 ἐπεθορύϐει
3337 5544 3462 5605 ταῖς
3494 5543 3660 5613 οἰμω-

2087 5639 2211 5706 γαῖς
2236 5635 2333 5706 τὴν
2363 5635 2677 5704 ψαλμῳδίαν
2699 5650 2714 5665 ⁶
2742 5635 2852 5702 ἐγὼ
2879 5634 2955 5698 δὲ,
2995 5636 3170 5687 καίτοι
3205 5634 3388 5739 κακῶς
3419 5635 3522 5740 τήν
3554 5635 3654 5740 diu.

2089 5729 2188 5802 χὴν
2233 5728 2336 5783 ὑπὸ
2382 5728 2477 5799 τῆς
2532 5730 2814 5800 συμφορᾶς
2853 5726 3206 5797 διακείμενος,
3253 5727 3402 5798 ὅμως
3448 5728 3515 5781 ὲκ
3551 5727 3670 5838 τῶνι
