3834 6434
154 304 266 363 993

1352 310 1440 365 DE
1491 309 1646 365 VITA
1694 311 1747 365 S.
1788 309 2145 369 ΜΔΟἩΙΝᾸΞ.

3304 314 3409 372 994

152 427 390 481 ἐνόντων
421 427 688 492 ἐπενόουν,
720 430 768 483 εί
797 428 1037 493 δυνατὸν,
1075 429 1240 500 μηδὲν
1265 430 1371 483 τῶν
1395 432 1488 484 ἐπὶ
1517 431 1727 501 τοιαύτγ

1845 432 2034 487 funere
2081 432 2490 487 desideraretur
2532 449 2545 487 :
2585 433 2771 502 itaque
2824 430 3188 487 conﬂuentem
3238 447 3409 505 popu-

155 520 356 590 κηδείᾳ
398 520 718 590 πρεπόντων
750 521 1209 591 παραλειφθῆναι.
1256 524 1414 576 Ἀλλά
1446 524 1740 594 διαστήσας

152 607 301 661 κατὰ
333 608 490 674 γένος
523 609 613 662 τὸν
663 611 959 682 συρρέοντα
995 612 1123 665 λαὸν
1146 652 1160 677 ,
1192 614 1286 667 καὶ
1325 614 1387 666 τὸ
1433 617 1491 668 ἐν
1529 615 1742 683 γυναιξὶ

150 699 366 771 πλῆθος
394 700 473 771 τῷ
514 701 623 754 τῶν
669 702 955 773 παρθένων
992 705 1402 775 συγκαταμίξας
1443 707 1609 777 χορῷ,
1651 708 1741 761 τὸν

146 791 211 845 δὲ
241 792 357 847 τῶν
390 792 598 863 ἀνδρῶν
628 792 801 863 δῆμον
832 794 910 865 τῷ
945 795 1054 847 τῶν
1092 795 1431 866 μοναζόντων
1464 797 1703 868 τάγματι
1723 814 1736 826 ·

151 885 290 954 μίαν
319 886 377 952 ἐξ
401 885 680 957 ἑκατέρων
703 885 978 957 εὔρυθμόν
1004 906 1061 941 τε
1094 888 1189 942 καὶ
1216 889 1552 961 ἐναρμόνιον,
1580 889 1742 943 καθά-

147 992 262 1045 περ
313 977 371 1029 ἐν
402 976 751 1047 χοροστασίᾳ,
796 977 896 1046 τὴν
941 977 1258 1049 ψαλμῳδίαν
1302 979 1555 1047 γενέσθαι
1604 998 1743 1051 παρ-

144 1068 450 1131 εσκεύασα,
480 1068 569 1121 διὰ
589 1069 687 1139 τῆς
714 1069 900 1139 κοινῆς
931 1071 1145 1124 πάντων
1170 1071 1431 1140 συνῳδίας
1460 1072 1741 1142 εὐκόσμως

144 1162 611 1231 συγκεκραμένην
637 1178 652 1192 ο
698 1161 773 1225 ὡς
810 1161 866 1214 δέ
898 1162 1089 1234 προῄει
1118 1164 1236 1215 κατ’
1266 1162 1445 1232 ὀλίγον
1477 1166 1509 1235 ὴ
1537 1164 1738 1235 ἡμέρα,

142 1250 247 1303 καὶ
272 1252 693 1322 ἐστενοχωρεῖτο
721 1254 826 1315 πᾶς
855 1254 883 1305 ό
904 1253 1003 1322 τῆς
1024 1256 1281 1324 ἐσχατιᾶς
1305 1255 1468 1319 τόπος
1499 1255 1575 1326 τῷ
1603 1256 1728 1328 πλή-

141 1340 234 1395 θει
258 1342 371 1395 τῶν
399 1344 794 1412 παραστάντων
812 1384 826 1408 ,
858 1346 887 1398 ὀ
913 1344 1022 1398 τῶν
1053 1345 1232 1399 τόπων
1263 1347 1487 1399 ἐκείνων
1516 1346 1605 1401 διὰ
1640 1348 1740 1418 τῆς

138 1432 461 1503 ἐπισκοπῆς
499 1434 778 1505 προεστὼς
811 1436 1093 1507 (Ἂράξιος
1140 1439 1309 1508 ὄνομα
1342 1437 1492 1510 αὐτῷ
1513 1455 1527 1468 ⁸
1558 1443 1740 1511 παρῆν

138 1525 261 1597 γὰρ
308 1526 403 1579 σὺν
438 1528 600 1579 παντὶ
637 1525 714 1597 τῷ
747 1529 847 1599 τῆς
878 1529 1174 1601 ἱερωσύνης
1206 1529 1565 1601 πληρώματι)
1596 1550 1739 1604 παρ-

138 1618 306 1687 άγειν
350 1618 531 1688 ἡρέμα
560 1619 858 1690 παρεκάλει
900 1620 962 1673 τὸ
1006 1623 1269 1693 σκήνωμα
1294 1638 1307 1651 ·
1347 1622 1425 1686 ὡς
1456 1624 1650 1677 πολλοῦ
1680 1642 1737 1677 τε

135 1707 302 1771 ὄντος
350 1707 443 1760 τοῦ
504 1709 707 1777 μεταξὺ
760 1709 1167 1781 διαστήματος,
1212 1711 1308 1764 καὶ
1353 1711 1449 1764 τοῦ
1495 1713 1737 1784 πλήθους

1842 521 1954 575 lum
1988 522 2043 575 in
2074 538 2273 592 genera
2307 523 2644 578 distribuens
2665 564 2679 587 ,
2727 522 3132 593 mulierumque
3162 523 3395 578 multitu-

1840 611 2023 665 dinem
2049 612 2366 667 admiscens
2402 613 2679 685 virginum
2718 614 2910 680 choro,
2960 617 3203 669 virorum
3231 621 3393 669 auten

1840 704 2060 758 turbam
2143 704 2431 762 ascribens
2502 706 2905 760 monachorum
2971 706 3183 770 cmtui,
3243 722 3391 761 unuu

1841 794 2131 864 quemdam
2156 809 2221 851 ex
2250 795 2501 864 utrisque
2528 795 2712 850 studui
2741 804 2925 867 aptum
2948 797 3400 866 eoncinnumque.

1841 894 2104 955 tauquam
2140 886 2193 938 in
2227 886 2469 956 psalmos
2504 887 2818 941 canentium
2852 900 3175 960 congressu,
3206 903 3236 943 e
3262 902 3383 942 com

1842 978 1997 1030 muni
2037 978 2280 1032 omnium
2313 985 2585 1034 concentu
2616 987 2739 1049 apte
2774 978 3132 1047 conjunctum
3162 980 3389 1035 ordinen

1841 1069 2152 1124 instituere.
2220 1069 2425 1123 Verum
2487 1084 2612 1124 cum
2671 1072 2932 1141 paulatim
2994 1070 3397 1141 progrederetut

1841 1160 1979 1223 dies,
2024 1170 2077 1215 et
2108 1162 2262 1215 locus
2296 1176 2406 1230 prae
2431 1160 2825 1217 conﬂuentium
2860 1162 3209 1217 multitudine
3242 1177 3395 1233 augu'

1842 1260 1961 1305 stus
2008 1252 2370 1318 redderetur,
2424 1252 2519 1322 qui
2573 1253 2623 1307 ei
2688 1253 2897 1322 regioni
2954 1252 3247 1323 praefectus
3292 1262 3399 1308 'era:

1838 1344 2153 1413 cpiscopus,
2177 1345 2414 1399 Araxius
2469 1345 2692 1399 nomine
2720 1343 2945 1413 (aderat
2970 1347 3112 1398 enim
3140 1359 3262 1398 eum
3291 1345 3399 1398 uni-

1839 1449 1997 1489 versa
2031 1435 2381 1491 multitudine
2406 1435 2756 1490 sacerdotum
2779 1435 2797 1498 )
2825 1478 2839 1501 ,
2874 1436 3135 1506 praaeepit
3159 1474 3172 1498 ,
3200 1444 3258 1490 ut
3285 1451 3413 1490 sen-

1840 1524 1941 1578 sim
1965 1525 2297 1594 praecederet
2323 1527 2763 1582 tabernaculum.
2789 1526 2923 1580 Nam
2946 1535 3001 1582 et
3027 1528 3162 1581 satis
3190 1528 3411 1597 longum

1837 1617 1940 1670 via:
1970 1618 2316 1673 intervallum
2362 1619 2780 1683 intercedebat,
2840 1628 2894 1673 et
2948 1618 3243 1673 multitudo
3280 1619 3412 1672 alio-

1837 1710 1973 1777 quin
2002 1709 2071 1763 ob
2106 1717 2314 1764 motum
2349 1710 2719 1765 incitatiorem
2770 1709 3218 1781 impedimentum
3266 1718 3411 1764 attu-

138 1800 289 1869 πρὸς
316 1800 416 1869 τὴν
438 1798 701 1871 ὀξυτέραν
728 1800 940 1869 κίνησιν
965 1802 1216 1871 ἐμποδὼν
1234 1804 1615 1874 γενησομένου·
1639 1806 1727 1857 καὶ

1836 1801 2010 1857 lisset.
2042 1801 2245 1857 Deinde
2266 1818 2479 1867 omnes,
2506 1819 2645 1875 quos
2680 1804 2736 1857 in
2767 1818 2995 1859 munere
3019 1818 3121 1858 suo
3156 1804 3411 1859 obeundo

136 1892 265 1959 ἅμα
300 1890 471 1944 ταῦτα
506 1890 677 1961 λέγων
705 1894 1097 1965 προσεκαλεῖτο
1128 1894 1333 1958 πάντας
1366 1897 1490 1959 τούς
1527 1898 1625 1966 τῆς
1656 1898 1730 1949 ἱε-

139 1980 397 2053 ρωσύνης
446 1983 594 2054 αὐτῷ
649 1984 1114 2055 συμμετέχοντας,
1164 1987 1238 2051 ὡς
1281 1987 1348 2041 ἂν
1391 1987 1456 2040 δι’
1507 1990 1730 2042 ἐκείνων

134 2072 438 2141 κομισθείη
471 2071 533 2123 τὸ
566 2072 745 2141 σῶμα.

228 2164 383 2216 Ἐπεὶ
403 2164 458 2217 δὲ
477 2164 638 2218 τοῦτο
661 2166 927 2232 ἐδέδοκτο,
950 2168 1046 2222 καὶ
1072 2169 1129 2221 ἐν
1147 2169 1331 2239 χερσὶν
1352 2164 1472 2241 ἦνή
1504 2171 1726 2243 σπουδή’

110 2234 358 2319 εὑποϐάς
385 2258 485 2327 τὴν
518 2258 706 2329 κλίνην
726 2258 852 2328 -ἐγὼ
872 2301 886 2323 ,
918 2234 1179 2315 κάκεῖνον.
1198 2234 1290 2315 ἐπὶ
1324 2234 1387 2316 τό
1412 2234 1597 2333 ἕτερον
1638 2234 1730 2334 μέ-

135 2365 239 2418 ρος
267 2347 783 2419 προσκαλεσάμενος
798 2367 814 2381 ο
838 2350 1013 2405 ἄλλων
1036 2368 1097 2404 τε
1120 2351 1212 2404 δύο
1236 2352 1342 2405 τῶν
1362 2353 1418 2405 ἐν
1443 2353 1520 2423 τῷ
1542 2353 1730 2424 κλήρῳ

130 2440 539 2511 τετιμημένων,
586 2442 647 2494 τὸ
688 2442 932 2497 ὀπίσθιΟν
974 2443 1074 2514 τῆς
1106 2443 1295 2513 κλίνης
1326 2445 1491 2515 μέρος
1530 2446 1730 2498 ὑπολα-

131 2531 365 2595 ϐόντων,
402 2532 521 2602 ᾔειν
552 2531 646 2585 τοῦ
691 2533 878 2603 πρόσω
920 2534 1195 2604 ἐχόμενος,
1234 2534 1419 2606 βάδην,
1454 2536 1529 2600 ὡς
1560 2538 1727 2601 εἰκὸς,

134 2626 235 2679 καὶ
268 2626 390 2677 κατ’
421 2624 601 2693 ὀλίγον
642 2627 775 2696 ἡμῖν
818 2626 1108 2698 γινομένης
1155 2628 1256 2697 τῆς
1297 2629 1584 2699 κινήσεως.
1620 2630 1727 2683 Τοῦ

131 2715 249 2785 γὰρ
278 2714 409 2767 λαοῦ
442 2717 569 2785 περὶ
604 2712 701 2787 τὴν
740 2716 926 2787 κλίνην
957 2720 1421 2789 πεπυκνωμένου,
1472 2722 1564 2774 καὶ
1598 2724 1727 2776 πάν-

130 2814 247 2858 των
279 2804 571 2875 ἀπλήστως
603 2805 833 2875 ἐχόντων
863 2804 958 2857 τοῦ
1000 2806 1147 2876 ἱεροῦ
1179 2806 1387 2859 ἐκείνου
1419 2806 1689 2878 θεάματος
1708 2848 1725 2874 ,

130 2896 239 2948 οὐκ
264 2890 332 2965 ἦν
358 2896 416 2949 ἐν
435 2895 655 2967 εὐκολίᾳ
687 2895 783 2967 τὴν
813 2897 1036 2968 πορείαν
1060 2899 1193 2968 ἡμῖν
1228 2897 1561 2953 διανύεσθαι·
1602 2920 1728 2971 προ⁴

128 2988 397 3058 ηγείτοδέ
417 2989 538 3041 καθ’
560 2988 818 3060 ἑκάτερον
850 2988 1016 3059 μέρος
1041 2990 1302 3043 διακόνων
1321 3007 1379 3043 τε
1396 2992 1488 3043 καὶ
1516 2992 1725 3063 ὑπηρε-

129 3079 248 3132 τῶν
304 3079 406 3133 οὐκ
438 3080 619 3148 ὀλίγον
674 3080 900 3152 πλῆθος,
932 3083 1209 3153 στοιχηδὸν
1236 3083 1331 3136 τοῦ
1368 3082 1726 3156 σκηνώματος

1832 1893 2120 1947 ministros
2152 1894 2387 1949 habebat
2427 1903 2481 1950 et
2530 1896 2849 1964 adjutores,
2890 1907 2949 1951 ut
2987 1912 3084 1952 sua
3115 1898 3408 1967 praesentia

1833 1999 2035 2040 cornus
2061 1984 2409 2052 deeorarent,
2436 1987 2763 2042 cohortatus
2794 1996 2895 2043 est.

1901 2161 2036 2217 Cum
2065 2169 2246 2217 autem
2284 2162 2399 2219 haec
2432 2164 2507 2217 ita
2543 2164 2846 2219 constituta
2881 2164 3130 2220 studiose
3158 2181 3410 2235 gereren-

1832 2257 1943 2315 tur,
1975 2266 2076 2321 ego
2106 2252 2364 2307 feretrum
2398 2252 2626 2308 subiens
2660 2253 2814 2307 illum
2864 2254 3147 2319 advocavi,
3184 2264 3244 2308 ιιι
3282 2256 3413 2310 alte-

1831 2360 1946 2398 ram
1961 2353 2169 2415 partem
2200 2346 2530 2402 sustineret:
2563 2346 2901 2415 posteriores
2929 2361 3059 2401 vero
3089 2346 3412 2419 feretripar~

1831 2446 1915 2492 tes
1944 2436 2234 2491 subierunt
2263 2436 2353 2491 alii
2382 2436 2491 2491 duo
2508 2437 2575 2491 de
2603 2436 2754 2492 clero
2784 2437 3028 2507 insignes
3046 2438 3177 2493 viri:
3204 2440 3409 2494 sensim

1829 2530 1999 2601 igitur
2038 2531 2461 2601 procedebatur,
2491 2544 2616 2583 cum
2650 2538 2705 2585 et
2738 2530 2832 2599 qui
2868 2530 3137 2600 praeibam
3164 2531 3411 2600 pedeten-

1832 2624 1928 2676 tim
1963 2622 2299 2687 incederent,
2331 2632 2384 2677 et
2413 2637 2517 2677 nos
2555 2622 2687 2676 item
2717 2621 2989 2689 gradatim
3030 2636 3408 2691 sequeremur.

1830 2714 2043 2768 Etenim
2102 2730 2227 2768 cum
2264 2714 2522 2784 frequens
2554 2714 2797 2784 populus
2836 2712 3103 2768 feretrum
3170 2714 3407 2767 circum-

1830 2813 2023 2867 staret,
2055 2820 2156 2859 nec
2186 2814 2294 2859 tam
2327 2804 2567 2859 mirabili
2601 2814 2657 2858 et
2689 2820 2851 2859 sacro
2875 2805 3195 2875 spectaculo
3220 2812 3409 2877 posset

1829 2898 2060 2967 expleri,
2086 2913 2198 2953 non
2232 2904 2352 2952 erat
2382 2896 2545 2952 facile
2573 2897 2734 2952 nobis
2774 2898 2877 2953 iter
2904 2896 3109 2961 facere,
3139 2912 3205 2952 ex
3256 2906 3410 2951 utra-

1828 3006 1935 3060 que
1975 2998 2155 3044 autem
2182 2998 2336 3059 parte
2366 2990 2713 3059 przecedebat
2738 3006 2848 3045 non
2888 2990 3121 3060 exiguus
3143 2989 3408 3044 diacono-

1826 3096 1950 3135 rum
1993 3081 2481 3150 ministrorumque
2512 3095 2798 3145 numerus,
2838 3080 2932 3151 qui
2970 3095 3164 3136 omnes
3214 3081 3409 3136 ordine

127 3172 554 3243 προπομπεῖων,
588 3172 687 3237 τὰς
725 3174 790 3227 ἐκ
820 3174 992 3245 κηροῦ
1025 3174 1311 3247 λαμπάδας
1340 3176 1557 3247 ἔχοντες
1591 3178 1725 3231 πάν-

1827 3172 2259 3244 progredientes,
2290 3187 2555 3229 accensos
2584 3188 2776 3230 cereos
2807 3174 3064 3229 manibus
3096 3174 3405 3245 gestabant.

125 3280 258 3327 τες·
283 3265 379 3317 καὶ
408 3260 476 3336 ἦν
512 3280 599 3328 τις
638 3268 876 3337 μυστικὴ
926 3268 1122 3339 πομπὴ
1154 3268 1213 3321 τὸ
1256 3270 1560 3339 γινόμενον,
1596 3273 1725 3342 ὀμο-

125 3354 331 3421 φὼνως
356 3356 457 3426 τῆς
486 3356 806 3428 ψαλμῳδίας
832 3358 928 3411 ἀπ’
958 3358 1144 3428 ἄκρων
1173 3359 1266 3411 ἐπὶ
1294 3359 1574 3429 ἐσχάτους,
1597 3360 1723 3415 καθ-

124 3446 279 3517 άπερ
308 3446 367 3498 ἐν
407 3449 472 3517 τῇ
500 3448 609 3500 τῶν
652 3448 819 3519 τριῶν
845 3448 1052 3502 παίδων
1083 3449 1347 3522 ὐμνῳδίᾳ,
1379 3450 1721 3522 μελῳδουμέ-

121 3556 253 3609 νης.
294 3539 468 3592 Ἐπτὰ
504 3539 560 3592 δὲ
591 3540 781 3607 ὄντων,
817 3540 850 3611 ἢ
883 3539 1027 3594 ὀκτὼ
1052 3541 1157 3595 τῶν
1188 3543 1246 3594 ἐν
1294 3542 1445 3613 μέσῳ
1494 3542 1718 3596 σταδίων

120 3632 245 3686 ἀπὸ
276 3632 375 3703 τῆς
406 3634 665 3703 ἐσχατιάς
692 3633 785 3686 ἐπὶ
822 3632 915 3687 τὸν
952 3632 1060 3686 τῶν
1090 3634 1261 3703 ἁγίων
1298 3636 1608 3707 Μαρτύρων
1639 3634 1718 3691 οἷ-

118 3717 253 3788 ἆιον,
285 3726 345 3779 ἐν
371 3720 417 3792 ᾧ
451 3724 549 3777 καὶ
589 3725 658 3779 τὰ
695 3725 803 3778 τῶν
834 3725 1035 3793 γονέων
1060 3727 1321 3780 ἀπέκειτο
1350 3728 1597 3798 σώματα·
1632 3729 1719 3783 διὰ

116 3817 316 3886 τλάσης
339 3816 524 3888 σχεδὸν
548 3818 649 3888 τῆς
675 3816 893 3889 ἡμέρας
926 3817 1080 3889 μόλις
1102 3820 1199 3891 τὴν
1224 3820 1339 3873 ὁδὸν
1361 3821 1715 3892 διηνύσαμεν.

116 3908 203 3963 Οὐ
242 3909 349 3981 γάρ
382 3910 467 3963 εἴα
510 3910 571 3963 τὸ
616 3909 849 3982 πλῆθος,
886 3912 945 3965 τό
990 3929 1050 3964 τε
1090 3890 1478 3984 συνερχόμενον
1519 3890 1613 3968 καί
1656 3916 1716 3968 τὸ

116 4003 216 4056 ἀεὶ
260 4003 707 4075 προσγινόμενον,
749 4001 892 4057 κατὰ
919 4002 1144 4074 γνώμην
1177 4005 1275 4075 τὴν
1310 4005 1535 4074 πρόοδον
1568 4006 1717 4073 γενέ-

117 4095 275 4149 σθαι.
319 4094 537 4165 Ἐπειδὴ
574 4092 666 4149 οὖν
694 4096 845 4159 ἐντὸς
872 4096 966 4149 τοῦ
994 4094 1145 4149 οἴκου
1180 4097 1542 4168 κατέστημεν,
1574 4101 1711 4152 ἁπο-

114 4187 346 4258 Θέμενοι
391 4186 489 4258 τὴν
535 4187 742 4257 κλίνην,
777 4187 845 4241 τὰ
889 4187 1083 4259 πρῶτα
1116 4190 1195 4252 είς
1229 4189 1535 4261 προσευχὴν
1568 4192 1714 4261 ἐτρε-

111 4279 362 4350 πόμεθα·
391 4279 424 4349 ἡ
452 4280 509 4332 δὲ
537 4279 689 4349 εὐχὴ,
722 4278 934 4351 θρήνων
968 4274 1178 4347 γίνεται
1215 4280 1438 4350 ἀφορμὴ
1469 4279 1547 4350 τῷ
1570 4282 1706 4352 λαῷ.

110 4373 238 4442 Τῆς
293 4372 403 4443 γὰρ
456 4372 773 4443 ψαλμῳδίας
827 4373 1348 4443 κατασιγασθείσης·
1409 4375 1594 4447 ἐπειδὴ
1650 4377 1709 4431 τὸ

112 4464 269 4534 ἱερὸν
313 4464 491 4516 ἐκεῖνο
543 4461 833 4535 πρόσωπον
880 4465 937 4517 αἱ
988 4464 1245 4535 παρθένοι
1298 4466 1703 4536 προσέϐλεψαν·

109 4557 213 4610 καὶ
250 4557 284 4625 ἠ
317 4554 473 4625 σορὸς
503 4555 605 4625 ἤδη
630 4555 739 4607 τῶν
772 4556 973 4623 γονέων
1004 4554 1439 4619 ἁπεκαλύπτετο,
1467 4558 1524 4611 ἐν
1610 4576 1707 4611 κα-

108 4645 381 4699 ταθέσθαι
420 4644 742 4716 δεδογμένον
771 4641 860 4715 ἦν’
899 4646 1027 4716 μιᾶς
1057 4662 1200 4709 τινος
1238 4646 1487 4711 ἀτάκτως
1510 4648 1705 4720 βοησά-

111 4755 217 4807 σης
245 4779 259 4801 ,
289 4738 371 4789 ὅτι
420 4736 601 4789 οὐκέτι
649 4737 788 4807 μετὰ
817 4738 917 4807 τὴν
949 4736 1095 4808 ὥραν
1124 4738 1328 4810 ταύτην
1375 4741 1435 4793 τὸ
1475 4741 1704 4808 θεοειδές

106 4831 275 4884 τοῦτο
322 4829 734 4901 προσϐλέψομεν
783 4829 1095 4899 πρόσωπον·
1143 4830 1218 4893 ὡς
1271 4832 1364 4885 καὶ
1411 4834 1469 4886 αί
1516 4833 1703 4890 λοιπαὶ

106 4923 381 4994 παρθένοι
422 4922 484 4973 τὸ
534 4922 648 4975 ἴσον
697 4921 815 4991 μετ’
862 4921 1033 4991 αὐτῆς
1082 4920 1397 4994 ἐξεϐόησαν,
1442 4924 1704 4994 σύγχυσις

103 5018 351 5077 ἄτακτος
379 5012 477 5084 τὴν
516 5012 775 5069 εὔτακτον
819 5012 1033 5084 ἐκείνην
1057 5015 1151 5068 καὶ
1193 5016 1489 5089 ἱεροπρεπῆ
1520 5018 1701 5089 ψαλμ-

101 5107 278 5179 ῳδίαν
316 5104 525 5175 διέχεε,
573 5104 790 5158 πάντων
840 5104 977 5175 πρὸς
1029 5106 1127 5176 τὴν
1162 5107 1271 5159 τῶν
1316 5108 1596 5179 παρθένων
1622 5112 1699 5163 ol-

105 5199 309 5271 μωγὴν
340 5195 797 5252 ἐπικλασθέντων.
819 5197 999 5265 Μὸγις
1019 5198 1074 5250 δέ
1107 5216 1234 5251 ποτε
1258 5201 1413 5270 ἡμῶν
1440 5202 1537 5272 τὴν
1572 5220 1695 5255 σιω-

101 5293 219 5363 πὴν
251 5288 628 5351 διανευόντων,
660 5289 755 5343 καὶ
788 5288 883 5341 τοῦ
914 5291 1153 5362 κήρυκος
1188 5292 1352 5363 εὐχὴν
1383 5294 1695 5365 ὑφηγουμέ-

99 5404 223 5447 νου,
259 5386 355 5437 καὶ
387 5384 485 5447 τὰς
518 5383 767 5455 συνήθεις
799 5384 1101 5448 ἐκϐοῶντος
1124 5388 1188 5457 τῇ
1246 5388 1542 5461 Ἐκκλησία
1585 5408 1695 5459 φω-

98 5479 225 5541 νὰς,
260 5474 495 5546 κατέστη
530 5476 665 5544 πρὸς
692 5476 753 5529 τὸ
784 5477 968 5547 σχῆμα
996 5477 1093 5549 τῆς
1125 5479 1287 5550 εὐχῆς
1318 5481 1345 5532 ό
1380 5481 1523 5546 λαός.

214 5764 239 5799 ⁸
267 5763 400 5820 Dan.
451 5780 533 5819 ιιι.

1825 3266 1957 3332 Qua:
1985 3266 2208 3335 quidem
2243 3280 2443 3337 pompa
2466 3282 2577 3321 non
2602 3266 2825 3320 carebat
2863 3268 3145 3337 mysterio,
3201 3281 3328 3321 cum
3374 3282 3403 3321 a

1825 3358 2098 3428 principio
2154 3357 2220 3411 ad
2256 3358 2417 3412 linem
2482 3374 2658 3429 usque
2696 3360 3010 3414 decantatio
3070 3358 3403 3428 psalmorum

1823 3444 2008 3500 eadem
2038 3461 2171 3500 voce
2203 3446 2270 3500 tri
2284 3446 2527 3517 plicique
2552 3448 2871 3503 canentium
2896 3447 3113 3507 ordine.
3148 3449 3293 3503 sicut
3312 3449 3404 3505 ille

1822 3540 1985 3592 trium
2016 3554 2310 3609 puerorum
2350 3547 2546 3595 cantus
2570 3541 2614 3605 ⁸,
2649 3539 3048 3596 absolveretur.
3077 3542 3255 3596 Porro
3277 3556 3404 3598 cum

1822 3632 1966 3687 inter
1988 3646 2271 3688 secessum
2298 3639 2353 3688 et
2410 3641 2728 3688 sanctorum
2765 3640 3069 3704 martyrum
3098 3634 3291 3702 azdem,
3346 3635 3404 3690 in

1818 3739 1926 3795 qua
1960 3732 2251 3795 parentum
2293 3722 2459 3780 etiam
2490 3738 2725 3794 corpora
2767 3724 3153 3795 quiescebant,
3193 3732 3402 3797 septem

1818 3825 2056 3886 octoquc
2085 3815 2489 3871 intercederent
2532 3815 2729 3879 stadia,
2761 3822 2934 3869 totum
2971 3830 3141 3885 prope
3174 3816 3320 3871 diem
3345 3817 3402 3871 in

1816 3924 1882 3964 eo
1914 3909 2095 3979 spatio
2130 3907 2473 3963 conﬁciendo
2509 3906 2990 3976 consumpsimus;
3045 3909 3404 3979 congredien-

1816 4003 1950 4056 tium
1976 4001 2122 4056 enim
2157 3998 2453 4055 multitudo
2480 4014 2602 4070 quae
2629 3998 2853 4055 assidue
2870 3998 3046 4069 magis
3076 3999 3399 4068 augebatur,

1815 4108 1925 4147 non
1968 4091 2180 4147 sinebat
2212 4105 2310 4145 nos
2365 4105 2431 4145 ex
2480 4090 2754 4146 sententia
2805 4090 3086 4161 progredi.
3143 4089 3253 4146 Sed
3304 4092 3398 4146 ubi

1813 4186 1956 4239 intra
1992 4183 2138 4238 fores
2195 4182 2382 4252 templi
2412 4182 2788 4245 constitimus,
2851 4181 3093 4245 demum,
3145 4180 3397 4253 deposito

1815 4274 2040 4337 feretro,
2109 4287 2211 4327 nos
2257 4272 2325 4327 ad
2393 4272 2766 4343 precationem
2818 4274 3235 4332 convertimus:
3274 4290 3397 4345 qua:

1812 4365 2033 4434 quidem
2070 4364 2315 4435 precatio
2352 4364 2557 4434 populo
2592 4364 2774 4419 luctus
2808 4365 3095 4419 materiam
3141 4366 3391 4437 praebuit.

1814 4451 2044 4506 Silentio
2082 4452 2227 4505 enim
2255 4452 2482 4522 psalmis
2523 4451 2789 4508 canendis
2826 4453 3103 4523 imposito,
3134 4470 3257 4511 cum
3300 4473 3392 4513 sa-

1814 4559 1963 4597 cram
2014 4545 2159 4597 illam
2193 4544 2423 4615 virginis
2493 4544 2687 4600 faciem
2722 4548 3085 4616 aspexissent,
3117 4558 3171 4605 et
3195 4565 3394 4620 paren-

1813 4644 1928 4691 tum
1955 4638 2067 4706 jam
2100 4644 2247 4692 esset
2286 4636 2593 4706 patefactus
2621 4639 2888 4704 tumulus,
2918 4641 2970 4694 in
3036 4658 3197 4712 quem
3241 4644 3389 4698 illam

1811 4728 2231 4784 decreveramus
2270 4730 2493 4792 inferre,
2528 4745 2745 4799 unaque
2773 4747 2963 4787 earum
2995 4750 3097 4792 nos
3122 4743 3245 4806 post
3266 4752 3387 4791 eam

1812 4822 2002 4876 horam
2028 4822 2274 4876 divinum
2321 4822 2454 4876 illud
2489 4834 2653 4893 caput
2694 4840 2803 4880 non
2837 4827 3078 4897 amplius
3126 4837 3389 4897 spectatu-

1811 4931 1904 4970 ros
1943 4917 2313 4985 perturbatins
2351 4918 2714 4983 exclamante,
2762 4928 2817 4975 et
2847 4922 3080 4991 reliquis
3127 4922 3385 4991 deinceps

1809 5007 2113 5076 virginibus
2144 5009 2333 5065 eadem
2362 5011 2753 5069 vociferatione
2782 5014 3259 5085 subsequentibus,
3300 5017 3385 5070 in-

1807 5099 2024 5152 condita
2061 5101 2306 5169 quaedam
2338 5102 2614 5169 confusio,
2642 5116 2791 5161 recte
2820 5108 3176 5163 constitutum
3207 5117 3260 5164 et
3291 5124 3381 5163 sa-

1804 5206 1958 5245 crum
2010 5192 2163 5247 illum
2190 5193 2522 5261 psalmorum
2549 5208 2770 5251 cantum
2801 5209 2885 5254 est
2906 5207 3199 5253 consecuta
3221 5218 3233 5254 :
3255 5214 3379 5254 nam

1801 5284 2070 5355 virginum
2106 5284 2256 5337 luctu
2289 5284 2447 5340 fracti
2482 5291 2726 5343 omnium
2766 5291 2933 5345 animi
2962 5291 3379 5347 commoveban-

1804 5386 1913 5431 tur.
1952 5376 2141 5447 ltaque
2170 5377 2329 5433 nobis
2382 5388 2517 5433 nutu
2569 5380 2846 5436 silentium
2901 5383 3293 5452 imperantibus
3323 5391 3379 5438 et

1802 5485 2053 5541 praecone
2084 5477 2362 5541 praeeunte
2390 5483 2443 5526 et
2479 5473 2671 5528 solitas
2705 5472 2965 5529 Ecclesia:
3008 5490 3173 5529 voces
3206 5474 3379 5529 incla-

1802 5572 2007 5626 mante,
2038 5564 2127 5618 vix
2162 5564 2381 5620 tandem
2409 5566 2643 5635 populus
2675 5581 2732 5623 se
2762 5567 2828 5623 ad
2868 5566 3205 5639 precandum
3234 5580 3378 5625 como

1802 5667 1998 5727 posuit.
