3834 6406
481 238 590 296 995

549 347 818 404 Caeterum
856 345 1243 404 convenienter
1279 345 1438 402 facto
1485 344 1747 416 precandi
1797 345 1903 400 fine
1959 358 2048 398 me
2073 347 2124 405 Α

481 439 650 493 timor
691 439 916 508 quidam
971 435 1176 492 invasit
1235 437 1676 494 considerantem
1716 444 2050 506 praeceptum

481 531 638 596 illud,
673 547 782 600 quo
816 529 1174 600 prohibemur
1207 529 1378 599 patris
1407 539 1502 584 aut
1531 529 1722 582 matris
1759 525 2052 596 turpitudi-

479 637 604 677 nem
635 622 849 692 aperire
879 621 900 652 '
927 640 940 674 :
979 619 1077 674 «Et
1103 620 1398 691 quomodo,
1439 620 1804 692 inquam,lioc
1831 634 1932 688 ego
1961 618 2051 688 ju-

481 713 683 768 dicium
713 712 987 783 effugiam,
1023 713 1070 768 si
1097 714 1154 768 in
1183 720 1472 782 parentum
1502 709 1828 780 corporibus
1865 707 2054 764 videro

481 820 828 860 communem
881 803 1133 858 humana
1193 813 1402 858 natura:
1459 801 1875 874 turpitudinem,
1928 815 2052 854 cum

479 894 780 948 verisimile
810 892 882 950 sit
908 909 970 948 ea
1001 893 1243 962 collapsa
1291 893 1678 962 dissolutaque
1709 890 1778 946 ad
1833 898 2052 960 turpem

482 993 536 1038 et
565 983 898 1038 inconditam
921 983 1240 1054 pervenisse
1281 983 1710 1039 deformitatem.
1741 1001 1761 1034 ι
1809 981 1936 1037 Ηιῑιο
1959 997 2056 1036 au-

483 1085 590 1132 tem
627 1077 760 1130 inihi
813 1076 1080 1147 cogitanti
1143 1075 1490 1132 formidinem
1542 1075 1700 1130 auxit
1749 1074 2054 1144 indignatio

489 1167 603 1224 Noe
628 1169 684 1234 ",
721 1167 886 1238 cujus
953 1167 1186 1223 historia
1242 1182 1326 1224 me
1355 1168 1485 1239 quid
1525 1165 1672 1222 facto
1717 1182 1856 1238 opus
1909 1177 2056 1222 esset

483 1262 790 1316 admonuit.

553 1353 880 1424 Priusquam
908 1353 1076 1424 igitur
1119 1367 1350 1425 corpora
1407 1351 1614 1408 nostris
1666 1351 1844 1406 oculis
1869 1356 2056 1406 essent

481 1447 754 1516 exposita,
817 1461 952 1518 pura
1007 1447 1236 1502 sindone
1315 1453 1506 1516 operta
1563 1451 1734 1500 sunt:
1771 1457 1896 1497 nam
1927 1457 2054 1496 cum

482 1541 806 1610 operculum
885 1545 1033 1594 esset
1119 1537 1398 1594 sublatum
1464 1553 1528 1592 ev
1601 1547 1832 1605 utraque
1901 1541 2056 1604 parte

485 1645 704 1685 summa
721 1669 738 1696 ,

481 1722 749 1778 contectis
816 1730 1104 1794 parentum
1179 1721 1532 1792 corporibus,

482 1815 572 1871 nis
626 1815 919 1885 episcopus
977 1814 1087 1878 ille,
1112 1812 1276 1882 cujus
1318 1814 1650 1868 mentionem
1682 1809 1806 1876 feci,
1856 1823 2056 1878 corpus

479 1922 514 1963 e
541 1907 740 1962 feretro
762 1907 1014 1962 tollentes
1041 1907 1198 1976 juxta
1227 1918 1456 1962 matrem
1490 1903 1866 1976 apposuimus,
1891 1911 2056 1972 atque

481 1999 558 2054 ita
591 2005 776 2054 votum
813 1999 1099 2068 utriusque
1127 1999 1564 2068 complevimus:
1599 2011 1708 2050 uno
1730 1995 1880 2050 enim
1931 2009 2056 2048 con-

481 2105 648 2146 sensu
683 2105 900 2160 semper
923 2097 1218 2144 oraverant
1237 2088 1430 2154 Deum,
1479 2098 1537 2141 ut
1563 2085 1890 2156 corporibus
1933 2093 2058 2154 post

483 2189 718 2236 mortem
747 2181 1165 2250 copularentur,
1195 2187 1258 2234 ut
1309 2195 1432 2251 quae
1485 2180 1628 2232 inter
1665 2177 1814 2248 ipsas
1878 2174 2058 2230 fuerat

481 2272 608 2326 vitae
631 2272 967 2343 conjunctio,
997 2287 1066 2328 ne
1121 2272 1180 2328 in
1223 2271 1344 2343 ipsa
1365 2270 1585 2341 quidem
1657 2275 1836 2323 morte
1860 2265 2058 2322 dissol-

481 2373 724 2418 veretur.

553 2453 692 2509 Cum
721 2461 904 2510 autem
933 2453 1100 2526 justis
1127 2452 1372 2526 legitime
1411 2451 1648 2522 peractis
1693 2447 2060 2504 recedendum

481 2555 656 2610 esset,
691 2553 1005 2618 prostratus
1063 2545 1130 2602 ad
1181 2547 1452 2600 tumulum
1479 2551 1536 2599 et
1569 2543 1851 2614 pulverem
1895 2555 2062 2596 oscu-

487 2640 658 2703 iatus,
723 2639 905 2696 tristis
934 2650 990 2698 et
1041 2641 1352 2711 lacrymaus
1387 2637 1759 2702 discedebam,
1814 2637 2063 2706 cogitans

483 2739 690 2802 quanto
724 2731 869 2788 bono
904 2733 1020 2788 vita
1049 2742 1200 2788 esset
1231 2732 1444 2786 orbata.
1477 2727 1612 2784 Cum
1644 2729 1776 2783 mihi
1831 2729 1884 2782 in
1939 2729 2060 2796 ipso

483 2827 684 2884 itinere
709 2825 794 2878 vir
827 2824 1052 2896 quidam
1091 2823 1324 2878 illustris
1375 2825 1430 2874 in
1461 2837 1522 2875 re
1573 2820 1821 2884 militari,
1872 2822 1966 2888 qui
2003 2819 2056 2872 in

483 2921 710 2976 civitate
735 2919 921 2984 Ponti,
949 2917 1038 2972 cui
1077 2931 1276 2970 nomen
1323 2913 1604 2984 Augustae,
1637 2911 1747 2965 dux
1783 2911 2062 2968 exercitus

482 3021 628 3078 erat,
663 3013 850 3066 audita
907 3011 1241 3072 calamitaet,
1279 3015 1445 3077 atque
1467 3021 1611 3076 aegre
1672 3003 1876 3068 ferens,
1933 3017 2058 3058 cum
2090 3030 2132 3087 ο

484 3103 728 3162 subditis
766 3101 1079 3156 humaniter
1130 3097 1350 3152 obviam
1407 3093 1696 3166 processit.
1749 3092 1880 3146 Erat
1916 3092 2062 3147 enim

830 1629 1060 1684 linteum
1139 1629 1402 1698 injectum
1481 1637 1564 1684 est
1623 1647 1638 1683 :
1689 1642 1799 1698 quo
1889 1626 2056 1680 linteo

1627 1691 1728 1792 ego
1779 1725 1834 1772 et
1875 1717 2057 1788 regio-
2087 1691 2130 1746 Β

485 3197 651 3254 nobis
676 3203 730 3250 et
779 3191 1066 3264 sanguinis
1095 3200 1150 3246 et
1176 3189 1432 3244 amicitiae
1465 3187 1872 3244 necessitudine
1933 3201 2070 3240 con-
2103 3257 2110 3264 _

483 3287 709 3356 junctus
730 3304 742 3339 :
763 3286 850 3338 hic
881 3282 1012 3336 mihi
1047 3281 1114 3336 de
1147 3281 1265 3350 ipsa
1295 3281 1618 3334 miraculum
1636 3275 1898 3340 narravit,
1919 3276 2066 3345 quod

489 3395 661 3434 unum
697 3377 1004 3446 adjungens
1035 3373 1280 3428 historia:
1319 3371 1512 3425 faciam
1565 3369 1840 3425 scribendi
1873 3369 2059 3422 linem.

490 3469 704 3526 Etenim
731 3481 856 3522 eum
889 3463 1144 3534 lacrymis
1173 3462 1392 3515 modum
1425 3461 1772 3522 adhibentes,
1820 3457 2062 3527 colloqui

489 3562 783 3630 cmpimus,
813 3558 906 3612 ille
939 3555 1006 3610 ad
1039 3569 1146 3618 me,
1179 3573 1196 3605 ι
1221 3553 1384 3616 Audi,
1439 3551 1639 3621 inquit,
1681 3550 1842 3621 quale
1887 3566 2064 3619 quan-

489 3661 720 3721 tumque
763 3651 964 3704 bonum
1001 3643 1256 3716 migravit
1279 3659 1310 3698 e
1337 3643 1500 3707 vita,»
1531 3645 1712 3712 ’atque
1757 3642 1834 3695 ita
1859 3657 2068 3696 sermo-

491 3760 618 3801 nem
639 3757 873 3799 exorsus
902 3749 1007 3795 0.5L
1683 3721 1690 3728 .

490 3837 749 3909 έστημεν,
789 3851 808 3886 ι
849 3833 1086 3896 ¹Ἀκουε,
1135 3829 1299 3898 φησὶ,
1335 3827 1470 3898 πρός
1519 3843 1586 3896 με
1642 3825 1816 3895 λέγων
1881 3829 2109 3892 ἐκεῖνος,

1677 230 1736 287 S.
1765 227 2096 286 GREGORH
2133 225 2426 284 NYSSENI

3643 227 3734 284 ιω

2218 343 2328 396 Καὶ
2349 339 2534 411 ἐπειδὴ
2565 340 2624 394 τὸ
2651 339 2860 412 πρέπον
2885 339 2920 412 ἡ
2951 339 3085 412 εὐχὴ
3117 339 3292 412 πέρας
3315 339 3550 402 ἔλαϐεν,
3585 339 3732 408 eritis,

2157 433 2226 503 μέ
2257 451 2344 496 τις
2370 431 2470 502 τῆς
2501 432 2650 495 Θείας
2677 431 2896 501 ἐντολῆς
2925 433 3254 502 εἰσέρχεται,
3289 433 3388 501 τῆς
3419 429 3734 498 κωλυούσης

2155 526 2358 596 πατρὸς
2411 525 2444 594 ἢ
2471 524 2672 595 μητρὸς
2701 522 3104 576 ἀνακαλύπτειν
3127 521 3552 594 ἀσχημοσύνην.
3587 539 3608 572 ι
3641 522 3734 574 Καὶ
3803 515 3818 632 η

2153 615 2303 680 πῶς,
2333 616 2468 686 ἔφην
2495 615 2626 683 ἐγὼ,
2662 613 2766 678 ἔξω
2801 613 2896 668 τοῦ
2927 613 3168 668 τοιούτου
3201 615 3514 684 γενήσομαι
3545 612 3736 684 κρίμα-

2153 721 2272 769 τος,
2307 705 2365 756 ἐν
2395 707 2505 766 τοῖς
2535 703 2643 756 τῶν
2671 703 2874 771 γονέων
2907 703 3122 773 σώμασι
3157 703 3370 772 βλέπων
3411 703 3522 771 τὴν
3563 701 3734 774 κοινὴν

2153 797 2252 868 τῆς
2284 796 2630 868 ἀνθρωπίνης
2663 796 2878 865 φύσεως
2905 795 3308 866 ἀσχημοσύνην·
3349 797 3734 850 διαπεπτωκί-
3809 805 3818 896 Ι

2153 905 2282 948 των.
2313 887 2388 951 ὡς
2409 888 2575 951 εἰκὸς,
2603 888 2697 941 καί
2720 887 3140 958 διαλελυμένων,
3171 889 3264 942 καὶ
3285 890 3366 952 εἰς
3395 889 3622 958 εἰδεχθῆ
3657 892 3736 942 καὶ

2155 979 2481 1050 δυσάντητον
2503 979 2778 1050 ἀμορφίαν
2804 979 3269 1050 μεταϐληθέντωνς
3309 1001 3326 1032 ι
3355 979 3558 1034 Ταῦτα
3581 981 3634 1034 δέ
3659 999 3734 1050 μοι

2155 1073 2504 1144 λογιζομένῳ,
2539 1075 2632 1126 καὶ
2662 1073 2761 1142 τῆς
2793 1071 2887 1126 τοῦ
2927 1073 3052 1126 Νῶε
3091 1073 3232 1126 κατά
3254 1073 3348 1126 τοῦ
3379 1073 3584 1136 παιδος
3613 1077 3736 1141 ἀγα-

2155 1165 2467 1235 νακτήσεως
2503 1167 2875 1234 ἐπιτεινούσης
2906 1165 2996 1218 τὸν
3039 1165 3223 1234 φόϐον,
3271 1163 3648 1235 συμϐουλεύει
3683 1169 3736 1219 τὸ
3811 1199 3820 1224 ι

2157 1263 2430 1336 πρακτέον
2459 1265 2491 1332 ή
2521 1263 2732 1335 ἱστορία
2759 1265 2852 1318 τοῦ
2879 1263 3021 1318 Νῶε.
3811 1237 3820 1336 ί

2239 1356 2616 1427 Ἐπεκαλύφθη
2649 1355 2758 1427 γάρ
2793 1357 2986 1410 σινδόνι
3017 1357 3232 1428 καθαρᾷ
3253 1399 3268 1422 ,
3295 1359 3432 1428 πρὶν
3459 1359 3524 1410 ἐν
3553 1357 3738 1424 ὀρθαὶ·
3817 1395 3819 1428 Ι

2157 1451 2280 1520 μοῖς
2323 1449 2478 1519 ἡμῶν
2527 1448 2779 1516 γενέσθαι
2823 1449 2892 1502 τὰ
2939 1447 3164 1520 σώματα
3217 1453 3282 1520 τῇ
3327 1447 3426 1502 τοῦ
3489 1449 3738 1516 πώματος
3817 1447 3819 1492 Ι

2155 1541 2406 1612 ὲπάρσει,
2438 1540 2560 1594 καθ’
2587 1541 2845 1613 ἐκάτερον
2871 1541 3038 1612 ἄκρον
3063 1541 3162 1611 τῆς
3189 1541 3430 1604 σινδόνος
3455 1541 3738 1594 ἀντειαιούο

2159 1647 2290 1702 σηςο
2327 1631 2421 1684 καὶ
2449 1629 2622 1695 οὕτως
2653 1630 3110 1703 ὑποκρυφθέντων
3154 1633 3220 1702 τῇ
3251 1631 3460 1685 σινδόνι
3503 1633 3614 1684 τῶν
3649 1649 3738 1684 τωο

2159 1723 2346 1792 μάτων
2381 1721 2646 1793 ἀράμενοι
2695 1721 2796 1792 τῆς
2828 1723 3016 1794 κλίνης
3055 1723 3117 1776 τὸ
3153 1721 3294 1794 ἱερὸν
3327 1725 3520 1777 ἐκεῖνο
3555 1723 3736 1792 σῶμα,

2157 1811 2268 1882 ἐγώ
2305 1829 2366 1866 τε
2400 1814 2494 1867 καὶ
2540 1815 2569 1866 ὁ
2617 1813 3009 1885 μνημονευθεὶς
3045 1815 3152 1868 τῶν
3188 1815 3370 1868 τόπων
3408 1815 3734 1878 ἐπίσκοπος,

2157 1907 2222 1976 τῇ
2251 1904 2421 1975 μητρὶ
2443 1906 3012 1976 παρακατεκλίναμεν,
3039 1905 3224 1978 κοινὴν
3246 1907 3600 1977 ἀμφοτέραις
3629 1908 3740 1976 πλη-

2160 1997 2378 2066 ροῦντες
2403 1997 2585 2068 εὐχήν.
2612 1997 2782 2050 Τοῦτο
2807 1995 2916 2068 γάρ
2935 1995 3086 2070 παρά
3113 1999 3293 2050 πᾶσαν
3314 1997 3418 2068 τὴν
3443 1997 3596 2068 ζωὴν
3621 2015 3742 2068 συμ-

2159 2087 2352 2156 φώνως
2403 2090 2708 2160 ἀμφότεραι
2755 2089 2846 2142 τὸν
2896 2091 3028 2142 θεὸν
3057 2089 3315 2161 ᾐτοῦντο,
3363 2092 3744 2161 ἀνακραθῆδαι

2161 2180 2300 2250 μετά
2324 2180 2415 2232 τὸν
2452 2180 2680 2234 θάνατον
2705 2181 2958 2252 ἀλλήλαις
2983 2181 3054 2235 τὰ
3077 2181 3328 2253 σώματα,
3351 2183 3454 2235 καὶ
3481 2183 3588 2254 τὴν
3617 2183 3746 2236 κατά
3819 2180 3821 2242 l

2159 2271 2250 2322 τὸν
2297 2269 2412 2340 βίον
2451 2273 2509 2324 ἐν
2547 2275 2614 2344 τῇ
2660 2272 2772 2343 ζωῇ
2815 2271 3098 2326 κοινωνίαν
3147 2273 3283 2344 μηδὲ
3311 2274 3374 2326 ὲν
3421 2271 3508 2344 τῷ
3541 2273 3746 2344 Θανάτῳ

2159 2361 2557 2432 διαζευχθῆναι.

2245 2451 2399 2507 Ἐπεὶ
2424 2453 2480 2506 δὲ
2519 2454 2696 2507 πάντα
2727 2457 2857 2526 ἡμῖν
2889 2455 2955 2508 τὰ
2985 2457 3043 2508 ὲν
3073 2458 3139 2526 τῇ
3163 2455 3356 2526 κηδείᾳ
3379 2459 3746 2526 νενομισμένα

2163 2543 2516 2615 πεπλήρωτο,
2549 2546 2644 2598 καὶ
2682 2545 2784 2598 ἔδει
2821 2547 2980 2600 πάλιν
3028 2547 3128 2617 τῆς
3163 2547 3430 2601 ἐπανόδου
3463 2549 3746 2616 γενέσθαι,

2161 2637 2444 2692 ἐπιπεσὼν
2474 2637 2550 2708 τῷ
2577 2638 2752 2708 τάςῳ,
2781 2640 2874 2692 καὶ
2901 2639 2998 2708 τὴν
3035 2640 3182 2692 κόνιν
3225 2640 3656 2710 ἀσπασάμενος,
3685 2643 3746 2692 εἰο

2163 2731 2338 2800 κόμην
2368 2730 2530 2783 πάλιν
2559 2731 2661 2799 τῆς
2687 2730 2804 2784 όδοῦ
2833 2733 3082 2802 κατηφής
3104 2749 3160 2784 τε
3195 2731 3288 2786 καὶ
3315 2731 3744 2804 δεδακρυμένος,

2161 2823 2528 2894 λογιζόμενος,
2561 2823 2686 2875 ὅσου
2718 2821 2922 2890 ἀγαθοῦ
2953 2823 3236 2894 διεξεύχθη
3267 2826 3296 2877 ὁ
3325 2823 3468 2893 βίος.
3505 2825 3672 2877 Κατά
3701 2827 3748 2878 δὲ

2163 2915 2262 2984 τὴν
2289 2915 2406 2968 ὁδὸν
2437 2915 2578 2985 ἀνήρ
2609 2931 2692 2978 τις
2733 2914 2842 2968 τῶν
2871 2917 2930 2968 ὲν
2959 2917 3218 2986 στρατείᾳ
3247 2915 3553 2986 λαμπρῶν,
3599 2934 3750 2987 στραο

2164 3007 2418 3077 τιωτικὴν
2459 3008 2754 3077 ἡγεμονίαν
2795 3007 2932 3078 ἔχων
2981 3009 3086 3061 τῶν
3127 3010 3184 3060 ὲν
3229 3009 3462 3079 πολίχνῃ
3509 3011 3628 3062 τινὶ
3657 3010 3750 3061 τῶν

2170 3097 2311 3153 κατά
2343 3099 2432 3152 τὸν
2465 3099 2688 3162 Πόντον,
2783 3099 3176 3163 Σεϐαστόπολις
3207 3099 3376 3170 ὄνομα
3403 3141 3422 3166 ,
3479 3099 3632 3170 μετά
3661 3100 3752 3152 τῶν

2171 3190 2430 3260 ὑπηκόων
2482 3189 2926 3261 ἐνδιαιτώμενος,
2973 3191 3254 3262 ἀπήντησέ
3297 3208 3358 3244 τε
3414 3192 3752 3262 φιλοφρόνως

2171 3281 2286 3306 ..η-’³
2322 3279 2488 3306 ...ἱ-Σ...
2531 3279 2805 3306 ..-ιιΑιαλιι..ι
2871 3280 2959 3306 ...Α
3004 3280 3102 3306 _‘_-.
3153 3281 3441 3306 _...-..--.L_.
3495 3281 3736 3306 2.---.'.___

3815 896 3817 1052 Ι

3815 1199 3820 1356 Ῑ

3817 1401 3819 1488 ι

3820 2447 3824 2556 l

3821 2625 3823 2700 ι

2166 3281 2286 3332 κατ’
2320 3279 2488 3350 αὐτὴν
2531 3279 2830 3350 γενομένῳ,
2871 3280 2966 3332 καὶ
3003 3280 3102 3350 τὴν
3151 3281 3442 3352 συμφορὰν
3489 3281 3752 3342 ἀκούσας.

2165 3371 2258 3423 καὶ
2291 3370 2540 3440 χαλεπῶς
2566 3369 2804 3434 ἐνεγκὼν
2837 3367 2924 3442 (ἦν
2944 3371 3052 3443 γάρ
3083 3371 3146 3442 δὴ
3173 3373 3282 3424 τῶν
3311 3375 3376 3426 ἐκ
3407 3374 3616 3442 γένους
3641 3381 3672 3448 ἡ
3681 3381 3752 3448 p.21

2166 3461 2378 3514 οἰκείων
2399 3478 2458 3514 τε
2487 3461 2580 3516 καὶ
2602 3461 2964 3533 ἐπιτηδείων),
2991 3462 3296 3532 προσέθηκέ
3317 3464 3410 3533 μοί
3431 3483 3488 3518 τι
3515 3467 3754 3537 διήγημα

2168 3552 2262 3606 τού
2294 3553 2410 3606 κατ’
2447 3553 2614 3623 αὐτὴν
2643 3552 2950 3623 θαύματος,
2979 3553 3006 3606 ὃ
3041 3554 3107 3624 δὴ
3139 3553 3234 3606 καὶ
3267 3554 3430 3624 μόνον
3469 3559 3754 3627 ὲγγράᾴσς

2169 3647 2236 3715 τῇ
2293 3645 2542 3715 ἱστορίᾳ,
2595 3646 2931 3700 καταπαύσω
2979 3645 3074 3717 τὴν
3127 3649 3476 3718 συγγραφήν.
3543 3650 3754 3719 Ἐπειδὴ

2169 3737 2277 3804 γὰρ
2315 3733 2667 3805 ἐπαυσάμεθα
2695 3735 2800 3788 τῶν
2829 3736 3098 3807 δακρύων,
3133 3739 3226 3789 καὶ
3259 3739 3338 3800 εἰς
3368 3737 3602 3808 ὁμιλίαν
3639 3757 3756 3792 κατ-

2183 3821 2326 3892 οἷον,
2377 3828 2470 3880 καὶ
2517 3828 2641 3882 ὅσον
2685 3829 2886 3898 ἀγαθὸν
2944 3829 3042 3898 τῆς
3095 3829 3440 3901 ἀνθρωπίνης
3519 3834 3754 3902 μετέττη

491 3925 659 4000 ζωῆς.
691 3949 710 3980 ι
745 3927 854 3980 Καὶ⁸
878 3925 1050 3978 ταῦτα
1078 3921 1268 3989 εἰπὼν,
1296 3920 1465 3984 οὕτως
1489 3920 1713 3992 ἄρχεται
1742 3919 1833 3973 τοῦ
1863 3921 2220 3991 διηγήματος·

569 4040 588 4073 ε
615 4021 806 4094 Magna
841 4018 972 4072 mihi
1003 4015 1272 4086 uxorique
1315 4030 1448 4068 mea:
1479 4012 1758 4083 quondam
1791 4013 2066 4082 cupiditas

493 4113 690 4172 incidit
717 4110 936 4168 videndi
975 4109 1195 4164 virtutis
1218 4106 1589 4178 gymnasium.
1623 4103 1714 4160 Sic
1746 4105 1948 4170 enim,»
1984 4105 2070 4160 in-

493 4209 637 4278 quit,
667 4227 686 4258 ‹
727 4207 908 4260 locum
967 4203 1122 4256 illum
1188 4200 1243 4254 in
1293 4213 1405 4268 quo
1455 4197 1652 4252 beatus
1703 4196 1796 4250 ille
1849 4198 2070 4252 animus

494 4298 749 4368 degebat,
807 4292 1195 4364 appellandum
1247 4304 1370 4344 esse
1433 4289 1710 4354 arbitror;
1781 4289 2070 4342 nobiscum

497 4398 682 4443 autem
712 4395 831 4442 erat
863 4385 1053 4444 liliola.
1085 4383 1246 4452 cujus
1273 4381 1494 4436 oculum
1525 4395 1592 4435 ex
1623 4380 1901 4448 pestilenti
1925 4395 2072 4433 mor-

499 4479 573 4535 bo
602 4477 887 4533 calamitas
923 4481 1244 4543 occuparat,
1294 4469 1432 4526 adeo
1473 4479 1534 4523 ut
1593 4469 1828 4524 obducta
1887 4471 2071 4523 tunica

499 4569 652 4626 circa
693 4567 974 4638 pupillam,
1009 4571 1408 4632 contractoque
1443 4561 1631 4616 albore
1679 4559 1880 4614 funlum
1932 4565 2078 4612 esset

501 4661 988 4728 miserandumque
1013 4655 1410 4726 spectaculum.
1445 4651 1694 4706 Divinam
1736 4652 1904 4722 igitur
1929 4651 2075 4703 illam

499 4757 724 4814 domum
767 4750 1020 4822 ingressi,
1045 4750 1123 4803 ita
1161 4747 1398 4818 separati
1434 4760 1628 4801 sumus
1667 4744 1720 4798 in
1749 4761 1814 4798 eo
1861 4744 2078 4812 sapien-

501 4849 594 4903 tiae
627 4845 940 4900 vacantium
981 4842 1122 4906 loco,
1185 4851 1244 4894 ut
1302 4855 1402 4910 ego
1445 4839 1662 4908 quidem
1717 4837 2076 4900 diverterem,

505 4940 600 4996 ubi
631 4937 952 4992 habitabant
979 4933 1104 4996 viri,
1155 4933 1356 5004 quibus
1389 4939 1618 5000 praeerat
1649 4928 1846 4984 Petrus
1903 4929 2074 4983 frater

507 5045 658 5095 tuus.
690 5031 784 5086 illa
813 5031 1166 5084 autemintus
1191 5026 1280 5080 ubi
1298 5033 1456 5080 erant
1483 5023 1748 5092 virgines,
1771 5039 1892 5077 cum
1913 5037 2076 5075 sanc—

507 5137 562 5182 ta
597 5125 837 5180 Maerina
870 5128 1202 5176 versaretur.
1243 5117 1340 5172 Hic
1358 5133 1480 5170 cum
1505 5115 1898 5186 aliquantulum
1927 5128 2078 5169 esse-

507 5235 632 5275 mus
665 5215 1012 5274 commorati.
1051 5221 1267 5282 tempus
1317 5225 1440 5265 esse
1483 5209 1740 5264 duximus
1788 5215 1846 5262 ut
1895 5207 2078 5264 disce-

507 5311 788 5366 deremus.
817 5305 1044 5375 Jamque
1104 5303 1412 5357 discessum
1455 5301 1886 5362 adornabamus,
1951 5313 2074 5352 cum

511 5397 769 5466 utrinque
793 5395 951 5448 nobis
993 5399 1227 5446 humana
1257 5389 1502 5458 quaedam
1529 5391 1613 5446 vis
1637 5391 1784 5444 illata
1807 5397 1914 5444 est.
1937 5387 2075 5442 Nam

511 5495 567 5542 et
603 5485 771 5542 frater
802 5495 924 5540 tuus
949 5483 1080 5537 mihi
1097 5482 1348 5552 jubebat,
1377 5489 1438 5534 ut
1471 5495 1748 5538 manerem
1779 5491 1834 5538 et
1859 5482 2076 5539 studio-.-

621 5665 646 5696 ‘
681 5664 852 5720 Levit.
891 5681 1044 5720 xviii.
1119 5665 1138 5696 "
1179 5663 1312 5719 Gen.
1347 5679 1422 5718 Ix.

2101 4439 2146 4494 D

2241 4033 2260 4064 ι
2303 4013 2550 4080 Ἐγένετό
2575 4031 2659 4078 τις
2683 4017 2813 4084 ἡμῖν
2847 4015 3112 4086 ἐπιθυμία
3143 4017 3273 4070 ποτὲ
3301 4019 3366 4087 τῇ
3409 4023 3640 4091 γαμετῇ
3675 4021 3756 4072 καὶ

2165 4107 2288 4177 ἐμοὶ
2316 4107 2664 4172 καταλαϐεῖν,
2695 4109 2835 4161 κατὰ
2865 4109 3120 4180 σπουδὴν,
3153 4110 3214 4162 τὸ
3235 4111 3333 4180 τῆς
3361 4111 3580 4182 ἀρετῆς
3615 4131 3758 4184 φρον-

2165 4200 2459 4270 τιστήριον.
2509 4199 2664 4252 Οὕτω
2707 4199 2816 4270 γὰρ
2869 4197 3020 4270 οἶμαι
3073 4201 3292 4272 χρῆναι,
3324 4221 3342 4252 ι
3389 4203 3574 4274 φησὶ,
3619 4225 3640 4256 ι
3677 4205 3756 4256 τὶν

2167 4291 2342 4362 χῶρον
2385 4293 2590 4344 ἐκεῖνον
2618 4291 3108 4362 κατονομάζεσθαι,
3142 4313 3161 4344 ι
3193 4294 3252 4345 ἐν
3279 4287 3324 4360 ᾦ
3345 4295 3446 4364 τὴν
3477 4295 3756 4366 διαγωγὴν

2173 4379 2314 4452 εἶχεν
2346 4385 2378 4452 ἡ
2417 4383 2660 4452 μακαρία
2703 4383 2871 4454 ψυχή·
2911 4385 3072 4455 συνῆν
3099 4384 3154 4436 δὲ
3185 4387 3314 4454 ἡμῖν
3349 4389 3447 4438 καὶ
3494 4389 3562 4440 τὸ
3598 4389 3758 4456 θυγα-

2176 4489 2343 4541 τριον,
2375 4475 2430 4524 ἐν
2459 4467 2501 4540 ᾦ
2529 4491 2611 4536 τις
2640 4476 2704 4526 ὲκ
2733 4473 3025 4543 λοιμώδους
3052 4476 3358 4546 ἀρρωστίας
3401 4478 3616 4550 συνέϐη
3645 4483 3760 4548 περὶ

2173 4565 2264 4616 τὸν
2293 4563 2564 4634 ὀφθαλμὸν
2598 4567 2871 4636 συμφορά·
2905 4567 2996 4618 καὶ
3031 4562 3099 4636 ἦν
3139 4567 3318 4637 θέαμα.
3353 4569 3610 4638 εἰδεχθὲς
3631 4613 3646 4634 ,
3675 4573 3760 4624 καὶ

2175 4656 2434 4720 ἐλεεινὸν,
2481 4656 2842 4726 παχυνθέντος
2883 4657 2975 4710 τοῦ
3009 4659 3134 4726 περὶ
3161 4659 3260 4728 τὴν
3299 4659 3472 4728 κόρην
3505 4663 3756 4730 χιτῶνος,

2177 4749 2269 4800 καὶ
2315 4749 2379 4800 ὲκ
2427 4748 2519 4801 τού
2565 4747 2768 4811 πάθους
2810 4749 3308 4812 ὑπολευκαίνοντος.
3369 4753 3460 4814 Ὡς
3505 4753 3570 4804 δὲ
3621 4753 3760 4814 Evt-‘5;

2175 4833 2316 4908 ἦμεν
2348 4841 2443 4908 τῆς
2477 4839 2624 4902 θείας
2657 4839 2870 4909 ἐκείνης
2905 4839 3219 4908 διαγωγῆς,
3266 4839 3576 4909 διελόμενοι
3629 4847 3758 4894 κατὰ

2171 4931 2326 4998 γένος
2351 4931 2447 5000 τὴν
2469 4931 2754 5000 ἐπίσκεψιν
2783 4931 2891 4984 τῶν
2923 4933 2980 4984 ἐν
3007 4931 3084 5000 τῷ
3113 4932 3264 5000 τόπῳ
3299 4931 3758 4999 φιλοσοφούντων-

2172 5021 2284 5092 ὲγὼ
2303 5041 2361 5075 τε
2387 5024 2476 5077 καὶ
2499 5025 2532 5094 ἡ
2555 5024 2818 5094 ὁμόζυγος
2842 5039 2854 5052 ·
2881 5023 2991 5092 ἐγὼ
3009 5023 3108 5094 μὲν
3139 5025 3196 5076 ἐν
3219 5023 3297 5093 τῷ
3325 5022 3566 5092 ἀνδρῶνι
3596 5027 3760 5095 ἢμην.

2173 5108 2248 5170 ὧν
2279 5115 2572 5184 καθηγεῖτο
2601 5117 2804 5187 Πέτρος
2837 5119 2864 5169 ὁ
2897 5117 2988 5180 σὸς
3016 5115 3243 5184 ἀδελφός
3263 5133 3276 5146 ’
3315 5118 3348 5186 ἠ
3381 5117 3442 5169 δὲ
3473 5117 3576 5170 τοῦ
3631 5136 3762 5186 παρ-

2175 5209 2402 5272 θενῶνος
2433 5209 2581 5273 ἐντὸς
2607 5209 2871 5280 γενομένη
2900 5211 2966 5280 τῇ
3011 5208 3169 5279 Ἀγία
3202 5208 3367 5277 συνῆν
3391 5225 3406 5238 ο
3443 5211 3762 5280 συμμέτφυ

2179 5299 2236 5353 δὲ
2261 5301 2636 5370 διαγενομένου
2677 5304 2734 5354 ἐν
2773 5300 2850 5370 τῷ
2881 5299 3082 5369 μεταξὺ
3121 5299 3526 5368 διαστήματος,
3573 5303 3762 5368 aa:pr

2183 5388 2322 5446 εἶναι
2358 5391 2451 5446 τοῦ
2479 5393 2786 5462 ἀποχωρεῖν
2827 5391 2924 5460 τῆς
2959 5391 3212 5460 ἐσχατιᾶς
3247 5391 3406 5442 πάλιν
3439 5390 3760 5460 ἐκρίναμεν·

2185 5489 2278 5538 καὶ
2323 5485 2422 5555 ἤδη
2457 5484 2590 5555 πρὸς
2618 5481 2766 5535 τοῦτ(
2807 5477 2871 5552 ἧν
2899 5481 3057 5552 ἡμῶν
3101 5483 3134 5552 ἡ
3183 5482 3349 5551 ὁρμὴ,
3387 5481 3686 5551 σύμφωνος
3709 5481 3760 5534 ιέὲ
