3834 6482
105 349 203 404 997

1324 338 1412 395 DE
1440 337 1605 393 VlTA
1646 334 1704 392 S.
1745 330 2103 390 MACRINA‘I.

3238 327 3343 385 998

104 463 234 536 παρ’
261 460 533 534 ἑκατέρων
578 461 611 531 ἡ
657 458 786 531 περὶ
830 458 979 529 ἡμᾶς
1014 454 1379 527 φιλοφροσύνη
1430 452 1667 522 ἐγένετο.

1800 462 1963 502 orum
1992 460 2195 501 mensze
2228 447 2501 516 particeps
2530 448 2751 508 ﬁerem;
2810 452 2864 499 et
2922 443 3077 500 beata
3112 442 3204 498 illa
3234 459 3342 498 non

117 534 267 627 Ἐμοί
306 572 367 608 τε
390 555 485 607 καὶ
504 555 534 607 ό
571 552 663 616 σὸς
694 550 920 621 ἀδελφὸς
955 550 1136 619 μένειν
1170 544 1546 609 ἐνεκελεύετο,
1578 544 1674 596 καὶ

1800 537 2084 593 limittebat
2108 553 2334 591 uxorem
2361 553 2559 602 meam,
2593 539 2687 593 sed
2728 536 2950 591 tiliolam
2984 535 3041 590 in
3075 534 3201 591 sinu
3250 551 3347 606 ge-

108 647 393 717 μετασχεῖν
431 645 533 716 τῆς
576 643 864 714 φιλοσόφου
907 642 1204 713 τραπέζης’
1246 640 1282 710 ἦ
1332 656 1393 693 τε
1429 635 1675 709 μακαρία

1803 647 1900 688 ens
1930 646 2041 685 non
2064 632 2217 701 prius
2241 630 2386 685 illam
2440 647 2499 687 se
2552 632 2888 686 reddituram
2922 630 3124 696 aiebat,
3182 644 3346 699 quam

104 737 202 807 τὴν
230 736 367 808 ἐμὴν
398 735 645 806 γαμετὴν
670 734 730 787 οὑ
757 732 955 803 μεθίει,
987 730 1103 786 ἀλλ’
1142 731 1201 783 ὲν
1233 728 1453 791 κόλποις
1479 726 1677 796 ἔχουσα

104 828 164 882 τὸ
197 828 507 900 θυγάτριον,
555 827 615 880 οὑ
652 826 916 896 πρότερον
947 823 1131 892 ἔλεγεν
1178 819 1503 885 ἀποδώσειν,
1545 818 1677 890 πρὶν

104 913 377 985 τράπεζαν
412 912 603 970 αὑταῖς
636 910 1109 983 παραστήσασθαι,
1139 910 1235 963 καὶ
1264 907 1344 979 τῷ
1389 907 1491 978 τῆς
1532 908 1681 977 φιλο-

105 1008 293 1077 σοφίας
318 1004 674 1073 δεξιώσασθαι
704 1004 935 1074 πλούτῳ·
961 1001 1187 1072 φιλοῦσα
1209 1000 1288 1063 δὲ,
1314 997 1403 1053 οἶα
1424 998 1589 1063 εἰκὸς,
1620 997 1683 1051 τὸ

103 1101 335 1163 παιδίον,
363 1100 457 1152 καὶ
501 1099 853 1171 προσάγουσα
898 1095 960 1148 τὸ
1002 1094 1177 1164 στόμα
1206 1095 1319 1155 τοῖς
1347 1090 1645 1162 ὀφθαλμοῖς
1664 1132 1679 1156 ,

104 1190 288 1260 ἐπειδὴ
316 1185 424 1242 εἶδε
446 1187 508 1241 τὸ
536 1188 664 1258 περὶ
682 1186 778 1257 τὴν
808 1185 978 1255 κόρην
1003 1182 1195 1249 πάθος,
1237 1181 1362 1235 Ἐάν
1387 1199 1495 1253 μοι,
1526 1180 1681 1251 φησι,

100 1279 237 1333 δῶτε
263 1280 362 1349 τὴν
380 1278 562 1349 χάριν,
586 1278 681 1331 καὶ
708 1277 806 1347 τῆς
832 1274 1114 1348 τραπέζης
1138 1276 1271 1345 ἡμῖν
1297 1274 1681 1344 κοινωνήσητε,

103 1372 380 1427 ἀντιδώσω
416 1370 606 1442 μισθὸν
638 1370 765 1440 ὑμῖν
794 1368 895 1439 τῆς
926 1367 1181 1437 τοιαύτης
1212 1367 1378 1437 τιμῆς
1415 1365 1516 1418 οὑκ
1548 1364 1681 1418 ἀνά-

104 1465 237 1532 ξιον.
275 1465 319 1517 Τ
326 1462 502 1534 ίναδὴ
540 1460 751 1526 τοῦτον,
782 1460 1040 1530 εἰπούσης
1069 1461 1167 1530 τῆς
1198 1456 1292 1511 τοῦ
1323 1457 1536 1510 παιδίου
1572 1473 1676 1525 μη-

101 1557 230 1628 τρός
247 1558 426 1625 ;Ἐστι
450 1572 540 1627 μοι
562 1555 870 1625 φάρμακον,
891 1556 924 1622 ή
946 1552 1171 1623 Μεγάλη
1189 1551 1373 1623 φησὶν,
1390 1550 1418 1603 ὃ
1440 1548 1681 1612 δυνατῶς

98 1642 217 1714 ἔχει
248 1643 308 1697 τὸ
335 1643 476 1697 κατά
511 1644 605 1695 τὸν
645 1640 924 1712 ὀφθαλμὸν
953 1639 1205 1695 ἰάσασθαι
1246 1638 1436 1703 πάθος.
1479 1638 1601 1691 Ἐπὶ
1623 1637 1681 1690 δὲ

1774 738 2019 780 mensam
2067 730 2410 794 apparasset,
2465 731 2519 779 et
2564 740 2667 779 nos
2724 724 3084 794 philosophia:
3140 722 3349 778 divitiis

1775 815 2104 886 accepisset,
2126 816 2428 885 puellulam
2465 824 2647 870 autem
2677 817 2938 872 osculans
2967 823 3022 871 et
3050 814 3349 871 admovens

1780 922 1847 964 os
1883 908 2066 963 oculis
2101 909 2248 977 ejus,
2284 908 2373 961 tibi
2398 908 2658 978 pupillam
2690 892 2935 963 aﬂ‘ectam
2964 908 3134 962 vidit:
3172 906 3353 963 Sihoc

1777 999 1936 1065 mihi,
1979 1000 2180 1069 inquit,
2215 998 2607 1055 concesseritis
2638 1009 2696 1052 ut
2723 999 2865 1069 apud
2893 1014 2992 1054 nos
3039 1015 3162 1054 esse
3216 999 3347 1053 veli-

1779 1090 1871 1156 tis,
1898 1092 2128 1160 gratiam
2185 1093 2342 1145 vobis
2390 1092 2485 1144 tali
2536 1091 2745 1146 honore
2801 1107 2908 1145 non
2956 1091 3235 1162 indignam
3269 1107 3354 1146 re-

1783 1179 1975 1235 feram.
2018 1180 2297 1251 Ecquaui?
2331 1182 2507 1250 inquit
2548 1182 2797 1251 puellula:
2828 1194 3018 1237 mater.
3054 1180 3151 1238 Est
3198 1180 3352 1244 mihi,

1780 1272 2069 1342 respondit
2127 1288 2345 1341 magna,
2408 1273 2864 1328 medicamentum
2930 1273 2999 1328 ad
3054 1273 3355 1326 curandum

1790 1365 1937 1420 hunc
1968 1365 2188 1420 oculum
2226 1366 2559 1436 appositum.
2621 1367 2752 1433 Quae
2790 1367 3008 1437 quidem
3066 1365 3360 1435 promissio

1788 1471 1913 1510 cum
1939 1456 2071 1511 mihi
2108 1473 2138 1511 a
2169 1457 2408 1527 quodam
2441 1473 2505 1512 ex
2548 1458 2820 1529 virginum
2861 1458 3105 1511 conclavi
3142 1456 3353 1509 nuntia-

1789 1556 1843 1602 ta
1868 1556 2042 1615 esset,
2067 1549 2301 1603 libenter
2345 1550 2672 1616 mansimus,
2719 1550 3052 1620 posthabita,
3085 1564 3205 1618 qum
3259 1562 3360 1600 nos

1788 1639 2040 1708 urgebat,
2070 1639 2453 1708 proﬁciscendi
2494 1640 2845 1695 necessitate.

101 1735 352 1799 τούτοις,
399 1733 718 1805 δηλώματός
772 1751 865 1804 μοι
910 1733 1061 1805 παρά
1102 1733 1203 1803 τῆς
1248 1731 1691 1802 γυναικωνίτιδος
1727 1730 1953 1801 ἥκοντος
1993 1734 2097 1786 ὑπὸ
2124 1733 2224 1805 τὴν
2263 1735 2552 1804 ὑπόσχεσιν
2590 1735 2805 1803 ἐκείνην
2853 1732 3358 1804 καταμηνὺσαντος,

101 1829 331 1899 ἄσμενοι
356 1825 790 1897 παρεμείναμεν·
824 1823 997 1895 μικρὰ
1019 1824 1400 1894 φροντίσαντες
1418 1823 1517 1892 τῆς
1546 1824 1875 1895 ἐπειγούσης
1900 1827 2045 1895 ἡμᾶς
2080 1826 2217 1895 πρὸς
2242 1825 2341 1896 τὴν
2370 1826 2678 1897 ὁδοιπορίαν
2708 1828 2974 1897 ἀνάγκης.

189 1939 209 1973 ι
248 1920 338 1983 Ὧς
360 1918 417 1971 δὲ
443 1917 593 1980 τέλος
615 1912 760 1987 εἶχεν
783 1915 820 1985 ὴ
845 1915 1066 1985 εὐωχία,
1097 1915 1192 1968 καὶ
1214 1916 1428 1985 πλήρης
1459 1909 1530 1985 ἦν
1560 1916 1690 1983 ήμῖν

1870 1914 2035 1967 «Cum
2076 1915 2241 1984 igitur
2267 1916 2601 1979 convivium,
2638 1917 2779 1984 quod
2804 1914 2998 1971 Petrus
3030 1916 3365 1973 humanitate

74 2018 139 2087 ιή
164 2012 319 2084 εὐχὴ,
348 2008 444 2064 τοῦ
477 2008 575 2080 μὲν
615 2006 850 2079 μεγάλου
897 2007 1105 2079 Πέτρου
1137 2008 1259 2070 ταῖς
1292 2005 1520 2069 οἰκείαις
1557 2021 1685 2075 χερ-

76 2100 196 2162 ’σὶν
221 2102 550 2176 εὑωχοῦντος
568 2102 738 2172 ἡμᾶς,
770 2100 863 2154 καὶ
886 2099 1288 2173 φαιδρύνοντος,
1317 2101 1415 2168 τῆς
1447 2097 1504 2151 δὲ
1528 2096 1688 2166 ἁγίας

105 2197 417 2269 Μακρίνης,
448 2194 536 2248 διὰ
572 2192 756 2264 πάσης
792 2190 1102 2265 εὐπρεποῦς
1134 2190 1400 2262 θυμηδίας
1423 2190 1523 2261 τὴν
1559 2189 1690 2259 ὁμό-

81 2289 274 2359 ,δζυγον
292 2290 425 2360 ήμῖν
443 2286 705 2355 ἀνιείσης·
733 2282 876 2338 οὑτω
911 2282 1290 2354 φαιδρύνοντες
1336 2280 1429 2333 καὶ
1457 2279 1690 2351 γεγηθό-

106 2399 222 2445 τες,
244 2381 343 2450 τὴν
366 2378 535 2449 αὑτὴν
556 2377 670 2430 ὁδὸν
692 2377 1043 2447 ἐπανιεήμεν,
1067 2374 1310 2443 διήγημα
1333 2372 1408 2441 τῷ
1431 2372 1601 2443 ἑτέρῳ
1620 2370 1689 2424 τὰ

108 2471 235 2524 καθ’
253 2468 442 2522 ἑαυτὸν
456 2468 616 2522 ἐκάτε
624 2484 713 2539 ρος
733 2467 791 2519 ἐν
801 2467 867 2535 τῇ
885 2462 1159 2533 ὁδοιπορίᾳ
1179 2461 1331 2515 ποιού
1341 2478 1509 2533 μενον
1535 2460 1690 2528 κάγὼ

114 2561 218 2633 μὲν
249 2561 476 2631 διεξῄειν
512 2558 579 2612 τὰ
622 2558 687 2610 ἐκ
715 2556 808 2610 τοῦ
845 2554 1135 2626 ἀνδρῶνος,
1166 2554 1265 2607 ὅσα
1304 2570 1363 2605 τε
1406 2550 1564 2615 εἶδον,
1596 2552 1692 2605 καὶ

106 2651 217 2704 ὅσα
235 2651 460 2720 ἤκουσα·
501 2646 684 2717 ἐκείνη
711 2645 769 2698 δέ
790 2646 859 2698 τά
880 2644 1001 2698 καθ’
1022 2644 1250 2696 ἕκαστον
1274 2642 1523 2711 ἐκδιηγου
1533 2641 1688 2712 μένη,

111 2743 368 2813 καθάπερ
399 2742 484 2811 ἐφ’
515 2740 776 2811 ἱστορίας,
809 2736 960 2791 οὑδέν
991 2737 1127 2808 ᾣετο
1149 2736 1279 2798 δεῖν,
1306 2735 1425 2788 οὑδὲ
1456 2734 1566 2787 τῶν
1605 2751 1695 2804 μι-

110 2834 287 2907 κρῶν,
316 2830 771 2905 παραλανθάνεινο
805 2826 1114 2890 ἀκολούθως
1141 2826 1197 2878 δέ
1233 2826 1408 2879 πάντα
1440 2824 1695 2894 καθάπερ

112 2926 212 2981 ἐπὶ
256 2924 486 2995 συζυγίᾳ
526 2923 625 2993 τῆς
652 2921 975 2992 συγγραφῆς
1002 2919 1276 2985 διεξιοῦσα
1302 2936 1314 2950 υ
1346 2918 1422 2981 ώς
1463 2917 1604 2971 κατά
1633 2916 1695 2969 τὸ

116 3018 288 3089 μέρος
314 3016 535 3085 γέγονεν
570 3017 766 3077 ἐκεῖνο,
798 3014 855 3067 ἐν
889 3007 934 3080 ᾧ
962 3014 995 3082 ἡ
1030 3011 1321 3081 ὑπόσχεσις
1348 3006 1416 3081 ἦν
1456 3012 1554 3079 τῆς
1599 3006 1694 3061 τοῦ

112 3107 400 3180 ὀφθαλμοῦ
455 3107 783 3178 θεραπείας,
832 3105 1111 3173 ἐκκόψασα
1153 3104 1251 3173 τὴν
1299 3102 1589 3172 διήγησιν,
1630 3100 1697 3154 Τί

1786 2014 1842 2057 et
1876 2006 2051 2074 gratia
2084 2021 2181 2059 sua
2219 2007 2564 2068 condiverat,
2601 2006 2825 2061 haberet
2870 2007 3051 2068 ﬁnem,
3091 2009 3365 2078 uxorique

1789 2096 1948 2151 nobis
1976 2112 2007 2150 a
2051 2106 2239 2153 sancta
2268 2099 2507 2153 Macrina
2541 2101 2691 2152 omni
2725 2100 3071 2154 convenienti
3100 2101 3365 2169 jucundi-

1790 2194 1904 2244 tate
1938 2198 2183 2245 recreata
2218 2192 2450 2246 remissa
2486 2200 2652 2256 esset,
2694 2192 2879 2246 laetitia
2916 2201 2967 2248 et
2992 2194 3190 2263 gaudio
3220 2196 3363 2263 pleni

1790 2295 1894 2335 nos
1934 2281 1989 2335 in
2038 2283 2179 2337 viam
2215 2283 2482 2349 jdedimus
2525 2304 2536 2338 :
2574 2292 2627 2339 et
2667 2300 2788 2354 qua:
2842 2286 3060 2355 utrique
3116 2294 3366 2341 nostrum

1790 2368 2134 2439 contigerant
2170 2371 2314 2425 inter
2352 2372 2594 2425 eundum
2640 2373 3005 2429 narrabamus
3044 2393 3056 2427 :
3105 2390 3206 2445 ego
3245 2375 3371 2444 qui-

1791 2460 1915 2516 dem
1964 2478 2301 2533 quaecunque
2351 2465 2407 2518 in
2448 2465 2691 2519 virorum
2736 2467 2983 2521 conclavi
3013 2467 3098 2519 vel
3128 2466 3368 2521 videram

1793 2553 1877 2608 vel
1923 2554 2261 2619 audiveram,
2310 2556 2697 2622 recensebani;
2748 2567 2802 2613 et
2840 2559 2929 2612 illa
2969 2559 3214 2613 vicissim
3248 2566 3371 2612 tan-

1793 2659 1955 2715 quam
1993 2661 2061 2699 ex
2096 2646 2324 2700 historia
2363 2648 2577 2718 singula
2630 2658 2900 2717 repetens,
2952 2649 3091 2702 nihil
3147 2648 3372 2702 omnino

1795 2738 2150 2807 quantumvis
2180 2752 2405 2808 parvum
2453 2740 2812 2794 omittendum
2856 2740 3221 2795 existimabat.
3270 2739 3374 2795 Ita-

1795 2846 1902 2899 que
1932 2846 2057 2884 cum
2092 2846 2204 2885 non
2245 2832 2424 2895 aliter,
2458 2849 2621 2902 quam
2655 2849 2722 2887 ex
2766 2832 2971 2904 Scripto
3020 2842 3278 2903 tanquam
3316 2834 3373 2887 in

1798 2919 1966 2975 altera
1997 2921 2153 2977 lance
2189 2923 2524 2992 appendens,
2554 2924 2746 2979 ordine
2773 2932 2971 2979 cuncta
3004 2932 3370 2992 percurreret,

1793 3011 2017 3081 jamque
2044 3013 2111 3067 ad
2136 3028 2251 3067 eam
2283 3016 2618 3084 pervenisset
2649 3025 2883 3085 partem,
2917 3032 3043 3087 quae
3072 3016 3377 3070 curationis

1798 3104 1944 3159 oculi
1969 3107 2391 3174 promissionem
2428 3108 2765 3172 continebat,
2801 3110 3174 3163 narrationem
3208 3109 3377 3164 inter-

111 3202 311 3267 ⁸τοῦτο,
365 3198 533 3270 φησὶ,
596 3198 977 3267 πεπόνθαμεν;
1035 3194 1158 3259 Πῶς
1198 3196 1295 3264 τῆς
1353 3193 1690 3264 ὑποσχέσεως

1800 3196 2026 3252 mittens
2061 3215 2073 3251 :
2106 3196 2400 3264 Quidnam,
2448 3200 2646 3269 inquit,
2688 3200 2935 3269 egimus?
2964 3200 3248 3266 Quomodo
3280 3217 3379 3257 ne—

112 3259 477 3364 ἠμελήσαμεν
500 3259 601 3355 ,τὸ
644 3259 976 3357 ἐπαγγελθέν
1020 3288 1152 3357 ἡμῖν
1196 3259 1368 3339 ἐκεῖνο
1411 3287 1468 3338 ἐν
1495 3259 1690 3339 ’κολλυ-

1804 3287 2072 3356 gleximus
2124 3289 2456 3358 promissum
2512 3290 3074 3361 ipsius?Coliyrium,
3131 3292 3376 3361 inquam,

120 3387 228 3458 ρίῳ
268 3384 593 3455 φάρμακον;
648 3380 835 3451 Κάμοῦ
892 3378 1429 3449 συνδυσχεραίνοντος
1490 3377 1583 3431 ἐπὶ
1630 3378 1701 3449 τῇ

116 3477 395 3548 ἀμελείᾳ,
440 3475 532 3528 καί
581 3490 701 3526 τινα
777 3471 863 3525 διὰ
904 3473 1103 3541 τάχους
1157 3470 1446 3542 ἐκδραμεῖν
1491 3471 1585 3522 ἐπὶ
1641 3468 1704 3522 τὸ

112 3572 418 3642 φάρμακον
445 3565 911 3637 ἐγκελευσαμένου
932 3607 946 3630 ,
996 3564 1183 3633 βλέπει
1212 3563 1352 3617 κατά
1392 3562 1453 3614 τὸ
1489 3562 1705 3633 συμϐὰν

114 3666 266 3737 ’πρὸς
292 3664 390 3733 τὴν
423 3661 633 3732 μητέρα
662 3660 717 3711 ἐν
745 3659 863 3721 ταῖς
890 3657 1077 3727 χερσὶν
1105 3655 1163 3709 ὃν
1193 3655 1293 3725 τῆς
1312 3654 1706 3725 τιθηνουμένης

114 3752 185 3813 τὸ
226 3758 441 3828 νήπιον,
486 3756 579 3808 καὶ
616 3756 649 3821 ἡ
690 3755 869 3824 μήτηρ
901 3752 1013 3813 τοῖς
1047 3751 1343 3821 ὀφθαλμοῖς
1386 3749 1481 3803 τοῦ
1508 3751 1703 3821 νηπίου

115 3849 523 3910 ἐνατενίσασα,
570 3847 793 3908 Παύου,
850 3844 1020 3914 φησὶ,
1070 3843 1435 3914 δυσχεραίνων
1490 3843 1582 3895 ἐπὶ
1635 3844 1704 3914 τῇ

113 3940 376 4011 ἀμελείᾳ.
411 3939 638 4011 Μεγάλῃ
685 3936 842 3989 τοῦτο
888 3936 1038 4004 φωνῇ
1083 3934 1188 3986 ὑπὸ
1237 3935 1410 4004 χαρᾶς
1451 3933 1566 4005 ἅμα
1612 3935 1704 3988 καὶ

114 4028 443 4100 ἐκπλήξεως
464 4029 717 4097 λέγουσα.
767 4026 893 4079 Ἰδοὺ
918 4024 1025 4096 γάρ
1047 4025 1195 4077 ούδέν
1220 4025 1552 4079 ἐλλέλειπται
1576 4027 1706 4096 ἡμῖν

115 4123 238 4177 τῶν
284 4122 707 4193 ἐπηγγελμένων
729 4138 742 4151 ·
776 4118 911 4172 ἀλλὰ
945 4120 1006 4171 τὸ
1039 4116 1292 4186 ἀληθινὸν
1324 4118 1537 4187 ἐκείνης
1569 4119 1708 4190 φάρ-

122 4231 328 4286 μακον,
362 4212 424 4265 τὸ
460 4211 567 4263 τῶν
605 4209 944 4278 παθημάτων
980 4206 1244 4275 ίατρικὸν,
1306 4208 1441 4277 ὅπερ
1478 4208 1624 4261 ἐστὶν
1678 4211 1705 4279 ή

115 4308 191 4359 ἐκ
211 4302 326 4357 τῶν
356 4302 531 4372 εὐχῶν
565 4298 826 4369 θεραπεία
844 4336 859 4361 ,
892 4299 989 4350 καὶ
1020 4297 1209 4359 ἔδωκε,
1239 4298 1330 4349 καὶ
1356 4295 1577 4366 ἐνεργὸν
1606 4297 1705 4367 ἥδη

114 4397 355 4466 γέγονε,
406 4393 502 4446 καὶ
544 4390 925 4444 ὑπολέλειπται
975 4389 1071 4458 τῆς
1116 4388 1256 4441 κατά
1298 4388 1389 4443 τὸν
1432 4387 1708 4458 ὀφθαλμὸν

115 4489 443 4565 ἀρρωστίας
475 4472 765 4547 οὑδοτιοῦν,
806 4483 884 4554 τῷ
913 4483 1041 4551 θείῳ
1072 4482 1265 4552 ἐκείνῳ
1312 4481 1589 4553 φαρμάκῳ
1614 4500 1710 4535 κε-

1806 3380 1939 3434 illud
1987 3380 2134 3449 quod
2184 3382 2345 3436 nobis
2392 3384 2758 3451 promiserat?
2809 3382 3055 3453 Cumque
3099 3401 3198 3455 ego
3249 3386 3379 3440 item

1805 3469 2188 3539 negligentiam
2236 3472 2568 3537 incusarem,
2620 3474 2982 3544 juberemque
3027 3483 3085 3529 ut
3129 3476 3383 3532 celeriter

1806 3563 2005 3633 aliquis
2051 3563 2117 3617 ad
2172 3564 2306 3617 illud
2355 3567 2763 3634 exposcendum
2812 3576 3151 3635 excurreret,
3201 3567 3383 3626 infans

1806 3656 2024 3711 interim
2055 3672 2175 3727 qua:
2203 3657 2255 3711 in
2292 3658 2543 3715 manibus
2587 3659 2824 3714 nutricis
2858 3668 2999 3724 erat,
3042 3670 3269 3716 matrem
3300 3676 3390 3717 re-

1806 3751 1970 3819 spicit
2007 3769 2017 3804 :
2054 3750 2216 3803 etiam
2268 3758 2442 3807 mater
2487 3752 2554 3806 ad
2594 3755 2715 3822 ejus
2762 3755 2952 3809 oculos
2987 3756 3158 3808 aciem
3202 3754 3387 3811 inten-

1808 3838 2005 3895 dens:
2058 3841 2443 3913 Negligenlize,
2495 3844 2693 3913 inquit,
2747 3857 2950 3902 nostra:
2996 3846 3215 3903 desinas
3257 3862 3386 3904 suc-

1809 3944 2053 3985 censere.
2120 3931 2260 3987 Ecce
2310 3933 2409 3987 tibi
2466 3934 2606 3988 bona
2663 3935 2766 3988 ﬁde
2812 3938 3051 3990 solutum
3098 3937 3243 4006 quod
3295 3937 3388 3992 illa

1808 4022 2135 4091 promiserat
2181 4042 2194 4077 :
2235 4039 2421 4078 veram
2483 4026 2629 4079 enim
2690 4026 3005 4080 morborum
3062 4028 3386 4083 medicinam

1811 4128 1932 4182 qua:
1956 4113 2212 4182 precibus
2245 4114 2323 4179 tit,
2357 4115 2517 4169 nobis
2552 4115 2821 4178 exhibuit,
2864 4118 3023 4186 cujus
3056 4135 3117 4171 ca
3165 4119 3246 4174 vis
3284 4118 3389 4174 fuit

1810 4212 1872 4260 ut
1902 4220 1968 4259 ne
2008 4206 2295 4275 vestigium
2344 4207 2561 4277 quidem
2617 4210 2790 4264 morbi
2828 4210 2883 4264 in
2928 4211 3089 4264 oculo
3136 4212 3386 4267 relictum

1811 4298 1902 4363 sit,
1937 4299 2074 4354 adeo
2105 4300 2290 4354 divino
2320 4301 2412 4355 illo
2461 4302 2858 4358 medicamento
2892 4304 2981 4357 ille
3011 4313 3237 4359 curatus
3281 4315 3386 4360 est.

1810 4390 1987 4461 Atque
2044 4392 2118 4445 ita
2176 4392 2407 4461 loquens
2456 4393 2677 4447 ﬁliolam
2740 4396 3084 4465 suscipiens,
3146 4397 3281 4451 mihi
3332 4397 3386 4451 in

1810 4499 2009 4541 manus
2052 4485 2300 4539 tradidit.
2336 4485 2491 4541 Tunc
2522 4504 2621 4556 ego
2665 4487 2933 4541 miracula
2968 4504 3088 4557 quae
3122 4488 3178 4542 in
3211 4486 3392 4543 Evan-

116 4583 499 4655 καθαρμένον.
556 4582 667 4635 Καὶ
720 4580 837 4651 ἅμα
886 4578 1057 4631 ταῦτα
1108 4576 1419 4640 διεξιοῦσα,
1468 4576 1604 4647 αὑτή
1649 4592 1690 4628 τε

1814 4577 1954 4647 gelio
2005 4587 2304 4633 narrantur
2361 4579 2708 4633 incredibilia
2764 4580 3095 4649 cogitatione
3150 4582 3392 4651 comple-

113 4677 183 4729 τὸ
244 4674 459 4727 παιδίον
504 4670 932 4743 ἐνηγκαλίζετο,
969 4668 1063 4720 καὶ
1110 4670 1228 4731 ταῖς
1282 4670 1439 4735 ἐμαῖς
1485 4669 1686 4721 ἐνετίθε

1813 4675 1965 4722 ctens
1998 4687 2011 4723 :
2049 4695 2066 4719 ι
2114 4667 2251 4735 Quid
2279 4670 2499 4732 mirum,
2531 4671 2777 4740 inquam,
2808 4688 2837 4727 e
2869 4686 3033 4725 manu
3082 4672 3175 4726 Dei
3216 4687 3393 4726 caecos

116 4767 308 4839 χερσί.
345 4764 515 4833 Κάγὼ
541 4764 665 4816 τότε
706 4762 776 4815 τὰ
810 4760 1187 4829 ἀπιστούμενα
1218 4760 1357 4813 κατὰ
1390 4760 1449 4812 τὸ
1468 4760 1715 4829 Εὐαγγέ-

114 4862 241 4913 λιον
273 4857 559 4927 θαύματα,
591 4857 658 4925 τῇ
702 4853 909 4923 διανοίᾳ
953 4850 1151 4914 λαϐὼν,
1212 4849 1275 4900 Τί
1325 4851 1489 4919 μέγα,
1539 4845 1712 4916 εἷπον,

112 4953 213 5005 διὰ
264 4950 447 5021 χειρὸς
496 4945 629 4999 Θεοῦ
676 4944 892 5012 τυφλοῖς
922 4942 1019 5003 τὰς
1062 4941 1213 5009 ὄψεις
1250 4940 1710 4994 ἀποκαθίσασθαι’

110 5043 291 5097 ὁπότε
323 5040 419 5093 νῦν
448 5040 482 5110 ἡ
524 5037 685 5107 δούλη
720 5035 908 5099 αὑτοῦ,
946 5034 1043 5097 τὰς
1074 5034 1246 5096 ἰάσεις
1284 5032 1493 5094 ἐκείνας
1520 5050 1717 5103 κατορ-

1811 4756 2032 4813 videndi
2081 4765 2405 4829 potestatem
2460 4761 2761 4830 accepisse,
2800 4762 3020 4831 quando
3069 4779 3218 4818 nunc
3272 4762 3394 4832 ejus

1814 4849 2009 4904 ancilla
2041 4866 2134 4919 per
2157 4851 2313 4905 tidem
2343 4854 2395 4903 in
2430 4852 2607 4921 ipsum
2633 4861 2859 4922 praestat
2889 4854 3011 4910 illas
3042 4855 3395 4910 curationes?

1814 4957 1951 5011 opus
1991 4944 2134 4997 enim
2197 4946 2497 5009 cernimus,
2554 4947 2693 5001 haud
2743 4948 2916 5001 multo
2973 4948 3251 5002 miraculis
3285 4948 3394 5002 illis

1820 5032 2070 5089 inferius.
2115 5055 2133 5087 ›
2170 5035 2295 5089 Haec
2340 5036 2431 5091 ille
2476 5037 2604 5091 u-ihi
2655 5039 2783 5094 dum
2840 5050 3063 5103 narrat,
3122 5040 3395 5111 singultus

113 5134 303 5188 θοῦσα
341 5132 408 5202 τῇ
436 5131 515 5191 είς
542 5128 704 5181 αὑτὸν
738 5126 939 5190 πίστει,
972 5124 1362 5195 κατείργασται
1398 5124 1627 5194 πρᾶγμα
1654 5140 1690 5176 οι

1820 5138 2009 5179 vocem
2056 5125 2176 5194 ejus
2230 5126 2540 5198 intercepit,
2577 5137 2628 5183 et
2684 5131 2974 5185 Subsecula
3008 5140 3091 5186 est
3121 5132 3275 5199 copia
3319 5132 3397 5185 la-

109 5226 265 5279 πολὺ
290 5225 400 5277 τῶν
425 5221 716 5293 θαυμάτων
742 5219 967 5271 ἐκείνων
994 5217 1439 5286 ἁπολειπόμενον;
1479 5236 1498 5269 ι
1533 5215 1690 5269 Ταῦτα

1822 5231 2153 5287 crymarum.
2191 5220 2369 5289 Atque
2398 5220 2510 5274 hac
2540 5221 2755 5291 quidem
2792 5238 2820 5274 a
2852 5223 3039 5277 milite.

108 5323 306 5390 λέγων
347 5317 563 5389 ’μεταξὺ
606 5315 798 5387 λυγμῷ
843 5317 941 5383 τὴν
987 5313 1167 5385 φωνὴν
1220 5314 1568 5378 ἐνεκόπτετο,
1646 5310 1755 5365 τῶν
1792 5311 2043 5381 δακρύων
2114 5315 2484 5385 ἐπιρῤυέντων
2534 5317 2609 5385 τῷ
2658 5317 2973 5387 διηγήματι.
3024 5318 3102 5371 Τά
3160 5319 3257 5389 μὲν
3305 5317 3396 5374 οῦν

106 5416 281 5488 παρὰ
312 5414 408 5469 τοῦ
440 5412 789 5484 στρατιώτου,
816 5414 1005 5466 ταῦτα.

192 5514 347 5565 Ὅσα
378 5510 434 5563 δὲ
469 5509 563 5561 καὶ
594 5507 729 5562 ἄλλα
766 5504 989 5560 τοιαῦτα
1024 5505 1177 5576 παρὰ
1204 5503 1309 5558 τῶν
1341 5503 1711 5573 συνεζηκὸτων

108 5608 294 5676 αὐτῇ,
328 5604 423 5657 καὶ
452 5602 517 5655 δι’
542 5599 827 5672 ἀκριϐείας
857 5599 923 5653 τὰ
968 5601 1082 5653 κατ’
1126 5598 1294 5667 αὑτὴν
1337 5596 1713 5664 ἐπισταμένων

106 5699 470 5773 ἠκούσαμεν,
501 5695 600 5748 οὑκ
630 5693 870 5762 ἀσφαλὲς
904 5688 1056 5761 οἶμαι
1082 5691 1395 5762 προσθεῖναι
1427 5689 1503 5757 τῷ
1531 5689 1717 5758 διηγή-

109 5808 286 5865 ματι.
328 5788 390 5842 OE
422 5788 528 5858 γὰρ
561 5785 743 5839 πολλοὶ
772 5786 876 5840 τῶν
919 5782 1217 5853 ἀνθρώπων
1248 5782 1382 5851 πρὸς
1413 5780 1477 5833 τὰ
1508 5780 1715 5833 ἑαυτῶν

1890 5496 2021 5563 Qum
2061 5504 2243 5552 autem
2278 5499 2345 5553 ab
2382 5499 2492 5555 illis
2527 5500 2619 5568 qui
2657 5500 2817 5553 simul
2854 5515 2975 5553 cum
3018 5518 3077 5554 ca
3124 5503 3398 5569 vixerunt,

1820 5592 2023 5663 quique
2077 5607 2294 5645 onmem
2350 5592 2496 5647 illius
2544 5594 2708 5647 vitam
2757 5595 2915 5664 plane
2961 5605 3299 5664 perspectam
3347 5608 3401 5652 et

1822 5689 2093 5758 cognitam
2136 5687 2405 5742 habebant
2439 5687 2768 5755 acceperim,
2812 5688 2941 5741 huic
2986 5670 3291 5743 narrationi
3313 5696 3401 5745 at-

1823 5782 2055 5836 terenda
2094 5796 2200 5835 non
2248 5795 2445 5837 censeo
2478 5798 2491 5834 :
2526 5780 2771 5851 plerique
2814 5780 2959 5837 enim
2997 5797 3095 5851 pro
3127 5798 3192 5839 eo
3223 5796 3401 5852 quan-
