3834 6400
515 243 623 304 999

1729 239 1786 296 S.
1819 239 2144 298 GREGORII
2174 237 2470 296 NYSSENI

3641 242 3760 299 ιωι

509 373 625 418 tum
653 362 755 434 ipsi
778 369 1008 433 possunt
1033 359 1264 423 edicere,
1289 365 1523 414 credunt
1549 371 1615 413 ca
1644 373 1766 430 quae
1793 359 2071 423 dicuntur,

2182 357 2353 428 μέτρα
2364 357 2425 410 τὸ
2442 355 2628 412 πιστὸν
2645 357 2702 410 ἐν
2718 357 2828 420 τοῖς
2840 356 3152 428 λεγομένοις
3166 356 3436 429 κρίνουσι·
3451 355 3524 409 τὸ
3537 356 3602 410 δέ
3623 359 3761 429 ὑπερ-

509 471 632 526 ηυαι
652 471 779 510 vero
811 453 1080 508 audientis
1114 459 1373 522 superant
1419 453 1582 515 vires,
1613 459 1874 521 tanquam
1907 467 1938 504 a
1975 468 2071 508 ve-

508 548 670 602 ritate
714 553 921 601 remota
953 543 1221 600 mendacii
1267 544 1674 614 suspicionibus
1707 543 2070 600 insectantur.

507 636 744 691 Proinde
775 635 1081 691 mirandam
1115 635 1260 690 illam
1303 635 1359 689 in
1395 635 1622 706 penuria
1661 643 1716 690 et
1745 635 1888 690 fame
1924 635 2071 704 agri-

505 730 777 785 culturam
816 728 1191 799 praetermitto.
1220 726 1504 794 Quomodo
1533 728 1588 782 in
1616 742 1913 797 pauperum
1941 743 2073 783 usus

505 819 812 889 projectum
836 819 1193 881 frumentum,
1229 832 1329 872 nec
1355 817 1483 872 dum
1510 817 1950 883 distribueretur,
1974 833 2073 874 nec

505 918 652 979 post,
685 909 1030 963 imminutum
1057 909 1147 972 sit,
1182 909 1275 964 sed
1304 908 1491 964 eadem
1526 923 1780 964 mensura
1817 925 2074 964 numero-

509 1017 613 1073 que
654 1003 1058 1072 permanserit:
1091 1001 1307 1071 aliaque
1360 1001 1446 1056 his
1494 1003 1651 1072 longe
1696 1002 1871 1073 magis
1903 1003 2074 1057 admi-

511 1046 613 1073 ‘I‘V
655 1046 1015 1072 I’"""'""""'
1046 1046 1058 1054 '
1091 1046 1307 1071 "'""‘I“'"
1361 1046 1446 1056 ""'
1494 1046 1651 1072 "'"D"
1698 1046 1870 1073 "'0'"
1903 1046 2044 1057 """""

456 1046 700 1172 Iranda,
751 1093 1064 1148 morborum
1111 1093 1441 1159 curationes,
1493 1095 1840 1164 expulsiones
1873 1095 2075 1150 dmino-

506 1200 636 1240 num
665 1192 721 1239 et
743 1199 900 1240 veras
930 1183 1238 1239 futurorum
1270 1185 1681 1255 praedictiones:
1703 1201 1824 1256 qua:
1854 1186 2070 1257 quidem

505 1276 687 1330 omnia
743 1276 814 1331 iis
873 1276 967 1346 qui
1021 1275 1308 1346 diligenter
1349 1276 1740 1346 exploraruut,
1787 1292 1914 1332 vera
1952 1292 2073 1332 esse

503 1375 741 1432 constat,
790 1367 918 1422 licet
959 1366 1119 1422 ﬁdem
1170 1382 1430 1438 superare
1471 1367 1779 1431 videantur,
1813 1382 1914 1422 nec
1957 1367 2072 1421 ﬁeri

503 1458 748 1528 potuisse
776 1457 1092 1528 iudicentur
1127 1458 1196 1512 ab
1237 1457 1327 1522 iis,
1357 1474 1450 1529 qui
1487 1459 1639 1513 carni
1673 1459 1844 1529 magis
1871 1458 2072 1513 addicti

505 1554 656 1612 sunt,
694 1548 791 1618 qui
815 1548 1070 1604 nesciunt
1096 1548 1450 1619 proportione
1482 1548 1604 1602 ﬁdei
1641 1563 1926 1603 munerum
1958 1549 2074 1603 ﬁeri

503 1639 945 1696 distributionem
977 1659 992 1696 :
1028 1652 1082 1696 et
1115 1654 1282 1712 parva
1321 1639 1544 1711 quidem
1583 1641 1700 1695 dari
1747 1641 2074 1696 habentibus

2178 449 2360 501 ϐαῖνον
2388 449 2485 516 τὴν
2518 447 2611 501 τοῦ
2642 447 2928 511 ἀκούοντος
2959 447 3209 518 δύναμιν,
3249 449 3324 510 ὡς
3355 447 3467 510 ἔξω
3503 451 3616 518 τῆς
3646 450 3759 519 ἀλη-

2181 540 2352 603 θείας.
2379 542 2496 603 ταῖς
2517 539 2609 592 τοῦ
2632 539 2861 609 ψεύδους
2881 540 3155 603 ὑπονοίαις
3179 539 3491 611 ὑϐρίζουσι.
3511 540 3610 592 Διὸ
3635 557 3762 608 παρα

2180 631 2300 702 ίημι
2355 631 2453 701 τὴν
2505 631 2730 686 ἄπιστον
2780 631 2996 702 ἐκείνην
3048 632 3105 684 ἐν
3143 631 3221 702 τῷ
3272 631 3421 702 λιμῷ
3466 633 3761 702 γεωργίαν·
3824 703 3825 708 η

2178 723 2295 786 πῶς
2315 721 2708 794 ἐκϐαλλόμενος
2743 723 2772 776 ό
2808 723 2944 792 πρὸς
2966 723 3062 794 τὴν
3090 724 3278 794 χρείαν
3307 726 3479 786 σῖτος,
3514 722 3760 791 οὐδεμίαν
3823 711 3825 752 θ

2177 813 2431 883 αἴσθησιν
2452 813 2621 866 ἐποίει
2659 816 2756 883 τῆς
2781 813 3142 883 ὑφαιρέσεως,
3171 815 3231 866 ἐν
3260 813 3340 884 τῷ
3366 814 3558 883 ὁμοίῳ
3586 813 3760 882 δια.μέ-

2178 922 2284 960 νων
2335 905 2520 976 ὅγκῳ,
2571 906 2666 958 καὶ
2712 906 2841 976 πρὶν
2887 905 3100 975 διαδοθῇ
3147 909 3266 968 ταῖς
3311 906 3425 959 τῶν
3473 906 3760 958 αἰτούντων
3817 887 3825 902 ί

2177 996 2389 1066 χρείαις
2412 1012 2427 1026 ο
2462 998 2555 1050 καὶ
2584 996 2720 1067 μετά
2746 995 2904 1049 τοῦτο
2938 997 3033 1050 καὶ
3060 997 3194 1051 ἄλλα
3223 998 3434 1050 τούτων
3468 999 3759 1064 παραδοξόο

2176 1105 2342 1158 τερα*
2395 1088 2583 1143 παθῶν
2633 1090 2838 1153 ἰάσεις,
2873 1091 2968 1143 καὶ
3007 1090 3386 1161 δαιμονῶντων
3428 1067 3784 1159 καθάρσεις,⁴

2176 1180 2276 1232 καὶ
2301 1179 2550 1248 ἀψευδεῖς
2585 1181 2918 1250 προρρήσεις
2961 1181 3066 1232 τῶν
3099 1181 3515 1250 ἐκϐησομένων
3557 1181 3758 1233 ἅπαντα
3821 1215 3825 1230 ι

2177 1275 2289 1334 τοῖς
2322 1273 2421 1342 μὲν
2465 1273 2531 1326 δι’
2570 1272 2852 1341 ἀκριὸείας
2891 1274 3205 1340 ἐγνωκόσιν,
3257 1273 3439 1344 ἁληθῆ
3483 1267 3631 1324 εἶναι
3680 1280 3788 1332 πιοῖ

2181 1364 2468 1427 στεύεται,
2505 1364 2609 1418 κᾶν
2639 1365 2779 1437 ὑπὲρ
2809 1366 2991 1419 πίστιν
3125 1368 3217 1420 ἐπὶ
3257 1368 3315 1420 δὲ
3344 1368 3460 1420 τῶν
3497 1368 3758 1437 σαρκωδε-

2180 1459 2406 1530 στέρων.
2425 1458 2529 1522 ἔξω
2549 1457 2644 1511 τοῦ
2668 1458 3016 1528 ἐνδεχομένου
3033 1461 3327 1530 νομίζεται,
3354 1461 3407 1513 οἳ
3439 1462 3549 1513 οὐκ
3573 1462 3754 1524 ἴσασιν,

2177 1551 2260 1605 ὃτι
2292 1550 2433 1605 κατά
2459 1551 2558 1622 τὴν
2587 1551 2876 1620 ἀναλογίαν
2906 1551 3007 1620 τῆς
3023 1553 3277 1617 πίστεως,
3301 1554 3400 1608 καὶ
3423 1555 3460 1621 ἡ
3488 1552 3602 1604 τῶν
3627 1571 3757 1621 χαρι-

2181 1643 2406 1713 σμάτων
2417 1643 2648 1715 διανομὴ
2662 1643 3040 1715 παραγίνεται·
3067 1644 3237 1714 μικρά
3259 1644 3358 1713 μὲν
3372 1644 3755 1711 ὀλιγοπίστοις,

503 1744 727 1798 parvam
760 1728 941 1795 ﬁdem,
981 1745 1178 1801 magna
1223 1737 1406 1785 autem
1453 1729 1562 1785 illis
1597 1730 1690 1799 qui
1735 1730 1940 1800 ingenti
1974 1730 2077 1785 tide

2182 1735 2389 1805 μεγάλη
2430 1735 2487 1788 δὲ
2516 1737 2630 1798 τοῖς
2655 1734 2855 1806 πολλὴν
2885 1734 3100 1805 ἔχουσιν
3129 1735 3187 1790 ἐν
3220 1736 3444 1798 ἑαυτοῖς
3480 1734 3583 1804 τὴν
3614 1735 3758 1805 seps.

501 1821 714 1892 praediti
760 1830 910 1879 sunt.
964 1822 1331 1889 Quamobrem
1387 1836 1456 1878 ne
1505 1821 1850 1877 oﬂ’endantur
1885 1822 1978 1892 qui
2008 1821 2077 1876 ad

501 1911 835 1968 credendum
883 1912 1084 1968 divinis
1127 1913 1450 1968 muneribus
1491 1921 1620 1968 sunt
1667 1912 2074 1976 imbecilliores,

501 2004 827 2060 sublimiora
890 2005 1039 2061 illius
1104 2005 1370 2061 miracula
1432 2004 1654 2060 silentio
1711 2005 2074 2075 praeterimus,

503 2098 639 2154 satis
683 2112 808 2153 esse
867 2098 1271 2164 existimantes,
1316 2097 1386 2153 iis
1433 2112 1554 2168 quae
1597 2097 1742 2161 dicta
1784 2104 1913 2155 sunt
1955 2096 2076 2165 ejus

504 2190 792 2246 historiam
823 2190 1165 2247 conclusisse

2174 1829 2381 1899 χωρίαν
2413 1829 2515 1899 τῆς
2543 1827 2902 1892 πίστεως.⁹ος
2935 1827 3000 1881 ἂν
3028 1823 3122 1881 οῦν
3152 1827 3225 1898 μὴ
3254 1811 3522 1898 βλαὸεἶεν
3550 1828 3600 1880 οί
3641 1829 3758 1879 ἀπι-

2174 1918 2435 1989 στότεροι,
2469 1919 2589 1980 ταῖς
2615 1915 2708 1970 τοῦ
2735 1915 2870 1970 Θεοῦ
2897 1915 3124 1986 δωρεαῖς
3147 1915 3517 1977 ἀπιστοῦντες
3534 1933 3550 1946 °
3582 1913 3755 1968 τούτου

2172 2008 2356 2062 ἕνεκεν
2385 2007 2619 2078 καθεξῆς
2651 2010 2883 2078 ἱστορεῖν
2911 2006 3042 2075 περὶ
3087 2005 3197 2060 τῶν
3238 2006 3608 2078 ὑψηλοτέρων
3643 2006 3758 2058 Ouu-

2176 2099 2359 2168 μάτων
2391 2099 2816 2171 παρῃτησάμην,
2849 2098 3039 2168 ἀρκεῖν
3069 2096 3371 2168 ἡγούμενος
3396 2100 3526 2163 τοῖς
3553 2100 3756 2170 εἰρημέ.
3821 2089 3825 2097 ⁴

2174 2207 2285 2255 νοις
2320 2190 2654 2262 περιγράψαι
2684 2190 2782 2260 τὴν
2817 2189 2946 2260 περὶ
2975 2187 3146 2258 αὐτῆς
3175 2190 3454 2260 ἱστορίαν.

1570 2603 1701 2704 ΙΙ.
1784 2645 1884 2679 ι--ι
1984 2600 2684 2706 EPISTOLZE.

1107 3002 1442 3060 EPISTOLA
1481 3004 1522 3060 Ι.

2763 3002 3109 3065 ΕΠΙΣΤΟᾹΗ
3145 3012 3217 3068 Ᾱ⁸.

923 3187 1120 3245 Contra
1171 3187 1502 3245 llelladium.
1559 3187 1771 3259 Scripta
1817 3195 1935 3258 post
1985 3186 2205 3242 Petrum
2255 3189 2604 3249 Sebastenum
2667 3210 2808 3249 anno
2861 3195 2969 3251 592
3013 3197 3333 3264 defunctum.

772 3367 1053 3438 Gregorius
1084 3365 1383 3438 Nyssenus,
1417 3365 1679 3422 Flaviano
1717 3375 1814 3437 (1).

579 3461 694 3514 Non
726 3460 932 3531 Optimo
965 3468 1118 3520 sunt.
1147 3460 1232 3512 vir
1259 3458 1373 3523 Dei,
1404 3473 1492 3514 res
1522 3467 1723 3514 nostra:
1757 3459 1896 3513 loco.
1943 3456 2078 3512 Nam

508 3551 651 3604 maia
700 3549 1104 3619 progredientia
1157 3547 1213 3602 in
1269 3548 1336 3603 iis
1387 3549 1480 3619 qui
1525 3563 1627 3603 nos
1664 3556 1720 3603 et
1767 3549 1993 3617 iujusto,
2027 3557 2082 3604 et

507 3641 674 3696 nullis
717 3641 786 3694 de
819 3641 1003 3695 causis
1043 3647 1298 3710 suscepto
1329 3647 1740 3711 prosequuntur
1773 3639 1925 3706 odio,
1971 3654 2082 3694 nou

505 3733 618 3804 jam
659 3732 890 3804 amplius
935 3732 1080 3786 intra
1123 3731 1498 3802 suspicionum
1541 3739 1597 3786 et
1639 3730 2080 3800 conjecturarum

511 3841 633 3881 sese
662 3824 1211 3890 limites.continent;
1250 3823 1345 3878 sed
1380 3823 1630 3879 libertate
1671 3837 1886 3878 summa
1913 3830 2082 3878 utun-

509 3924 620 3982 tur,
638 3917 795 3988 quasi
823 3917 868 3972 si
895 3917 1139 3987 prazclari
1169 3915 1298 3987 quid
1331 3915 1515 3987 operis
1538 3915 1942 3971 institueretur.
1973 3913 2081 3972 Vos
2113 3942 2116 3945 ·

511 4010 763 4074 interim,
825 4011 918 4079 qui
973 4009 1239 4064 hactenus
1311 4009 1584 4064 immunes
1642 4022 1673 4061 a
1730 4015 1884 4061 tanto
1940 4009 2083 4062 malo

512 4100 716 4165 fuistis,
741 4101 918 4171 ignavi
943 4101 1157 4156 scilicet
1182 4100 1317 4155 estis
1363 4099 1416 4153 in
1448 4098 1837 4170 exstinguenda
1866 4097 2081 4152 ﬂamma

510 4208 632 4262 quae
672 4193 924 4246 viciniam
974 4199 1211 4247 vestram
1246 4191 1515 4260 depascit,
1549 4206 1676 4245 cum
1726 4191 1761 4244 ii
1797 4192 1890 4260 qui
1937 4199 2083 4246 recte

512 4285 678 4338 rebus
705 4284 820 4338 suis
852 4283 1171 4345 consulunt,
1204 4282 1506 4336 vicinorum
1545 4283 1854 4338 incendium
1885 4296 2083 4352 magno

511 4373 695 4428 studio
725 4372 1065 4440 restinguant
1096 4381 1149 4425 et
1180 4385 1337 4440 opem
1369 4370 1566 4426 vicinis
1603 4371 1825 4426 ferendo
1857 4371 1936 4426 sic
1967 4387 2085 4441 pro-

514 4461 746 4531 spiciant
779 4460 882 4513 sibi
923 4467 982 4513 ut
1025 4461 1077 4514 in
1121 4461 1330 4514 eventis
1361 4459 1629 4515 similibus
1663 4461 1893 4514 aliorum
1924 4475 2080 4530 opem

514 4568 623 4606 non
663 4550 963 4620 requirant.
1014 4550 1083 4604 Et
1118 4550 1246 4618 quid
1283 4551 1497 4604 tandem
1555 4551 1687 4604 illud
1740 4558 1826 4604 est
1865 4549 1932 4606 de
1973 4566 2083 4620 quo

513 4644 744 4714 loquor?
793 4641 1034 4712 Reliquit
1087 4643 1227 4696 hanc
1273 4644 1438 4696 vitam
1484 4641 1694 4712 religio,
1730 4650 1824 4695 aut
1866 4642 2001 4713 fugit
2051 4657 2082 4696 a

2105 3372 2153 3435 C

2434 3371 2758 3440 Γρηγόριος
2787 3374 2821 3426 ὁ
2852 3369 3132 3438 Νύσσης,
3166 3373 3504 3439 Φλαὸιανῷ.

2251 3458 2364 3511 Οὐκ
2404 3459 2462 3511 ἐν
2487 3458 2688 3522 καλοῖς,
2711 3452 2757 3512 ὧ
2786 3459 3037 3530 ἄνθρωπε
3064 3461 3158 3514 τοῦ
3201 3460 3357 3525 Θεοῦ,
3392 3462 3468 3515 τὰ
3499 3461 3761 3533 ἡμέτερα,

2181 3547 2446 3619 Προῖόντα
2490 3548 2599 3620 γὰρ
2640 3550 2709 3602 τὰ
2751 3548 2914 3615 κακά,
2965 3550 3024 3603 ἐν
3063 3553 3176 3615 τοῖς
3219 3550 3281 3604 τὸ
3313 3552 3506 3607 ἄδικόν
3563 3571 3630 3606 τε
3685 3555 3762 3606 καὶ

2180 3641 2584 3710 ἀπροφάσιστον
2610 3641 2728 3694 καθ’
2761 3641 2916 3712 ἡμῶν
2943 3643 3206 3713 τιμήσασι
3234 3645 3415 3715 μῖσος,
3461 3647 3663 3700 οὐκέτι
3689 3646 3763 3698 διὰ

2185 3734 2508 3804 στοχασμῶν
2569 3725 2730 3788 τινων
2759 3735 3122 3812 ,ὑπονοεῖταυ
3185 3736 3299 3790 ἀλλ’
3355 3739 3418 3791 ἐν
3479 3740 3762 3811 παρρησία

2184 3823 2560 3889 σπουδάζεται,
2575 3824 2824 3896 καθάπερ
2845 3843 2897 3878 τι
2919 3825 3028 3878 τῶν
3050 3827 3267 3894 ἀγαθῶν
3288 3829 3759 3900 κατορθωμάτων.

2191 3915 2379 3986 Ὑμεῖς
2419 3916 2569 3982 δέ,οί
2608 3915 2744 3980 τέως
2791 3916 2895 3981 ἔξω
2935 3916 3086 3980 ὄντες
3135 3917 3227 3971 τοῦ
3271 3919 3519 3974 τοιούτου
3575 3923 3759 3986 κακοῦ,

2181 4005 2653 4076 καταρῤᾳθυμεῖτε
2675 4005 2768 4059 τοῦ
2795 4004 3000 4059 παῦσαι
3021 4009 3321 4080 νεμομένην
3341 4010 3400 4062 ἐν
3423 4013 3490 4079 τῇ
3527 4013 3763 4082 γειτονίᾳ

2181 4096 2280 4165 τὴν
2321 4095 2512 4164 φλόγαο
2539 4093 2726 4166 ὥσπερ
2755 4090 2847 4148 οὖν
2877 4095 2928 4146 οἱ
2957 4095 3136 4159 καλῶς
3163 4095 3289 4166 περὶ
3318 4097 3436 4149 τῶν.
3461 4097 3624 4152 ἰδίων
3653 4099 3763 4167 Sou-

2181 4182 2459 4254 λευόμενοι
2486 4181 2576 4237 τὸν
2599 4182 2708 4235 τῶν
2743 4183 2996 4250 γειτόνων
3023 4184 3345 4254 ἐμπρησμὸν
3389 4185 3450 4238 ἐν
3496 4187 3679 4258 πολλῇ
3705 4189 3760 4256 τῇ

2183 4274 2384 4344 σπουδῇ
2429 4273 2866 4339 καταστέλλουσι,
2892 4275 2959 4326 δι’
2983 4269 3056 4327 ὧν
3079 4277 3188 4338 τοῖς
3220 4275 3445 4345 πλησίον
3477 4276 3760 4349 βοηθοῦσι,

2182 4366 2241 4419 τὸ
2276 4365 2349 4436 μὴ
2383 4365 2640 4436 δεηθῆναι
2689 4366 2789 4432 τῆς
2831 4366 2922 4418 ἐπί
2962 4371 3072 4430 τοῖς
3097 4368 3297 4436 ὁμοίοις
3331 4367 3600 4437 βοηθείας
3632 4388 3761 4442 πρα-

2181 4457 2596 4526 γματευόμενοι.
2629 4455 2694 4508 Τί
2719 4453 2809 4510 οὖν
2847 4458 2990 4510 ἐστιν
3013 4457 3041 4508 ὃ
3087 4457 3263 4524 λέγω;
3309 4458 3664 4514 Ἑπιλέλοιπε
3684 4462 3763 4514 τὸν

2184 4547 2296 4617 βίον
2326 4549 2358 4618 ἡ
2395 4548 2609 4616 ὁσιότης
2631 4562 2644 4576 ⁶
2679 4547 2948 4614 πέφευγεν
2993 4549 3082 4615 ἀφ’
3117 4549 3332 4616 ήμῶνή
3365 4548 3641 4619 ἀλήθεια·
3675 4553 3762 4621 τῆς

2180 4642 2237 4694 δὲ
2281 4642 2502 4710 εἰρήνης
2538 4640 2799 4711 πρότερον
2835 4639 2934 4709 μὲν
2961 4639 3019 4692 τὸ
3056 4640 3182 4707 γοῦν
3212 4641 3378 4710 ὄνομα
3417 4644 3653 4713 εἴχομεν
3677 4661 3762 4696 πε-
3821 4642 3823 4651 “

514 4736 674 4791 nobis
723 4735 970 4790 veritas:
1028 4734 1179 4804 pacis
1229 4733 1460 4787 antehac
1507 4731 1700 4787 saltem
1749 4747 1946 4786 nomen
1986 4732 2077 4786 ha-

2186 4733 2536 4804 ριφερόμενον
2563 4732 2620 4783 ἐν
2649 4733 2760 4795 τοῖς
2799 4730 3049 4798 στόμασι,
3081 4728 3173 4782 νῦν
3201 4729 3257 4782 δὲ
3284 4729 3344 4782 οὐ
3379 4731 3551 4799 μόνον
3582 4734 3758 4804 ἐκείνη

513 4826 754 4888 buimus,
803 4825 948 4895 quod
1005 4823 1284 4879 hominum
1334 4838 1430 4877 ora
1481 4829 1885 4893 pervagaretur,
1935 4839 2080 4878 nunc

512 4934 623 4975 non
658 4919 748 4973 illa
767 4925 976 4972 tantum
994 4933 1264 4988 nusquam
1285 4925 1389 4974 est.
1425 4917 1517 4972 sed
1541 4933 1608 4971 ne
1637 4931 1835 4972 nomen
1863 4915 2080 4986 quidem

514 5012 689 5083 ipsius
729 5012 890 5066 nobis
931 5019 1198 5082 superest.
1245 5009 1312 5066 Ut
1345 5019 1520 5065 autem
1557 5009 1758 5064 clarius
1790 5010 2079 5078 intelligas,

512 5117 652 5172 quas
693 5117 781 5156 res
834 5110 940 5155 tam
986 5100 1209 5171 indigno
1240 5099 1482 5154 feramus
1517 5099 1718 5163 animo,
1750 5100 1938 5169 paucis
1987 5098 2083 5153 tibi

513 5194 834 5264 tragoediam
873 5193 1180 5263 explicabo.
1214 5190 1381 5246 Erant
1429 5189 1675 5244 nonnulli
1722 5191 1813 5262 qui
1863 5191 1931 5245 ad
1981 5205 2084 5246 nos

512 5283 810 5348 deferrent,
845 5282 1361 5338 reverendissimum
1415 5281 1590 5334 virum
1627 5277 1932 5334 Helladium
1980 5279 2080 5333 ho-

513 5376 624 5430 stili
661 5388 788 5445 erga
834 5391 934 5430 nos
968 5374 1151 5428 animo
1194 5372 1469 5436 allectum,
1506 5371 1570 5427 ad
1606 5386 1799 5426 omnes
1837 5385 2078 5426 comme-

515 5483 730 5523 morare
779 5484 863 5523 me
907 5467 1269 5522 maximorum
1320 5466 1422 5535 ipsi
1482 5465 1748 5519 malorum
1797 5472 2078 5520 auctorem

2177 4824 2276 4876 οὐκ
2318 4823 2482 4885 ἔστιν,
2512 4821 2624 4875 ἀλλ’
2655 4821 2775 4874 οὐδὲ
2821 4821 2881 4874 τὸ
2910 4820 3079 4890 ὄνομα
3106 4820 3275 4891 αὐτῆς
3301 4823 3438 4890 ἡμῖν
3484 4823 3758 4878 ὑπολέλειο

2179 4931 2329 4966 πται.
2375 4914 2463 4976 Ὠς
2487 4913 2530 4966 δ’
2567 4913 2631 4966 ἂν
2671 4912 2867 4982 εἰδείης
2901 4914 3232 4982 σαφέστερον
3276 4913 3417 4983 ὑπὲρ
3441 4906 3520 4967 ὧν
3555 4917 3758 4986 σχετλι-

2181 5005 2413 5080 άζομεν,
2455 5005 2522 5060 δι’
2565 5005 2762 5072 ὀλίγων
2814 5021 2894 5058 σοι
2937 5003 3035 5074 τὴν
3085 5006 3386 5075 τραγῳδίαν
3430 5008 3756 5080 ἐκθήσομαιν

2178 5095 2358 5152 Ἧσὰν
2385 5115 2543 5161 τινες,
2575 5099 2622 5150 οἱ
2651 5099 2740 5152 τὸν
2779 5097 3197 5167 αίδεσιμώτατον
3252 5098 3528 5152 Ἐλλάδιον
3555 5101 3758 5170 δυσμε-

2181 5191 2285 5253 νῶς
2311 5190 2444 5261 πρὸς
2464 5190 2496 5260 ἡ
2504 5191 2607 5260 μᾶς
2629 5188 2770 5259 ἔχειν
2791 5190 3250 5260 καταμηνύοντες,
3275 5190 3368 5244 καὶ
3385 5193 3530 5262 πρὸς
3556 5193 3758 5255 πάντας

2183 5281 2454 5346 διεξιέναι,
2487 5281 2561 5344 ὡς
2597 5280 2707 5332 τῶν
2753 5281 3022 5350 μεγίστων
3065 5281 3212 5352 αὐτῷ
3258 5283 3446 5336 κακῶν
3490 5284 3672 5350 αἴτιος
3697 5281 3760 5355 ἦν

2186 5372 2316 5440 ἐγώ.
2361 5364 2476 5423 Οὐκ
2503 5369 2798 5440 ἐπειθόμην
2824 5373 2936 5435 τοῖς
2977 5372 3305 5443 λεγομένοις,
3335 5373 3476 5444 πρὸς
3525 5377 3759 5447 ἐμαυτὸν

2186 5464 2278 5515 καὶ
2306 5460 2402 5533 τὴν
2441 5461 2498 5513 ἐν
2527 5464 2638 5525 τοῖς
2662 5463 2978 5534 πράγμασιν
3005 5464 3259 5536 ἀλήθειαν
3289 5464 3525 5539 βλέπων.
3597 5470 3683 5534 Ὡς
3705 5468 3758 5523 δὲ

587 5647 662 5722 (l)
701 5647 908 5704 Joanne
941 5645 1281 5704 Lcwenklaio
1318 5645 1634 5714 interprete.
1666 5674 1734 5684 —
1759 5642 1834 5697 Ex
1869 5643 1954 5698 ed.
1985 5659 2074 5698 an.
2116 5645 2271 5711 1658,
2306 5652 2345 5699 t.
2381 5643 2467 5710 lll,
2501 5644 2622 5698 645.
