3834 6476
154 378 281 432 ιι)οι

1347 367 1731 425 ΕΡΙΒΤΟΙιᾹΞ.
1769 398 1838 408 --
1872 365 2084 421 EPIST.
2134 366 2175 421 I.

3630 12 3679 21 vv

2144 118 2147 125 λ
3416 110 3421 119 ι

3246 363 3267 415 l
3279 349 3389 415 0οΞ

152 486 300 557 παρὰ
328 486 545 539 πάντων
573 484 867 555 ὁμοφώνως
911 482 978 535 τὰ
1012 483 1150 537 αὑτὰ
1200 476 1505 553 πρδςήμᾶς
1534 483 1716 551 ἁπηγ-

1830 495 1959 532 3550.
2020 478 2129 547 Ego
2172 491 2299 532 vero
2350 476 2477 541 illis,
2530 493 2651 546 qua:
2688 476 3018 539 dicerentur,
3064 479 3222 529 ﬁdem
3276 490 3388 529 non

152 578 389 646 γέλλετο,
430 578 524 631 καὶ
568 575 850 629 συνέϐαινε
888 577 1007 636 ταῖς
1048 575 1257 644 φήμαις
1288 574 1355 626 τὰ
1396 574 1714 644 πράγματα,

154 668 383 736 πρέπειν
404 665 588 736 ᾠήθην
609 665 682 735 μὴ
709 664 967 734 περιϊδεῖν
990 663 1360 733 ἀθεράπευτον
1380 662 1478 731 τὴν
1499 661 1720 732 ἄρριζον

153 760 246 816 καὶ
278 758 576 825 ἁφύτευτον
616 758 818 825 ταύτην
848 755 1182 825 δυσμένειαν.
1226 755 1315 806 Διὸ
1343 756 1436 808 καὶ
1464 753 1597 823 πρὸς
1624 753 1721 823 τὴν

156 853 252 921 σὴν
281 850 583 912 ἐπιστείλας
611 848 939 913 θεοσέϐειαν,
988 848 1081 899 καὶ
1113 846 1338 909 πολλοὺς
1365 846 1555 909 ἄλλους
1597 847 1722 909 τοὺς

149 943 483 1013 δυναμένους
531 940 899 1012 συμϐαλέσθαι
946 958 997 992 τι
1052 941 1185 1010 πρὸς
1231 939 1291 991 τὸ
1346 938 1720 1010 προκείμενον,

154 1035 247 1086 ἐπὶ
276 1034 371 1103 τὴν
401 1033 633 1103 σπουδὴν
661 1032 861 1101 ταύτην
890 1030 1258 1102 παρώρμησα.
1293 1031 1402 1084 Καὶ
1432 1030 1599 1093 τέλος,
1624 1030 1724 1100 τὴν

157 1128 378 1195 μνήμην
398 1124 490 1177 τοῦ
523 1124 931 1194 μακαριωτάτου
960 1122 1165 1193 Πέτρου
1196 1122 1345 1190 παρὰ
1369 1120 1725 1190 Σεϐαστηνοῖς

156 1217 385 1287 πρώτως
416 1215 687 1284 ἀγομένην
715 1214 1049 1277 ἐπιτελέσας,
1077 1213 1173 1265 καὶ
1199 1211 1296 1276 τὰς
1326 1212 1566 1283 συνήθως
1597 1213 1724 1281 παρ’

155 1308 333 1360 αὑτῶν
364 1306 779 1375 ἐπιτελουμένας
807 1304 915 1357 τῶν
960 1304 1132 1372 ἁγίων
1164 1302 1451 1374 μαρτύρων
1482 1304 1723 1373 μνήμας,

154 1400 248 1451 τὸν
286 1399 445 1451 αὑτὸν
487 1398 677 1468 χρόνον
722 1396 1186 1465 συνδιαγαγόντων
1226 1397 1441 1468 ἐκείνῃο
1496 1398 1588 1450 ἐπὶ
1627 1396 1727 1466 τὴν

154 1488 394 1559 ἐμαυτοῦ
442 1491 601 1543 πάλιν
655 1489 976 1561 Ἐκκλησίαν
1022 1488 1380 1560 ὑπέστρεφον.
1430 1487 1537 1540 Καί
1588 1505 1728 1551 τινος

156 1582 498 1652 μηνύσαντος
538 1581 677 1634 κατὰ
722 1580 816 1651 τήν
842 1580 1056 1651 ὀρεινὴν
1087 1579 1248 1633 αὑτὸν
1273 1581 1485 1649 ἐνορίαν
1523 1578 1727 1646 διάγειν

156 1672 453 1743 μαρτύρων
491 1671 841 1725 ἐπιτελοῦντα
888 1670 1130 1741 μνήμας,
1171 1669 1239 1723 τὰ
1278 1670 1377 1739 μὲν
1414 1669 1604 1741 πρῶτα
1629 1669 1728 1739 τῆς

150 1763 277 1817 ὀδοῦ
307 1762 551 1834 εἰχόμην,
599 1763 1031 1833 εὐπρεπέστερον
1078 1758 1217 1816 εἶναι
1249 1762 1448 1833 κρίνων
1492 1762 1584 1814 ἐπὶ
1632 1763 1728 1831 τῆς

156 1854 547 1925 μητροπόλεως
598 1853 852 1923 γενέσθαι
901 1853 1000 1923 τὴν
1049 1854 1354 1923 συντυχίαν.
1417 1854 1502 1915 Ὠς
1546 1852 1602 1905 δέ
1645 1871 1729 1917 τις

153 1945 265 1997 τῶν
320 1944 556 2014 γνησίων
604 1945 745 1997 κατὰ
789 1945 1025 2016 σπουδήν
1073 1962 1163 2014 μοι
1212 1942 1591 2013 συντετύχηκε,
1634 1944 1727 1996 καὶ

154 2038 459 2107 ἀρρωστεῖν
508 2037 671 2089 αὑτὸν
716 2034 1166 2089 διεϐεϐαιώσατο·
1215 2033 1526 2089 καταλιπὼν
1567 2036 1625 2086 ἐν
1650 2034 1728 2104 τῷ

150 2127 305 2195 τόπῳ
325 2128 385 2181 τὸ
415 2127 620 2198 ὄχημα,
644 2129 701 2181 ἐν
734 2120 777 2195 ᾧ
804 2126 956 2198 παρὰ
988 2128 1088 2197 τῆς
1110 2126 1361 2195 τοιαύτης
1384 2124 1727 2196 κατ-ἐλήφθην

153 2220 367 2290 φήμης,
409 2219 557 2288 ἵππῳ
585 2218 646 2271 τὸ
679 2218 881 2288 μεταξὺ
913 2217 1124 2286 διῆλθον
1157 2216 1447 2287 διάστημα,
1480 2215 1730 2286 κρημνῶ-

152 2311 245 2370 δες
288 2309 381 2360 καὶ
423 2308 601 2375 ὀλίγου
629 2308 927 2378 ἁπόρευτον
954 2310 1073 2370 ταῖς
1109 2307 1471 2378 τραχυτάταις
1499 2306 1725 2370 ἀνόδοις.

153 2396 267 2451 Ἦν
316 2400 373 2452 δέ
415 2398 805 2452 πεντεκαίδεκα
859 2402 1078 2469 σημεῖα,
1123 2394 1206 2463 οἷς
1252 2401 1312 2452 τὸ
1356 2400 1415 2452 ἐν
1456 2398 1533 2469 τῷ
1579 2398 1729 2469 μέσῳ

152 2492 492 2561 διεμετρεῖτο
528 2491 824 2561 διάστημα.
853 2491 1072 2544 Τούτων
1103 2492 1169 2545 τὰ
1211 2492 1309 2561 μὲν
1341 2493 1404 2545 ἐκ
1446 2492 1621 2557 ποδὸς,
1660 2491 1729 2547 τὰ

153 2584 215 2636 δέ
240 2584 325 2636 διὰ
364 2583 459 2635 τοῦ
488 2584 655 2636 ἵππου
687 2584 840 2654 μόλις
878 2583 1120 2649 διελθὼν,
1154 2584 1390 2655 ὄρθριος.
1442 2584 1594 2656 μέρει
1623 2585 1729 2638 τινὶ

156 2674 253 2727 καὶ
278 2673 375 2743 τῆς
394 2673 587 2737 νυκτὸς
613 2674 1074 2745 συγχρησάμενος,
1105 2675 1245 2729 κατὰ
1266 2676 1363 2747 τὴν
1388 2675 1607 2747 πρώτην
1631 2676 1730 2747 τῆς

152 2765 369 2837 ἡμέρας
394 2766 545 2836 ὤραν
594 2766 889 2836 ἐφίσταμαι
938 2769 1050 2829 τοῖς
1096 2767 1541 2837 Ἀνδουμοκίνοις.
1575 2767 1729 2821 Οὑτω

155 2858 269 2928 γὰρ
312 2856 638 2927 ὀνομάζεται
672 2858 734 2910 τὸ
782 2858 997 2929 χωρίον,
1054 2862 1111 2912 ἐν
1154 2852 1198 2926 ᾧ
1242 2855 1309 2930 ἦν
1354 2859 1730 2930 ἐκκλησιάζων

156 2951 365 3011 ἐκεῖνος
393 2948 530 3018 μετὰ
553 2948 726 3001 ἄλλων
755 2949 1066 3003 ἐπισκόπων
1095 2949 1205 3003 δύο.
1243 2951 1490 3004 Ἀπωθεν
1516 2950 1573 3003 δὲ
1597 2968 1728 3005 κατε

156 3040 356 3103 ιδόντες
398 3040 456 3104 ἐξ
498 3040 721 3111 αὐχένος
763 3040 905 3103 τινὸς
947 3040 1337 3112 ὑπερκειμένου
1390 3041 1490 3111 τῆς
1537 3042 1730 3113 κώμης

153 3132 255 3203 τὴν
279 3133 337 3184 ἐν
363 3132 439 3201 τῷ
465 3131 716 3202 ὑπαίθρῳ
746 3132 847 3200 τῆς
871 3133 1163 3204 ἐκκλησίας
1202 3134 1524 3205 συνδρομήν,
1567 3133 1729 3204 βάδην

152 3224 249 3276 τὸν
292 3223 492 3293 μεταξὺ
521 3223 805 3294 διήλθομεν
835 3225 1016 3290 τόπον,
1058 3226 1122 3278 ἐκ
1150 3226 1307 3289 πώός
1355 3243 1413 3278 τε
1455 3225 1732 3297 προϊόντες

158 3315 275 3383 ἐγὼ
309 3315 400 3369 καὶ
430 3318 464 3385 ή
516 3316 632 3385 μετ’
665 3316 798 3385 ἐμοῦ
842 3316 1076 3378 συνοδία,
1116 3316 1208 3370 καὶ
1247 3316 1373 3380 τοὺς
1421 3317 1614 3379 ἵππους
1645 3315 1734 3369 διὰ

152 3404 337 3474 χειρὸς
371 3405 739 3474 ἐφελκόμενοι.
788 3406 948 3458 Ὥστε
987 3406 1187 3475 φθάσαι
1224 3405 1357 3476 ὁμοῦ
1404 3406 1473 3458 τὰ
1518 3405 1611 3458 δύο
1643 3423 1735 3473 γε-

149 3494 363 3556 νέσθαι,
399 3494 604 3548 ἐκεῖνόν
650 3513 709 3547 τε
743 3496 808 3549 ὲκ
850 3496 948 3566 τῆς
991 3496 1283 3566 ἐκκλησίας
1318 3498 1408 3549 ἐπὶ
1432 3497 1530 3566 τὴν
1560 3499 1735 3550 οίκίαν

154 3587 519 3657 ὑποστρέψαι,
550 3588 644 3640 καὶ
680 3590 828 3658 ἡμᾶς
863 3589 1153 3658 πλησιάσαι
1182 3589 1259 3659 τῷ
1284 3590 1583 3661 μαρτυρίῳ.
1611 3592 1734 3660 Mr}-

150 3677 352 3746 δεμιᾶς
384 3678 442 3730 δὲ
472 3679 767 3749 γενομένης
809 3680 1094 3750 ἀναϐολῆς,
1124 3679 1375 3751 ἐπέμφθη
1403 3682 1529 3751 παρ’
1580 3681 1735 3751 ήμῶν

148 3771 184 3822 ὀ
224 3769 479 3840 μηνύσων
516 3771 661 3842 αὑτῴ
698 3771 795 3841 τὴν
828 3773 1160 3843 παρουσίαν’
1192 3773 1289 3825 καὶ
1321 3773 1515 3844 μικροῦ
1554 3774 1735 3841 διαγε-

148 3860 373 3928 γονότος
394 3861 780 3933 διαστήματος,
801 3864 829 3914 ό
858 3864 1295 3936 ὑπηρετούμενος
1321 3865 1469 3936 αὑτῷ
1491 3865 1733 3929 διάκονος

150 3952 450 4023 συνέτυχεν
480 3956 632 4024 ἡμῖν,
670 3955 729 4007 ὃν
773 3955 1222 4026 παρεκαλέσαμεν
1254 3955 1341 4008 διὰ
1388 3955 1584 4026 τάχους
1633 3974 1734 4026 μη-

148 4040 337 4106 νῦσαι,
401 4040 540 4094 ὥστε
586 4043 680 4095 ἐπὶ
730 4045 890 4097 πλέον
930 4043 1079 4113 αὐτῷ
1124 4044 1518 4113 συνδιαγαγεῖν,
1560 4045 1645 4116 ἐφ’
1690 4040 1735 4114 ᾧ

142 4150 211 4185 τε
245 4134 441 4203 καιρὸν
471 4135 672 4204 εὑρεῖν,
703 4137 837 4205 πρδς
866 4136 926 4189 τὸ
962 4136 1125 4207 μηδὲν
1153 4137 1506 4207 περιοφθῆναι
1540 4138 1647 4189 τῶν
1674 4138 1733 4190 ἐν

144 4226 290 4291 ἡμῖν
324 4224 714 4294 ἀθεράπευτον.
769 4228 921 4281 Μετὰ
962 4226 1118 4280 τοῦτο
1162 4227 1273 4295 ἐγὼ
1323 4228 1421 4296 μὲν
1452 4228 1732 4299 ἐκαθήμην

144 4316 297 4368 κατά
349 4317 407 4368 τὸ
457 4316 739 4390 ὕπαιθρον,
773 4320 1057 4389 ἀναμένων
1109 4320 1200 4371 τὸν
1240 4320 1606 4385 είσκαλοῦντα,
1641 4321 1734 4373 καὶ

142 4408 497 4478 προεκείμην
546 4410 772 4481 ἄκαιρον
826 4411 1001 4480 θέαμα
1049 4414 1159 4476 τοῖς
1223 4411 1544 4481 ἐπιδημοῦσι
1595 4411 1733 4464 κατὰ

1771 3573 1799 3609 λε

1821 572 2084 626 habebam
2119 584 2134 623 :
2169 578 2227 624 ut
2268 570 2359 638 qui
2402 578 2455 623 et
2492 570 2731 639 ipsarum
2765 585 2944 624 rerum
2977 570 3263 623 veritatem
3303 567 3390 622 in-

1821 672 2025 717 tuerer.
2052 664 2119 714 At
2147 675 2269 715 eum
2300 662 2367 715 ab
2395 663 2651 717 omnibus
2677 663 2865 717 eadem
2898 661 3085 717 eodem
3114 659 3262 715 velut
3293 672 3391 713 ore

1822 755 1982 809 nobis
2026 755 2494 818 renuntiarentur,
2531 762 2765 825 cumque
2796 755 3108 810 rumoribus
3134 755 3265 823 ipsa:
3296 765 3387 806 res

1822 847 2199 908 convenirent,
2225 847 2417 901 decere
2453 861 2539 900 me
2568 847 2891 911 statuebam,
2924 858 2983 899 ut
3013 863 3081 901 ne
3112 843 3387 900 hostilita-

1824 949 1929 990 tem
1976 938 2115 992 hanc
2166 939 2468 991 incuratam
2523 938 2867 1008 negligerem,
2921 936 3218 1006 praesertim
3265 950 3387 1005 quae

1824 1029 2058 1083 necdum
2107 1029 2319 1083 radices
2369 1029 2553 1084 ﬁrmas
2603 1031 2825 1099 egisset.
2883 1031 3067 1099 Itaque
3117 1037 3263 1083 tuam
3319 1028 3388 1082 ad

1824 1121 2101 1188 pietatem,
2135 1122 2444 1190 multosque
2468 1122 2602 1176 alios
2633 1122 2852 1191 scriptis
2890 1122 3101 1185 litteris,
3129 1122 3220 1191 qui
3251 1136 3386 1175 con-

1827 1213 1969 1268 ferre
1998 1215 2156 1269 nobis
2190 1214 2395 1284 aliquid
2419 1214 2485 1268 ad
2521 1213 2623 1268 hoc
2670 1214 2972 1269 institutum
3008 1224 3249 1282 possent,
3280 1228 3391 1267 mo-

1828 1306 1919 1358 nui
1953 1306 2091 1359 hanc
2119 1313 2177 1358 ut
2213 1306 2268 1359 in
2312 1320 2498 1359 curam
2543 1306 2951 1360 incumberetis.
2986 1303 3226 1360 Tandem
3265 1319 3390 1359 cum

1827 1397 2145 1449 memoriam
2213 1396 2514 1451 beatissimi
2576 1395 2757 1459 Petri,
2817 1412 2938 1466 qua:
2994 1404 3109 1450 tum
3157 1395 3390 1465 primum

1828 1488 2091 1541 celebrari
2114 1495 2290 1556 empta
2318 1496 2481 1553 esset,
2507 1487 2649 1557 apud
2676 1486 3004 1541 Sebastcnos
3036 1485 3389 1556 peregissem,

1837 1580 2131 1649 itidemque
2163 1580 2492 1649 reliquorum
2543 1579 2664 1633 ﬁdei
2701 1581 2938 1642 testium,
2986 1579 3077 1649 qui
3109 1588 3168 1632 ut
3202 1576 3391 1633 eodem

1817 1669 1953 1725 eum
1984 1669 2143 1724 Petro
2174 1672 2425 1724 vixerunt
2453 1679 2713 1739 tempore,
2745 1672 2817 1723 ita
2846 1671 3107 1726 celebrari
3135 1685 3243 1724 una
3266 1684 3390 1724 cum

1832 1763 1948 1832 ipso
1977 1772 2377 1817 consueverunt
2407 1782 2420 1817 :
2455 1776 2721 1816 converso
2761 1762 2953 1816 itinere
2996 1776 3169 1815 meam
3205 1776 3293 1816 me
3323 1761 3393 1814 ad

1832 1852 2129 1908 Ecclesiaut
2165 1854 2511 1922 recipiebam.
2544 1852 2668 1907 Rrec
2701 1868 2821 1906 cum
2847 1853 3207 1922 signiﬁcasset
3234 1850 3395 1905 nobis

1830 1944 2073 2014 quidam,
2120 1944 2318 2014 degere
2369 1942 2669 1998 llelladium
2716 1943 2770 1996 in
2818 1943 3061 1997 ﬁnitimis
3093 1942 3394 2007 montibus,

1832 2042 2240 2105 martyrumque
2272 2036 2591 2090 memoriam
2628 2049 2883 2103 peragere
2915 2052 2927 2087 :
2962 2034 3136 2103 primo
3174 2032 3396 2103 quidem

1832 2126 2081 2180 instituto
2111 2128 2164 2180 in
2201 2127 2395 2182 itinere
2424 2128 2735 2197 pergebam,
2769 2126 2913 2195 quod
2945 2124 3116 2195 magis
3152 2140 3275 2180 esse
3300 2124 3397 2179 de-

1830 2232 1962 2271 coro
1989 2228 2411 2272 consentaneum
2458 2225 2729 2286 putarem,
2773 2226 2832 2269 ut
2866 2217 2980 2286 ipsa
3016 2217 3069 2270 in
3110 2215 3392 2284 metropoli

1833 2307 2107 2361 hominem
2125 2309 2490 2364 convenirem.
2510 2309 2709 2363 Verum
2742 2308 2833 2363 ubi
2862 2316 3217 2379 cognatorum
3243 2308 3396 2378 quis-

1831 2401 1972 2469 piam
2014 2400 2140 2454 data
2187 2416 2353 2471 opera
2391 2417 2477 2457 me
2521 2401 2867 2467 accessisset,
2916 2410 3077 2471 atque
3116 2401 3394 2455 hominem

1832 2493 2057 2547 adversa
2078 2494 2386 2549 valetudine
2406 2494 2654 2549 laborare
2684 2508 2782 2564 pro
2813 2502 2965 2549 certo
2985 2494 3392 2548 conﬁrmasset:

1830 2581 2021 2635 relicto
2051 2580 2251 2635 ibidem
2273 2596 2462 2644 curru,
2489 2582 2580 2635 ubi
2611 2583 2860 2636 nuntium
2888 2581 3032 2636 hunc
3056 2596 3393 2652 acceperam,

1834 2662 1976 2741 eqtto
2009 2671 2278 2742 reliquum
2331 2673 2545 2727 itineris
2590 2673 2932 2728 intervallum
2979 2672 3209 2737 confeci,
3264 2688 3397 2729 sane

1831 2778 2070 2833 praeceps
2111 2772 2166 2817 et
2193 2764 2336 2833 quod
2374 2764 2445 2818 ob
2491 2779 2755 2820 ascensus
2784 2765 3115 2834 asperrimos
3154 2780 3323 2835 prope
3364 2780 3395 2817 a

1830 2854 1989 2908 nobis
2021 2854 2296 2925 peragrari
2339 2870 2444 2908 non
2475 2863 2682 2923 posset.
2723 2853 2972 2926 Spatium
3014 2855 3214 2924 ipsum,
3249 2855 3395 2926 quod

1830 2948 1990 3003 nobis
2019 2947 2379 3002 emetiendum
2410 2956 2547 3013 erat,
2583 2948 2816 3003 habebat
2847 2947 3097 3002 milliaria
3129 2949 3197 3003 ad
3226 2948 3395 3018 quin-
3480 2970 3481 2973 η

1830 3040 2025 3094 decim.
2055 3038 2180 3095 Haec
2203 3040 2293 3094 ubi
2322 3042 2517 3109 partim
2543 3041 2771 3111 pedibus
2799 3042 2993 3111 partim
3014 3056 3155 3111 equo
3183 3049 3394 3103 vectus,

1832 3132 1922 3185 vix
1963 3132 2230 3187 matutino
2266 3143 2525 3201 tempore,
2575 3141 2738 3201 atque
2780 3132 2943 3187 etiam
2992 3134 3171 3203 aliqua
3214 3135 3395 3189 noctis

1834 3230 1986 3292 parte
2013 3224 2390 3285 absolvissem,
2420 3226 2594 3293 prima
2618 3225 2723 3279 diei
2759 3225 2891 3279 hora
2911 3226 3023 3295 jam
3060 3226 3396 3282 Andumoei-

1832 3314 1919 3369 nis
1971 3330 2141 3369 eram.
2191 3314 2324 3370 Nam
2367 3316 2472 3371 hoc
2514 3317 2633 3371 loco
2679 3317 2754 3371 illi
2784 3329 2900 3372 erat
2944 3333 3161 3380 nomen,
3194 3318 3247 3371 in
3286 3333 3396 3387 quo

1834 3421 1958 3460 cum
1988 3408 2199 3463 duobus
2232 3409 2354 3464 aliis
2386 3409 2659 3478 episcopis
2704 3410 2756 3463 in
2804 3408 3083 3464 hominum
3112 3420 3258 3464 cmtu
3294 3409 3399 3464 fre-

1833 3496 2021 3565 quenti
2068 3497 2517 3552 concionabatur.
2572 3498 2817 3569 Cumque
2872 3499 3060 3568 procul
3108 3514 3139 3554 e
3184 3500 3398 3555 tumulo

1832 3586 2089 3657 quodam,
2135 3588 2226 3656 qui
2268 3588 2389 3643 vico
2442 3588 2778 3657 immineret,
2827 3590 3109 3645 concionis
3161 3592 3264 3647 sub
3307 3592 3399 3647 dio

1832 3692 2159 3731 concursum
2214 3679 2596 3736 vidissemus:
2641 3681 2907 3751 gradatim
2961 3682 3218 3753 deinceps
3269 3699 3398 3754 pro-

1833 3768 2004 3838 gressi
2032 3784 2221 3824 sumus
2256 3770 2487 3840 pedites,
2519 3780 2627 3825 tam
2669 3772 2783 3841 ipse
2814 3789 2976 3844 quam
3012 3776 3237 3831 comites
3267 3777 3396 3838 mei,

1833 3874 2107 3929 manuque
2147 3869 2368 3917 nostros
2401 3878 2572 3932 equos
2612 3863 2975 3918 ductavimus.
3016 3865 3136 3932 Quo
3170 3867 3396 3933 factum,

1834 3955 1892 4001 ut
1935 3950 2122 4004 eadem
2180 3950 2457 4005 celeritate
2506 3950 2615 4004 duo
2676 3951 2991 4013 conﬁerent,
3045 3953 3303 4008 nimirum
3340 3962 3399 4007 ut

1824 4041 1949 4110 ipse
1978 4040 2195 4095 domum
2239 4056 2271 4095 e
2303 4042 2566 4096 concione
2602 4042 2822 4107 rediret,
2860 4058 2924 4097 ac
2952 4057 3053 4097 nos
3096 4053 3397 4114 martyrum

1832 4131 1900 4184 ad
1932 4130 2109 4184 locum
2144 4130 2574 4198 perveniremus.
2609 4130 2795 4200 Neque
2826 4147 2977 4187 mora
3012 4132 3118 4186 ulla
3159 4134 3401 4202 interpo-

1834 4223 1937 4277 sita
1965 4222 2172 4276 missus
2218 4237 2247 4273 a
2282 4221 2439 4276 nobis
2478 4233 2582 4285 est,
2612 4224 2703 4291 qui
2739 4228 3027 4277 adventum
3070 4224 3117 4278 ei
3147 4233 3396 4279 nostrum

1832 4314 2135 4368 indicaret:
2169 4322 2224 4369 et
2253 4314 2417 4383 paulo
2462 4323 2586 4383 post
2612 4314 2860 4369 minister
2896 4317 3067 4384 ipsius
3099 4318 3151 4370 in
3183 4333 3283 4371 nos
3313 4319 3398 4386 i_n-

1834 4405 1987 4469 cidit,
2042 4420 2202 4475 quem
2250 4407 2561 4475 rogavimus
2610 4413 2669 4460 ut
2714 4407 2961 4461 celeriter
3008 4409 3074 4461 ad
3120 4424 3240 4463 eum
3284 4426 3397 4463 rem

138 4500 251 4569 τὴν
281 4500 516 4554 σύνοδον.
561 4500 663 4554 Καὶ
710 4502 898 4574 χρόνος
930 4503 1195 4571 διεγένετο
1246 4504 1343 4555 οὑκ
1390 4503 1587 4571 ὀλίγος,
1636 4505 1728 4556 καὶ

1836 4496 2095 4561 deferret,
2117 4512 2227 4566 quo
2247 4497 2456 4552 diutius
2481 4497 2625 4567 apud
2654 4498 2830 4567 ipsum
2862 4500 3066 4552 versari
3091 4515 3396 4569 possemus,

140 4590 469 4658 νυσταγμὸς
516 4591 610 4643 ἐπ)⁵
645 4592 871 4655 τούτοις,
920 4592 1014 4645 καὶ
1047 4593 1264 4663 ἁκηδία,
1307 4594 1400 4646 καὶ
1448 4594 1477 4644 ὁ
1523 4595 1586 4646 ἐκ
1633 4594 1731 4665 τῆς

138 4681 273 4735 ὀδοῦ
330 4682 495 4744 κόπος
549 4684 832 4736 ἐπιτείνων
878 4684 974 4754 τὴν
1007 4686 1254 4755 ἁκηδίαν,
1301 4686 1393 4738 καὶ
1435 4685 1494 4738 τὸ
1530 4684 1731 4749 θάλπος

146 4772 397 4843 ἰσχυρὸν,
432 4773 525 4825 καί⁸
556 4773 605 4825 οί
646 4773 782 4844 πρὸς
818 4775 964 4843 ἡμᾶς
995 4775 1409 4838 ἀποϐλέποντες,
1445 4775 1539 4828 καὶ
1571 4776 1732 4845 ἀλλή-

139 4865 259 4926 λοις
291 4864 381 4915 διὰ
409 4864 516 4915 τῶν
564 4864 837 4917 δακτύλων
872 4865 1327 4930 ὑποδεικνύοντες.
1370 4868 1475 4919 Καὶ
1518 4868 1730 4920 ἅπαντα

138 4956 214 5007 τὰ
252 4953 480 5007 τοιαῦτα
528 4955 669 5007 οὑτω
718 4972 805 5023 μοι
858 4956 1027 5026 βαρέα
1078 4952 1165 5026 ἦν,
1218 4956 1291 5020 ὡς
1326 4956 1605 5026 ἀληθεύειν
1642 4958 1729 5009 ἐπ’

140 5045 291 5117 ἐμοῦ
319 5046 382 5098 τὸ
423 5044 517 5098 τοῦ
563 5046 866 5117 Προφήτου,
900 5050 981 5101 ὅτι
1015 5068 1033 5099 ι
1080 5030 1398 5117 Ἠκηδίασεν
1426 5048 1510 5101 ἐπ’
1541 5049 1638 5120 ἐμὲ
1671 5050 1731 5101 τὸ

140 5136 379 5206 πνεῦμά
438 5154 559 5207 μου.
615 5156 634 5189 ›
682 5139 793 5191 Καὶ
836 5138 970 5209 πρὸς
1017 5139 1360 5210 μεσημϐρίαν
1392 5140 1491 5209 ἤδη
1534 5140 1732 5210 προελιθ

140 5227 357 5296 θούσης
398 5228 497 5297 τῆς
544 5228 692 5299 ὥρας
741 5229 1081 5299 εἰσηνέχθην,
1133 5230 1299 5284 πολλὰ
1337 5230 1728 5301 μεταμεληθεὶς

135 5320 246 5373 καὶ
280 5320 381 5388 τῆς
416 5320 722 5389 συντυχίας,
772 5319 849 5385 ὼς
888 5320 1106 5392 ἐμαυτῷ
1136 5322 1233 5393 τῆς
1266 5322 1485 5391 ἀτιμίας
1514 5322 1727 5392 ἐκείνης

1834 4596 1888 4643 et
1921 4589 2381 4657 opportunitatem
2431 4589 2668 4659 aliquam
2707 4590 2970 4652 invenire,
3018 4606 3086 4644 ne
3123 4592 3257 4645 nihil
3290 4608 3398 4646 non

1835 4690 2083 4735 curatum
2133 4681 2548 4750 relinqueretur.
2614 4679 2924 4735 Secundum
2981 4681 3095 4735 haec
3145 4682 3398 4737 sedebant

1834 4772 2088 4843 equidem
2111 4771 2213 4827 sub
2243 4771 2355 4835 dio,
2378 4782 2702 4840 exspectans
2733 4772 2988 4841 aliquem,
3016 4774 3105 4845 qui
3138 4790 3235 4829 nos
3258 4775 3401 4828 intro

1833 4873 2053 4919 vocaret
2097 4882 2109 4917 :
2155 4864 2399 4933 adeoque
2448 4864 2759 4932 propositus
2821 4879 2968 4918 eram
3030 4866 3285 4919 omnibus
3342 4875 3401 4919 ut

1835 4953 2205 5023 importunum
2262 4953 2657 5024 spectaculum,
2708 4961 2973 5024 quotquot
3009 4971 3074 5009 eo
3126 4971 3401 5010 convene-

1834 5054 1977 5099 rant.
2032 5046 2146 5100 Non
2190 5046 2298 5115 jam
2352 5045 2609 5117 exiguum
2644 5047 2904 5115 Ittnporis
2943 5050 3178 5116 spatium
3230 5048 3402 5102 inter-

1834 5146 2093 5201 cesserat,
2121 5146 2175 5193 et
2208 5138 2490 5193 nictabant
2521 5138 2689 5200 oculi,
2728 5147 2779 5192 et
2812 5140 3251 5207 consequebatur
3281 5142 3400 5208 qui'

1833 5231 1956 5284 dam
1992 5238 2177 5298 torpor
2212 5237 2265 5283 et
2300 5246 2363 5283 ex
2395 5232 2589 5284 itinere
2625 5229 2868 5298 fatigatio
2897 5229 3202 5283 molestiam
3237 5244 3403 5299 auge-

1831 5322 1947 5383 bat,
2010 5323 2249 5390 itemque
2302 5331 2469 5376 azstus
2530 5321 2843 5382 vehemens,
2897 5327 2952 5374 et
3002 5320 3249 5373 homines
3298 5335 3400 5373 nos

136 5409 456 5479 παρασχὼν
484 5411 581 5480 τὴν
611 5412 807 5466 αἰτίαν.

1830 5416 2128 5479 intuentes,
2164 5426 2373 5482 nosque
2403 5412 2587 5482 digitis
2615 5413 2754 5465 inter
2784 5426 2841 5465 se
2874 5418 3212 5467 ostentantes
3241 5428 3255 5463 :
3286 5412 3401 5465 luec

136 5507 346 5576 igitur,
398 5505 613 5573 aliaque
654 5506 965 5575 hujusmodi
995 5508 1178 5561 omnia
1225 5516 1334 5561 tam
1384 5508 1517 5563 mihi
1568 5516 1724 5563 erant
1754 5509 1960 5579 gravia,
1993 5509 2134 5562 utin
2176 5524 2262 5562 me
2289 5506 2436 5562 Vatis
2466 5509 2595 5561 illud
2663 5507 2885 5561 verbum
2931 5522 3057 5560 vere
3127 5515 3399 5575 compete-

130 5603 275 5650 ret:
317 5613 336 5644 ι
371 5592 662 5664 Obtorpuit
701 5598 756 5650 in
830 5614 915 5652 me
960 5600 1185 5667 spiritus
1232 5615 1406 5655 meus.
1454 5619 1472 5651 ι
1553 5598 1792 5655 Instabat
1828 5600 1939 5668 jam
1976 5600 2250 5664 meridies,
2286 5609 2339 5655 et
2372 5618 2457 5657 me
2487 5605 2833 5654 vehementer
2873 5613 3203 5668 congressus
3237 5596 3401 5667 hujus

126 5688 477 5759 paruitebat,
510 5697 570 5742 ut
601 5691 693 5758 qui
741 5692 984 5746 mihimet
1025 5694 1148 5748 talis
1186 5694 1495 5764 ignominiae
1535 5702 1726 5749 auctor
1762 5695 2114 5750 exstitissem.

220 5804 239 5833 ¹
284 5800 429 5856 Psal.
465 5818 673 5865 cum,
711 5801 764 5858 7.

438 5897 669 5957 ιἰιτιιοι
756 5896 869 5957 Gn.
918 5896 1138 5959 XLVI.

3070 5902 3101 5929 ⁸)

3066 5938 3102 5957 ιι

3109 5902 3144 5961 .3
