3834 6402
505 281 650 338 1005

1736 278 1793 332 S.
1831 276 2156 332 GREGORII
2193 277 2485 335 NYSSEN]

3633 286 3747 340 1W

574 398 822 466 Cumque
880 396 1097 466 gravior
1148 395 1263 450 haec
1328 395 1458 448 mihi
1508 395 1783 451 accideret
1844 398 2066 466 injuria,

2244 402 2351 454 Καὶ
2379 402 2757 473 χαλεπώτερον
2798 404 2897 474 τῆς
2927 405 3076 475 παρὰ
3103 405 3212 457 τῶν
3239 405 3458 476 ἐχθρῶν
3492 422 3586 473 μοι
3618 423 3746 472 γενο-

507 502 670 558 quam
721 487 767 542 si
815 485 884 540 ab
931 485 1186 540 hostibus
1224 484 1468 554 profecta
1509 486 1725 550 fuisset,
1776 487 1893 556 ipsa
1940 486 2074 541 mihi

507 577 766 648 cogitatio
803 589 920 630 mea
970 575 1277 628 molestiam
1329 574 1647 639 exhibebat,
1695 590 1882 630 secum
1912 575 2075 628 modo

506 668 741 739 quodam
771 681 1042 736 pugnans,
1089 675 1144 719 et
1171 664 1500 720 sententiam
1548 680 1704 720 suam
1770 675 1987 720 mutans
2018 667 2074 720 in

505 759 738 814 consilio
787 757 1015 813 sinistro
1055 756 1200 824 quod
1250 756 1598 811 instituisset.
1656 755 1757 810 Ubi
1803 771 1934 812 vero
1985 758 2076 811 vix

509 851 728 904 tandem
772 848 931 902 nobis
987 833 1295 901 sacrarium
1348 857 1599 916 apertum
1654 856 1821 912 esset,
1853 849 2076 918 jamque

507 943 735 1014 ingressi
769 941 1065 995 fuissemus
1096 940 1292 1010 adyta;
1320 939 1512 1007 vulgus
1539 939 1758 1010 quidem
1791 939 2075 994 hominum

505 1034 800 1105 quominus
839 1031 1120 1095 introiret,
1162 1029 1313 1083 aditu
1351 1030 1765 1100 prohibebatur,
1816 1047 1936 1086 meo
1964 1047 2077 1086 me-

506 1141 630 1179 cum
666 1125 904 1177 intrante
937 1121 1211 1183 ministro,
1241 1120 1336 1189 qui
1387 1136 1553 1174 manu
1584 1136 1784 1190 corpus
1811 1137 1842 1176 e
1879 1121 2069 1176 labore

509 1218 795 1286 fatigatum
829 1212 1066 1266 fulciret.
1100 1209 1239 1264 Hinc
1268 1225 1392 1264 cum
1427 1211 1704 1266 hominem
1750 1211 2078 1280 compellas-

507 1319 662 1366 sem,
709 1311 765 1356 et
823 1299 1223 1370 aliquantulum
1278 1299 1584 1365 stetissent,
1641 1309 1972 1370 exspectans
2022 1308 2081 1353 ut

509 1395 930 1464 sederejuberet
967 1403 1026 1447 ut
1050 1393 1183 1446 nihil
1207 1392 1399 1446 horum
1431 1391 1651 1460 accidit,
1681 1407 1982 1449 conversus
2012 1393 2079 1446 ad

510 1490 711 1560 gradus
763 1487 1030 1558 quosdam
1076 1487 1267 1555 procul
1311 1484 1436 1541 inde
1473 1485 1724 1551 dissitos,
1781 1487 1836 1541 in
1887 1502 2079 1542 eorum

511 1597 620 1636 uno
648 1579 929 1644 consideo,
955 1589 1011 1633 et
1039 1575 1285 1647 nunquid
1307 1587 1557 1632 amanter
1585 1579 1963 1634 humaniterve
1997 1579 2080 1634 di-

511 1683 702 1731 cturus
731 1680 876 1728 esset
922 1672 1100 1736 nobis,
1135 1670 1221 1724 vel
1267 1669 1461 1724 saltem
1505 1672 1813 1740 superciliis
1845 1680 2080 1726 annutu-

511 1781 629 1831 rus,
661 1764 939 1835 opperior.
973 1760 1174 1817 Verum
1197 1761 1381 1815 omnia
1413 1770 1606 1816 contra
1633 1778 1784 1831 spem
1833 1775 2077 1818 nostram
2107 1742 2152 1797 Β

511 1872 765 1914 evenere.
797 1855 931 1909 Nam
966 1854 1247 1910 silentium
1287 1862 1618 1906 nocturnum
1651 1863 1790 1918 erat,
1817 1863 1872 1909 et
1903 1854 2076 1908 tristi-

513 1952 589 2004 tia
619 1949 865 2020 quaedam
917 1947 1146 2015 tragica,
1179 1951 1231 1997 et
1281 1951 1494 2013 stupor,
1546 1955 1599 1999 et
1656 1947 1709 1998 in
1762 1936 2076 2000 universum

515 2043 668 2098 nulla
699 2056 802 2096 vox
827 2047 912 2095 est
943 2038 1177 2109 prolata.
1227 2035 1474 2106 Denique
1513 2051 1622 2091 non
1654 2038 1909 2106 exiguum
1941 2047 2079 2090 tem-

515 2136 669 2206 poris
719 2133 1066 2187 intervallum
1118 2131 1276 2201 quasi
1332 2132 1491 2202 nigra
1538 2132 1593 2184 in
1642 2137 1804 2184 nocte
1850 2129 2076 2183 silenter

513 2226 854 2297 exigebatur.
881 2224 963 2277 Ad
1003 2239 1065 2278 ea
1099 2233 1215 2278 toto
1260 2227 1446 2279 animo
1487 2223 1796 2292 perculsus,
1834 2222 1978 2292 quod
2012 2237 2080 2276 ne

515 2319 724 2392 vulgari
742 2309 975 2390 quidem
993 2331 1139 2372 voce
1174 2332 1276 2372 nos
1319 2317 1662 2388 dignaretur,
1701 2331 1798 2387 per
1842 2315 1928 2368 illa
1984 2317 2080 2368 ho-

517 2416 723 2468 minum
756 2415 809 2467 in
840 2429 942 2468 usu
972 2411 1277 2482 frequentia
1325 2411 1510 2475 verba,
1541 2410 1744 2479 quibus
1775 2409 1861 2463 vel
1902 2407 2080 2463 obiter

515 2505 710 2560 saltem
743 2504 996 2574 excipere
1041 2511 1256 2557 nosmet
1291 2501 1554 2564 solemus,
1585 2497 1893 2567 cujusmodi
1929 2505 2078 2561 sunt,

519 2617 538 2648 ι
583 2595 777 2652 Salvus
803 2593 1109 2650 advenisti:
1152 2612 1173 2645 ι
1207 2592 1314 2656 vel,
1347 2610 1366 2643 ι
1402 2589 1556 2646 Unde
1585 2590 1746 2645 nobis
1773 2589 1949 2644 ades?
1975 2603 2080 2659 qua

515 2692 582 2746 de
614 2689 826 2746 causa?
863 2687 1224 2758 quamobrem
1257 2685 1364 2740 huc
1408 2682 1762 2754 properasti?
1795 2680 2082 2736 taciturni-

515 2790 681 2836 tatem
709 2781 856 2834 illam
889 2777 1019 2832 mihi
1055 2777 1211 2848 quasi
1238 2773 1516 2846 quandam
1547 2775 1671 2832 vitae
1698 2772 1840 2843 apud
1875 2771 2082 2827 inferos

515 2873 806 2944 imaginem
838 2869 1232 2942 pr0ponebam.
1263 2867 1605 2937 Quamquam
1638 2866 1744 2934 hoc
1773 2865 2080 2933 exemplum

515 2983 585 3023 ne
615 2965 832 3038 quidem
860 2978 1127 3033 usurpare
1148 2959 1437 3016 debebam.
1464 2957 1674 3014 Etenim
1701 2957 1846 3026 apud
1875 2955 2081 3010 inferos

515 3071 711 3128 magna
743 3065 829 3112 est
857 3054 1146 3125 aequalitas
1174 3052 1228 3105 in
1264 3051 1578 3105 conditione
1597 3049 1861 3109 omnium,
1885 3047 2082 3116 quippe

517 3149 610 3204 ubi
642 3148 775 3204 nihil
825 3161 1037 3211 eorum,
1077 3161 1198 3216 quae
1245 3157 1414 3212 supra
1466 3150 1669 3195 terram
1709 3149 1875 3194 totam
1933 3139 2081 3192 illam

514 3243 641 3297 vitae
672 3241 921 3304 humana:
943 3237 1262 3308 tragmdiam
1290 3235 1552 3300 efﬁciunt,
1579 3230 1755 3287 turbae.
1786 3229 2082 3300 quidquam

517 3332 728 3387 afferat.
772 3328 907 3383 Nam
942 3327 1113 3399 gloria
1159 3321 1620 3396 quemadmodum
1659 3328 1813 3375 vates
1861 3320 2084 3389 quidam

520 3423 784 3494 loquitur,
811 3436 918 3475 una
946 3435 1070 3474 cum
1109 3417 1424 3473 hominibus
1469 3431 1578 3470 non
1613 3415 1934 3470 descendit:
1988 3412 2084 3468 sed

518 3514 768 3585 cujusvis
817 3511 1055 3566 hominis
1112 3509 1294 3563 anima
1340 3506 1551 3562 relictis
1596 3506 1685 3569 iis,
1731 3521 1854 3575 qua:
1882 3505 1936 3558 in
1983 3504 2086 3558 hac

520 3605 632 3658 vita
681 3609 1017 3672 expetuntur
1065 3616 1094 3653 a
1133 3599 1409 3670 plerisque
1445 3612 1660 3652 summo
1704 3596 1885 3653 studio
1926 3604 2082 3665 pctu-

520 3696 709 3760 lautia,
745 3696 988 3764 inquam,
1017 3703 1073 3748 et
1114 3690 1390 3761 superbia,
1423 3698 1477 3744 et
1525 3688 1707 3751 fastu,
1756 3687 1985 3757 simplex
2031 3695 2086 3741 ct

519 3787 672 3841 omni
705 3787 913 3856 absque
945 3794 1210 3854 apparatu
1232 3781 1301 3835 ad
1335 3780 1542 3836 inferos
1571 3795 1694 3835 sese
1729 3778 1962 3842 confert,
2008 3778 2085 3832 ita

522 3892 581 3938 ut
605 3881 737 3936 nihil
788 3894 969 3934 rerum
1001 3881 1055 3934 in
1108 3878 1209 3931 hac
1238 3876 1347 3930 vita
1381 3877 1737 3932 molestarum
1786 3873 2084 3944 quidquam

523 3976 645 4030 istis
674 3973 872 4045 negotii
905 3972 1180 4028 exhibeat.
1209 3967 1340 4023 Utut
1375 3984 1463 4024 res
1505 3984 1627 4024 sese
1679 3967 1896 4030 habeat,
1950 3965 2084 4019 mihi

515 4066 743 4138 quidem
771 4071 918 4120 certe
947 4064 1061 4126 illa,
1092 4077 1212 4132 qua
1252 4069 1366 4115 tum
1398 4059 1738 4123 accidebant,
1771 4059 1855 4112 vel
1909 4056 2079 4111 infer-

521 4175 650 4222 nus,
680 4158 766 4213 vel
799 4155 1134 4225 caliginosus
1156 4167 1366 4217 carcer,
1391 4152 1474 4206 vel
1508 4150 1612 4204 alia
1635 4149 1880 4220 quaedam
1911 4148 2085 4203 trisds

519 4250 736 4307 officina
762 4262 936 4318 poma?
985 4244 1305 4299 videbantur
1355 4258 1516 4297 esse:
1591 4240 1891 4310 praesertim
1959 4254 2083 4292 cum

521 4355 740 4395 mecum
769 4339 888 4408 ipse
936 4333 1348 4406 perpenderent,
1380 4333 1602 4402 quantis
1631 4331 1685 4385 in
1734 4329 1892 4383 bonis
1923 4344 1952 4380 a
1988 4344 2083 4396 pa-

2178 493 2353 562 μένης
2378 493 2605 565 ὑὸρεως,
2649 497 2679 547 ὁ
2707 496 2840 563 ἐμός
2874 512 2940 566 με
2972 496 3226 566 λογισμὸς
3269 498 3421 564 ὴνέα,
3461 499 3748 566 μαχόμενος

2174 584 2371 654 τρόπον
2397 585 2519 637 τινὰ
2540 585 2673 656 πρὸς
2694 587 2909 649 ἐαυτὸν,
2945 587 3039 639 καὶ
3072 588 3503 656 μεταγινώσκοενι
3539 591 3593 639 ἐν
3619 589 3750 639 ὑστε-

2176 677 2429 749 ροὸουλίᾳ
2456 678 2599 749 ύπέρ
2637 672 2712 732 ὧν
2747 679 3026 749 προέθετο.
3070 681 3159 744 Ὠς
3182 681 3228 734 δ’
3252 677 3345 734 οὖν
3383 681 3551 750 μόλις
3580 681 3746 750 ἠνοίγη

2176 769 2305 836 ἡμῖν
2331 768 2400 820 τά
2429 769 2725 838 ἀνάκτορα,
2750 771 2845 823 καὶ
2869 769 2980 822 τῶν
3009 761 3214 824 ἀδύτιιῖν
3237 773 3392 833 ἐντὸς
3426 771 3745 839 ἐγενόμεθαι

2174 858 2224 909 οἱ
2278 857 2377 928 μὲν
2438 858 2623 911 πολλοὶ
2684 859 3120 929 ἀπεκλείσθησαν
3175 862 3274 931 τῆς
3325 863 3582 915 εἰσόδου·
3637 863 3663 913 ὀ
3701 863 3742 914 δὲ

2176 948 2306 1018 ἐμὸς
2333 950 2644 1019 συνεισῆλθε
2678 950 2940 1014 διάκονος,
2985 953 3044 1015 ὃς
3083 955 3149 1024 τῇ
3177 954 3323 1024 χειρὶ
3359 955 3427 1006 τὸ
3471 954 3635 1022 σῶμα
3662 956 3744 1006 ὑπ-

2176 1042 2359 1112 ήρειδε
2395 1043 2704 1112 πεπονηκὸς
2744 1044 2806 1096 ἐκ
2827 1043 2920 1096 τοῦ
2947 1044 3139 1100 κόπου.
3182 1045 3322 1114 Ἐγὼ
3358 1046 3421 1099 δὲ
3453 1045 3747 1116 προσειπὼν
3809 1073 3811 1116 θ

2177 1133 2350 1203 αὑτῷ,
2397 1134 2493 1188 καὶ
2541 1135 2630 1187 ἐπ’
2674 1135 2854 1204 ὀλίγον
2903 1135 3137 1199 σταθεὶς,
3184 1138 3321 1190 ὥστε
3379 1155 3476 1207 μοι
3516 1139 3748 1205 γενέσθαι

2178 1226 2490 1295 προτροπὴν
2532 1227 2612 1288 εἰς
2659 1203 2950 1296 καθέδραν,
2983 1227 3056 1289 ὡς
3082 1227 3232 1279 οὑδὲν
3278 1203 3495 1281 τούτων
3531 1203 3745 1296 ἐγίνετο,
3809 1203 3811 1228 ί

2103 1351 2123 1364 .
2179 1317 2270 1368 ἐπί
2315 1333 2456 1379 τινος
2482 1316 2590 1369 τῶν
2619 1316 2902 1388 πόρρωθεν
2930 1317 3144 1388 βάθρων
3172 1319 3500 1390 διατραπεὶς
3535 1323 3748 1371 ἀνεπαυ-

2182 1407 2380 1477 σάμην,
2414 1407 2698 1477 ἀναμένων
2743 1409 2792 1460 εί
2839 1409 2947 1478 ἄρα
2988 1425 3042 1460 τι
3090 1408 3378 1478 φθέγξαιτο
3432 1409 3581 1479 πρὸς
3625 1411 3747 1477 ἡμᾶς

2180 1498 2424 1567 εὐμενὲς,
2456 1498 2490 1568 ῆ
2519 1514 2572 1550 τι
2603 1491 3000 1567 φιλάνθρωπον.
3041 1499 3074 1569 ἢ
3099 1501 3215 1562 ταῖς
3243 1499 3377 1566 γοῦν
3416 1500 3488 1568 όςρ
3501 1498 3626 1569 ρύσι
3653 1501 3745 1552 19v.-

2180 1591 2281 1643 πον
2321 1590 2671 1644 ἐπινεύσειεν.
2733 1590 2870 1643 Ἀλλ’
2916 1592 3012 1644 ἀπ’
3060 1591 3318 1644 ἐναντίων
3365 1595 3437 1662 τῇ
3477 1592 3657 1644 ἐλπίδι
3693 1593 3746 1644 τὰ

2182 1685 2377 1738 πάντα.
2407 1684 2595 1754 Σιωπὴ
2629 1684 2738 1755 γὰρ
2775 1679 2844 1754 ἦν
2874 1684 2935 1736 τὸ
2966 1685 3074 1736 ἀπὸ
3116 1684 3302 1737 τούτου
3327 1685 3645 1754 νυκτερινὴ,
3671 1686 3748 1737 καὶ

2179 1776 2449 1847 κατήφεια
2490 1775 2749 1847 τραγικὴ,
2789 1777 2886 1829 καὶ
2935 1775 3161 1846 θάμϐος,
3209 1777 3302 1830 καὶ
3341 1777 3636 1847 ἔκπληξις,
3675 1780 3748 1828 καὶ

2179 1864 2445 1934 παντελὴς
2473 1865 2704 1934 ἀφωνία,
2737 1865 2830 1918 καὶ
2873 1865 3060 1935 χρόνος
3086 1865 3186 1917 οὑκ
3218 1866 3276 1916 ἐν
3303 1863 3497 1934 μικρῷ
3545 1864 3746 1932 διαστή-

2183 1973 2312 2025 ματι
2351 1954 2603 2026 καθάπερ
2630 1957 2688 2009 ἐν
2718 1955 2942 2026 μελαίνῃ
2988 1955 3142 2009 νυκτὶ⁷
3186 1956 3253 2009 δι’
3301 1957 3546 2025 ἡσυχίας
3595 1973 3749 2024 παρα-

2178 2047 2504 2118 τεινόμενος.
2602 2047 2744 2116 Ἐγὼ
2803 2047 2862 2101 δὲ
2922 2046 3130 2110 τούτοις
3198 2049 3610 2116 ἐναποπλαγεὶς
3671 2047 3750 2118 τὴν

2179 2139 2435 2202 διάνοιαν,
2491 2139 2580 2191 διὰ
2634 2139 2694 2191 τὸ
2741 2138 2875 2208 μηδὲ
2919 2138 3017 2207 τῆς
3063 2139 3249 2208 κοινῆς
3289 2140 3456 2193 αὑτὸν
3513 2141 3750 2208 ἐθελῆσαι

2183 2227 2501 2299 μεταδοῦναι
2529 2228 2731 2297 φωνῆς,
2765 2227 2854 2280 διὰ
2894 2227 3000 2280 τῶν
3028 2228 3539 2299 κατημαξευμένων
3567 2228 3750 2281 τούτων

2179 2321 2278 2388 τὴν
2306 2320 2590 2390 συντυχίαν
2619 2320 3059 2390 ἀφοσιουμένων·
3085 2314 3194 2372 οἷον
3220 2322 3300 2384 τὸ,
3337 2340 3355 2370 ι
3401 2316 3478 2374 Εὖ
3526 2321 3698 2389 ἥκεις,
3723 2322 3750 2389 ἦ

2181 2408 2342 2463 πόθεν
2389 2409 2573 2479 ῆκεις;
2619 2409 2653 2479 ῆ
2677 2444 2679 2446 -
2708 2409 2849 2479 ὑπὲρ
2877 2407 3056 2472 τίνος;
3083 2409 3116 2479 ἢ
3147 2410 3228 2471 τίς
3255 2410 3290 2480 ἡ
3311 2409 3413 2478 τῆς
3449 2411 3747 2480 παρουσίας

2182 2501 2418 2573 σπουδή;
2454 2520 2474 2555 ι
2506 2500 2604 2572 τὴν
2627 2501 2857 2572 ἡσυχίαν
2886 2500 3098 2571 ἐκείνην
3125 2500 3225 2569 τῆς
3247 2501 3304 2552 ἐν
3326 2501 3456 2571 ᾅδου
3484 2501 3752 2570 διαγωγῆς

2181 2594 2478 2665 ἐποιούμην
2507 2593 2708 2647 εἰκόνα.
2757 2592 2973 2649 Μᾶλλον
3003 2592 3061 2645 δὲ
3091 2591 3488 2659 καταγινώσκω
3514 2593 3614 2645 τοῦ
3642 2594 3753 2645 ὑπτι-

2179 2681 2489 2750 δείγματος.
2555 2681 2642 2732 Ἐν
2675 2679 2801 2750 ᾅδου
2847 2679 2956 2750 γάρ
3001 2679 3243 2749 ἰσονομία
3292 2680 3487 2750 πολλὴ,
3543 2682 3753 2751 μηδενὸς

2179 2769 2288 2823 τῶν
2320 2769 2458 2839 ὑπὲρ
2492 2769 2597 2839 γῆς
2630 2767 2727 2840 τὴν
2761 2768 2891 2839 περὶ
2917 2769 3009 2822 τὸν
3052 2769 3166 2838 βίον
3199 2770 3514 2840 τραγῳδίαν
3541 2771 3755 2842 ἐργαζο-

2184 2861 2381 2932 μένων,
2416 2861 2632 2932 ἐκείνην
2675 2859 2774 2930 τὴν
2813 2859 3086 2931 διαγωγὴν
3121 2859 3479 2930 διοχλοῦντος.
3535 2863 3616 2916 υὺ
3665 2864 3754 2933 γὰρ

2183 2952 2624 3022 συγκαταϐαίνει,
2674 2953 2818 3008 καθά
2868 2971 3032 3024 φησιν
3087 2953 3117 3007 ό
3164 2954 3480 3024 Προφήτης,
3520 2957 3641 3017 τοῖς
3678 2956 3756 3008 ἀνι

2183 3045 2417 3116 θρώποις
2446 3047 2481 3114 ή
2509 3044 2634 3111 δόξα
2655 3062 2669 3075 °
2699 3044 2835 3098 ἀλλά
2867 3044 3238 3098 καταλιποῦσα
3279 3047 3312 3115 ή
3345 3044 3592 3098 ἑκάστου
3626 3046 3754 3115 ψυχὴ

2183 3136 2254 3190 τά
2293 3135 2388 3190 νῦν
2420 3135 2828 3206 σπουδαζόμενα
2873 3138 2985 3198 τοῖς
3033 3134 3264 3197 πολλοῖς,
3304 3134 3464 3204 ὓϐριν
3499 3134 3653 3202 λέγω
3677 3137 3755 3187 καὶ

2188 3227 2566 3300 ὑπερηφανίαν
2591 3229 2686 3281 καὶ
2724 3227 2910 3296 τύφον,
2937 3227 3079 3297 ἀπλῆ
3116 3227 3210 3279 κα)⁵
3234 3225 3622 3290 ἀκατάσκευος
3653 3228 3755 3278 ἐπι-

2187 3318 2444 3391 χωριάζει
2484 3321 2597 3382 τοῖς
2629 3319 2799 3381 κάτω,
2843 3317 2920 3381 ὡς
2968 3317 3131 3388 μηδὲν
3175 3316 3281 3369 τῶν
3312 3316 3441 3387 τῇδε
3472 3314 3756 3386 μοχθηρῶν

2185 3413 2279 3467 καὶ
2333 3411 2464 3483 παρ’
2513 3409 2738 3473 ἐκείνοις
2786 3404 2943 3462 εἶναι.
3003 3409 3148 3480 Πλὴν
3196 3407 3310 3461 ἀλλ’
3360 3408 3489 3477 ἐμοὶ
3547 3407 3682 3479 ᾅδης
3727 3405 3754 3476 ἢ

2163 3505 2548 3574 δεσμωτήριον
2591 3501 2848 3570 ἀφεγγὲς,
2881 3501 2914 3570 ἢ
2949 3499 3078 3554 ἄλλο
3126 3515 3179 3551 τι
3235 3498 3562 3570 σκυθρωπὸν
3609 3498 3756 3550 κολα.

2187 3598 2403 3666 στήριον
2450 3593 2621 3647 ἐδόκει
2651 3594 2718 3647 τὰ
2761 3592 3002 3662 παρόντα
3043 3585 3204 3652 εἶναι,
3241 3588 3594 3660 λογιζομένῳ
3634 3591 3756 3642 ὅσων

2185 3689 2402 3756 ἀγαθῶν
2425 3685 2720 3756 ἐγενόμεθα
2745 3686 2897 3756 παρά
2921 3683 3028 3736 τῶν
3053 3683 3300 3753 πατέρων
3323 3682 3484 3752 ήμῶν
3508 3683 3752 3751 διάδοχοι,

2186 3782 2280 3834 καί
2325 3775 2414 3834 οἷα
2462 3778 2773 3849 διηγήματα
2809 3779 2920 3839 τοῖς
2974 3773 3092 3846 μεθ’
3142 3775 3286 3845 ἡμᾶς
3335 3772 3753 3841 καταλείψομεν.

2186 3873 2251 3926 Τί
2294 3872 2350 3925 δέ
2403 3871 2545 3939 λέγω
2598 3869 2706 3922 τῶν
2774 3867 3023 3937 πατέρων
3078 3866 3178 3935 τὴν
3225 3863 3585 3936 ἀγαπητικὴν
3641 3862 3754 3933 πρὸς

2184 3965 2446 4034 ἀλλήλους
2475 3961 2686 4032 σχέσιν;
2725 3959 3047 4028 Θαυμαστὸν
3096 3957 3204 4028 γὰρ
3235 3955 3406 4018 οὐδὲν,
3439 3955 3757 4025 ἀνθρώπους

2184 4057 2342 4119 ὄντας
2401 4058 2459 4109 ἐν
2501 4053 2749 4123 ὁμοτίμῳ
2795 4055 2862 4122 τῇ
2908 4050 3087 4118 φύσει,
3139 4049 3302 4119 μηδὲν
3349 4048 3565 4100 ἐθέλειν
3614 4047 3756 4099 πλέον
3807 4039 3811 4048 ⁴

2185 4148 2426 4218 ἀλλήλων
2473 4148 2636 4216 ἐχειν,
2680 4143 2816 4198 ἀλλὰ
2867 4145 2933 4214 τῇ
2984 4139 3451 4213 ταπεινοφροσύνῃ
3500 4139 3757 4210 ἀλλήλους

2183 4239 2430 4310 ἡγεῖσθαι
2481 4235 2684 4289 ἐαυτῶν
2737 4233 3042 4304 ὑπερέχειν.
3104 4231 3238 4284 Ἀλλ’
3285 4231 3461 4282 ἐκεῖνο
3525 4229 3756 4299 μάλιστά

2189 4346 2289 4398 μου
2334 4327 2434 4397 τῆς
2473 4324 2706 4386 διανοίας
2749 4322 3075 4392 καθήπτετο,
3107 4321 3188 4373 ὅτι
3233 4321 3262 4372 ό
3303 4319 3484 4388 πάσης
3539 4320 3758 4379 κτίσεως

522 4433 707 4486 tribus
735 4431 976 4499 acceptis
1002 4441 1356 4482 successores
1390 4424 1513 4478 facti
1547 4424 1830 4485 fuerimus,
1862 4429 1917 4476 et
1949 4436 2082 4489 qua-

2187 4416 2482 4484 Δεσπότης,
2515 4416 2544 4466 ὁ
2586 4411 2875 4482 μονογενὴς
2923 4409 3071 4474 Υἱὸς,
3119 4409 3149 4460 ὁ
3192 4406 3267 4460 ὣν
3308 4409 3365 4458 ἐν
3397 4410 3515 4469 τοῖς
3548 4408 3759 4466 κόλποις

521 4524 608 4580 les
633 4523 867 4592 posteris
920 4519 1262 4575 narrationes
1290 4517 1358 4572 de
1404 4517 1562 4571 nobis
1611 4516 1850 4568 relicturi
1896 4515 2085 4566 simus.

517 4613 668 4682 Quid
699 4613 879 4666 dicam
915 4611 983 4664 de
1008 4622 1220 4666 summa
1251 4607 1457 4660 amoris
1487 4605 1793 4667 affectione,
1826 4617 1934 4670 qna
1968 4614 2090 4654 sese

523 4714 719 4761 mutuo
752 4712 933 4773 patres
971 4701 1146 4754 nostri
1191 4695 1738 4766 complectebantur?
1767 4691 1915 4746 Nihil
1945 4697 2093 4746 certe

523 4797 656 4852 miri
694 4804 798 4856 est.
826 4808 922 4848 eos
949 4792 1040 4860 qui
1074 4790 1185 4843 sint
1216 4787 1460 4843 homines
1484 4787 1538 4840 in
1566 4797 1781 4846 natura,
1817 4783 1976 4851 cujus
1997 4795 2093 4850 per

524 4889 712 4945 omnia
741 4901 838 4956 par
875 4895 958 4939 est
995 4884 1258 4952 dignitas,
1295 4881 1439 4934 nolle
1479 4877 1678 4947 potiori
1713 4873 1926 4929 caateris
1969 4886 2094 4926 esse

529 4983 670 5038 loco.
722 4976 817 5034 sed
862 4975 1197 5034 existimare,
1249 4981 1439 5026 mutuo
1488 4985 1586 5023 nos
1633 4968 1832 5022 debere
1879 4971 2095 5018 nosmet

527 5069 835 5126 humilitate
862 5083 1142 5136 superare.
1173 5063 1465 5118 Enimvero
1486 5061 1721 5115 maxime
1751 5059 1816 5112 ad
1849 5057 2090 5110 animum

528 5164 663 5216 mihi
696 5161 997 5222 accidebat,
1023 5162 1296 5213 universae
1327 5168 1591 5211 creatura:
1623 5151 1937 5214 Dominum,
1973 5149 2097 5203 uni-

528 5268 722 5322 genaiu
757 5253 910 5306 illum
949 5249 1172 5311 Filium,
1198 5249 1290 5318 qui
1322 5254 1406 5301 est
1435 5248 1489 5299 in
1514 5243 1727 5301 sinibus
1749 5241 1930 5294 Patris
1959 5280 1973 5301 ,
1999 5238 2093 5307 qui

527 5344 740 5398 exstitit
789 5343 944 5397 initio
998 5356 1202 5403 rerum,
1254 5339 1348 5408 qui
1398 5337 1608 5392 exstitit
1657 5335 1711 5387 in
1755 5333 1925 5387 forma
1975 5330 2093 5392 Dei,

529 5435 624 5504 qui
653 5434 907 5490 universa
931 5441 1107 5504 gestat
1129 5431 1295 5486 verbo
1327 5429 1582 5498 potentiae
1616 5441 1751 5487 suae,
1785 5425 1931 5477 hunc
1965 5436 2096 5490 ergo

531 5541 638 5581 non
669 5527 722 5580 in
774 5526 877 5580 hoc
911 5527 1087 5582 solum
1122 5523 1391 5592 abjecisse
1438 5537 1518 5584 se,
1547 5519 1690 5589 quod
1725 5533 1819 5587 per
1873 5529 2093 5568 carnem

531 5617 690 5686 quasi
744 5616 1119 5688 peregrinatus
1180 5615 1250 5669 sit
1297 5615 1351 5667 in
1414 5613 1650 5664 lunnana
1702 5616 1934 5663 natura:
1999 5607 2092 5660 sed

530 5708 675 5780 quod
699 5708 862 5764 etiam
900 5706 1227 5776 proditorem
1257 5703 1451 5759 Judam
1482 5717 1578 5759 ore
1608 5716 1709 5758 suo
1745 5699 1970 5772 prepius
2022 5697 2088 5750 ad

2186 4505 2279 4559 τοῦ
2328 4505 2559 4576 Πατρὸς.
2593 4505 2621 4556 ὁ
2672 4505 2728 4555 ἐν
2772 4503 2914 4571 ἀρχῇ
2967 4499 3062 4562 ὢν,
3103 4499 3132 4549 ὁ
3173 4498 3229 4548 ἐν
3263 4499 3442 4566 μορφῇ
3477 4495 3625 4548 Θεοῦ
3666 4497 3758 4547 ὑπ-

2189 4597 2389 4666 άρχων,
2425 4595 2453 4645 ὁ
2479 4594 2547 4646 τὰ
2581 4591 2871 4662 σύμπαντα
2914 4591 3092 4658 φέρων
3128 4586 3206 4656 τῷ
3237 4587 3442 4655 ῥήματι
3470 4585 3580 4654 τῆς
3616 4584 3760 4637 δυνά.

2195 4704 2336 4758 μεως
2357 4684 2656 4750 αύτοῦ,οὑκ
2684 4684 2740 4734 ἐν
2775 4680 2946 4749 τούτῳ
2979 4679 3134 4749 μόνον
3162 4677 3525 4729 ἐταπείνωσεν
3555 4678 3756 4736 ἑαυτὸν,

2192 4779 2250 4829 ἐν
2275 4773 2352 4845 τῷ
2382 4773 2471 4826 διὰ
2517 4771 2716 4843 σαρκὸς
2747 4767 3079 4838 ἐπιδημῆσαι
3120 4768 3184 4835 τῇ
3217 4764 3542 4836 ἀνθρωπίνῃ
3576 4766 3758 4832 gari-32v

2193 4865 2330 4919 ἀλλά
2359 4864 2452 4917 καὶ
2483 4863 2572 4915 τὸν
2618 4859 2879 4930 προδότην
2908 4855 3099 4910 ἑαυτοῦ
3159 4855 3354 4908 Ἰούδαν
3380 4855 3462 4924 τῷ
3507 4855 3628 4923 ἰδίῳ
3655 4853 3762 4906 στόο

2198 4975 2347 5026 ματι,
2391 4955 2479 5008 διὰ
2525 4951 2827 5021 φιλήματος
2879 4946 3304 5018 προσεγγίζοντα
3350 4945 3634 5013 δέχεσθαι,
3677 4944 3763 4997 καὶ

2195 5047 2446 5102 εἰσελθὼν
2480 5049 2558 5109 εἰς
2585 5045 2682 5114 τὴν
2709 5043 2885 5096 οἰκίαν
2903 5041 3153 5111 Σίμωνος
3186 5041 3278 5091 τοῦ
3309 5038 3541 5108 λεπροῦ,
3583 5038 3646 5089 τὸ
3695 5036 3761 5105 μή

2197 5141 2484 5210 φιληθῆναι
2531 5136 2658 5206 παρ’
2694 5135 2878 5198 αὑτοῦ,
2908 5133 2983 5195 ὼς
3015 5130 3412 5200 φιλάνθρωπος,
3463 5129 3759 5192 ὀνειδίζειν.

2208 5231 2347 5298 Ἐγὼ
2378 5231 2435 5282 δὲ
2477 5227 2599 5281 οὔτε
2645 5227 2764 5280 ἀντὶ
2793 5223 2886 5278 τοῦ
2928 5223 3130 5294 λεπροῦ
3174 5221 3487 5291 ἐλογίσθην·
3523 5222 3610 5291 τῷ
3637 5222 3761 5281 τξνι;

2207 5325 2266 5375 ὐ
2309 5323 2426 5388 τίς;
2467 5322 2577 5391 Τὴν
2618 5317 2877 5386 διαφορὰν
2926 5317 3104 5386 εὑρεῖν
3149 5315 3247 5367 οὑκ
3291 5313 3420 5382 ἔχω.
3463 5311 3560 5381 Τῷ
3613 5310 3764 5362 πόθεν

2198 5413 2628 5484 καταϐεϐηκότι;
2661 5412 2832 5463 Ὅπου
2866 5408 3144 5478 κείμενος;
3173 5406 3297 5472 Εἴγε
3325 5403 3394 5455 τὰ
3434 5403 3532 5455 τοῦ
3570 5403 3761 5469 κόσμου

2201 5508 2383 5578 βλέποι
2414 5523 2494 5568 τις
2523 5505 2732 5557 τούτου.
2764 5503 2826 5554 Εἰ
2863 5499 2961 5572 μὲν
2989 5498 3096 5568 γὰρ
3127 5497 3194 5550 τὰ
3223 5497 3319 5565 τῆς
3349 5495 3558 5565 σαρκὸς
3592 5491 3760 5559 ἐξετά-

2198 5602 2280 5664 ζοι
2327 5617 2431 5663 τις,
2481 5596 2731 5651 τοσοῦτον
2766 5594 2892 5654 ἴσως
2939 5587 3239 5658 ἀνεπαχθὲς
3284 5589 3399 5638 ἐστι
3449 5587 3654 5652 λέγειν,
3687 5584 3755 5634 ὁτι

2198 5694 2430 5765 ὁμότιμα
2470 5691 2555 5743 ἐπ’
2599 5686 2921 5758 ἀμφοτέρων
2963 5684 3018 5736 τὸ
3062 5682 3274 5750 εὑγενὲς
3324 5679 3414 5732 καὶ
3465 5677 3750 5744 ἐλεύθεραι.
