3834 6496
102 388 242 446 1005
1292 376 1616 433 EPISTOL!

1840 371 2021 430 IPIST.
2071 373 2113 428 Ι.
3214 370 3354 428 1006

102 506 167 559 El
200 503 256 556 δέ
295 500 396 570 τὴν
441 498 617 569 ἀληθῆ
649 515 734 561 τις
775 496 1060 568 ἐπιζητοίη
1111 495 1209 565 τῆς
1257 494 1433 563 ψυχῆς
1468 493 1616 545 ἐλευθ

1837 505 1965 543 sum
2020 489 2124 543 sub
2168 486 2342 543 osculi
2371 487 2555 556 specie
2618 487 2965 542 accedentem
3028 488 3351 545 admiserit:

104 597 225 667 ρίαν
255 611 317 646 τε
360 593 455 647 καὶ
487 590 784 659 εὐγένειαν,
832 590 1031 660 ἐπίσης
1071 587 1246 641 δοῦλοι
1283 586 1381 656 τῆς
1415 584 1618 656 άμαρτί

1842 579 2046 650 iodque
2074 579 2295 633 domum
2327 579 2526 647 leprosi
2559 576 2799 635 Simonis
2839 580 3141 650 ingressus,
3181 584 3356 638 eidem

100 686 425 757 ἀμφότεροι.
461 684 656 754 ἐπίσης
689 681 784 735 τοῦ
828 682 1075 752 αἴροντος
1116 679 1216 743 τὰς
1258 678 1531 749 ἁμαρτίας
1578 676 1614 728 δι

1846 686 1895 724 ro
1921 685 2135 725 summa
2162 671 2502 724 humanitate
2532 685 2631 724 sua
2658 671 2972 740 exprobret,
2995 673 3139 741 quod
3168 676 3360 730 osculo

106 775 284 845 μεθα-
334 773 493 835 ἄλλος
540 773 708 837 ἐστὶν,
756 770 786 823 6
828 770 905 839 τῷ
942 770 1059 840 ίδίῳ
1095 769 1284 838 αἵματι
1319 766 1413 819 τοῦ
1461 765 1620 819 θανάτ

1848 778 1900 816 ›η
1933 761 2127 817 fuisset
2160 772 2441 831 exceptus.
2476 761 2585 832 Ego
2615 777 2744 817 vero
2777 777 2845 816 ne
2872 778 2973 833 pro
3000 764 3218 831 leproso
3239 767 3362 835 qui-

104 869 199 920 καὶ
261 866 368 919 τῶν
434 862 719 936 ἁμαρτιῶν
775 862 926 931 ἡμᾶς
974 858 1424 929 λυτρωσάμενος,
1483 855 1541 918 ὃς
1599 872 1618 907 a

1847 868 1917 909 3m
1966 869 2087 909 sum
2139 853 2383 908 habitus.
2433 855 2503 907 At
2560 854 2653 923 qui
2693 855 2809 919 vir,
2864 869 2894 908 a
2944 857 3096 926 quo?
3139 856 3361 927 Nequeo

102 956 437 1027 ἐξηγόρασεν
475 955 644 1025 ἡμᾶς,
675 952 769 1005 καὶ
806 949 1183 1022 ὑπερηφανίαν
1222 946 1343 1000 τινὰ
1389 946 1533 999 κατά
1579 963 1616 997 τι

1849 955 1942 1003 irte
1980 946 2278 1017 quidquam
2311 946 2648 1000 discriminis
2694 947 2957 1004 invenire.
2992 949 3148 1005 Unde
3176 951 3225 1004 is
3268 950 3363 1006 de-

104 1047 580 1120 ἐξαγορασθέντων
636 1046 736 1097 οὑκ
782 1042 1111 1107 ἐπεδείξατο,
1146 1041 1371 1110 νεκροὺς
1419 1040 1498 1100 εἰς
1545 1039 1618 1102 ξω

1845 1038 2129 1094 :enderat?
2154 1037 2257 1093 Ubi
2285 1038 2530 1106 abiectus
2562 1038 2679 1107 ipse
2711 1039 3014 1108 jacueram,
3050 1044 3097 1098 si
3141 1043 3359 1113 quidem

101 1137 563 1207 ἀνακαλούμενος,
611 1138 640 1188 6
677 1136 855 1187 πᾶσαν
892 1132 1185 1203 ἐξιώμενος
1236 1129 1548 1201 ἀρρωστίαν
1595 1147 1615 1181 a

1854 1129 2074 1185 undana
2108 1130 2233 1200 quis
2261 1130 2562 1184 intueatur.
2598 1128 2737 1184 Nam
2766 1147 2887 1201 qua:
2917 1135 3101 1189 carnis
3136 1144 3283 1199 sunt,
3315 1136 3363 1191 si

100 1230 294 1300 ψυχῶν
322 1230 416 1283 καὶ
446 1229 735 1300 σωμάτων.

1851 1223 1920 1277 iis
1952 1223 2218 1293 exploret,
2266 1221 2505 1279 fortasse
2544 1232 2757 1277 tantum
2798 1224 2907 1279 dici
2961 1226 3167 1296 absque
3201 1227 3365 1282 mole-

100 1325 214 1377 stia
245 1324 578 1393 cujusquam
608 1328 814 1391 potest,
840 1333 1022 1389 parem
1080 1317 1371 1388 utriusque
1436 1316 1758 1388 dignitatem
1797 1332 1945 1381 esse,
1998 1332 2106 1385 qua
2156 1317 2536 1380 nobilitatem,
2579 1332 2687 1387 qua
2732 1317 3149 1389 ingenuitatem.
3200 1320 3266 1373 At
3317 1322 3365 1375 si

100 1431 297 1471 veram
371 1415 499 1484 quis
569 1414 739 1467 animi
814 1420 925 1465 tam
976 1409 1396 1479 ingenuitatem,
1446 1424 1611 1479 quam
1644 1408 1989 1464 nobilitatem
2042 1408 2324 1477 inquirat,
2370 1409 2568 1479 aequali
2616 1410 2831 1466 ratione
2894 1410 3103 1479 peccati
3152 1426 3368 1465 sumus

103 1518 344 1579 uterque
374 1507 519 1563 servi
547 1524 562 1559 :
589 1505 787 1575 aequali
819 1504 1033 1558 ratione
1071 1510 1294 1573 peccata
1324 1503 1569 1557 tollentis
1598 1501 1950 1572 indigemus;
2023 1502 2165 1556 alius
2230 1509 2334 1566 cst,
2388 1502 2483 1572 qui
2534 1503 2761 1573 preprio
2806 1503 3076 1573 sanguine
3134 1517 3234 1557 nos
3299 1501 3368 1556 de

102 1613 290 1658 morte
334 1600 691 1673 peccatisque
762 1598 1045 1669 persoluto
1091 1598 1267 1667 pretio
1312 1596 1583 1663 redemit;
1654 1597 1750 1667 qui
1790 1606 2065 1651 mercatus
2097 1603 2181 1650 est
2209 1610 2332 1659 nos,
2364 1611 2544 1666 neque
2579 1604 2759 1650 tamen
2800 1596 2907 1649 ulla
2951 1595 3221 1651 adversus
3253 1609 3369 1650 cm-

101 1708 231 1767 ptos
259 1695 330 1749 ab
355 1708 480 1749 sese
520 1690 779 1762 superbia
824 1705 961 1744 usus
1012 1696 1118 1750 est,
1166 1688 1259 1758 qui
1311 1694 1558 1741 mortuos
1619 1685 1675 1740 in
1714 1684 1880 1739 vitam
1910 1685 2235 1740 revocavit:
2277 1685 2368 1757 qui
2406 1700 2625 1739 omnem
2658 1693 2713 1741 et
2735 1686 3051 1740 animorum
3121 1694 3176 1741 et
3241 1701 3368 1741 cor-

98 1803 308 1860 porum
341 1784 676 1840 debilitatem
709 1781 948 1839 sanavit.

191 1880 347 1933 Ἐπεὶ
376 1874 474 1933 οῦν
499 1881 530 1933 6
566 1877 688 1931 καθ’
717 1876 876 1947 ἡμῶν
918 1875 1084 1945 τύφος
1112 1876 1204 1928 καὶ
1230 1875 1258 1925 6
1288 1875 1384 1944 τῆς
1414 1874 1698 1945 ὑπερηφα-

1871 1868 2006 1925 Cum
2047 1867 2214 1939 igitur
2244 1868 2473 1935 insignis
2503 1868 2592 1922 ille
2620 1867 2881 1924 adversus
2926 1883 3026 1925 nos
3076 1870 3268 1938 fastus,
3312 1883 3368 1930 et

98 1974 228 2037 νίας
256 1974 420 2041 ὄγκος
448 1970 644 2044 μικροῦ
665 1971 775 2022 δεῖν
805 1967 883 2039 τῷ
912 1968 1148 2039 οὐρανίῳ
1175 1966 1298 2036 ὕψει
1334 1983 1612 2037 στενοχωρσ

1856 1960 2072 2030 Iperbia:
2105 1958 2421 2029 magnitudo
2452 1974 2641 2029 parum
2670 1960 2886 2015 abesset
2924 1961 3054 2030 quin
3086 1964 3299 2021 caelesti
3338 1981 3370 2021 a

106 2082 274 2134 μενος
301 2059 391 2135 ἦν,
424 2062 558 2133 ῦλην
591 2061 647 2114 δέ
685 2078 805 2113 τινα
835 2060 929 2112 καὶ
961 2058 1214 2129 ἀφορμὴν
1248 2058 1386 2128 πρὸς
1412 2058 1510 2128 τὴν
1544 2058 1620 2110 v6:

1855 2052 2137 2107 iblimitate
2163 2066 2273 2105 non
2308 2057 2597 2119 caperetur
2625 2069 2638 2105 :
2670 2067 2906 2122 cumque
2932 2054 3212 2109 materiem
3243 2058 3369 2111 nul-

96 2157 365 2228 οὐδεμίαν
394 2155 597 2227 ἐώρων.
625 2154 746 2208 ὅθεν
769 2151 1112 2221 συγγνωστὸν
1142 2152 1347 2219 γίνεται
1374 2150 1433 2202 τὸ
1461 2149 1610 2202 τοιοῦ·

1858 2158 1932 2210 m,
1993 2142 2200 2196 nullam
2244 2142 2591 2197 occasionem
2640 2144 2831 2199 morbo
2887 2144 3016 2200 huic
3086 2148 3368 2217 praebitam

104 2250 306 2314 πάθος,
342 2249 435 2302 ἐπὶ
466 2247 574 2301 τῶν
617 2249 682 2300 ἐκ
735 2242 1109 2317 περιστάσεώς
1145 2260 1290 2306 τινος
1333 2242 1537 2311 ταύτην
1554 2241 1618 2293 ,ἀι

1856 2249 2104 2300 :rnerem,
2135 2234 2338 2305 quibus
2360 2250 2428 2289 ex
2456 2235 2620 2290 rebus
2660 2236 2774 2291 lizec
2810 2238 2975 2292 animi
3031 2241 3370 2309 perturbatio

105 2340 501 2412 λαμὸανόντων
530 2339 628 2409 τὴν
659 2338 831 2402 νόσον,
866 2336 993 2389 ὅταν
1027 2334 1059 2405 ἢ
1107 2334 1286 2401 γένος.
1329 2333 1360 2404 ἦ
1397 2332 1619 2385 παίδευσ

1858 2327 2246 2403 :niam'mereri
2273 2327 2581 2392 consuevit,
2633 2329 2847 2398 quOties
2895 2330 3063 2401 aliqui
3117 2332 3372 2388 tenentur

106 2433 145 2502 ἢ
174 2430 503 2501 ἀξιωμάτων
527 2426 769 2499 ὑπεροχὴ
795 2426 864 2479 τὰ
898 2425 1199 2496 χαυνότερα
1226 2423 1332 2494 ἢθη
1358 2422 1620 2492 διαφυσὴσ

1858 2434 1907 2474 ie
1941 2419 2135 2474 morbo
2167 2418 2401 2489 quadam
2429 2434 2494 2473 ex
2524 2419 2962 2487 circumstantia,
2988 2422 3247 2477 nimirum
3280 2425 3372 2479 ubi

102 2524 215 2575 οὐκ
252 2518 396 2591 εἶχον
429 2521 577 2583 ὅπως
614 2518 847 2589 ἐμαυτὸν
869 2509 1152 2601 ’ἀτρεμεῖν
1198 2514 1522 2584 νουθετήσω,
1572 2513 1616 2564 δι

1858 2514 1885 2568 :l
1915 2528 2110 2583 genus,
2140 2513 2222 2567 vel
2252 2512 2549 2575 institutio,
2578 2513 2663 2568 vel
2696 2513 3020 2584 dignitatum
3058 2521 3372 2585 pmstantia

103 2614 314 2684 δούσης
346 2631 435 2682 μοι
466 2612 601 2684 πρὸς
626 2610 721 2682 τὴν
752 2609 974 2678 ἀλογίαν
1008 2608 1115 2661 τῶν
1148 2606 1446 2677 γινομένων
1492 2605 1617 2657 ἐνδο(

1858 2620 1984 2660 ores
2028 2604 2454 2659 leviusculorum
2496 2604 2774 2659 hominum
2823 2606 2974 2661 inﬂat
3012 2625 3024 2661 :
3061 2609 3372 2664 nesciebam

106 2706 215 2775 τῆς
249 2703 494 2776 καρδίας,
526 2704 621 2756 καὶ
652 2702 776 2765 τοὺς
805 2700 945 2771 ὑπὲρ
982 2699 1079 2769 τῆς
1106 2697 1382 2768 ὑπομονῆς
1408 2695 1620 2764 λογισμι

1861 2712 1911 2752 ιο
1938 2706 2095 2769 pacto
2122 2698 2388 2767 meipsum
2418 2698 2711 2763 erudirem,
2764 2699 2840 2753 uti
2874 2710 3072 2754 memet
3120 2701 3375 2756 contine-

104 2796 507 2865 διαπτυούσης.
544 2792 674 2849 Ὅτε
719 2793 814 2846 καὶ
854 2792 1084 2863 μάλιστα
1124 2790 1216 2843 τὸν
1267 2789 1409 2842 θεῖον
1455 2786 1618 2857 ὴγάσ(

1859 2806 1915 2843 :m
1942 2806 1958 2854 ;
1987 2787 2132 2859 quod
2150 2789 2367 2845 animus
2398 2788 2532 2842 mihi
2557 2790 2628 2844 ob
2657 2789 3001 2845 insolentiam
3036 2807 3225 2850 eorum
3252 2807 3373 2863 qua:

123 2886 474 2951 Ἀπόστολον,
515 2886 688 2949 οὑτως
734 2885 978 2955 ἐναργῶς
1018 2883 1111 2936 τὸν
1158 2880 1421 2951 ἐμφύλιον
1472 2882 1528 2933 ἐν
1568 2882 1637 2948 ἡμ

1857 2880 2134 2946 :ciderent,
2190 2881 2423 2936 interius
2474 2880 2882 2948 intumesceret,
2916 2892 2970 2937 et
3010 2883 3371 2953 cogitationes

102 2979 490 3051 διαγράφοντα
535 2978 805 3046 πόλεμον,
854 2975 1081 3043 λέγοντα
1131 2970 1269 3027 εἷναί
1314 2991 1435 3026 τινα
1483 2974 1540 3025 ἐν
1589 2990 1616 3025 τ

1858 2988 1995 3029 nnes
2020 2972 2087 3027 de
2125 2972 2416 3027 tolerantia
2451 2982 2753 3043 respueret.
2788 2974 2965 3046 Atque
2997 2976 3099 3031 hoc
3123 2984 3371 3045 tempore

110 3070 310 3142 μέλεσι
349 3071 511 3140 νόμον
554 3068 848 3139 ἁμαρτίας,
892 3068 982 3119 τὸν
1037 3065 1580 3136 ἀντιστρατευόμενον
1623 3091 1624 3094 η

1856 3066 1888 3119 ει
1932 3065 2167 3119 maxime
2212 3064 2457 3119 divinum
2504 3066 2655 3120 illum
2700 3066 3023 3135 Apostolum
3068 3068 3370 3125 admiratus

104 3162 275 3232 νόμῳ
317 3160 411 3214 τοῦ
459 3160 596 3223 νοὸς,
642 3159 735 3212 καὶ
788 3157 1043 3210 ποιοῦντα
1092 3156 1351 3218 πολλάκις
1396 3155 1572 3226 ἐαυτῷ
1609 3173 1618 3188 ι

1858 3173 1948 3222 im,
1977 3157 2070 3226 qui
2102 3165 2210 3210 tam
2253 3156 2453 3211 illustri
2497 3158 2708 3212 ratione
2740 3158 2940 3213 bellum
2973 3159 3115 3213 intra
3156 3175 3259 3215 nos
3286 3161 3372 3215 ci-

279 3252 618 3324 αἰχμάλωτόν
651 3268 709 3303 τε
742 3251 837 3303 καὶ
867 3250 1194 3319 ὑποχείριον.
1227 3247 1439 3318 Ταύτην
1480 3249 1620 3318 ἐμαυ

1862 3252 1911 3306 le
1940 3249 2267 3320 depinxerit,
2289 3265 2412 3304 cum
2438 3251 2515 3304 ait
2547 3265 2671 3305 esse
2700 3250 2995 3321 quamdam
3026 3252 3077 3305 in
3108 3252 3370 3309 membris

107 3348 339 3414 βλέπων
360 3346 466 3399 τῶν
487 3346 580 3399 δύο
605 3344 880 3414 λογισμῶν
905 3344 1003 3414 τὴν
1022 3342 1081 3407 ἐξ
1109 3342 1350 3395 ἐναντίου
1376 3340 1621 3410 παράταξ

1862 3341 2017 3397 )stris
2057 3342 2227 3412 legem
2261 3342 2493 3413 peccati,
2528 3343 2686 3413 quasi
2717 3344 2903 3414 copias
2934 3360 3065 3400 suas
3108 3346 3376 3415 objicien-

103 3440 217 3493 τοῦ
248 3457 308 3492 τε
346 3438 762 3509 χαλεπαίνοντος
791 3436 925 3504 πρὸς
965 3433 1062 3505 τὴν
1104 3435 1168 3486 ἐκ
1194 3433 1295 3503 τῆς
1328 3433 1612 3505 ὑπερηφαν

1864 3449 1913 3486 m
1942 3433 2047 3504 legi
2080 3434 2298 3499 mentis,
2324 3434 2633 3504 smpiusque
2662 3445 2898 3490 mentem
2948 3435 3055 3492 sibi
3104 3437 3374 3505 captivam

106 3533 303 3603 ὓϐριν.
350 3529 569 3585 καὶτοῦ
616 3529 677 3582 τὸ
714 3525 940 3581 διοιδοῦν
984 3525 1469 3587 καταστέλλοντοςο
1515 3525 1614 3576 ἐπε

1860 3524 2155 3589 εᾶᾶεηιοιη,
2200 3540 2265 3580 ac
2304 3541 2461 3580 suam
2499 3527 2552 3580 in
2599 3535 2920 3597 potestatem
2969 3527 3304 3599 redigcntem
3331 3530 3374 3585 '.

101 3625 269 3679 κατὰ
290 3625 423 3677 Θεοῦ
456 3625 615 3695 χάριν
641 3624 739 3676 οὑκ
766 3621 1068 3692 ἐκράτησεν
1097 3622 1130 3691 ἡ
1159 3620 1357 3691 χείρων
1390 3618 1551 3690 ῥοπὴ,
1583 3636 1613 3670 τ

1865 3618 2139 3686 ujusmodi
2168 3634 2291 3672 cum
2320 3619 2373 3673 in
2402 3636 2488 3675 me
2516 3620 2748 3674 duarum
2788 3622 3182 3692 cogitationum
3233 3624 3379 3677 velut

102 3715 263 3785 πρὸς
298 3714 461 3767 αὑτὸν
491 3712 643 3767 εἷπον
676 3710 817 3780 ἐγώο
872 3729 890 3761 ι
944 3710 1035 3780 Μὴ
1081 3710 1189 3781 ἄρα
1228 3709 1281 3762 τί
1314 3726 1395 3762 σοι
1426 3707 1533 3761 τῶν
1574 3726 1614 3760 π

1859 3718 2135 3764 ιειιδυοισῐη
2168 3711 2431 3780 utrinque
2483 3727 2549 3767 ex
2582 3713 2813 3768 adverso
2851 3714 3022 3768 aciem
3071 3730 3373 3778 cernerem,

98 3806 223 3877 τὴν
270 3803 566 3875 θεραπείαν
594 3802 689 3856 τοῦ
725 3802 975 3874 σώματος
1019 3797 1464 3868 σπουδαζομένων
1496 3799 1561 3868 τῇ
1598 3815 1612 3849 1

1863 3815 2041 3854 tarum
2074 3802 2243 3855 altera
2276 3803 2514 3873 graviter
2542 3803 2707 3858 ferret
2740 3804 2886 3858 illam
2910 3820 2939 3858 a
2963 3806 3216 3875 superbia
3252 3821 3377 3876 pro-

104 3896 318 3970 ρουσὶᾳ
353 3913 453 3965 μου
495 3895 815 3964 βλάπτεται,
859 3892 953 3946 καὶ
996 3888 1305 3956 ὑπεξελθεῖν
1336 3890 1482 3941 ἐστιν
1522 3887 1618 3940 εῦκ

1867 3901 2014 3947 ctam
2044 3895 2299 3962 injuriam
2325 3935 2339 3956 ,
2376 3896 2547 3949 altera
2586 3894 2638 3948 id
2670 3895 2817 3965 quod
2847 3896 3178 3951 intumuerat
3215 3912 3380 3967 paca-

105 4008 251 4063 ρον;
291 4008 308 4039 ι
345 3986 452 4040 Τοῦ
478 3987 533 4041 δὲ
558 3986 803 4050 εἰπόντος
845 3985 919 4056 μὴ
948 3984 1170 4055 χρῄζειν
1190 3982 1281 4036 τοῦ
1310 3981 1615 4051 θεραπευθῆ

1865 3996 1894 4039 :t
1923 4004 1937 4039 :
1974 3995 2330 4057 posteaquam
2368 3987 2461 4042 Dei
2495 3988 2764 4042 beneficio
2793 3988 3025 4042 victoria
3068 4004 3177 4043 non
3205 3991 3379 4058 potie-

102 4085 177 4136 τὸ
221 4082 407 4152 σῶμα,
459 4076 610 4133 εἶπόν
656 4096 806 4142 τινας
861 4079 1049 4147 λόγους
1098 4076 1521 4147 θεραπευτικοὺς
1570 4090 1616 4138 πη

1860 4084 1971 4129 itur
2001 4075 2053 4129 id
2087 4078 2231 4146 quod
2268 4080 2320 4130 in
2364 4076 2520 4146 pejus
2556 4086 2836 4132 momento
2887 4094 2988 4134 suo
3040 4078 3374 4149 impellebat,

102 4178 308 4239 αὑτὸν,
360 4174 436 4236 ὡς
475 4168 587 4226 οἶόν
614 4190 674 4226 τε
723 4169 811 4244 ἦν.
862 4171 1131 4224 Κάκείνου
1168 4170 1236 4222 δι’
1271 4168 1464 4236 ὀλίγων
1509 4167 1571 4220 τὸ
1613 4188 1616 4216 ι

1860 4183 1923 4220 ιῐη
1959 4167 2174 4221 demum
2210 4170 2291 4223 sic
2319 4185 2445 4223 eum
2477 4168 2783 4238 compello:
2823 4168 2961 4223 Num
2991 4171 3122 4241 quid
3160 4186 3374 4238 eorum,

100 4267 343 4328 πολλοῖς
388 4265 687 4335 ἀδικήμασι
727 4264 826 4335 τὴν
858 4262 978 4316 καθ’
1011 4263 1169 4333 ἡμῶν
1215 4261 1362 4333 ἔχειν
1406 4261 1583 4331 λύπην

1864 4273 1931 4312 ne
1965 4260 2031 4312 ad
2056 4258 2308 4328 corporis
2338 4259 2415 4312 tui
2443 4274 2631 4313 curam
2671 4260 2963 4328 pertinent,
3020 4270 3247 4333 propter
3281 4263 3378 4317 ad-

98 4356 467 4429 δειξαμένου,
519 4357 690 4409 ταῦτα
731 4357 868 4427 πρὸς
925 4356 1085 4409 αὑτὸν
1131 4356 1513 4428 ἀπεκρινάμην
1565 4359 1612 4424 ἐγ

1865 4359 2028 4404 :ntum
2066 4364 2245 4404 meum
2285 4350 2559 4404 omittitur
2608 4365 2733 4405 cum
2791 4352 3144 4408 incommodo
3171 4364 3285 4421 tuo,
3321 4366 3379 4412 ut

108 4471 137 4502 α
186 4452 323 4503 "Ott
350 4452 406 4502 ἐν
439 4448 746 4520 ἀνθρώποις
776 4447 974 4518 πολλὴν
1004 4447 1116 4517 ἔχει
1145 4447 1371 4517 δύναμιν
1403 4450 1537 4518 πρὸς
1567 4448 1622 4501 ἀτ

1853 4458 1915 4497 os
1939 4443 2089 4497 exire
2127 4443 2197 4499 sit
2223 4442 2637 4512 opportunum?
2662 4443 2744 4496 Ad
2793 4460 2914 4515 qua:
2957 4459 3082 4499 cum
3115 4446 3367 4515 dixisset,

98 4561 220 4613 την
250 4543 314 4595 τὸ
346 4540 571 4609 ψεῦδος·
596 4540 657 4593 τὸ
680 4541 735 4593 δὲ
764 4540 904 4593 θεῖον
950 4542 1230 4611 κριτήριον
1260 4541 1351 4593 τὸν
1394 4541 1450 4607 ἐξ
1494 4542 1612 4593 άπά

1864 4553 1921 4589 τη
1972 4551 2094 4591 esse
2152 4536 2256 4589 sibi
2306 4550 2446 4604 opus
2492 4536 2783 4591 curatione
2835 4538 3105 4606 corporis,
3169 4541 3378 4610 subjeci

100 4633 539 4707 παραλογισμέν)
578 4633 638 4685 οὑ
684 4633 1054 4702 προσδέχεται.
1099 4631 1251 4703 Ἐμοὶ
1284 4632 1342 4686 δὲ
1365 4633 1584 4686 τοσοῦτο

1865 4629 1978 4681 ετὺει
2035 4629 2307 4697 quazdam,
2351 4629 2551 4697 quibus
2600 4644 2803 4700 aegrum
2862 4630 3098 4688 hominis
3133 4634 3379 4689 animum

98 4730 313 4783 ποιθεν
358 4730 415 4779 ἐν
448 4730 559 4790 τοῖς
593 4728 726 4796 πρὸς
757 4726 816 4777 σὲ
859 4727 1175 4796 πράγμασιν
1207 4729 1240 4795 ἡ
1278 4726 1598 4797 συνείδησις,

1864 4737 1910 4776 ’0
1940 4721 2087 4775 virili
2120 4737 2391 4777 curarem.
2441 4722 2689 4793 Cumque
2734 4724 2925 4793 paucis
2981 4725 3073 4780 ille
3122 4742 3182 4782 se
3220 4729 3378 4784 nobis

94 4820 385 4892 εὔχεσθαι
410 4818 520 4872 τῶν
566 4818 666 4887 μὲν
697 4816 869 4870 ἄλλων
900 4817 1181 4887 ἁμαρτιῶν
1214 4816 1464 4885 γενέσθαι
1494 4832 1582 4886 μοι

1862 4814 1978 4869 asci
2008 4823 2233 4884 propter
2263 4815 2461 4870 multas
2496 4814 2729 4883 injurias
2763 4816 3113 4880 ostendisset,
3147 4835 3376 4888 respon-

99 4912 513 4984 συγχώρησινο
564 4914 612 4964 εἰ
661 4910 718 4963 δέ
772 4927 824 4963 τι
880 4910 1022 4963 κατὰ
1075 4909 1167 4963 σοῦ
1228 4910 1539 4981 πέπρακταί
1592 4927 1613 4978 μ

1862 4912 2023 4978 Lego:
2065 4927 2082 4958 ι
2114 4907 2456 4963 Mendacium
2488 4908 2632 4963 inter
2667 4907 2917 4963 homines
2944 4909 3010 4962 ad
3035 4908 3284 4966 fraudem
3313 4928 3376 4968 ac

90 5008 287 5062 τοῦτο
335 5007 511 5076 μεῖναι
556 5006 637 5068 είς
682 5005 745 5057 τὺ
788 5004 1030 5074 διηνεκὲς
1071 5004 1476 5075 ἀσυγχώρητον.
1521 5023 1538 5054 ι
1576 5003 1604 5054 Σ

1864 5001 2190 5070 eceptioncm
2240 5002 2347 5054 vim
2399 5001 2600 5057 habere
2655 5017 3052 5072 permagnam;
3108 5020 3292 5065 verum
3325 5008 3378 5060 in

89 5100 352 5161 τλιάσας
375 5098 430 5149 δὲ
457 5096 534 5167 τῷ
560 5097 722 5166 λόγῳ,
758 5096 939 5150 οὐκέτι
972 5097 1331 5167 προστεθῆναι
1365 5096 1462 5159 τὰς
1490 5097 1603 5149 ἀπα

1864 5094 1906 5146 ei
1941 5093 2152 5161 judicio
2196 5108 2309 5147 non
2360 5109 2525 5164 posse
2579 5093 2788 5150 fraudis
2843 5095 3138 5151 falsitatem
3200 5098 3378 5152 locum

95 5193 239 5257 ξεις
268 5191 383 5253 τοῖς
406 5188 712 5259 εἰρημένοις
743 5188 977 5255 ἐδέξατο.
1011 5189 1152 5258 Ὥρα
1178 5184 1246 5258 ἦν
1278 5188 1475 5241 πλείων
1511 5187 1541 5257 ἢ
1569 5206 1609 5240 κε

1865 5184 2040 5239 abere.
2124 5183 2256 5239 Meae
2320 5201 2453 5241 vero
2512 5187 2867 5241 conscientiae
2935 5197 3088 5241 tanta
3154 5201 3239 5247 est
3324 5191 3379 5245 in

88 5285 226 5352 τὴν
261 5282 461 5351 ἕκτην·
493 5281 674 5333 καὶτὸ
716 5280 936 5351 λουτρὸν
963 5280 1254 5351 εὐπρεπὲς,
1299 5280 1392 5333 καὶ
1433 5280 1492 5332 ἐν
1534 5297 1602 5333 πα

1869 5278 1916 5333 is
1984 5278 2255 5333 adversus
2320 5285 2373 5333 te
2433 5279 2668 5348 negotiis
2718 5279 3067 5345 confidentia,
3135 5292 3193 5335 ut
3249 5298 3380 5337 exo-

94 5374 303 5443 σκευῇ
344 5372 376 5440 ή
408 5371 668 5433 ἑστίασις,
699 5372 794 5424 καὶ
832 5371 1106 5425 Σάϐϐατον
1145 5373 1178 5440 ἡ
1204 5370 1410 5442 ἡμέρα,
1440 5370 1533 5423 καὶ
1570 5388 1608 5438 μ

1870 5386 1953 5424 em
1980 5371 2211 5424 aliorum
2247 5370 2471 5440 quidem
2502 5372 2636 5425 mihi
2661 5373 2984 5427 delictorum
3021 5375 3232 5428 veniam
3251 5391 3382 5431 ccu-

86 5466 312 5535 τύρων
374 5463 526 5533 τιμή.
591 5464 701 5514 Καὶ
771 5462 931 5515 πάλιν
997 5465 1024 5515 6
1078 5462 1321 5532 μαθητὴς
1374 5461 1467 5514 τοῦ
1530 5462 1600 5513 Εὑ

1869 5481 2045 5534 rigere,
2079 5475 2134 5518 at
2162 5466 2206 5520 si
2238 5466 2366 5535 quid
2390 5474 2579 5521 contra
2603 5475 2655 5521 te
2685 5470 2955 5530 commisi,
2979 5470 3080 5523 hoc
3110 5481 3165 5525 ut
3189 5472 3240 5524 in
3262 5488 3383 5541 per-

88 5556 317 5629 γελίου
348 5555 463 5617 πῶς
498 5558 745 5625 μιμεῖται
779 5555 869 5609 τὸν
908 5554 1001 5607 τοῦ
1039 5553 1367 5621 Εὑαγγελίου
1397 5556 1602 5607 Δεσπότ

1868 5568 2033 5610 :tuum
2058 5572 2165 5611 non
2189 5558 2555 5612 condonatum
2587 5568 2819 5612 maneat.
2838 5578 2854 5610 ι
2896 5559 3045 5615 Hanc
3073 5562 3161 5615 ille
3178 5565 3382 5617 oratio-

86 5655 132 5705 ὸ
211 5648 317 5719 μὲν
374 5647 509 5716 μετὰ.
572 5647 817 5700 τελωνῶν
868 5648 960 5701 καὶ
1002 5647 1338 5717 ἁμαρτωλῶν
1392 5646 1585 5702 ἐσθίων

1869 5663 1939 5703 Ξῐῐι
1976 5663 2100 5703 cum
2128 5648 2365 5717 graviter
2387 5650 2722 5719 molesteque
2747 5650 2981 5718 tulisset,
3015 5668 3122 5707 non
3152 5653 3383 5724 amplius

208 5833 235 5865 ¹
269 5828 431 5885 Rom.
468 5846 566 5895 vu,
591 5828 683 5884 25.
