3834 6438
531 309 669 366 1007

1763 299 1820 353 s.
1867 291 2200 354 cnscouu‘
2244 297 2535 370 NYSSENI

3657 312 3764 369 ινα

531 433 658 488 addi
717 427 784 484 ad
839 443 902 482 ea
961 441 1082 496 qua:
1138 428 1397 480 dmssem
1435 419 1784 494 probationes
1831 420 2069 490 quasdau

2203 421 2390 486 πίνων,
2421 423 2740 492 ἀπελογεῖτο
2777 429 2888 488 τοῖς
2921 427 3293 491 ὀνειδίζουσιν,
3345 429 3424 493 ὡς
3467 430 3626 484 κατὰ
3671 435 3758 502 qn},

533 539 728 594 passus
751 529 856 576 est.
889 517 1052 572 Sexta
1079 517 1192 586 jam
1213 516 1346 570 hora
1371 517 1728 586 praeterierat,
1753 521 1810 568 et
1841 513 2092 568 balneum

529 617 807 685 eleganter
839 615 1164 666 instructum
1193 616 1332 672 erat,
1371 619 1428 664 et
1453 609 1820 676 apparabatur
1847 605 2092 674 epulum,

525 716 582 760 et
609 706 726 775 ipsa
749 705 866 758 dies
891 703 1184 756 Sabbatum
1216 710 1354 762 erat,
1381 710 1436 754 et
1452 707 1753 771 martyrum
1775 697 2091 754 celebratio.

470 807 476 814 '
531 793 654 850 llaec
683 809 904 850 rursum
929 791 1062 846 mihi
1090 792 1232 856 vide,
1261 805 1372 862 quo
1393 800 1554 862 pacto
1581 791 1887 862 discipulus
1917 791 2095 844 Evan-

525 884 652 956 gelii
682 884 968 938 Dominum
995 882 1275 954 Evangelii
1305 884 1572 942 imitetur.
1603 882 1736 938 Nam
1761 884 1848 938 hic
1871 883 2091 952 quidem

523 992 650 1032 cum
678 975 984 1046 publicanis
1009 989 1074 1028 ac
1101 976 1485 1044 peccatoribus
1509 975 1823 1039 comedens,
1855 977 1936 1030 sic
1970 991 2092 1030 sese

523 1067 790 1138 purgabat
827 1065 895 1120 ad
931 1067 1076 1132 illos.
1112 1068 1206 1138 qui
1240 1068 1344 1124 hoc
1389 1067 1438 1122 ei
1487 1068 1608 1122 loco
1651 1069 1834 1138 probri
1881 1069 2090 1136 objice-

523 1164 681 1218 rent,
725 1162 784 1210 ut
827 1156 1032 1210 diceret
1088 1156 1141 1210 id
1183 1171 1244 1210 se
1285 1172 1351 1210 ex
1403 1157 1636 1226 benigno
1681 1159 1916 1226 quodam
1959 1173 2088 1229 erga

521 1247 776 1302 homines
805 1245 988 1300 studio
1027 1247 1229 1303 facere.
1261 1247 1330 1300 At
1357 1247 1447 1302 ille
1477 1249 1674 1317 piaculi
1705 1249 1824 1302 lnco
1851 1249 2004 1303 ducit
2035 1260 2089 1304 et

523 1340 920 1410 inquinamenti
955 1339 1217 1394 adhibere
1259 1323 1360 1396 nes
1393 1355 1594 1396 mensae
1627 1357 1740 1396 sum
1777 1350 1902 1410 post
1933 1342 2088 1396 defa-

519 1435 834 1506 tigationem
883 1433 1031 1486 illam
1087 1442 1264 1487 ortam
1303 1448 1366 1488 ex
1427 1433 1669 1488 itinere:
1710 1443 1832 1503 post
1875 1442 2084 1488 tantum

517 1533 749 1588 aestum,
805 1525 861 1578 in
913 1540 1024 1592 quo
1075 1523 1380 1580 assidentes
1423 1525 1596 1596 ipsius
1625 1525 1692 1580 ad
1730 1526 1934 1580 ostium
1981 1527 2085 1580 sub

517 1619 610 1672 dio
631 1616 974 1672 torrebamnr
1007 1635 1019 1671 :
1051 1624 1177 1686 post
1197 1615 1411 1670 tristem
1455 1617 1600 1670 illam
1623 1616 2083 1680 taciturnitatem,

517 1724 680 1778 quam
714 1707 922 1777 experti
949 1723 1192 1770 eramus.
1229 1716 1583 1777 posteaquam
1634 1707 1690 1760 in
1731 1715 2082 1777 conspectum

2199 514 2514 586 ανθρωπίαν
2580 516 2740 570 τοῦτο
2791 517 2980 572 ποιῶν.
3055 520 3113 572 Ὀ
3169 521 3227 574 δὲ
3271 521 3404 590 ἄγος
3463 524 3650 592 κρίνει
3693 529 3758 579 καὶ

2201 608 2446 678 μίασμα,
2505 611 2604 680 τὴν
2657 611 2752 664 ὲπὶ
2799 613 3078 684 τραπέζης
3135 615 3445 681 κοινωνίαν,
3509 616 3648 684 μετᾶ
3691 619 3760 670 τὸν

2197 700 2364 754 κόπον
2413 704 2618 756 ἐκεῖνον
2637 742 2653 768 ,
2701 703 2762 756 ὃν
2811 705 2876 758 ἐκ
2927 705 3027 772 τῆς
3083 705 3390 778 ὁδοιπορίας
3443 707 3758 778 ὑπέστημεν·

2199 793 2335 862 μετὰ
2378 793 2438 846 τὸ
2494 793 2697 858 θάλπος
2739 795 2801 848 τὸ
2841 795 3110 862 τοσοῦτον,
3157 799 3216 850 ἐν
3247 791 3294 866 ᾧ
3343 799 3634 870 ὑπαίθριοι
3665 806 3760 864 ταῖς

2195 884 2388 956 θύραις
2419 886 2584 939 αὑτοῦ
2619 885 3118 958 προσκαθεζόμενοι
3149 889 3622 961 κατεφρύγημεν·
3645 896 3756 960 μετά

2193 975 2292 1046 τὴν
2325 976 2653 1050 σκυθρωπὴν
2693 979 2909 1048 ἐκείνην
2939 983 3258 1050 κατήφειαν,
3289 982 3358 1052 ἢν
3392 983 3456 1034 ὲν
3483 981 3754 1053 ὀφθαλμοξ

2192 1069 2352 1122 αὑτοῦ
2387 1070 2668 1154 γεγονότες
2711 1071 3039 1142 ἀνέτλημεν·
3061 1073 3152 1124 καὶ
3187 1074 3590 1144 ἀποπέμπεται
3635 1079 3754 1144 ἡμᾶς

2192 1160 2352 1213 πάλιν
2401 1163 2492 1214 ἐπὶ
2537 1163 2596 1215 τὸ
2639 1163 2770 1216 αὐτὸ
2812 1165 3108 1234 διάστημα,
3151 1166 3236 1218 διὰ
3279 1168 3381 1236 τῆς
3427 1167 3608 1237 αὐτῆς
3637 1170 3752 1230 ὁδοῦ,

2189 1253 2670 1322 ταλαιπωροῦντας
2733 1257 2790 1308 ὲν
2823 1256 3158 1310 ὲκλελοιπότι
3203 1258 3302 1328 ἤδη
3333 1259 3436 1312 κιιῖ¹
3463 1277 3753 1314 καταπεπο-

2189 1344 2406 1414 νημένῳ
2451 1344 2528 1414 τῷ
2579 1345 2823 1422 σώματι·
2875 1347 3016 1401 ὥστε
3045 1350 3198 1418 μόλις
3233 1351 3384 1420 ἡμᾶς
3431 1353 3570 1422 περὶ
3605 1353 3753 1422 δειλην

2187 1434 2346 1503 ὀψίαν
2373 1435 2540 1488 πολλὰ
2567 1437 2654 1488 διὰ
2693 1440 2860 1507 μέσου
2909 1439 3412 1510 κακοπαθήσαντας
3449 1444 3752 1496 καταλαϐεῖν

2185 1526 2282 1596 τὴν
2305 1527 2570 1580 συνοδίαν.
2597 1529 2704 1580 Καὶ
2731 1529 2838 1602 γάρ
2867 1547 2920 1582 τι
2953 1532 3046 1582 καὶ
3067 1531 3224 1600 νέφος
3247 1533 3314 1586 ἐκ
3339 1533 3613 1598 λαίλαπος
3639 1537 3753 1588 κατὰ

2185 1615 2245 1666 τὸ
2279 1615 2344 1668 άθ
2355 1617 2472 1686 ρόον
2497 1618 2554 1668 ὲν
2583 1617 2660 1686 τῷ
2695 1617 2816 1688 ἀέρι
2846 1620 3154 1689 γενόμενον,
3203 1623 3388 1676 αὐτῶν
3413 1625 3536 1678 τῶν
3573 1626 3753 1695 μυελιῖιν

2187 1709 2332 1777 ἡμᾶς
2362 1708 2545 1781 λάϐρῳ
2573 1709 2652 1781 τῷ
2687 1710 2876 1782 ὄμϐρῳ
2906 1711 3178 1770 καθίκετο.
3225 1717 3638 1786 ’Λπαράσκενοι
3665 1721 3750 1789 γὰρ

511 1803 636 1873 ejus
667 1817 1014 1858 veneramus.
1041 1799 1311 1857 Nimirum
1344 1815 1445 1856 nos
1476 1817 1668 1858 rursus
1687 1800 1756 1856 ad
1789 1800 1931 1856 idem
1957 1816 2069 1870 spa-

2184 1794 2324 1870 ἦμεν
2355 1799 2441 1852 διὰ
2465 1802 2526 1854 τὸ
2567 1801 2899 1872 ὑπερϐάλλον
2935 1803 3156 1868 θάλπος,
3195 1806 3269 1870 ὡς
3310 1785 3456 1878 πρὸς
3487 1807 3646 1860 ὑετοῦ
3672 1785 3750 1875 si.

511 1897 650 1950 tium
693 1894 1057 1950 emetiendum
1109 1893 1370 1956 dimittit,
1411 1903 1469 1947 ut
1524 1907 1620 1964 per
1663 1891 1906 1948 eamdem
1938 1893 2079 1945 viam

515 1993 730 2042 nosmet
769 1984 1162 2054 .aﬂligeremus,
1193 1999 1426 2054 corpore
1457 1983 1570 2053 jam
1591 1983 1812 2038 defecto
1843 1991 1896 2039 et
1925 1983 2078 2036 labo-

513 2079 671 2136 ribus
716 2087 1015 2134 maccrato.
1053 2077 1172 2142 Quo
1217 2077 1455 2138 factum,
1507 2085 1565 2130 ut
1613 2077 1702 2130 vix
1748 2076 1852 2132 sub
1895 2089 2077 2136 serum

507 2173 714 2240 multas
741 2169 924 2226 medio
951 2170 1005 2224 in
1041 2169 1234 2226 itinere
1257 2168 1508 2239 perpessi
1549 2181 1824 2222 aerumnas
1849 2168 2078 2222 comites

509 2272 736 2318 nostros
771 2277 1213 2332 assequeremur.
1262 2259 1393 2314 Nam
1429 2271 1484 2314 et
1511 2261 1690 2316 nubes
1723 2259 1973 2330 quedam
2007 2275 2074 2312 ex

507 2355 728 2412 turbine
753 2354 938 2408 subito
965 2353 1021 2408 in
1051 2368 1178 2408 aere
1197 2361 1340 2418 orta,
1366 2352 1590 2422 copioso
1619 2351 1793 2406 imbre
1821 2351 1890 2404 ad
1927 2351 2076 2420 ipsas

505 2460 686 2516 usque
721 2444 990 2501 medullas
1037 2452 1260 2500 nostras
1293 2445 1632 2514 penetrabat.
1673 2443 1886 2498 Etenim
1921 2451 2076 2513 tegu-

509 2537 710 2594 mentis
733 2536 804 2592 ob
834 2537 1110 2608 ingentem
1143 2543 1334 2592 aestum
1380 2536 1640 2592 instructi
1685 2549 1792 2590 non
1831 2549 2072 2600 eramus,

507 2639 571 2683 ut
620 2629 886 2686 adversus
943 2629 1184 2700 pluviam
1231 2637 1450 2684 nosmet
1497 2629 1714 2682 munire
1764 2641 2071 2697 possemus.

507 2720 988 2778 Vernmenimvero
1051 2737 1152 2792 per
1205 2719 1302 2774 Dei
1355 2721 1587 2792 gratiam
1639 2719 1796 2790 quasi
1865 2719 1960 2788 qui
2007 2734 2072 2774 ex

499 2823 827 2885 tempestate
873 2815 958 2871 vel
1002 2811 1293 2886 naufragio
1347 2813 1484 2870 salvi
1539 2819 1864 2874 evaserunt,
1903 2812 1976 2864 ita
2019 2817 2074 2866 et

503 2907 610 2976 ipsi
659 2907 891 2962 comites
941 2916 1167 2965 nostros
1213 2923 1408 2982 magna
1467 2921 1591 2960 cum
1647 2905 1832 2960 laetitia
1879 2919 2074 2960 sumus

501 2998 765 3054 assecuti.
804 2997 1054 3070 Cumque
1093 3013 1192 3070 per
1239 3005 1455 3053 noctem
1491 2997 1927 3068 quicvissemus,
1961 2993 2070 3048 vivi

497 3101 554 3148 et
583 3091 888 3148 incolumes
931 3107 1043 3146 una
1081 3106 1208 3146 cum
1233 3091 1358 3144 aliis
1391 3088 1456 3142 ad
1495 3098 1684 3144 nostra
1735 3102 1908 3156 usque
1949 3086 2067 3140 loca
2096 3119 2140 3178 ο

501 3184 875 3253 pervenimus,
924 3183 1028 3240 hoc
1061 3191 1259 3254 praeter
1297 3183 1400 3236 alia
1451 3181 1736 3236 consecuti
1775 3179 1918 3234 forte
1957 3177 2069 3234 for-

501 3283 658 3342 tuna,
693 3273 838 3344 quod
881 3289 1072 3329 eorum
1109 3273 1352 3329 omnium
1383 3287 1503 3341 qua:
1543 3271 1700 3340 prius
1727 3268 2064 3332 acciderunt,

495 3365 616 3420 hinc
645 3365 914 3420 adversus
945 3380 1046 3419 nos
1080 3365 1134 3419 in
1171 3363 1278 3418 hoc
1317 3371 1561 3432 tempore
1589 3361 1828 3418 exercita
1865 3359 2068 3430 injuria

495 3459 819 3521 memoriam
853 3457 1155 3512 renovarit.
1182 3456 1442 3525 Adeoque
1471 3453 1777 3510 necessitas
1815 3453 1936 3524 ipsa
1967 3465 2068 3504 nos

491 3549 666 3622 cogit,
696 3557 754 3604 ut
789 3549 843 3604 in
877 3559 1156 3620 posterum
1185 3555 1241 3603 et
1274 3549 1378 3616 ipsi
1417 3555 1605 3600 nostra
1647 3560 1814 3600 causa
1847 3542 2065 3599 consilii

493 3642 778 3712 quidpiam
853 3641 1181 3712 capiamus,
1243 3641 1328 3695 vel
1405 3638 1801 3710 potius-illius
1885 3637 2066 3706 ipsius

501 3747 688 3786 causa.
733 3730 870 3786 Nam
915 3729 1064 3800 quod
1103 3730 1224 3800 ejus
1275 3729 1588 3784 institutum
1653 3728 1707 3781 in
1755 3727 1896 3792 illis,
1943 3743 2066 3796 qua:

497 3819 748 3875 accidere
793 3818 986 3889 prius,
1040 3818 1358 3889 impeditum
1411 3833 1520 3874 non
1567 3817 1766 3881 fuerit,
1825 3817 1878 3871 id
1937 3831 2066 3870 vero

495 3913 770 3970 hominem
822 3921 934 3967 tam
991 3911 1344 3968 immodicum
1415 3911 1482 3965 ad
1532 3911 1737 3966 fastum
1797 3909 2062 3980 provexit.

491 4006 859 4073 Quamobrem
917 4013 977 4062 ut
1040 4006 1224 4076 seipse
1287 4005 1544 4060 reddatur
1617 4005 1848 4068 melinr,
1927 4017 2063 4058 con-

490 4099 642 4154 venit
680 4099 868 4154 forsan
898 4113 929 4152 a
977 4097 1138 4154 nobis
1174 4113 1391 4169 quoque
1437 4097 1685 4154 nonnihil
1725 4096 1968 4167 suscipi,
2005 4105 2066 4152 ut

492 4205 554 4244 se
599 4190 876 4244 hominem
909 4205 1034 4245 esse
1061 4189 1281 4253 discat,
1347 4189 1442 4260 qui
1519 4189 1725 4244 nullam
1798 4189 2064 4244 adversus

489 4281 666 4336 eidem
720 4281 967 4336 addictos
997 4281 1313 4344 sententiae,
1345 4281 1718 4352 dignitateque
1747 4295 1940 4350 pares,
1978 4281 2063 4335 vel

492 4371 707 4441 injuriae
758 4373 843 4427 vel
887 4372 1199 4442 ignominiaa
1262 4381 1590 4442 potestatem
1651 4371 1869 4426 habeat.
1921 4370 2061 4425 Ecce

2181 1889 2370 1960 λακήν.
2416 1891 2560 1961 Πλὴν
2587 1892 2724 1946 ἀλλὰ
2757 1895 2898 1948 κατὰ
2937 1896 3072 1948 Θεοῦ
3103 1896 3283 1967 χάριν,
3315 1897 3396 1960 ὡς
3425 1901 3476 1952 oi
3517 1900 3624 1952 ἀπὸ
3647 1901 3752 1953 ulti-

2179 1982 2344 2042 δωνος
2387 1981 2420 2051 ἢ
2471 1983 2728 2051 ναυαγίου
2775 1985 3190 2054 περισωθέντες,
3237 1987 3474 2056 ἄσμενοι
3519 1988 3616 2060 τὴν
3649 2007 3752 2042 συν-

2179 2072 2327 2125 οδίαν
2377 2072 2538 2142 ἡμῶν
2584 2072 2953 2145 κατελάϐομεν
2973 2091 2987 2105 ·
3028 2077 3121 2128 καὶ
3171 2077 3634 2149 ἀναπαυσάμενοι
3671 2082 3749 2150 τὴν

2178 2163 2350 2218 νύκτα
2399 2165 2536 2236 μετὰ
2585 2165 2853 2236 ἀλλήλων,
2889 2167 3087 2232 ζῶντες
3133 2169 3292 2239 μέχρι
3335 2169 3452 2222 τῶν
3485 2171 3752 2242 ἡμετέραν

2178 2255 2514 2328 διεσώθημεν
2575 2259 2757 2312 τόπων
2784 2275 2798 2288 ·
2859 2259 3015 2314 τοῦτο
3081 2262 3491 2333 προσλαϐόντες
3551 2267 3618 2318 ὲκ
3671 2267 3752 2334 τῆς

2185 2351 2494 2419 συντυχίας,
2533 2352 2613 2402 ὅτι
2660 2351 2874 2406 πάντων
2911 2352 3018 2405 τῶν
3055 2355 3320 2424 πρότερον
3369 2359 3749 2426 γεγονότων,ὴ

2181 2439 2409 2509 ἔναγχος
2439 2441 2704 2512 γενομένη
2737 2442 2857 2494 καθ’
2891 2443 3048 2513 ἡμῶν
3074 2445 3232 2516 ὕϐρις
3261 2445 3360 2517 τὴν
3417 2449 3654 2518 μνήμην
3679 2451 3750 2500 ἁν-

2177 2529 2460 2584 ενεὼσατο.
2499 2533 2608 2586 Καί
2649 2552 2729 2588 τοι
2769 2535 3192 2606 ἀναγκαζόμεθα
3241 2537 3432 2592 λοιπὸν
3484 2542 3590 2594 καὶ
3633 2543 3752 2610 ὑπὲρ

2174 2619 2331 2688 ἡμῶν
2373 2620 2792 2690 βουλεύσασθαι·
2833 2625 3032 2694 μᾶλλον
3055 2626 3112 2678 δὲ
3157 2627 3298 2696 ὑπὲρ
3327 2628 3504 2681 αὐτοῦ
3537 2631 3748 2682 ἐκείνου.

2174 2709 2248 2762 Τὸ
2274 2710 2383 2780 γὰρ
2415 2712 2490 2782 μὴ
2514 2713 2853 2778 ἀνακοπῆναι
2889 2716 2986 2785 τὴν
3013 2717 3176 2770 αὐτοῦ
3201 2719 3534 2788 προαίρεσιν
3567 2721 3630 2772 ὲν
3657 2725 3752 2784 τοῖς

2174 2803 2438 2874 πρότερον
2477 2807 2878 2876 γεγενημένοις,
2923 2810 3002 2871 είς
3031 2809 3232 2879 ταύτην
3255 2811 3426 2864 αὐτὸν
3466 2813 3654 2882 ἤγαγε
3673 2815 3748 2866 τοῦ

2171 2893 2344 2964 τύφου
2371 2896 2477 2969 τὴν
2509 2898 2794 2969 ἀμετρίαν.
2837 2901 3044 2954 Οὐκοῦν
3071 2901 3148 2965 ὡς
3187 2902 3252 2955 ἂν
3281 2904 3550 2970 κάκεῖνος
3573 2907 3750 2960 ἑαυτοῦ

2173 2986 2381 3053 γένοιτο
2415 2987 2697 3058 κρείττων,
2729 2990 2866 3058 τάχα
2905 3008 2954 3043 τι
2995 2994 3260 3063 προσήκει
3293 2995 3390 3046 καὶ
3441 2997 3587 3067 παρ’
3613 2998 3748 3068 ἡμῶν

2173 3078 2445 3146 γενέσθαι,
2491 3079 2566 3142 ὡς
2595 3080 2662 3134 ἂν
2692 3081 2838 3153 μάθῃ
2883 3083 3168 3154 ἄνθρωπος
3213 3085 3310 3150 ὦν,
3349 3088 3448 3141 καὶ
3505 3090 3750 3159 οὐδεμίαν

2173 3171 2314 3225 κατὰ
2358 3171 2468 3225 τῶν
2507 3175 2822 3244 ἁμοφρόνων
2859 3193 2918 3228 τε
2963 3177 3056 3230 καὶ
3109 3179 3390 3249 ὁμοτίμων
3436 3179 3664 3252 ὕϐρεώς
3703 3201 3750 3234 τε

2170 3264 2266 3316 καὶ
2293 3263 2518 3334 ἀτιμίας
2558 3266 2658 3336 τὴν
2703 3267 2985 3322 αύθεντίαν
3029 3268 3188 3340 ἔχων.
3237 3271 3370 3324 Ἰδοὺ
3406 3273 3524 3344 γὰρ
3569 3275 3750 3344 ἀληθὲς

2167 3350 2307 3408 εἶναι
2334 3355 2585 3422 δεδόσθω,
2609 3357 2772 3426 (λέγω
2803 3359 2925 3412 καθ’
2953 3361 3230 3428 ὑπόθεσιν)
3255 3365 3604 3435 γεγενῆσθαι
3639 3367 3749 3435 παρ’

2169 3445 2304 3516 ἐμοῦ
2341 3465 2398 3500 τι
2439 3447 2680 3520 λυπηρὸν
2721 3449 2840 3504 κατ’
2869 3451 3077 3504 ἐκείνου
3103 3469 3116 3482 ·
3153 3456 3303 3506 ποῖον
3347 3457 3598 3526 συνέστη
3639 3455 3746 3509 καθ’

2167 3537 2323 3608 ἡμῶν
2349 3539 2443 3591 ἐπὶ
2483 3542 2595 3602 τοῖς
2641 3541 2968 3611 γινομένοις,
3013 3543 3518 3614 ῆὺπονοουμένοις
3567 3551 3748 3618 κριτή-
3806 3527 3807 3536 1

2171 3646 2316 3698 ριον;
2361 3631 2457 3694 Τίς
2501 3630 2776 3697 ἀπόδειξις
2816 3633 2914 3703 τὴν
2966 3634 3178 3688 ἀδικίαν
3229 3635 3548 3704 ἀπήλεγξε;
3608 3640 3748 3701 Τίνες

2169 3721 2392 3784 κανόνες
2449 3722 2571 3776 καθ’
2623 3723 2782 3794 ἡμῶν
2829 3723 3275 3792 ἀνεγνώσθησαν;
3331 3727 3474 3780 Ποία
3539 3729 3748 3797 ἔννομος

2167 3815 2467 3868 ἐπισκόπου
2489 3815 2762 3885 ἀπόφασις
2787 3816 2886 3888 τὴν
2905 3818 3026 3870 καθ’
3049 3818 3204 3888 ἡμῶν
3223 3819 3404 3889 κρίσιν
3433 3821 3744 3892 ἐκύρωσεεη

2165 3907 2228 3960 Εἰ
2265 3906 2324 3960 δέ
2353 3925 2406 3960 τι
2447 3908 2542 3960 κα)⁹
2587 3909 2829 3976 ἐγεγόνει
2874 3908 3078 3962 τούτων
3121 3911 3381 3980 ἐννόμως,
3431 3913 3664 3976 πάντως
3693 3915 3746 3966 ἂν

2166 3999 2294 4069 περὶ
2321 3998 2412 4052 τὸν
2451 3997 2658 4069 βαθμὸν
2689 4001 2716 4051 ὁ
2740 3999 2982 4063 κίνδυνος
3017 3997 3104 4070 ἦν.
3157 4001 3350 4073 Ὕϐριν
3379 4003 3438 4054 δὲ
3481 4007 3632 4058 κατὰ
3651 4005 3746 4056 τῷν

2164 4091 2484 4162 ἐλευθέρων,
2525 4093 2623 4144 καὶ
2673 4091 2895 4162 ἀτιμίαν
2937 4094 3080 4145 κατὰ
3125 4095 3232 4146 τῶν
3262 4095 3578 4166 ὁμοτίμων,
3617 4101 3746 4148 ποῖοι

2165 4185 2388 4248 κανόνες
2444 4184 2841 4255 ἐνομοθέτησαν
2874 4204 2888 4251 ;
2923 4189 3108 4258 Κρῖμα
3153 4187 3357 4242 δίκαιον
3409 4191 3666 4259 κρίνατε,
3701 4193 3746 4240 ei

2163 4276 2299 4348 πρὸς
2330 4275 2462 4328 Θεὸν
2487 4277 2743 4348 ὁρῶντες,
2773 4279 2832 4330 ἐν
2859 4277 2965 4330 τίνι
3003 4279 3343 4345 συγγνωστὸν
3387 4281 3622 4350 ἡγεῖσθε
3655 4285 3747 4351 τὴν

2165 4368 2284 4421 καθ’
2305 4367 2461 4438 ἡμῶν
2481 4367 2704 4436 ἀτιμίαν
2725 4384 2739 4429 ;
2764 4369 2826 4420 Εἰ
2851 4368 2990 4422 κατὰ
3005 4368 3104 4440 τὴν
3127 4369 3424 4440 ἱερωσύνην
3448 4371 3515 4424 τὸ
3535 4373 3746 4440 ἀξίωμα

419 4445 422 4449 ’
489 4463 673 4528 enim,
716 4477 904 4530 verum
949 4479 1071 4518 esse
1102 4463 1400 4533 largiamur
1431 4464 1646 4534 (dicam
1694 4462 1913 4533 quidem
1957 4461 2060 4517 sub

2174 4459 2419 4528 κρίνοιτο.
2447 4458 2536 4528 ἴση
2567 4458 2716 4530 παρὰ
2747 4459 2966 4512 συνόδου
2995 4461 3088 4512 καὶ
3129 4459 3228 4529 μία
3253 4459 3479 4526 γέγονεν
3509 4463 3748 4530 ἀμφοτέ-

489 4554 836 4626 conditione)
868 4553 1216 4626 designatum
1251 4571 1284 4610 a
1326 4573 1414 4612 me
1439 4555 1700 4626 quiddam
1730 4571 1875 4622 esse,
1910 4554 2057 4624 quod

487 4654 634 4702 esset
667 4645 769 4717 ipsi
794 4646 1067 4716 ingratum
1093 4646 1490 4717 molesmmque
1517 4665 1530 4701 :
1557 4647 1832 4716 quodnam
1861 4645 2055 4700 adver-

484 4751 608 4791 sum
653 4736 868 4792 nos-ob
911 4751 976 4792 ea
1005 4753 1127 4807 qua-
1184 4738 1270 4792 vel
1317 4736 1464 4792 facta
1506 4746 1656 4803 sunt,
1691 4737 1773 4792 vel
1807 4751 1869 4791 ex
1921 4751 2056 4790 con-

481 4826 712 4897 jecturis
745 4827 998 4890 collecta,
1027 4829 1299 4897 judicium
1321 4838 1406 4886 est
1427 4830 1738 4884 institutum
1765 4827 1788 4880 ?
1819 4843 1940 4898 quae
1975 4828 2054 4884 rei

485 4913 736 4985 probatio
767 4917 834 4971 de
877 4917 1027 4971 illata
1071 4918 1274 4987 injuria
1311 4933 1410 4972 nos
1445 4911 1728 4974 convicit?
1751 4917 1856 4984 Qui
1888 4931 2056 4971 cano-

487 5024 587 5063 nes
617 5009 882 5066 adversus
913 5025 1016 5067 nos
1061 5012 1366 5082 producti?
1405 5009 1668 5078 Quaenam
1717 5011 1955 5082 legitime
1989 5011 2058 5064 ab

483 5103 748 5171 episcopo
778 5103 1063 5158 enuntiata
1093 5105 1259 5159 verba
1328 5104 1656 5158 sententiam
1709 5112 1904 5158 contra
1953 5119 2056 5158 nos

483 5190 649 5243 latam
677 5192 1102 5262 approbaruut?
1131 5194 1285 5260 Quod
1315 5194 1361 5250 si
1391 5194 1524 5264 quid
1551 5194 1828 5264 ejusmodi
1873 5197 2054 5248 maxi-

483 5297 573 5337 me
615 5281 816 5336 factum
852 5293 955 5344 est.
997 5287 1284 5355 etquidem
1315 5287 1589 5356 legitime:
1619 5289 1847 5341 onmino
1870 5296 2052 5342 tamen

485 5373 542 5426 in
575 5374 758 5443 aliquo
790 5375 982 5430 saltem
1037 5377 1212 5446 gradu
1266 5389 1384 5432 erat
1417 5379 1740 5448 periculum.
1787 5379 1857 5432 At
1895 5389 2051 5448 pctu-

487 5463 712 5516 lantiam
734 5465 1000 5522 adversus
1027 5467 1291 5538 ingenuos
1316 5469 1583 5538 homines,
1606 5481 1658 5524 et
1685 5471 2046 5541 ignominiam

485 5554 752 5612 adversus
786 5557 1051 5630 dignitate
1095 5576 1276 5630 pares,
1311 5561 1532 5630 quinam
1569 5579 1755 5632 quaeso
1804 5579 2048 5620 canones

485 5663 725 5715 unquam
756 5653 1226 5719 comprobarunt?
1253 5651 1504 5707 Judicate
1539 5653 1747 5723 justum
1776 5655 2046 5724 judicium

485 5751 583 5793 vos
607 5739 696 5809 qui
727 5739 892 5796 Deum
941 5743 1233 5812 respicitis,
1280 5746 1638 5815 quamobrem
1685 5747 1827 5802 hanc
1886 5747 2046 5802 nobis

2163 4569 2272 4622 ρων
2315 4548 2471 4620 ἡμῶν
2521 4551 2554 4620 ή
2615 4550 2906 4621 προνομία,
2941 4550 3139 4621 μᾶλλον
3193 4550 3247 4602 δὲ
3299 4551 3332 4621 ἡ
3369 4555 3608 4622 φροντὶς
3647 4553 3748 4618 τῆς

2160 4641 2266 4696 τῶν
2297 4642 2489 4697 κοινῶν
2519 4642 2875 4713 διορθώσεως,
2915 4644 2976 4696 ὲν
3003 4642 3080 4712 τῷ
3108 4642 3170 4695 τὸ
3215 4642 3327 4696 ἴσον
3373 4643 3554 4713 ἔχειν.
3591 4647 3650 4699 Εἰ
3691 4643 3746 4695 δέ
3805 4691 3807 4694 .

2157 4753 2300 4799 τινες
2327 4737 2473 4806 ἡμᾶς
2501 4737 2739 4805 γυμνοὺς
2763 4736 2857 4788 τοῦ
2886 4735 3026 4788 κατὰ
3049 4733 3147 4805 τὴν
3171 4734 3478 4807 ἱερωσύνην
3509 4737 3745 4806 ἁξιώμα·

2159 4845 2248 4890 τος
2275 4829 2359 4894 ἐφ’
2406 4828 2633 4890 ἑαυτοὺς
2675 4826 2940 4896 βλέποιεν,
2977 4825 3030 4878 τί
3057 4825 3150 4878 τοῦ
3193 4827 3380 4896 ἐτέρου
3413 4826 3610 4880 πλεῖον
3637 4827 3744 4897 ἔχει

2157 4918 2427 4988 όέτεροςς
2460 4916 2646 4984 γένος;
2698 4915 3016 4978 παίδευσιν;
3063 4915 3376 4986 ἐλευθερίαν
3425 4918 3574 4986 πρὸς
3625 4919 3742 4979 τοὺς

2155 5009 2410 5080 ἀρίστους
2434 5025 2494 5061 τε
2525 5009 2617 5060 καὶ
2643 5007 2959 5078 εὐδοκίμους
2982 5025 2996 5072 ;
3023 5007 3257 5076 γνὼσινς
3288 5009 3478 5063 Ταῦτα
3513 5012 3546 5082 ἦ
3579 5013 3632 5064 ἐν
3667 5011 3743 5079 τῷ

2158 5101 2256 5170 ἴσῳ
2297 5101 2391 5154 καὶ
2438 5102 2566 5172 παρ’
2593 5101 2723 5172 ἡμῖν
2769 5099 2912 5151 ἐστιν
2953 5100 3151 5170 εὑρεῖν,
3191 5100 3224 5170 ἢ
3273 5099 3498 5164 πάντως
3531 5105 3630 5154 οὐκ
3667 5101 3740 5154 ἐν’
3803 5167 3807 5184 1

2153 5191 2423 5246 ἐλάσσονι.
2463 5191 2621 5245 Ἀλλὰ
2669 5191 2896 5244 πλοῦτον
2925 5192 3103 5260 λέγει;
3149 5193 3238 5261 Μὴ
3267 5193 3484 5260 γένοιτο
3531 5197 3612 5257 εἰς
3645 5197 3740 5246 ἀνα

2161 5287 2336 5357 ἀγκην
2381 5285 2574 5348 ἐλθεῖν,
2606 5284 2774 5336 ταῦτα
2804 5283 2931 5353 περὶ
2973 5282 3136 5336 αὐτοῦ
3163 5282 3532 5353 διηγήσασθαι
3561 5285 3596 5354 ἢ
3619 5299 3738 5334 τοτ-

2159 5375 2315 5428 οῦτον
2359 5376 2519 5446 ἀρκεῖ
2560 5375 2720 5444 μόνον
2755 5375 2950 5436 εἰπεῖν,
2975 5375 3096 5436 ὅσος
3123 5369 3190 5443 ἦν
3225 5373 3286 5424 τὸ
3311 5377 3622 5446 καταρχὰς,
3645 5375 3738 5426 καὶ

2159 5468 2253 5520 νῦν
2280 5469 2401 5530 ὅσος
2445 5469 2680 5536 ἐγένετο,
2711 5469 2802 5520 καὶ
2828 5468 3150 5521 καταλιπεῖν
3181 5467 3360 5531 ἄλλοις
3401 5469 3734 5540 ἀναζητῆσαι

2157 5559 2255 5628 τῆς
2292 5559 2571 5628 αὐξήσεως
2616 5559 2708 5610 τοῦ
2743 5557 2969 5610 πλούτου
2999 5559 3097 5622 τὰς
3123 5559 3396 5628 ἀφορμὰς,
3449 5561 3551 5612 τοῦ
3585 5561 3730 5630 μέχρι

2156 5650 2248 5703 τοῦ
2281 5649 2546 5719 παρόντος
2575 5650 2668 5701 καὶ
2711 5649 2829 5701 καθ’
2873 5649 3108 5718 ἑκάστην
3146 5649 3342 5720 μικροῦ
3387 5652 3502 5702 δεῖν
3533 5651 3730 5722 ἡμέραν

2157 5743 2246 5797 διὰ
2275 5741 2382 5795 τῶν
2413 5741 2593 5794 καλῶν
2641 5739 3090 5811 ἐπιτηδευμάτων
3129 5741 3506 5812 αὐξανομένου
3547 5760 3608 5798 τε
3643 5749 3730 5801 ni
