3834 6458
106 362 131 415 1
142 360 251 417 009

1326 379 1704 436 ΕΡΙὸΤΟΙιΑΕ.
1732 414 1797 422 -
1827 383 2041 440 EPIST.
2084 387 2143 441 ll.

3218 403 3356 459 lOlO

104 493 469 579 τρεφομενου.
497 481 596 546 Τίς
635 479 727 539 οὖν
767 487 864 557 τῆς
891 490 1011 543 καθ’
1042 492 1188 562 ἡμᾶς
1221 493 1429 564 ὕϐρεως
1458 500 1490 570 ή
1534 500 1685 564 ἐξου-

1791 497 1997 552 illatam
2030 500 2413 555 contumeliam
2446 504 2641 560 mereri
2673 508 2886 562 veniam
2920 510 3168 579 putetis?
3195 512 3352 579 Quod

101 569 221 663 σία,
252 572 304 623 εἰ
336 573 473 642 μήτε
505 575 692 642 γένους
734 581 994 653 ὑπεροχὴ,
1032 586 1168 654 μήτε
1198 569 1504 657 ἀξιώματοζ
1536 610 1689 663 περι-

103 660 362 753 φανεια,
393 667 525 735 μήτε
573 666 801 739 δύναμις
859 674 1271 745 ὑπερϐάλλουσα
1319 680 1498 751 λόγῳ,
1561 660 1687 753 μῆτ¹

100 748 401 817 εὐεργεσία
430 770 513 816 τις
544 756 959 827 προϋπάρξασα;
994 762 1153 814 ὁπότε
1188 764 1279 817 καὶ
1314 768 1361 817 εί
1395 748 1572 822 ταῦτα
1594 748 1683 840 ἦν,

103 842 207 930 καὶΔ
232 838 408 904 οὕτως
435 842 500 895 ἂν
526 844 587 896 τὸ
615 846 757 899 κατὰ
783 848 881 919 τὴν
919 850 1075 921 ὕϐριν
1106 854 1200 906 ἐπὶ
1223 855 1331 908 τῶν
1362 838 1680 930 ἐλευθέριον,

103 928 515 1021 ἁσύγγνωστον.
564 936 804 1006 Μηδενὸς
850 940 907 992 δὲ
954 943 1157 997 τούτων
1184 944 1355 1012 ὄντος,
1391 950 1491 1002 οὐκ
1531 928 1682 1021 οἶμαι

104 1019 291 1083 καλῶς
321 1020 593 1094 ἔχειν-την
625 1027 893 1099 τοσαύτην
917 1030 1011 1083 τοῦ
1044 1031 1215 1103 τύφου
1242 1036 1394 1090 νόσον
1428 1019 1689 1107 περιϊδεῖν

102 1110 503 1180 ἀθεράπευτον.
556 1117 830 1187 θεραπεία
885 1119 943 1172 δέ
997 1121 1111 1175 ἐστι
1157 1124 1219 1177 τὸ
1269 1126 1541 1181 ἐπικλῖναι
1589 1129 1686 1201 τὴν

102 1201 507 1271 ὑπερηφανίαν,
536 1207 629 1259 καὶ
661 1209 951 1265 διαστεῖλαι
979 1214 1068 1268 τὸν
1101 1214 1345 1271 διάκενον
1378 1219 1563 1288 ὄγκον,
1596 1241 1686 1293 μι-

103 1294 242 1362 κρὸν
271 1296 715 1362 διαπνευσθέντος
744 1302 838 1354 τοῦ
867 1306 1007 1358 κατὰ
1030 1308 1121 1361 τὸν
1149 1309 1318 1379 τύφον
1346 1315 1681 1384 φυσήματος.

104 1385 302 1450 Ὅπως
332 1387 377 1440 δ’
405 1387 471 1441 ἂν
502 1390 709 1456 γένοιτο
740 1393 916 1457 τοῦτο,
947 1396 1065 1468 Θεῷ
1104 1400 1345 1473 μελήσει.

1792 589 1836 643 si
1867 604 1932 643 ex
1967 591 2275 647 sacerdotio
2323 594 2560 663 dignitas
2590 600 2909 654 mstimanda
2952 605 3119 664 venit,
3168 620 3266 674 par
3296 613 3351 658 et

1790 679 1935 734 idem
1966 696 1995 733 a
2029 682 2250 753 Synodo
2271 700 2596 741 concessum
2622 690 2840 759 utrique
2867 694 3215 764 privilegium
3244 707 3352 761 est,

1787 775 1869 826 vel
1902 774 2081 843 potius
2110 791 2240 829 cura
2276 780 2681 837 emendationis
2719 786 2970 852 publicai,
3014 787 3176 857 idque
3203 789 3254 845 in
3284 805 3350 842 eo

1785 868 1931 934 quod
1954 866 2079 936 jure
2106 869 2223 937 pari
2254 884 2376 923 esse
2397 870 2539 939 jussi
2587 890 2801 930 sumus.
2833 877 2987 943 Quod
3032 880 3079 935 si
3111 882 3206 951 qui
3252 897 3352 936 nos

1784 966 1938 1011 extra
1980 960 2283 1014 sacerdotii
2328 962 2674 1033 dignitatem,
2730 984 2983 1024 seorsum
3023 973 3350 1042 quemlibet,

1784 1049 1990 1104 intueri
2025 1051 2216 1115 velint,
2272 1054 2404 1123 quid
2455 1058 2692 1126 amplius
2732 1060 2873 1115 alter
2916 1062 3078 1119 habet
3132 1065 3355 1119 altero?

1784 1152 1977 1207 genus.
2024 1140 2469 1210 institutionem,
2510 1146 2904 1217 ingenuitatem
2966 1154 3222 1207 collatam
3283 1157 3350 1210 ad

1784 1232 2268 1299 prmstantissimos
2311 1242 2367 1289 et
2396 1238 2579 1294 claros
2628 1256 2868 1311 quoque,
2919 1244 3202 1299 scientiam
3228 1247 3252 1299 ?
3278 1246 3353 1299 Ea

1782 1336 1911 1377 vero
1942 1324 2026 1377 vel
2062 1327 2213 1394 paria
2243 1330 2466 1396 reperiri
2490 1343 2724 1400 possunt
2749 1333 2802 1387 in
2834 1336 3014 1397 nobis,
3047 1338 3128 1391 vel
3159 1339 3351 1392 saltem

1788 1430 1899 1471 non
1936 1419 2168 1472 minora.
2201 1417 2458 1476 Fortasse
2494 1423 2563 1477 de
2584 1423 2792 1479 divitiis
2828 1426 3021 1481 dicet?
3054 1426 3230 1481 Nolim
3262 1446 3348 1484 tne

103 1483 257 1551 cogi,
296 1490 354 1535 ut
382 1483 494 1539 ha’c
526 1485 594 1540 de
629 1486 746 1557 ipso
772 1503 1215 1548 commemorem.
1249 1494 1360 1550 Hoc
1430 1500 1593 1556 modo
1656 1502 1685 1558 d

1790 1521 1838 1562 re
1885 1509 2141 1573 sufﬁciat,
2212 1520 2437 1580 quantae
2489 1513 2694 1569 fuerint
2746 1517 2852 1571 illae
2929 1518 3110 1582 initio,
3160 1528 3337 1577 tantas

100 1574 276 1624 etiam
316 1574 473 1679 nobis
503 1592 651 1631 nunc
682 1593 843 1634 eSsc:
889 1593 1150 1650 praeterea
1190 1601 1293 1642 nos
1334 1589 1537 1658 quibus
1581 1596 1965 1654 occasionibus
1995 1615 2089 1655 eas
2157 1616 2297 1670 opes
2358 1604 2894 1673 ampliﬁcaverimus.
2963 1625 3101 1679 quas
3161 1611 3344 1664 hacte-

104 1680 218 1772 nus
242 1667 541 1772 etquidem
590 1684 755 1740 prope
785 1676 1028 1742 quotidie
1059 1681 1344 1747 praeclaris
1397 1686 1691 1744 conatibus
1726 1707 1988 1762 augemus
2048 1699 2318 1765 quasique
2348 1698 2569 1761 alimus,
2602 1701 2729 1755 aliis
2770 1667 3191 1772 perquirendum
3256 1722 3340 1760 re-

103 1760 385 1829 linquere.
432 1761 738 1829 Quamnam
786 1767 954 1838 igitur
991 1770 1084 1824 ille
1139 1781 1466 1851 potestatem
1511 1777 1677 1833 habet
1720 1760 2019 1837 inferendae
2066 1760 2251 1841 'nobis
2284 1787 2519 1855 injuriae,
2554 1760 2599 1843 si
2632 1760 2786 1844 nulla
2822 1760 2937 1845 lucc
2969 1792 3183 1862 generis
3254 1801 3342 1849 est

104 1858 451 1955 μττιεξεῑδηῑὶξ,
484 1874 659 1955 neque
693 1861 975 1955 dignitatis
1013 1866 1292 1934 splendor,
1335 1886 1512 1939 neque
1553 1874 1749 1930 eximia
1790 1877 2010 1933 dicendi
2050 1880 2153 1945 vis,
2186 1896 2364 1949 neque
2416 1881 2801 1938 beneficentia
2845 1858 2999 1953 prius
3057 1899 3184 1955 erga
3250 1900 3339 1939 me

101 1945 427 2001 declarata?
457 1951 898 2024 quandoquidem
956 1959 1171 2013 etiamsi
1206 1960 1319 2016 hazc
1351 1973 1560 2026 essent,
1630 1966 1989 2025 nihilominus
2038 1945 2348 2026 condonari
2413 1989 2520 2027 non
2582 1974 2742 2030 debet
2790 1945 3027 2031 exercita
3078 1945 3341 2031 adversus

102 2042 365 2100 homines
414 2045 691 2115 ingenuos
755 2050 1075 2117 petulantia.
1128 2050 1333 2108 Verum
1390 2072 1513 2110 cum
1576 2058 1717 2113 nihil
1772 2061 1973 2116 borum
2021 2063 2130 2127 sit,
2180 2080 2290 2118 non
2329 2065 2569 2120 arbitror
2620 2075 2765 2123 recte
2806 2083 2910 2123 nos
2956 2066 3232 2132 facturos,
3287 2067 3333 2124 si

102 2144 323 2189 tantum
384 2138 563 2193 fastus
634 2141 885 2194 morbum
939 2143 1250 2198 incuratum
1306 2148 1663 2217 negligamus.
1701 2150 1893 2222 Neque
1922 2169 2052 2208 vero
2116 2155 2221 2210 alia
2257 2164 2437 2226 potest
2461 2172 2583 2212 esse
2632 2158 2867 2223 curatio,
2912 2172 3075 2229 quam
3142 2160 3188 2213 si
3242 2157 3339 2215 ἀει

101 2227 380 2296 primatur
435 2230 716 2298 superbia,
760 2238 815 2284 et
876 2231 1055 2288 inanis
1110 2234 1202 2288 ille
1254 2232 1432 2291 fastus
1478 2246 1822 2303 ccerceatur.
1877 2240 2159 2299 inﬂatione
2202 2252 2313 2298 tam
2386 2245 2528 2300 elata
2571 2246 2823 2301 nonnihil
2872 2227 3207 2317 exspirante.
3271 2247 3343 2305 Ut

101 2325 288 2372 autem
326 2316 379 2372 id
410 2317 654 2382 ﬁat,Dco
673 2322 1065 2391 permittimus,
1088 2326 1178 2379 cui
1209 2325 1349 2381 hanc
1372 2342 1488 2381 rem
1519 2343 1667 2385 curae
1707 2331 1946 2389 futuram
1982 2350 2095 2390 non
2128 2335 2470 2393 dubitamus.

675 2662 1014 2716 ΕΠΙΣΤΟΛΗ
1045 2666 1119 2719 B'.

2358 2668 2691 2727 EPISTOLA
2730 2669 2795 2724 11.

533 2818 876 2888 Repreltendit
914 2821 1112 2876 abusus
1148 2834 1271 2877 tunc
1304 2826 1555 2892 temporis
1591 2827 1645 2879 in
1683 2826 2191 2897 peregrinationibus
2213 2826 2280 2880 ad
2310 2825 2427 2880 loca
2460 2839 2647 2881 sancta
2678 2827 2874 2881 obvias.

302 2976 442 3045 Περὶ
469 2975 588 3031 τῶν
630 2978 929 3033 ἀπιόντων
957 2982 1045 3046 είς
1081 2982 1485 3053 Ἰεροσόλυμα.

189 3070 521 3141 Ἐπειδήπερ
551 3069 841 3141 ἠρώτησας
861 3113 874 3133 ,
918 3066 963 3125 ὧ
993 3073 1133 3142 φίλε,
1175 3074 1263 3128 διὰ
1301 3074 1395 3128 τοῦ
1427 3077 1686 3147 γράμμα-

98 3180 218 3224 τος,
256 3161 487 3232 πρέπειν
514 3161 699 3233 ᾠήθην
744 3164 868 3233 περὶ
919 3164 1134 3218 πάντων
1163 3183 1245 3218 σοι
1290 3166 1520 3236 καθεξῆς
1554 3168 1687 3220 ἀπο-

99 3252 420 3324 κρίνασθαι.
484 3253 625 3322 Ἐγὼ
655 3255 780 3318 τοὺς
816 3255 962 3322 ἅπαξ
999 3257 1409 3320 ἀνατεθεικότας
1460 3259 1686 3321 ἑαυτοὺς

97 3348 173 3415 τῇ
207 3344 386 3415 ὑψηλῇ
430 3345 693 3416 πολιτείᾳ,
734 3345 913 3410 καλῶς
943 3346 1087 3417 ἔχειν
1112 3350 1254 3418 φημὶ
1297 3349 1431 3421 πρὸς
1462 3350 1559 3413 τὰς
1589 3348 1683 3402 τοῦ

98 3437 440 3505 Εὐαγγελίου
469 3437 555 3491 διὰ
578 3438 775 3501 παντὸς
805 3439 1129 3492 ἀποϐλέπειν
1151 3440 1329 3507 φωνάς
1347 3458 1359 3471 ·
1386 3440 1479 3494 καὶ
1499 3439 1686 3510 ὥσπερ

96 3533 156 3585 οἱ
182 3531 263 3601 τῷ
289 3530 472 3583 κανόνι
497 3530 557 3582 τὸ
585 3530 940 3601 ὑποκείμενον
973 3532 1385 3596 ἀπευθύνοντες,
1418 3533 1559 3585 κατὰ
1589 3535 1687 3603 τὴν

97 3621 203 3673 ἐπὶ
231 3621 325 3674 τοῦ
353 3621 575 3683 κανόνος
625 3620 835 3675 εὐθεῖαν
878 3622 947 3677 τὰ
974 3623 1163 3676 σκολιὰ
1206 3624 1276 3677 τὰ
1297 3624 1355 3675 ὲν
1384 3625 1572 3696 χερσὶν
1608 3625 1689 3686 εἰς

96 3713 380 3781 εὐθύτητα
451 3713 905 3784 μεταϐάλλουσινο
968 3713 1139 3777 οὕτως
1178 3718 1474 3786 προσήκειν
1520 3714 1686 3785 ἡγοῦ-

100 3822 208 3874 μαι
248 3797 359 3855 οἶόν
418 3820 540 3856 τινα
568 3804 769 3857 κανόνα
820 3802 977 3872 ὀρθὸν
1027 3804 1121 3856 καὶ
1170 3803 1547 3874 ἀδιάστροφον,
1592 3805 1689 3872 τὴν

96 3890 470 3962 εὐαγγελικὴν
500 3890 645 3959 λέγω
674 3891 741 3962 δὴ
785 3891 1080 3955 πολιτείαν,
1113 3892 1322 3957 τούτοις
1371 3892 1689 3947 ἐπιϐάλλον-

95 4002 228 4048 τας,
260 3984 380 4036 κατ’
408 3984 622 4055 ἐκείνην
652 3983 788 4055 πρὸς
812 3984 901 4037 τὸν
924 3983 1055 4038 Θεὸν
1078 3984 1495 4039 ἁπευθύνεσθαι.
1536 3985 1689 4037 Ἐπεὶ

96 4077 288 4129 τοίνυν
318 4075 423 4129 εἰσί
451 4092 596 4138 τινες
628 4074 737 4128 τῶν
764 4075 855 4127 τὸν
902 4076 1109 4145 μονήρη
1145 4076 1239 4128 καὶ
1279 4074 1547 4138 ἰδιάζοντα
1576 4074 1689 4145 βίον

99 4167 562 4240 ὲπανῃρημένων,
610 4161 690 4229 οἷς
717 4169 776 4221 ὲν
804 4167 959 4238 μέρει
992 4166 1271 4229 εὐσεϐείας
1290 4167 1598 4236 νενόμισται
1628 4165 1690 4218 τὸ

98 4263 234 4324 τοὺς
272 4262 331 4312 ὲν
363 4258 755 4329 Ἰεροσολύμοις
806 4260 1003 4322 τόπους
1054 4259 1199 4321 ἰδεῖν,
1238 4261 1295 4312 ὲν
1322 4253 1403 4322 οἷς
1434 4259 1504 4312 τὰ
1547 4259 1684 4328 σύμ-

2046 2986 2125 3039 De
2163 2986 2230 3039 iis
2252 2980 2359 3055 'qui
2403 2984 2597 3039 adeunt
2625 2982 2962 3055 Jerosolyma
2986 2983 3064 3055 ('l)
3089 3023 3101 3038 .

1860 3075 1999 3141 Quia
2051 3091 2138 3129 me
2183 3074 2410 3144 rogasti,
2458 3074 2656 3137 amice,
2708 3088 2803 3142 per
2855 3072 3167 3142 epistolam,
3217 3071 3352 3126 mihi

1787 3167 1983 3222 ordine
2018 3164 2086 3220 de
2114 3166 2372 3219 omnibus
2409 3163 2508 3219 tibi
2543 3161 2984 3231 respondendum
3018 3160 3347 3217 existimavi.

1788 3260 2054 3329 Equidem
2098 3260 2193 3330 qui
2229 3258 2401 3314 semel
2435 3273 2496 3314 se
2534 3257 2723 3311 altioris
2758 3255 2976 3311 vivendi
3026 3256 3222 3310 rationi
3256 3256 3352 3311 de-

1787 3350 2065 3414 dicarunt,
2095 3364 2219 3403 cum
2250 3348 2332 3403 eis
2356 3348 2621 3418 prmclare
2650 3346 2737 3417 agi
2761 3361 2985 3406 censeo.
3015 3345 3060 3401 si
3093 3354 3354 3416 perpetuo

1789 3440 1855 3494 ad
1896 3437 2171 3510 Evangelii
2219 3453 2383 3492 voces
2414 3436 2773 3501 inducantur,
2818 3448 2882 3489 ac
2926 3443 3208 3505 tanquam,
3252 3435 3351 3504 qui

1788 3531 1979 3601 regula
2031 3530 2293 3599 quidquid
2347 3529 2691 3600 prepositum
2753 3534 2840 3582 est
2898 3526 3181 3597 dirigunt,
3231 3526 3353 3598 ejus

1787 3622 2142 3688 rectitudine,
2189 3631 2436 3677 tortuosa
2472 3636 2594 3692 qum
2635 3620 2691 3674 in
2726 3619 2982 3675 manibus
3017 3618 3239 3679 habent.
3285 3618 3352 3671 ad

1788 3715 2175 3771 rectitudinem
2206 3713 2489 3769 adducunt
2522 3730 2538 3769 :
2566 3713 2641 3767 ita
2670 3709 2964 3767 convenire
3005 3710 3265 3770 arbitror,
3296 3720 3355 3762 ut

1786 3808 1955 3863 veluti
1988 3806 2286 3878 quamdam
2318 3806 2559 3877 regulam
2606 3812 2810 3859 rectam
2842 3811 2896 3857 et
2933 3801 3352 3863 immutabilem,

1786 3902 2157 3972 evangelicam
2197 3901 2322 3955 dico
2362 3900 2631 3969 politiam,
2674 3897 2762 3951 his
2791 3896 3166 3957 admoventes,
3196 3892 3353 3961 juxta

1789 3993 1937 4045 illam
1974 3991 2043 4045 ad
2072 3990 2241 4045 Deum
2273 3990 2596 4060 dirigantur.
2637 3986 2774 4041 Cum
2815 3988 3000 4055 itaque
3037 3986 3146 4040 sint
3181 3984 3350 4052 aliqui

1787 4100 1854 4139 ex
1884 4084 1952 4139 iis
1980 4084 2075 4154 qui
2109 4082 2415 4138 solitariam
2455 4090 2509 4135 et
2548 4079 2821 4150 privatam
2871 4078 3037 4131 vitam
3077 4076 3181 4131 sibi
3216 4074 3357 4128 dele-

1788 4185 2008 4249 gerunt,
2044 4176 2139 4246 qui
2190 4177 2244 4229 in
2280 4184 2435 4244 parte
2487 4172 2707 4243 pietatis
2755 4180 2962 4240 ponant
2997 4167 3354 4238 Jerosolymi-

1789 4277 1916 4323 tana
1958 4269 2081 4323 loca
2126 4268 2353 4332 vidisse,
2403 4266 2457 4320 in
2506 4264 2711 4334 quibus
2754 4263 2956 4317 indicia
3010 4261 3223 4315 Domini
3259 4259 3355 4312 ad-

100 4352 243 4405 ϐολα
276 4354 375 4420 τῆς
426 4350 514 4403 διὰ
545 4350 745 4419 σαρκὸς
782 4349 1073 4419 ἐπιδημίας
1098 4348 1191 4401 τοῦ
1232 4348 1434 4419 Κυρίου
1473 4351 1683 4420 ὁρᾶται,

1795 4366 1991 4414 ventus
2023 4373 2119 4427 per
2158 4371 2380 4410 carnem
2409 4354 2850 4424 conspiciuntur,
2881 4352 3140 4421 praeclare
3172 4365 3235 4407 se
3265 4363 3359 4405 res

99 4441 291 4503 καλῶς
320 4441 385 4494 ἂν
415 4440 527 4511 ἔχοι
556 4442 691 4511 πρὸς
711 4441 801 4495 τὸν
828 4441 1027 4494 κανόνα
1054 4440 1269 4511 βλέπειν
1293 4457 1304 4469 ’
1337 4442 1427 4494 καὶ
1453 4443 1500 4493 εί
1521 4442 1691 4495 ταῦτα

1790 4452 2031 4513 habebit,
2070 4451 2116 4506 si
2162 4448 2229 4503 ad
2269 4449 2514 4518 regulam
2543 4448 2717 4517 ipsam
2758 4446 3141 4517 respiciamus,
3192 4442 3357 4512 idque

101 4535 361 4605 βούλεται
389 4536 421 4604 ή
453 4533 603 4603 παρὰ
628 4534 737 4588 τῶν
778 4534 1007 4587 ἐντολῶν
1039 4535 1393 4605 χειραγωγία,
1434 4539 1606 4588 ποιεῖν
1634 4537 1685 4589 τὸ

1790 4542 1835 4598 si
1888 4542 2018 4597 velit
2066 4552 2463 4611 praceptorum
2507 4538 2729 4602 ductus,
2787 4545 2846 4590 ut
2898 4550 3037 4605 opus
3089 4532 3356 4588 faciamus

98 4628 292 4697 ἔργον,
339 4624 414 4688 ὡς
458 4625 788 4696 πρόσταγμα
822 4626 1051 4697 Κυρίου.
1092 4629 1154 4679 Εἰ
1201 4627 1255 4680 δὲ
1304 4626 1408 4693 ἔξω
1441 4629 1555 4681 ἐστὶ
1583 4629 1690 4683 τῶν

97 4717 340 4773 ἐντολῶν
357 4718 453 4772 τοῦ
479 4720 771 4786 Δεσπότου,
797 4720 895 4773 οὐκ
909 4715 1026 4774 οἶδα
1045 4721 1097 4773 τί
1120 4724 1233 4774 ἐστι
1250 4722 1309 4774 τὸ
1330 4722 1685 4791 διατεταγμέο

97 4832 193 4868 νον
220 4831 276 4865 τι
307 4812 482 4869 θέλειν
530 4816 703 4867 ποιεῖν
761 4814 922 4868 αὐτὸν
962 4815 1156 4868 ἑαυτοῦ
1198 4815 1290 4867 τοῦ
1331 4815 1495 4869 καλοῦ
1526 4817 1687 4885 νόμον

96 4905 413 4975 γινόμενον.
444 4906 618 4960 Ὅπου
648 4907 1031 4977 προσκαλεῖται
1053 4908 1185 4977 πρὸς
1207 4910 1304 4978 τὴν
1328 4908 1686 4978 κληρονομίαν

94 4999 202 5067 τῆς
242 4996 521 5067 βασιλείας
548 4998 657 5052 τῶν
685 4998 927 5069 οὐρανῶν
959 5001 987 5051 ὁ
1008 5000 1207 5071 Κύριος
1237 5002 1361 5063 τοὺς
1382 5000 1684 5070 εὐλογημέ-

94 5105 254 5152 νους,
285 5089 346 5141 τὸ
372 5088 628 5143 ἀπελθεῖν
672 5091 753 5153 είς
796 5090 1139 5162 Ἱεροσόλυμα
1186 5093 1242 5143 ὲν
1273 5093 1381 5154 τοῖς
1409 5090 1685 5161 κατορθώ-

98 5198 279 5252 μασιν
308 5183 407 5235 οὐκ
435 5182 846 5253 ἁπηρίθμησεν’
876 5183 1007 5236 ὅπου
1042 5184 1133 5237 τὸν
1164 5182 1514 5254 μακαρισμὸν
1533 5183 1685 5250 διαγ-

94 5275 313 5344 γέλλει,
350 5274 450 5346 τὴν
499 5274 754 5344 τοιαύτην
800 5276 1035 5347 σπουδὴν
1071 5277 1133 5330 οὑ
1167 5275 1506 5345 περιέλαϐεν.
1534 5278 1600 5328 Ὃ
1630 5275 1686 5329 δὲ

98 5369 255 5439 μήτε
283 5367 551 5438 μακάριον
582 5370 743 5431 ποιεῖ,
772 5369 909 5439 μήτε
940 5368 1074 5441 πρὸς
1106 5367 1203 5439 τὴν
1236 5368 1510 5438 βασιλείαν
1534 5366 1687 5422 εὔθε-

91 5475 222 5522 τον,
256 5459 378 5513 ἀντὶ
410 5459 553 5523 τινος
587 5460 963 5525 σπουδάζεται,
1002 5463 1030 5514 ὁ
1066 5460 1190 5512 νοῦν
1224 5460 1361 5529 ἔχων
1391 5460 1687 5527 ἐπισκεψά-

95 5552 245 5605 eﬂeo.
293 5551 412 5605 ,Καὶ
452 5553 502 5606 εἰ
537 5553 635 5622 μὲν
669 5552 946 5622 ἐπωφελὲς
976 5549 1044 5623 ἦν
1076 5552 1135 5605 τὸ
1164 5554 1465 5623 γινόμενον,
1492 5551 1591 5605 οὐκ
1618 5546 1685 5621 ἦν

89 5643 231 5697 οὐδὲ
256 5642 429 5708 οὕτως
463 5645 622 5699 καλὸν
680 5646 826 5715 παρὰ
868 5644 975 5698 τῶν
1014 5644 1230 5699 τελείων
1266 5643 1679 5708 σπουδάζεσθαι.

1788 4635 1949 4705 quasi
1994 4632 2317 4687 mandatum
2346 4630 2560 4686 Domini
2589 4644 2604 4683 :
2638 4630 2724 4685 sin
2754 4638 2950 4699 praeter
2983 4627 3196 4682 Domini
3220 4643 3357 4697 prte-

1791 4738 1947 4798 cepta
1996 4727 2050 4782 id
2110 4735 2370 4798 appareat
2426 4724 2824 4789 introductum,
2869 4722 3013 4778 haud
3069 4724 3187 4777 scio
3226 4721 3357 4790 quid

1797 4819 1890 4882 sit,
1922 4816 2070 4887 quod
2108 4816 2386 4887 praecipiat
2414 4816 2553 4871 velle
2583 4814 2715 4883 quid
2738 4814 2974 4884 aliquem
3022 4811 3220 4876 facere,
3263 4811 3357 4881 qui

1793 4925 1851 4963 se
1909 4909 2014 4963 sibi
2058 4909 2230 4978 legem
2276 4907 2405 4962 boni
2439 4905 2631 4960 fecerit
2686 4906 2887 4975 ipsum.
2934 4895 3049 4959 Ubi'
3083 4901 3151 4956 ad
3206 4902 3357 4970 regni

1788 5001 2052 5055 caalorum
2087 4999 2457 5055 haereditatem
2500 4996 2943 5069 consequendam
2974 5003 3135 5051 vocat
3176 4992 3360 5047 Domi-

1789 5107 1897 5145 nus
1927 5090 2265 5155 benedictos,
2303 5088 2697 5158 profectionem
2740 5089 2795 5141 in
2833 5087 3171 5155 Jerosolyma
3218 5086 3360 5139 inter

1792 5191 1939 5238 recte
1970 5181 2135 5244 facta,
2168 5196 2289 5251 quae
2316 5195 2383 5235 eo
2408 5179 2666 5251 dirigant,
2691 5194 2803 5234 non
2832 5180 3177 5234 enumeravlt
3212 5194 3224 5229 :
3263 5175 3354 5229 ubi

1791 5274 2185 5329 beatitudinem
2236 5272 2547 5336 annuntiat,
2596 5271 2701 5325 tale
2759 5271 3025 5331 studium,
3074 5267 3354 5336 talemque

1794 5380 2018 5433 operam
2074 5378 2182 5417 non
2234 5372 2322 5417 est
2370 5362 2710 5432 complexus.
2740 5361 2897 5427 Quod
2948 5366 3128 5414 autem
3183 5373 3361 5427 neque

1792 5455 2011 5509 beatum
2042 5454 2225 5516 ellicit,
2262 5468 2442 5522 neque
2481 5451 2549 5505 ad
2593 5466 2821 5521 regnum
2872 5446 3219 5505 conducibile
3248 5454 3359 5512 est,

1791 5560 1961 5618 quare
1990 5547 2045 5601 in
2077 5560 2143 5601 eo
2173 5544 2414 5600 studium
2454 5553 2509 5599 et
2547 5558 2768 5614 operam
2802 5541 2930 5611 poni
2962 5548 3230 5609 oporteat,
3261 5538 3356 5608 qui

1792 5647 2028 5694 mentem
2077 5639 2279 5702 habet,
2326 5637 2655 5694 consideret.
2708 5635 2869 5705 Atqui
2928 5635 3058 5690 licet
3110 5632 3165 5687 id
3216 5646 3358 5701 opus

175 5828 260 5895 (l)
281 5826 493 5883 Incerto
523 5826 835 5897 interprete.
855 5852 903 5866 -
941 5823 1040 5881 Ed.
1072 5824 1220 5892 1658,
1257 5823 1339 5893 111,
1369 5824 1489 5880 631.
1514 5820 1681 5878 -—Cl.
1712 5820 1978 5889 Gretseri,
2010 5820 2135 5877 Sac.
2164 5819 2315 5889 Jcsu,
2344 5819 2513 5885 None,
2535 5818 2601 5874 ad
2624 5818 2829 5874 calcem
2853 5817 3019 5888 hujus
3042 5813 3361 5873 voluminis.
