3834 6402
469 299 602 357 1011

1702 300 1761 358 S.
1794 300 2125 359 GREGORII
2146 301 2440 361 NYSSENI

3609 310 3750 367 1012

466 424 722 479 utilitatis
761 421 892 492 quid
922 421 1172 487 haberet,
1217 437 1290 478 ne
1339 423 1421 479 sic
1456 422 1678 494 quidem
1726 428 1956 482 honeste
2009 443 2039 482 a

2159 430 2307 485 Ἐπεὶ
2323 431 2380 484 δὲ
2399 429 2946 502 καταμανθανόμενον
2959 430 3027 484 δι’
3048 429 3332 501 ἀκριϐείας
3351 430 3413 484 τὸ
3424 433 3748 503 γινόμενον,

469 513 730 585 perfectis
779 513 962 568 studio
992 513 1218 585 dignum
1269 515 1443 570 videri
1490 518 1736 572 deberet.
1771 517 2046 584 Quoniam

468 614 649 660 autem
694 603 748 658 id
803 604 1009 660 factum
1064 605 1359 676 diligenter
1409 609 1806 672 examinatum,
1861 613 2048 666 animo

469 695 860 750 detrimentum
913 697 1195 761 conciliat,
1249 697 1319 752 iis
1359 698 1453 767 qui
1488 700 1612 752 vita:
1668 709 1925 756 accurate
1952 702 2050 756 de-

467 789 658 861 gendae
685 790 1027 854 incumbunt,
1067 790 1231 860 longo
1265 791 1450 846 studio
1478 791 1762 863 indignum
1787 805 1867 848 est
1900 811 1914 850 :
1941 795 2049 848 imo

470 883 708 938 maxime
742 883 1072 944 cavendum,
1113 890 1175 936 ut
1223 883 1360 938 nihil
1401 883 1469 937 ab
1501 899 1565 939 eo
1594 885 1822 940 laedatur
1843 887 1915 950 is,
1952 887 2048 957 qui

471 975 775 1032 secundum
825 975 994 1032 Deum
1046 977 1213 1029 vitam
1262 977 1506 1032 instituit
1566 976 1856 1048 agendam.
1905 978 2045 1045 Quid

472 1068 643 1139 igitur
690 1077 776 1124 est
822 1068 880 1122 in
938 1069 1027 1122 his
1078 1067 1225 1138 quod
1263 1068 1466 1124 laedat?
1513 1067 1714 1124 Sancta
1760 1079 1816 1126 et
1864 1073 2049 1142 gravis

473 1161 600 1215 vitae
646 1159 919 1215 institutio
959 1160 1150 1216 eadem
1184 1162 1442 1216 omnibus
1483 1169 1538 1217 et
1564 1162 1698 1216 viris
1746 1171 1802 1216 et
1833 1163 2050 1221 feminis

475 1256 756 1326 proposita
789 1263 895 1311 est.
924 1254 1230 1311 Peculiaris
1260 1266 1346 1311 est
1373 1256 1502 1310 vita:
1531 1255 1924 1327 philosophiae
1954 1257 2052 1310 ho-

475 1357 667 1406 nestas
723 1357 778 1404 et
824 1350 1248 1419 castitas:qu:.e
1297 1349 1498 1402 invita
1552 1364 1652 1404 sua
1712 1365 1888 1420 eaque
1941 1364 2050 1404 non

476 1446 644 1498 mista
679 1458 742 1497 ac
771 1444 1000 1499 seorsim
1034 1451 1157 1498 acta
1197 1451 1638 1508 consummatur,
1664 1444 1738 1497 ita
1764 1451 1824 1498 ut
1856 1443 2054 1514 imper-

475 1534 645 1590 mista
680 1535 774 1599 sit,
805 1545 860 1590 et
898 1535 1124 1591 minime
1145 1535 1378 1591 confusa
1411 1544 1648 1591 natura:
1682 1553 1862 1607 neque
1895 1537 2054 1591 temi-

476 1634 566 1690 nis
607 1634 659 1688 in
688 1634 1029 1688 consortium
1069 1633 1338 1700 virorum,
1373 1648 1552 1703 neque
1578 1632 1716 1688 viris
1750 1633 1807 1686 iu
1852 1632 2051 1687 mulie-

475 1740 600 1779 rum
654 1725 720 1778 ad
749 1723 949 1780 tuenda
985 1724 1257 1780 castitatis
1287 1733 1341 1779 et
1383 1724 1686 1780 honestatis
1710 1723 1886 1779 officia
1915 1739 2054 1778 eon-

475 1819 852 1874 tendentibus.
884 1817 954 1870 At
985 1832 1118 1872 vero
1142 1817 1357 1872 itineris
1390 1816 1721 1874 conliciendi
1750 1816 2054 1872 necessitas

475 1925 757 1981 nunquam
794 1924 903 1964 non
938 1909 1255 1980 diligentem
1290 1909 1344 1964 in
1375 1909 1464 1965 his
1481 1909 1846 1965 observandis
1879 1906 2049 1963 indif—

476 2004 766 2060 ferentiam
796 2003 1040 2058 adducit.
1081 2001 1217 2056 Nam
1249 2011 1461 2056 tantam
1500 2003 1641 2057 viam
1677 2003 1902 2066 femina,
1947 2001 2055 2057 nisi

475 2095 570 2167 qui
630 2108 751 2150 eam
800 2101 1112 2154 conservet,
1157 2092 1379 2154 habeat,
1435 2107 1761 2162 percurrere
1816 2095 2051 2164 nequit:

475 2197 593 2244 tum
611 2187 739 2258 quia
762 2195 983 2256 propter
1011 2186 1318 2240 naturalem
1349 2185 1780 2242 imbecillitatem
1802 2187 2055 2257 jumeuto

477 2278 808 2350 imponenda
839 2287 946 2342 est,
986 2277 1245 2346 illincque
1285 2275 1606 2346 deponenda
1637 2297 1650 2331 :
1685 2287 1802 2333 tum
1829 2280 1960 2349 quia
1997 2279 2052 2333 in

477 2372 896 2428 difficultatibus
940 2370 1144 2425 tuenda
1190 2383 1254 2424 ac
1306 2370 1596 2426 servanda.
1632 2369 1909 2442 Quidquid
1954 2388 2054 2426 au-

478 2477 587 2524 tem
620 2482 933 2537 supponere
962 2467 1261 2538 possimus,
1301 2467 1418 2522 sive
1445 2473 1631 2520 notum
1665 2465 1848 2531 habet,
1879 2466 1970 2536 qui
2003 2467 2054 2521 ei

476 2565 702 2628 praestet
738 2557 1087 2628 obsequium,
1139 2557 1254 2613 sive
1286 2556 1712 2621 mercenarium,
1750 2556 1844 2627 qui
1875 2555 2055 2612 famu-

475 2647 641 2709 ietur.
669 2664 736 2702 ex
773 2656 1005 2717 utraque
1036 2658 1191 2718 parte
1224 2647 1372 2719 quod
1417 2647 1528 2712 fiet,
1561 2648 2053 2718 reprehensionem

476 2757 588 2796 non
614 2739 858 2811 effugiet.
891 2742 1026 2795 Nam
1068 2742 1185 2795 sive
1225 2749 1454 2796 externo
1481 2755 1540 2796 se
1569 2742 1903 2807 committat,
1941 2743 2058 2797 sive

477 2833 782 2888 domestico
838 2833 1238 2901 acquiescens,
1313 2833 1666 2886 continentiae
1721 2833 1894 2903 legem
1945 2850 2053 2888 non

477 2932 790 2979 conservat.
843 2925 980 2978 Cum
1027 2932 1209 2979 autem
1257 2923 1314 2978 in
1359 2924 1497 2978 locis
1538 2924 1648 2978 illis
1681 2921 2055 2980 Orientalibus

477 3015 780 3071 diversoria
820 3023 873 3070 et
925 3017 1184 3086 hospitia,
1235 3017 1514 3087 urbesque
1556 3018 1611 3072 in
1652 3017 1839 3073 multis
1884 3017 2054 3072 licen-

2149 526 2244 576 καὶ
2269 522 2504 595 ψυχικὴν
2559 523 2949 594 προστρίϐεται
3000 523 3205 594 βλάϐην
3241 527 3353 588 τοῖς
3397 524 3496 576 τὸν
3542 524 3749 596 ἀκριϐῆ

2151 617 2266 688 βίον
2323 617 2766 688 ὲνστησαμένοις,
2811 616 2913 669 οῦκ
2958 615 3072 668 ἔστι
3113 617 3212 686 τῆς
3245 616 3471 687 μακρᾶς
3511 616 3748 685 σπωδῆς

2149 711 2317 776 ἄξιον,
2353 709 2488 764 ἀλλὰ
2542 710 2642 779 τῆς
2677 709 2940 781 μεγίστης
2974 709 3242 778 φυλακῆς,
3276 709 3351 773 ὡς
3409 707 3612 779 μηδενὶ
3643 711 3747 761 τῶν

2149 802 2641 856 καταῦλαπτόντων
2665 804 2693 855 ὁ
2710 801 2854 855 κατά
2875 801 3009 855 Θεὸν
3039 801 3425 872 προῃρημένος
3449 802 3561 872 ζῇν
3594 818 3743 872 περι-
3792 819 3794 824 ’

2151 894 2410 964 πείροιτο.
2464 892 2530 945 Τί
2579 887 2672 946 οῦν
2720 894 2867 946 ἐστιν
2914 893 2972 945 ὲν
3018 889 3227 953 τούτοις
3260 891 3321 943 τὸ
3350 889 3646 960 βλάπτον;
3681 890 3746 944 Ἡ

2152 984 2322 1055 σεμνὴ
2358 983 2600 1037 πολιτεία
2627 985 2759 1038 πᾶσι
2803 983 3108 1054 πρόκειται,
3140 985 3233 1035 καὶ
3265 983 3504 1055 ἀνδράσι
3543 983 3638 1035 καὶ
3661 1001 3748 1050 ru-

2151 1077 2347 1140 ναιξὶν,
2381 1075 2512 1129 ἴδιον
2558 1073 2653 1128 τοῦ
2682 1073 2822 1128 κατά
2863 1074 3182 1144 φιλοσοφίαν
3221 1074 3359 1144 βίου,
3407 1077 3443 1146 ἡ
3476 1075 3747 1144 εὐσχημο-

2154 1168 2289 1238 σύνη
2310 1185 2325 1199 ·
2377 1166 2513 1238 αῦτη
2550 1166 2608 1220 δὲ
2651 1168 2709 1220 ὲν
2745 1167 2826 1238 τῷ
2859 1158 3075 1238 ἀμίκτῳ
3109 1168 3204 1220 καὶ
3237 1168 3501 1232 ἰδιάζοντι
3531 1168 3630 1239 βίῳ
3652 1170 3745 1238 τῆς

2153 1261 2297 1333 ζωῆς
2343 1258 2724 1331 κατορθοῦται,
2759 1259 2838 1323 ὡς
2885 1259 3238 1330 ἀνεπίμικτον
3285 1261 3383 1313 καὶ
3439 1260 3744 1329 ἁσύγχυτον

2153 1351 2291 1409 εἶναι
2331 1355 2431 1426 τὴν
2470 1353 2654 1423 φύσιν,
2719 1354 2854 1425 μήτε
2899 1354 3009 1407 τῶν
3070 1353 3344 1422 γυναικῶν
3388 1357 3447 1408 ὲν
3497 1355 3739 1426 ἀνδράσι,

2156 1449 2295 1520 μήτε
2320 1447 2429 1501 τῶν
2479 1445 2689 1518 ἀνδρῶν
2746 1448 2806 1499 ὲν
2834 1445 3046 1516 γυναιξὶ
3075 1445 3214 1518 πρὸς
3243 1445 3312 1500 τά
3357 1464 3743 1518 παρατετηρη-

2158 1541 2297 1612 μένα
2323 1542 2422 1612 τῆς
2453 1540 2868 1611 εὐσχημοσύνης
2896 1539 3212 1612 ὁρμώντων.
3249 1541 3392 1593 Ἀλλ’
3432 1543 3468 1612 ἡ
3508 1541 3741 1612 τῆς

2156 1635 2353 1706 πορίας
2383 1635 2595 1707 ἀνάγκη
2625 1635 2711 1690 ἀεὶ
2739 1635 2837 1708 τὴν
2867 1638 2925 1690 ὲν
2955 1635 3166 1699 τούτοις
3184 1635 3477 1707 ἀκρίϐειαν
3503 1637 3604 1689 καὶ
3622 1638 3742 1706 πρὸς

2155 1726 2480 1799 ἀδιαφορίαν
2526 1727 2634 1781 τῶν
2686 1727 3230 1799 παρατετηρημένων
3275 1728 3440 1797 ἄγειο
3467 1729 3742 1799 ἀμήχανον

2156 1820 2267 1892 γὰρ
2315 1821 2537 1889 γυναικὶ
2583 1819 2857 1890 τοσαύτην
2891 1820 3011 1874 ὁδὸν
3072 1820 3415 1892 διαδραμεῖν,
3460 1822 3518 1873 εί
3557 1822 3632 1892 μὴ
3665 1823 3744 1873 τον

2156 1909 2491 1976 διασώζοντα
2529 1912 2663 1984 ἔχοι,
2706 1912 2802 1967 καὶ
2823 1911 2913 1967 διά
2934 1911 3033 1984 τὴν
3057 1912 3290 1984 φυσικὴν
3312 1912 3612 1966 ἀσθένειαν
3636 1915 3742 1966 ἀνα-

2156 2003 2361 2073 γομένη
2389 2003 2494 2057 ὑπὸ
2518 2003 2580 2057 τὸ
2617 2000 2934 2072 ὑποζύγιον,
2968 2003 3223 2058 κάκεῖθεν
3251 2001 3637 2074 καταγομένη,
3663 2005 3743 2055 καὶ

2153 2096 2213 2148 ὲν
2252 2096 2374 2158 ταῖς
2422 2094 2761 2166 δυσχερείαις
2805 2093 3323 2166 παρακρατουμένη.
3371 2094 3562 2164 Ὅπερ
3615 2093 3656 2146 δ’
3685 2094 3744 2146 ἂν

2155 2183 2502 2256 ὐποθώμεθα,
2555 2186 2665 2239 εἴτε
2715 2184 2993 2257 γνώριμον
3025 2185 3139 2256 ἔχει
3184 2186 3277 2238 τὸν
3309 2183 3412 2256 τὴν
3449 2185 3748 2256 θεραπείαν

2151 2277 2593 2350 ἀποπληροῦντα,
2626 2278 2736 2332 εἴτε
2770 2277 3039 2350 μισθωτὸν
3062 2278 3155 2332 τὸν
3180 2278 3281 2350 τὴν
3306 2278 3599 2332 διακονίαν
3617 2297 3744 2350 παρ-

2152 2375 2433 2444 εχόμενον,
2463 2375 2587 2429 καθ’
2649 2374 2908 2446 ἑκάτερον
2962 2373 3128 2445 μέρος
3188 2373 3249 2427 οὐ
3305 2372 3602 2442 διαφεύγει
3657 2377 3745 2442 τὴν

2157 2463 2364 2535 μέμψιν
2408 2463 2470 2516 τδ
2519 2464 2839 2534 γινόμενονο
2899 2460 3022 2515 οῦτε
3073 2462 3181 2533 γὰρ
3231 2461 3310 2532 τῷ
3361 2461 3505 2532 ξένῳ
3559 2463 3748 2531 ἑαυτὴν

2159 2555 2676 2626 -ττγοσαναπαύουσα,
2711 2552 2834 2607 οὔτε
2859 2552 2937 2625 τῷ
2974 2553 3109 2624 ἰδίῳ,
3140 2553 3231 2606 τὸν
3255 2554 3356 2625 τῆς
3392 2555 3750 2625 σωφροσύνης

2157 2648 2410 2719 φυλάττει
2443 2647 2624 2718 νόμον.
2667 2645 2787 2699 Τῶν
2811 2645 2867 2698 δὲ
2906 2645 3047 2699 κατά
3083 2647 3209 2709 τοὺς
3254 2645 3645 2710 ’Δνατολικοῦς
3669 2648 3744 2698 τό·

2156 2759 2290 2805 πους
2310 2739 2639 2810 πανδοχείων
2659 2737 2752 2792 καὶ
2775 2738 3170 2809 καταλυμάτων
3189 2780 3204 2802 ,
3224 2738 3318 2791 καὶ
3341 2739 3566 2792 πόλεων
3588 2738 3746 2791 πολλὰ

2155 2835 2252 2906 τὴν
2276 2834 2458 2889 ἀδειαν
2479 2834 2572 2886 καὶ
2594 2832 2802 2904 πρὸςτὺ
2825 2833 2990 2886 κακον
3019 2833 3118 2903 τὴν
3138 2830 3464 2902 ἀδιαφορίαν
3490 2832 3746 2902 ἐχόντων.

2153 2924 2273 2987 πῶς
2304 2923 2456 2977 ἔσται
2509 2921 2734 2975 δυνατὸν
2760 2920 2848 2974 διά
2873 2921 3080 2974 καπνοῦ
3128 2921 3398 2993 παριόντα
3434 2920 3514 2992 μὴ
3555 2920 3745 2994 δριμυ-

2153 3017 2348 3088 χθῆναι
2380 3013 2479 3076 τάς
2503 3013 2692 3082 Mam;
2726 3013 2898 3064 Ὅπου
2930 3011 3216 3083 μολύνεται
3247 3013 3345 3082 μὲν
3371 3013 3544 3081 ἀκοὴ,
3587 3014 3740 3082 μολύ-

475 3108 610 3163 tiam
642 3119 695 3165 et
728 3109 795 3164 ad
829 3111 1032 3164 malum
1073 3109 1496 3167 indifferentiam
1525 3112 1787 3176 habeant,
1813 3112 1906 3184 qui
1932 3111 2050 3167 fieri

2159 3123 2302 3160 νεται
2329 3102 2386 3157 δὲ
2415 3102 2710 3172 ὀφθαλμὸς.
2739 3100 3022 3171 μολύνεται
3038 3100 3094 3154 δὲ
3116 3099 3334 3172 καρδία,
3353 3100 3424 3152 δι’
3445 3101 3748 3171 ὀφθαλμῶν

476 3203 702 3271 poterit,
734 3207 795 3254 ut
834 3201 930 3270 qui
974 3216 1071 3270 per
1103 3200 1313 3256 fmnum
1360 3202 1627 3267 ambulet,
1668 3216 1781 3256 non
1820 3217 2055 3273 exaspe-

475 3300 634 3348 retur
687 3292 905 3348 oculis?
963 3291 1067 3346 Ubi
1132 3293 1458 3362 inquinatur
1499 3293 1672 3356 auris,
1731 3292 2056 3361 inquinatur

476 3384 696 3444 oculus,
739 3382 1062 3453 inquinatur
1091 3389 1147 3438 et
1196 3397 1315 3446 cor,
1348 3399 1446 3453 per
1473 3383 1666 3437 oculos
1708 3390 1763 3436 et
1803 3381 2052 3436 auditum

477 3474 716 3529 nefanda
751 3473 1054 3544 excipiens,
1105 3476 1195 3544 qui
1251 3475 1367 3531 ﬁeri
1410 3475 1636 3546 poterit,
1672 3482 1734 3529 ut
1787 3489 1896 3529 non
1937 3472 2054 3528 alii-

477 3568 681 3630 ciatur,
709 3568 802 3637 qui
848 3566 1042 3623 affecta
1092 3567 1212 3622 loca
1254 3569 1704 3637 transgreditur?
1749 3565 1894 3634 Quid
1923 3581 2056 3622 vero

477 3660 644 3716 etiam
676 3660 800 3729 plus
827 3667 911 3716 est
955 3659 1267 3727 habiturus,
1296 3660 1390 3730 qui
1434 3661 1553 3715 loca
1587 3661 1678 3714 illa
1713 3659 1849 3720 adit.
1893 3658 2052 3729 quasi

477 3765 614 3805 vero
644 3751 947 3806 etiamnum
991 3749 1257 3805 Dominus
1284 3750 1644 3820 corporaliter
1673 3750 1729 3803 in
1767 3749 1903 3803 locis
1941 3748 2053 3803 illis

479 3840 661 3912 degat,
701 3849 867 3911 atque
910 3857 940 3894 a
981 3841 1141 3897 nobis
1193 3841 1432 3897 abierit:
1467 3851 1562 3896 aut
1609 3841 1778 3895 veluti
1828 3849 2054 3896 sanctus

393 3966 398 3972 -
479 3933 720 4004 Spiritus
775 3933 916 4004 apud
961 3932 1454 4004 Jerosolymitanos
1501 3934 1765 3997 abundet,
1819 3931 1886 3988 ad
1950 3949 2053 3987 nos

477 4035 659 4082 autem
712 4029 954 4082 transire
1009 4041 1118 4081 non
1153 4028 1367 4097 possit?
1412 4027 1594 4098 Atque
1633 4027 1677 4081 si
1701 4042 1766 4082 ex
1819 4025 1888 4080 iis
1933 4040 2054 4094 qua:

473 4120 896 4191 conspiciuntur
940 4119 1033 4176 Dei
1069 4119 1416 4188 praesentiam
1450 4119 1729 4190 conjicere
1767 4118 1916 4185 licet,
1955 4133 2055 4187 po—

477 4215 588 4269 tius
636 4215 694 4270 in
750 4216 974 4268 natione
1017 4212 1402 4284 Cappadocum
1454 4211 1625 4266 Deum
1679 4225 1891 4264 moram
1940 4217 2053 4262 tra-

474 4306 610 4362 here
643 4307 771 4376 quis
823 4304 1106 4362 statuerit.
1136 4318 1302 4372 quam
1337 4303 1391 4357 in
1437 4302 1682 4358 externis
1725 4303 1883 4358 locis.
1913 4301 2050 4356 Nam

475 4407 611 4467 quot
659 4405 790 4452 sunt
828 4398 880 4450 in
921 4397 989 4452 iis
1022 4395 1241 4457 altaria,
1294 4410 1390 4464 per
1418 4410 1541 4464 qua:
1589 4393 1802 4449 Domini
1851 4409 2050 4449 nomen

2160 3199 2253 3251 καὶ
2296 3197 2463 3268 ἀκοῆς
2511 3193 2773 3265 δεχομένη
2814 3193 2882 3247 τὰ
2925 3193 3135 3246 ἅτοπα’
3195 3191 3311 3254 πῶς
3337 3191 3497 3245 ἔσται
3529 3191 3748 3244 δυνατὸν

2161 3288 2386 3352 ἀπαθῶς
2438 3286 2728 3360 παρελθεῖν
2759 3287 2882 3348 τοὺς
2909 3285 3174 3356 ἐμπαθεῖς
3198 3285 3397 3348 τόπους
3423 3301 3439 3350 ;
3465 3284 3538 3337 Τί
3575 3286 3634 3338 δὲ
3663 3288 3746 3337 καὶ

2160 3379 2322 3433 πλέον
2352 3375 2462 3443 ἕξει
2512 3379 2540 3430 ὁ
2587 3377 2646 3430 ὲν
2697 3379 2808 3439 τοῖς
2839 3375 3024 3441 τόποις
3063 3376 3289 3442 ἐκείνοις
3325 3377 3653 3447 γενόμενος,
3677 3376 3748 3438 rb;

2163 3474 2326 3544 μέχρι
2360 3470 2454 3524 τοῦ
2477 3470 2571 3523 νῦν
2597 3467 2922 3539 σωματικῶς
2946 3467 3041 3521 τοῦ
3070 3468 3274 3539 Κυρίου
3296 3469 3354 3521 ἐν
3374 3469 3621 3532 ἐκείνοις
3646 3472 3746 3532 τοῖς

2159 3565 2345 3626 τόποις
2389 3562 2686 3631 διάγοντος,
2722 3559 2880 3631 ἡμῶν
2916 3560 2972 3613 δὲ
3003 3558 3408 3628 ἀποφοιτῶντος
3437 3575 3448 3587 ·
3475 3559 3512 3628 ἢ
3545 3561 3625 3621 ὡς
3657 3557 3747 3610 τοῦ

2159 3655 2316 3724 ἁγίου
2351 3654 2666 3724 Πνεύματος
2710 3651 2858 3722 παρά
2886 3651 2997 3714 τοῖς
3033 3648 3489 3721 Ἱεροσολυμίταις
3531 3649 3751 3702 πλεονάο

2161 3749 2362 3813 ζοντος,
2386 3747 2520 3816 πρὸς
2539 3745 2595 3798 δὲ
2621 3745 2766 3815 ἡμᾶς
2785 3742 3033 3813 διαϐῆναι
3058 3741 3470 3803 ἀδυνατοῦντοςς
3500 3741 3622 3794 Καὶ
3649 3743 3746 3812 μὴν

2160 3842 2208 3893 εί
2235 3839 2379 3891 ἔστιν
2407 3840 2471 3891 ὲκ
2498 3837 2606 3889 τῶν
2631 3834 2992 3906 φαινομένων,
3027 3832 3162 3886 Θεοῦ
3206 3832 3517 3904 παρουσίαν
3542 3835 3741 3904 τεκμῆ-

2163 3929 2376 4002 ρασθαι,
2420 3927 2616 3995 μᾶλλον
2642 3926 2708 3980 ἄν
2727 3943 2812 3989 τις
2855 3926 2914 3977 ὲν
2937 3922 3014 3994 τῷ
3040 3923 3182 3978 ἔθνει
3222 3923 3328 3977 τῶν
3356 3923 3750 3977 Καππαδοκῶν

2157 4023 2250 4076 τὸν
2279 4021 2412 4074 Θεὸν
2437 4019 2743 4074 διαιτᾶσθαι
2775 4017 3065 4088 νομίσειεν,
3098 4016 3244 4086 ἥπερ
3274 4016 3332 4067 ὲν
3364 4018 3480 4079 τοῖς
3526 4016 3639 4082 ἔξω
3669 4017 3746 4067 τὸο
3807 4043 3812 4046 -

2161 4128 2299 4173 ποις.
2331 4111 2469 4163 Ὅσα
2498 4109 2604 4178 γάρ
2637 4110 2782 4160 ἐστιν
2811 4107 2870 4158 ὲν
2905 4105 3141 4168 τούτοιςκ
3158 4103 3547 4174 θυσιαστήρια,
3584 4104 3654 4156 δι’
3679 4099 3746 4155 ὧν

2158 4205 2218 4258 τὸ
2243 4205 2411 4274 ὄνομα
2435 4201 2528 4254 τοῦ
2552 4199 2770 4271 ΔΚυρίου
2815 4197 3134 4263 δοξάζεται;
3187 4197 3286 4248 οὐκ
3331 4196 3398 4250 ἀν
3437 4213 3524 4259 τις
3562 4197 3745 4250 τοσάξε

2159 4298 2341 4368 πάσης
2377 4294 2560 4366 σχεδὸν
2589 4293 2688 4363 τῆς
2726 4292 3047 4362 οἰκουμένης
3073 4288 3504 4362 ἐξαριθμήσαιτο
3563 4289 3743 4342 θυσιαο

2161 4391 2375 4460 στήρια.
2427 4387 2656 4440 Ἔπειτα
2710 4384 2759 4437 εί
2815 4384 2911 4437 καὶ
2949 4378 3019 4455 ἧν
3060 4381 3236 4434 πλέων
3280 4383 3314 4450 ἡ
3344 4382 3510 4451 χάρις
3546 4382 3610 4432 ὲν
3644 4381 3749 4442 τοῖς

476 4484 825 4541 celebratur?
872 4482 980 4539 Nec
1031 4499 1162 4538 sane
1201 4483 1326 4551 quis
1385 4484 1556 4538 totius
1604 4483 1840 4537 fortasse
1900 4481 2051 4536 orbis

2166 4480 2513 4551 Ἰεροσόλυμα
2557 4477 2776 4540 τόποις,
2823 4475 2924 4528 οὐκ
2975 4473 3041 4527 ἂν
3083 4472 3424 4543 ὲπεχωρίαζε
3471 4475 3592 4535 τοῖς
3643 4474 3744 4522 ἐκεῖ

473 4577 707 4633 totidem
765 4584 1116 4633 enumeraret
1181 4576 1396 4630 altaria.
1466 4575 1669 4630 Deinde
1728 4575 1944 4630 etiamsi
2000 4576 2054 4628 in

473 4671 616 4725 locis
656 4668 1137 4740 Jerosolymitanis
1182 4670 1304 4738 plus
1351 4668 1552 4722 divina:
1591 4669 1780 4737 gratim
1828 4668 2051 4730 inesset,

474 4764 588 4820 illic
612 4763 913 4817 viventium
952 4771 1238 4832 peceatum
1266 4777 1375 4815 non
1405 4769 1515 4815 tam
1545 4760 1803 4830 frequens
1831 4767 1885 4813 et
1931 4774 2055 4813 con-

477 4865 697 4913 suetum
741 4841 907 4912 esset.
943 4854 1063 4910 Jam
1115 4871 1250 4910 vero
1295 4855 1504 4908 nullum
1555 4863 1641 4908 est
1694 4852 2056 4906 immunditia’:

474 4965 670 5022 genus,
700 4948 847 5020 quod
880 4948 1025 5018 apud
1068 4962 1165 5002 eos
1212 4962 1318 5001 non
1356 4954 1745 5016 perpetretur:
1777 4959 1842 4998 ac
1894 4943 2050 4997 mali-

475 5044 586 5108 tia,
626 5041 920 5106 adulteria,
970 5039 1138 5099 furta,
1187 5038 1526 5100 idololatriae,
1573 5036 1859 5094 veneficia,
1912 5035 2050 5089 invi-

472 5133 577 5189 dia:
603 5141 658 5189 et
683 5133 886 5197 caades,
917 5147 982 5187 ac
1011 5140 1223 5184 tantum
1259 5130 1314 5182 in
1347 5129 1538 5198 primis
1569 5128 1773 5181 malum
1807 5127 1914 5179 illis
1937 5135 2046 5177 tam

471 5225 732 5296 frequens
761 5234 815 5279 et
843 5224 1127 5280 assiduum
1161 5229 1266 5282 est,
1299 5230 1356 5274 ut
1386 5235 1657 5289 nusquam
1693 5230 1840 5272 tanta
1873 5219 1944 5272 sit
1978 5219 2045 5271 ad

2155 4571 2322 4636 ζῶσιν
2343 4573 2376 4641 ὴ
2407 4568 2666 4640 ἁμαρτία.
2692 4565 2808 4620 Νῦν
2841 4566 2940 4636 μέν
2981 4582 3063 4617 τοι
3090 4563 3189 4616 οὐκ
3217 4563 3366 4616 ἔστιν
3393 4561 3738 4634 ἀκαθαρσίας

2153 4661 2310 4728 εἶδος,
2347 4663 2375 4716 ὃ
2407 4663 2482 4733 μὴ
2509 4660 2773 4730 τολμάται
2807 4661 2936 4729 παρ’
2961 4658 3163 4719 αὐτοῖς.
3204 4655 3313 4707 Καὶ
3343 4654 3637 4722 πονηρίαι,
3660 4653 3742 4706 καὶ

2157 4757 2413 4828 μοιχεῖαι,
2456 4753 2550 4807 κιιὶ⁵
2601 4750 2818 4816 κλοπαὶ,
2866 4750 2958 4803 καὶ
2989 4747 3439 4816 εἰδωλολατρεὴι.
3473 4747 3573 4798 καὶ
3616 4761 3742 4814 φσρο

2158 4851 2401 4919 μακεῖαι,
2455 4847 2551 4900 καὶ
2595 4845 2803 4916 φθόνοι,
2859 4845 2953 4896 καὶ
2984 4843 3156 4913 φόνοι,
3203 4840 3297 4894 καὶ
3333 4838 3580 4909 μάλιστὰ
3605 4856 3665 4904 γε
3692 4839 3740 4888 τὸ

2155 4939 2395 4992 τοιοῦτον
2433 4936 2785 5008 ἐπιχωριάζει
2817 4934 3006 4998 κακὸν,
3033 4932 3174 4986 ὥστε
3207 4928 3458 5001 μηδαμοῦ
3491 4927 3744 4994 τοιαύτην

2157 5033 2479 5102 ἑτοιμότητα
2507 5027 2644 5084 εἷναι
2669 5028 2804 5100 πρὸς
2827 5027 2890 5080 τὸ
2911 5025 3177 5096 φονεύειν,
3207 5023 3329 5076 ὅσον
3348 5023 3405 5073 ἐν
3430 5021 3549 5081 τοῖς
3566 5021 3739 5077 τόποις

2154 5125 2402 5187 ἐκείνοις,
2433 5123 2638 5193 θηρίων
2657 5123 2813 5192 δίκην
2837 5119 2916 5189 τῷ
2943 5119 3138 5188 αἵματι
3168 5116 3278 5168 τῶν
3300 5112 3598 5183 ὁμοφύλων
3635 5113 3739 5164 ἐπι-

2153 5219 2455 5289 τρεχόντων
2489 5217 2751 5286 ἀλλήλων,
2780 5211 2991 5284 ψυχροῦ
3019 5209 3242 5281 κέρδους
3274 5207 3454 5279 χάριν.

471 5317 858 5373 trucidandum
891 5313 1289 5386 prmnptitudo,
1325 5320 1529 5382 quanta
1566 5312 1676 5365 illis
1714 5312 1849 5365 locis
1885 5310 2177 5375 inhabitat,
2254 5313 2346 5365 ubi
2422 5310 2660 5365 belluino
2737 5321 2887 5361 more
2932 5306 2987 5359 in
3069 5302 3392 5373 sanguinem
3446 5299 3736 5354 contribu—

470 5413 606 5468 lium
640 5421 829 5466 mutuo
861 5412 1178 5475 incurrunt,
1213 5409 1395 5479 frigidi
1428 5409 1561 5462 lucri
1601 5422 1792 5462 causa.

543 5507 646 5562 Ubi
673 5522 804 5576 ergo
834 5505 949 5560 haec
987 5506 1145 5568 fiunt,
1205 5518 1318 5572 quo
1364 5512 1688 5572 argumento
1746 5503 2044 5573 intelligas,

471 5599 580 5655 illis
610 5601 662 5652 in
696 5601 832 5655 locis
890 5600 1209 5669 ampliorem
1271 5605 1505 5667 gratiam
1544 5596 1716 5651 esse?
1770 5595 1879 5650 Sed
1929 5597 2046 5650 scio

470 5693 601 5764 quid
644 5692 775 5746 mihi
813 5692 965 5764 multi
1000 5691 1263 5746 adversus
1293 5706 1380 5754 ea,
1407 5704 1528 5758 qum
1548 5688 1691 5742 dicta
1716 5696 1866 5752 sunt,
1899 5687 2042 5757 obji-

470 5761 644 5841 ciunt.
693 5761 866 5840 Δίιῖῶ
908 5784 1090 5840 enim:
1149 5783 1506 5854 quamobrem
1566 5780 1679 5837 lucc
1744 5788 1938 5838 contra
1989 5787 2045 5834 te

2229 5502 2402 5552 Ὅπου
2436 5498 2615 5550 τοίνυν
2644 5494 2818 5550 ταῦτα
2843 5491 3073 5562 γίνεται,
3105 5490 3268 5544 ποίαν
3295 5488 3581 5555 ἀπόδειξιν
3607 5489 3732 5560 ἔχεις

2151 5593 2244 5648 τοῦ
2288 5592 2507 5644 πλείονα
2561 5588 2720 5659 χάριν
2770 5582 2908 5639 εἶναι
2961 5587 3018 5637 ὲν
3065 5585 3181 5645 τοῖς
3231 5581 3418 5644 τόποις
3475 5582 3728 5643 ὲκείνοις;

2163 5686 2302 5741 Ἀλλ’
2331 5680 2449 5738 οἶδα
2468 5682 2528 5736 τὸ
2552 5678 2964 5749 ἀντιλεγόμενον
2985 5675 3093 5728 τῶν
3109 5673 3318 5728 πολλῶν
3352 5672 3491 5743 πρὸς
3520 5673 3593 5725 τὰ
3619 5682 3727 5736 παρ’

2151 5779 2283 5849 ἐμοῦ
2331 5773 2615 5848 εἰρημένα.
2675 5770 2909 5839 Λέγουσι
2947 5769 3056 5835 γάρ
3077 5781 3091 5796 ⁸
3124 5763 3222 5817 Διά
3256 5762 3311 5817 τί
3333 5763 3506 5816 ταῦτα
3534 5761 3628 5816 καὶ
3652 5758 3730 5813 ἐπὶ
