3834 6428
121 334 157 388 Ι
174 336 282 393 ms

1376 348 1754 404 EPISTOLA‘Z'
1786 380 1855 389 -—
1881 350 2097 407 EPIST.
2131 354 2196 410 ll.

3258 377 3398 433 40H

120 449 198 500 σὲ
220 449 386 501 αὑτὸν
411 452 511 504 οὐκ
543 452 973 527 ἔνομοθέτησας;
1005 459 1066 511 El
1097 458 1205 529 γὰρ
1240 460 1401 530 μηδὲν
1430 457 1497 531 ἦν
1530 462 1697 527 κέρδος

1821 464 1981 515 etiam
2002 481 2109 517 non
2144 467 2432 524 dcccrnis?
2460 472 2512 527 Si
2542 475 2683 529 enim
2714 478 2919 535 nullum
2954 499 3129 553 opera:
3160 490 3393 555 pretium

114 538 215 607 τῷ
245 541 388 593 κατὰ
420 543 551 596 Θεὸν
603 547 993 618 ἐκδημήσαντι,
1025 551 1145 603 ἀντὶ
1179 551 1274 604 τοῦ
1300 553 1551 620 γενέσθαι
1582 556 1718 617 ἐκεῖ,

119 628 279 698 ὑπὲρ
307 632 449 693 τίνος
483 634 658 704 μάτην
694 638 931 709 ὑπέστης
952 641 1048 709 τὴν
1063 641 1329 713 τοσαύτην
1350 642 1501 708 ὀδόν;
1537 644 1723 697 Ἄκου-

120 721 395 775 σάτωσαν
417 720 508 778 οὖν
540 727 639 796 τῆς
683 729 819 799 ὑπὲρ
848 731 1053 786 τούτων
1083 734 1213 803 παρ’
1239 734 1371 803 ἐμοῦ
1404 735 1717 804 ἀπολογίας.

138 809 305 879 Ἐμοὶ
328 812 415 865 διὰ
431 815 526 883 τὴν
545 815 788 887 ἀνάγκην
812 819 1015 890 ταύτην
1042 821 1099 874 ὲν
1192 823 1290 892 ζῇν
1318 824 1550 894 ἐτάχθην
1571 828 1719 896 παρὰ

118 898 232 950 τοῦ
266 902 674 971 οἰκονομοῦντος
703 908 971 979 ἡμῶντὴν
1005 909 1170 980 ζωὴν,
1203 911 1417 977 ἐγένετο
1438 914 1535 983 τῆς
1556 915 1718 982 ἁγίας

120 990 362 1043 συνόδου
415 993 751 1064 διορθώσεως
800 1000 983 1054 ἕνεκεν
1026 1002 1126 1072 τῆς
1155 1006 1295 1059 κατά
1327 1007 1425 1077 τὴν
1458 1009 1717 1080 Ἀραϐίαν

139 1082 499 1153 Ἐκκλησίας.
540 1088 701 1159 μέχρι
731 1091 837 1143 τῶν
870 1095 1049 1148 τόπων
1091 1080 1364 1165 γενέσθαι.
1392 1100 1501 1153 Καὶ
1530 1103 1714 1173 ἐπειδὴ

122 1174 340 1245 ὅμορός
370 1179 558 1250 ἐστινὴ
589 1181 814 1251 Ἀραϐία
834 1188 945 1248 τοῖς
972 1188 1108 1239 κατὰ
1147 1188 1491 1259 Ἱεροσόλυμα
1505 1192 1713 1258 τόποις,

123 1266 509 1337 ὑποσχόμενος
538 1274 630 1325 καὶ
677 1276 1076 1347 συσκεψὸμενος
1118 1283 1231 1341 τοῖς
1269 1285 1572 1352 προεστῶσι
1607 1290 1717 1351 τοῖς

120 1357 243 1411 τῶν
274 1360 447 1425 άγίων
491 1362 931 1436 Ἱεροσολυμιτῶν
984 1371 1345 1442 Ἐκκλησιῶν,
1362 1376 1451 1430 διὰ
1492 1378 1553 1430 τὸ
1577 1375 1716 1434 εἶναι

118 1450 316 1501 αὐτῶν
347 1452 402 1501 ἐν
434 1458 643 1525 ταραχῇ
679 1455 746 1509 τὰ
789 1459 1108 1530 πράγματα,
1139 1465 1231 1516 καὶ
1252 1466 1472 1536 χρῄζειν
1505 1468 1598 1520 τοῦ
1622 1487 1717 1539 με-

120 1545 461 1611 σιτεύοντος.
505 1551 731 1605 Ἔπειτα
761 1554 837 1617 δὲ,
893 1558 984 1608 καὶ
1023 1558 1117 1610 τοῦ
1147 1560 1534 1616 εὐσεϐεστάτου
1563 1565 1716 1634 βασι-

118 1636 272 1701 λέως
297 1644 708 1712 παρασχομένου
731 1646 827 1716 τὴν
838 1648 1085 1702 εὐκολίαν
1102 1652 1327 1721 τῆςὸδοῦ
1349 1655 1436 1707 διά
1454 1656 1712 1728 δημοσίου

120 1731 409 1799 ὀχήματος
442 1775 457 1795 ν
513 1736 739 1805 οὐδεμία.
796 1740 926 1808 ἡμῖν
990 1743 1204 1813 ἀνάγκη
1261 1746 1487 1812 ἐγένετο.
1538 1749 1710 1802 ταῦτα

122 1824 388 1895 πάσχειν,
419 1826 454 1880 ἃ
488 1829 580 1882 καὶ
598 1831 688 1882 ἐπὶ
720 1830 828 1883 τῶν
853 1832 1025 1885 ἄλλων
1053 1838 1478 1908 κατενοήσαμεν.
1514 1841 1586 1894 Τὸ
1605 1843 1713 1913 γάρ

118 1915 317 1986 ὄχημα
375 1920 503 1988 ἡμῖν
555 1921 674 1973 ἀντὶ
725 1922 1048 1994 Ἑκκλησίας
1092 1930 1184 1979 καὶ
1237 1932 1595 2002 μοναστηρίου
1624 1929 1712 2004 ἦν,

117 2008 217 2061 διὰ
245 2010 424 2081 πάσης
461 2012 559 2081 τῆς
604 2013 723 2065 όδοῦ
765 2015 1186 2085 συμψαλλόντων
1213 2021 1428 2074 πάντων
1466 2026 1559 2077 καὶ
1588 2042 1714 2078 συν-

118 2099 500 2165 νηστευόντων
531 2102 609 2171 τῷ
657 2102 861 2174 Κυρίῳ.
922 2106 994 2158 Τὸ
1045 2104 1137 2161 οῦν
1198 2110 1461 2181 ἡμέτερον
1509 2114 1714 2183 μηδένα

122 2189 532 2255 σκανδαλιζέτω
561 2212 573 2223 ο
615 2193 813 2262 μᾶλλον
833 2196 890 2247 δὲ
917 2196 1119 2268 πιθανὴ
1153 2200 1443 2273 γενέσθωή
1471 2203 1712 2273 συμϐου-

118 2278 221 2331 λία
250 2281 427 2350 ἡμῶν,
452 2283 531 2335 ὅτι
555 2284 681 2353 περὶ
702 2278 776 2338 ὧν
805 2287 881 2357 τῷ
911 2287 1174 2359 ὀφθαλμῷ
1198 2290 1559 2362 ύπεϐάλομεν,
1586 2297 1713 2366 περὶ

116 2371 336 2425 τούτων
384 2376 475 2427 καὶ
523 2378 981 2451 συμϐουλεύομεν.
1022 2381 1211 2452 Ἡμεῖς
1245 2383 1354 2455 γάρ
1384 2386 1473 2437 τὸν
1514 2388 1713 2457 ἐπιφα-

117 2463 291 2516 νέντα
342 2468 572 2536 Χριστὸν
626 2466 762 2523 εῖναι
814 2471 945 2526 Θεὸν
980 2474 1229 2543 ἀληθινὸν
1281 2475 1711 2550 ὡμολογήσαμεν

119 2556 222 2606 καὶ
253 2558 381 2626 πρὶν
428 2559 520 2611 ἐπὶ
571 2560 661 2613 τοῦ
705 2562 870 2616 τόπου
898 2564 1170 2632 γενέσθαι,
1212 2567 1305 2619 καὶ
1343 2569 1482 2638 μετὰ
1514 2569 1707 2633 ταῦτα,

117 2646 253 2699 οὔτε
298 2649 396 2718 τῆς
463 2650 697 2717 πίστεως
746 2641 1160 2728 ἐλαττουμένης,
1208 2656 1332 2712 οὔτε
1369 2659 1504 2729 μετὰ
1537 2661 1709 2715 ταῦτα

119 2740 620 2813 προσαυξηθείσης.
636 2745 746 2798 Καὶ
771 2745 868 2816 τὴν
891 2748 979 2801 διὰ
1004 2751 1105 2820 τῆς
1136 2752 1416 2822 Παρθένου
1436 2755 1707 2826 ὲνανθρώ-

120 2848 296 2903 πησιν
326 2836 421 2887 καὶ
470 2835 575 2907 πρὸ
622 2838 719 2908 τῆς
773 2839 1020 2912 Βηθλεὲμ
1058 2844 1429 2916 ἠπιστάμεθα.
1465 2849 1573 2901 Καὶ
1610 2850 1707 2921 τὴν

122 2927 197 2977 ὲκ.
225 2926 432 2996 νεκρῶν
462 2928 822 2994 ἐξανάστασιν
870 2935 962 2987 καὶ
1014 2936 1119 3006 πρὸ
1153 2936 1248 2990 τοῦ
1279 2941 1564 3009 μνήματος
1593 2944 1709 2995 ἐπι-

122 3016 440 3087 στεύσαμεν
461 3034 477 3050 ’
516 3020 613 3072 καὶ
639 3021 738 3089 τὴν
772 3022 851 3086 εἱς
884 3025 1143 3090 οὐρανοὺς
1174 3028 1437 3082 ἀνάϐασιν
1470 3033 1562 3084 καὶ
1583 3033 1705 3103 δίχα

1827 554 1976 621 facit,
2018 561 2108 627 qui
2149 563 2449 618 secundum
2489 567 2654 621 Deum
2689 571 2820 626 illuc
2843 554 3224 645 peregrinatus
3268 582 3393 636 fue-

1824 650 1913 711 rit,
1941 655 2297 720 quamobrem
2330 657 2529 712 frustra
2566 669 2773 718 tantam
2812 667 2913 721 vite
2944 672 3248 727 molestiam
3272 691 3395 729 sns-

1824 744 2075 798 tinuisti?
2122 748 2361 801 Audiant
2390 751 2573 819 igitur,
2605 771 2716 824 quo
2738 758 2863 826 jure
2908 778 2992 816 me
3022 764 3073 816 in
3104 766 3171 820 iis
3202 766 3394 822 defen-

1821 833 1969 886 dam.
2007 834 2134 888 Mihi
2166 846 2390 906 propter
2428 841 2568 895 hanc
2603 844 2818 898 vivendi
2852 849 3141 913 rationem,
3200 854 3253 906 in
3284 871 3392 922 qua

1823 932 1881 976 ut
1904 924 2106 987 vivam,
2142 926 2212 980 ab
2235 943 2299 981 eo
2335 930 2424 999 qui
2455 930 2739 999 dispensat
2769 936 2932 990 vitam
2968 951 3212 995 nostram
3258 960 3393 999 con-

1822 1016 2050 1071 stitutus
2085 1033 2228 1077 sum,
2264 1004 2489 1075 necesse
2520 1021 2621 1076 fuit
2650 1040 2749 1093 pro
2778 1036 2969 1081 sancto
3001 1032 3235 1085 concilio
3295 1035 3393 1088 ba-

1820 1106 2314 1179 bitocmendanda:
2345 1114 2591 1169 Arabicae
2628 1117 2889 1172 Ecclesia
2922 1123 3120 1189 gratia,
3159 1126 3225 1178 ad
3270 1126 3390 1180 loca

1820 1198 1925 1253 ista
1955 1201 2253 1269 proﬁcisci.
2289 1205 2365 1257 Ac
2406 1220 2527 1259 cum
2558 1216 2707 1263 esset
2750 1210 2945 1264 Arabia
2998 1214 3134 1269 locis
3175 1214 3394 1272 Jeroso-

1819 1290 2097 1360 lymitanis
2128 1295 2492 1357 contermina,
2526 1297 2804 1365 pollicitus
2839 1315 2986 1353 eram
3014 1317 3096 1355 me
3131 1319 3239 1356 una
3259 1320 3384 1360 cum

1818 1382 1888 1437 iis
1907 1385 1997 1452 qui
2020 1384 2227 1439 sanctis
2242 1383 2721 1457 Jerosolymitauis
2734 1406 2909 1459 przesu
2920 1401 2976 1445 nt
2992 1392 3250 1450 Ecclesiis
3284 1396 3394 1450 dis-

1816 1477 2330 1547 ceptaturum,quod
2351 1493 2527 1531 rerum
2545 1480 2652 1534 illis
2668 1492 2810 1535 esset
2825 1491 3001 1537 status
3014 1485 3387 1553 perturbatus,

1815 1582 1880 1621 ac
1908 1569 2142 1638 quodam
2183 1570 2273 1637 qui
2310 1569 2518 1624 medius
2559 1571 2919 1627 intercederet
2960 1584 3202 1645 egerent.
3246 1576 3390 1631 Prae.-

1816 1666 1961 1713 terea
1994 1674 2143 1722 vero,
2174 1659 2293 1728 ipso
2318 1674 2534 1729 quoque
2567 1662 2813 1730 piissimo
2840 1665 3164 1733 imperatore
3189 1668 3289 1721 via:
3304 1667 3389 1720 fa-

1816 1749 2076 1802 cilitatem
2113 1749 2447 1803 concedente
2477 1765 2639 1803 curru
2669 1751 2908 1820 publico,
2939 1753 3084 1805 nulla
3114 1755 3273 1809 nobis
3294 1771 3390 1809 ne—

1817 1842 2047 1896 cessitas
2067 1840 2166 1894 fuit
2188 1857 2249 1896 ea
2277 1842 2499 1910 perpeti,
2522 1858 2642 1912 quae
2660 1843 2712 1895 in
2738 1844 2858 1898 aliis
2876 1844 3385 1900 animadvertimus.

1820 1928 2141 1984 Vehiculum
2180 1933 2324 1984 enim
2368 1934 2527 1985 nobis
2559 1948 2658 2000 pro
2684 1931 2927 1987 Ecclesia
2961 1946 3012 1986 et
3050 1938 3387 1989 monasterio

1816 2030 1954 2086 erat,
1992 2022 2247 2077 omnibus
2272 2038 2367 2091 per
2392 2032 2558 2076 totam
2588 2025 2727 2077 viam
2759 2025 2920 2078 simul
2944 2027 3301 2095 psallentihus
3332 2036 3388 2081 et

1809 2113 2188 2183 jejunantihus
2220 2115 2467 2168 Domino.
2495 2115 2755 2170 Nostrum
2782 2132 2911 2186 ergo
2944 2119 3252 2185 exemplum
3290 2134 3386 2174 ne-

1816 2206 2013 2261 minem
2046 2206 2285 2260 oﬁendat
2323 2226 2335 2260 :
2370 2208 2500 2275 quin
2538 2208 2719 2276 potius
2754 2210 3091 2278 probabilius
3127 2209 3255 2265 inde
3286 2226 3386 2265 no-

1814 2310 1989 2353 strum
2039 2300 2327 2353 consilium
2371 2300 2482 2363 ﬁat,
2513 2300 2659 2369 quod
2712 2300 2778 2355 de
2821 2302 2986 2356 rebus
3020 2301 3211 2356 iisdem
3245 2317 3384 2372 quas

1814 2408 1914 2448 nos
1972 2394 2307 2461 aspeximus,
2355 2393 2647 2447 consilium
2700 2403 2949 2449 nostrum
2999 2396 3212 2450 l’lemus.
3269 2395 3380 2453 Nos

1812 2487 1957 2539 enim
2004 2486 2286 2539 Christum
2334 2487 2428 2554 qui
2475 2487 2758 2556 apparuit,
2809 2502 2933 2542 esse
2972 2486 3140 2542 Deum
3193 2504 3381 2544 verum

1813 2577 2050 2633 confessi
2092 2594 2304 2641 sumus,
2338 2579 2503 2633 etiam
2532 2590 2824 2649 antequam
2865 2595 2932 2635 eo
2961 2581 3251 2637 ivissemus
3282 2598 3296 2635 :
3325 2590 3382 2637 et

1808 2670 1957 2734 item,
1989 2669 2090 2723 ﬁde
2122 2686 2296 2738 neque
2328 2670 2613 2724 imminuta
2636 2713 2650 2735 ,
2681 2687 2857 2742 neque
2882 2681 3071 2743 postea
3111 2673 3368 2729 adaucta.

1808 2760 2074 2830 Quodque
2112 2761 2273 2815 homo
2313 2777 2407 2832 per
2449 2760 2725 2831 Virginem
2765 2772 2927 2818 natus
2961 2764 3050 2829 sit,
3089 2770 3377 2834 antequam

1807 2849 2084 2905 Bethleem
2116 2852 2486 2915 intueremur,
2519 2853 2800 2908 scivimus.
2834 2852 2901 2909 Et
2938 2869 2969 2907 a
3012 2855 3244 2909 mortuis
3288 2870 3374 2909 re.

1808 2943 2207 2998 surrectionem
2236 2941 2401 2997 etiam
2443 2952 2571 2997 ante
2599 2953 3009 3000 monumentum
3042 2945 3223 3001 visum
3254 2961 3373 3001 cre—

1805 3034 2045 3089 didimus
2087 3048 2101 3087 :
2143 3043 2307 3105 atque
2358 3036 2735 3091 ascensionem
2785 3036 2839 3089 in
2876 3036 3079 3101 caelos,
3130 3038 3372 3091 nondum

114 3108 221 3161 τοῦ
238 3112 298 3161 τὸ
319 3110 443 3182 ὅρος
475 3111 582 3164 τῶν
624 3114 846 3166 Ἐλαιῶν
882 3116 1038 3183 ίδεῖν,
1061 3117 1235 3189 άληθῆ
1262 3115 1399 3173 εἶναι
1426 3121 1697 3194 ὡμολογή-

1809 3136 2103 3196 conspecto
2136 3135 2321 3182 monte
2363 3126 2664 3189 Olivarum,
2694 3143 2876 3181 veram
2924 3127 3094 3183 fuisse
3135 3127 3375 3183 confessi

116 3219 319 3272 σαμεν.
357 3203 617 3257 Τοσοῦτον
656 3206 712 3259 δὲ
749 3205 907 3275 μόνον
942 3209 1007 3260 ἐκ
1042 3210 1137 3278 τῆς
1163 3211 1469 3283 ὁδοιπορίας
1494 3215 1707 3287 ὠφελήο

114 3296 190 3365 θη
200 3314 321 3366 μεν,
348 3297 470 3349 ὅσον
498 3301 553 3351 ἐν
576 3300 857 3370 συγκρίσει
886 3299 1107 3368 γνῶναι,
1142 3304 1223 3356 ὅτι
1242 3306 1313 3357 τὰ
1336 3306 1575 3377 ἡμέτερα
1599 3308 1706 3361 τῶν

113 3386 232 3451 ἔξω
262 3388 392 3441 πολὺ
445 3390 721 3462 ἁγιώτερά
750 3394 915 3448 ἐστιν.
963 3394 1127 3449 Ὅθεν
1167 3396 1215 3448 οἱ
1251 3397 1573 3468 φοϐούμενοι
1614 3400 1705 3453 τὸν

110 3479 347 3550 Κύριον,
377 3482 435 3534 ὲν
462 3477 544 3544 οἷς
563 3485 684 3536 ἐστε
715 3485 917 3548 τόποις,
947 3487 1195 3540 αἱνέσατε
1219 3490 1398 3543 αὐτόν.
1431 3492 1565 3544 Θεοῦ
1594 3494 1703 3564 γάρ

112 3574 527 3642 προσεγγισμὸν
571 3577 767 3647 τοπικὴ
803 3578 1126 3648 μετάστασις
1161 3583 1221 3635 ού
1264 3584 1658 3654 κατεργάζεται
1686 3601 1699 3612 ⁸

111 3666 236 3719 ἀλλ’
266 3667 508 3738 ὅπουπερ
543 3667 608 3721 ἂν
648 3663 733 3741 ᾗς,
764 3671 896 3737 πρὸς
938 3674 995 3725 σὲ
1025 3674 1144 3744 ἦξει
1187 3678 1215 3729 ὁ
1243 3676 1394 3740 Θεὸς,
1427 3679 1521 3732 ἐάν
1552 3696 1615 3747 γε
1641 3680 1702 3733 τὸ

108 3758 220 3829 τῆς
242 3759 417 3828 ψυχῆς
442 3776 533 3811 σου
556 3760 896 3829 καταγώγιον
917 3765 1156 3819 τοιοῦτον
1178 3768 1396 3838 εὑρεθῇ,
1411 3769 1550 3822 ὥστε
1572 3772 1703 3833 ένοι-

112 3852 287 3919 κῆσαι
328 3853 419 3904 τὸν
475 3852 679 3924 Κύριον
707 3856 763 3907 ἐν
792 3856 873 3908 σοὶ
911 3859 1005 3911 καὶ⁵
1044 3861 1508 3932 ἐμπεριπατῆσαι.
1547 3866 1609 3917 Εἰ
1642 3865 1700 3917 δὲ

112 3944 303 4013 πλήρη
358 3944 499 4013 ἔχεις
562 3945 652 3998 τὸν
683 3946 788 3999 ἔσω
808 3948 1091 4019 ἄνθρωπον
1125 3951 1396 4023 λογισμῶν
1426 3956 1696 4025 πονηρῶν,

112 4037 222 4089 κᾶν
280 4038 372 4088 ἐπὶ
430 4037 524 4089 τοῦ
577 4038 813 4106 Γολγοθά
859 4036 946 4114 ᾖς,
981 4042 1084 4095 κᾶν
1131 4044 1225 4097 ἐπὶ
1251 4045 1343 4098 τοῦ
1374 4047 1532 4116 ὅρους
1592 4049 1699 4100 τῶν

126 4128 489 4191 Ἐλαιῶν,κᾶν
518 4131 621 4183 ὑπὸ
643 4132 701 4184 τὸ
735 4133 922 4203 μνῆμα
939 4135 1039 4204 τῆς
1054 4137 1418 4203 ἀναστάσεως,
1442 4142 1693 4193 τοσοῦτον

111 4221 342 4291 ἀπέχεις
370 4224 459 4274 τὸν
484 4224 714 4293 Χριστὸν
748 4226 999 4293 δέξασθαι
1032 4231 1090 4280 ὲν
1118 4231 1313 4301 ἐαυτῷ,
1333 4233 1454 4286 ὅσον
1481 4236 1530 4286 οί
1562 4236 1696 4305 μηδὲ

108 4314 213 4383 τὴν
265 4314 439 4385 ἀρχὴν
471 4316 920 4388 ὁμολογήσαντες.
970 4322 1377 4389 Συμϐούλευσον
1418 4322 1531 4389 οὖν,
1560 4328 1695 4395 άγα-

105 4405 273 4472 πητὲ,
304 4408 415 4467 τοῖς
444 4406 691 4476 ἀδελφοῖς
723 4410 979 4480 ἐκδημεῖν
1012 4412 1119 4465 ἀπὸ
1150 4414 1241 4467 τοῦ
1272 4416 1521 4485 σώματος
1556 4418 1693 4488 πρὸς

1809 3235 2019 3274 sumus.
2055 3218 2414 3273 Emolumenti
2452 3230 2630 3273 autent
2662 3220 2709 3272 id
2758 3218 3025 3273 tantulum
3057 3234 3124 3274 ex
3161 3219 3375 3274 itineris

1807 3311 2163 3366 concessione
2189 3311 2481 3366 habuimus
2501 3352 2515 3373 ,
2557 3311 2701 3380 quod
2725 3318 2806 3379 ζει
2836 3310 3125 3365 collatione
3167 3325 3371 3379 cogno-

1808 3403 2007 3469 vimus,
2046 3412 2233 3457 nostra
2264 3403 2506 3458 externis
2537 3403 2696 3474 longe
2726 3403 3003 3457 sanctiora
3025 3418 3169 3459 esse.
3217 3401 3375 3458 Unde

1802 3510 1902 3549 vos
1948 3495 2040 3565 qui
2091 3495 2296 3549 timetis
2332 3494 2655 3557 Dominum,
2692 3496 2747 3548 in
2794 3495 2993 3563 quibus
3038 3494 3176 3550 locis
3216 3496 3372 3555 esus,

1803 3602 1926 3643 eum
1992 3588 2229 3642 laudate.
2291 3587 2505 3643 Localis
2563 3589 2710 3643 enim
2769 3588 3031 3652 mutatio,
3098 3596 3158 3642 ut
3231 3586 3375 3643 Deus

1802 3681 2023 3750 pr0pior
2056 3681 2147 3743 sit,
2184 3696 2292 3735 non
2348 3680 2546 3744 cﬁicit;
2597 3680 2693 3735 sed
2757 3680 2945 3734 ubiubi
2985 3678 3176 3741 fueris,
3224 3677 3290 3732 ad
3321 3687 3373 3732 te

1803 3773 1947 3829 Deus
1978 3773 2179 3837 veniet,
2206 3772 2476 3843 siquidem
2507 3776 2701 3827 anima:
2730 3780 2836 3826 tua:
2866 3771 3229 3825 diversorium
3266 3770 3374 3823 tale

1800 3867 2130 3931 inveniatur,
2165 3875 2226 3920 ut
2270 3867 2325 3920 in
2362 3874 2416 3920 te
2460 3864 2724 3920 Dominus
2770 3863 3071 3931 inhabitet,
3114 3862 3371 3917 inambu-

1800 3961 2003 4027 letque.
2044 3960 2144 4014 Sin
2176 3959 2450 4013 hominem
2489 3958 2803 4012 interiorem
2836 3955 3109 4027 perversis
3156 3955 3369 4025 cogita-

1800 4053 2042 4107 tionibus
2070 4052 2288 4121 plenum
2312 4050 2769 4114 babeas,etiamsi
2794 4048 2847 4101 in
2878 4046 3144 4118 Golgotha
3174 4045 3365 4106 fueris,

1799 4145 2013 4201 etiamsi
2042 4146 2092 4196 in
2113 4151 2295 4197 monte
2318 4141 2621 4202 Olivarum,
2643 4141 2857 4195 etiamsi
2883 4140 2984 4195 sub
3011 4146 3365 4193 monumento

1799 4233 2241 4295 resurrectionis,
2288 4240 2499 4285 tantum
2545 4246 2574 4284 a
2607 4231 2812 4285 Christi
2847 4233 2899 4284 in
2940 4230 3183 4283 animum
3212 4237 3367 4282 tuum

1796 4328 2106 4397 receptione
2134 4327 2283 4387 abes,
2324 4334 2587 4394 quantum
2618 4324 2709 4394 qui
2746 4339 2815 4378 ne
2844 4324 2912 4378 ab
2952 4322 3108 4376 initio
3144 4322 3365 4391 quidem

1798 4420 1955 4475 tidem
1995 4417 2227 4489 professi
2256 4427 2403 4473 sunt.
2434 4416 2673 4472 Consule
2704 4430 2865 4486 ergo,
2908 4414 3137 4477 dilecte,
3176 4412 3363 4466 fratri-

103 4497 202 4550 τὸν
230 4496 456 4568 Κύριον,
508 4500 601 4552 καὶ
628 4500 701 4571 μὴ
729 4502 835 4555 άπὸ
866 4505 1259 4569 Καππαδοκίας
1287 4509 1366 4572 εἰς
1396 4510 1687 4564 Παλαιστί-

1807 4517 1921 4575 bus,
1952 4520 2013 4566 ut
2046 4528 2073 4565 a
2106 4526 2338 4582 corpore
2364 4512 2781 4581 peregrinentur
2809 4509 2875 4563 ad
2903 4507 3192 4562 Dominum
3211 4548 3226 4569 ,
3256 4522 3367 4561 non

105 4605 232 4655 νην.
284 4588 345 4640 Εί
392 4589 446 4642 δέ
474 4607 559 4653 τις
586 4592 684 4661 τὴν
710 4593 803 4646 τοῦ
847 4595 1053 4666 Κυρίου
1082 4598 1263 4669 φωνὴν
1299 4602 1560 4671 προϐάλοι
1591 4605 1688 4675 τὴν

106 4679 561 4749 παραγγείλασαν
608 4686 721 4748 τοῖς
775 4685 1061 4755 μαθηταῖς,
1109 4690 1183 4760 μὴ
1221 4690 1547 4763 χωρίζεσθαι
1580 4698 1689 4750 άπὸ

117 4770 533 4841 Ἱεροσολύμων,
584 4775 828 4845 νοησάτω
873 4779 931 4830 τὸ
960 4780 1279 4850 εἰρημένον*
1327 4786 1623 4857 ἐπειδήπερ
1653 4790 1687 4859 ἡ

104 4863 207 4916 τοῦ
260 4863 417 4930 ἁγίου
466 4866 780 4936 Πνεύματος
819 4870 978 4941 χάρις
1001 4875 1094 4925 καὶ
1121 4875 1347 4948 διανομὴ
1385 4878 1686 4933 οῦπωέπε-

106 4955 337 5025 φοίτησε
368 4960 477 5020 τοῖς
512 4960 847 5026 ἀποστόλοις,
880 4966 1207 5033 προσέταξεν
1238 4970 1461 5033 αύτοῖςό
1488 4973 1688 5044 Κύριος

103 5049 204 5100 ἐπὶ
242 5048 303 5101 τὸ
342 5050 473 5102 αὐτὸ
510 5052 713 5121 μένειν,
757 5055 859 5117 ἕως
900 5057 969 5110 ἂν
997 5060 1324 5116 ἑνδύσωνται
1362 5063 1593 5135 δύναμιν
1632 5068 1691 5133 ἐξ

103 5138 301 5206 ὕψους.
340 5140 401 5192 Εἰ
430 5142 526 5209 μὲν
558 5142 587 5193 ὃ
622 5139 689 5212 ἦν
717 5144 809 5197 ἀπ’
834 5147 1005 5218 ἀρχῆς
1038 5152 1243 5217 ἐγίνετο
1274 5156 1433 5225 μέχρι
1455 5155 1550 5207 τοῦ
1574 5156 1689 5221 νῦν,

102 5229 204 5281 τοῦ
246 5231 402 5298 ἁγίου
439 5232 755 5304 Πνεύματος
785 5239 841 5290 ἐν
862 5241 989 5293 εῖδει
1016 5246 1186 5313 πυρὸς
1215 5247 1322 5299 τῶν
1340 5251 1691 5321 χαρισμάτων

101 5323 518 5392 οίκονομοῦντος
532 5326 780 5393 ἕκαστον,
813 5330 915 5384 ἔδει
948 5334 1152 5400 πάντας
1184 5334 1322 5391 εἶναι
1345 5342 1402 5392 ἐν
1432 5341 1510 5412 τῷ
1538 5343 1686 5414 τόπῳ

103 5414 306 5481 ἐκείνῳ
335 5414 391 5468 ὲν
420 5410 512 5487 ᾧή
540 5417 768 5492 διανομὴ
792 5424 886 5475 τοῦ
917 5410 1517 5498 χαρίσματοςοὲγίνετο·
1552 5436 1600 5487 εί
1628 5410 1685 5489 δὲ

104 5501 171 5555 τὸ
201 5502 425 5573 Πνεῦμα
452 5506 586 5560 ὅπου
615 5508 758 5562 θέλει
811 5516 950 5577 πνεῖ,
980 5517 1073 5569 καὶ
1100 5518 1150 5569 oi
1192 5520 1424 5575 ἐνταῦθα
1465 5526 1685 5579 πιστεύ-

257 5770 275 5803 ¹
313 5771 435 5827 Act.
466 5777 579 5829 1.4.

1796 4623 1828 4661 e
1854 4604 2199 4675 Cappadocia
2224 4607 2276 4659 in
2306 4603 2673 4659 Palazstinam.
2705 4602 2861 4670 Quod
2904 4602 2951 4657 si
2980 4601 3107 4672 quis
3142 4602 3369 4671 objiciat

1797 4698 2013 4753 Domini
2038 4713 2226 4753 vocem
2258 4697 2544 4767 discipulis
2566 4697 2992 4766 praecipientem,
3018 4711 3084 4748 ne
3113 4694 3365 4749 discede-

1796 4800 1919 4844 rent
1959 4790 2029 4844 ab
2060 4788 2419 4858 Jerosolymis
2446 4791 2483 4845 ',
2528 4786 2792 4855 intelligat
2817 4784 2948 4855 quid
2983 4784 3191 4839 dictum
3232 4782 3365 4837 illud

1795 4882 2049 4935 voluerit.
2098 4880 2234 4935 Cum
2277 4879 2453 4932 sancti
2491 4877 2729 4946 Spiritus
2783 4878 2958 4948 gratia
2996 4884 3050 4931 et
3092 4877 3367 4945 dispersio

1796 4975 2037 5028 nondum
2092 4974 2333 5027 venisset
2394 4971 2691 5040 apostolis,
2746 4970 2914 5037 jussit
2966 4970 3047 5023 eis
3106 4968 3368 5021 Dominus

1792 5066 1980 5121 eodem
2016 5066 2070 5118 in
2110 5066 2231 5119 loco
2260 5065 2422 5117 simul
2468 5078 2710 5124 manere,
2742 5062 2917 5115 donec
2964 5060 3140 5113 induti
3179 5066 3365 5112 essent

1790 5160 1997 5213 virtute
2033 5172 2097 5212 ex
2134 5157 2263 5209 alto.
2295 5155 2365 5209 At
2396 5155 2466 5221 si,
2499 5156 2645 5225 quod
2676 5154 2831 5207 initio
2863 5153 3042 5207 ﬁebat,
3085 5158 3143 5203 ut
3185 5150 3362 5219 Spiri-

1792 5265 1880 5308 tus
1921 5260 2145 5306 sanctus
2175 5252 2317 5321 ignis
2349 5250 2529 5320 specie
2567 5248 2711 5303 dona
2749 5247 2979 5315 singulis
3026 5244 3361 5313 impertiret,

1791 5347 2079 5415 hucusque
2109 5345 2281 5405 ﬁeret,
2318 5357 2509 5397 omnes
2544 5349 2823 5411 oporteret
2858 5341 2912 5393 in
2953 5354 3019 5391 eo
3064 5337 3186 5391 loco
3232 5350 3371 5390 esse

1792 5440 1884 5493 ubi
1933 5440 2074 5493 dona
2110 5438 2569 5493 distribuerentur
2624 5453 2637 5488 :
2681 5434 2767 5488 sin
2805 5433 3047 5502 Spiritus
3098 5430 3189 5485 ubi
3244 5430 3363 5482 vult

1794 5530 1967 5599 spirat
2000 5546 2011 5581 :
2044 5529 2082 5583 ii
2121 5542 2336 5598 quoque
2369 5527 2463 5597 qui
2495 5525 2583 5580 hic
2609 5529 2759 5591 sunt,
2792 5536 2856 5577 ac
2893 5520 3157 5587 credunt,
3193 5520 3361 5592 parti-
