3834 6438
441 309 580 368 1015

436 516 804 584 grinationem
842 515 898 570 in
933 514 1271 588 Jcrosolyma
1313 529 1645 590 susceptam.

987 931 1322 990 EPISTOLA
1361 933 1446 989 111.

1679 314 1734 368 s.
1791 277 2118 368 cusoonu
2169 303 2464 362 NYSSENI

436 426 592 492 cipes
619 423 776 490 fiunt,
813 423 970 495 juxta
1000 425 1125 482 fidei
1156 426 1496 498 analogiam,
1523 444 1629 483 non
1671 429 1826 497 juxta
1861 445 2008 499 perc-

2126 439 2316 485 παντες,
2355 420 2570 492 μέτοχοι
2624 418 2862 486 γίνονται
2890 419 2984 470 τοῦ
3026 415 3388 488 χαρίσματος,
3420 410 3580 464 κατὰ
3616 409 3708 478 τὴν

2112 512 2397 580 ἀναλογίαν
2433 511 2536 580 τῆς
2565 509 2822 573 πίστεως,
2853 510 2914 563 οὺ
2937 509 3080 564 κατά
3115 509 3213 579 τὴν
3239 502 3576 576 ἀποδημίαν
3611 501 3709 572 τὴν

2113 606 2170 656 ἐν
2207 603 2468 669 Ἱεροσολύ
2475 619 2616 674 μοις.

2672 935 3016 990 ΕΠΙΣΤΟΛΗ
3044 935 3114 990 Γ⁹.

439 1089 730 1144 Commoda
764 1099 815 1165 et
847 1092 1106 1165 utilitates
1133 1093 1438 1165 spirituales
1477 1108 1542 1147 ea:
1581 1094 1887 1165 visitatione
1918 1096 2155 1150 locorum
2182 1109 2486 1152 sanctorum
2531 1095 2892 1165 provenientes
2924 1096 3162 1164 agnoscit
3197 1092 3698 1165 manumquefon-

505 1170 719 1237 questus
747 1162 811 1214 de
840 1160 1083 1237 dissidiis
1129 1162 1381 1237 Ecctesiw
1401 1161 1891 1237 Jerosolymitanar,
1926 1169 2233 1237 mysterium
2255 1160 2646 1222 incarnationis
2679 1163 2896 1217 Domini
2924 1160 3138 1232 efrponit
3171 1180 3387 1217 mouens
3435 1172 3498 1213 ιιι
3532 1160 3698 1227 ﬁrm-

511 1240 588 1283 ter
608 1230 911 1285 adhaereant
947 1234 1177 1303 antiqua:
1209 1232 1332 1302 ﬁdei
1364 1235 1560 1304 regula:
1591 1230 1632 1287 a'
1657 1233 1910 1290 Patribus
1931 1230 2025 1306 per
2052 1240 2392 1295 traditionem
2422 1247 2668 1308 acceptae.

448 1388 579 1444 Vere
608 1392 880 1464 ornatiss.
931 1403 981 1446 et
1017 1391 1328 1464 religiosiss.
1382 1394 1671 1456 sororibus,
1704 1393 2006 1448 Eustathiae

506 1471 556 1514 et
585 1462 897 1526 Ambrosias,
931 1462 1131 1517 necnon
1159 1465 1515 1517 ornatissima:
1542 1475 1592 1518 et
1625 1465 2009 1519 honestissima:

507 1530 639 1600 ﬁlia:
667 1531 968 1600 Basiliam,
991 1532 1275 1603 Gregorius
1303 1535 1530 1589 salutem
1559 1537 1614 1587 in
1643 1535 1872 1590 Domino
1905 1535 2004 1604 (i).

507 1708 851 1780 Congressus
876 1711 1171 1777 bonorum,
1194 1711 1439 1780 mihique
1466 1727 1532 1766 ex
1563 1712 1748 1766 animo
1776 1711 2008 1768 dilecto-
2039 1705 2083 1760 Β

439 1817 584 1868 rum,
615 1813 670 1859 et
695 1804 843 1860 illius
877 1805 1116 1874 ingentis
1152 1805 1513 1862 humanitatis
1541 1808 1701 1862 nobis
1727 1822 1756 1861 a
1780 1806 2011 1863 Domino

441 1895 698 1965 praesuta:
750 1906 1148 1962 monumenta,
1209 1914 1333 1969 quae
1392 1900 1558 1954 isthic
1622 1899 2010 1968 ostenduntur,

441 1986 666 2042 maximi
700 1989 882 2060 gaudii
918 1997 973 2044 et
1022 1990 1323 2060 voluptatis
1357 2000 1680 2062 argumento
1714 1992 1846 2047 mihi
1894 1991 2014 2048 fue-

442 2085 592 2131 runt.
630 2076 874 2150 Utroque
921 2080 1068 2136 enim
1117 2080 1282 2134 modo
1312 2080 1502 2136 feriari
1545 2081 1655 2138 Deo
1698 2081 1830 2152 quid
1867 2090 2015 2138 esset

442 2170 783 2236 experiebar,
830 2187 958 2226 cum
1007 2181 1064 2228 et
1108 2171 1244 2238 Dei,
1291 2173 1384 2243 qui
1432 2175 1599 2227 vitam
1643 2174 1802 2230 nobis
1839 2174 2014 2238 dedit,

443 2261 692 2332 symbola
721 2263 986 2318 salutaria
1023 2263 1310 2330 videbam,
1339 2274 1393 2321 et
1423 2266 1479 2320 in
1513 2265 1781 2335 ejusmodi
1821 2282 2015 2336 perso-

444 2365 547 2405 nas
581 2351 903 2416 incideram,
936 2354 991 2409 in
1021 2353 1180 2424 queis
1217 2354 1311 2408 illa
1345 2353 1463 2425 ipsa
1496 2355 1650 2425 signa
1682 2353 1870 2423 gratia:
1906 2353 2015 2408 Do-

444 2441 580 2497 mini
609 2443 973 2512 spiritualiter
991 2453 1076 2500 est
1100 2445 1482 2516 contemplari,
1513 2456 1575 2499 ut
1595 2445 1826 2501 credere
1852 2445 2015 2500 liceat

444 2551 568 2594 esse
596 2551 785 2593 revera
822 2538 876 2593 in
907 2539 1092 2595 animo
1128 2540 1281 2594 illius
1311 2539 1406 2610 qui
1443 2539 1612 2594 Deum
1643 2540 1700 2593 in
1739 2555 1800 2595 se
1831 2539 2012 2605 habet,

443 2624 782 2692 Bethlehem,
808 2625 1154 2699 Golgotham,
1187 2627 1478 2695 Olivetum,
1509 2627 2012 2685 Resurrectionem.

442 2713 580 2770 Nam
617 2717 710 2773 ubi
743 2721 798 2773 in
838 2720 1024 2790 aliquo
1055 2736 1154 2792 per
1181 2721 1381 2776 bonam
1428 2720 1823 2775 conscientiam
1856 2720 2016 2776 Chri-

445 2818 566 2863 stus
597 2807 766 2864 fuerit
793 2810 1144 2877 informatus,
1178 2821 1270 2868 aut
1292 2813 1492 2882 aliquis
1525 2823 1673 2868 metu
1705 2813 1894 2867 divino
1924 2828 2016 2867 ve-

444 2901 544 2956 luti
584 2902 756 2959 clavis
800 2919 998 2963 carnes
1037 2921 1167 2963 suas
1201 2906 1534 2968 conﬁxerit,
1567 2905 1844 2976 fueritque
1889 2919 2014 2960 cum

445 2992 664 3051 Christo
712 2998 867 3052 cruci
901 2996 1136 3060 afﬁxus.
1185 3005 1239 3053 et
1271 3013 1441 3070 grave
1487 3013 1681 3053 saxum
1726 2994 2016 3051 mundanae

444 3082 660 3142 fraudis
702 3085 866 3144 fuerit
910 3090 1202 3155 amolitus,
1238 3104 1615 3160 corporeoque
1663 3098 2016 3144 monumento

444 3191 725 3250 egressus,
757 3181 910 3236 velut
939 3180 996 3236 in
1033 3198 1175 3237 nova
1206 3181 1320 3236 vita
1349 3181 1635 3238 ambulare
1663 3181 1967 3237 instituerit
1999 3198 2015 3236 :

444 3270 640 3325 relicta
679 3271 787 3327 hac
821 3273 1015 3328 humili
1048 3282 1213 3344 atque
1251 3273 1404 3329 humi
1446 3283 1668 3344 repente
1702 3275 2016 3330 mortalium

445 3362 594 3429 vita,
625 3363 851 3420 sublimi
899 3365 1176 3422 desiderio
1211 3367 1267 3421 in
1313 3367 1592 3422 cmlestem
1626 3366 2016 3435 rempublicam

447 3455 782 3518 ascenderit,
831 3471 1074 3526 superna
1108 3459 1391 3528 cogitans,
1438 3459 1530 3513 ubi
1573 3469 1658 3514 est
1701 3458 1962 3514 Christus
2001 3475 2015 3509 :

447 3545 526 3598 nil
578 3545 821 3615 pondere
870 3547 1117 3617 corporis
1168 3556 1452 3617 gravatus,
1496 3549 1593 3605 sed
1642 3549 1864 3618 puriore
1911 3550 2020 3604 vita

449 3639 631 3695 factus
679 3655 711 3694 a
771 3641 954 3710 seipso
1008 3640 1200 3707 levior,
1253 3650 1314 3695 ut
1359 3657 1457 3712 per
1501 3641 1759 3696 sublimia
1798 3656 2020 3698 sursum

447 3732 763 3787 tendentem
783 3747 913 3787 caro
938 3731 1113 3802 ipsius
1136 3732 1299 3787 nubis
1323 3732 1500 3788 instar
1518 3733 1772 3787 comitari
1801 3734 1978 3788 valeat
2003 3751 2018 3787 :

449 3823 540 3878 hic
572 3839 696 3880 meo
724 3824 946 3894 quidem
988 3824 1202 3894 judicio
1245 3825 1391 3880 inter
1429 3825 1555 3882 illas
1600 3825 1832 3882 celebris
1864 3827 2025 3882 famae

448 3929 540 3972 res
582 3915 798 3971 censeri
832 3914 1015 3980 debet,
1052 3915 1108 3970 in
1153 3915 1358 3985 quibus
1402 3915 1762 3986 benignitatis
1811 3915 2024 3971 Domini

451 4006 628 4061 nostri
664 4018 794 4076 erga
822 4004 1125 4059 humanum
1160 4020 1333 4076 genus
1365 4013 1717 4059 monumenta
1745 4005 2020 4060 visuntur.

449 4094 587 4151 CLII]
620 4097 788 4166 igitur
814 4105 870 4152 et
899 4095 1155 4152 sensibus
1190 4095 1327 4151 meis
1352 4095 1472 4150 loca
1499 4106 1692 4150 sancta
1730 4097 1974 4152 intuerer
2007 4115 2022 4152 :

450 4189 695 4244 intuerer
721 4203 855 4244 vero
887 4188 992 4242 hoc
1024 4187 1260 4257 amplius
1285 4187 1453 4242 etiam
1481 4189 1536 4243 in
1566 4189 1722 4244 vobis
1751 4189 2026 4258 ejusmodi

452 4277 704 4332 locorum
732 4291 992 4348 expressa
1040 4277 1195 4346 signa
1233 4293 1247 4328 :
1292 4284 1445 4330 tanto
1483 4279 1734 4347 equidem
1782 4280 2026 4348 repletus

2119 1395 2252 1467 Taiq
2318 1395 2745 1466 κοσμιωτάταις
2802 1391 3043 1467 candide
3065 1388 3696 1467 _xalA€-bJ-a6£ard_targ

2183 1459 2470 1537 ἀδελφαῖς
2492 1509 2506 1531 ,
2562 1459 2866 1530 Εὐστάθίῃ
2910 1459 3010 1537 καὶ
3065 1463 3384 1537 ’ᾼμόροᾳίᾳ
3417 1500 3433 1520 .
3483 1459 3582 1537 in}?
3625 1459 3692 1523 τᾶ

2185 1532 2557 1606 κοσμιωτάτῃ
2592 1537 2689 1590 καὶ
2710 1533 3046 1606 σεμνοτάτη
3073 1533 3310 1601 θυγατρί
3338 1532 3695 1594 Βασιλὶσσῃ

2185 1604 2509 1676 Γρηγόριος
2527 1608 2598 1661 ἐν
2632 1607 2826 1676 Κῳίῳ
2851 1604 3098 1674 χαίρειν.

2193 1721 2258 1774 Ἦ
2281 1721 2380 1792 μὲν
2413 1720 2520 1774 τῶν
2546 1719 2764 1790 ἀγαθῶν
2783 1717 2877 1771 καὶ
2906 1714 3257 1786 καταθυμίων
3285 1711 3574 1781 συντυρχία,
3608 1712 3699 1763 καὶ

2110 1811 2180 1866 τὰ
2199 1813 2552 1884 γνωρίσματα
2573 1813 2671 1882 τῆς
2689 1810 2929 1880 μεγάλης
2943 1809 3037 1861 τοῦ
3063 1807 3332 1860 Δεσπότου
3365 1805 3518 1874 ὑπὲρ
3541 1805 3694 1874 ἡμῶν

2113 1904 2541 1977 φιλανθρωπίας,
2591 1903 2661 1956 τὰ
2702 1904 2760 1954 ὲν
2804 1902 2918 1964 τοῖς
2963 1899 3148 1962 τόποις
3198 1897 3555 1965 δεικνύμενα,
3604 1895 3697 1960 τῆς

2116 1996 2377 2065 μεγίστης
2405 1991 2618 2062 ἐγένετό
2652 2008 2741 2063 μοι
2768 1991 2944 2062 χαρᾶς
2974 2005 3034 2041 τε
3065 1988 3158 2040 καὶ
3181 1985 3532 2056 εὐφροσύνης
3569 1985 3698 2036 ὑπὸ·

2114 2087 2281 2151 θεσις.
2336 2085 2683 2155 Ἀμφοτέρων
2733 2084 2841 2153 γὰρ
2878 2079 3117 2152 ἐδηλώθη
3167 2096 3257 2149 μοι
3307 2080 3340 2148 ἡ
3388 2077 3538 2129 κατὰ
3571 2076 3697 2127 Θεὸν

2113 2181 2298 2252 ἑορτὴ,
2353 2181 2443 2234 διά
2491 2196 2550 2232 τε
2601 2178 2696 2232 τοῦ
2741 2179 2870 2231 ίδεῖν
2909 2176 2978 2230 τὰ
3010 2177 3251 2246 σωτήρια
3301 2172 3557 2242 σύμϐολα
3608 2170 3700 2223 τού

2114 2273 2544 2344 ζωοποιησαντος
2593 2272 2741 2343 ἡμᾶς
2773 2270 2932 2333 Θεοῦ,
2977 2270 3070 2323 καὶ
3106 2268 3193 2321 διά
3227 2266 3320 2320 τοῦ
3345 2265 3560 2335 ψυχαῖς
3591 2281 3702 2315 συν-

2112 2363 2315 2432 τυχεῖν,
2360 2363 2418 2416 ὲν
2461 2358 2550 2424 αἷς
2577 2361 2646 2414 τὰ
2687 2359 2909 2412 τοιαῦτα
2945 2358 3044 2427 τῆς
3087 2356 3182 2410 τοῦ
3227 2356 3438 2425 Κυρίου
3481 2355 3702 2424 χάριτος

2116 2453 2317 2521 σημεῖα
2344 2447 2728 2517 πνευματικῶς
2761 2447 3061 2518 θεωρεῖται,
3103 2443 3243 2498 ὥστε
3283 2443 3576 2495 πιστεύειν
3622 2442 3697 2493 ὅτι

2114 2542 2332 2612 ἀληθῶς
2375 2544 2433 2594 ὲν
2485 2544 2552 2611 τῇ
2607 2539 2804 2614 καρδίᾳ
2847 2540 2962 2591 ἐστὶ
2986 2537 3079 2590 τοῦ
3119 2537 3210 2590 τὸν
3238 2535 3371 2589 Θεὸν
3401 2535 3626 2604 ἔχοντος
3665 2533 3700 2601 ἡ

2115 2634 2379 2707 Βηθλεὲμ,
2411 2636 2440 2688 ό
2477 2634 2516 2686 Γ
2518 2631 2761 2701 ολγοθάς,
2789 2633 2818 2684 ό
2867 2628 3112 2693 Ἐλαιὼν,
3141 2629 3176 2698 ὴ
3215 2625 3698 2687 Ἀνάστασις.’οτε

2115 2725 2223 2796 γὰρ
2253 2724 2343 2778 διὰ
2363 2723 2459 2794 τῆς
2490 2722 2699 2792 ἀγαθῆς
2754 2719 3110 2789 συνειδήσεως
3153 2719 3184 2770 ό
3226 2715 3462 2788 Χριστὸς
3488 2716 3700 2784 ἔμμορ-

2116 2815 2291 2887 φωθῇ,
2353 2816 2446 2870 καὶ
2503 2813 2827 2885 καθηλώσας
2873 2811 2951 2882 τῷ
2987 2811 3114 2881 θείῳ
3166 2809 3316 2879 φόϐῳ
3350 2807 3454 2871 τὰς
3492 2808 3698 2876 σάρκας

2116 2907 2302 2969 αὐτοῦ,
2336 2910 2430 2960 καὶ
2459 2905 2858 2977 συσταυρωθεὶς
2883 2902 2960 2973 τῷ
2984 2900 3223 2973 Χριστῷ,
3245 2899 3338 2953 καὶ
3355 2897 3700 2959 ἀποκυλίσας

2119 3002 2212 3070 ἀφ’
2262 2999 2456 3054 ἑαυτοῦ
2502 3000 2593 3053 τὸν
2629 2998 2796 3069 βαρὺν
2837 2996 2936 3067 τῆς
2973 2993 3232 3064 βιωτικῆς
3273 2990 3497 3059 ἀπάτης
3532 2987 3698 3049 λίθον,

2119 3091 2213 3145 καὶ
2252 3090 2479 3158 ἐξελθὼν
2517 3088 2610 3143 τοῦ
2646 3085 2955 3159 σωματικοῦ
2991 3083 3279 3156 μνημείου,
3307 3081 3384 3144 ὡς
3422 3082 3484 3132 ὲν
3523 3077 3702 3131 καινό-

2117 3198 2241 3252 τητι
2261 3180 2407 3251 ζωῆς
2437 3197 2502 3233 πε
2512 3178 2822 3250 ριεπὰτησε,
2863 3177 2958 3230 καὶ
2979 3178 3006 3229 ό
3037 3171 3350 3228 καταλιπὼν
3382 3171 3487 3241 τὴν
3519 3169 3703 3238 κοίλην

2119 3274 2216 3328 καὶ
2246 3272 2583 3344 χαμαίζηλον
2618 3271 2726 3324 τῶν
2765 3269 3065 3341 ἀνθρώπων
3096 3265 3262 3336 ζωὴν,
3285 3263 3502 3325 ἀναϐὰς
3535 3261 3593 3314 δὲ
3622 3260 3708 3313 διὰ

2119 3366 2219 3438 τῆς
2247 3365 2454 3436 ὑψηλῆς
2486 3364 2776 3435 ἐπιθυμίας
2804 3365 2882 3426 είς
2901 3362 2998 3433 τὴν
3035 3358 3354 3428 ἐπουράνιον
3387 3354 3700 3414 πολιτείαν,

2121 3458 2218 3511 καὶ
2243 3457 2313 3510 τὰ
2340 3456 2453 3510 ἀνω
2496 3455 2729 3527 φρονῶν,
2785 3448 2846 3508 οὗ
2880 3456 2908 3507 ὀ
2946 3450 3200 3524 Χριστὸς,
3227 3449 3324 3502 καὶ
3362 3446 3440 3517 μὴ
3472 3444 3702 3515 βαρυνό-

2126 3566 2283 3620 μενος
2313 3547 2393 3620 τῷ
2412 3547 2567 3618 ἄχθει
2602 3547 2696 3601 τοῦ
2747 3546 3016 3616 σώματος,
3049 3543 3162 3597 ἀλλ’
3203 3537 3580 3608 ὲξελαφρύνας
3621 3536 3706 3588 διὰ

2124 3641 2511 3714 καθαρωτέρας
2560 3639 2727 3710 ζωῆς,
2758 3638 2897 3691 ὥστε
2947 3635 3096 3706 αὐτῷ
3126 3633 3352 3703 νεφέλης
3381 3630 3545 3699 δίκην
3569 3647 3701 3697 συμ·

2127 3732 2558 3802 μετεωροπορείν
2603 3729 2696 3781 ἐπὶ
2721 3729 2791 3780 τὰ
2820 3728 2931 3781 ἀνω
2961 3725 3060 3795 τὴν
3094 3724 3298 3794 σάρκα·
3346 3714 3529 3782 οὗτος,
3565 3715 3702 3770 κατὰ

2125 3841 2186 3894 γε
2243 3823 2340 3894 τὴν
2395 3822 2533 3894 ἐμὴν
2584 3821 2783 3890 κρίσιν,
2829 3817 3052 3872 ἐκείνων
3097 3815 3213 3868 ἐστὶ
3239 3812 3345 3867 τῶν
3378 3826 3700 3876 κατωνομα-

2127 3916 2361 3987 σμένων,
2405 3915 2463 3969 ὲν
2485 3901 2569 3978 οἷς
2616 3912 2682 3966 τὰ
2732 3912 3096 3982 ὑπομνήματα
3145 3907 3244 3976 τῆς
3291 3903 3384 3957 τοῦ
3430 3901 3700 3955 Δεσπάτου

2126 4011 2266 4082 ὑπὲρ
2317 4007 2476 4080 ἡμῶν
2532 4004 2940 4077 φιλανθρωπίας
2984 4003 3194 4073 ὁρᾶται.
3254 3996 3473 4066 Ἐπειδὴ
3525 3995 3700 4048 τοίνυν

2127 4097 2266 4153 εἶδον
2327 4101 2423 4169 μὲν
2474 4098 2569 4152 καὶ
2631 4093 2904 4164 αἰσθητῶς
2943 4094 3068 4156 τοὺς
3098 4091 3283 4159 ἁγίους
3305 4089 3532 4150 τόπους,
3568 4083 3701 4138 εἶδον

2125 4192 2184 4245 δὲ
2207 4191 2302 4244 καὶ
2332 4190 2390 4242 ὲν
2418 4190 2545 4260 ὑμῖν
2560 4187 2666 4240 τῶν
2691 4184 2946 4238 τοιούτων
2961 4182 3139 4235 τόπων
3162 4181 3359 4249 ἐναργῆ
3378 4178 3450 4230 τὰ
3475 4178 3698 4245 σημεῖα,

2127 4282 2392 4352 τοσαύτης
2440 4277 2759 4351 ὲπληρὼθην
2791 4276 2985 4346 χαρᾶς,
3019 4272 3157 4326 ὥστε
3203 4271 3343 4340 ὑπὲρ
3378 4269 3543 4336 λόγον
3569 4263 3699 4320 εἶναι

453 4385 573 4424 sum
604 4369 840 4439 gaudio,
879 4374 942 4421 ut
988 4366 1124 4421 illud
1174 4381 1434 4424 enarrare
1477 4369 1627 4423 nulla
1674 4370 1756 4426 vis
1807 4372 2022 4427 dicendi

2128 4374 2222 4430 τοῦ
2256 4371 2461 4442 ἀγαθοῦ
2503 4371 2602 4442 τὴν
2655 4369 2926 4440 διήγησιν.
2972 4363 3109 4417 Ἀλλ’
3157 4360 3345 4430 ἐπειδὴ
3387 4359 3571 4412 ἔοικεν
3617 4358 3700 4409 ἀν-

452 4472 637 4532 queat.
673 4460 779 4516 Sed
811 4459 1029 4514 ditiicile
1051 4467 1157 4523 est,
1185 4475 1255 4514 ne
1286 4459 1464 4514 dicam
1496 4461 1611 4516 fieri
1636 4465 1860 4518 omnino
1881 4463 2022 4518 haud

2127 4471 2344 4538 θρωπον
2375 4465 2502 4518 ὂντα
2533 4461 2788 4516 δύσκολον
2813 4455 2971 4522 εἶναι,
3001 4458 3088 4510 ἵνα
3127 4455 3201 4526 μὴ
3232 4456 3368 4508 είπω
3394 4453 3479 4505 ὃτι
3509 4450 3699 4504 ἀδύνα-

3773 63 3804 406 l

454 4568 638 4625 posse,
667 4560 724 4606 ut
746 4553 912 4608 homo
940 4560 1104 4607 natus
1127 4553 1274 4607 bono
1299 4554 1485 4623 aliquo
1515 4553 1751 4618 fruatur,
1775 4557 1864 4611 cui
1892 4557 2022 4610 nihil

2126 4576 2236 4626 τον,
2285 4556 2484 4628 ἀμιγὲς
2536 4553 2632 4608 τοῦ
2669 4552 2838 4608 κακοῦ
2871 4551 2932 4605 τὸ
2971 4548 3170 4619 ἀγαθὸν
3211 4545 3592 4618 καρποῦσθαι·
3623 4544 3702 4597 διὰ

454 4650 582 4703 mali
622 4649 695 4705 sit
739 4647 1076 4704 admistum:
1125 4657 1416 4719 pr0pterea
1465 4647 1599 4701 mihi
1640 4662 1860 4716 quoque
1903 4661 2022 4700 cum

2126 4649 2282 4704 τοῦτό
2317 4665 2409 4718 μοι
2455 4649 2522 4718 τῇ
2565 4645 2749 4714 γεύσει
2779 4643 2886 4698 τῶν
2932 4641 3176 4711 γλυκέων
3217 4638 3700 4708 συγκατεμίχθητι

455 4741 637 4796 dulcia
671 4751 984 4812 gustarem,
1025 4741 1203 4796 simul
1225 4751 1281 4796 et
1319 4741 1538 4795 illorum
1571 4740 1782 4810 aliquid
1813 4747 1898 4794 est
1927 4739 2022 4792 mi-

2126 4739 2222 4793 xal.
2247 4737 2354 4790 τῶν
2379 4736 2773 4807 πικραινόντων
2788 4734 2888 4802 τὴν
2914 4731 3163 4801 αἴσθησιν
3186 4744 3199 4757 ·
3233 4728 3316 4796 ἐφ’
3338 4720 3419 4788 οἷς
3451 4727 3596 4795 μετά
3614 4727 3701 4793 τὴν

457 4842 628 4899 stum,
658 4849 780 4904 qua:
809 4849 1030 4890 sensum
1066 4848 1315 4888 amarore
1346 4831 1591 4887 afficiunt
1611 4873 1627 4899 ,
1655 4832 1726 4886 ob
1757 4847 1880 4902 quae
1908 4838 2022 4900 post

2131 4828 2340 4898 ἀγαθὴν
2363 4826 2470 4879 τῶν
2511 4823 2909 4894 εύφραινόντων
2937 4819 3256 4878 ἀπόλαυσιν,
3300 4815 3466 4868 πάλιν
3495 4814 3597 4865 ἐπὶ
3615 4816 3703 4881 τὴν

457 4940 682 4983 suavem
716 4940 901 4981 rerum
952 4927 1198 4981 laetarum
1234 4927 1672 4998 perceptionem,
1704 4935 1938 4981 mmstus
1973 4939 2022 4979 at

2133 4919 2364 4989 πατρίδα
2398 4913 2802 4986 σκυθρωπάζων
2817 4911 3177 4983 ἐπορευόμην,
3206 4905 3559 4976 λογιζόμενος
3581 4945 3598 4968 ,
3632 4906 3704 4957 ὅτι

456 5015 637 5071 tristis
665 5015 890 5070 domum
927 5017 1239 5071 revertebar
1283 5036 1295 5071 :
1330 4997 1593 5088 reputans
1631 5017 1775 5085 apud
1807 5032 1914 5078 uie,
1942 5031 2022 5072 ve-

2131 5004 2480 5083 ἀληθὴςότοῦ
2511 5006 2715 5079 Κυρίου
2742 5004 2898 5071 λόγος
2923 5005 2950 5056 ὁ
2969 4999 3268 5053 εἰπὼνὸ).ον
3291 4997 3384 5050 τὸν
3416 4997 3626 5065 κόσμον
3654 4997 3703 5046 ὲν

457 5124 583 5163 rum
617 5123 738 5164 esse
763 5109 910 5178 quod
938 5107 1201 5166 Dominus
1229 5110 1391 5173 dixit,
1422 5108 1685 5164 mundum
1715 5109 2035 5163 universum

462 5201 518 5255 in
553 5200 700 5254 malo
724 5199 926 5254 cubare
954 5200 970 5230 ¹
1005 5215 1018 5251 :
1046 5201 1121 5254 ita
1159 5209 1221 5256 ut
1242 5218 1370 5272 pars
1400 5201 1547 5255 nulla
1574 5200 1726 5255 orbis
1758 5207 2036 5255 terrarum

462 5289 746 5361 nequioris
771 5290 920 5346 illius
943 5291 1214 5359 partionis
1237 5293 1310 5348 sit
1333 5292 1616 5346 immunis.
1643 5290 1777 5344 Nam
1805 5291 1850 5344 si
1876 5291 2033 5346 locus

461 5384 581 5453 ipse
633 5381 728 5452 qui
781 5391 1036 5436 sanctum
1078 5384 1371 5454 vestigium
1412 5399 1554 5438 vera:
1601 5383 1727 5437 vita:
1768 5383 2030 5451 suscepit,

462 5487 638 5543 purus
669 5488 700 5526 a
747 5474 906 5530 malis
946 5474 1198 5531 sentibus
1232 5493 1340 5530 non
1375 5485 1496 5538 est,
1547 5475 1678 5545 quid
1713 5475 1783 5531 de
1816 5476 2033 5530 caeteris

462 5565 677 5634 opinari
731 5563 1013 5631 debemus,
1059 5566 1153 5636 qui
1202 5568 1318 5621 sola
1357 5567 1636 5621 auditione
1680 5575 1735 5620 et
1774 5568 2036 5636 praedica-

540 5674 559 5705 ⁸
593 5669 614 5725 I
646 5671 804 5728 Joan.
839 5691 901 5738 ν,
939 5675 1024 5728 19.

540 5765 622 5839 (.1)
655 5767 828 5822 Isaac.
859 5766 1188 5823 Casaubono
1220 5765 1539 5834 interprete.
1575 5797 1636 5807 «-
1672 5765 1769 5822 Ed.
1813 5765 1966 5830 1658,
2010 5763 2094 5833 111,

3803 903 3812 1065 1

3801 1099 3812 1212 l

3801 1225 3812 1340 Ἰ

3809 1477 3811 1484 ‹

3807 1495 3812 1646 ι

2130 5105 2210 5175 τῷ
2237 5101 2460 5174 πονηρῷ
2491 5099 2740 5154 κεῖσθαι·
2762 5097 2835 5160 ὡς
2871 5096 3034 5167 μηδὲν
3054 5094 3154 5162 τῆς
3186 5091 3513 5162 οἰκουμένης
3548 5091 3704 5160 μέρος
3809 5099 3811 5115 ³

2133 5196 2414 5265 ἐλεύθερον
2440 5187 2582 5245 εἶναι
2606 5191 2704 5260 τῆς
2732 5188 2923 5260 μοίρας
2949 5185 3044 5239 τοῦ
3072 5185 3333 5255 χείρονος.
3374 5182 3437 5234 EE
3467 5180 3579 5252 γὰρ
3605 5183 3634 5233 ὀ
3652 5181 3703 5231 τὸ

2132 5289 2284 5357 ἅγιον
2307 5289 2404 5358 τῆς
2432 5285 2599 5345 ὅντως
2628 5282 2771 5352 ζωῆς
2819 5281 2960 5350 ἴχνος
2997 5275 3388 5344 ὑποδεξάμενος
3411 5272 3582 5336 τόπος
3615 5273 3700 5341 τῆς

2134 5383 2375 5452 πονηρᾶς
2389 5377 2630 5445 ἀκάνθης
2655 5375 2718 5428 οὐ
2746 5370 3060 5443 καθαρεύει,
3081 5371 3132 5423 τί
3154 5369 3258 5440 χρὴ
3298 5366 3426 5438 περὶ
3460 5365 3571 5418 τῶν
3599 5365 3698 5417 λοι-

2135 5472 2251 5525 πῶν
2285 5471 2486 5524 ἐννοεῖν
2515 5466 2716 5528 τόπων,
2740 5460 2821 5527 οἷς
2867 5464 2900 5533 ἡ
2933 5460 3029 5514 τοῦ
3059 5457 3264 5526 ἀγαθοῦ
3295 5456 3558 5528 μετουσία
3581 5471 3697 5508 κατ-

2135 5564 2349 5634 εσπάρη
2380 5561 2468 5615 διὰ
2508 5559 2670 5630 ψιλῆς
2707 5556 2875 5626 ἀκοῆς
2912 5555 3002 5606 καὶ
3041 5551 3413 5623 κηρύγματος;
3444 5544 3619 5599 ταῦτα
3649 5544 3695 5597 δὲ

2136 5765 2262 5822 655.
