  <div class='ocr_page' id='page_1' title='image "/cluster/home/n/w/nwhite01/storage/ocr_20150623/46/hvd.32044014713994/514.png"; bbox 0 0 3834 6428; ppageno 0'>
   <div class='ocr_carea' id='block_1_1' title="bbox 108 350 263 403">
    <p class='ocr_par' dir='ltr' id='par_1_1' title="bbox 108 350 263 403">
     <span class='ocr_line' id='line_1_1' title="bbox 108 350 263 403; baseline -0.006 0"><span class='ocrx_word' id='word_1_1' title='bbox 108 350 263 403; x_wconf 70' lang='lat' dir='ltr'><strong>in”</strong></span> 
     </span>
    </p>
   </div>
   <div class='ocr_carea' id='block_1_2' title="bbox 101 561 1699 637">
    <p class='ocr_par' dir='ltr' id='par_1_2' title="bbox 101 561 1699 637">
     <span class='ocr_line' id='line_1_2' title="bbox 101 561 1699 637; baseline 0.003 -23"><span class='ocrx_word' id='word_1_2' title='bbox 101 562 206 615; x_wconf 73' lang='grc' dir='ltr'><strong>διὰ</strong></span> <span class='ocrx_word' id='word_1_3' title='bbox 244 563 356 615; x_wconf 85' lang='grc' dir='ltr'>τῶν</span> <span class='ocrx_word' id='word_1_4' title='bbox 381 561 553 630; x_wconf 84' lang='grc' dir='ltr'>λόγων</span> <span class='ocrx_word' id='word_1_5' title='bbox 612 564 941 628; x_wconf 79' lang='grc' dir='ltr'>ἐκτίθεσθαι,</span> <span class='ocrx_word' id='word_1_6' title='bbox 991 565 1167 617; x_wconf 80' lang='grc' dir='ltr'>αὐτῶν</span> <span class='ocrx_word' id='word_1_7' title='bbox 1218 566 1326 618; x_wconf 84' lang='grc' dir='ltr'>τῶν</span> <span class='ocrx_word' id='word_1_8' title='bbox 1363 566 1699 637; x_wconf 78' lang='grc' dir='ltr'>πραγμάτων</span> 
     </span>
    </p>
   </div>
   <div class='ocr_carea' id='block_1_3' title="bbox 104 654 1703 728">
    <p class='ocr_par' dir='ltr' id='par_1_3' title="bbox 104 654 1703 728">
     <span class='ocr_line' id='line_1_3' title="bbox 104 654 1703 728; baseline 0.004 -22"><span class='ocrx_word' id='word_1_9' title='bbox 104 654 307 724; x_wconf 75' lang='grc' dir='ltr'>πάσης</span> <span class='ocrx_word' id='word_1_10' title='bbox 340 655 526 724; x_wconf 83' lang='grc' dir='ltr'><strong>φωνῆς</strong></span> <span class='ocrx_word' id='word_1_11' title='bbox 565 656 844 727; x_wconf 83' lang='grc' dir='ltr'><strong>γνωρίμου</strong></span> <span class='ocrx_word' id='word_1_12' title='bbox 876 659 1239 728; x_wconf 85' lang='grc' dir='ltr'><strong>γεγωνότερον</strong></span> <span class='ocrx_word' id='word_1_13' title='bbox 1270 659 1608 713; x_wconf 76' lang='grc' dir='ltr'>διαϐοώντων</span> <span class='ocrx_word' id='word_1_14' title='bbox 1634 661 1703 713; x_wconf 76' lang='grc' dir='ltr'><strong>τὰ</strong></span> 
     </span>
    </p>
   </div>
   <div class='ocr_carea' id='block_1_4' title="bbox 105 746 1701 822">
    <p class='ocr_par' dir='ltr' id='par_1_4' title="bbox 105 746 1701 822">
     <span class='ocr_line' id='line_1_4' title="bbox 105 746 1701 822; baseline 0.007 -28"><span class='ocrx_word' id='word_1_15' title='bbox 105 746 362 817; x_wconf 83' lang='grc' dir='ltr'>λυπηρά.</span> <span class='ocrx_word' id='word_1_16' title='bbox 395 746 538 800; x_wconf 92' lang='grc' dir='ltr'>Μίαν</span> <span class='ocrx_word' id='word_1_17' title='bbox 561 747 761 819; x_wconf 76' lang='grc' dir='ltr'>ἔχθραν</span> <span class='ocrx_word' id='word_1_18' title='bbox 788 749 1173 820; x_wconf 77' lang='grc' dir='ltr'><strong>ἐνομοθέτησεν</strong></span> <span class='ocrx_word' id='word_1_19' title='bbox 1209 752 1338 821; x_wconf 81' lang='grc' dir='ltr'>ἡμῖν</span> <span class='ocrx_word' id='word_1_20' title='bbox 1368 754 1397 803; x_wconf 99' lang='lat'><strong>6</strong></span> <span class='ocrx_word' id='word_1_21' title='bbox 1420 752 1517 822; x_wconf 83' lang='grc' dir='ltr'>τῆς</span> <span class='ocrx_word' id='word_1_22' title='bbox 1556 750 1701 822; x_wconf 79' lang='grc' dir='ltr'>ζωῆς</span> 
     </span>
    </p>
   </div>
   <div class='ocr_carea' id='block_1_5' title="bbox 108 838 1699 913">
    <p class='ocr_par' dir='ltr' id='par_1_5' title="bbox 108 838 1699 913">
     <span class='ocr_line' id='line_1_5' title="bbox 108 838 1699 913; baseline 0.004 -24"><span class='ocrx_word' id='word_1_23' title='bbox 108 838 281 908; x_wconf 68' lang='grc' dir='ltr'>ἡμῶν</span> <span class='ocrx_word' id='word_1_24' title='bbox 315 839 634 911; x_wconf 76' lang='grc' dir='ltr'>νομοθέτης,</span> <span class='ocrx_word' id='word_1_25' title='bbox 659 840 756 911; x_wconf 84' lang='grc' dir='ltr'>τὴν</span> <span class='ocrx_word' id='word_1_26' title='bbox 786 840 921 909; x_wconf 74' lang='grc' dir='ltr'>πρὸς</span> <span class='ocrx_word' id='word_1_27' title='bbox 951 842 1043 894; x_wconf 79' lang='grc' dir='ltr'><strong>τὸν</strong></span> <span class='ocrx_word' id='word_1_28' title='bbox 1067 842 1187 911; x_wconf 77' lang='grc' dir='ltr'>ὅφιν</span> <span class='ocrx_word' id='word_1_29' title='bbox 1222 842 1363 910; x_wconf 84' lang='grc' dir='ltr'>λέγω</span> <span class='ocrx_word' id='word_1_30' title='bbox 1391 858 1403 871; x_wconf 76' lang='grc'><em>’</em></span> <span class='ocrx_word' id='word_1_31' title='bbox 1438 842 1574 913; x_wconf 87' lang='grc' dir='ltr'>πρὸς</span> <span class='ocrx_word' id='word_1_32' title='bbox 1608 844 1699 895; x_wconf 72' lang='grc' dir='ltr'><strong>οὐ·</strong></span> 
     </span>
    </p>
   </div>
   <div class='ocr_carea' id='block_1_6' title="bbox 103 929 1703 1006">
    <p class='ocr_par' dir='ltr' id='par_1_6' title="bbox 103 929 1703 1006">
     <span class='ocr_line' id='line_1_6' title="bbox 103 929 1703 1006; baseline 0.004 -24"><span class='ocrx_word' id='word_1_33' title='bbox 103 929 207 983; x_wconf 78' lang='grc' dir='ltr'>ὁὲν</span> <span class='ocrx_word' id='word_1_34' title='bbox 238 931 369 986; x_wconf 75' lang='grc' dir='ltr'>ἄλλο</span> <span class='ocrx_word' id='word_1_35' title='bbox 390 931 486 1003; x_wconf 84' lang='grc' dir='ltr'>τὴν</span> <span class='ocrx_word' id='word_1_36' title='bbox 508 932 599 985; x_wconf 91' lang='grc' dir='ltr'><strong>τοῦ</strong></span> <span class='ocrx_word' id='word_1_37' title='bbox 637 935 812 1001; x_wconf 85' lang='grc' dir='ltr'><strong>μισεῖν</strong></span> <span class='ocrx_word' id='word_1_38' title='bbox 840 933 1066 1004; x_wconf 79' lang='grc' dir='ltr'>δύναμιν</span> <span class='ocrx_word' id='word_1_39' title='bbox 1097 935 1433 1006; x_wconf 78' lang='grc' dir='ltr'><strong>ἐνεργεῖσθαι</strong></span> <span class='ocrx_word' id='word_1_40' title='bbox 1465 937 1703 1006; x_wconf 83' lang='grc' dir='ltr'>προστά-</span> 
     </span>
    </p>
   </div>
   <div class='ocr_carea' id='block_1_7' title="bbox 106 1020 1703 1095">
    <p class='ocr_par' dir='ltr' id='par_1_7' title="bbox 106 1020 1703 1095">
     <span class='ocr_line' id='line_1_7' title="bbox 106 1020 1703 1095; baseline 0.001 -20"><span class='ocrx_word' id='word_1_41' title='bbox 106 1020 239 1086; x_wconf 83' lang='grc' dir='ltr'>ξας,</span> <span class='ocrx_word' id='word_1_42' title='bbox 271 1026 322 1076; x_wconf 85' lang='grc' dir='ltr'><strong>εί</strong></span> <span class='ocrx_word' id='word_1_43' title='bbox 351 1023 424 1095; x_wconf 80' lang='grc' dir='ltr'>μὴ</span> <span class='ocrx_word' id='word_1_44' title='bbox 451 1024 587 1094; x_wconf 83' lang='grc' dir='ltr'>πρὸς</span> <span class='ocrx_word' id='word_1_45' title='bbox 618 1025 716 1094; x_wconf 81' lang='grc' dir='ltr'>τὴν</span> <span class='ocrx_word' id='word_1_46' title='bbox 736 1024 1081 1095; x_wconf 81' lang='grc' dir='ltr'>ἀποστροφὴν</span> <span class='ocrx_word' id='word_1_47' title='bbox 1099 1026 1197 1095; x_wconf 83' lang='grc' dir='ltr'>τῆς</span> <span class='ocrx_word' id='word_1_48' title='bbox 1221 1026 1703 1095; x_wconf 80' lang='grc' dir='ltr'>κακίας.Ἕχθραν</span> 
     </span>
    </p>
   </div>
   <div class='ocr_carea' id='block_1_8' title="bbox 105 1115 1704 1186">
    <p class='ocr_par' dir='ltr' id='par_1_8' title="bbox 105 1115 1704 1186">
     <span class='ocr_line' id='line_1_8' title="bbox 105 1115 1704 1186; baseline 0.001 -19"><span class='ocrx_word' id='word_1_49' title='bbox 105 1116 230 1186; x_wconf 80' lang='grc' dir='ltr'>γὰρ</span> <span class='ocrx_word' id='word_1_50' title='bbox 257 1115 447 1181; x_wconf 75' lang='grc' dir='ltr'>θήσω,</span> <span class='ocrx_word' id='word_1_51' title='bbox 492 1115 677 1185; x_wconf 71' lang='grc' dir='ltr'>φησὶν,</span> <span class='ocrx_word' id='word_1_52' title='bbox 705 1115 821 1169; x_wconf 74' lang='grc' dir='ltr'><strong>ἀνὰ</strong></span> <span class='ocrx_word' id='word_1_53' title='bbox 848 1115 1043 1183; x_wconf 75' lang='grc' dir='ltr'>μέσον</span> <span class='ocrx_word' id='word_1_54' title='bbox 1068 1116 1205 1180; x_wconf 86' lang='grc' dir='ltr'>σοῦ,</span> <span class='ocrx_word' id='word_1_55' title='bbox 1244 1117 1344 1170; x_wconf 77' lang='grc' dir='ltr'><strong>καί</strong></span> <span class='ocrx_word' id='word_1_56' title='bbox 1370 1117 1487 1171; x_wconf 80' lang='grc' dir='ltr'><strong>ἀνὰ</strong></span> <span class='ocrx_word' id='word_1_57' title='bbox 1508 1117 1704 1185; x_wconf 75' lang='grc' dir='ltr'>μέσον</span> 
     </span>
    </p>
   </div>
   <div class='ocr_carea' id='block_1_9' title="bbox 101 1206 1699 1279">
    <p class='ocr_par' dir='ltr' id='par_1_9' title="bbox 101 1206 1699 1279">
     <span class='ocr_line' id='line_1_9' title="bbox 101 1206 1699 1279; baseline 0.002 -21"><span class='ocrx_word' id='word_1_58' title='bbox 101 1207 377 1260; x_wconf 79' lang='grc' dir='ltr'>ἐκείνου.</span> <span class='ocrx_word' id='word_1_59' title='bbox 428 1206 645 1276; x_wconf 78' lang='grc' dir='ltr'><strong>Ἐπειδὴ</strong></span> <span class='ocrx_word' id='word_1_60' title='bbox 706 1206 921 1276; x_wconf 85' lang='grc' dir='ltr'><strong>ποικίλη</strong></span> <span class='ocrx_word' id='word_1_61' title='bbox 957 1224 1039 1271; x_wconf 88' lang='grc' dir='ltr'><strong>τις</strong></span> <span class='ocrx_word' id='word_1_62' title='bbox 1065 1207 1159 1259; x_wconf 77' lang='grc' dir='ltr'>καὶ</span> <span class='ocrx_word' id='word_1_63' title='bbox 1184 1208 1464 1279; x_wconf 84' lang='grc' dir='ltr'>πολυειδής</span> <span class='ocrx_word' id='word_1_64' title='bbox 1495 1210 1639 1261; x_wconf 76' lang='grc' dir='ltr'>ἐστιν</span> <span class='ocrx_word' id='word_1_65' title='bbox 1666 1210 1699 1279; x_wconf 81' lang='grc' dir='ltr'>ἡ</span> 
     </span>
    </p>
   </div>
   <div class='ocr_carea' id='block_1_10' title="bbox 104 1296 1700 1369">
    <p class='ocr_par' dir='ltr' id='par_1_10' title="bbox 104 1296 1700 1369">
     <span class='ocr_line' id='line_1_10' title="bbox 104 1296 1700 1369; baseline 0.001 -20"><span class='ocrx_word' id='word_1_66' title='bbox 104 1298 308 1361; x_wconf 83' lang='grc' dir='ltr'><strong>κακία,</strong></span> <span class='ocrx_word' id='word_1_67' title='bbox 333 1298 420 1351; x_wconf 80' lang='grc' dir='ltr'><strong>διὰ</strong></span> <span class='ocrx_word' id='word_1_68' title='bbox 455 1296 548 1349; x_wconf 89' lang='grc' dir='ltr'><strong>τοῦ</strong></span> <span class='ocrx_word' id='word_1_69' title='bbox 586 1297 760 1365; x_wconf 67' lang='grc' dir='ltr'>ὄφεως</span> <span class='ocrx_word' id='word_1_70' title='bbox 807 1299 835 1350; x_wconf 90' lang='lat'><strong>6</strong></span> <span class='ocrx_word' id='word_1_71' title='bbox 869 1297 1022 1365; x_wconf 81' lang='grc' dir='ltr'>λόγος</span> <span class='ocrx_word' id='word_1_72' title='bbox 1050 1298 1253 1369; x_wconf 75' lang='grc' dir='ltr'>ταύτην</span> <span class='ocrx_word' id='word_1_73' title='bbox 1282 1299 1597 1364; x_wconf 77' lang='grc' dir='ltr'><strong>αἰνίττεται,</strong></span> <span class='ocrx_word' id='word_1_74' title='bbox 1632 1302 1700 1369; x_wconf 81' lang='grc' dir='ltr'>τῇ</span> 
     </span>
    </p>
   </div>
   <div class='ocr_carea' id='block_1_11' title="bbox 104 1389 1702 1462">
    <p class='ocr_par' dir='ltr' id='par_1_11' title="bbox 104 1389 1702 1462">
     <span class='ocr_line' id='line_1_11' title="bbox 104 1389 1702 1462; baseline -0.001 -19"><span class='ocrx_word' id='word_1_75' title='bbox 104 1392 301 1462; x_wconf 81' lang='grc' dir='ltr'>πυκνῇ</span> <span class='ocrx_word' id='word_1_76' title='bbox 332 1390 438 1443; x_wconf 85' lang='grc' dir='ltr'>τῶν</span> <span class='ocrx_word' id='word_1_77' title='bbox 474 1389 700 1458; x_wconf 78' lang='grc' dir='ltr'>φολίδων</span> <span class='ocrx_word' id='word_1_78' title='bbox 744 1390 888 1443; x_wconf 83' lang='grc' dir='ltr'>θέσει</span> <span class='ocrx_word' id='word_1_79' title='bbox 916 1390 975 1443; x_wconf 81' lang='grc' dir='ltr'>τὸ</span> <span class='ocrx_word' id='word_1_80' title='bbox 1015 1390 1349 1461; x_wconf 77' lang='grc' dir='ltr'>πολύτροπον</span> <span class='ocrx_word' id='word_1_81' title='bbox 1373 1392 1469 1461; x_wconf 78' lang='grc' dir='ltr'>τῆς</span> <span class='ocrx_word' id='word_1_82' title='bbox 1505 1392 1702 1454; x_wconf 80' lang='grc' dir='ltr'>κακίας</span> 
     </span>
    </p>
   </div>
   <div class='ocr_carea' id='block_1_12' title="bbox 106 1482 1700 1554">
    <p class='ocr_par' dir='ltr' id='par_1_12' title="bbox 106 1482 1700 1554">
     <span class='ocr_line' id='line_1_12' title="bbox 106 1482 1700 1554; baseline 0.001 -19"><span class='ocrx_word' id='word_1_83' title='bbox 106 1483 557 1554; x_wconf 76' lang='grc' dir='ltr'>χαρακτηρίζων.</span> <span class='ocrx_word' id='word_1_84' title='bbox 603 1484 793 1552; x_wconf 84' lang='grc' dir='ltr'>Ἡμεῖς</span> <span class='ocrx_word' id='word_1_85' title='bbox 815 1482 871 1535; x_wconf 86' lang='grc' dir='ltr'>δὲ</span> <span class='ocrx_word' id='word_1_86' title='bbox 895 1484 1030 1553; x_wconf 75' lang='grc' dir='ltr'>πρὸς</span> <span class='ocrx_word' id='word_1_87' title='bbox 1087 1483 1184 1552; x_wconf 80' lang='grc' dir='ltr'>μὲν</span> <span class='ocrx_word' id='word_1_88' title='bbox 1215 1483 1303 1537; x_wconf 85' lang='grc' dir='ltr'>τὸν</span> <span class='ocrx_word' id='word_1_89' title='bbox 1327 1485 1448 1553; x_wconf 72' lang='grc' dir='ltr'>ὅφιν</span> <span class='ocrx_word' id='word_1_90' title='bbox 1475 1484 1700 1537; x_wconf 77' lang='grc' dir='ltr'>ἔνσπον-</span> 
     </span>
    </p>
   </div>
   <div class='ocr_carea' id='block_1_13' title="bbox 102 1574 1701 1645">
    <p class='ocr_par' dir='ltr' id='par_1_13' title="bbox 102 1574 1701 1645">
     <span class='ocr_line' id='line_1_13' title="bbox 102 1574 1701 1645; baseline 0.003 -20"><span class='ocrx_word' id='word_1_91' title='bbox 102 1574 217 1638; x_wconf 85' lang='grc' dir='ltr'>δοι,</span> <span class='ocrx_word' id='word_1_92' title='bbox 249 1575 340 1627; x_wconf 79' lang='grc' dir='ltr'>διὰ</span> <span class='ocrx_word' id='word_1_93' title='bbox 366 1575 457 1627; x_wconf 88' lang='grc' dir='ltr'><strong>τοῦ</strong></span> <span class='ocrx_word' id='word_1_94' title='bbox 511 1574 579 1627; x_wconf 77' lang='grc' dir='ltr'><strong>τὰ</strong></span> <span class='ocrx_word' id='word_1_95' title='bbox 630 1574 910 1645; x_wconf 85' lang='grc' dir='ltr'>θελήματα</span> <span class='ocrx_word' id='word_1_96' title='bbox 966 1574 1063 1627; x_wconf 87' lang='grc' dir='ltr'><strong>τοῦ</strong></span> <span class='ocrx_word' id='word_1_97' title='bbox 1092 1576 1467 1645; x_wconf 79' lang='grc' dir='ltr'>ἀντικειμένου</span> <span class='ocrx_word' id='word_1_98' title='bbox 1505 1579 1701 1641; x_wconf 86' lang='grc' dir='ltr'>ποιεῖν,</span> 
     </span>
    </p>
   </div>
   <div class='ocr_carea' id='block_1_14' title="bbox 105 1666 1699 1739">
    <p class='ocr_par' dir='ltr' id='par_1_14' title="bbox 105 1666 1699 1739">
     <span class='ocr_line' id='line_1_14' title="bbox 105 1666 1699 1739; baseline 0.003 -22"><span class='ocrx_word' id='word_1_99' title='bbox 105 1666 423 1737; x_wconf 75' lang='grc' dir='ltr'>ἐγενόμεθα</span> <span class='ocrx_word' id='word_1_100' title='bbox 447 1683 462 1698; x_wconf 87' lang='grc'>⁶</span> <span class='ocrx_word' id='word_1_101' title='bbox 517 1666 577 1720; x_wconf 83' lang='grc' dir='ltr'>τὸ</span> <span class='ocrx_word' id='word_1_102' title='bbox 623 1667 678 1720; x_wconf 87' lang='grc' dir='ltr'>δὲ</span> <span class='ocrx_word' id='word_1_103' title='bbox 716 1670 871 1736; x_wconf 89' lang='grc' dir='ltr'>μῖσος</span> <span class='ocrx_word' id='word_1_104' title='bbox 924 1668 1046 1720; x_wconf 86' lang='grc' dir='ltr'>κατ’</span> <span class='ocrx_word' id='word_1_105' title='bbox 1083 1667 1325 1737; x_wconf 84' lang='grc' dir='ltr'>ἀλλήλων</span> <span class='ocrx_word' id='word_1_106' title='bbox 1359 1669 1699 1739; x_wconf 71' lang='grc' dir='ltr'>ἐτρέψαμενο</span> 
     </span>
    </p>
   </div>
   <div class='ocr_carea' id='block_1_15' title="bbox 105 1758 1701 1833">
    <p class='ocr_par' dir='ltr' id='par_1_15' title="bbox 105 1758 1701 1833">
     <span class='ocr_line' id='line_1_15' title="bbox 105 1758 1701 1833; baseline 0.003 -24"><span class='ocrx_word' id='word_1_107' title='bbox 105 1758 261 1828; x_wconf 80' lang='grc' dir='ltr'>τάχα</span> <span class='ocrx_word' id='word_1_108' title='bbox 291 1760 348 1813; x_wconf 84' lang='grc' dir='ltr'>δὲ</span> <span class='ocrx_word' id='word_1_109' title='bbox 378 1759 499 1813; x_wconf 74' lang='grc' dir='ltr'>οὐδὲ</span> <span class='ocrx_word' id='word_1_110' title='bbox 523 1760 646 1812; x_wconf 83' lang='grc' dir='ltr'>καθ’</span> <span class='ocrx_word' id='word_1_111' title='bbox 685 1762 716 1827; x_wconf 78' lang='grc' dir='ltr'>ἡ</span> <span class='ocrx_word' id='word_1_112' title='bbox 727 1759 863 1829; x_wconf 86' lang='grc' dir='ltr'>μῶν,</span> <span class='ocrx_word' id='word_1_113' title='bbox 893 1760 1027 1813; x_wconf 65' lang='grc' dir='ltr'><strong>ἀλλὰ⁵</strong></span> <span class='ocrx_word' id='word_1_114' title='bbox 1062 1760 1205 1814; x_wconf 78' lang='grc' dir='ltr'>κατὰ</span> <span class='ocrx_word' id='word_1_115' title='bbox 1230 1760 1322 1813; x_wconf 82' lang='grc' dir='ltr'><strong>τοῦ</strong></span> <span class='ocrx_word' id='word_1_116' title='bbox 1356 1761 1454 1831; x_wconf 77' lang='grc' dir='ltr'>τὴν</span> <span class='ocrx_word' id='word_1_117' title='bbox 1484 1762 1701 1833; x_wconf 77' lang='grc' dir='ltr'>ἐντολὴν</span> 
     </span>
    </p>
   </div>
   <div class='ocr_carea' id='block_1_16' title="bbox 104 1849 1704 1923">
    <p class='ocr_par' dir='ltr' id='par_1_16' title="bbox 104 1849 1704 1923">
     <span class='ocr_line' id='line_1_16' title="bbox 104 1849 1704 1923; baseline 0.002 -21"><span class='ocrx_word' id='word_1_118' title='bbox 104 1849 429 1913; x_wconf 84' lang='grc' dir='ltr'>δεδωκότος.</span> <span class='ocrx_word' id='word_1_119' title='bbox 470 1850 527 1903; x_wconf 90' lang='lat'><strong>&#39;0</strong></span> <span class='ocrx_word' id='word_1_120' title='bbox 554 1851 653 1919; x_wconf 82' lang='grc' dir='ltr'>μὲν</span> <span class='ocrx_word' id='word_1_121' title='bbox 699 1851 808 1923; x_wconf 85' lang='grc' dir='ltr'>γάρ</span> <span class='ocrx_word' id='word_1_122' title='bbox 839 1867 1023 1921; x_wconf 84' lang='grc' dir='ltr'>φησιν,</span> <span class='ocrx_word' id='word_1_123' title='bbox 1056 1850 1401 1919; x_wconf 76' lang='grc' dir='ltr'>Ἀγαπήσεις</span> <span class='ocrx_word' id='word_1_124' title='bbox 1427 1851 1534 1905; x_wconf 79' lang='grc' dir='ltr'><strong>τὸν</strong></span> <span class='ocrx_word' id='word_1_125' title='bbox 1552 1856 1704 1920; x_wconf 79' lang='grc' dir='ltr'>πλη-</span> 
     </span>
    </p>
   </div>
   <div class='ocr_carea' id='block_1_17' title="bbox 106 1940 1704 2013">
    <p class='ocr_par' dir='ltr' id='par_1_17' title="bbox 106 1940 1704 2013">
     <span class='ocr_line' id='line_1_17' title="bbox 106 1940 1704 2013; baseline 0.003 -21"><span class='ocrx_word' id='word_1_126' title='bbox 106 1940 263 1993; x_wconf 80' lang='grc' dir='ltr'>σίον</span> <span class='ocrx_word' id='word_1_127' title='bbox 290 1954 429 2001; x_wconf 90' lang='grc' dir='ltr'>σου,</span> <span class='ocrx_word' id='word_1_128' title='bbox 468 1941 566 1993; x_wconf 81' lang='grc' dir='ltr'><strong>καί</strong></span> <span class='ocrx_word' id='word_1_129' title='bbox 600 1941 887 2009; x_wconf 80' lang='grc' dir='ltr'>μισήσεις</span> <span class='ocrx_word' id='word_1_130' title='bbox 914 1940 1021 1993; x_wconf 75' lang='grc' dir='ltr'><strong>τὸν</strong></span> <span class='ocrx_word' id='word_1_131' title='bbox 1047 1940 1261 2009; x_wconf 80' lang='grc' dir='ltr'>ἐχθρόν</span> <span class='ocrx_word' id='word_1_132' title='bbox 1300 1957 1444 1995; x_wconf 78' lang='grc' dir='ltr'>σευ·</span> <span class='ocrx_word' id='word_1_133' title='bbox 1485 1942 1577 1995; x_wconf 82' lang='grc' dir='ltr'>τὸν</span> <span class='ocrx_word' id='word_1_134' title='bbox 1606 1943 1704 2013; x_wconf 80' lang='grc' dir='ltr'>τῆς</span> 
     </span>
    </p>
   </div>
   <div class='ocr_carea' id='block_1_18' title="bbox 106 2031 1703 2103">
    <p class='ocr_par' dir='ltr' id='par_1_18' title="bbox 106 2031 1703 2103">
     <span class='ocr_line' id='line_1_18' title="bbox 106 2031 1703 2103; baseline 0.001 -20"><span class='ocrx_word' id='word_1_135' title='bbox 106 2032 338 2101; x_wconf 79' lang='grc' dir='ltr'>φύσεως</span> <span class='ocrx_word' id='word_1_136' title='bbox 372 2032 532 2102; x_wconf 83' lang='grc' dir='ltr'>ἡμῶν</span> <span class='ocrx_word' id='word_1_137' title='bbox 560 2031 815 2101; x_wconf 87' lang='grc' dir='ltr'>πολέμιον</span> <span class='ocrx_word' id='word_1_138' title='bbox 840 2032 997 2101; x_wconf 91' lang='grc' dir='ltr'>μόνον</span> <span class='ocrx_word' id='word_1_139' title='bbox 1033 2032 1225 2102; x_wconf 76' lang='grc' dir='ltr'>ἐχθρὸν</span> <span class='ocrx_word' id='word_1_140' title='bbox 1262 2032 1511 2102; x_wconf 79' lang='grc' dir='ltr'>ἡγεῖσθαι</span> <span class='ocrx_word' id='word_1_141' title='bbox 1537 2050 1703 2103; x_wconf 60' lang='grc' dir='ltr'>προσ-</span> 
     </span>
    </p>
   </div>
   <div class='ocr_carea' id='block_1_19' title="bbox 103 2124 1706 2196">
    <p class='ocr_par' dir='ltr' id='par_1_19' title="bbox 103 2124 1706 2196">
     <span class='ocr_line' id='line_1_19' title="bbox 103 2124 1706 2196; baseline 0.001 -19"><span class='ocrx_word' id='word_1_142' title='bbox 103 2124 288 2190; x_wconf 80' lang='grc' dir='ltr'><strong>τάξας</strong></span> <span class='ocrx_word' id='word_1_143' title='bbox 312 2141 325 2155; x_wconf 70' lang='grc'><strong><em>⁸</em></strong></span> <span class='ocrx_word' id='word_1_144' title='bbox 358 2125 536 2179; x_wconf 85' lang='grc' dir='ltr'>πάντα</span> <span class='ocrx_word' id='word_1_145' title='bbox 559 2124 616 2177; x_wconf 85' lang='grc' dir='ltr'>δὲ</span> <span class='ocrx_word' id='word_1_146' title='bbox 645 2124 735 2177; x_wconf 82' lang='grc' dir='ltr'>τὸν</span> <span class='ocrx_word' id='word_1_147' title='bbox 763 2125 1119 2180; x_wconf 84' lang='grc' dir='ltr'>κοινωνοῦντα</span> <span class='ocrx_word' id='word_1_148' title='bbox 1157 2125 1256 2195; x_wconf 81' lang='grc' dir='ltr'>τῆς</span> <span class='ocrx_word' id='word_1_149' title='bbox 1287 2125 1523 2193; x_wconf 69' lang='grc' dir='ltr'>φύσεως,</span> <span class='ocrx_word' id='word_1_150' title='bbox 1567 2126 1706 2196; x_wconf 83' lang='grc' dir='ltr'>πλη-</span> 
     </span>
    </p>
   </div>
   <div class='ocr_carea' id='block_1_20' title="bbox 108 2212 1701 2288">
    <p class='ocr_par' dir='ltr' id='par_1_20' title="bbox 108 2212 1701 2288">
     <span class='ocr_line' id='line_1_20' title="bbox 108 2212 1701 2288; baseline 0.003 -21"><span class='ocrx_word' id='word_1_151' title='bbox 108 2216 234 2269; x_wconf 89' lang='grc' dir='ltr'>σίον</span> <span class='ocrx_word' id='word_1_152' title='bbox 266 2215 496 2269; x_wconf 80' lang='grc' dir='ltr'>ἑκάστου</span> <span class='ocrx_word' id='word_1_153' title='bbox 546 2212 683 2269; x_wconf 74' lang='grc' dir='ltr'>εἶναι</span> <span class='ocrx_word' id='word_1_154' title='bbox 727 2216 894 2270; x_wconf 78' lang='grc' dir='ltr'>εἰπών</span> <span class='ocrx_word' id='word_1_155' title='bbox 919 2233 936 2250; x_wconf 68' lang='grc' dir='ltr'>θ</span> <span class='ocrx_word' id='word_1_156' title='bbox 970 2219 1003 2287; x_wconf 84' lang='grc' dir='ltr'><strong>ή</strong></span> <span class='ocrx_word' id='word_1_157' title='bbox 1047 2218 1105 2271; x_wconf 86' lang='grc' dir='ltr'>δὲ</span> <span class='ocrx_word' id='word_1_158' title='bbox 1140 2217 1498 2288; x_wconf 83' lang='grc' dir='ltr'>βαρυκάρδιος</span> <span class='ocrx_word' id='word_1_159' title='bbox 1546 2218 1701 2287; x_wconf 81' lang='grc' dir='ltr'><strong>ἡμῶν</strong></span> 
     </span>
    </p>
   </div>
   <div class='ocr_carea' id='block_1_21' title="bbox 105 2306 1702 2379">
    <p class='ocr_par' dir='ltr' id='par_1_21' title="bbox 105 2306 1702 2379">
     <span class='ocr_line' id='line_1_21' title="bbox 105 2306 1702 2379; baseline 0.001 -20"><span class='ocrx_word' id='word_1_160' title='bbox 105 2307 282 2375; x_wconf 77' lang='grc' dir='ltr'>γενεὰ</span> <span class='ocrx_word' id='word_1_161' title='bbox 336 2306 431 2360; x_wconf 91' lang='grc' dir='ltr'><strong>τοῦ</strong></span> <span class='ocrx_word' id='word_1_162' title='bbox 473 2307 701 2379; x_wconf 88' lang='grc' dir='ltr'>πλησίον</span> <span class='ocrx_word' id='word_1_163' title='bbox 740 2310 890 2379; x_wconf 82' lang='grc' dir='ltr'>ἡμᾶς</span> <span class='ocrx_word' id='word_1_164' title='bbox 937 2308 1295 2379; x_wconf 78' lang='grc' dir='ltr'>διαστήσασα,</span> <span class='ocrx_word' id='word_1_165' title='bbox 1349 2309 1571 2362; x_wconf 81' lang='grc' dir='ltr'>θάλπειν</span> <span class='ocrx_word' id='word_1_166' title='bbox 1611 2308 1702 2361; x_wconf 83' lang='grc' dir='ltr'>τὸν</span> 
     </span>
    </p>
   </div>
   <div class='ocr_carea' id='block_1_22' title="bbox 105 2399 1703 2471">
    <p class='ocr_par' dir='ltr' id='par_1_22' title="bbox 105 2399 1703 2471">
     <span class='ocr_line' id='line_1_22' title="bbox 105 2399 1703 2471; baseline 0.003 -21"><span class='ocrx_word' id='word_1_167' title='bbox 105 2400 241 2467; x_wconf 74' lang='grc' dir='ltr'>ὅφιν</span> <span class='ocrx_word' id='word_1_168' title='bbox 274 2399 515 2468; x_wconf 78' lang='grc' dir='ltr'>ἐποίησε,</span> <span class='ocrx_word' id='word_1_169' title='bbox 543 2400 636 2452; x_wconf 73' lang='grc' dir='ltr'><strong>καὶ</strong></span> <span class='ocrx_word' id='word_1_170' title='bbox 675 2402 786 2463; x_wconf 89' lang='grc' dir='ltr'>τοῖς</span> <span class='ocrx_word' id='word_1_171' title='bbox 822 2400 931 2454; x_wconf 83' lang='grc' dir='ltr'><strong>τῶν</strong></span> <span class='ocrx_word' id='word_1_172' title='bbox 964 2401 1191 2471; x_wconf 80' lang='grc' dir='ltr'>φολίδων</span> <span class='ocrx_word' id='word_1_173' title='bbox 1214 2399 1378 2454; x_wconf 85' lang='grc' dir='ltr'>αὑτοῦ</span> <span class='ocrx_word' id='word_1_174' title='bbox 1410 2401 1703 2471; x_wconf 83' lang='grc' dir='ltr'>στίγμασιν</span> 
     </span>
    </p>
   </div>
   <div class='ocr_carea' id='block_1_23' title="bbox 109 2490 1701 2563">
    <p class='ocr_par' dir='ltr' id='par_1_23' title="bbox 109 2490 1701 2563">
     <span class='ocr_line' id='line_1_23' title="bbox 109 2490 1701 2563; baseline 0 -19"><span class='ocrx_word' id='word_1_175' title='bbox 109 2490 533 2560; x_wconf 83' lang='grc' dir='ltr'>ὲπιτέρπεσθαι.</span> <span class='ocrx_word' id='word_1_176' title='bbox 580 2491 720 2559; x_wconf 85' lang='grc' dir='ltr'><strong>Ἐγὼ</strong></span> <span class='ocrx_word' id='word_1_177' title='bbox 770 2490 879 2562; x_wconf 80' lang='grc' dir='ltr'><strong>γὰρ</strong></span> <span class='ocrx_word' id='word_1_178' title='bbox 934 2491 995 2543; x_wconf 85' lang='grc' dir='ltr'>τὸ</span> <span class='ocrx_word' id='word_1_179' title='bbox 1046 2491 1144 2562; x_wconf 82' lang='grc' dir='ltr'>μὲν</span> <span class='ocrx_word' id='word_1_180' title='bbox 1185 2492 1313 2555; x_wconf 82' lang='grc' dir='ltr'>τοὺς</span> <span class='ocrx_word' id='word_1_181' title='bbox 1351 2491 1578 2563; x_wconf 80' lang='grc' dir='ltr'>ἐχθροὺς</span> <span class='ocrx_word' id='word_1_182' title='bbox 1607 2490 1701 2544; x_wconf 88' lang='grc' dir='ltr'><strong>τοῦ</strong></span> 
     </span>
    </p>
   </div>
   <div class='ocr_carea' id='block_1_24' title="bbox 106 2578 1703 2654">
    <p class='ocr_par' dir='ltr' id='par_1_24' title="bbox 106 2578 1703 2654">
     <span class='ocr_line' id='line_1_24' title="bbox 106 2578 1703 2654; baseline -0.001 -19"><span class='ocrx_word' id='word_1_183' title='bbox 106 2582 251 2635; x_wconf 80' lang='grc' dir='ltr'>Θεοῦ</span> <span class='ocrx_word' id='word_1_184' title='bbox 283 2585 461 2653; x_wconf 84' lang='grc' dir='ltr'>μισεῖν</span> <span class='ocrx_word' id='word_1_185' title='bbox 528 2582 749 2649; x_wconf 79' lang='grc' dir='ltr'>ἔννομον</span> <span class='ocrx_word' id='word_1_186' title='bbox 793 2578 929 2635; x_wconf 75' lang='grc' dir='ltr'>εἶναί</span> <span class='ocrx_word' id='word_1_187' title='bbox 968 2600 1130 2654; x_wconf 82' lang='grc' dir='ltr'>φημι,</span> <span class='ocrx_word' id='word_1_188' title='bbox 1183 2584 1277 2636; x_wconf 76' lang='grc' dir='ltr'>καὶ</span> <span class='ocrx_word' id='word_1_189' title='bbox 1318 2584 1574 2654; x_wconf 83' lang='grc' dir='ltr'>ἀρέσκειν</span> <span class='ocrx_word' id='word_1_190' title='bbox 1623 2582 1703 2653; x_wconf 82' lang='grc' dir='ltr'><strong>τῷ</strong></span> 
     </span>
    </p>
   </div>
   <div class='ocr_carea' id='block_1_25' title="bbox 108 2673 1700 2747">
    <p class='ocr_par' dir='ltr' id='par_1_25' title="bbox 108 2673 1700 2747">
     <span class='ocr_line' id='line_1_25' title="bbox 108 2673 1700 2747; baseline 0.001 -21"><span class='ocrx_word' id='word_1_191' title='bbox 108 2674 365 2747; x_wconf 81' lang='grc' dir='ltr'>Δεσπότῃ</span> <span class='ocrx_word' id='word_1_192' title='bbox 411 2673 473 2727; x_wconf 86' lang='grc' dir='ltr'>τὸ</span> <span class='ocrx_word' id='word_1_193' title='bbox 515 2673 753 2726; x_wconf 87' lang='grc' dir='ltr'>τοιοῦτον</span> <span class='ocrx_word' id='word_1_194' title='bbox 812 2677 1002 2745; x_wconf 87' lang='grc' dir='ltr'>μῖσος·</span> <span class='ocrx_word' id='word_1_195' title='bbox 1033 2675 1261 2745; x_wconf 74' lang='grc' dir='ltr'>ἐχθροὺς</span> <span class='ocrx_word' id='word_1_196' title='bbox 1308 2675 1363 2728; x_wconf 78' lang='grc' dir='ltr'>δὲ</span> <span class='ocrx_word' id='word_1_197' title='bbox 1392 2675 1535 2743; x_wconf 87' lang='grc' dir='ltr'>λέγω</span> <span class='ocrx_word' id='word_1_198' title='bbox 1574 2676 1700 2738; x_wconf 79' lang='grc' dir='ltr'>τοὺς</span> 
     </span>
    </p>
   </div>
   <div class='ocr_carea' id='block_1_26' title="bbox 110 2766 1703 2838">
    <p class='ocr_par' dir='ltr' id='par_1_26' title="bbox 110 2766 1703 2838">
     <span class='ocr_line' id='line_1_26' title="bbox 110 2766 1703 2838; baseline -0.001 -17"><span class='ocrx_word' id='word_1_199' title='bbox 110 2766 265 2821; x_wconf 86' lang='grc' dir='ltr'><strong>κατὰ</strong></span> <span class='ocrx_word' id='word_1_200' title='bbox 292 2768 469 2821; x_wconf 81' lang='grc' dir='ltr'>πάντα</span> <span class='ocrx_word' id='word_1_201' title='bbox 497 2767 695 2838; x_wconf 87' lang='grc' dir='ltr'>τρόπον</span> <span class='ocrx_word' id='word_1_202' title='bbox 722 2767 820 2837; x_wconf 81' lang='grc' dir='ltr'>τὴν</span> <span class='ocrx_word' id='word_1_203' title='bbox 845 2766 939 2820; x_wconf 91' lang='grc' dir='ltr'><strong>τοῦ</strong></span> <span class='ocrx_word' id='word_1_204' title='bbox 958 2767 1228 2819; x_wconf 88' lang='grc' dir='ltr'>Δεσπότου</span> <span class='ocrx_word' id='word_1_205' title='bbox 1252 2767 1408 2830; x_wconf 82' lang='grc' dir='ltr'>δόξαν</span> <span class='ocrx_word' id='word_1_206' title='bbox 1437 2769 1703 2837; x_wconf 76' lang='grc' dir='ltr'>ἀπαρνουο</span> 
     </span>
    </p>
   </div>
   <div class='ocr_carea' id='block_1_27' title="bbox 112 2857 1700 2929">
    <p class='ocr_par' dir='ltr' id='par_1_27' title="bbox 112 2857 1700 2929">
     <span class='ocr_line' id='line_1_27' title="bbox 112 2857 1700 2929; baseline -0.001 -16"><span class='ocrx_word' id='word_1_207' title='bbox 112 2860 340 2929; x_wconf 80' lang='grc' dir='ltr'>μένους,</span> <span class='ocrx_word' id='word_1_208' title='bbox 362 2857 477 2911; x_wconf 85' lang='grc' dir='ltr'>εἴτε</span> <span class='ocrx_word' id='word_1_209' title='bbox 532 2860 658 2918; x_wconf 80' lang='grc' dir='ltr'>τοὺς</span> <span class='ocrx_word' id='word_1_210' title='bbox 691 2858 996 2921; x_wconf 84' lang='grc' dir='ltr'>Ἰουδαίους,</span> <span class='ocrx_word' id='word_1_211' title='bbox 1045 2858 1154 2910; x_wconf 81' lang='grc' dir='ltr'>εἴτε</span> <span class='ocrx_word' id='word_1_212' title='bbox 1198 2858 1324 2920; x_wconf 73' lang='grc' dir='ltr'>τοὺς</span> <span class='ocrx_word' id='word_1_213' title='bbox 1350 2858 1595 2928; x_wconf 73' lang='grc' dir='ltr'>φανερῶς</span> <span class='ocrx_word' id='word_1_214' title='bbox 1621 2860 1700 2911; x_wconf 86' lang='grc' dir='ltr'>εί-</span> 
     </span>
    </p>
   </div>
   <div class='ocr_carea' id='block_1_28' title="bbox 110 2949 1699 3022">
    <p class='ocr_par' dir='ltr' id='par_1_28' title="bbox 110 2949 1699 3022">
     <span class='ocr_line' id='line_1_28' title="bbox 110 2949 1699 3022; baseline -0.001 -17"><span class='ocrx_word' id='word_1_215' title='bbox 110 2951 611 3022; x_wconf 85' lang='grc' dir='ltr'>δωλολατροῦντας,</span> <span class='ocrx_word' id='word_1_216' title='bbox 640 2952 749 3004; x_wconf 78' lang='grc' dir='ltr'>εἴτε</span> <span class='ocrx_word' id='word_1_217' title='bbox 782 2951 907 3013; x_wconf 83' lang='grc' dir='ltr'>τοὺς</span> <span class='ocrx_word' id='word_1_218' title='bbox 937 2949 1025 3003; x_wconf 83' lang='grc' dir='ltr'><strong>διὰ</strong></span> <span class='ocrx_word' id='word_1_219' title='bbox 1050 2949 1158 3003; x_wconf 85' lang='grc' dir='ltr'><strong>τῶν</strong></span> <span class='ocrx_word' id='word_1_220' title='bbox 1191 2951 1397 3021; x_wconf 81' lang='grc' dir='ltr'>’Δρείου</span> <span class='ocrx_word' id='word_1_221' title='bbox 1414 2950 1699 3021; x_wconf 82' lang='grc' dir='ltr'>δογμάτων</span> 
     </span>
    </p>
   </div>
   <div class='ocr_carea' id='block_1_29' title="bbox 110 3044 1697 3116">
    <p class='ocr_par' dir='ltr' id='par_1_29' title="bbox 110 3044 1697 3116">
     <span class='ocr_line' id='line_1_29' title="bbox 110 3044 1697 3116; baseline -0.001 -17"><span class='ocrx_word' id='word_1_222' title='bbox 110 3046 593 3109; x_wconf 77' lang='grc' dir='ltr'>εἰδωλοποιοῦντας</span> <span class='ocrx_word' id='word_1_223' title='bbox 625 3047 725 3116; x_wconf 82' lang='grc' dir='ltr'>τὴν</span> <span class='ocrx_word' id='word_1_224' title='bbox 755 3046 954 3111; x_wconf 83' lang='grc' dir='ltr'>κτίσιν,</span> <span class='ocrx_word' id='word_1_225' title='bbox 984 3045 1077 3097; x_wconf 73' lang='grc' dir='ltr'>καὶ</span> <span class='ocrx_word' id='word_1_226' title='bbox 1106 3045 1205 3114; x_wconf 82' lang='grc' dir='ltr'>τὴν</span> <span class='ocrx_word' id='word_1_227' title='bbox 1233 3045 1529 3115; x_wconf 81' lang='grc' dir='ltr'>Ίουδαῖκὴν</span> <span class='ocrx_word' id='word_1_228' title='bbox 1560 3044 1697 3097; x_wconf 84' lang='grc' dir='ltr'>πλά-</span> 
     </span>
    </p>
   </div>
   <div class='ocr_carea' id='block_1_30' title="bbox 1312 350 2177 408">
    <p class='ocr_par' dir='ltr' id='par_1_30' title="bbox 1312 350 2177 408">
     <span class='ocr_line' id='line_1_30' title="bbox 1312 350 2177 408; baseline -0.002 -1"><span class='ocrx_word' id='word_1_229' title='bbox 1312 350 1697 407; x_wconf 61' lang='lat' dir='ltr'><strong>EPISTOLIE.</strong></span> <span class='ocrx_word' id='word_1_230' title='bbox 1734 381 1802 391; x_wconf 95' lang='lat'><strong>—</strong></span> <span class='ocrx_word' id='word_1_231' title='bbox 1829 351 2048 408; x_wconf 81' lang='lat' dir='ltr'><strong>EPIST.</strong></span> <span class='ocrx_word' id='word_1_232' title='bbox 2088 351 2177 406; x_wconf 79' lang='lat' dir='ltr'><strong>Ill.</strong></span> 
     </span>
    </p>
   </div>
   <div class='ocr_carea' id='block_1_31' title="bbox 3237 363 3373 417">
    <p class='ocr_par' dir='ltr' id='par_1_31' title="bbox 3237 363 3373 417">
     <span class='ocr_line' id='line_1_31' title="bbox 3237 363 3373 417; baseline 0.015 -2"><span class='ocrx_word' id='word_1_233' title='bbox 3237 363 3373 417; x_wconf 68' lang='lat' dir='ltr'><strong>“HS</strong></span> 
     </span>
    </p>
   </div>
   <div class='ocr_carea' id='block_1_32' title="bbox 103 470 1691 547">
    <p class='ocr_par' dir='ltr' id='par_1_32' title="bbox 103 470 1691 547">
     <span class='ocr_line' id='line_1_32' title="bbox 103 470 1691 547; baseline 0.003 -23"><span class='ocrx_word' id='word_1_234' title='bbox 103 472 257 543; x_wconf 80' lang='grc' dir='ltr'>πρὸς</span> <span class='ocrx_word' id='word_1_235' title='bbox 280 472 309 525; x_wconf 82' lang='grc' dir='ltr'><strong>ὃ</strong></span> <span class='ocrx_word' id='word_1_236' title='bbox 329 489 381 524; x_wconf 90' lang='grc' dir='ltr'><strong>τι</strong></span> <span class='ocrx_word' id='word_1_237' title='bbox 405 470 615 541; x_wconf 82' lang='grc' dir='ltr'>βλέπων</span> <span class='ocrx_word' id='word_1_238' title='bbox 636 474 798 544; x_wconf 75' lang='grc' dir='ltr'>φημὶ,</span> <span class='ocrx_word' id='word_1_239' title='bbox 822 475 1033 539; x_wconf 80' lang='grc' dir='ltr'>πάντως</span> <span class='ocrx_word' id='word_1_240' title='bbox 1061 475 1212 529; x_wconf 66' lang='grc' dir='ltr'>οὐδὲν</span> <span class='ocrx_word' id='word_1_241' title='bbox 1236 476 1340 547; x_wconf 72' lang='grc' dir='ltr'><strong>χρὴ</strong></span> <span class='ocrx_word' id='word_1_242' title='bbox 1362 495 1430 545; x_wconf 91' lang='grc' dir='ltr'><strong>γυ</strong></span> <span class='ocrx_word' id='word_1_243' title='bbox 1438 477 1691 547; x_wconf 88' lang='grc' dir='ltr'>μνότερον</span> 
     </span>
    </p>
   </div>
   <div class='ocr_carea' id='block_1_33' title="bbox 1800 470 3371 547">
    <p class='ocr_par' dir='ltr' id='par_1_33' title="bbox 1800 476 3371 547">
     <span class='ocr_line' id='line_1_33' title="bbox 1800 476 3371 547; baseline 0.003 -18"><span class='ocrx_word' id='word_1_244' title='bbox 1800 476 1943 531; x_wconf 84' lang='lat' dir='ltr'><strong>tione</strong></span> <span class='ocrx_word' id='word_1_245' title='bbox 1982 477 2106 531; x_wconf 90' lang='lat' dir='ltr'><strong>boni</strong></span> <span class='ocrx_word' id='word_1_246' title='bbox 2159 477 2305 531; x_wconf 87' lang='lat' dir='ltr'><strong>illius</strong></span> <span class='ocrx_word' id='word_1_247' title='bbox 2343 478 2728 533; x_wconf 83' lang='lat' dir='ltr'><strong>communione</strong></span> <span class='ocrx_word' id='word_1_248' title='bbox 2780 488 2909 531; x_wconf 84' lang='lat' dir='ltr'><strong>sunt</strong></span> <span class='ocrx_word' id='word_1_249' title='bbox 2957 481 3204 547; x_wconf 78' lang='lat' dir='ltr'><strong>aspersi?</strong></span> <span class='ocrx_word' id='word_1_250' title='bbox 3250 481 3371 546; x_wconf 80' lang='lat' dir='ltr'><strong>Qun</strong></span> 
     </span>
    </p>
   </div>
   <div class='ocr_carea' id='block_1_34' title="bbox 1802 568 3371 640">
    <p class='ocr_par' dir='ltr' id='par_1_34' title="bbox 1802 568 3371 640">
     <span class='ocr_line' id='line_1_34' title="bbox 1802 568 3371 640; baseline 0.001 -18"><span class='ocrx_word' id='word_1_251' title='bbox 1802 576 2044 637; x_wconf 83' lang='lat' dir='ltr'><strong>spectem</strong></span> <span class='ocrx_word' id='word_1_252' title='bbox 2077 584 2200 621; x_wconf 92' lang='lat' dir='ltr'><strong>cum</strong></span> <span class='ocrx_word' id='word_1_253' title='bbox 2230 568 2343 622; x_wconf 76' lang='lat' dir='ltr'><strong>hzec</strong></span> <span class='ocrx_word' id='word_1_254' title='bbox 2373 568 2498 623; x_wconf 83' lang='lat' dir='ltr'><strong>dico</strong></span> <span class='ocrx_word' id='word_1_255' title='bbox 2530 570 2662 623; x_wconf 85' lang='lat' dir='ltr'><strong>nihil</strong></span> <span class='ocrx_word' id='word_1_256' title='bbox 2698 571 2998 640; x_wconf 77' lang='lat' dir='ltr'><strong>quidquam</strong></span> <span class='ocrx_word' id='word_1_257' title='bbox 3033 572 3225 625; x_wconf 85' lang='lat' dir='ltr'><strong>attinet</strong></span> <span class='ocrx_word' id='word_1_258' title='bbox 3254 574 3371 626; x_wconf 88' lang='lat' dir='ltr'><strong>cvl-</strong></span> 
     </span>
    </p>
   </div>
   <div class='ocr_carea' id='block_1_35' title="bbox 1800 659 3372 732">
    <p class='ocr_par' dir='ltr' id='par_1_35' title="bbox 1800 659 3372 732">
     <span class='ocr_line' id='line_1_35' title="bbox 1800 659 3372 732; baseline 0.002 -17"><span class='ocrx_word' id='word_1_259' title='bbox 1800 660 2146 715; x_wconf 86' lang='lat' dir='ltr'><strong>dentioribus</strong></span> <span class='ocrx_word' id='word_1_260' title='bbox 2180 659 2363 713; x_wconf 81' lang='lat' dir='ltr'><strong>verbis</strong></span> <span class='ocrx_word' id='word_1_261' title='bbox 2402 661 2677 728; x_wconf 78' lang='lat' dir='ltr'><strong>explicare</strong></span> <span class='ocrx_word' id='word_1_262' title='bbox 2707 678 2721 717; x_wconf 88' lang='lat'><strong>:</strong></span> <span class='ocrx_word' id='word_1_263' title='bbox 2753 677 2878 716; x_wconf 85' lang='lat' dir='ltr'><strong>cum</strong></span> <span class='ocrx_word' id='word_1_264' title='bbox 2914 678 3001 717; x_wconf 90' lang='lat' dir='ltr'><strong>res</strong></span> <span class='ocrx_word' id='word_1_265' title='bbox 3042 661 3172 732; x_wconf 68' lang='lat' dir='ltr'><strong>ipsa:</strong></span> <span class='ocrx_word' id='word_1_266' title='bbox 3203 662 3372 718; x_wconf 82' lang='lat' dir='ltr'><strong>altius</strong></span> 
     </span>
    </p>
   </div>
   <div class='ocr_carea' id='block_1_36' title="bbox 1801 752 3371 822">
    <p class='ocr_par' dir='ltr' id='par_1_36' title="bbox 1801 752 3371 822">
     <span class='ocr_line' id='line_1_36' title="bbox 1801 752 3371 822; baseline 0.001 -16"><span class='ocrx_word' id='word_1_267' title='bbox 1801 768 1865 807; x_wconf 91' lang='lat' dir='ltr'><strong>ac</strong></span> <span class='ocrx_word' id='word_1_268' title='bbox 1911 753 2117 806; x_wconf 87' lang='lat' dir='ltr'><strong>clarius</strong></span> <span class='ocrx_word' id='word_1_269' title='bbox 2155 767 2318 822; x_wconf 79' lang='lat' dir='ltr'><strong>quam</strong></span> <span class='ocrx_word' id='word_1_270' title='bbox 2352 752 2679 822; x_wconf 84' lang='lat' dir='ltr'><strong>cujusquam</strong></span> <span class='ocrx_word' id='word_1_271' title='bbox 2712 770 2815 807; x_wconf 81' lang='lat' dir='ltr'><strong>vox</strong></span> <span class='ocrx_word' id='word_1_272' title='bbox 2859 756 2944 809; x_wconf 87' lang='lat' dir='ltr'><strong>vel</strong></span> <span class='ocrx_word' id='word_1_273' title='bbox 2976 756 3213 810; x_wconf 81' lang='lat' dir='ltr'><strong>maxime</strong></span> <span class='ocrx_word' id='word_1_274' title='bbox 3243 764 3371 810; x_wconf 86' lang='lat' dir='ltr'><strong>nota</strong></span> 
     </span>
    </p>
   </div>
   <div class='ocr_carea' id='block_1_37' title="bbox 1800 844 3369 914">
    <p class='ocr_par' dir='ltr' id='par_1_37' title="bbox 1800 844 3369 914">
     <span class='ocr_line' id='line_1_37' title="bbox 1800 844 3369 914; baseline 0.001 -16"><span class='ocrx_word' id='word_1_275' title='bbox 1800 846 2075 908; x_wconf 90' lang='lat' dir='ltr'><strong>clament,</strong></span> <span class='ocrx_word' id='word_1_276' title='bbox 2110 858 2358 912; x_wconf 65' lang='lat' dir='ltr'><strong>quaenam</strong></span> <span class='ocrx_word' id='word_1_277' title='bbox 2411 844 2501 896; x_wconf 89' lang='lat' dir='ltr'><strong>illa</strong></span> <span class='ocrx_word' id='word_1_278' title='bbox 2547 845 2659 899; x_wconf 89' lang='lat' dir='ltr'><strong>sint</strong></span> <span class='ocrx_word' id='word_1_279' title='bbox 2696 860 2819 914; x_wconf 67' lang='lat' dir='ltr'><strong>quae</strong></span> <span class='ocrx_word' id='word_1_280' title='bbox 2865 846 3093 901; x_wconf 89' lang='lat' dir='ltr'><strong>molesta</strong></span> <span class='ocrx_word' id='word_1_281' title='bbox 3145 847 3369 901; x_wconf 81' lang='lat' dir='ltr'><strong>fuerint.</strong></span> 
     </span>
    </p>
   </div>
   <div class='ocr_carea' id='block_1_38' title="bbox 1801 935 3371 1006">
    <p class='ocr_par' dir='ltr' id='par_1_38' title="bbox 1801 935 3371 1006">
     <span class='ocr_line' id='line_1_38' title="bbox 1801 935 3371 1006; baseline 0.001 -16"><span class='ocrx_word' id='word_1_282' title='bbox 1801 935 1980 991; x_wconf 88' lang='lat' dir='ltr'><strong>Unum</strong></span> <span class='ocrx_word' id='word_1_283' title='bbox 2015 936 2202 991; x_wconf 88' lang='lat' dir='ltr'><strong>odium</strong></span> <span class='ocrx_word' id='word_1_284' title='bbox 2234 936 2350 1005; x_wconf 90' lang='lat' dir='ltr'><strong>lege</strong></span> <span class='ocrx_word' id='word_1_285' title='bbox 2385 951 2483 989; x_wconf 88' lang='lat' dir='ltr'><strong>sua</strong></span> <span class='ocrx_word' id='word_1_286' title='bbox 2519 936 2704 990; x_wconf 79' lang='lat' dir='ltr'><strong>sanxit</strong></span> <span class='ocrx_word' id='word_1_287' title='bbox 2734 939 2857 991; x_wconf 68' lang='lat' dir='ltr'><strong>vitae</strong></span> <span class='ocrx_word' id='word_1_288' title='bbox 2892 948 3095 992; x_wconf 66' lang='lat' dir='ltr'><strong>nostra:</strong></span> <span class='ocrx_word' id='word_1_289' title='bbox 3124 937 3371 1006; x_wconf 78' lang='lat' dir='ltr'><strong>Legisla-</strong></span> 
     </span>
    </p>
   </div>
   <div class='ocr_carea' id='block_1_39' title="bbox 1801 1026 3371 1098">
    <p class='ocr_par' dir='ltr' id='par_1_39' title="bbox 1801 1026 3371 1098">
     <span class='ocr_line' id='line_1_39' title="bbox 1801 1026 3371 1098; baseline 0 -17"><span class='ocrx_word' id='word_1_290' title='bbox 1801 1039 1889 1082; x_wconf 92' lang='lat' dir='ltr'><strong>tor</strong></span> <span class='ocrx_word' id='word_1_291' title='bbox 1931 1046 1946 1083; x_wconf 91' lang='lat'><strong>:</strong></span> <span class='ocrx_word' id='word_1_292' title='bbox 1992 1028 2200 1091; x_wconf 82' lang='lat' dir='ltr'><strong>odium,</strong></span> <span class='ocrx_word' id='word_1_293' title='bbox 2249 1026 2398 1089; x_wconf 93' lang='lat' dir='ltr'><strong>dico,</strong></span> <span class='ocrx_word' id='word_1_294' title='bbox 2443 1041 2569 1080; x_wconf 89' lang='lat' dir='ltr'><strong>cum</strong></span> <span class='ocrx_word' id='word_1_295' title='bbox 2620 1040 2874 1095; x_wconf 82' lang='lat' dir='ltr'><strong>serpente</strong></span> <span class='ocrx_word' id='word_1_296' title='bbox 2924 1046 2937 1082; x_wconf 94' lang='lat'>:</span> <span class='ocrx_word' id='word_1_297' title='bbox 2980 1044 3155 1098; x_wconf 88' lang='lat' dir='ltr'><strong>neque</strong></span> <span class='ocrx_word' id='word_1_298' title='bbox 3206 1030 3371 1082; x_wconf 84' lang='lat' dir='ltr'><strong>ullam</strong></span> 
     </span>
    </p>
   </div>
   <div class='ocr_carea' id='block_1_40' title="bbox 1800 1118 3371 1188">
    <p class='ocr_par' dir='ltr' id='par_1_40' title="bbox 1800 1118 3371 1188">
     <span class='ocr_line' id='line_1_40' title="bbox 1800 1118 3371 1188; baseline 0 -15"><span class='ocrx_word' id='word_1_299' title='bbox 1800 1120 1961 1174; x_wconf 89' lang='lat' dir='ltr'><strong>aliam</strong></span> <span class='ocrx_word' id='word_1_300' title='bbox 1990 1119 2058 1172; x_wconf 90' lang='lat' dir='ltr'><strong>ad</strong></span> <span class='ocrx_word' id='word_1_301' title='bbox 2094 1134 2207 1173; x_wconf 84' lang='lat' dir='ltr'><strong>rem</strong></span> <span class='ocrx_word' id='word_1_302' title='bbox 2231 1133 2484 1172; x_wconf 84' lang='lat' dir='ltr'><strong>exercere</strong></span> <span class='ocrx_word' id='word_1_303' title='bbox 2516 1118 2622 1170; x_wconf 85' lang='lat' dir='ltr'><strong>vim</strong></span> <span class='ocrx_word' id='word_1_304' title='bbox 2666 1118 2814 1171; x_wconf 84' lang='lat' dir='ltr'><strong>illam</strong></span> <span class='ocrx_word' id='word_1_305' title='bbox 2844 1134 2940 1187; x_wconf 90' lang='lat' dir='ltr'><strong>per</strong></span> <span class='ocrx_word' id='word_1_306' title='bbox 2960 1135 3124 1188; x_wconf 87' lang='lat' dir='ltr'><strong>quam</strong></span> <span class='ocrx_word' id='word_1_307' title='bbox 3154 1120 3371 1174; x_wconf 88' lang='lat' dir='ltr'><strong>odimus</strong></span> 
     </span>
    </p>
   </div>
   <div class='ocr_carea' id='block_1_41' title="bbox 1801 1209 3373 1281">
    <p class='ocr_par' dir='ltr' id='par_1_41' title="bbox 1801 1209 3373 1281">
     <span class='ocr_line' id='line_1_41' title="bbox 1801 1209 3373 1281; baseline -0.002 -15"><span class='ocrx_word' id='word_1_308' title='bbox 1801 1227 1903 1266; x_wconf 86' lang='lat' dir='ltr'><strong>nos</strong></span> <span class='ocrx_word' id='word_1_309' title='bbox 1932 1212 2121 1281; x_wconf 83' lang='lat' dir='ltr'><strong>jussit,</strong></span> <span class='ocrx_word' id='word_1_310' title='bbox 2152 1210 2259 1266; x_wconf 88' lang='lat' dir='ltr'><strong>nisi</strong></span> <span class='ocrx_word' id='word_1_311' title='bbox 2287 1211 2353 1265; x_wconf 88' lang='lat' dir='ltr'><strong>ad</strong></span> <span class='ocrx_word' id='word_1_312' title='bbox 2386 1210 2753 1266; x_wconf 87' lang='lat' dir='ltr'><strong>aversandum</strong></span> <span class='ocrx_word' id='word_1_313' title='bbox 2785 1212 3010 1263; x_wconf 89' lang='lat' dir='ltr'><strong>malum.</strong></span> <span class='ocrx_word' id='word_1_314' title='bbox 3045 1209 3258 1271; x_wconf 80' lang='lat' dir='ltr'><strong>Odium,</strong></span> <span class='ocrx_word' id='word_1_315' title='bbox 3286 1212 3373 1263; x_wconf 84' lang='lat' dir='ltr'><strong>in-</strong></span> 
     </span>
    </p>
   </div>
   <div class='ocr_carea' id='block_1_42' title="bbox 1801 1302 3373 1373">
    <p class='ocr_par' dir='ltr' id='par_1_42' title="bbox 1801 1302 3373 1373">
     <span class='ocr_line' id='line_1_42' title="bbox 1801 1302 3373 1373; baseline -0.001 -17"><span class='ocrx_word' id='word_1_316' title='bbox 1801 1303 1940 1373; x_wconf 87' lang='lat' dir='ltr'><strong>quit,</strong></span> <span class='ocrx_word' id='word_1_317' title='bbox 1990 1318 2181 1371; x_wconf 83' lang='lat' dir='ltr'><strong>ponam</strong></span> <span class='ocrx_word' id='word_1_318' title='bbox 2231 1304 2367 1355; x_wconf 77' lang='lat' dir='ltr'><strong>inter</strong></span> <span class='ocrx_word' id='word_1_319' title='bbox 2409 1311 2479 1364; x_wconf 84' lang='lat' dir='ltr'><strong>te,</strong></span> <span class='ocrx_word' id='word_1_320' title='bbox 2514 1312 2670 1372; x_wconf 71' lang='lat' dir='ltr'><strong>atque</strong></span> <span class='ocrx_word' id='word_1_321' title='bbox 2713 1303 2852 1355; x_wconf 79' lang='lat' dir='ltr'><strong>inter</strong></span> <span class='ocrx_word' id='word_1_322' title='bbox 2889 1302 3127 1368; x_wconf 65' lang='lat' dir='ltr'><strong>ipsum”,</strong></span> <span class='ocrx_word' id='word_1_323' title='bbox 3179 1317 3373 1370; x_wconf 84' lang='lat' dir='ltr'><strong>nempe</strong></span> 
     </span>
    </p>
   </div>
   <div class='ocr_carea' id='block_1_43' title="bbox 1802 1393 3370 1465">
    <p class='ocr_par' dir='ltr' id='par_1_43' title="bbox 1802 1393 3370 1465">
     <span class='ocr_line' id='line_1_43' title="bbox 1802 1393 3370 1465; baseline -0.001 -16"><span class='ocrx_word' id='word_1_324' title='bbox 1802 1397 1928 1465; x_wconf 88' lang='lat' dir='ltr'><strong>quia</strong></span> <span class='ocrx_word' id='word_1_325' title='bbox 1954 1395 2105 1449; x_wconf 88' lang='lat' dir='ltr'><strong>varia</strong></span> <span class='ocrx_word' id='word_1_326' title='bbox 2130 1403 2184 1450; x_wconf 90' lang='lat' dir='ltr'><strong>et</strong></span> <span class='ocrx_word' id='word_1_327' title='bbox 2216 1394 2565 1449; x_wconf 78' lang='lat' dir='ltr'><strong>multiformis</strong></span> <span class='ocrx_word' id='word_1_328' title='bbox 2594 1402 2680 1449; x_wconf 85' lang='lat' dir='ltr'><strong>est</strong></span> <span class='ocrx_word' id='word_1_329' title='bbox 2742 1393 3015 1448; x_wconf 77' lang='lat' dir='ltr'><strong>vitiositas</strong></span> <span class='ocrx_word' id='word_1_330' title='bbox 3034 1435 3049 1457; x_wconf 95' lang='lat'><strong>,</strong></span> <span class='ocrx_word' id='word_1_331' title='bbox 3095 1396 3370 1463; x_wconf 82' lang='lat' dir='ltr'><strong>serpentis</strong></span> 
     </span>
    </p>
   </div>
   <div class='ocr_carea' id='block_1_44' title="bbox 1802 1486 3373 1569">
    <p class='ocr_par' dir='ltr' id='par_1_44' title="bbox 1802 1486 3373 1569">
     <span class='ocr_line' id='line_1_44' title="bbox 1802 1486 3373 1569; baseline -0.001 -30"><span class='ocrx_word' id='word_1_332' title='bbox 1802 1487 2160 1569; x_wconf 73' lang='lat' dir='ltr'><strong>appellatione</strong></span> <span class='ocrx_word' id='word_1_333' title='bbox 2181 1501 2299 1543; x_wconf 90' lang='lat' dir='ltr'><strong>eam</strong></span> <span class='ocrx_word' id='word_1_334' title='bbox 2332 1486 2423 1540; x_wconf 92' lang='lat' dir='ltr'><strong>hic</strong></span> <span class='ocrx_word' id='word_1_335' title='bbox 2458 1501 2641 1540; x_wconf 87' lang='lat' dir='ltr'><strong>sermo</strong></span> <span class='ocrx_word' id='word_1_336' title='bbox 2663 1486 2913 1555; x_wconf 84' lang='lat' dir='ltr'><strong>designat</strong></span> <span class='ocrx_word' id='word_1_337' title='bbox 2945 1505 2956 1540; x_wconf 74' lang='grc' dir='ltr'><strong>ε</strong></span> <span class='ocrx_word' id='word_1_338' title='bbox 2990 1501 3086 1555; x_wconf 90' lang='lat' dir='ltr'><strong>per</strong></span> <span class='ocrx_word' id='word_1_339' title='bbox 3115 1500 3373 1555; x_wconf 82' lang='lat' dir='ltr'><strong>squama-</strong></span> 
     </span>
    </p>
   </div>
   <div class='ocr_carea' id='block_1_45' title="bbox 1802 1578 3374 1648">
    <p class='ocr_par' dir='ltr' id='par_1_45' title="bbox 1802 1578 3374 1648">
     <span class='ocr_line' id='line_1_45' title="bbox 1802 1578 3374 1648; baseline 0.002 -18"><span class='ocrx_word' id='word_1_340' title='bbox 1802 1594 1924 1631; x_wconf 88' lang='lat' dir='ltr'><strong>rmn</strong></span> <span class='ocrx_word' id='word_1_341' title='bbox 1955 1578 2186 1633; x_wconf 89' lang='lat' dir='ltr'><strong>densum</strong></span> <span class='ocrx_word' id='word_1_342' title='bbox 2219 1578 2386 1633; x_wconf 80' lang='lat' dir='ltr'><strong>situm</strong></span> <span class='ocrx_word' id='word_1_343' title='bbox 2421 1579 2758 1648; x_wconf 80' lang='lat' dir='ltr'><strong>multiplices</strong></span> <span class='ocrx_word' id='word_1_344' title='bbox 2790 1578 3049 1633; x_wconf 90' lang='lat' dir='ltr'><strong>vitiorum</strong></span> <span class='ocrx_word' id='word_1_345' title='bbox 3092 1578 3283 1635; x_wconf 90' lang='lat' dir='ltr'><strong>modos</strong></span> <span class='ocrx_word' id='word_1_346' title='bbox 3310 1593 3374 1633; x_wconf 91' lang='lat' dir='ltr'><strong>ac</strong></span> 
     </span>
    </p>
   </div>
   <div class='ocr_carea' id='block_1_46' title="bbox 1805 1670 3374 1739">
    <p class='ocr_par' dir='ltr' id='par_1_46' title="bbox 1805 1670 3374 1739">
     <span class='ocr_line' id='line_1_46' title="bbox 1805 1670 3374 1739; baseline 0.001 -16"><span class='ocrx_word' id='word_1_347' title='bbox 1805 1670 2011 1725; x_wconf 81' lang='lat' dir='ltr'><strong>formas</strong></span> <span class='ocrx_word' id='word_1_348' title='bbox 2044 1671 2191 1725; x_wconf 90' lang='lat' dir='ltr'><strong>velut</strong></span> <span class='ocrx_word' id='word_1_349' title='bbox 2228 1670 2433 1724; x_wconf 87' lang='lat' dir='ltr'><strong>indicio</strong></span> <span class='ocrx_word' id='word_1_350' title='bbox 2462 1679 2712 1724; x_wconf 87' lang='lat' dir='ltr'><strong>notarum</strong></span> <span class='ocrx_word' id='word_1_351' title='bbox 2742 1671 3078 1739; x_wconf 80' lang='lat' dir='ltr'><strong>exprimens.</strong></span> <span class='ocrx_word' id='word_1_352' title='bbox 3107 1670 3217 1726; x_wconf 85' lang='lat' dir='ltr'><strong>Nos</strong></span> <span class='ocrx_word' id='word_1_353' title='bbox 3246 1686 3374 1726; x_wconf 84' lang='lat' dir='ltr'><strong>vero</strong></span> 
     </span>
    </p>
   </div>
   <div class='ocr_carea' id='block_1_47' title="bbox 1804 1762 3373 1831">
    <p class='ocr_par' dir='ltr' id='par_1_47' title="bbox 1804 1762 3373 1831">
     <span class='ocr_line' id='line_1_47' title="bbox 1804 1762 3373 1831; baseline -0.001 -15"><span class='ocrx_word' id='word_1_354' title='bbox 1804 1762 1930 1816; x_wconf 88' lang='lat' dir='ltr'><strong>dum</strong></span> <span class='ocrx_word' id='word_1_355' title='bbox 1964 1762 2267 1816; x_wconf 53' lang='lat' dir='ltr'><strong>adversarii.</strong></span> <span class='ocrx_word' id='word_1_356' title='bbox 2288 1762 2603 1817; x_wconf 84' lang='lat' dir='ltr'><strong>voluntates</strong></span> <span class='ocrx_word' id='word_1_357' title='bbox 2641 1762 3017 1831; x_wconf 80' lang='lat' dir='ltr'><strong>exsequitnur,</strong></span> <span class='ocrx_word' id='word_1_358' title='bbox 3047 1762 3225 1818; x_wconf 71' lang='lat' dir='ltr'><strong>fmdus</strong></span> <span class='ocrx_word' id='word_1_359' title='bbox 3247 1779 3373 1817; x_wconf 90' lang='lat' dir='ltr'><strong>cum</strong></span> 
     </span>
    </p>
   </div>
   <div class='ocr_carea' id='block_1_48' title="bbox 1810 1854 3371 1925">
    <p class='ocr_par' dir='ltr' id='par_1_48' title="bbox 1810 1854 3371 1925">
     <span class='ocr_line' id='line_1_48' title="bbox 1810 1854 3371 1925; baseline -0.003 -14"><span class='ocrx_word' id='word_1_360' title='bbox 1810 1864 2065 1925; x_wconf 88' lang='lat' dir='ltr'><strong>serpente</strong></span> <span class='ocrx_word' id='word_1_361' title='bbox 2093 1855 2347 1919; x_wconf 86' lang='lat' dir='ltr'><strong>colimus,</strong></span> <span class='ocrx_word' id='word_1_362' title='bbox 2374 1855 2558 1909; x_wconf 85' lang='lat' dir='ltr'><strong>odium</strong></span> <span class='ocrx_word' id='word_1_363' title='bbox 2582 1869 2714 1909; x_wconf 91' lang='lat' dir='ltr'><strong>vero</strong></span> <span class='ocrx_word' id='word_1_364' title='bbox 2741 1861 2989 1907; x_wconf 89' lang='lat' dir='ltr'><strong>mutuum</strong></span> <span class='ocrx_word' id='word_1_365' title='bbox 3015 1854 3069 1907; x_wconf 93' lang='lat' dir='ltr'><strong>in</strong></span> <span class='ocrx_word' id='word_1_366' title='bbox 3096 1869 3195 1909; x_wconf 91' lang='lat' dir='ltr'><strong>nos</strong></span> <span class='ocrx_word' id='word_1_367' title='bbox 3222 1854 3371 1923; x_wconf 81' lang='lat' dir='ltr'><strong>ipsos</strong></span> 
     </span>
    </p>
   </div>
   <div class='ocr_carea' id='block_1_49' title="bbox 1804 1945 3373 2015">
    <p class='ocr_par' dir='ltr' id='par_1_49' title="bbox 1804 1945 3373 2015">
     <span class='ocr_line' id='line_1_49' title="bbox 1804 1945 3373 2015; baseline -0.001 -16"><span class='ocrx_word' id='word_1_368' title='bbox 1804 1946 2183 2003; x_wconf 82' lang='lat' dir='ltr'><strong>convertimus</strong></span> <span class='ocrx_word' id='word_1_369' title='bbox 2217 1965 2232 2000; x_wconf 87' lang='lat'><strong>:</strong></span> <span class='ocrx_word' id='word_1_370' title='bbox 2266 1961 2330 2000; x_wconf 90' lang='lat' dir='ltr'><strong>ac</strong></span> <span class='ocrx_word' id='word_1_371' title='bbox 2366 1946 2604 2001; x_wconf 83' lang='lat' dir='ltr'><strong>fortasse</strong></span> <span class='ocrx_word' id='word_1_372' title='bbox 2651 1962 2720 2001; x_wconf 89' lang='lat' dir='ltr'><strong>ne</strong></span> <span class='ocrx_word' id='word_1_373' title='bbox 2755 1946 2809 2000; x_wconf 93' lang='lat' dir='ltr'><strong>in</strong></span> <span class='ocrx_word' id='word_1_374' title='bbox 2849 1962 2949 2001; x_wconf 78' lang='lat' dir='ltr'><strong>nos</strong></span> <span class='ocrx_word' id='word_1_375' title='bbox 2997 1946 3240 2015; x_wconf 88' lang='lat' dir='ltr'><strong>quidem,</strong></span> <span class='ocrx_word' id='word_1_376' title='bbox 3278 1945 3373 1999; x_wconf 84' lang='lat' dir='ltr'><strong>sed</strong></span> 
     </span>
    </p>
   </div>
   <div class='ocr_carea' id='block_1_50' title="bbox 1802 2037 3370 2108">
    <p class='ocr_par' dir='ltr' id='par_1_50' title="bbox 1802 2037 3370 2108">
     <span class='ocr_line' id='line_1_50' title="bbox 1802 2037 3370 2108; baseline -0.002 -16"><span class='ocrx_word' id='word_1_377' title='bbox 1802 2040 1858 2093; x_wconf 90' lang='lat' dir='ltr'><strong>in</strong></span> <span class='ocrx_word' id='word_1_378' title='bbox 1898 2055 2021 2093; x_wconf 92' lang='lat' dir='ltr'><strong>eum</strong></span> <span class='ocrx_word' id='word_1_379' title='bbox 2057 2041 2151 2108; x_wconf 88' lang='lat' dir='ltr'><strong>qui</strong></span> <span class='ocrx_word' id='word_1_380' title='bbox 2192 2038 2510 2093; x_wconf 85' lang='lat' dir='ltr'><strong>mandatum</strong></span> <span class='ocrx_word' id='word_1_381' title='bbox 2543 2038 2677 2093; x_wconf 90' lang='lat' dir='ltr'><strong>illud</strong></span> <span class='ocrx_word' id='word_1_382' title='bbox 2704 2037 2874 2092; x_wconf 88' lang='lat' dir='ltr'><strong>dedit.</strong></span> <span class='ocrx_word' id='word_1_383' title='bbox 2914 2038 3005 2091; x_wconf 87' lang='lat' dir='ltr'><strong>Ait</strong></span> <span class='ocrx_word' id='word_1_384' title='bbox 3051 2039 3194 2093; x_wconf 87' lang='lat' dir='ltr'><strong>enim</strong></span> <span class='ocrx_word' id='word_1_385' title='bbox 3232 2037 3322 2091; x_wconf 90' lang='lat' dir='ltr'><strong>ille</strong></span> <span class='ocrx_word' id='word_1_386' title='bbox 3356 2056 3370 2089; x_wconf 91' lang='lat'>:</span> 
     </span>
    </p>
   </div>
   <div class='ocr_carea' id='block_1_51' title="bbox 1802 2128 3373 2201">
    <p class='ocr_par' dir='ltr' id='par_1_51' title="bbox 1802 2128 3373 2201">
     <span class='ocr_line' id='line_1_51' title="bbox 1802 2128 3373 2201; baseline -0.003 -16"><span class='ocrx_word' id='word_1_387' title='bbox 1802 2132 2023 2185; x_wconf 80' lang='lat' dir='ltr'><strong>Amabis</strong></span> <span class='ocrx_word' id='word_1_388' title='bbox 2051 2133 2353 2201; x_wconf 74' lang='lat' dir='ltr'><strong>proximum</strong></span> <span class='ocrx_word' id='word_1_389' title='bbox 2396 2140 2564 2194; x_wconf 88' lang='lat' dir='ltr'><strong>tuum,</strong></span> <span class='ocrx_word' id='word_1_390' title='bbox 2598 2140 2648 2185; x_wconf 81' lang='lat' dir='ltr'><strong>et</strong></span> <span class='ocrx_word' id='word_1_391' title='bbox 2682 2130 2808 2184; x_wconf 78' lang='lat' dir='ltr'><strong>odio</strong></span> <span class='ocrx_word' id='word_1_392' title='bbox 2850 2128 3062 2183; x_wconf 78' lang='lat' dir='ltr'><strong>habebis</strong></span> <span class='ocrx_word' id='word_1_393' title='bbox 3102 2130 3373 2183; x_wconf 76' lang='lat' dir='ltr'><strong>inimicum</strong></span> 
     </span>
    </p>
   </div>
   <div class='ocr_carea' id='block_1_52' title="bbox 1802 2222 3371 2293">
    <p class='ocr_par' dir='ltr' id='par_1_52' title="bbox 1802 2222 3371 2293">
     <span class='ocr_line' id='line_1_52' title="bbox 1802 2222 3371 2293; baseline -0.004 -14"><span class='ocrx_word' id='word_1_394' title='bbox 1802 2233 1949 2279; x_wconf 84' lang='lat' dir='ltr'><strong>tuum</strong></span> <span class='ocrx_word' id='word_1_395' title='bbox 1978 2224 2020 2289; x_wconf 88' lang='grc'>³,</span> <span class='ocrx_word' id='word_1_396' title='bbox 2061 2226 2237 2279; x_wconf 86' lang='lat' dir='ltr'><strong>solum</strong></span> <span class='ocrx_word' id='word_1_397' title='bbox 2276 2224 2428 2277; x_wconf 91' lang='lat' dir='ltr'><strong>illum</strong></span> <span class='ocrx_word' id='word_1_398' title='bbox 2462 2223 2555 2293; x_wconf 91' lang='lat' dir='ltr'><strong>qui</strong></span> <span class='ocrx_word' id='word_1_399' title='bbox 2588 2233 2799 2278; x_wconf 72' lang='lat' dir='ltr'><strong>natura:</strong></span> <span class='ocrx_word' id='word_1_400' title='bbox 2833 2230 3036 2278; x_wconf 62' lang='lat' dir='ltr'><strong>nostra:</strong></span> <span class='ocrx_word' id='word_1_401' title='bbox 3069 2222 3243 2277; x_wconf 88' lang='lat' dir='ltr'><strong>hostis</strong></span> <span class='ocrx_word' id='word_1_402' title='bbox 3268 2230 3371 2287; x_wconf 84' lang='lat' dir='ltr'><strong>est,</strong></span> 
     </span>
    </p>
   </div>
   <div class='ocr_carea' id='block_1_53' title="bbox 1801 2314 3373 2386">
    <p class='ocr_par' dir='ltr' id='par_1_53' title="bbox 1801 2314 3373 2386">
     <span class='ocr_line' id='line_1_53' title="bbox 1801 2314 3373 2386; baseline -0.003 -15"><span class='ocrx_word' id='word_1_403' title='bbox 1801 2319 2003 2372; x_wconf 68' lang='lat' dir='ltr'><strong>habere</strong></span> <span class='ocrx_word' id='word_1_404' title='bbox 2036 2331 2134 2386; x_wconf 90' lang='lat' dir='ltr'><strong>pro</strong></span> <span class='ocrx_word' id='word_1_405' title='bbox 2174 2316 2398 2371; x_wconf 90' lang='lat' dir='ltr'><strong>inimico</strong></span> <span class='ocrx_word' id='word_1_406' title='bbox 2433 2331 2537 2370; x_wconf 87' lang='lat' dir='ltr'><strong>nos</strong></span> <span class='ocrx_word' id='word_1_407' title='bbox 2560 2314 2725 2385; x_wconf 86' lang='lat' dir='ltr'><strong>jussit</strong></span> <span class='ocrx_word' id='word_1_408' title='bbox 2757 2332 2772 2368; x_wconf 91' lang='lat'>:</span> <span class='ocrx_word' id='word_1_409' title='bbox 2805 2329 3189 2386; x_wconf 89' lang='lat' dir='ltr'><strong>quemcunque</strong></span> <span class='ocrx_word' id='word_1_410' title='bbox 3220 2329 3373 2378; x_wconf 84' lang='lat' dir='ltr'><strong>vero,</strong></span> 
     </span>
    </p>
   </div>
   <div class='ocr_carea' id='block_1_54' title="bbox 1800 2403 3373 2477">
    <p class='ocr_par' dir='ltr' id='par_1_54' title="bbox 1800 2403 3373 2477">
     <span class='ocr_line' id='line_1_54' title="bbox 1800 2403 3373 2477; baseline -0.003 -17"><span class='ocrx_word' id='word_1_411' title='bbox 1800 2408 1894 2477; x_wconf 87' lang='lat' dir='ltr'><strong>qui</strong></span> <span class='ocrx_word' id='word_1_412' title='bbox 1931 2419 2141 2461; x_wconf 67' lang='lat' dir='ltr'><strong>naturae</strong></span> <span class='ocrx_word' id='word_1_413' title='bbox 2173 2406 2339 2477; x_wconf 88' lang='lat' dir='ltr'><strong>hujus</strong></span> <span class='ocrx_word' id='word_1_414' title='bbox 2375 2407 2444 2461; x_wconf 87' lang='lat' dir='ltr'><strong>sit</strong></span> <span class='ocrx_word' id='word_1_415' title='bbox 2491 2405 2797 2475; x_wconf 86' lang='lat' dir='ltr'><strong>particeps,</strong></span> <span class='ocrx_word' id='word_1_416' title='bbox 2830 2405 3141 2473; x_wconf 81' lang='lat' dir='ltr'><strong>proximum</strong></span> <span class='ocrx_word' id='word_1_417' title='bbox 3184 2403 3373 2471; x_wconf 86' lang='lat' dir='ltr'><strong>cujus-</strong></span> 
     </span>
    </p>
   </div>
   <div class='ocr_carea' id='block_1_55' title="bbox 1800 2496 3375 2567">
    <p class='ocr_par' dir='ltr' id='par_1_55' title="bbox 1800 2496 3375 2567">
     <span class='ocr_line' id='line_1_55' title="bbox 1800 2496 3375 2567; baseline -0.002 -17"><span class='ocrx_word' id='word_1_418' title='bbox 1800 2514 1909 2567; x_wconf 88' lang='lat' dir='ltr'><strong>que</strong></span> <span class='ocrx_word' id='word_1_419' title='bbox 1952 2513 2075 2553; x_wconf 82' lang='lat' dir='ltr'><strong>esse</strong></span> <span class='ocrx_word' id='word_1_420' title='bbox 2123 2497 2505 2567; x_wconf 88' lang='lat' dir='ltr'><strong>pronuntiavit</strong></span> <span class='ocrx_word' id='word_1_421' title='bbox 2559 2515 2572 2551; x_wconf 92' lang='lat'><strong>:</strong></span> <span class='ocrx_word' id='word_1_422' title='bbox 2629 2506 2684 2551; x_wconf 88' lang='lat' dir='ltr'><strong>at</strong></span> <span class='ocrx_word' id='word_1_423' title='bbox 2733 2506 2923 2552; x_wconf 87' lang='lat' dir='ltr'><strong>nostra</strong></span> <span class='ocrx_word' id='word_1_424' title='bbox 2976 2496 3092 2550; x_wconf 73' lang='lat' dir='ltr'><strong>[nec</strong></span> <span class='ocrx_word' id='word_1_425' title='bbox 3139 2496 3375 2563; x_wconf 79' lang='lat' dir='ltr'><strong>maligna</strong></span> 
     </span>
    </p>
   </div>
   <div class='ocr_carea' id='block_1_56' title="bbox 1800 2587 3374 2657">
    <p class='ocr_par' dir='ltr' id='par_1_56' title="bbox 1800 2587 3374 2657">
     <span class='ocr_line' id='line_1_56' title="bbox 1800 2587 3374 2657; baseline -0.002 -15"><span class='ocrx_word' id='word_1_426' title='bbox 1800 2596 1935 2642; x_wconf 68' lang='lat' dir='ltr'><strong>aetas</strong></span> <span class='ocrx_word' id='word_1_427' title='bbox 1967 2596 2029 2641; x_wconf 89' lang='lat' dir='ltr'><strong>ut</strong></span> <span class='ocrx_word' id='word_1_428' title='bbox 2072 2587 2514 2643; x_wconf 88' lang='lat' dir='ltr'><strong>abalienaremur</strong></span> <span class='ocrx_word' id='word_1_429' title='bbox 2557 2603 2587 2640; x_wconf 91' lang='lat' dir='ltr'><strong>a</strong></span> <span class='ocrx_word' id='word_1_430' title='bbox 2637 2587 2934 2657; x_wconf 77' lang='lat' dir='ltr'><strong>proximis,</strong></span> <span class='ocrx_word' id='word_1_431' title='bbox 2968 2598 3021 2640; x_wconf 81' lang='lat' dir='ltr'><strong>et</strong></span> <span class='ocrx_word' id='word_1_432' title='bbox 3066 2597 3374 2655; x_wconf 85' lang='lat' dir='ltr'><strong>serpentem</strong></span> 
     </span>
    </p>
   </div>
   <div class='ocr_carea' id='block_1_57' title="bbox 1800 2679 3377 2749">
    <p class='ocr_par' dir='ltr' id='par_1_57' title="bbox 1800 2679 3377 2749">
     <span class='ocr_line' id='line_1_57' title="bbox 1800 2679 3377 2749; baseline -0.004 -14"><span class='ocrx_word' id='word_1_433' title='bbox 1800 2681 2134 2745; x_wconf 83' lang='lat' dir='ltr'><strong>foveremus,</strong></span> <span class='ocrx_word' id='word_1_434' title='bbox 2167 2680 2371 2741; x_wconf 72' lang='lat' dir='ltr'><strong>effecit,</strong></span> <span class='ocrx_word' id='word_1_435' title='bbox 2406 2689 2574 2749; x_wconf 89' lang='lat' dir='ltr'><strong>utque</strong></span> <span class='ocrx_word' id='word_1_436' title='bbox 2607 2695 2960 2749; x_wconf 83' lang='lat' dir='ltr'><strong>squamarum</strong></span> <span class='ocrx_word' id='word_1_437' title='bbox 2986 2679 3106 2749; x_wconf 86' lang='lat' dir='ltr'><strong>ejus</strong></span> <span class='ocrx_word' id='word_1_438' title='bbox 3142 2685 3377 2749; x_wconf 86' lang='lat' dir='ltr'><strong>punctu-</strong></span> 
     </span>
    </p>
   </div>
   <div class='ocr_carea' id='block_1_58' title="bbox 1800 2767 3378 2839">
    <p class='ocr_par' dir='ltr' id='par_1_58' title="bbox 1800 2767 3378 2839">
     <span class='ocr_line' id='line_1_58' title="bbox 1800 2767 3378 2839; baseline -0.002 -14"><span class='ocrx_word' id='word_1_439' title='bbox 1800 2772 1879 2825; x_wconf 85' lang='lat' dir='ltr'><strong>ris</strong></span> <span class='ocrx_word' id='word_1_440' title='bbox 1928 2770 2316 2839; x_wconf 75' lang='lat' dir='ltr'><strong>gauderemus.</strong></span> <span class='ocrx_word' id='word_1_441' title='bbox 2358 2768 2492 2822; x_wconf 86' lang='lat' dir='ltr'><strong>Nam</strong></span> <span class='ocrx_word' id='word_1_442' title='bbox 2526 2770 2779 2838; x_wconf 82' lang='lat' dir='ltr'><strong>equidem</strong></span> <span class='ocrx_word' id='word_1_443' title='bbox 2824 2769 2918 2822; x_wconf 88' lang='lat' dir='ltr'><strong>Dei</strong></span> <span class='ocrx_word' id='word_1_444' title='bbox 2952 2769 3139 2822; x_wconf 85' lang='lat' dir='ltr'><strong>hostes</strong></span> <span class='ocrx_word' id='word_1_445' title='bbox 3188 2767 3378 2822; x_wconf 88' lang='lat' dir='ltr'><strong>odisse</strong></span> 
     </span>
    </p>
   </div>
   <div class='ocr_carea' id='block_1_59' title="bbox 1794 2859 3373 2931">
    <p class='ocr_par' dir='ltr' id='par_1_59' title="bbox 1794 2859 3373 2931">
     <span class='ocr_line' id='line_1_59' title="bbox 1794 2859 3373 2931; baseline -0.001 -16"><span class='ocrx_word' id='word_1_446' title='bbox 1794 2865 2004 2931; x_wconf 88' lang='lat' dir='ltr'><strong>justum</strong></span> <span class='ocrx_word' id='word_1_447' title='bbox 2037 2877 2160 2917; x_wconf 83' lang='lat' dir='ltr'><strong>esse</strong></span> <span class='ocrx_word' id='word_1_448' title='bbox 2185 2862 2293 2924; x_wconf 90' lang='lat' dir='ltr'><strong>aio,</strong></span> <span class='ocrx_word' id='word_1_449' title='bbox 2331 2861 2493 2931; x_wconf 90' lang='lat' dir='ltr'><strong>idque</strong></span> <span class='ocrx_word' id='word_1_450' title='bbox 2520 2861 2631 2915; x_wconf 77' lang='lat' dir='ltr'><strong>odii</strong></span> <span class='ocrx_word' id='word_1_451' title='bbox 2673 2875 2847 2930; x_wconf 82' lang='lat' dir='ltr'><strong>genus</strong></span> <span class='ocrx_word' id='word_1_452' title='bbox 2879 2859 3108 2913; x_wconf 88' lang='lat' dir='ltr'><strong>Domino</strong></span> <span class='ocrx_word' id='word_1_453' title='bbox 3138 2860 3373 2929; x_wconf 86' lang='lat' dir='ltr'><strong>placere.</strong></span> 
     </span>
    </p>
   </div>
   <div class='ocr_carea' id='block_1_60' title="bbox 1803 2949 3377 3021">
    <p class='ocr_par' dir='ltr' id='par_1_60' title="bbox 1803 2949 3377 3021">
     <span class='ocr_line' id='line_1_60' title="bbox 1803 2949 3377 3021; baseline -0.003 -12"><span class='ocrx_word' id='word_1_454' title='bbox 1803 2954 1907 3009; x_wconf 89' lang='lat' dir='ltr'><strong>Sed</strong></span> <span class='ocrx_word' id='word_1_455' title='bbox 1942 2955 2133 3009; x_wconf 86' lang='lat' dir='ltr'><strong>hostes</strong></span> <span class='ocrx_word' id='word_1_456' title='bbox 2164 2952 2259 3008; x_wconf 92' lang='lat' dir='ltr'><strong>Dei</strong></span> <span class='ocrx_word' id='word_1_457' title='bbox 2288 2968 2412 3008; x_wconf 90' lang='lat' dir='ltr'><strong>esse</strong></span> <span class='ocrx_word' id='word_1_458' title='bbox 2443 2953 2569 3007; x_wconf 90' lang='lat' dir='ltr'><strong>illos</strong></span> <span class='ocrx_word' id='word_1_459' title='bbox 2600 2951 2747 3015; x_wconf 89' lang='lat' dir='ltr'><strong>dico,</strong></span> <span class='ocrx_word' id='word_1_460' title='bbox 2780 2952 2873 3021; x_wconf 89' lang='lat' dir='ltr'><strong>qui</strong></span> <span class='ocrx_word' id='word_1_461' title='bbox 2912 2951 3170 3005; x_wconf 90' lang='lat' dir='ltr'><strong>omnibus</strong></span> <span class='ocrx_word' id='word_1_462' title='bbox 3198 2949 3377 3005; x_wconf 91' lang='lat' dir='ltr'><strong>modis</strong></span> 
     </span>
    </p>
   </div>
   <div class='ocr_carea' id='block_1_61' title="bbox 1800 3041 3379 3116">
    <p class='ocr_par' dir='ltr' id='par_1_61' title="bbox 1800 3041 3379 3116">
     <span class='ocr_line' id='line_1_61' title="bbox 1800 3041 3379 3116; baseline -0.003 -15"><span class='ocrx_word' id='word_1_463' title='bbox 1800 3046 2013 3101; x_wconf 91' lang='lat' dir='ltr'><strong>Domini</strong></span> <span class='ocrx_word' id='word_1_464' title='bbox 2048 3045 2274 3116; x_wconf 80' lang='lat' dir='ltr'><strong>gloriam</strong></span> <span class='ocrx_word' id='word_1_465' title='bbox 2303 3051 2505 3114; x_wconf 87' lang='lat' dir='ltr'><strong>negant</strong></span> <span class='ocrx_word' id='word_1_466' title='bbox 2542 3061 2559 3100; x_wconf 87' lang='lat'><strong>:</strong></span> <span class='ocrx_word' id='word_1_467' title='bbox 2591 3044 2708 3099; x_wconf 90' lang='lat' dir='ltr'><strong>sive</strong></span> <span class='ocrx_word' id='word_1_468' title='bbox 2751 3044 2830 3098; x_wconf 88' lang='lat' dir='ltr'><strong>illi</strong></span> <span class='ocrx_word' id='word_1_469' title='bbox 2870 3050 2997 3098; x_wconf 90' lang='lat' dir='ltr'><strong>sunt</strong></span> <span class='ocrx_word' id='word_1_470' title='bbox 3025 3041 3229 3107; x_wconf 65' lang='lat' dir='ltr'><strong>Judaei,</strong></span> <span class='ocrx_word' id='word_1_471' title='bbox 3259 3044 3379 3096; x_wconf 87' lang='lat' dir='ltr'><strong>sive</strong></span> 
     </span>
    </p>
   </div>
   <div class='ocr_carea' id='block_1_62' title="bbox 109 3134 1691 3215">
    <p class='ocr_par' dir='ltr' id='par_1_62' title="bbox 109 3134 1691 3207">
     <span class='ocr_line' id='line_1_62' title="bbox 109 3134 1691 3207; baseline -0.003 -16"><span class='ocrx_word' id='word_1_472' title='bbox 109 3156 216 3206; x_wconf 80' lang='grc' dir='ltr'>νην</span> <span class='ocrx_word' id='word_1_473' title='bbox 280 3137 781 3207; x_wconf 77' lang='grc' dir='ltr'>ἀναλαμϐάνοντας.</span> <span class='ocrx_word' id='word_1_474' title='bbox 837 3136 901 3189; x_wconf 85' lang='grc' dir='ltr'>Εί</span> <span class='ocrx_word' id='word_1_475' title='bbox 955 3136 1011 3188; x_wconf 82' lang='grc' dir='ltr'>δὲ</span> <span class='ocrx_word' id='word_1_476' title='bbox 1040 3136 1249 3205; x_wconf 81' lang='grc' dir='ltr'>Πατὴρ,</span> <span class='ocrx_word' id='word_1_477' title='bbox 1296 3134 1391 3188; x_wconf 75' lang='grc' dir='ltr'><strong>καὶ</strong></span> <span class='ocrx_word' id='word_1_478' title='bbox 1420 3135 1568 3197; x_wconf 79' lang='grc' dir='ltr'>Υἱὸς,</span> <span class='ocrx_word' id='word_1_479' title='bbox 1605 3135 1691 3188; x_wconf 69' lang='grc' dir='ltr'>καὶ</span> 
     </span>
    </p>
   </div>
   <div class='ocr_carea' id='block_1_63' title="bbox 1800 3134 3371 3215">
    <p class='ocr_par' dir='ltr' id='par_1_63' title="bbox 1803 3134 3371 3205">
     <span class='ocr_line' id='line_1_63' title="bbox 1803 3134 3371 3205; baseline -0.003 -13"><span class='ocrx_word' id='word_1_480' title='bbox 1803 3138 2079 3193; x_wconf 88' lang='lat' dir='ltr'><strong>manifesti</strong></span> <span class='ocrx_word' id='word_1_481' title='bbox 2126 3136 2444 3197; x_wconf 83' lang='lat' dir='ltr'><strong>idololatrae,</strong></span> <span class='ocrx_word' id='word_1_482' title='bbox 2491 3136 2604 3190; x_wconf 87' lang='lat' dir='ltr'><strong>sive</strong></span> <span class='ocrx_word' id='word_1_483' title='bbox 2652 3135 2719 3191; x_wconf 91' lang='lat' dir='ltr'><strong>de</strong></span> <span class='ocrx_word' id='word_1_484' title='bbox 2747 3150 2940 3189; x_wconf 91' lang='lat' dir='ltr'><strong>eorum</strong></span> <span class='ocrx_word' id='word_1_485' title='bbox 2985 3149 3235 3197; x_wconf 90' lang='lat' dir='ltr'><strong>numero,</strong></span> <span class='ocrx_word' id='word_1_486' title='bbox 3276 3134 3371 3205; x_wconf 89' lang='lat' dir='ltr'><strong>qui</strong></span> 
     </span>
    </p>
   </div>
   <div class='ocr_carea' id='block_1_64' title="bbox 110 3225 1696 3297">
    <p class='ocr_par' dir='ltr' id='par_1_64' title="bbox 110 3225 1696 3297">
     <span class='ocr_line' id='line_1_64' title="bbox 110 3225 1696 3297; baseline -0.003 -16"><span class='ocrx_word' id='word_1_487' title='bbox 110 3227 272 3295; x_wconf 79' lang='grc' dir='ltr'>ἅγιον</span> <span class='ocrx_word' id='word_1_488' title='bbox 302 3226 526 3297; x_wconf 82' lang='grc' dir='ltr'>Πνεῦμα</span> <span class='ocrx_word' id='word_1_489' title='bbox 572 3226 811 3289; x_wconf 77' lang='grc' dir='ltr'>εὐσεὸὦς</span> <span class='ocrx_word' id='word_1_490' title='bbox 853 3225 1146 3292; x_wconf 76' lang='grc' dir='ltr'>δοξάζοιτο,</span> <span class='ocrx_word' id='word_1_491' title='bbox 1196 3226 1289 3278; x_wconf 72' lang='grc' dir='ltr'><strong>καὶ</strong></span> <span class='ocrx_word' id='word_1_492' title='bbox 1340 3228 1696 3295; x_wconf 84' lang='grc' dir='ltr'>προσκυνοίτο</span> 
     </span>
    </p>
   </div>
   <div class='ocr_carea' id='block_1_65' title="bbox 108 3316 1694 3389">
    <p class='ocr_par' dir='ltr' id='par_1_65' title="bbox 108 3316 1694 3389">
     <span class='ocr_line' id='line_1_65' title="bbox 108 3316 1694 3389; baseline -0.002 -18"><span class='ocrx_word' id='word_1_493' title='bbox 108 3318 269 3389; x_wconf 72' lang='grc' dir='ltr'>’παρὰ</span> <span class='ocrx_word' id='word_1_494' title='bbox 295 3317 402 3371; x_wconf 82' lang='grc' dir='ltr'><strong>τῶν</strong></span> <span class='ocrx_word' id='word_1_495' title='bbox 434 3319 793 3372; x_wconf 82' lang='grc' dir='ltr'>πιστευόντων</span> <span class='ocrx_word' id='word_1_496' title='bbox 823 3318 879 3370; x_wconf 83' lang='grc' dir='ltr'>ὲν</span> <span class='ocrx_word' id='word_1_497' title='bbox 893 3317 1181 3387; x_wconf 84' lang='grc' dir='ltr'>ἁσυγχύτῳ</span> <span class='ocrx_word' id='word_1_498' title='bbox 1198 3318 1292 3370; x_wconf 77' lang='grc' dir='ltr'>καὶ</span> <span class='ocrx_word' id='word_1_499' title='bbox 1309 3316 1694 3387; x_wconf 74' lang='grc' dir='ltr'>διακεκριμένη</span> 
     </span>
    </p>
   </div>
   <div class='ocr_carea' id='block_1_66' title="bbox 108 3405 1696 3481">
    <p class='ocr_par' dir='ltr' id='par_1_66' title="bbox 108 3405 1696 3481">
     <span class='ocr_line' id='line_1_66' title="bbox 108 3405 1696 3481; baseline -0.001 -18"><span class='ocrx_word' id='word_1_500' title='bbox 108 3414 180 3481; x_wconf 83' lang='grc' dir='ltr'>τῇ</span> <span class='ocrx_word' id='word_1_501' title='bbox 222 3410 353 3479; x_wconf 74' lang='grc' dir='ltr'>ἁγία</span> <span class='ocrx_word' id='word_1_502' title='bbox 381 3410 570 3480; x_wconf 87' lang='grc' dir='ltr'>Τριάδι</span> <span class='ocrx_word' id='word_1_503' title='bbox 600 3410 727 3480; x_wconf 87' lang='grc' dir='ltr'>μίαν</span> <span class='ocrx_word' id='word_1_504' title='bbox 756 3405 894 3464; x_wconf 75' lang='grc' dir='ltr'>εἶναι</span> <span class='ocrx_word' id='word_1_505' title='bbox 931 3410 1024 3463; x_wconf 78' lang='grc' dir='ltr'><strong>καὶ</strong></span> <span class='ocrx_word' id='word_1_506' title='bbox 1051 3408 1231 3476; x_wconf 81' lang='grc' dir='ltr'>φύσιν,</span> <span class='ocrx_word' id='word_1_507' title='bbox 1264 3410 1357 3462; x_wconf 78' lang='grc' dir='ltr'>καὶ</span> <span class='ocrx_word' id='word_1_508' title='bbox 1397 3410 1570 3475; x_wconf 77' lang='grc' dir='ltr'>δόξαν,</span> <span class='ocrx_word' id='word_1_509' title='bbox 1604 3410 1696 3462; x_wconf 78' lang='grc' dir='ltr'>καὶ</span> 
     </span>
    </p>
   </div>
   <div class='ocr_carea' id='block_1_67' title="bbox 112 3499 1692 3573">
    <p class='ocr_par' dir='ltr' id='par_1_67' title="bbox 112 3499 1692 3573">
     <span class='ocr_line' id='line_1_67' title="bbox 112 3499 1692 3573; baseline 0 -20"><span class='ocrx_word' id='word_1_510' title='bbox 112 3502 526 3571; x_wconf 75' lang='grc' dir='ltr'>βασιλείαν,καὶ</span> <span class='ocrx_word' id='word_1_511' title='bbox 545 3502 790 3573; x_wconf 79' lang='grc' dir='ltr'>δύναμιν,</span> <span class='ocrx_word' id='word_1_512' title='bbox 822 3501 915 3555; x_wconf 65' lang='grc' dir='ltr'>καὶ</span> <span class='ocrx_word' id='word_1_513' title='bbox 936 3501 1034 3570; x_wconf 84' lang='grc' dir='ltr'>τὴν</span> <span class='ocrx_word' id='word_1_514' title='bbox 1063 3500 1153 3552; x_wconf 76' lang='grc' dir='ltr'><strong>ἐπὶ</strong></span> <span class='ocrx_word' id='word_1_515' title='bbox 1174 3500 1388 3553; x_wconf 84' lang='grc' dir='ltr'>πάντων</span> <span class='ocrx_word' id='word_1_516' title='bbox 1418 3499 1692 3567; x_wconf 61' lang='grc' dir='ltr'><strong>ἐξουσίαν,⁹</strong></span> 
     </span>
    </p>
   </div>
   <div class='ocr_carea' id='block_1_68' title="bbox 110 3592 1446 3665">
    <p class='ocr_par' dir='ltr' id='par_1_68' title="bbox 110 3592 1446 3665">
     <span class='ocr_line' id='line_1_68' title="bbox 110 3592 1446 3665; baseline -0.004 -15"><span class='ocrx_word' id='word_1_517' title='bbox 110 3594 351 3650; x_wconf 79' lang='grc' dir='ltr'>ἐνταῦθα.</span> <span class='ocrx_word' id='word_1_518' title='bbox 376 3596 405 3648; x_wconf 89' lang='lat'><strong>6</strong></span> <span class='ocrx_word' id='word_1_519' title='bbox 433 3595 666 3665; x_wconf 87' lang='grc' dir='ltr'>πόλεμος</span> <span class='ocrx_word' id='word_1_520' title='bbox 694 3595 809 3648; x_wconf 91' lang='grc' dir='ltr'>τίνα</span> <span class='ocrx_word' id='word_1_521' title='bbox 838 3594 1054 3662; x_wconf 74' lang='grc' dir='ltr'>εὔλογον</span> <span class='ocrx_word' id='word_1_522' title='bbox 1085 3594 1264 3647; x_wconf 85' lang='grc' dir='ltr'>αἰτίαν</span> <span class='ocrx_word' id='word_1_523' title='bbox 1294 3592 1404 3663; x_wconf 71' lang='grc' dir='ltr'>ἔχει</span> <span class='ocrx_word' id='word_1_524' title='bbox 1431 3608 1446 3657; x_wconf 90' lang='grc'><strong>;</strong></span> 
     </span>
    </p>
   </div>
   <div class='ocr_carea' id='block_1_69' title="bbox 110 3685 2120 3757">
    <p class='ocr_par' dir='ltr' id='par_1_69' title="bbox 110 3685 2120 3757">
     <span class='ocr_line' id='line_1_69' title="bbox 110 3685 2120 3757; baseline -0.003 -13"><span class='ocrx_word' id='word_1_525' title='bbox 110 3697 170 3744; x_wconf 87' lang='lat' dir='ltr'><strong>et</strong></span> <span class='ocrx_word' id='word_1_526' title='bbox 210 3688 357 3754; x_wconf 89' lang='lat' dir='ltr'><strong>vim,</strong></span> <span class='ocrx_word' id='word_1_527' title='bbox 398 3695 453 3743; x_wconf 92' lang='lat' dir='ltr'><strong>et</strong></span> <span class='ocrx_word' id='word_1_528' title='bbox 490 3689 638 3757; x_wconf 89' lang='lat' dir='ltr'><strong>pium</strong></span> <span class='ocrx_word' id='word_1_529' title='bbox 677 3688 885 3742; x_wconf 84' lang='lat' dir='ltr'><strong>cultum</strong></span> <span class='ocrx_word' id='word_1_530' title='bbox 924 3696 978 3743; x_wconf 89' lang='lat' dir='ltr'><strong>et</strong></span> <span class='ocrx_word' id='word_1_531' title='bbox 1011 3703 1176 3757; x_wconf 88' lang='lat' dir='ltr'><strong>supra</strong></span> <span class='ocrx_word' id='word_1_532' title='bbox 1215 3688 1400 3743; x_wconf 89' lang='lat' dir='ltr'><strong>omnia</strong></span> <span class='ocrx_word' id='word_1_533' title='bbox 1440 3685 1693 3741; x_wconf 78' lang='lat' dir='ltr'><strong>diﬂusam</strong></span> <span class='ocrx_word' id='word_1_534' title='bbox 1735 3694 2064 3757; x_wconf 85' lang='lat' dir='ltr'><strong>potestatem</strong></span> <span class='ocrx_word' id='word_1_535' title='bbox 2105 3703 2120 3739; x_wconf 88' lang='lat'><strong>:</strong></span> 
     </span>
    </p>
   </div>
   <div class='ocr_carea' id='block_1_70' title="bbox 111 3782 664 3851">
    <p class='ocr_par' dir='ltr' id='par_1_70' title="bbox 111 3782 664 3851">
     <span class='ocr_line' id='line_1_70' title="bbox 111 3782 664 3851; baseline -0.007 -13"><span class='ocrx_word' id='word_1_536' title='bbox 111 3797 282 3838; x_wconf 81' lang='lat' dir='ltr'><strong>causa</strong></span> <span class='ocrx_word' id='word_1_537' title='bbox 314 3796 439 3835; x_wconf 86' lang='lat' dir='ltr'><strong>esse</strong></span> <span class='ocrx_word' id='word_1_538' title='bbox 463 3782 664 3851; x_wconf 86' lang='lat' dir='ltr'><strong>queat?</strong></span> 
     </span>
    </p>
   </div>
   <div class='ocr_carea' id='block_1_71' title="bbox 188 3868 1690 3943">
    <p class='ocr_par' dir='ltr' id='par_1_71' title="bbox 188 3868 1690 3943">
     <span class='ocr_line' id='line_1_71' title="bbox 188 3868 1690 3943; baseline -0.006 -13"><span class='ocrx_word' id='word_1_539' title='bbox 188 3874 325 3931; x_wconf 80' lang='grc' dir='ltr'><strong>Ὀτε</strong></span> <span class='ocrx_word' id='word_1_540' title='bbox 357 3873 649 3943; x_wconf 72' lang='grc' dir='ltr'>ἐπεκράτει</span> <span class='ocrx_word' id='word_1_541' title='bbox 685 3872 754 3925; x_wconf 79' lang='grc' dir='ltr'><strong>τὰ</strong></span> <span class='ocrx_word' id='word_1_542' title='bbox 782 3872 880 3941; x_wconf 83' lang='grc' dir='ltr'>τῆς</span> <span class='ocrx_word' id='word_1_543' title='bbox 908 3868 1171 3942; x_wconf 82' lang='grc' dir='ltr'>αἱρέσεως</span> <span class='ocrx_word' id='word_1_544' title='bbox 1196 3870 1443 3939; x_wconf 84' lang='grc' dir='ltr'>δόγματα</span> <span class='ocrx_word' id='word_1_545' title='bbox 1461 3910 1474 3933; x_wconf 89' lang='grc'><strong>,</strong></span> <span class='ocrx_word' id='word_1_546' title='bbox 1504 3869 1595 3922; x_wconf 74' lang='grc' dir='ltr'><strong>καὶ</strong></span> <span class='ocrx_word' id='word_1_547' title='bbox 1630 3868 1690 3921; x_wconf 80' lang='grc' dir='ltr'>τὸ</span> 
     </span>
    </p>
   </div>
   <div class='ocr_carea' id='block_1_72' title="bbox 109 3955 1691 4037">
    <p class='ocr_par' dir='ltr' id='par_1_72' title="bbox 109 3955 1691 4037">
     <span class='ocr_line' id='line_1_72' title="bbox 109 3955 1691 4037; baseline -0.006 -16"><span class='ocrx_word' id='word_1_548' title='bbox 109 3987 190 4021; x_wconf 85' lang='grc' dir='ltr'><strong>πα</strong></span> <span class='ocrx_word' id='word_1_549' title='bbox 200 3965 606 4037; x_wconf 85' lang='grc' dir='ltr'>ρακινδυνεῦσαι</span> <span class='ocrx_word' id='word_1_550' title='bbox 626 3964 757 4035; x_wconf 83' lang='grc' dir='ltr'>πρὸς</span> <span class='ocrx_word' id='word_1_551' title='bbox 768 3963 865 4025; x_wconf 75' lang='grc' dir='ltr'><strong>τὰς</strong></span> <span class='ocrx_word' id='word_1_552' title='bbox 878 3961 997 4026; x_wconf 79' lang='grc' dir='ltr'>ὲξου</span> <span class='ocrx_word' id='word_1_553' title='bbox 1005 3962 1142 4026; x_wconf 85' lang='grc' dir='ltr'>σίας,</span> <span class='ocrx_word' id='word_1_554' title='bbox 1157 3962 1222 4014; x_wconf 83' lang='grc' dir='ltr'>δι’</span> <span class='ocrx_word' id='word_1_555' title='bbox 1236 3955 1309 4014; x_wconf 81' lang='grc' dir='ltr'>ὧν</span> <span class='ocrx_word' id='word_1_556' title='bbox 1323 3961 1473 4014; x_wconf 79' lang='grc' dir='ltr'>ἐδόκε</span> <span class='ocrx_word' id='word_1_557' title='bbox 1482 3980 1497 4011; x_wconf 91' lang='grc' dir='ltr'><strong>ι</strong></span> <span class='ocrx_word' id='word_1_558' title='bbox 1513 3960 1574 4012; x_wconf 83' lang='grc' dir='ltr'>τὸ</span> <span class='ocrx_word' id='word_1_559' title='bbox 1584 3960 1691 4012; x_wconf 82' lang='grc' dir='ltr'><strong>τῶν</strong></span> 
     </span>
    </p>
   </div>
   <div class='ocr_carea' id='block_1_73' title="bbox 108 4048 1693 4128">
    <p class='ocr_par' dir='ltr' id='par_1_73' title="bbox 108 4048 1693 4128">
     <span class='ocr_line' id='line_1_73' title="bbox 108 4048 1693 4128; baseline -0.006 -16"><span class='ocrx_word' id='word_1_560' title='bbox 108 4056 507 4128; x_wconf 81' lang='grc' dir='ltr'>ἀντικειμένων</span> <span class='ocrx_word' id='word_1_561' title='bbox 549 4057 723 4125; x_wconf 88' lang='grc' dir='ltr'>δόγμα</span> <span class='ocrx_word' id='word_1_562' title='bbox 758 4053 1155 4125; x_wconf 81' lang='grc' dir='ltr'>κρατύνεσθαι,</span> <span class='ocrx_word' id='word_1_563' title='bbox 1201 4052 1381 4115; x_wconf 81' lang='grc' dir='ltr'>καλῶς</span> <span class='ocrx_word' id='word_1_564' title='bbox 1421 4048 1585 4123; x_wconf 74' lang='grc' dir='ltr'>εἶχεν·</span> <span class='ocrx_word' id='word_1_565' title='bbox 1617 4052 1693 4114; x_wconf 82' lang='grc' dir='ltr'>ὡς</span> 
     </span>
    </p>
   </div>
   <div class='ocr_carea' id='block_1_74' title="bbox 108 4144 1693 4221">
    <p class='ocr_par' dir='ltr' id='par_1_74' title="bbox 108 4144 1693 4221">
     <span class='ocr_line' id='line_1_74' title="bbox 108 4144 1693 4221; baseline -0.006 -16"><span class='ocrx_word' id='word_1_566' title='bbox 108 4153 176 4205; x_wconf 80' lang='grc' dir='ltr'>ἂν</span> <span class='ocrx_word' id='word_1_567' title='bbox 204 4154 279 4221; x_wconf 83' lang='grc' dir='ltr'>μὴ</span> <span class='ocrx_word' id='word_1_568' title='bbox 302 4148 817 4203; x_wconf 79' lang='grc' dir='ltr'>καταδυναστεύοιτο</span> <span class='ocrx_word' id='word_1_569' title='bbox 834 4148 954 4208; x_wconf 86' lang='grc' dir='ltr'>ταῖς</span> <span class='ocrx_word' id='word_1_570' title='bbox 972 4146 1340 4217; x_wconf 88' lang='grc' dir='ltr'>ἀνθρωπίναις</span> <span class='ocrx_word' id='word_1_571' title='bbox 1359 4144 1693 4207; x_wconf 84' lang='grc' dir='ltr'>δυναστείαις</span> 
     </span>
    </p>
   </div>
   <div class='ocr_carea' id='block_1_75' title="bbox 106 4234 1695 4310">
    <p class='ocr_par' dir='ltr' id='par_1_75' title="bbox 106 4234 1695 4310">
     <span class='ocr_line' id='line_1_75' title="bbox 106 4234 1695 4310; baseline -0.005 -17"><span class='ocrx_word' id='word_1_572' title='bbox 106 4242 140 4293; x_wconf 87' lang='grc' dir='ltr'>ὁ</span> <span class='ocrx_word' id='word_1_573' title='bbox 166 4241 435 4310; x_wconf 81' lang='grc' dir='ltr'>σωτήριος</span> <span class='ocrx_word' id='word_1_574' title='bbox 451 4239 624 4305; x_wconf 81' lang='grc' dir='ltr'>λόγος·</span> <span class='ocrx_word' id='word_1_575' title='bbox 656 4237 774 4290; x_wconf 74' lang='grc' dir='ltr'>νυνὶ</span> <span class='ocrx_word' id='word_1_576' title='bbox 801 4236 855 4289; x_wconf 85' lang='grc' dir='ltr'>δὲ</span> <span class='ocrx_word' id='word_1_577' title='bbox 881 4235 1021 4289; x_wconf 77' lang='grc' dir='ltr'>κατὰ</span> <span class='ocrx_word' id='word_1_578' title='bbox 1047 4236 1225 4289; x_wconf 87' lang='grc' dir='ltr'>πᾶσαν</span> <span class='ocrx_word' id='word_1_579' title='bbox 1252 4236 1351 4304; x_wconf 87' lang='grc' dir='ltr'><strong>τὴν</strong></span> <span class='ocrx_word' id='word_1_580' title='bbox 1372 4234 1695 4303; x_wconf 81' lang='grc' dir='ltr'>οἰκουμένην</span> 
     </span>
    </p>
   </div>
   <div class='ocr_carea' id='block_1_76' title="bbox 106 4322 1689 4400">
    <p class='ocr_par' dir='ltr' id='par_1_76' title="bbox 106 4322 1689 4400">
     <span class='ocr_line' id='line_1_76' title="bbox 106 4322 1689 4400; baseline -0.004 -16"><span class='ocrx_word' id='word_1_581' title='bbox 106 4332 209 4384; x_wconf 80' lang='grc' dir='ltr'><strong>ἀπ’</strong></span> <span class='ocrx_word' id='word_1_582' title='bbox 245 4331 415 4400; x_wconf 77' lang='grc' dir='ltr'>ἄκρου</span> <span class='ocrx_word' id='word_1_583' title='bbox 467 4329 562 4382; x_wconf 80' lang='grc' dir='ltr'><strong>τοῦ</strong></span> <span class='ocrx_word' id='word_1_584' title='bbox 603 4327 832 4398; x_wconf 75' lang='grc' dir='ltr'>οὐρανοῦ</span> <span class='ocrx_word' id='word_1_585' title='bbox 857 4367 872 4390; x_wconf 95' lang='grc'><strong>,</strong></span> <span class='ocrx_word' id='word_1_586' title='bbox 915 4327 1010 4379; x_wconf 76' lang='grc' dir='ltr'><strong>καὶ</strong></span> <span class='ocrx_word' id='word_1_587' title='bbox 1041 4327 1145 4389; x_wconf 81' lang='grc' dir='ltr'>ἓως</span> <span class='ocrx_word' id='word_1_588' title='bbox 1184 4325 1277 4379; x_wconf 89' lang='grc' dir='ltr'><strong>τοῦ</strong></span> <span class='ocrx_word' id='word_1_589' title='bbox 1312 4327 1481 4396; x_wconf 82' lang='grc' dir='ltr'>ἄκρου</span> <span class='ocrx_word' id='word_1_590' title='bbox 1527 4322 1689 4377; x_wconf 78' lang='grc' dir='ltr'>αὐτοῦ</span> 
     </span>
    </p>
   </div>
   <div class='ocr_carea' id='block_1_77' title="bbox 1794 3225 3375 3299">
    <p class='ocr_par' dir='ltr' id='par_1_77' title="bbox 1794 3225 3375 3299">
     <span class='ocr_line' id='line_1_77' title="bbox 1794 3225 3375 3299; baseline -0.001 -18"><span class='ocrx_word' id='word_1_591' title='bbox 1794 3244 1891 3299; x_wconf 85' lang='lat' dir='ltr'><strong>per</strong></span> <span class='ocrx_word' id='word_1_592' title='bbox 1934 3228 2048 3281; x_wconf 84' lang='lat' dir='ltr'><strong>Arii</strong></span> <span class='ocrx_word' id='word_1_593' title='bbox 2089 3228 2342 3296; x_wconf 77' lang='lat' dir='ltr'><strong>dogmata</strong></span> <span class='ocrx_word' id='word_1_594' title='bbox 2384 3227 2724 3281; x_wconf 86' lang='lat' dir='ltr'><strong>decreatura</strong></span> <span class='ocrx_word' id='word_1_595' title='bbox 2762 3226 2967 3281; x_wconf 91' lang='lat' dir='ltr'><strong>idolum</strong></span> <span class='ocrx_word' id='word_1_596' title='bbox 3024 3225 3266 3295; x_wconf 69' lang='lat' dir='ltr'><strong>fingunt,</strong></span> <span class='ocrx_word' id='word_1_597' title='bbox 3320 3233 3375 3279; x_wconf 86' lang='lat' dir='ltr'><strong>et</strong></span> 
     </span>
    </p>
   </div>
   <div class='ocr_carea' id='block_1_78' title="bbox 1792 3314 3374 3388">
    <p class='ocr_par' dir='ltr' id='par_1_78' title="bbox 1792 3314 3374 3388">
     <span class='ocr_line' id='line_1_78' title="bbox 1792 3314 3374 3388; baseline -0.004 -13"><span class='ocrx_word' id='word_1_598' title='bbox 1792 3335 2033 3375; x_wconf 89' lang='lat' dir='ltr'><strong>errorem</strong></span> <span class='ocrx_word' id='word_1_599' title='bbox 2061 3318 2368 3373; x_wconf 62' lang='lat' dir='ltr'><strong>Iudaeorum</strong></span> <span class='ocrx_word' id='word_1_600' title='bbox 2398 3317 2731 3388; x_wconf 87' lang='lat' dir='ltr'><strong>suscipiunt.</strong></span> <span class='ocrx_word' id='word_1_601' title='bbox 2764 3317 2834 3371; x_wconf 79' lang='lat' dir='ltr'><strong>At</strong></span> <span class='ocrx_word' id='word_1_602' title='bbox 2868 3318 2915 3372; x_wconf 86' lang='lat' dir='ltr'><strong>si</strong></span> <span class='ocrx_word' id='word_1_603' title='bbox 2944 3316 3105 3371; x_wconf 87' lang='lat' dir='ltr'><strong>Pater</strong></span> <span class='ocrx_word' id='word_1_604' title='bbox 3125 3357 3139 3381; x_wconf 91' lang='lat'><strong>,</strong></span> <span class='ocrx_word' id='word_1_605' title='bbox 3176 3314 3374 3381; x_wconf 88' lang='lat' dir='ltr'><strong>Filius,</strong></span> 
     </span>
    </p>
   </div>
   <div class='ocr_carea' id='block_1_79' title="bbox 1792 3408 3375 3479">
    <p class='ocr_par' dir='ltr' id='par_1_79' title="bbox 1792 3408 3375 3479">
     <span class='ocr_line' id='line_1_79' title="bbox 1792 3408 3375 3479; baseline -0.002 -14"><span class='ocrx_word' id='word_1_606' title='bbox 1792 3418 1847 3465; x_wconf 91' lang='lat' dir='ltr'><strong>et</strong></span> <span class='ocrx_word' id='word_1_607' title='bbox 1873 3409 2113 3479; x_wconf 88' lang='lat' dir='ltr'><strong>Spiritus</strong></span> <span class='ocrx_word' id='word_1_608' title='bbox 2144 3416 2369 3464; x_wconf 86' lang='lat' dir='ltr'><strong>sanctus</strong></span> <span class='ocrx_word' id='word_1_609' title='bbox 2404 3409 2491 3479; x_wconf 90' lang='lat' dir='ltr'><strong>pie</strong></span> <span class='ocrx_word' id='word_1_610' title='bbox 2512 3417 2815 3477; x_wconf 86' lang='lat' dir='ltr'><strong>asseratur,</strong></span> <span class='ocrx_word' id='word_1_611' title='bbox 2841 3417 2895 3466; x_wconf 92' lang='lat' dir='ltr'><strong>et</strong></span> <span class='ocrx_word' id='word_1_612' title='bbox 2918 3409 3178 3464; x_wconf 86' lang='lat' dir='ltr'><strong>adoretur</strong></span> <span class='ocrx_word' id='word_1_613' title='bbox 3203 3409 3272 3463; x_wconf 90' lang='lat' dir='ltr'><strong>ab</strong></span> <span class='ocrx_word' id='word_1_614' title='bbox 3304 3408 3375 3462; x_wconf 90' lang='lat' dir='ltr'><strong>iis</strong></span> 
     </span>
    </p>
   </div>
   <div class='ocr_carea' id='block_1_80' title="bbox 1794 3500 3373 3571">
    <p class='ocr_par' dir='ltr' id='par_1_80' title="bbox 1794 3500 3373 3571">
     <span class='ocr_line' id='line_1_80' title="bbox 1794 3500 3373 3571; baseline 0 -17"><span class='ocrx_word' id='word_1_615' title='bbox 1794 3502 1885 3571; x_wconf 89' lang='lat' dir='ltr'><strong>qui</strong></span> <span class='ocrx_word' id='word_1_616' title='bbox 1915 3501 2145 3556; x_wconf 87' lang='lat' dir='ltr'><strong>credunt</strong></span> <span class='ocrx_word' id='word_1_617' title='bbox 2168 3501 2221 3554; x_wconf 93' lang='lat' dir='ltr'><strong>in</strong></span> <span class='ocrx_word' id='word_1_618' title='bbox 2250 3515 2358 3555; x_wconf 89' lang='lat' dir='ltr'><strong>non</strong></span> <span class='ocrx_word' id='word_1_619' title='bbox 2391 3501 2620 3557; x_wconf 84' lang='lat' dir='ltr'><strong>confusa</strong></span> <span class='ocrx_word' id='word_1_620' title='bbox 2646 3511 2701 3557; x_wconf 89' lang='lat' dir='ltr'><strong>et</strong></span> <span class='ocrx_word' id='word_1_621' title='bbox 2727 3502 2988 3557; x_wconf 88' lang='lat' dir='ltr'><strong>distincta</strong></span> <span class='ocrx_word' id='word_1_622' title='bbox 3019 3511 3211 3558; x_wconf 90' lang='lat' dir='ltr'><strong>sancta</strong></span> <span class='ocrx_word' id='word_1_623' title='bbox 3242 3500 3373 3554; x_wconf 85' lang='lat' dir='ltr'><strong>Tri-</strong></span> 
     </span>
    </p>
   </div>
   <div class='ocr_carea' id='block_1_81' title="bbox 1791 3593 3375 3671">
    <p class='ocr_par' dir='ltr' id='par_1_81' title="bbox 1791 3593 3375 3671">
     <span class='ocr_line' id='line_1_81' title="bbox 1791 3593 3375 3671; baseline -0.003 -24"><span class='ocrx_word' id='word_1_624' title='bbox 1791 3594 1964 3647; x_wconf 90' lang='lat' dir='ltr'><strong>nitate</strong></span> <span class='ocrx_word' id='word_1_625' title='bbox 1996 3606 2157 3645; x_wconf 84' lang='lat' dir='ltr'><strong>unam</strong></span> <span class='ocrx_word' id='word_1_626' title='bbox 2199 3606 2321 3646; x_wconf 87' lang='lat' dir='ltr'><strong>esse</strong></span> <span class='ocrx_word' id='word_1_627' title='bbox 2354 3599 2409 3646; x_wconf 89' lang='lat' dir='ltr'><strong>et</strong></span> <span class='ocrx_word' id='word_1_628' title='bbox 2440 3598 2694 3671; x_wconf 67' lang='lat' dir='ltr'><strong>naturain</strong></span> <span class='ocrx_word' id='word_1_629' title='bbox 2720 3601 2774 3646; x_wconf 88' lang='lat' dir='ltr'><strong>et</strong></span> <span class='ocrx_word' id='word_1_630' title='bbox 2800 3593 3035 3665; x_wconf 86' lang='lat' dir='ltr'><strong>gloriam</strong></span> <span class='ocrx_word' id='word_1_631' title='bbox 3064 3601 3118 3648; x_wconf 90' lang='lat' dir='ltr'><strong>ct</strong></span> <span class='ocrx_word' id='word_1_632' title='bbox 3145 3604 3375 3663; x_wconf 83' lang='lat' dir='ltr'><strong>regnum</strong></span> 
     </span>
    </p>
   </div>
   <div class='ocr_carea' id='block_1_82' title="bbox 2168 3684 3375 3757">
    <p class='ocr_par' dir='ltr' id='par_1_82' title="bbox 2168 3684 3375 3757">
     <span class='ocr_line' id='line_1_82' title="bbox 2168 3684 3375 3757; baseline -0.002 -19"><span class='ocrx_word' id='word_1_633' title='bbox 2168 3685 2287 3751; x_wconf 89' lang='lat' dir='ltr'><strong>hic,</strong></span> <span class='ocrx_word' id='word_1_634' title='bbox 2337 3685 2600 3754; x_wconf 89' lang='lat' dir='ltr'><strong>inquam,</strong></span> <span class='ocrx_word' id='word_1_635' title='bbox 2631 3700 2817 3757; x_wconf 73' lang='lat' dir='ltr'><strong>ecqua:</strong></span> <span class='ocrx_word' id='word_1_636' title='bbox 2884 3686 3009 3742; x_wconf 89' lang='lat' dir='ltr'><strong>belli</strong></span> <span class='ocrx_word' id='word_1_637' title='bbox 3080 3684 3375 3757; x_wconf 88' lang='lat' dir='ltr'><strong>probabilis</strong></span> 
     </span>
    </p>
   </div>
   <div class='ocr_carea' id='block_1_83' title="bbox 1871 3862 3371 3935">
    <p class='ocr_par' dir='ltr' id='par_1_83' title="bbox 1871 3862 3371 3935">
     <span class='ocr_line' id='line_1_83' title="bbox 1871 3862 3371 3935; baseline 0.001 -19"><span class='ocrx_word' id='word_1_638' title='bbox 1871 3862 2024 3916; x_wconf 90' lang='lat' dir='ltr'><strong>Tunc</strong></span> <span class='ocrx_word' id='word_1_639' title='bbox 2054 3877 2186 3917; x_wconf 88' lang='lat' dir='ltr'><strong>sane</strong></span> <span class='ocrx_word' id='word_1_640' title='bbox 2216 3877 2339 3916; x_wconf 91' lang='lat' dir='ltr'><strong>cum</strong></span> <span class='ocrx_word' id='word_1_641' title='bbox 2359 3863 2467 3917; x_wconf 89' lang='lat' dir='ltr'><strong>late</strong></span> <span class='ocrx_word' id='word_1_642' title='bbox 2488 3863 3079 3919; x_wconf 81' lang='lat' dir='ltr'><strong>obtinebantha-rctica</strong></span> <span class='ocrx_word' id='word_1_643' title='bbox 3102 3865 3371 3935; x_wconf 81' lang='lat' dir='ltr'><strong>dogmata,</strong></span> 
     </span>
    </p>
   </div>
   <div class='ocr_carea' id='block_1_84' title="bbox 1794 3955 3375 4027">
    <p class='ocr_par' dir='ltr' id='par_1_84' title="bbox 1794 3955 3375 4027">
     <span class='ocr_line' id='line_1_84' title="bbox 1794 3955 3375 4027; baseline 0.003 -18"><span class='ocrx_word' id='word_1_644' title='bbox 1794 3956 1881 4010; x_wconf 88' lang='lat' dir='ltr'><strong>vel</strong></span> <span class='ocrx_word' id='word_1_645' title='bbox 1921 3970 2047 4009; x_wconf 92' lang='lat' dir='ltr'><strong>cum</strong></span> <span class='ocrx_word' id='word_1_646' title='bbox 2090 3955 2349 4024; x_wconf 67' lang='lat' dir='ltr'><strong>praesenti</strong></span> <span class='ocrx_word' id='word_1_647' title='bbox 2394 3955 2641 4024; x_wconf 88' lang='lat' dir='ltr'><strong>periculo</strong></span> <span class='ocrx_word' id='word_1_648' title='bbox 2674 3971 2949 4025; x_wconf 87' lang='lat' dir='ltr'><strong>opponere</strong></span> <span class='ocrx_word' id='word_1_649' title='bbox 2989 3973 3048 4011; x_wconf 92' lang='lat' dir='ltr'><strong>se</strong></span> <span class='ocrx_word' id='word_1_650' title='bbox 3086 3962 3375 4027; x_wconf 82' lang='lat' dir='ltr'><strong>potestati-</strong></span> 
     </span>
    </p>
   </div>
   <div class='ocr_carea' id='block_1_85' title="bbox 1797 4045 3372 4114">
    <p class='ocr_par' dir='ltr' id='par_1_85' title="bbox 1797 4045 3372 4114">
     <span class='ocr_line' id='line_1_85' title="bbox 1797 4045 3372 4114; baseline 0.003 -14"><span class='ocrx_word' id='word_1_651' title='bbox 1797 4045 1941 4108; x_wconf 87' lang='lat' dir='ltr'><strong>bus,</strong></span> <span class='ocrx_word' id='word_1_652' title='bbox 1987 4060 2083 4114; x_wconf 90' lang='lat' dir='ltr'><strong>per</strong></span> <span class='ocrx_word' id='word_1_653' title='bbox 2109 4060 2248 4113; x_wconf 88' lang='lat' dir='ltr'><strong>quas</strong></span> <span class='ocrx_word' id='word_1_654' title='bbox 2292 4045 2524 4100; x_wconf 89' lang='lat' dir='ltr'><strong>stabiliri</strong></span> <span class='ocrx_word' id='word_1_655' title='bbox 2582 4045 2875 4101; x_wconf 85' lang='lat' dir='ltr'><strong>videbatur</strong></span> <span class='ocrx_word' id='word_1_656' title='bbox 2931 4048 3372 4105; x_wconf 88' lang='lat' dir='ltr'><strong>adversariorum</strong></span> 
     </span>
    </p>
   </div>
   <div class='ocr_carea' id='block_1_86' title="bbox 1796 4134 3380 4209">
    <p class='ocr_par' dir='ltr' id='par_1_86' title="bbox 1796 4134 3380 4209">
     <span class='ocr_line' id='line_1_86' title="bbox 1796 4134 3380 4209; baseline 0.004 -20"><span class='ocrx_word' id='word_1_657' title='bbox 1796 4135 2017 4205; x_wconf 86' lang='lat' dir='ltr'><strong>dogma,</strong></span> <span class='ocrx_word' id='word_1_658' title='bbox 2059 4136 2262 4190; x_wconf 89' lang='lat' dir='ltr'><strong>bonum</strong></span> <span class='ocrx_word' id='word_1_659' title='bbox 2301 4134 2506 4190; x_wconf 87' lang='lat' dir='ltr'><strong>factum</strong></span> <span class='ocrx_word' id='word_1_660' title='bbox 2533 4144 2675 4200; x_wconf 88' lang='lat' dir='ltr'><strong>erat,</strong></span> <span class='ocrx_word' id='word_1_661' title='bbox 2704 4152 2773 4191; x_wconf 90' lang='lat' dir='ltr'><strong>ne</strong></span> <span class='ocrx_word' id='word_1_662' title='bbox 2801 4137 2870 4191; x_wconf 84' lang='lat' dir='ltr'><strong>ab</strong></span> <span class='ocrx_word' id='word_1_663' title='bbox 2900 4137 3154 4194; x_wconf 81' lang='lat' dir='ltr'><strong>humanis</strong></span> <span class='ocrx_word' id='word_1_664' title='bbox 3184 4148 3380 4209; x_wconf 88' lang='lat' dir='ltr'><strong>poten-</strong></span> 
     </span>
    </p>
   </div>
   <div class='ocr_carea' id='block_1_87' title="bbox 1797 4227 3375 4299">
    <p class='ocr_par' dir='ltr' id='par_1_87' title="bbox 1797 4227 3375 4299">
     <span class='ocr_line' id='line_1_87' title="bbox 1797 4227 3375 4299; baseline 0.004 -18"><span class='ocrx_word' id='word_1_665' title='bbox 1797 4227 2002 4281; x_wconf 84' lang='lat' dir='ltr'><strong>tatibus</strong></span> <span class='ocrx_word' id='word_1_666' title='bbox 2040 4227 2304 4282; x_wconf 82' lang='lat' dir='ltr'><strong>salutaris</strong></span> <span class='ocrx_word' id='word_1_667' title='bbox 2344 4227 2592 4281; x_wconf 86' lang='lat' dir='ltr'><strong>doctrina</strong></span> <span class='ocrx_word' id='word_1_668' title='bbox 2627 4228 2683 4281; x_wconf 87' lang='lat' dir='ltr'><strong>vi</strong></span> <span class='ocrx_word' id='word_1_669' title='bbox 2716 4230 3118 4298; x_wconf 88' lang='lat' dir='ltr'><strong>opprimeretur</strong></span> <span class='ocrx_word' id='word_1_670' title='bbox 3152 4250 3163 4285; x_wconf 91' lang='lat'>:</span> <span class='ocrx_word' id='word_1_671' title='bbox 3200 4248 3375 4299; x_wconf 90' lang='lat' dir='ltr'><strong>nunc,</strong></span> 
     </span>
    </p>
   </div>
   <div class='ocr_carea' id='block_1_88' title="bbox 1797 4321 3381 4391">
    <p class='ocr_par' dir='ltr' id='par_1_88' title="bbox 1797 4321 3381 4391">
     <span class='ocr_line' id='line_1_88' title="bbox 1797 4321 3381 4391; baseline 0.004 -16"><span class='ocrx_word' id='word_1_672' title='bbox 1797 4335 1924 4375; x_wconf 88' lang='lat' dir='ltr'><strong>cum</strong></span> <span class='ocrx_word' id='word_1_673' title='bbox 1950 4328 2068 4375; x_wconf 87' lang='lat' dir='ltr'><strong>toto</strong></span> <span class='ocrx_word' id='word_1_674' title='bbox 2093 4321 2225 4376; x_wconf 84' lang='lat' dir='ltr'><strong>orbe</strong></span> <span class='ocrx_word' id='word_1_675' title='bbox 2253 4330 2527 4375; x_wconf 84' lang='lat' dir='ltr'><strong>terrarum</strong></span> <span class='ocrx_word' id='word_1_676' title='bbox 2556 4331 2722 4391; x_wconf 86' lang='lat' dir='ltr'><strong>atque</strong></span> <span class='ocrx_word' id='word_1_677' title='bbox 2749 4323 2819 4376; x_wconf 88' lang='lat' dir='ltr'><strong>ab</strong></span> <span class='ocrx_word' id='word_1_678' title='bbox 2851 4338 2962 4377; x_wconf 90' lang='lat' dir='ltr'><strong>uno</strong></span> <span class='ocrx_word' id='word_1_679' title='bbox 2990 4325 3114 4379; x_wconf 64' lang='lat' dir='ltr'><strong>caeli</strong></span> <span class='ocrx_word' id='word_1_680' title='bbox 3146 4326 3381 4382; x_wconf 88' lang='lat' dir='ltr'><strong>cardine</strong></span> 
     </span>
    </p>
   </div>
   <div class='ocr_carea' id='block_1_89' title="bbox 108 4412 1691 4494">
    <p class='ocr_par' dir='ltr' id='par_1_89' title="bbox 108 4418 1690 4491">
     <span class='ocr_line' id='line_1_89' title="bbox 108 4418 1690 4491; baseline -0.004 -16"><span class='ocrx_word' id='word_1_681' title='bbox 108 4424 245 4484; x_wconf 77' lang='grc' dir='ltr'>ι’σως</span> <span class='ocrx_word' id='word_1_682' title='bbox 282 4420 692 4491; x_wconf 86' lang='grc' dir='ltr'>κηρυσσομένης</span> <span class='ocrx_word' id='word_1_683' title='bbox 727 4422 786 4472; x_wconf 86' lang='grc' dir='ltr'><strong>έν</strong></span> <span class='ocrx_word' id='word_1_684' title='bbox 808 4418 1027 4491; x_wconf 86' lang='grc' dir='ltr'>φανερῷ</span> <span class='ocrx_word' id='word_1_685' title='bbox 1062 4420 1162 4489; x_wconf 84' lang='grc' dir='ltr'>τῆς</span> <span class='ocrx_word' id='word_1_686' title='bbox 1199 4419 1498 4480; x_wconf 77' lang='grc' dir='ltr'>εὐσεϐείας,</span> <span class='ocrx_word' id='word_1_687' title='bbox 1529 4419 1557 4469; x_wconf 93' lang='lat'><strong>6</strong></span> <span class='ocrx_word' id='word_1_688' title='bbox 1579 4419 1690 4477; x_wconf 88' lang='grc' dir='ltr'>τοῖς</span> 
     </span>
    </p>
   </div>
   <div class='ocr_carea' id='block_1_90' title="bbox 1800 4412 3373 4494">
    <p class='ocr_par' dir='ltr' id='par_1_90' title="bbox 1800 4412 3373 4489">
     <span class='ocr_line' id='line_1_90' title="bbox 1800 4412 3373 4489; baseline 0.004 -23"><span class='ocrx_word' id='word_1_689' title='bbox 1800 4412 1865 4466; x_wconf 86' lang='lat' dir='ltr'><strong>ad</strong></span> <span class='ocrx_word' id='word_1_690' title='bbox 1900 4414 2135 4468; x_wconf 86' lang='lat' dir='ltr'><strong>alterum</strong></span> <span class='ocrx_word' id='word_1_691' title='bbox 2176 4428 2243 4467; x_wconf 76' lang='lat' dir='ltr'><strong>ex</strong></span> <span class='ocrx_word' id='word_1_692' title='bbox 2282 4427 2440 4481; x_wconf 60' lang='lat' dir='ltr'><strong>atquo</strong></span> <span class='ocrx_word' id='word_1_693' title='bbox 2476 4415 2659 4483; x_wconf 85' lang='lat' dir='ltr'><strong>palam</strong></span> <span class='ocrx_word' id='word_1_694' title='bbox 2689 4414 3024 4484; x_wconf 64' lang='lat' dir='ltr'><strong>praedicetur</strong></span> <span class='ocrx_word' id='word_1_695' title='bbox 3057 4417 3252 4486; x_wconf 82' lang='lat' dir='ltr'><strong>pietas,</strong></span> <span class='ocrx_word' id='word_1_696' title='bbox 3275 4420 3373 4489; x_wconf 84' lang='lat' dir='ltr'><strong>qui</strong></span> 
     </span>
    </p>
   </div>
   <div class='ocr_carea' id='block_1_91' title="bbox 108 4505 1691 4584">
    <p class='ocr_par' dir='ltr' id='par_1_91' title="bbox 108 4511 1690 4584">
     <span class='ocr_line' id='line_1_91' title="bbox 108 4511 1690 4584; baseline -0.004 -16"><span class='ocrx_word' id='word_1_697' title='bbox 108 4514 449 4584; x_wconf 73' lang='grc' dir='ltr'>κηρύσσουσι-</span> <span class='ocrx_word' id='word_1_698' title='bbox 497 4513 594 4583; x_wconf 82' lang='grc' dir='ltr'>τὴν</span> <span class='ocrx_word' id='word_1_699' title='bbox 646 4512 929 4564; x_wconf 73' lang='grc' dir='ltr'>εὐσέϐειαν</span> <span class='ocrx_word' id='word_1_700' title='bbox 983 4511 1259 4581; x_wconf 85' lang='grc' dir='ltr'>πολεμῶν,</span> <span class='ocrx_word' id='word_1_701' title='bbox 1306 4511 1407 4563; x_wconf 81' lang='grc' dir='ltr'>οὐκ</span> <span class='ocrx_word' id='word_1_702' title='bbox 1460 4511 1690 4573; x_wconf 80' lang='grc' dir='ltr'>ἐκείνοις</span> 
     </span>
    </p>
   </div>
   <div class='ocr_carea' id='block_1_92' title="bbox 1800 4505 3379 4584">
    <p class='ocr_par' dir='ltr' id='par_1_92' title="bbox 1800 4505 3379 4578">
     <span class='ocr_line' id='line_1_92' title="bbox 1800 4505 3379 4578; baseline 0.004 -18"><span class='ocrx_word' id='word_1_703' title='bbox 1800 4520 1916 4560; x_wconf 82' lang='lat' dir='ltr'><strong>cum</strong></span> <span class='ocrx_word' id='word_1_704' title='bbox 1985 4505 2298 4560; x_wconf 80' lang='lat' dir='ltr'><strong>hominibus</strong></span> <span class='ocrx_word' id='word_1_705' title='bbox 2351 4506 2493 4574; x_wconf 86' lang='lat' dir='ltr'><strong>piam</strong></span> <span class='ocrx_word' id='word_1_706' title='bbox 2562 4505 2874 4561; x_wconf 90' lang='lat' dir='ltr'><strong>doctrinam</strong></span> <span class='ocrx_word' id='word_1_707' title='bbox 2947 4511 3379 4578; x_wconf 66' lang='lat' dir='ltr'><strong>praedicantibus</strong></span> 
     </span>
    </p>
   </div>
   <div class='ocr_carea' id='block_1_93' title="bbox 108 4598 1691 4675">
    <p class='ocr_par' dir='ltr' id='par_1_93' title="bbox 108 4601 1690 4675">
     <span class='ocr_line' id='line_1_93' title="bbox 108 4601 1690 4675; baseline -0.003 -17"><span class='ocrx_word' id='word_1_708' title='bbox 108 4608 369 4675; x_wconf 83' lang='grc' dir='ltr'>μάχεται.</span> <span class='ocrx_word' id='word_1_709' title='bbox 399 4604 535 4658; x_wconf 83' lang='grc' dir='ltr'><strong>ἀλλά</strong></span> <span class='ocrx_word' id='word_1_710' title='bbox 561 4604 638 4675; x_wconf 84' lang='grc' dir='ltr'>τῷ</span> <span class='ocrx_word' id='word_1_711' title='bbox 656 4604 783 4675; x_wconf 78' lang='grc' dir='ltr'>παρ’</span> <span class='ocrx_word' id='word_1_712' title='bbox 811 4604 985 4657; x_wconf 80' lang='grc' dir='ltr'>αὐτῶν</span> <span class='ocrx_word' id='word_1_713' title='bbox 1007 4602 1246 4665; x_wconf 73' lang='grc' dir='ltr'>εὐσεϐῶς</span> <span class='ocrx_word' id='word_1_714' title='bbox 1281 4601 1690 4673; x_wconf 87' lang='grc' dir='ltr'>κηρυσσομένῳ.</span> 
     </span>
    </p>
   </div>
   <div class='ocr_carea' id='block_1_94' title="bbox 1800 4598 3374 4675">
    <p class='ocr_par' dir='ltr' id='par_1_94' title="bbox 1800 4598 3374 4674">
     <span class='ocr_line' id='line_1_94' title="bbox 1800 4598 3374 4674; baseline 0.004 -21"><span class='ocrx_word' id='word_1_715' title='bbox 1800 4598 1997 4653; x_wconf 85' lang='lat' dir='ltr'><strong>bellum</strong></span> <span class='ocrx_word' id='word_1_716' title='bbox 2030 4598 2190 4669; x_wconf 81' lang='lat' dir='ltr'><strong>gerit,</strong></span> <span class='ocrx_word' id='word_1_717' title='bbox 2236 4614 2585 4668; x_wconf 86' lang='lat' dir='ltr'><strong>nequaquam</strong></span> <span class='ocrx_word' id='word_1_718' title='bbox 2640 4600 2729 4654; x_wconf 90' lang='lat' dir='ltr'><strong>ille</strong></span> <span class='ocrx_word' id='word_1_719' title='bbox 2763 4601 2981 4670; x_wconf 89' lang='lat' dir='ltr'><strong>quidem</strong></span> <span class='ocrx_word' id='word_1_720' title='bbox 3017 4618 3141 4657; x_wconf 91' lang='lat' dir='ltr'><strong>cum</strong></span> <span class='ocrx_word' id='word_1_721' title='bbox 3175 4605 3241 4659; x_wconf 92' lang='lat' dir='ltr'><strong>iis</strong></span> <span class='ocrx_word' id='word_1_722' title='bbox 3273 4622 3374 4674; x_wconf 85' lang='lat' dir='ltr'><strong>pu—</strong></span> 
     </span>
    </p>
   </div>
   <div class='ocr_carea' id='block_1_95' title="bbox 105 4693 1691 4767">
    <p class='ocr_par' dir='ltr' id='par_1_95' title="bbox 105 4693 1691 4767">
     <span class='ocr_line' id='line_1_95' title="bbox 105 4693 1691 4767; baseline -0.003 -16"><span class='ocrx_word' id='word_1_723' title='bbox 105 4699 209 4761; x_wconf 81' lang='grc' dir='ltr'>Τίς</span> <span class='ocrx_word' id='word_1_724' title='bbox 270 4698 380 4767; x_wconf 82' lang='grc' dir='ltr'>γὰρ</span> <span class='ocrx_word' id='word_1_725' title='bbox 427 4693 567 4749; x_wconf 75' lang='grc' dir='ltr'>εἶναι</span> <span class='ocrx_word' id='word_1_726' title='bbox 618 4698 817 4759; x_wconf 78' lang='grc' dir='ltr'>σκοπὸς</span> <span class='ocrx_word' id='word_1_727' title='bbox 860 4696 1017 4760; x_wconf 80' lang='grc' dir='ltr'>ἄλλος</span> <span class='ocrx_word' id='word_1_728' title='bbox 1060 4695 1260 4764; x_wconf 72' lang='grc' dir='ltr'>ὀφείλει</span> <span class='ocrx_word' id='word_1_729' title='bbox 1310 4696 1387 4765; x_wconf 84' lang='grc' dir='ltr'>τῷ</span> <span class='ocrx_word' id='word_1_730' title='bbox 1416 4696 1507 4747; x_wconf 82' lang='grc' dir='ltr'>τὸν</span> <span class='ocrx_word' id='word_1_731' title='bbox 1554 4694 1691 4747; x_wconf 90' lang='grc' dir='ltr'>θεῖον</span> 
     </span>
    </p>
   </div>
   <div class='ocr_carea' id='block_1_96' title="bbox 1800 4693 3371 4767">
    <p class='ocr_par' dir='ltr' id='par_1_96' title="bbox 1800 4693 3371 4763">
     <span class='ocr_line' id='line_1_96' title="bbox 1800 4693 3371 4763; baseline 0.003 -17"><span class='ocrx_word' id='word_1_732' title='bbox 1800 4703 1948 4763; x_wconf 77' lang='lat' dir='ltr'><strong>gnat.</strong></span> <span class='ocrx_word' id='word_1_733' title='bbox 1982 4693 2079 4747; x_wconf 87' lang='lat' dir='ltr'><strong>sed</strong></span> <span class='ocrx_word' id='word_1_734' title='bbox 2111 4708 2237 4746; x_wconf 81' lang='lat' dir='ltr'><strong>cum</strong></span> <span class='ocrx_word' id='word_1_735' title='bbox 2271 4708 2337 4746; x_wconf 89' lang='lat' dir='ltr'><strong>eo</strong></span> <span class='ocrx_word' id='word_1_736' title='bbox 2368 4694 2461 4762; x_wconf 91' lang='lat' dir='ltr'><strong>qui</strong></span> <span class='ocrx_word' id='word_1_737' title='bbox 2500 4693 2585 4761; x_wconf 85' lang='lat' dir='ltr'><strong>pie</strong></span> <span class='ocrx_word' id='word_1_738' title='bbox 2630 4693 2700 4748; x_wconf 90' lang='lat' dir='ltr'><strong>ah</strong></span> <span class='ocrx_word' id='word_1_739' title='bbox 2733 4694 2799 4748; x_wconf 93' lang='lat' dir='ltr'><strong>iis</strong></span> <span class='ocrx_word' id='word_1_740' title='bbox 2829 4695 3181 4763; x_wconf 67' lang='lat' dir='ltr'><strong>praedicatur.</strong></span> <span class='ocrx_word' id='word_1_741' title='bbox 3236 4697 3371 4751; x_wconf 76' lang='lat' dir='ltr'><strong>Nam</strong></span> 
     </span>
    </p>
   </div>
   <div class='ocr_carea' id='block_1_97' title="bbox 104 4783 1691 4862">
    <p class='ocr_par' dir='ltr' id='par_1_97' title="bbox 104 4784 1691 4862">
     <span class='ocr_line' id='line_1_97' title="bbox 104 4784 1691 4862; baseline -0.003 -19"><span class='ocrx_word' id='word_1_742' title='bbox 104 4792 292 4862; x_wconf 82' lang='grc' dir='ltr'>ἔχοντι</span> <span class='ocrx_word' id='word_1_743' title='bbox 331 4789 511 4859; x_wconf 79' lang='grc' dir='ltr'>ζῆλον,</span> <span class='ocrx_word' id='word_1_744' title='bbox 543 4792 590 4842; x_wconf 91' lang='grc' dir='ltr'><strong>εί</strong></span> <span class='ocrx_word' id='word_1_745' title='bbox 630 4791 702 4858; x_wconf 86' lang='grc' dir='ltr'>μὴ</span> <span class='ocrx_word' id='word_1_746' title='bbox 748 4788 811 4841; x_wconf 85' lang='grc' dir='ltr'>τὸ</span> <span class='ocrx_word' id='word_1_747' title='bbox 853 4789 1014 4840; x_wconf 81' lang='grc' dir='ltr'>παντὶ</span> <span class='ocrx_word' id='word_1_748' title='bbox 1060 4787 1247 4857; x_wconf 85' lang='grc' dir='ltr'>τρόπῳ</span> <span class='ocrx_word' id='word_1_749' title='bbox 1272 4786 1369 4856; x_wconf 82' lang='grc' dir='ltr'>τὴν</span> <span class='ocrx_word' id='word_1_750' title='bbox 1398 4787 1555 4851; x_wconf 81' lang='grc' dir='ltr'>δόξαν</span> <span class='ocrx_word' id='word_1_751' title='bbox 1592 4784 1691 4839; x_wconf 90' lang='grc' dir='ltr'><strong>τοῦ</strong></span> 
     </span>
    </p>
   </div>
   <div class='ocr_carea' id='block_1_98' title="bbox 1800 4783 3373 4862">
    <p class='ocr_par' dir='ltr' id='par_1_98' title="bbox 1800 4783 3373 4857">
     <span class='ocr_line' id='line_1_98' title="bbox 1800 4783 3373 4857; baseline 0.004 -20"><span class='ocrx_word' id='word_1_752' title='bbox 1800 4784 1884 4853; x_wconf 82' lang='lat' dir='ltr'><strong>qui</strong></span> <span class='ocrx_word' id='word_1_753' title='bbox 1914 4783 2103 4838; x_wconf 85' lang='lat' dir='ltr'><strong>divino</strong></span> <span class='ocrx_word' id='word_1_754' title='bbox 2150 4784 2269 4838; x_wconf 85' lang='lat' dir='ltr'><strong>zelo</strong></span> <span class='ocrx_word' id='word_1_755' title='bbox 2311 4783 2596 4850; x_wconf 81' lang='lat' dir='ltr'><strong>feruntur,</strong></span> <span class='ocrx_word' id='word_1_756' title='bbox 2653 4785 2782 4853; x_wconf 84' lang='lat' dir='ltr'><strong>quid</strong></span> <span class='ocrx_word' id='word_1_757' title='bbox 2815 4787 2962 4840; x_wconf 87' lang='lat' dir='ltr'><strong>aliud</strong></span> <span class='ocrx_word' id='word_1_758' title='bbox 2999 4798 3243 4857; x_wconf 84' lang='lat' dir='ltr'><strong>spectare</strong></span> <span class='ocrx_word' id='word_1_759' title='bbox 3275 4790 3373 4843; x_wconf 80' lang='lat' dir='ltr'><strong>dc-</strong></span> 
     </span>
    </p>
   </div>
   <div class='ocr_carea' id='block_1_99' title="bbox 103 4874 1691 4950">
    <p class='ocr_par' dir='ltr' id='par_1_99' title="bbox 103 4874 1691 4950">
     <span class='ocr_line' id='line_1_99' title="bbox 103 4874 1691 4950; baseline -0.003 -14"><span class='ocrx_word' id='word_1_760' title='bbox 103 4883 247 4937; x_wconf 85' lang='grc' dir='ltr'>Θεοῦ</span> <span class='ocrx_word' id='word_1_761' title='bbox 274 4881 767 4950; x_wconf 75' lang='grc' dir='ltr'>καταγγέλλεσθαις</span> <span class='ocrx_word' id='word_1_762' title='bbox 810 4881 957 4942; x_wconf 82' lang='grc' dir='ltr'>Ἕως</span> <span class='ocrx_word' id='word_1_763' title='bbox 977 4879 1083 4950; x_wconf 82' lang='grc' dir='ltr'>γὰρ</span> <span class='ocrx_word' id='word_1_764' title='bbox 1111 4874 1202 4931; x_wconf 83' lang='grc' dir='ltr'><strong>οῦν</strong></span> <span class='ocrx_word' id='word_1_765' title='bbox 1240 4878 1299 4942; x_wconf 81' lang='grc' dir='ltr'>ἐξ</span> <span class='ocrx_word' id='word_1_766' title='bbox 1319 4878 1445 4947; x_wconf 85' lang='grc' dir='ltr'>ὅλης</span> <span class='ocrx_word' id='word_1_767' title='bbox 1471 4879 1691 4947; x_wconf 83' lang='grc' dir='ltr'>καρδίας</span> 
     </span>
    </p>
   </div>
   <div class='ocr_carea' id='block_1_100' title="bbox 1800 4874 3377 4950">
    <p class='ocr_par' dir='ltr' id='par_1_100' title="bbox 1800 4875 3377 4947">
     <span class='ocr_line' id='line_1_100' title="bbox 1800 4875 3377 4947; baseline 0.002 -18"><span class='ocrx_word' id='word_1_768' title='bbox 1800 4876 1949 4940; x_wconf 87' lang='lat' dir='ltr'><strong>bent,</strong></span> <span class='ocrx_word' id='word_1_769' title='bbox 1979 4875 2084 4928; x_wconf 87' lang='lat' dir='ltr'><strong>nisi</strong></span> <span class='ocrx_word' id='word_1_770' title='bbox 2118 4884 2420 4944; x_wconf 90' lang='lat' dir='ltr'><strong>utquoquo</strong></span> <span class='ocrx_word' id='word_1_771' title='bbox 2448 4875 2614 4930; x_wconf 84' lang='lat' dir='ltr'><strong>modo</strong></span> <span class='ocrx_word' id='word_1_772' title='bbox 2642 4878 2814 4947; x_wconf 85' lang='lat' dir='ltr'><strong>gloria</strong></span> <span class='ocrx_word' id='word_1_773' title='bbox 2848 4878 2941 4933; x_wconf 86' lang='lat' dir='ltr'><strong>Dei</strong></span> <span class='ocrx_word' id='word_1_774' title='bbox 2974 4879 3377 4935; x_wconf 75' lang='lat' dir='ltr'><strong>annuntictur?</strong></span> 
     </span>
    </p>
   </div>
   <div class='ocr_carea' id='block_1_101' title="bbox 103 4966 1691 5041">
    <p class='ocr_par' dir='ltr' id='par_1_101' title="bbox 103 4969 1691 5041">
     <span class='ocr_line' id='line_1_101' title="bbox 103 4969 1691 5041; baseline -0.003 -16"><span class='ocrx_word' id='word_1_775' title='bbox 103 4991 166 5025; x_wconf 88' lang='grc' dir='ltr'><strong>τε</strong></span> <span class='ocrx_word' id='word_1_776' title='bbox 197 4972 291 5024; x_wconf 79' lang='grc' dir='ltr'>καὶ</span> <span class='ocrx_word' id='word_1_777' title='bbox 322 4970 500 5041; x_wconf 75' lang='grc' dir='ltr'>ψυχῆς</span> <span class='ocrx_word' id='word_1_778' title='bbox 527 4972 622 5023; x_wconf 73' lang='grc' dir='ltr'><strong>καὶ</strong></span> <span class='ocrx_word' id='word_1_779' title='bbox 649 4970 884 5029; x_wconf 83' lang='grc' dir='ltr'>διανοίας</span> <span class='ocrx_word' id='word_1_780' title='bbox 917 4972 1288 5039; x_wconf 85' lang='grc' dir='ltr'>προσκυνῆται</span> <span class='ocrx_word' id='word_1_781' title='bbox 1326 4972 1355 5021; x_wconf 87' lang='lat'><strong>6</strong></span> <span class='ocrx_word' id='word_1_782' title='bbox 1392 4969 1691 5039; x_wconf 80' lang='grc' dir='ltr'>μονογενὴς</span> 
     </span>
    </p>
   </div>
   <div class='ocr_carea' id='block_1_102' title="bbox 1800 4966 3371 5041">
    <p class='ocr_par' dir='ltr' id='par_1_102' title="bbox 1800 4966 3371 5041">
     <span class='ocr_line' id='line_1_102' title="bbox 1800 4966 3371 5041; baseline 0.006 -23"><span class='ocrx_word' id='word_1_783' title='bbox 1800 4968 1860 5018; x_wconf 70' lang='lat' dir='ltr'><strong>At</strong></span> <span class='ocrx_word' id='word_1_784' title='bbox 1898 4966 2139 5035; x_wconf 91' lang='lat' dir='ltr'><strong>quandiu</strong></span> <span class='ocrx_word' id='word_1_785' title='bbox 2193 4982 2263 5021; x_wconf 78' lang='lat' dir='ltr'><strong>ex</strong></span> <span class='ocrx_word' id='word_1_786' title='bbox 2307 4975 2422 5022; x_wconf 89' lang='lat' dir='ltr'><strong>toto</strong></span> <span class='ocrx_word' id='word_1_787' title='bbox 2471 4967 2672 5033; x_wconf 88' lang='lat' dir='ltr'><strong>corde,</strong></span> <span class='ocrx_word' id='word_1_788' title='bbox 2733 4971 2913 5023; x_wconf 90' lang='lat' dir='ltr'><strong>anima</strong></span> <span class='ocrx_word' id='word_1_789' title='bbox 2951 4979 3005 5025; x_wconf 90' lang='lat' dir='ltr'><strong>ct</strong></span> <span class='ocrx_word' id='word_1_790' title='bbox 3038 4972 3371 5041; x_wconf 80' lang='lat' dir='ltr'><strong>cogitatione</strong></span> 
     </span>
    </p>
   </div>
   <div class='ocr_carea' id='block_1_103' title="bbox 104 5057 1691 5131">
    <p class='ocr_par' dir='ltr' id='par_1_103' title="bbox 104 5057 1691 5131">
     <span class='ocr_line' id='line_1_103' title="bbox 104 5057 1691 5131; baseline -0.002 -15"><span class='ocrx_word' id='word_1_791' title='bbox 104 5064 268 5126; x_wconf 80' lang='grc' dir='ltr'>Θεὸς,</span> <span class='ocrx_word' id='word_1_792' title='bbox 302 5065 479 5115; x_wconf 84' lang='grc' dir='ltr'>ἐκεῖνο</span> <span class='ocrx_word' id='word_1_793' title='bbox 517 5057 655 5115; x_wconf 77' lang='grc' dir='ltr'>εἶναι</span> <span class='ocrx_word' id='word_1_794' title='bbox 694 5061 1125 5129; x_wconf 80' lang='grc' dir='ltr'>πεπιστευμένος</span> <span class='ocrx_word' id='word_1_795' title='bbox 1156 5062 1217 5113; x_wconf 82' lang='grc' dir='ltr'>ἐν</span> <span class='ocrx_word' id='word_1_796' title='bbox 1242 5063 1407 5115; x_wconf 74' lang='grc' dir='ltr'>πᾶσιν</span> <span class='ocrx_word' id='word_1_797' title='bbox 1441 5063 1577 5131; x_wconf 82' lang='grc' dir='ltr'>ὅπερ</span> <span class='ocrx_word' id='word_1_798' title='bbox 1605 5064 1691 5114; x_wconf 82' lang='grc' dir='ltr'><strong>ἐσ-</strong></span> 
     </span>
    </p>
   </div>
   <div class='ocr_carea' id='block_1_104' title="bbox 1800 5057 3370 5131">
    <p class='ocr_par' dir='ltr' id='par_1_104' title="bbox 1800 5057 3370 5131">
     <span class='ocr_line' id='line_1_104' title="bbox 1800 5057 3370 5131; baseline 0.006 -20"><span class='ocrx_word' id='word_1_799' title='bbox 1800 5057 1934 5113; x_wconf 82' lang='lat' dir='ltr'><strong>Deus</strong></span> <span class='ocrx_word' id='word_1_800' title='bbox 1973 5058 2291 5129; x_wconf 83' lang='lat' dir='ltr'><strong>unigenitus</strong></span> <span class='ocrx_word' id='word_1_801' title='bbox 2332 5060 2623 5125; x_wconf 85' lang='lat' dir='ltr'><strong>adoratur,</strong></span> <span class='ocrx_word' id='word_1_802' title='bbox 2670 5061 2835 5131; x_wconf 91' lang='lat' dir='ltr'><strong>idque</strong></span> <span class='ocrx_word' id='word_1_803' title='bbox 2877 5078 2999 5118; x_wconf 88' lang='lat' dir='ltr'><strong>esse</strong></span> <span class='ocrx_word' id='word_1_804' title='bbox 3028 5064 3081 5116; x_wconf 91' lang='lat' dir='ltr'><strong>in</strong></span> <span class='ocrx_word' id='word_1_805' title='bbox 3114 5065 3370 5120; x_wconf 90' lang='lat' dir='ltr'><strong>omnibus</strong></span> 
     </span>
    </p>
   </div>
   <div class='ocr_carea' id='block_1_105' title="bbox 102 5153 1690 5225">
    <p class='ocr_par' dir='ltr' id='par_1_105' title="bbox 102 5153 1690 5225">
     <span class='ocr_line' id='line_1_105' title="bbox 102 5153 1690 5225; baseline -0.001 -16"><span class='ocrx_word' id='word_1_806' title='bbox 102 5160 193 5209; x_wconf 86' lang='grc' dir='ltr'><strong>τίν</strong></span> <span class='ocrx_word' id='word_1_807' title='bbox 225 5158 255 5209; x_wconf 84' lang='lat'><strong>6</strong></span> <span class='ocrx_word' id='word_1_808' title='bbox 293 5156 518 5225; x_wconf 82' lang='grc' dir='ltr'>Πατήρ·</span> <span class='ocrx_word' id='word_1_809' title='bbox 550 5154 815 5216; x_wconf 76' lang='grc' dir='ltr'>ὡσαύτως</span> <span class='ocrx_word' id='word_1_810' title='bbox 856 5154 912 5206; x_wconf 74' lang='grc' dir='ltr'>δὲ</span> <span class='ocrx_word' id='word_1_811' title='bbox 954 5154 1049 5206; x_wconf 79' lang='grc' dir='ltr'><strong>καὶ</strong></span> <span class='ocrx_word' id='word_1_812' title='bbox 1084 5153 1145 5205; x_wconf 73' lang='grc' dir='ltr'>τὸ</span> <span class='ocrx_word' id='word_1_813' title='bbox 1179 5154 1401 5224; x_wconf 79' lang='grc' dir='ltr'>Πνεῦμα</span> <span class='ocrx_word' id='word_1_814' title='bbox 1440 5156 1500 5208; x_wconf 74' lang='grc' dir='ltr'>τὸ</span> <span class='ocrx_word' id='word_1_815' title='bbox 1536 5156 1690 5223; x_wconf 75' lang='grc' dir='ltr'>ἅγιον</span> 
     </span>
    </p>
   </div>
   <div class='ocr_carea' id='block_1_106' title="bbox 102 5246 1689 5319">
    <p class='ocr_par' dir='ltr' id='par_1_106' title="bbox 102 5246 1689 5319">
     <span class='ocr_line' id='line_1_106' title="bbox 102 5246 1689 5319; baseline -0.003 -16"><span class='ocrx_word' id='word_1_816' title='bbox 102 5249 360 5319; x_wconf 81' lang='grc' dir='ltr'>ὁμοτίμῳ</span> <span class='ocrx_word' id='word_1_817' title='bbox 396 5250 763 5318; x_wconf 80' lang='grc' dir='ltr'>προσκυνήσει</span> <span class='ocrx_word' id='word_1_818' title='bbox 797 5246 1107 5317; x_wconf 73' lang='grc' dir='ltr'>δοξάζηται,</span> <span class='ocrx_word' id='word_1_819' title='bbox 1139 5249 1189 5299; x_wconf 84' lang='grc' dir='ltr'>οἱ</span> <span class='ocrx_word' id='word_1_820' title='bbox 1220 5247 1293 5300; x_wconf 74' lang='grc' dir='ltr'>τὰ</span> <span class='ocrx_word' id='word_1_821' title='bbox 1330 5248 1564 5318; x_wconf 67' lang='grc' dir='ltr'>περισσὰ</span> <span class='ocrx_word' id='word_1_822' title='bbox 1600 5265 1689 5300; x_wconf 83' lang='grc' dir='ltr'>σο-</span> 
     </span>
    </p>
   </div>
   <div class='ocr_carea' id='block_1_107' title="bbox 104 5339 1689 5411">
    <p class='ocr_par' dir='ltr' id='par_1_107' title="bbox 104 5339 1689 5411">
     <span class='ocr_line' id='line_1_107' title="bbox 104 5339 1689 5411; baseline -0.001 -18"><span class='ocrx_word' id='word_1_823' title='bbox 104 5341 391 5411; x_wconf 73' lang='grc' dir='ltr'>φιζόμενοι</span> <span class='ocrx_word' id='word_1_824' title='bbox 445 5341 605 5392; x_wconf 86' lang='grc' dir='ltr'>ποίαν</span> <span class='ocrx_word' id='word_1_825' title='bbox 654 5340 747 5392; x_wconf 88' lang='grc' dir='ltr'><strong>τοῦ</strong></span> <span class='ocrx_word' id='word_1_826' title='bbox 781 5341 1018 5409; x_wconf 84' lang='grc' dir='ltr'>πολέμου</span> <span class='ocrx_word' id='word_1_827' title='bbox 1067 5339 1423 5409; x_wconf 84' lang='grc' dir='ltr'>εὐπρόσωπον</span> <span class='ocrx_word' id='word_1_828' title='bbox 1475 5340 1689 5410; x_wconf 78' lang='grc' dir='ltr'>ἔχουσιν</span> 
     </span>
    </p>
   </div>
   <div class='ocr_carea' id='block_1_108' title="bbox 106 5434 1689 5506">
    <p class='ocr_par' dir='ltr' id='par_1_108' title="bbox 106 5434 1689 5506">
     <span class='ocr_line' id='line_1_108' title="bbox 106 5434 1689 5506; baseline -0.003 -18"><span class='ocrx_word' id='word_1_829' title='bbox 106 5435 389 5505; x_wconf 71' lang='grc' dir='ltr'>ἀφορμὴν,</span> <span class='ocrx_word' id='word_1_830' title='bbox 442 5435 716 5506; x_wconf 78' lang='grc' dir='ltr'>σχίζοντες</span> <span class='ocrx_word' id='word_1_831' title='bbox 757 5437 847 5488; x_wconf 81' lang='grc' dir='ltr'>τὸν</span> <span class='ocrx_word' id='word_1_832' title='bbox 888 5435 1087 5505; x_wconf 85' lang='grc' dir='ltr'>χιτῶνα</span> <span class='ocrx_word' id='word_1_833' title='bbox 1134 5434 1225 5486; x_wconf 82' lang='grc' dir='ltr'>τὸν</span> <span class='ocrx_word' id='word_1_834' title='bbox 1262 5434 1556 5504; x_wconf 68' lang='grc' dir='ltr'>ἄρρηκτον,</span> <span class='ocrx_word' id='word_1_835' title='bbox 1594 5434 1689 5485; x_wconf 75' lang='grc' dir='ltr'><strong>καὶ</strong></span> 
     </span>
    </p>
   </div>
   <div class='ocr_carea' id='block_1_109' title="bbox 106 5523 1687 5595">
    <p class='ocr_par' dir='ltr' id='par_1_109' title="bbox 106 5523 1687 5595">
     <span class='ocr_line' id='line_1_109' title="bbox 106 5523 1687 5595; baseline -0.003 -19"><span class='ocrx_word' id='word_1_836' title='bbox 106 5525 249 5595; x_wconf 76' lang='grc' dir='ltr'>πρὸς</span> <span class='ocrx_word' id='word_1_837' title='bbox 272 5524 505 5586; x_wconf 84' lang='grc' dir='ltr'>Παῦλον,</span> <span class='ocrx_word' id='word_1_838' title='bbox 537 5525 631 5578; x_wconf 66' lang='grc' dir='ltr'><strong>καὶ</strong></span> <span class='ocrx_word' id='word_1_839' title='bbox 660 5526 857 5594; x_wconf 73' lang='grc' dir='ltr'>Κηφᾶν</span> <span class='ocrx_word' id='word_1_840' title='bbox 883 5525 943 5578; x_wconf 78' lang='grc' dir='ltr'>τὸ</span> <span class='ocrx_word' id='word_1_841' title='bbox 966 5524 1134 5594; x_wconf 76' lang='grc' dir='ltr'>ὄνομα</span> <span class='ocrx_word' id='word_1_842' title='bbox 1158 5524 1253 5576; x_wconf 89' lang='grc' dir='ltr'><strong>τοῦ</strong></span> <span class='ocrx_word' id='word_1_843' title='bbox 1286 5523 1488 5592; x_wconf 80' lang='grc' dir='ltr'>Κυρίου</span> <span class='ocrx_word' id='word_1_844' title='bbox 1521 5540 1687 5573; x_wconf 65' lang='grc' dir='ltr'>καταο</span> 
     </span>
    </p>
   </div>
   <div class='ocr_carea' id='block_1_110' title="bbox 109 5613 1687 5689">
    <p class='ocr_par' dir='ltr' id='par_1_110' title="bbox 109 5613 1687 5689">
     <span class='ocr_line' id='line_1_110' title="bbox 109 5613 1687 5689; baseline -0.003 -20"><span class='ocrx_word' id='word_1_845' title='bbox 109 5618 428 5689; x_wconf 78' lang='grc' dir='ltr'>μερίζοντες</span> <span class='ocrx_word' id='word_1_846' title='bbox 456 5658 472 5682; x_wconf 93' lang='grc'><strong>,</strong></span> <span class='ocrx_word' id='word_1_847' title='bbox 500 5618 595 5670; x_wconf 79' lang='grc' dir='ltr'><strong>καὶ</strong></span> <span class='ocrx_word' id='word_1_848' title='bbox 626 5617 717 5670; x_wconf 85' lang='grc' dir='ltr'>τὸν</span> <span class='ocrx_word' id='word_1_849' title='bbox 756 5616 1158 5688; x_wconf 87' lang='grc' dir='ltr'>προσεγγισμὸν</span> <span class='ocrx_word' id='word_1_850' title='bbox 1187 5614 1295 5667; x_wconf 84' lang='grc' dir='ltr'><strong>τῶν</strong></span> <span class='ocrx_word' id='word_1_851' title='bbox 1323 5613 1411 5666; x_wconf 76' lang='grc' dir='ltr'><strong>τὸν</strong></span> <span class='ocrx_word' id='word_1_852' title='bbox 1452 5613 1687 5684; x_wconf 82' lang='grc' dir='ltr'>Χριστὸν</span> 
     </span>
    </p>
   </div>
   <div class='ocr_carea' id='block_1_111' title="bbox 185 5795 1674 5869">
    <p class='ocr_par' dir='ltr' id='par_1_111' title="bbox 185 5795 1674 5869">
     <span class='ocr_line' id='line_1_111' title="bbox 185 5795 1674 5869; baseline -0.005 -13"><span class='ocrx_word' id='word_1_853' title='bbox 185 5801 205 5832; x_wconf 79' lang='grc'>³</span> <span class='ocrx_word' id='word_1_854' title='bbox 241 5798 375 5855; x_wconf 88' lang='lat' dir='ltr'><strong>Gen.</strong></span> <span class='ocrx_word' id='word_1_855' title='bbox 409 5813 492 5869; x_wconf 85' lang='grc' dir='ltr'>ιιι,</span> <span class='ocrx_word' id='word_1_856' title='bbox 524 5798 608 5854; x_wconf 79' lang='grc'><strong>15.</strong></span> <span class='ocrx_word' id='word_1_857' title='bbox 687 5800 706 5830; x_wconf 83' lang='grc'>³</span> <span class='ocrx_word' id='word_1_858' title='bbox 746 5797 921 5856; x_wconf 77' lang='lat' dir='ltr'><strong>Lcrit.</strong></span> <span class='ocrx_word' id='word_1_859' title='bbox 956 5816 1083 5867; x_wconf 72' lang='grc' dir='ltr'>χιιι,</span> <span class='ocrx_word' id='word_1_860' title='bbox 1122 5798 1221 5867; x_wconf 86' lang='lat' dir='ltr'><strong>l8;</strong></span> <span class='ocrx_word' id='word_1_861' title='bbox 1265 5797 1448 5853; x_wconf 73' lang='lat' dir='ltr'><strong>Matth.</strong></span> <span class='ocrx_word' id='word_1_862' title='bbox 1486 5812 1549 5862; x_wconf 80' lang='grc' dir='ltr'><strong>ν,</strong></span> <span class='ocrx_word' id='word_1_863' title='bbox 1590 5795 1674 5850; x_wconf 71' lang='grc'><strong>45.</strong></span> 
     </span>
    </p>
   </div>
   <div class='ocr_carea' id='block_1_112' title="bbox 1787 5150 3368 5226">
    <p class='ocr_par' dir='ltr' id='par_1_112' title="bbox 1787 5150 3368 5226">
     <span class='ocr_line' id='line_1_112' title="bbox 1787 5150 3368 5226; baseline 0.005 -23"><span class='ocrx_word' id='word_1_864' title='bbox 1787 5150 2058 5215; x_wconf 87' lang='lat' dir='ltr'><strong>creditur,</strong></span> <span class='ocrx_word' id='word_1_865' title='bbox 2114 5150 2262 5220; x_wconf 90' lang='lat' dir='ltr'><strong>quod</strong></span> <span class='ocrx_word' id='word_1_866' title='bbox 2301 5151 2463 5205; x_wconf 82' lang='lat' dir='ltr'><strong>Pater</strong></span> <span class='ocrx_word' id='word_1_867' title='bbox 2491 5162 2610 5215; x_wconf 89' lang='lat' dir='ltr'><strong>est;</strong></span> <span class='ocrx_word' id='word_1_868' title='bbox 2651 5154 2893 5222; x_wconf 84' lang='lat' dir='ltr'><strong>quandiu</strong></span> <span class='ocrx_word' id='word_1_869' title='bbox 2945 5153 3186 5224; x_wconf 87' lang='lat' dir='ltr'><strong>Spiritus</strong></span> <span class='ocrx_word' id='word_1_870' title='bbox 3230 5171 3368 5226; x_wconf 86' lang='lat' dir='ltr'><strong>quo-</strong></span> 
     </span>
    </p>
   </div>
   <div class='ocr_carea' id='block_1_113' title="bbox 1791 5244 3369 5317">
    <p class='ocr_par' dir='ltr' id='par_1_113' title="bbox 1791 5244 3369 5317">
     <span class='ocr_line' id='line_1_113' title="bbox 1791 5244 3369 5317; baseline 0.005 -21"><span class='ocrx_word' id='word_1_871' title='bbox 1791 5259 1898 5313; x_wconf 87' lang='lat' dir='ltr'><strong>que</strong></span> <span class='ocrx_word' id='word_1_872' title='bbox 1928 5251 2157 5299; x_wconf 90' lang='lat' dir='ltr'><strong>sanctus</strong></span> <span class='ocrx_word' id='word_1_873' title='bbox 2190 5244 2306 5314; x_wconf 88' lang='lat' dir='ltr'><strong>pari</strong></span> <span class='ocrx_word' id='word_1_874' title='bbox 2340 5244 2660 5302; x_wconf 90' lang='lat' dir='ltr'><strong>adoratione</strong></span> <span class='ocrx_word' id='word_1_875' title='bbox 2694 5248 2917 5312; x_wconf 90' lang='lat' dir='ltr'><strong>colitur,</strong></span> <span class='ocrx_word' id='word_1_876' title='bbox 2954 5262 3185 5317; x_wconf 90' lang='lat' dir='ltr'><strong>ecquam</strong></span> <span class='ocrx_word' id='word_1_877' title='bbox 3234 5251 3369 5304; x_wconf 85' lang='lat' dir='ltr'><strong>satis</strong></span> 
     </span>
    </p>
   </div>
   <div class='ocr_carea' id='block_1_114' title="bbox 1793 5334 3370 5405">
    <p class='ocr_par' dir='ltr' id='par_1_114' title="bbox 1793 5334 3370 5405">
     <span class='ocr_line' id='line_1_114' title="bbox 1793 5334 3370 5405; baseline 0.004 -17"><span class='ocrx_word' id='word_1_878' title='bbox 1793 5335 2097 5405; x_wconf 88' lang='lat' dir='ltr'><strong>speciosam</strong></span> <span class='ocrx_word' id='word_1_879' title='bbox 2152 5334 2282 5390; x_wconf 85' lang='lat' dir='ltr'><strong>belli</strong></span> <span class='ocrx_word' id='word_1_880' title='bbox 2321 5350 2546 5391; x_wconf 85' lang='lat' dir='ltr'><strong>causam</strong></span> <span class='ocrx_word' id='word_1_881' title='bbox 2593 5337 2795 5391; x_wconf 84' lang='lat' dir='ltr'><strong>habere</strong></span> <span class='ocrx_word' id='word_1_882' title='bbox 2850 5338 3098 5393; x_wconf 86' lang='lat' dir='ltr'><strong>homines</strong></span> <span class='ocrx_word' id='word_1_883' title='bbox 3149 5340 3370 5395; x_wconf 91' lang='lat' dir='ltr'><strong>curiose</strong></span> 
     </span>
    </p>
   </div>
   <div class='ocr_carea' id='block_1_115' title="bbox 1793 5428 3370 5497">
    <p class='ocr_par' dir='ltr' id='par_1_115' title="bbox 1793 5428 3370 5497">
     <span class='ocr_line' id='line_1_115' title="bbox 1793 5428 3370 5497; baseline 0.003 -17"><span class='ocrx_word' id='word_1_884' title='bbox 1793 5428 1972 5497; x_wconf 80' lang='lat' dir='ltr'><strong>arguti</strong></span> <span class='ocrx_word' id='word_1_885' title='bbox 2011 5434 2235 5497; x_wconf 89' lang='lat' dir='ltr'><strong>queant,</strong></span> <span class='ocrx_word' id='word_1_886' title='bbox 2279 5428 2373 5497; x_wconf 87' lang='lat' dir='ltr'><strong>qui</strong></span> <span class='ocrx_word' id='word_1_887' title='bbox 2404 5429 2650 5482; x_wconf 88' lang='lat' dir='ltr'><strong>tunicam</strong></span> <span class='ocrx_word' id='word_1_888' title='bbox 2704 5430 2851 5483; x_wconf 88' lang='lat' dir='ltr'><strong>illam</strong></span> <span class='ocrx_word' id='word_1_889' title='bbox 2895 5429 3182 5485; x_wconf 87' lang='lat' dir='ltr'><strong>indivisam</strong></span> <span class='ocrx_word' id='word_1_890' title='bbox 3224 5431 3370 5485; x_wconf 84' lang='lat' dir='ltr'><strong>lacc-</strong></span> 
     </span>
    </p>
   </div>
   <div class='ocr_carea' id='block_1_116' title="bbox 1794 5519 3367 5591">
    <p class='ocr_par' dir='ltr' id='par_1_116' title="bbox 1794 5519 3367 5591">
     <span class='ocr_line' id='line_1_116' title="bbox 1794 5519 3367 5591; baseline 0.003 -20"><span class='ocrx_word' id='word_1_891' title='bbox 1794 5526 1937 5584; x_wconf 89' lang='lat' dir='ltr'><strong>rant,</strong></span> <span class='ocrx_word' id='word_1_892' title='bbox 1967 5529 2022 5573; x_wconf 87' lang='lat' dir='ltr'><strong>et</strong></span> <span class='ocrx_word' id='word_1_893' title='bbox 2044 5519 2248 5574; x_wconf 86' lang='lat' dir='ltr'><strong>Christi</strong></span> <span class='ocrx_word' id='word_1_894' title='bbox 2299 5534 2496 5575; x_wconf 91' lang='lat' dir='ltr'><strong>nomen</strong></span> <span class='ocrx_word' id='word_1_895' title='bbox 2529 5520 2583 5574; x_wconf 89' lang='lat' dir='ltr'><strong>in</strong></span> <span class='ocrx_word' id='word_1_896' title='bbox 2615 5520 2772 5573; x_wconf 87' lang='lat' dir='ltr'><strong>Pauli</strong></span> <span class='ocrx_word' id='word_1_897' title='bbox 2802 5528 2860 5576; x_wconf 87' lang='lat' dir='ltr'><strong>et</strong></span> <span class='ocrx_word' id='word_1_898' title='bbox 2892 5519 3089 5591; x_wconf 64' lang='lat' dir='ltr'><strong>(Iephte</strong></span> <span class='ocrx_word' id='word_1_899' title='bbox 3122 5523 3367 5590; x_wconf 82' lang='lat' dir='ltr'><strong>appella-</strong></span> 
     </span>
    </p>
   </div>
   <div class='ocr_carea' id='block_1_117' title="bbox 1795 5612 3365 5685">
    <p class='ocr_par' dir='ltr' id='par_1_117' title="bbox 1795 5612 3365 5685">
     <span class='ocr_line' id='line_1_117' title="bbox 1795 5612 3365 5685; baseline 0.002 -18"><span class='ocrx_word' id='word_1_900' title='bbox 1795 5614 1974 5668; x_wconf 88' lang='lat' dir='ltr'><strong>tiones</strong></span> <span class='ocrx_word' id='word_1_901' title='bbox 1994 5621 2182 5668; x_wconf 87' lang='lat' dir='ltr'><strong>sccant</strong></span> <span class='ocrx_word' id='word_1_902' title='bbox 2204 5629 2215 5665; x_wconf 96' lang='lat'><strong>:</strong></span> <span class='ocrx_word' id='word_1_903' title='bbox 2241 5621 2297 5671; x_wconf 85' lang='lat' dir='ltr'><strong>et</strong></span> <span class='ocrx_word' id='word_1_904' title='bbox 2330 5613 2649 5678; x_wconf 76' lang='lat' dir='ltr'><strong>accedentes</strong></span> <span class='ocrx_word' id='word_1_905' title='bbox 2673 5612 2739 5669; x_wconf 89' lang='lat' dir='ltr'><strong>ad</strong></span> <span class='ocrx_word' id='word_1_906' title='bbox 2767 5628 2825 5670; x_wconf 83' lang='lat' dir='ltr'><strong>se</strong></span> <span class='ocrx_word' id='word_1_907' title='bbox 2847 5628 2942 5670; x_wconf 87' lang='lat' dir='ltr'><strong>eos</strong></span> <span class='ocrx_word' id='word_1_908' title='bbox 2967 5615 3057 5685; x_wconf 91' lang='lat' dir='ltr'><strong>qui</strong></span> <span class='ocrx_word' id='word_1_909' title='bbox 3082 5614 3365 5670; x_wconf 84' lang='lat' dir='ltr'><strong>Christum</strong></span> 
     </span>
    </p>
   </div>
  </div>
