3834 6416
486 279 626 337 1019

482 577 699 631 accedas
725 579 794 632 ad
817 599 931 645 me;
972 601 1065 655 ego
1081 589 1220 640 enim
1249 607 1414 659 purus
1437 612 1576 649 sum.
1603 597 1768 652 Detur
1789 616 1922 657 sane
1943 603 2050 659 illis

481 669 602 736 plus
633 674 990 742 cognitionis,
1017 693 1180 748 quam
1227 699 1336 750 pra:
1373 688 1585 743 caeteris
1615 705 1674 744 se
1697 700 1889 760 putant
1928 711 2050 752 esse

479 771 826 829 consecutos,
845 781 940 821 eos
954 768 1173 826 habere.
1188 773 1326 837 Quid
1343 777 1365 828 ’ί
1383 781 1686 847 ampliusne
1704 785 1907 855 aliquid
1927 803 2049 841 cre-

477 849 626 911 dent,
653 869 814 922 quam
841 855 1007 912 Deum
1025 876 1147 917 esse
1169 880 1292 918 eum
1312 868 1403 936 qui
1439 885 1601 926 verus
1619 883 1701 928 est
1727 875 1820 932 Dei
1847 877 2051 935 Filius?

478 940 687 1014 Quippe
717 949 827 1002 veri
857 949 950 1004 Dei
989 954 1263 1010 confessio
1307 971 1510 1016 omnes
1536 964 1654 1033 pias
1687 975 1741 1020 et
1775 969 2045 1027 salutares

475 1037 636 1091 nobis
681 1040 934 1097 notiones
987 1044 1041 1097 in
1075 1060 1134 1099 se
1173 1050 1551 1118 complectitur
1587 1071 1599 1105 :
1646 1057 1850 1114 bonum
1886 1077 2041 1124 esse,

473 1126 702 1193 justum,
731 1139 1025 1199 potentem,
1053 1136 1464 1209 immutabilem,
1487 1146 1880 1214 invariabilem,
1909 1169 2045 1207 sem-

477 1235 574 1288 per
609 1223 890 1288 eumdem,
937 1228 1031 1296 qui
1075 1244 1252 1300 neque
1315 1233 1368 1286 in
1419 1236 1690 1305 deterius,
1764 1258 1940 1312 neque
1987 1247 2040 1300 in

475 1309 671 1364 melius
699 1314 832 1367 verti
865 1323 1026 1384 queat
1056 1335 1069 1371 :
1104 1318 1232 1372 illud
1269 1337 1502 1394 namque
1521 1335 1728 1384 naturae
1757 1333 1926 1403 ipsius
1956 1352 2042 1391 re-

476 1411 712 1468 pugnat:
741 1404 843 1458 hoc
871 1422 978 1460 non
1007 1417 1085 1463 est
1121 1410 1175 1464 in
1206 1420 1419 1469 natura.
1449 1418 1590 1483 Quid
1617 1423 1762 1477 enim
1790 1441 1856 1481 eo
1893 1431 2039 1497 quod

477 1504 641 1560 supra
687 1496 866 1549 omnia
912 1508 995 1553 est
1027 1501 1258 1558 sublime
1302 1507 1642 1565 sublimius?
1694 1514 1835 1579 Quid
1894 1519 2041 1576 bono

475 1582 714 1638 melius?
749 1584 933 1657 Itaque
967 1589 1020 1643 in
1055 1594 1204 1647 omni
1252 1597 1586 1664 perfectione
1626 1602 1752 1658 honi
1797 1611 2042 1665 conside-

474 1687 649 1743 ratus,
677 1696 772 1750 per
795 1698 985 1740 omnes
1013 1691 1333 1748 mutationis
1359 1694 1563 1753 formas
1593 1713 1789 1770 expers
1827 1713 1912 1758 est
1946 1722 2041 1760 va-

471 1766 748 1832 riationis,
795 1787 973 1842 neque
1003 1787 1150 1833 certo
1183 1788 1424 1852 tempore
1465 1787 1608 1842 hanc
1647 1792 1752 1845 sibi
1787 1804 2041 1852 naturam
2072 1765 2118 1824 Β

470 1871 594 1912 esse
631 1859 1049 1933 demonstravit,
1081 1871 1177 1926 sed
1209 1887 1424 1942 semper
1451 1878 1640 1934 eodem
1667 1899 1726 1937 se
1754 1885 1917 1940 modo
1951 1889 2043 1941 ba-

470 1947 644 2005 hnit:
694 1962 748 2008 et
802 1955 1117 2028 priusquam
1175 1971 1233 2017 ut
1293 1965 1455 2021 homo
1513 1985 1934 2032 conversaretur
1984 1981 2039 2034 in

468 2043 693 2108 mundo,
722 2053 775 2099 et
808 2047 937 2102 dum
970 2051 1024 2104 in
1053 2067 1119 2106 eo
1143 2064 1249 2120 est,
1293 2068 1347 2112 et
1376 2070 1564 2128 postea
1596 2080 1611 2127 ;
1673 2082 1848 2137 neque
1875 2071 2037 2128 ullam

465 2141 681 2200 partem
721 2145 929 2192 natum
957 2156 1068 2195 suae
1115 2143 1472 2206 immutabilis
1501 2161 1666 2222 atque
1705 2157 2042 2218 invariabilis

471 2218 526 2273 in
566 2221 632 2276 iis
662 2239 784 2292 qua:
816 2242 912 2295 pro
946 2231 1105 2286 nobis
1135 2234 1334 2299 effecit,
1380 2254 1442 2294 ac
1487 2244 1786 2314 quidquam
1817 2264 2040 2305 accom-

472 2307 734 2377 modavit,
762 2315 906 2382 quod
945 2332 974 2370 a
1017 2335 1115 2374 sua
1156 2331 1349 2380 natura
1395 2307 1542 2386 esset
1586 2307 1845 2392 alienum.
1881 2339 2038 2406 Quod

467 2399 614 2453 enim
655 2412 848 2458 natura
898 2423 1072 2478 neque
1123 2417 1494 2485 corruptioni,
1543 2439 1722 2494 neque
1749 2432 2038 2486 mutationi

467 2498 553 2545 est
581 2494 898 2560 obnoxium,
924 2503 1112 2558 eodem
1140 2508 1301 2563 modo
1329 2527 1544 2582 semper
1565 2531 1626 2571 se
1656 2518 1842 2586 habet,
1864 2538 2041 2593 neque

468 2596 592 2636 cum
643 2585 833 2642 humili
874 2603 1070 2648 natura
1104 2597 1384 2665 variatur,
1430 2606 1648 2673 quando
1677 2611 1892 2668 ratione
1920 2615 2038 2669 dis-

468 2675 805 2739 pensationis
840 2681 893 2733 in
916 2697 978 2735 ea
1015 2695 1282 2754 versatur,
1321 2694 1610 2764 evenitque
1644 2698 1788 2753 sicut
1813 2701 1867 2755 in
1900 2705 2035 2768 sole,

467 2763 561 2830 qui
601 2767 813 2822 radium
853 2786 1014 2827 suum
1054 2777 1276 2849 caligini
1317 2763 1642 2854 subjiciens,
1683 2790 1866 2846 lumen
1898 2763 2036 2850 radii

468 2855 554 2908 sui
591 2871 702 2913 non
732 2861 1013 2929 obscurat,
1049 2869 1142 2923 sed
1184 2871 1357 2940 ipsius
1398 2875 1447 2928 vi
1485 2886 1648 2948 atque
1686 2880 1924 2938 efﬁcacia
1958 2895 2038 2960 te-

465 2946 666 3004 nebras
696 2951 747 3005 in
780 2953 954 3010 lucem
986 2965 1315 3017 transmutat
1358 2984 1372 3032 ;
1410 2968 1478 3022 ad
1524 2972 1775 3028 eumdem
1814 2977 2034 3031 modum

468 3039 686 3106 quando
729 3057 916 3098 verum
962 3046 1141 3102 lumen
1189 3049 1242 3104 in
1287 3057 1528 3113 tenebris
1559 3062 1763 3116 nostris
1799 3063 2012 3119 refulsit

467 3144 811 3202 nequaquam
846 3137 1200 3195 obscuratum
1236 3143 1414 3214 ipsum
1460 3160 1546 3205 est
1579 3168 1608 3205 a
1645 3155 1910 3222 tenebris,

467 3233 568 3273 sua
601 3221 772 3291 ipsius
803 3227 855 3279 vi
900 3229 1184 3301 caliginem
1241 3236 1555 3296 illustravit.
1613 3245 1750 3300 Cum
1785 3249 1949 3318 igitur
1980 3252 2036 3306 in

468 3313 710 3371 tenebris
759 3316 1060 3376 humanum
1101 3340 1275 3394 genus
1338 3346 1685 3397 versaretur.
1719 3342 1862 3394 sicut
1899 3345 2038 3398 scri-

468 3410 619 3472 ptum
651 3415 773 3463 est:
809 3405 934 3464 Non
969 3429 1312 3484 agnoverunt,
1341 3439 1504 3494 neque
1543 3427 1948 3498 intellexerunt,
1981 3437 2037 3489 in

468 3494 694 3551 tenebris
729 3501 1056 3569 ambulant‘,
1083 3507 1130 3562 is
1173 3514 1264 3579 qui
1301 3517 1644 3574 tenebrosam
1687 3533 1937 3579 naturam
1968 3528 2037 3581 il-

472 3585 748 3653 lustravit,
783 3607 878 3661 per
906 3596 1216 3656 universam
1250 3619 1564 3678 compagem
1596 3622 1840 3669 nostram
1866 3618 2039 3674 deita-

471 3678 541 3734 tis
573 3680 726 3736 radio
757 3690 1087 3746 transmisso
1136 3694 1270 3766 (.per
1301 3701 1539 3756 animum
1571 3705 1694 3760 dico
1725 3719 1778 3762 et
1805 3714 2036 3784 corpus)

469 3771 785 3830 universum
838 3795 1010 3849 genus
1054 3784 1351 3844 humanum
1401 3799 1624 3865 proprio
1683 3801 1788 3855 sibi
1835 3803 2038 3860 lumine

467 3865 832 3935 participavit,
861 3872 990 3928 dum
1029 3875 1162 3933 illud
1189 3883 1292 3937 sibi
1321 3888 1595 3954 copulavit
1622 3900 1784 3960 atque
1805 3896 2037 3964 conjun-

471 3957 550 4010 xit
577 3976 592 4014 :
619 3959 912 4035 ellecitque
945 3977 1002 4022 ut
1039 3971 1172 4028 illud
1218 3987 1366 4031 esset
1399 3983 1542 4049 quod
1569 3993 1652 4040 est
1681 3957 1796 4058 ipse
1830 4008 1842 4042 :
1877 4002 2038 4062 atque

467 4057 528 4103 ut
553 4065 811 4124 corrupta
866 4058 1042 4118 deitas
1084 4081 1192 4122 non
1241 4076 1359 4132 est,
1413 4073 1666 4133 habitans
1706 4057 1768 4133 in
1801 4057 2039 4138 obnosio

465 4149 809 4216 corruptioni
850 4165 1079 4223 corpore
1107 4174 1120 4210 :
1165 4159 1244 4213 sic
1275 4176 1376 4215 nec
1403 4164 1568 4222 ullius
1593 4172 1914 4228 mutationis
1943 4192 2038 4229 va—

470 4233 753 4292 riationem
779 4244 1059 4312 sustinuit,
1083 4250 1300 4316 quando
1319 4256 1733 4315 mutabilitatem
1757 4264 1922 4318 animi
1942 4281 2041 4321 no-

470 4329 568 4380 stri
594 4332 826 4387 sanavit.
865 4335 1076 4406 Quippe
1099 4349 1154 4394 et
1186 4341 1242 4395 in
1283 4352 1399 4399 arte
1425 4348 1634 4404 medica
1663 4353 1755 4421 qui
1791 4361 2036 4426 corpori-

1713 302 1769 359 S.
1812 307 2141 366 GBEGORII
2179 309 2475 370 NYSSENI

484 391 735 460 a'dorant,
764 397 1154 458 abominabiles
1175 410 1527 474 pronuntiant
1553 429 1564 463 :
1593 421 1802 470 tantum
1825 436 1929 473 non
1960 423 2036 475 di-

2145 428 2592 494 προσκυνούντων
2615 471 2629 493 ,
2687 432 2975 501 βδελυκτὸν
3023 438 3416 508 ἀποφαίνοντες
3438 465 3459 480 ο

482 486 644 539 sertis
669 488 849 543 verbis
868 490 1000 545 illud
1021 494 1196 562 palam
1218 497 1548 558 clamantes:
1570 505 1812 561 Procula
1834 527 1913 563 mc
1927 529 1945 576 ;
1970 512 2056 566 Ne
2155 521 2406 588 φανερῶς

3619 337 3739 393 {020
3781 58 3807 442 κ

3519 458 3733 517 μονονοὺ

2442 524 2618 576 ἐκεῖνο
2663 525 2893 593 βοῶντες
2932 533 3045 593 τοῖς
3111 535 3340 602 ῥήμασι,
3382 540 3598 607 Πόῤῥω
3644 543 3733 594 ἀπ’

2150 610 2332 678 ἐμοῦ’
2389 616 2486 682 Μὴ
2543 617 2796 684 ἐγγίσῃς
2843 637 2980 688 μοι’
3034 622 3124 676 ὅτι
3179 631 3436 697 καθαρός
3473 635 3618 700 ειμι.
3653 639 3734 687 Δε-

2149 704 2320 758 δόσθω
2364 706 2420 759 δὲ
2470 709 2564 760 καὶ
2620 710 2782 763 πλέον
2820 730 2872 765 τι
2908 715 3090 779 αὐτοῖς
3141 720 3281 773 κατά
3332 722 3434 792 τὴν
3501 726 3716 787 γνῶσιν.

2149 795 2323 865 ἥνπερ
2365 798 2519 850 αὐτοὶ
2562 800 2762 854 οἴονται
2811 805 3232 875 κατειληφέναι,
3292 817 3606 879 προσεῖναι.
3651 819 3728 888 Μὴ
3803 793 3808 854 1

2149 887 2311 939 πλέον
2339 888 2430 940 τοῦ
2459 891 2735 945 πιστεύειν
2765 893 3016 964 ἀληθινὸν
3042 892 3180 952 εἶναι
3203 900 3333 954 Θεὸν
3356 903 3450 955 τὸν
3476 906 3576 958 τοῦ
3609 907 3726 960 Θεοῦ

2148 975 2401 1062 ἀληθινὸν
2431 979 2558 1032 Υῐὸν
2592 981 2842 1050 ἕχουσιν;
2882 986 2959 1058 Τῇ
2995 989 3105 1058 γὰρ
3153 988 3244 1042 τοῦ
3285 992 3554 1062 ἀληθινοῦ
3608 997 3724 1050 Θεοῦ

2146 1053 2405 1141 ὁμολογία
2457 1075 2633 1126 πάντα
2665 1077 3244 1147 συμπεριλαμϐάνεται
3285 1085 3352 1137 τά
3389 1087 3599 1156 εὐσεὸἦ
3646 1092 3723 1142 καὶ
3805 1089 3807 1108 ‘

2150 1161 2389 1225 σώζοντα
2416 1164 2561 1240 ἡμᾶς
2586 1168 2831 1238 νοήματα
2857 1187 2870 1199 ·
2911 1171 2990 1223 ὅτι
3023 1171 3246 1238 ἀγαθὸς,
3279 1175 3360 1228 ’ότι
3387 1177 3623 1242 δίκαιος,
3652 1181 3719 1233 ὅτι

2148 1249 2392 1315 δυνατὸς,
2420 1254 2690 1320 ἄτρεπτος
2715 1276 2774 1311 τε
2806 1260 2901 1312 καὶ
2930 1261 3306 1328 ἀναλλοίωτος,
3336 1268 3438 1320 καὶ
3471 1270 3566 1321 ἀεὶ
3589 1273 3615 1323 ὁ
3641 1274 3720 1323 αὖε

2145 1343 2254 1406 τὸς,
2277 1343 2400 1397 οὔτε
2417 1346 2552 1416 πρὸς
2564 1348 2622 1400 τὸ
2639 1353 2836 1420 χεῖρον,
2856 1351 2978 1405 οὔτε
2997 1354 3134 1425 πρὸς
3153 1356 3211 1409 τὸ
3228 1357 3439 1426 βέλτιον
3454 1362 3717 1431 τραπῆναι
3805 1385 3807 1446 4

2143 1434 2468 1505 δυνάμενος·
2494 1438 2558 1490 τὺ
2585 1440 2682 1508 μὲν
2711 1441 2820 1510 γὰρ
2847 1443 2908 1494 οὗ
2942 1443 3173 1511 πέφυκε,
3200 1447 3259 1499 τὸ
3286 1447 3342 1500 δὲ
3375 1448 3480 1500 οὐκ
3517 1449 3648 1518 ἔχει·
3675 1452 3718 1503 τί
3805 1434 3807 1478 τ

2145 1525 2252 1598 γάρ
2275 1527 2500 1597 ὑψίστου
2521 1529 2851 1602 ὑψηλότερον
2872 1549 2886 1596 ;
2910 1533 2977 1586 Τί
3001 1535 3095 1587 τοῦ
3120 1535 3324 1604 ἀγαθοῦ
3352 1539 3714 1612 ἀγαθὼτερονς

2147 1617 2310 1670 Ὥστε
2338 1621 2395 1671 ἐν
2434 1621 2584 1692 πάσῃ
2609 1621 2703 1674 τοῦ
2747 1624 2952 1691 ἀγαθοῦ
2994 1626 3291 1698 τελειότητι
3326 1629 3715 1701 θεωρούμενος,

2145 1711 2286 1762 κατά
2316 1711 2424 1763 πᾶν
2451 1705 2588 1774 εἶδος
2607 1714 2817 1784 τροπῆς
2843 1715 2902 1768 τὸ
2931 1717 3285 1772 ἀναλλοίωτον
3317 1720 3431 1790 ἔχει
3455 1739 3468 1750 ·
3507 1725 3571 1775 οὐ
3594 1728 3714 1778 κατὰ

2145 1801 2366 1870 καιρούς
2391 1820 2542 1866 τινας
2568 1804 2628 1856 τὸ
2667 1805 2907 1860 τοιοῦτον
2933 1809 2989 1858 ὲν
3013 1809 3191 1880 ἐαυτῷ
3216 1811 3453 1875 δεικνὺς,
3490 1814 3607 1866 ἀλλ’
3642 1817 3712 1868 ἀεὶ

2141 1891 2398 1956 ὡσαύτως
2428 1894 2586 1963 ἔχων,
2637 1900 2731 1949 καὶ
2760 1899 2868 1968 πρὸ
2896 1898 2996 1968 τῆς
3030 1901 3170 1955 κατά
3200 1903 3496 1973 ἄνθρωπον
3528 1908 3714 1959 οἰκονο-

2144 1984 2293 2054 μίας,
2324 1987 2416 2038 καὶ
2442 1987 2499 2038 ἐν
2525 1987 2736 2057 ἐκείνῳ,
2761 1991 2855 2042 καὶ
2877 1994 3016 2060 μετά
3046 1995 3220 2048 τοῦτο.
3253 1997 3424 2049 υῦὸὲν
3444 1998 3553 2065 τῆς
3574 2000 3715 2068 ἀτρέ-

2141 2093 2275 2129 πτου
2317 2079 2411 2131 καὶ
2443 2081 2800 2134 ἀναλλοιώτου
2849 2083 3067 2151 φύσεως
3110 2086 3169 2138 ἐν
3218 2091 3339 2152 ταῖς
3376 2091 3529 2160 ὑπὲρ
3575 2093 3714 2161 ἡμῶν

2141 2169 2442 2238 ἐνεργείαις
2471 2171 2608 2241 πρὸς
2653 2172 2713 2225 τὸ
2744 2174 3082 2244 ἀπεμφαῖνον
3123 2177 3623 2250 μεθαρμοζόμενος.
3653 2183 3716 2233 'n.

2139 2259 2248 2329 γὰρ
2301 2260 2458 2328 φύσει
2495 2261 2769 2331 ἄφθαρτον
2801 2265 2894 2317 καὶ
2943 2265 3318 2332 ἀναλλοίωτον,
3349 2269 3440 2321 ἀεὶ
3481 2270 3707 2323 τοιοῦτον

2140 2351 2310 2416 ἐστιν,
2345 2353 2405 2404 οὐ
2439 2354 2748 2408 συναλλοιού
2758 2374 2916 2425 μενον
2939 2361 3002 2429 τῇ
3028 2363 3258 2430 ταπεινῇ
3290 2360 3452 2428 φύσει
3474 2402 3491 2424 ,
3518 2363 3643 2415 ὅταν
3663 2366 3716 2417 ἐν

2141 2443 2322 2514 ἐκείνῃ
2371 2445 2494 2497 κατ’
2525 2448 2834 2517 οἰκονομίαν
2865 2450 3124 2520 γένηται,
3156 2452 3297 2504 κατά
3328 2453 3389 2506 τὸ
3434 2453 3536 2506 τοῦ
3573 2455 3713 2525 ἡλίου

2140 2534 2470 2606 ὑπόδειγμα·
2521 2538 2580 2602 ὃς
2625 2539 2908 2594 ὑποϐαλὼν
2960 2542 3063 2613 τὴν
3107 2543 3298 2595 ἀκτῖνα
3336 2544 3419 2614 τῷ
3453 2542 3637 2615 ζόφῳ,
3661 2547 3714 2598 τὸ

3803 907 3807 1066 ψ

2140 2625 2253 2694 φῶς
2270 2627 2370 2695 τῆς
2398 2627 2613 2692 ἀκτῖνος
2637 2630 2737 2682 οὐκ
2767 2631 3126 2701 ἠμαύρωσεν·
3156 2631 3292 2684 ἀλλά
3319 2634 3380 2686 τὸ
3409 2633 3607 2697 σκότος
3635 2635 3714 2688 διὰ

2138 2716 2234 2784 τῆς
2289 2717 2503 2780 ἀκτῖνος
2556 2720 2636 2782 είς
2679 2719 2795 2788 φῶς
2846 2722 3198 2791 μετεποίησεν
3225 2739 3240 2753 ·
3280 2722 3454 2785 οὕτως
3510 2725 3607 2776 καὶ
3661 2725 3713 2776 τὸ

2137 2805 2385 2876 ἀληθινὸν
2398 2807 2513 2875 φῶς
2531 2809 2588 2860 ὲν
2603 2811 2669 2880 τῇ
2691 2808 2880 2880 σκοτίᾳ
2893 2811 2925 2880 ἡ
2935 2810 3049 2876 μῶν
3078 2809 3317 2880 λάμψαν,
3335 2812 3438 2863 οὐκ
3463 2812 3600 2864 αὐτὸ
3619 2813 3713 2865 ὑπο

2138 2895 2232 2950 τοῦ
2259 2899 2484 2961 σκότους
2523 2899 2916 2970 κατεσκιάσθη,
2947 2899 3082 2952 ἀλλά
3109 2901 3174 2954 δι’
3206 2901 3400 2954 ἑαυτοῦ
3432 2903 3530 2955 τὸν
3561 2904 3712 2972 ζόφον

2138 2990 2422 3058 ἐφώτισεν.
2453 2991 2671 3064 Ἐπειδὴ
2693 2993 2870 3046 τοίνυν
2891 2995 2946 3046 ὲν
2973 2993 3147 3063 σκότῳ
3169 2994 3230 3045 τὸ
3254 2993 3606 3064 ἀνθρώπινον
3625 2992 3705 3066 ἦνο

2018 3105 2032 3130 ο
2061 3099 2106 3158 c
2140 3082 2320 3147 καθὼς
2345 3083 2671 3153 γέγραπται,
2699 3085 2780 3137 ὅτι
2803 3085 2916 3136 Οὐκ
2934 3083 3227 3152 ἔγνωσαν,
3249 3084 3392 3138 οὐδὲ
3411 3086 3710 3152 συνῆκαν.
3806 3115 3807 3122 ι

1939 3158 2035 3212 sed
2139 3173 2208 3226 ἐν
2243 3176 2441 3240 σκότῳ
2476 3173 2925 3242 διαπορεύονται
2948 3213 2962 3234 ,
2996 3174 3024 3224 ὁ
3070 3172 3344 3243 ἐλλάμψας
3377 3173 3445 3242 τῇ
3508 3176 3711 3228 ἐσκοτιο

2141 3265 2312 3340 σμένῃ
2336 3266 2498 3337 φύσει
2540 3265 2627 3322 διὰ
2657 3265 2858 3332 παντὸς
2892 3265 2986 3321 τοῦ
3027 3265 3397 3336 συγκρίματος
3416 3268 3595 3338 ’ἡμῶν
3625 3272 3710 3335 τῆς

2139 3359 2390 3430 θεότητος
2413 3360 2511 3430 τὴν
2538 3361 2730 3414 ἀκτῖνα
2761 3358 3052 3427 διαγαγὼν,
3078 3359 3167 3410 διὰ
3196 3359 3394 3428 ψυχῆς,
3424 3359 3596 3428 λέγω,
3628 3360 3710 3412 καὶ
3805 3385 3807 3402 ι

2140 3450 2409 3522 σώματος,
2441 3452 2561 3504 ὅλον
2598 3451 2659 3504 τὸ
2700 3449 3033 3521 ἀνθρώπινον
3066 3451 3144 3521 τῷ
3175 3451 3288 3518 ἰδίῳ
3317 3451 3461 3519 φωτὶ
3497 3467 3707 3521 προσῳ-

2138 3543 2356 3610 κείωσε,
2385 3547 2449 3614 τῇ
2483 3543 2620 3615 πρὸς
2653 3543 2845 3596 ἑαυτὸν
2869 3542 3166 3613 ἀνακράσει
3194 3543 3327 3612 ὅπερ
3348 3543 3504 3595 ἐστὶν
3533 3543 3706 3605 αὐτὸς,

2139 3638 2358 3690 κάκεῖνο
2386 3637 2858 3707 ἀπεργασάμενος,
2883 3636 3073 3732 καὶ-ὼς
3103 3637 3202 3732 οὐκ
3226 3634 3438 3732 ἐφθάρη
3459 3636 3495 3705 ἡ
3517 3634 3710 3732 θεά-της

2138 3726 2197 3779 ὲν
2221 3726 2299 3795 τῷ
2334 3724 2554 3795 φθαρτῷ
2579 3724 2791 3794 σώματι
2815 3723 3091 3794 γινομένη⁶
3129 3721 3300 3814 οὖτφς
3318 3719 3450 3814 ρῦτξ
3481 3722 3566 3782 εἰς

2138 3809 2245 3878 πὴν
2269 3807 2554 3877 ἠλλοιώθη,
2577 3806 2639 3859 τὸ
2659 3805 2890 3876 τρεπτδν
2912 3806 3010 3875 τῆς
3029 3803 3207 3906 all/ofﬁc
3228 3803 3385 3902 μῶν
3416 3803 3704 3906 ίασαμένη.

2137 3899 2249 3951 Καὶ
2275 3897 2367 3949 ἐπὶ
2392 3897 2488 3966 τῆς
2510 3897 2756 3967 ἰατρικῆς
2772 3895 2963 3965 τέχνης
2983 3897 3012 3948 ὁ
3033 3895 3343 3992 θεραπεύων
3369 3895 3443 3992 τὰ
3463 3895 3706 3992 σῶματα,
3806 3967 3807 3982 χ

2138 3989 2354 4041 ἐπειδὰν
2385 3988 2588 4056 ἅψηται
2614 3986 2708 4039 τοῦ
2749 3985 3093 4046 πεπονθότος,
3135 3983 3233 4034 οὐκ
3261 3983 3429 4043 αὐτὸς
3460 3982 3709 4086 ἐμπαθὴς
3794 4013 3808 4032 ρ

2137 4080 2380 4147 γίνεται,
2434 4077 2570 4132 ἀλλά
2613 4078 2674 4130 τὸ
2719 4076 2903 4131 νοσοῦν
2954 4075 3223 4142 ὲξιάσατο.
3261 4075 3470 4142 Μηδεὶς
3527 4073 3586 4126 δὲ
3632 4075 3708 4125 διὰ

2136 4172 2294 4224 τοῦτο
2337 4172 2397 4224 τὸ
2438 4170 2532 4223 τοῦ
2568 4169 2899 4238 Εὑαγγελίου
2943 4169 3017 4239 μὴ
3062 4167 3285 4230 δεόντως
3327 4163 3708 4235 ἐκλαμϐάνων,

2138 4263 2378 4333 ἡγείσθω
2403 4304 2418 4328 ,
2451 4263 2592 4316 κατά
2623 4264 2908 4334 προκοπήν
2934 4279 3055 4315 τινα
3099 4262 3193 4314 καὶ
3223 4257 3554 4312 ἀκολουθίαν
3596 4259 3703 4308 κατ’

2139 4355 2317 4423 ὀλίγον
2353 4354 2488 4425 πρὸς
2503 4354 2567 4406 τὸ
2589 4353 2860 4425 θειότερον
2894 4350 3297 4423 μεταποιεῖσθαι
3319 4347 3420 4418 τὴν
3441 4346 3709 4418 ἡμετέραν

467 4417 572 4472 bus
606 4421 930 4480 medicinam
966 4427 1116 4494 facit,
1159 4447 1284 4488 cum
1314 4435 1567 4493 affectum
1605 4417 1806 4514 corpus
1843 4417 2034 4518 ta-ngit,

2141 4417 2303 4518 φύσιν
2343 4417 2411 4499 ὲν·
2446 4446 2525 4517 τῷ
2557 4417 2798 4517 Χριστῷ.
2840 4417 2912 4498 Τό
2941 4445 3048 4515 γάρ
3077 4417 3442 4510 Προκόπτειν
3482 4440 3706 4505 ἡλικίᾳ,

466 4525 811 4583 nequaquam
844 4517 961 4587 ipse
1000 4523 1379 4592 aegritudinem
1407 4534 1703 4598 contrahit,
1737 4539 1830 4594 sed
1867 4517 2041 4611 agro»

467 4612 583 4656 tum
607 4607 672 4658 ad
695 4609 985 4664 sanitatem
1013 4613 1286 4682 perducit.
1317 4618 1489 4676 Nemo
1511 4631 1695 4680 tamen
1726 4607 2036 4699 propterea,

467 4707 754 4762 perperam
819 4701 1059 4769 acceptis
1119 4702 1397 4776 Evangelii
1447 4713 1668 4777 verbis,
1728 4719 2033 4783 existimet,

469 4791 720 4840 naturam
765 4797 1010 4846 nostram
1043 4793 1098 4848 in
1141 4795 1373 4855 Domino
1398 4817 1694 4872 progressu
1723 4809 1958 4880 quodam
1985 4823 2040 4866 ct

467 4881 862 4948 consequentia
897 4885 1159 4953 paulatim
1193 4905 1316 4946 esse
1347 4892 1686 4951 immutatam
1715 4910 1768 4954 et
1801 4901 2040 4957 divinio-

465 4983 581 5024 rem
599 4970 876 5029 ,eﬂectam.
903 4974 1060 5040 Quod
1085 4980 1229 5034 enim
1255 4981 1478 5046 dicitur.
1505 4985 1852 5057 Progressum
1876 4994 2042 5062 facie-

465 5059 554 5112 bat
576 5063 630 5115 in
659 5073 888 5129 statura,
907 5070 1169 5137 sapientia
1194 5083 1244 5127 et
1268 5075 1444 5143 gratia
1469 5078 1490 5109 ⁸
1511 5093 1526 5143 ;
1547 5077 1669 5134 ideo
1703 5059 2037 5140 commemo-

467 5161 623 5207 ratur
651 5169 680 5206 a
703 5154 989 5226 Scriptura
1012 5201 1028 5225 ,
1066 5171 1125 5216 ut
1154 5163 1578 5235 demonstretur,
1610 5188 1735 5229 vere
1767 5177 1822 5230 in
1854 5193 2036 5234 massa

466 5255 655 5300 nostra
691 5248 978 5307 Dominum
1024 5253 1194 5312 fuisse
1223 5273 1574 5329 generatum,
1610 5280 1679 5320 ne
1724 5269 1852 5337 quis
1884 5271 2040 5328 locus

466 5351 653 5391 eorum
681 5341 1020 5411 relinquatur
1064 5348 1268 5414 errori,
1299 5367 1533 5421 quorum
1570 5358 1766 5413 scitum
1797 5371 1903 5430 est,
1935 5381 2037 5434 pro

466 5442 593 5483 vera
624 5429 715 5484 Dei
745 5436 1104 5506 apparitione,
1147 5443 1384 5510 speciem
1419 5447 1686 5503 duntaxat
1740 5429 2035 5522 quamdam

468 5535 590 5577 esse
623 5524 881 5592 genitam,
941 5545 1063 5599 quae
1117 5531 1344 5602 figuram
1379 5543 1746 5612 assumpserit
1779 5544 2034 5603 humanm

540 5696 560 5727 ‘
593 5695 739 5757 Psal.
763 5716 944 5770 um,
978 5705 1030 5759 5.
1107 5707 1128 5739 ⁵
1156 5707 1287 5765 Luc.
1323 5725 1384 5775 ll,
1426 5711 1512 5769 52.

2137 4539 2234 4593 καί
2269 4539 2476 4608 σοφίᾳ,
2517 4539 2613 4591 καὶ
2661 4540 2878 4607 χάριτι,
2926 4539 3005 4599 είς
3037 4532 3306 4597 ἀπόδειξιν
3341 4530 3439 4634 τοῦ
3496 4528 3707 4634 ἀληθῶς

2137 4633 2196 4684 ὲν
2235 4631 2314 4702 τῷ
2357 4631 2613 4701 ἡμετέρῳ
2663 4629 2943 4699 φυράματι
2989 4627 3334 4728 γεγενῆσθαι.
3367 4623 3463 4674 τὸν
3511 4623 3707 4728 κόριον

2137 4724 2287 4792 παρά
2312 4723 2412 4793 τῆς
2446 4723 2669 4793 Γραφῆς
2700 4723 3000 4792 ἱστόρηται.
3042 4721 3129 4782 Ὠς
3160 4719 3247 4821 ἂν,
3269 4717 3503 4821 μήῇτινα
3526 4717 3707 4821 ’χώραν

2139 4815 2250 4885 ἔχοι
2279 4815 2340 4868 τὸ
2364 4815 2470 4866 τῶν
2499 4814 2622 4868 ἀντὶ
2653 4812 2754 4882 τῆς
2781 4811 3012 4882 ἀληθοῦς
3031 4810 3314 4878 θεοφανίας
3341 4807 3571 4876 δόκησίν
3601 4821 3707 4858 τινα

2138 4906 2465 4976 γεγενῆσθαι
2495 4903 2946 4974 δογματιςόντων,
2972 4903 3028 4954 ὲν
3049 4901 3556 5005 amputatxﬁ'popgaf;
3568 4914 3704 5005 .13.?-

2139 4997 2636 5068 εσχηματισμένην.
2685 4995 2783 5048 Διά
2841 4994 2999 5046 τοῦτο
3029 4994 3129 5045 ὅσα
3156 4993 3256 5060 τῆς
3290 4993 3512 5057 φύσεως
3559 4994 3704 5059 ἡμων

2140 5093 2246 5145 ῐδια
2271 5089 2710 5160 ἀνεπαισχύντως
2729 5089 2822 5142 καὶ
2848 5086 2973 5156 περὶ
2999 5087 3158 5139 αὐτὸν
3193 5085 3397 5152 ἱστορεῖ
3426 5085 3460 5153 ἡ
3500 5083 3701 5188 Γραφῇ,

2142 5185 2242 5256 τὴν
2281 5182 2501 5254 βρῶσιν,
2535 5181 2632 5251 τὴν
2665 5180 2861 5243 πόσιν,
2905 5179 2998 5231 τὸν
3033 5177 3218 5239 ὓπνονι
3253 5175 3340 5226 τὸν
3373 5175 3584 5278 λκόἶτονν

2145 5275 2373 5346 τροφὴν,
2408 5274 2506 5345 τὴν
2535 5273 2819 5379 προκοπην
2849 5268 3293 5380 τῆςεσωμμςςικῆς
3337 5266 3702 5380 timidi—iv

2145 5366 2408 5436 αὔξησινο
2447 5366 2625 5420 πάντα
2663 5364 2729 5417 δι’
2761 5357 2836 5416 ὦν
2880 5364 2914 5430 ἡ
2945 5359 3189 5429 ἡμετέρα
3235 5361 3700 5428 χαρακτηρίζεται

2145 5458 2323 5528 φύσις,
2348 5457 2487 5527 πλὴν
2509 5457 2609 5526 τῆς
2623 5454 2746 5510 καθ’
2771 5452 3042 5524 ἁμαρτίαν
3067 5450 3264 5555 (iouini.
3304 5449 3366 5501 Ἦ
3535 5450 3699 5555 ἁμσριο

2142 5549 2232 5604 τία
2258 5548 2581 5618 ἀπότευγμα
2602 5545 2816 5618 φύσεώς
2852 5545 3020 5609 ἐστιν,
3051 5542 3148 5595 οῦκ
3181 5540 3392 5611 ἰδίωμα.
3433 5540 3524 5602 Ὠς
3549 5540 3640 5592 καὶ
3667 5540 3695 5606 ὴ
