  <div class='ocr_page' id='page_1' title='image "/cluster/home/n/w/nwhite01/storage/ocr_20150623/46/hvd.32044014713994/517.png"; bbox 0 0 3834 6414; ppageno 0'>
   <div class='ocr_carea' id='block_1_1' title="bbox 453 296 594 357">
    <p class='ocr_par' dir='ltr' id='par_1_1' title="bbox 453 296 594 357">
     <span class='ocr_line' id='line_1_1' title="bbox 453 296 594 357; baseline -0.014 -4"><span class='ocrx_word' id='word_1_1' title='bbox 453 296 524 357; x_wconf 62' lang='lat'><strong>’10</strong></span> <span class='ocrx_word' id='word_1_2' title='bbox 533 299 594 352; x_wconf 66' lang='lat'><strong>.‘3</strong></span> 
     </span>
    </p>
   </div>
   <div class='ocr_carea' id='block_1_2' title="bbox 1655 304 2413 364">
    <p class='ocr_par' dir='ltr' id='par_1_2' title="bbox 1655 304 2413 364">
     <span class='ocr_line' id='line_1_2' title="bbox 1655 304 2413 364; baseline 0.003 -3"><span class='ocrx_word' id='word_1_3' title='bbox 1655 304 1716 362; x_wconf 86' lang='lat' dir='ltr'><strong>S.</strong></span> <span class='ocrx_word' id='word_1_4' title='bbox 1749 306 2079 364; x_wconf 76' lang='lat' dir='ltr'><strong>GREGURII</strong></span> <span class='ocrx_word' id='word_1_5' title='bbox 2117 307 2413 364; x_wconf 77' lang='lat' dir='ltr'><strong>NYSSENI</strong></span> 
     </span>
    </p>
   </div>
   <div class='ocr_carea' id='block_1_3' title="bbox 3579 311 3708 364">
    <p class='ocr_par' dir='ltr' id='par_1_3' title="bbox 3579 311 3708 364">
     <span class='ocr_line' id='line_1_3' title="bbox 3579 311 3708 364; baseline 0 0"><span class='ocrx_word' id='word_1_6' title='bbox 3579 313 3601 364; x_wconf 74' lang='grc'>1</span> <span class='ocrx_word' id='word_1_7' title='bbox 3613 311 3708 364; x_wconf 58' lang='grc' dir='ltr'>σοι</span> 
     </span>
    </p>
   </div>
   <div class='ocr_carea' id='block_1_4' title="bbox 453 409 2031 495">
    <p class='ocr_par' dir='ltr' id='par_1_4' title="bbox 453 409 2029 489">
     <span class='ocr_line' id='line_1_4' title="bbox 453 409 2029 489; baseline 0.004 -27"><span class='ocrx_word' id='word_1_8' title='bbox 453 421 641 462; x_wconf 73' lang='lat' dir='ltr'><strong>nostra</strong></span> <span class='ocrx_word' id='word_1_9' title='bbox 689 423 703 458; x_wconf 89' lang='lat'><strong>:</strong></span> <span class='ocrx_word' id='word_1_10' title='bbox 735 415 789 462; x_wconf 89' lang='lat' dir='ltr'><strong>et</strong></span> <span class='ocrx_word' id='word_1_11' title='bbox 837 409 1024 464; x_wconf 86' lang='lat' dir='ltr'><strong>deitati</strong></span> <span class='ocrx_word' id='word_1_12' title='bbox 1081 421 1476 476; x_wconf 84' lang='lat' dir='ltr'><strong>conservetur,</strong></span> <span class='ocrx_word' id='word_1_13' title='bbox 1509 421 1623 468; x_wconf 91' lang='lat' dir='ltr'><strong>tum</strong></span> <span class='ocrx_word' id='word_1_14' title='bbox 1673 417 1726 470; x_wconf 92' lang='lat' dir='ltr'><strong>in</strong></span> <span class='ocrx_word' id='word_1_15' title='bbox 1757 419 2029 489; x_wconf 69' lang='lat' dir='ltr'><strong>principia</strong></span> 
     </span>
    </p>
   </div>
   <div class='ocr_carea' id='block_1_5' title="bbox 2132 409 3708 495">
    <p class='ocr_par' dir='ltr' id='par_1_5' title="bbox 2132 419 3708 495">
     <span class='ocr_line' id='line_1_5' title="bbox 2132 419 3708 495; baseline 0.004 -23"><span class='ocrx_word' id='word_1_16' title='bbox 2132 419 2407 490; x_wconf 76' lang='grc' dir='ltr'><strong>ἡμετέραν</strong></span> <span class='ocrx_word' id='word_1_17' title='bbox 2435 420 2628 490; x_wconf 79' lang='grc' dir='ltr'>ἀρχὴν,</span> <span class='ocrx_word' id='word_1_18' title='bbox 2659 419 2783 472; x_wconf 69' lang='grc' dir='ltr'>οὔτε</span> <span class='ocrx_word' id='word_1_19' title='bbox 2815 421 2875 472; x_wconf 83' lang='grc' dir='ltr'>τὺ</span> <span class='ocrx_word' id='word_1_20' title='bbox 2902 423 3052 486; x_wconf 74' lang='grc' dir='ltr'>τέλος</span> <span class='ocrx_word' id='word_1_21' title='bbox 3079 423 3222 476; x_wconf 81' lang='grc' dir='ltr'>κατὰ</span> <span class='ocrx_word' id='word_1_22' title='bbox 3241 423 3300 476; x_wconf 72' lang='grc' dir='ltr'><strong>τὸ</strong></span> <span class='ocrx_word' id='word_1_23' title='bbox 3328 425 3603 495; x_wconf 73' lang='grc' dir='ltr'>ἡμέτερον</span> <span class='ocrx_word' id='word_1_24' title='bbox 3631 431 3708 480; x_wconf 81' lang='grc' dir='ltr'><strong>τέ-</strong></span> 
     </span>
    </p>
   </div>
   <div class='ocr_carea' id='block_1_6' title="bbox 454 501 2027 568">
    <p class='ocr_par' dir='ltr' id='par_1_6' title="bbox 454 501 2027 568">
     <span class='ocr_line' id='line_1_6' title="bbox 454 501 2027 568; baseline 0.007 -14"><span class='ocrx_word' id='word_1_25' title='bbox 454 503 581 555; x_wconf 76' lang='lat' dir='ltr'><strong>vita:</strong></span> <span class='ocrx_word' id='word_1_26' title='bbox 617 501 888 567; x_wconf 64' lang='lat' dir='ltr'><strong>humanae,</strong></span> <span class='ocrx_word' id='word_1_27' title='bbox 910 512 1023 556; x_wconf 88' lang='lat' dir='ltr'><strong>tum</strong></span> <span class='ocrx_word' id='word_1_28' title='bbox 1061 503 1115 558; x_wconf 88' lang='lat' dir='ltr'><strong>in</strong></span> <span class='ocrx_word' id='word_1_29' title='bbox 1151 505 1276 568; x_wconf 84' lang='lat' dir='ltr'><strong>line,</strong></span> <span class='ocrx_word' id='word_1_30' title='bbox 1307 503 1416 559; x_wconf 89' lang='lat' dir='ltr'><strong>Deo</strong></span> <span class='ocrx_word' id='word_1_31' title='bbox 1447 509 1779 564; x_wconf 80' lang='lat' dir='ltr'><strong>conveniens</strong></span> <span class='ocrx_word' id='word_1_32' title='bbox 1811 526 1875 565; x_wconf 91' lang='lat' dir='ltr'><strong>ac</strong></span> <span class='ocrx_word' id='word_1_33' title='bbox 1902 514 2027 565; x_wconf 77' lang='lat' dir='ltr'><strong>sub-</strong></span> 
     </span>
    </p>
   </div>
   <div class='ocr_carea' id='block_1_7' title="bbox 452 591 2026 672">
    <p class='ocr_par' dir='ltr' id='par_1_7' title="bbox 452 591 2026 672">
     <span class='ocr_line' id='line_1_7' title="bbox 452 591 2026 672; baseline 0.006 -26"><span class='ocrx_word' id='word_1_34' title='bbox 452 592 600 649; x_wconf 81' lang='lat' dir='ltr'><strong>limis</strong></span> <span class='ocrx_word' id='word_1_35' title='bbox 630 593 879 648; x_wconf 92' lang='lat' dir='ltr'><strong>vacuitas</strong></span> <span class='ocrx_word' id='word_1_36' title='bbox 928 591 1222 651; x_wconf 70' lang='lat' dir='ltr'><strong>affectuum</strong></span> <span class='ocrx_word' id='word_1_37' title='bbox 1264 613 1278 650; x_wconf 88' lang='lat'><strong>:</strong></span> <span class='ocrx_word' id='word_1_38' title='bbox 1320 599 1523 668; x_wconf 83' lang='lat' dir='ltr'><strong>quippe</strong></span> <span class='ocrx_word' id='word_1_39' title='bbox 1563 615 1663 654; x_wconf 91' lang='lat' dir='ltr'><strong>nec</strong></span> <span class='ocrx_word' id='word_1_40' title='bbox 1697 602 2026 672; x_wconf 85' lang='lat' dir='ltr'><strong>principium</strong></span> 
     </span>
    </p>
   </div>
   <div class='ocr_carea' id='block_1_8' title="bbox 450 685 2026 762">
    <p class='ocr_par' dir='ltr' id='par_1_8' title="bbox 450 685 2026 762">
     <span class='ocr_line' id='line_1_8' title="bbox 450 685 2026 762; baseline 0.006 -24"><span class='ocrx_word' id='word_1_41' title='bbox 450 686 574 752; x_wconf 83' lang='lat' dir='ltr'><strong>ejus</strong></span> <span class='ocrx_word' id='word_1_42' title='bbox 610 685 792 742; x_wconf 80' lang='lat' dir='ltr'><strong>simile</strong></span> <span class='ocrx_word' id='word_1_43' title='bbox 836 685 940 740; x_wconf 84' lang='lat' dir='ltr'><strong>fuit</strong></span> <span class='ocrx_word' id='word_1_44' title='bbox 972 687 1241 758; x_wconf 86' lang='lat' dir='ltr'><strong>principio</strong></span> <span class='ocrx_word' id='word_1_45' title='bbox 1273 698 1464 744; x_wconf 85' lang='lat' dir='ltr'><strong>nostro</strong></span> <span class='ocrx_word' id='word_1_46' title='bbox 1499 707 1513 742; x_wconf 76' lang='grc' dir='ltr'><strong>ε</strong></span> <span class='ocrx_word' id='word_1_47' title='bbox 1568 707 1748 762; x_wconf 90' lang='lat' dir='ltr'><strong>neque</strong></span> <span class='ocrx_word' id='word_1_48' title='bbox 1780 693 1907 747; x_wconf 85' lang='lat' dir='ltr'><strong>ﬁnis</strong></span> <span class='ocrx_word' id='word_1_49' title='bbox 1933 693 2026 748; x_wconf 75' lang='lat' dir='ltr'><strong>ﬁni</strong></span> 
     </span>
    </p>
   </div>
   <div class='ocr_carea' id='block_1_9' title="bbox 451 777 2027 855">
    <p class='ocr_par' dir='ltr' id='par_1_9' title="bbox 451 777 2027 855">
     <span class='ocr_line' id='line_1_9' title="bbox 451 777 2027 855; baseline 0.006 -26"><span class='ocrx_word' id='word_1_50' title='bbox 451 785 644 832; x_wconf 88' lang='lat' dir='ltr'><strong>nostro</strong></span> <span class='ocrx_word' id='word_1_51' title='bbox 679 777 995 846; x_wconf 83' lang='lat' dir='ltr'><strong>respondet,</strong></span> <span class='ocrx_word' id='word_1_52' title='bbox 1028 779 1125 834; x_wconf 85' lang='lat' dir='ltr'><strong>sed</strong></span> <span class='ocrx_word' id='word_1_53' title='bbox 1162 780 1449 850; x_wconf 83' lang='lat' dir='ltr'><strong>utrobique</strong></span> <span class='ocrx_word' id='word_1_54' title='bbox 1475 779 1584 837; x_wconf 89' lang='lat' dir='ltr'><strong>Deo</strong></span> <span class='ocrx_word' id='word_1_55' title='bbox 1613 784 1894 853; x_wconf 84' lang='lat' dir='ltr'><strong>propriam</strong></span> <span class='ocrx_word' id='word_1_56' title='bbox 1928 801 2027 855; x_wconf 85' lang='lat' dir='ltr'><strong>po-</strong></span> 
     </span>
    </p>
   </div>
   <div class='ocr_carea' id='block_1_10' title="bbox 451 867 2029 945">
    <p class='ocr_par' dir='ltr' id='par_1_10' title="bbox 451 867 2029 945">
     <span class='ocr_line' id='line_1_10' title="bbox 451 867 2029 945; baseline 0.009 -27"><span class='ocrx_word' id='word_1_57' title='bbox 451 867 678 920; x_wconf 88' lang='lat' dir='ltr'><strong>tentiam</strong></span> <span class='ocrx_word' id='word_1_58' title='bbox 710 867 988 931; x_wconf 79' lang='lat' dir='ltr'><strong>ostendit,</strong></span> <span class='ocrx_word' id='word_1_59' title='bbox 1023 869 1244 939; x_wconf 89' lang='lat' dir='ltr'><strong>quando</strong></span> <span class='ocrx_word' id='word_1_60' title='bbox 1267 887 1446 942; x_wconf 84' lang='lat' dir='ltr'><strong>neque</strong></span> <span class='ocrx_word' id='word_1_61' title='bbox 1493 874 1826 945; x_wconf 82' lang='lat' dir='ltr'><strong>principium</strong></span> <span class='ocrx_word' id='word_1_62' title='bbox 1869 878 2029 933; x_wconf 64' lang='lat' dir='ltr'><strong>volu-</strong></span> 
     </span>
    </p>
   </div>
   <div class='ocr_carea' id='block_1_11' title="bbox 453 956 2025 1036">
    <p class='ocr_par' dir='ltr' id='par_1_11' title="bbox 453 956 2025 1036">
     <span class='ocr_line' id='line_1_11' title="bbox 453 956 2025 1036; baseline 0.009 -27"><span class='ocrx_word' id='word_1_63' title='bbox 453 964 602 1024; x_wconf 85' lang='lat' dir='ltr'><strong>ptate</strong></span> <span class='ocrx_word' id='word_1_64' title='bbox 640 956 744 1010; x_wconf 89' lang='lat' dir='ltr'><strong>fuit</strong></span> <span class='ocrx_word' id='word_1_65' title='bbox 777 958 1145 1029; x_wconf 86' lang='lat' dir='ltr'><strong>inquinatum,</strong></span> <span class='ocrx_word' id='word_1_66' title='bbox 1175 977 1352 1031; x_wconf 87' lang='lat' dir='ltr'><strong>neque</strong></span> <span class='ocrx_word' id='word_1_67' title='bbox 1382 962 1508 1019; x_wconf 86' lang='lat' dir='ltr'><strong>ﬁnis</strong></span> <span class='ocrx_word' id='word_1_68' title='bbox 1533 965 1586 1017; x_wconf 86' lang='lat' dir='ltr'><strong>in</strong></span> <span class='ocrx_word' id='word_1_69' title='bbox 1617 967 2025 1036; x_wconf 86' lang='lat' dir='ltr'><strong>corruptionem</strong></span> 
     </span>
    </p>
   </div>
   <div class='ocr_carea' id='block_1_12' title="bbox 453 1049 2031 1124">
    <p class='ocr_par' dir='ltr' id='par_1_12' title="bbox 453 1049 2031 1124">
     <span class='ocr_line' id='line_1_12' title="bbox 453 1049 2031 1124; baseline 0.007 -20"><span class='ocrx_word' id='word_1_70' title='bbox 453 1049 637 1105; x_wconf 84' lang='lat' dir='ltr'><strong>desiit.</strong></span> <span class='ocrx_word' id='word_1_71' title='bbox 671 1049 730 1103; x_wconf 88' lang='lat' dir='ltr'><strong>Si</strong></span> <span class='ocrx_word' id='word_1_72' title='bbox 757 1050 924 1121; x_wconf 82' lang='lat' dir='ltr'><strong>igitur</strong></span> <span class='ocrx_word' id='word_1_73' title='bbox 950 1051 1064 1107; x_wconf 65' lang='lat' dir='ltr'><strong>haec</strong></span> <span class='ocrx_word' id='word_1_74' title='bbox 1090 1068 1227 1108; x_wconf 91' lang='lat' dir='ltr'><strong>voce</strong></span> <span class='ocrx_word' id='word_1_75' title='bbox 1256 1055 1363 1108; x_wconf 89' lang='lat' dir='ltr'><strong>alta</strong></span> <span class='ocrx_word' id='word_1_76' title='bbox 1392 1057 1773 1124; x_wconf 65' lang='lat' dir='ltr'><strong>praedicamus.</strong></span> <span class='ocrx_word' id='word_1_77' title='bbox 1805 1069 1859 1114; x_wconf 91' lang='lat' dir='ltr'><strong>et</strong></span> <span class='ocrx_word' id='word_1_78' title='bbox 1882 1061 2031 1115; x_wconf 87' lang='lat' dir='ltr'><strong>testi-</strong></span> 
     </span>
    </p>
   </div>
   <div class='ocr_carea' id='block_1_13' title="bbox 452 1141 2032 1214">
    <p class='ocr_par' dir='ltr' id='par_1_13' title="bbox 452 1141 2032 1214">
     <span class='ocr_line' id='line_1_13' title="bbox 452 1141 2032 1214; baseline 0.007 -19"><span class='ocrx_word' id='word_1_79' title='bbox 452 1141 715 1206; x_wconf 74' lang='lat' dir='ltr'><strong>ficamur,</strong></span> <span class='ocrx_word' id='word_1_80' title='bbox 749 1142 1031 1198; x_wconf 86' lang='lat' dir='ltr'><strong>Christum</strong></span> <span class='ocrx_word' id='word_1_81' title='bbox 1063 1160 1293 1214; x_wconf 76' lang='lat' dir='ltr'><strong>nempe,</strong></span> <span class='ocrx_word' id='word_1_82' title='bbox 1347 1145 1444 1201; x_wconf 90' lang='lat' dir='ltr'><strong>Dei</strong></span> <span class='ocrx_word' id='word_1_83' title='bbox 1488 1149 1742 1203; x_wconf 78' lang='lat' dir='ltr'><strong>virtutem</strong></span> <span class='ocrx_word' id='word_1_84' title='bbox 1780 1165 1934 1212; x_wconf 83' lang='lat' dir='ltr'><strong>esse,</strong></span> <span class='ocrx_word' id='word_1_85' title='bbox 1975 1159 2032 1206; x_wconf 81' lang='lat' dir='ltr'><strong>et</strong></span> 
     </span>
    </p>
   </div>
   <div class='ocr_carea' id='block_1_14' title="bbox 455 1231 2034 1310">
    <p class='ocr_par' dir='ltr' id='par_1_14' title="bbox 455 1231 2034 1310">
     <span class='ocr_line' id='line_1_14' title="bbox 455 1231 2034 1310; baseline 0.006 -25"><span class='ocrx_word' id='word_1_86' title='bbox 455 1231 548 1288; x_wconf 83' lang='lat' dir='ltr'><strong>Dei</strong></span> <span class='ocrx_word' id='word_1_87' title='bbox 571 1234 918 1303; x_wconf 85' lang='lat' dir='ltr'><strong>sapientiam,</strong></span> <span class='ocrx_word' id='word_1_88' title='bbox 941 1251 1156 1305; x_wconf 84' lang='lat' dir='ltr'><strong>semper</strong></span> <span class='ocrx_word' id='word_1_89' title='bbox 1179 1237 1590 1300; x_wconf 88' lang='lat' dir='ltr'><strong>immutabilem.</strong></span> <span class='ocrx_word' id='word_1_90' title='bbox 1616 1255 1833 1310; x_wconf 80' lang='lat' dir='ltr'><strong>semper</strong></span> <span class='ocrx_word' id='word_1_91' title='bbox 1856 1242 2034 1295; x_wconf 84' lang='lat' dir='ltr'><strong>incor-</strong></span> 
     </span>
    </p>
   </div>
   <div class='ocr_carea' id='block_1_15' title="bbox 453 1326 2029 1402">
    <p class='ocr_par' dir='ltr' id='par_1_15' title="bbox 453 1326 2029 1402">
     <span class='ocr_line' id='line_1_15' title="bbox 453 1326 2029 1402; baseline 0.004 -24"><span class='ocrx_word' id='word_1_92' title='bbox 453 1326 764 1393; x_wconf 85' lang='lat' dir='ltr'><strong>ruptibilem</strong></span> <span class='ocrx_word' id='word_1_93' title='bbox 811 1341 825 1377; x_wconf 91' lang='lat'>:</span> <span class='ocrx_word' id='word_1_94' title='bbox 873 1328 968 1396; x_wconf 87' lang='lat' dir='ltr'><strong>qui</strong></span> <span class='ocrx_word' id='word_1_95' title='bbox 1019 1327 1146 1381; x_wconf 91' lang='lat' dir='ltr'><strong>licet</strong></span> <span class='ocrx_word' id='word_1_96' title='bbox 1189 1328 1244 1381; x_wconf 89' lang='lat' dir='ltr'><strong>in</strong></span> <span class='ocrx_word' id='word_1_97' title='bbox 1297 1329 1547 1384; x_wconf 88' lang='lat' dir='ltr'><strong>mutabili</strong></span> <span class='ocrx_word' id='word_1_98' title='bbox 1593 1339 1648 1386; x_wconf 87' lang='lat' dir='ltr'><strong>et</strong></span> <span class='ocrx_word' id='word_1_99' title='bbox 1685 1333 2029 1402; x_wconf 85' lang='lat' dir='ltr'><strong>corruptibili</strong></span> 
     </span>
    </p>
   </div>
   <div class='ocr_carea' id='block_1_16' title="bbox 453 1419 2026 1490">
    <p class='ocr_par' dir='ltr' id='par_1_16' title="bbox 453 1419 2026 1490">
     <span class='ocr_line' id='line_1_16' title="bbox 453 1419 2026 1490; baseline 0.004 -20"><span class='ocrx_word' id='word_1_100' title='bbox 453 1427 706 1474; x_wconf 78' lang='lat' dir='ltr'><strong>versetur</strong></span> <span class='ocrx_word' id='word_1_101' title='bbox 734 1433 966 1488; x_wconf 85' lang='lat' dir='ltr'><strong>corpore</strong></span> <span class='ocrx_word' id='word_1_102' title='bbox 988 1457 1006 1483; x_wconf 91' lang='lat'><strong>,</strong></span> <span class='ocrx_word' id='word_1_103' title='bbox 1057 1419 1172 1488; x_wconf 86' lang='lat' dir='ltr'><strong>ipse</strong></span> <span class='ocrx_word' id='word_1_104' title='bbox 1199 1426 1381 1474; x_wconf 89' lang='lat' dir='ltr'><strong>tamen</strong></span> <span class='ocrx_word' id='word_1_105' title='bbox 1416 1436 1524 1474; x_wconf 84' lang='lat' dir='ltr'><strong>non</strong></span> <span class='ocrx_word' id='word_1_106' title='bbox 1559 1421 1902 1490; x_wconf 84' lang='lat' dir='ltr'><strong>inquinatur,</strong></span> <span class='ocrx_word' id='word_1_107' title='bbox 1931 1424 2026 1478; x_wconf 89' lang='lat' dir='ltr'><strong>sed</strong></span> 
     </span>
    </p>
   </div>
   <div class='ocr_carea' id='block_1_17' title="bbox 452 1510 2029 1587">
    <p class='ocr_par' dir='ltr' id='par_1_17' title="bbox 452 1510 2029 1587">
     <span class='ocr_line' id='line_1_17' title="bbox 452 1510 2029 1587; baseline 0.008 -28"><span class='ocrx_word' id='word_1_108' title='bbox 452 1510 595 1578; x_wconf 83' lang='lat' dir='ltr'><strong>quod</strong></span> <span class='ocrx_word' id='word_1_109' title='bbox 627 1518 745 1566; x_wconf 86' lang='lat' dir='ltr'><strong>erat</strong></span> <span class='ocrx_word' id='word_1_110' title='bbox 781 1511 1120 1581; x_wconf 89' lang='lat' dir='ltr'><strong>inquinatum</strong></span> <span class='ocrx_word' id='word_1_111' title='bbox 1147 1512 1402 1582; x_wconf 82' lang='lat' dir='ltr'><strong>purificat</strong></span> <span class='ocrx_word' id='word_1_112' title='bbox 1427 1532 1440 1568; x_wconf 90' lang='lat'><strong>:</strong></span> <span class='ocrx_word' id='word_1_113' title='bbox 1464 1529 1585 1584; x_wconf 70' lang='lat' dir='ltr'><strong>qua:</strong></span> <span class='ocrx_word' id='word_1_114' title='bbox 1608 1526 1795 1571; x_wconf 84' lang='lat' dir='ltr'><strong>nostra</strong></span> <span class='ocrx_word' id='word_1_115' title='bbox 1827 1517 2029 1587; x_wconf 83' lang='lat' dir='ltr'><strong>injuria</strong></span> 
     </span>
    </p>
   </div>
   <div class='ocr_carea' id='block_1_18' title="bbox 453 1599 2030 1672">
    <p class='ocr_par' dir='ltr' id='par_1_18' title="bbox 453 1599 2030 1672">
     <span class='ocr_line' id='line_1_18' title="bbox 453 1599 2030 1672; baseline 0.001 -18"><span class='ocrx_word' id='word_1_116' title='bbox 453 1601 704 1655; x_wconf 71' lang='lat' dir='ltr'><strong>cstiAut</strong></span> <span class='ocrx_word' id='word_1_117' title='bbox 733 1616 896 1670; x_wconf 92' lang='lat' dir='ltr'><strong>quam</strong></span> <span class='ocrx_word' id='word_1_118' title='bbox 929 1601 1000 1655; x_wconf 94' lang='lat' dir='ltr'><strong>ob</strong></span> <span class='ocrx_word' id='word_1_119' title='bbox 1033 1615 1256 1655; x_wconf 89' lang='lat' dir='ltr'><strong>causam</strong></span> <span class='ocrx_word' id='word_1_120' title='bbox 1282 1599 1410 1655; x_wconf 92' lang='lat' dir='ltr'><strong>odio</strong></span> <span class='ocrx_word' id='word_1_121' title='bbox 1437 1601 1741 1657; x_wconf 85' lang='lat' dir='ltr'><strong>habemur?</strong></span> <span class='ocrx_word' id='word_1_122' title='bbox 1767 1603 1878 1656; x_wconf 83' lang='lat' dir='ltr'><strong>Aut</strong></span> <span class='ocrx_word' id='word_1_123' title='bbox 1897 1601 2030 1672; x_wconf 89' lang='lat' dir='ltr'><strong>quid</strong></span> 
     </span>
    </p>
   </div>
   <div class='ocr_carea' id='block_1_19' title="bbox 455 1690 2034 1748">
    <p class='ocr_par' dir='ltr' id='par_1_19' title="bbox 455 1690 2034 1748">
     <span class='ocr_line' id='line_1_19' title="bbox 455 1690 2034 1748; baseline 0.002 -3"><span class='ocrx_word' id='word_1_124' title='bbox 455 1690 563 1745; x_wconf 89' lang='lat' dir='ltr'><strong>sibi</strong></span> <span class='ocrx_word' id='word_1_125' title='bbox 591 1691 780 1744; x_wconf 90' lang='lat' dir='ltr'><strong>volunt</strong></span> <span class='ocrx_word' id='word_1_126' title='bbox 812 1704 952 1744; x_wconf 90' lang='lat' dir='ltr'><strong>nova</strong></span> <span class='ocrx_word' id='word_1_127' title='bbox 1000 1691 1114 1745; x_wconf 77' lang='lat' dir='ltr'><strong>h:ec</strong></span> <span class='ocrx_word' id='word_1_128' title='bbox 1147 1691 1410 1747; x_wconf 87' lang='lat' dir='ltr'><strong>adversus</strong></span> <span class='ocrx_word' id='word_1_129' title='bbox 1441 1707 1542 1747; x_wconf 89' lang='lat' dir='ltr'><strong>nos</strong></span> <span class='ocrx_word' id='word_1_130' title='bbox 1580 1701 1764 1748; x_wconf 85' lang='lat' dir='ltr'><strong>erecta</strong></span> <span class='ocrx_word' id='word_1_131' title='bbox 1801 1694 2034 1748; x_wconf 87' lang='lat' dir='ltr'><strong>altaria?</strong></span> 
     </span>
    </p>
   </div>
   <div class='ocr_carea' id='block_1_20' title="bbox 2128 508 3803 587">
    <p class='ocr_par' dir='ltr' id='par_1_20' title="bbox 2128 508 3803 587">
     <span class='ocr_line' id='line_1_20' title="bbox 2128 508 3803 587; baseline 0.004 -25"><span class='ocrx_word' id='word_1_132' title='bbox 2128 511 2238 576; x_wconf 89' lang='grc' dir='ltr'>λος,</span> <span class='ocrx_word' id='word_1_133' title='bbox 2275 510 2414 564; x_wconf 74' lang='grc' dir='ltr'>ἀλλὰ</span> <span class='ocrx_word' id='word_1_134' title='bbox 2447 509 2615 576; x_wconf 79' lang='grc' dir='ltr'><strong>ἔδειξε</strong></span> <span class='ocrx_word' id='word_1_135' title='bbox 2643 513 2806 564; x_wconf 80' lang='grc' dir='ltr'><strong>κάκεί</strong></span> <span class='ocrx_word' id='word_1_136' title='bbox 2829 513 2924 566; x_wconf 78' lang='grc' dir='ltr'>καὶ</span> <span class='ocrx_word' id='word_1_137' title='bbox 2957 508 3064 568; x_wconf 82' lang='grc' dir='ltr'>ὧδε</span> <span class='ocrx_word' id='word_1_138' title='bbox 3091 515 3193 583; x_wconf 80' lang='grc' dir='ltr'>τὴν</span> <span class='ocrx_word' id='word_1_139' title='bbox 3218 515 3407 587; x_wconf 80' lang='grc' dir='ltr'>θεῐκὴν</span> <span class='ocrx_word' id='word_1_140' title='bbox 3440 516 3706 582; x_wconf 75' lang='grc' dir='ltr'>ἐξουσίαν,</span> <span class='ocrx_word' id='word_1_141' title='bbox 3802 535 3803 552; x_wconf 59' lang='grc' dir='ltr'><strong>ι</strong></span> 
     </span>
    </p>
   </div>
   <div class='ocr_carea' id='block_1_21' title="bbox 2131 602 3710 677">
    <p class='ocr_par' dir='ltr' id='par_1_21' title="bbox 2131 602 3710 677">
     <span class='ocr_line' id='line_1_21' title="bbox 2131 602 3710 677; baseline 0.007 -24"><span class='ocrx_word' id='word_1_142' title='bbox 2131 603 2269 672; x_wconf 82' lang='grc' dir='ltr'>μήτε</span> <span class='ocrx_word' id='word_1_143' title='bbox 2297 602 2400 672; x_wconf 83' lang='grc' dir='ltr'><strong>τῆς</strong></span> <span class='ocrx_word' id='word_1_144' title='bbox 2435 603 2610 675; x_wconf 80' lang='grc' dir='ltr'>ἀρχῆς</span> <span class='ocrx_word' id='word_1_145' title='bbox 2638 604 2697 655; x_wconf 74' lang='grc' dir='ltr'>ἐν</span> <span class='ocrx_word' id='word_1_146' title='bbox 2726 603 2885 674; x_wconf 82' lang='grc' dir='ltr'><strong>ἡδονῇ</strong></span> <span class='ocrx_word' id='word_1_147' title='bbox 2916 605 3291 675; x_wconf 84' lang='grc' dir='ltr'>μολυνθείσης,</span> <span class='ocrx_word' id='word_1_148' title='bbox 3328 610 3471 677; x_wconf 80' lang='grc' dir='ltr'>μήτε</span> <span class='ocrx_word' id='word_1_149' title='bbox 3502 609 3600 662; x_wconf 75' lang='grc' dir='ltr'>τοῦ</span> <span class='ocrx_word' id='word_1_150' title='bbox 3630 613 3710 664; x_wconf 80' lang='grc' dir='ltr'><strong>τέ-</strong></span> 
     </span>
    </p>
   </div>
   <div class='ocr_carea' id='block_1_22' title="bbox 2125 693 3710 771">
    <p class='ocr_par' dir='ltr' id='par_1_22' title="bbox 2125 693 3710 771">
     <span class='ocr_line' id='line_1_22' title="bbox 2125 693 3710 771; baseline 0.004 -26"><span class='ocrx_word' id='word_1_151' title='bbox 2125 693 2253 758; x_wconf 86' lang='grc' dir='ltr'>λους</span> <span class='ocrx_word' id='word_1_152' title='bbox 2285 695 2365 756; x_wconf 82' lang='grc' dir='ltr'><strong>είς</strong></span> <span class='ocrx_word' id='word_1_153' title='bbox 2395 693 2602 766; x_wconf 78' lang='grc' dir='ltr'>φθορὰν</span> <span class='ocrx_word' id='word_1_154' title='bbox 2632 694 3055 764; x_wconf 81' lang='grc' dir='ltr'>καταλήξαντος.</span> <span class='ocrx_word' id='word_1_155' title='bbox 3082 695 3146 749; x_wconf 75' lang='grc' dir='ltr'><strong>ΕΞ</strong></span> <span class='ocrx_word' id='word_1_156' title='bbox 3173 694 3267 751; x_wconf 75' lang='grc' dir='ltr'>οὖν</span> <span class='ocrx_word' id='word_1_157' title='bbox 3295 699 3474 751; x_wconf 79' lang='grc' dir='ltr'>ταῦτα</span> <span class='ocrx_word' id='word_1_158' title='bbox 3504 699 3710 771; x_wconf 57' lang='lat' dir='ltr'><strong>{toﬁna</strong></span> 
     </span>
    </p>
   </div>
   <div class='ocr_carea' id='block_1_23' title="bbox 2128 785 3709 860">
    <p class='ocr_par' dir='ltr' id='par_1_23' title="bbox 2128 785 3709 860">
     <span class='ocr_line' id='line_1_23' title="bbox 2128 785 3709 860; baseline 0.004 -23"><span class='ocrx_word' id='word_1_159' title='bbox 2128 785 2224 838; x_wconf 78' lang='grc' dir='ltr'>καὶ</span> <span class='ocrx_word' id='word_1_160' title='bbox 2253 785 2737 856; x_wconf 77' lang='grc' dir='ltr'>διαμαρτυράμεθα</span> <span class='ocrx_word' id='word_1_161' title='bbox 2763 827 2784 850; x_wconf 78' lang='lat'><strong>,</strong></span> <span class='ocrx_word' id='word_1_162' title='bbox 2813 787 2898 840; x_wconf 78' lang='grc' dir='ltr'>ὅτι</span> <span class='ocrx_word' id='word_1_163' title='bbox 2929 788 2972 840; x_wconf 86' lang='grc' dir='ltr'><strong>Χ</strong></span> <span class='ocrx_word' id='word_1_164' title='bbox 2981 788 3162 859; x_wconf 81' lang='grc' dir='ltr'>ριστὸς</span> <span class='ocrx_word' id='word_1_165' title='bbox 3190 789 3326 842; x_wconf 81' lang='grc' dir='ltr'>Θεοῦ</span> <span class='ocrx_word' id='word_1_166' title='bbox 3351 791 3593 860; x_wconf 69' lang='grc' dir='ltr'>δύναμις</span> <span class='ocrx_word' id='word_1_167' title='bbox 3625 797 3709 847; x_wconf 78' lang='grc' dir='ltr'>καὶ</span> 
     </span>
    </p>
   </div>
   <div class='ocr_carea' id='block_1_24' title="bbox 2127 875 3710 954">
    <p class='ocr_par' dir='ltr' id='par_1_24' title="bbox 2127 875 3710 954">
     <span class='ocr_line' id='line_1_24' title="bbox 2127 875 3710 954; baseline 0.004 -24"><span class='ocrx_word' id='word_1_168' title='bbox 2127 875 2262 930; x_wconf 79' lang='grc' dir='ltr'>Θεοῦ</span> <span class='ocrx_word' id='word_1_169' title='bbox 2297 879 2480 947; x_wconf 76' lang='grc' dir='ltr'>σοφία,</span> <span class='ocrx_word' id='word_1_170' title='bbox 2508 877 2596 931; x_wconf 77' lang='grc' dir='ltr'><strong>ἀεὶ</strong></span> <span class='ocrx_word' id='word_1_171' title='bbox 2631 879 2926 950; x_wconf 80' lang='grc' dir='ltr'><strong>ἄτρεπτος,</strong></span> <span class='ocrx_word' id='word_1_172' title='bbox 2964 881 3052 933; x_wconf 73' lang='grc' dir='ltr'><strong>ἀεὶ</strong></span> <span class='ocrx_word' id='word_1_173' title='bbox 3092 881 3392 951; x_wconf 70' lang='grc' dir='ltr'>ἄφραστος,</span> <span class='ocrx_word' id='word_1_174' title='bbox 3422 884 3538 936; x_wconf 75' lang='grc' dir='ltr'>κᾶν</span> <span class='ocrx_word' id='word_1_175' title='bbox 3560 887 3619 936; x_wconf 78' lang='grc' dir='ltr'>ὲν</span> <span class='ocrx_word' id='word_1_176' title='bbox 3640 886 3710 954; x_wconf 77' lang='grc' dir='ltr'>τῷ</span> 
     </span>
    </p>
   </div>
   <div class='ocr_carea' id='block_1_25' title="bbox 2127 968 3707 1044">
    <p class='ocr_par' dir='ltr' id='par_1_25' title="bbox 2127 968 3707 1044">
     <span class='ocr_line' id='line_1_25' title="bbox 2127 968 3707 1044; baseline 0.004 -24"><span class='ocrx_word' id='word_1_177' title='bbox 2127 968 2346 1039; x_wconf 83' lang='grc' dir='ltr'>τρεπτῷ</span> <span class='ocrx_word' id='word_1_178' title='bbox 2369 970 2462 1023; x_wconf 67' lang='lat' dir='ltr'><strong>xui.</strong></span> <span class='ocrx_word' id='word_1_179' title='bbox 2484 969 2711 1040; x_wconf 71' lang='grc' dir='ltr'>φθαρτῷ</span> <span class='ocrx_word' id='word_1_180' title='bbox 2736 970 2984 1042; x_wconf 80' lang='grc' dir='ltr'>γένηται.</span> <span class='ocrx_word' id='word_1_181' title='bbox 3015 972 3115 1025; x_wconf 79' lang='grc' dir='ltr'>οὐκ</span> <span class='ocrx_word' id='word_1_182' title='bbox 3134 973 3297 1036; x_wconf 78' lang='grc' dir='ltr'>αὐτὸς</span> <span class='ocrx_word' id='word_1_183' title='bbox 3323 973 3707 1044; x_wconf 83' lang='grc' dir='ltr'>μολυνόμενος,</span> 
     </span>
    </p>
   </div>
   <div class='ocr_carea' id='block_1_26' title="bbox 2128 1059 3803 1137">
    <p class='ocr_par' dir='ltr' id='par_1_26' title="bbox 2128 1059 3803 1137">
     <span class='ocr_line' id='line_1_26' title="bbox 2128 1059 3803 1137; baseline 0.006 -26"><span class='ocrx_word' id='word_1_184' title='bbox 2128 1059 2262 1112; x_wconf 81' lang='grc' dir='ltr'>ἀλλὰ</span> <span class='ocrx_word' id='word_1_185' title='bbox 2311 1061 2374 1114; x_wconf 86' lang='grc' dir='ltr'><strong>τὸ</strong></span> <span class='ocrx_word' id='word_1_186' title='bbox 2421 1061 2684 1131; x_wconf 79' lang='grc' dir='ltr'>μολυνθὲν</span> <span class='ocrx_word' id='word_1_187' title='bbox 2739 1064 3094 1134; x_wconf 57' lang='grc' dir='ltr'>καθαρίζων</span> <span class='ocrx_word' id='word_1_188' title='bbox 3149 1066 3201 1118; x_wconf 86' lang='grc' dir='ltr'>τί</span> <span class='ocrx_word' id='word_1_189' title='bbox 3245 1066 3574 1137; x_wconf 73' lang='grc' dir='ltr'><strong>ἀδικοῦμεν,</strong></span> <span class='ocrx_word' id='word_1_190' title='bbox 3623 1071 3708 1120; x_wconf 75' lang='grc' dir='ltr'>καὶ</span> <span class='ocrx_word' id='word_1_191' title='bbox 3802 1071 3803 1080; x_wconf 69' lang='grc'><em>“</em></span> 
     </span>
    </p>
   </div>
   <div class='ocr_carea' id='block_1_27' title="bbox 2128 1149 3708 1227">
    <p class='ocr_par' dir='ltr' id='par_1_27' title="bbox 2128 1149 3708 1227">
     <span class='ocr_line' id='line_1_27' title="bbox 2128 1149 3708 1227; baseline 0.006 -26"><span class='ocrx_word' id='word_1_192' title='bbox 2128 1149 2267 1219; x_wconf 83' lang='grc' dir='ltr'>ὑπὲρ</span> <span class='ocrx_word' id='word_1_193' title='bbox 2293 1149 2438 1213; x_wconf 86' lang='grc' dir='ltr'>τίνος</span> <span class='ocrx_word' id='word_1_194' title='bbox 2461 1151 2801 1223; x_wconf 75' lang='grc' dir='ltr'>μισούμεθας</span> <span class='ocrx_word' id='word_1_195' title='bbox 2827 1154 2939 1207; x_wconf 74' lang='grc' dir='ltr'><strong>Καὶ</strong></span> <span class='ocrx_word' id='word_1_196' title='bbox 2963 1156 3016 1206; x_wconf 85' lang='grc' dir='ltr'>τί</span> <span class='ocrx_word' id='word_1_197' title='bbox 3037 1154 3286 1223; x_wconf 75' lang='grc' dir='ltr'>βούλεται</span> <span class='ocrx_word' id='word_1_198' title='bbox 3314 1157 3348 1227; x_wconf 77' lang='grc' dir='ltr'><strong>ἡ</strong></span> <span class='ocrx_word' id='word_1_199' title='bbox 3374 1156 3492 1210; x_wconf 82' lang='grc' dir='ltr'><strong>τῶν</strong></span> <span class='ocrx_word' id='word_1_200' title='bbox 3518 1159 3708 1211; x_wconf 78' lang='grc' dir='ltr'>καινῶν</span> 
     </span>
    </p>
   </div>
   <div class='ocr_carea' id='block_1_28' title="bbox 2128 1240 3706 1319">
    <p class='ocr_par' dir='ltr' id='par_1_28' title="bbox 2128 1240 3706 1319">
     <span class='ocr_line' id='line_1_28' title="bbox 2128 1240 3706 1319; baseline 0.008 -27"><span class='ocrx_word' id='word_1_201' title='bbox 2128 1240 2533 1312; x_wconf 85' lang='grc' dir='ltr'>θυσιαστηρίων</span> <span class='ocrx_word' id='word_1_202' title='bbox 2551 1242 2902 1314; x_wconf 76' lang='grc' dir='ltr'>ἀντεξαγωγή</span> <span class='ocrx_word' id='word_1_203' title='bbox 2928 1263 2942 1304; x_wconf 85' lang='lat'><strong>;</strong></span> <span class='ocrx_word' id='word_1_204' title='bbox 2965 1246 3058 1316; x_wconf 82' lang='grc' dir='ltr'><strong>Μὴ</strong></span> <span class='ocrx_word' id='word_1_205' title='bbox 3087 1246 3242 1300; x_wconf 78' lang='grc' dir='ltr'>ἄλλον</span> <span class='ocrx_word' id='word_1_206' title='bbox 3275 1248 3494 1317; x_wconf 80' lang='grc' dir='ltr'>Ἰησοῦν</span> <span class='ocrx_word' id='word_1_207' title='bbox 3518 1266 3706 1319; x_wconf 77' lang='grc' dir='ltr'>καταγ-</span> 
     </span>
    </p>
   </div>
   <div class='ocr_carea' id='block_1_29' title="bbox 2129 1334 3705 1412">
    <p class='ocr_par' dir='ltr' id='par_1_29' title="bbox 2129 1334 3705 1412">
     <span class='ocr_line' id='line_1_29' title="bbox 2129 1334 3705 1412; baseline 0.006 -26"><span class='ocrx_word' id='word_1_208' title='bbox 2129 1334 2390 1404; x_wconf 80' lang='grc' dir='ltr'>γέλλομεν</span> <span class='ocrx_word' id='word_1_209' title='bbox 2413 1351 2427 1399; x_wconf 90' lang='grc'>;</span> <span class='ocrx_word' id='word_1_210' title='bbox 2461 1334 2547 1406; x_wconf 78' lang='grc' dir='ltr'><strong>Μὴ</strong></span> <span class='ocrx_word' id='word_1_211' title='bbox 2568 1336 2755 1407; x_wconf 80' lang='grc' dir='ltr'>ἕτερον</span> <span class='ocrx_word' id='word_1_212' title='bbox 2775 1337 3228 1408; x_wconf 72' lang='grc' dir='ltr'>ὑποδεικνύομενς</span> <span class='ocrx_word' id='word_1_213' title='bbox 3259 1341 3350 1410; x_wconf 75' lang='grc' dir='ltr'><strong>Μὴ</strong></span> <span class='ocrx_word' id='word_1_214' title='bbox 3380 1341 3553 1403; x_wconf 65' lang='grc' dir='ltr'>ἄλλας</span> <span class='ocrx_word' id='word_1_215' title='bbox 3578 1344 3705 1412; x_wconf 81' lang='grc' dir='ltr'>Γρα-</span> 
     </span>
    </p>
   </div>
   <div class='ocr_carea' id='block_1_30' title="bbox 2129 1425 3706 1500">
    <p class='ocr_par' dir='ltr' id='par_1_30' title="bbox 2129 1425 3706 1500">
     <span class='ocr_line' id='line_1_30' title="bbox 2129 1425 3706 1500; baseline 0.006 -23"><span class='ocrx_word' id='word_1_216' title='bbox 2129 1426 2234 1495; x_wconf 77' lang='grc' dir='ltr'><strong>φὰς</strong></span> <span class='ocrx_word' id='word_1_217' title='bbox 2264 1425 2627 1496; x_wconf 83' lang='grc' dir='ltr'>ὲκτιθέμεθα;</span> <span class='ocrx_word' id='word_1_218' title='bbox 2655 1429 2746 1500; x_wconf 82' lang='grc' dir='ltr'><strong>Μὴ</strong></span> <span class='ocrx_word' id='word_1_219' title='bbox 2771 1429 2870 1498; x_wconf 80' lang='grc' dir='ltr'><strong>τὴν</strong></span> <span class='ocrx_word' id='word_1_220' title='bbox 2896 1429 3058 1496; x_wconf 83' lang='grc' dir='ltr'>ἁγίαν</span> <span class='ocrx_word' id='word_1_221' title='bbox 3083 1429 3358 1500; x_wconf 76' lang='grc' dir='ltr'><strong>Παρθένον</strong></span> <span class='ocrx_word' id='word_1_222' title='bbox 3383 1435 3490 1500; x_wconf 75' lang='grc' dir='ltr'><strong>τὴν</strong></span> <span class='ocrx_word' id='word_1_223' title='bbox 3533 1433 3706 1487; x_wconf 69' lang='grc' dir='ltr'>Θεοτί-</span> 
     </span>
    </p>
   </div>
   <div class='ocr_carea' id='block_1_31' title="bbox 2129 1517 3704 1592">
    <p class='ocr_par' dir='ltr' id='par_1_31' title="bbox 2129 1517 3704 1592">
     <span class='ocr_line' id='line_1_31' title="bbox 2129 1517 3704 1592; baseline 0.003 -22"><span class='ocrx_word' id='word_1_224' title='bbox 2129 1536 2224 1573; x_wconf 84' lang='grc' dir='ltr'><strong>κον</strong></span> <span class='ocrx_word' id='word_1_225' title='bbox 2256 1517 2526 1588; x_wconf 79' lang='grc' dir='ltr'>ἐτόλμησέ</span> <span class='ocrx_word' id='word_1_226' title='bbox 2568 1535 2653 1582; x_wconf 88' lang='grc' dir='ltr'><strong>τις</strong></span> <span class='ocrx_word' id='word_1_227' title='bbox 2692 1518 2850 1590; x_wconf 79' lang='grc' dir='ltr'>ἡμῶν</span> <span class='ocrx_word' id='word_1_228' title='bbox 2889 1520 2983 1572; x_wconf 85' lang='grc' dir='ltr'>καὶ</span> <span class='ocrx_word' id='word_1_229' title='bbox 3029 1519 3476 1592; x_wconf 72' lang='grc' dir='ltr'>Ἀνθρωποτύκον</span> <span class='ocrx_word' id='word_1_230' title='bbox 3508 1526 3704 1576; x_wconf 74' lang='grc' dir='ltr'>εἰπεῖν’</span> 
     </span>
    </p>
   </div>
   <div class='ocr_carea' id='block_1_32' title="bbox 2131 1608 3706 1684">
    <p class='ocr_par' dir='ltr' id='par_1_32' title="bbox 2131 1608 3706 1684">
     <span class='ocr_line' id='line_1_32' title="bbox 2131 1608 3706 1684; baseline 0.003 -21"><span class='ocrx_word' id='word_1_231' title='bbox 2131 1612 2269 1680; x_wconf 78' lang='grc' dir='ltr'>ὅπερ</span> <span class='ocrx_word' id='word_1_232' title='bbox 2302 1608 2576 1678; x_wconf 70' lang='grc' dir='ltr'>ἀκούομεν</span> <span class='ocrx_word' id='word_1_233' title='bbox 2608 1626 2764 1672; x_wconf 83' lang='grc' dir='ltr'>τινας</span> <span class='ocrx_word' id='word_1_234' title='bbox 2791 1609 2850 1676; x_wconf 70' lang='grc' dir='ltr'><strong>ἐξ</strong></span> <span class='ocrx_word' id='word_1_235' title='bbox 2881 1610 3059 1663; x_wconf 77' lang='grc' dir='ltr'>αὐτῶν</span> <span class='ocrx_word' id='word_1_236' title='bbox 3083 1611 3315 1679; x_wconf 61' lang='grc' dir='ltr'>ἀφειδῶς</span> <span class='ocrx_word' id='word_1_237' title='bbox 3359 1612 3550 1680; x_wconf 81' lang='grc' dir='ltr'>λέγειν</span> <span class='ocrx_word' id='word_1_238' title='bbox 3568 1631 3593 1682; x_wconf 63' lang='grc' dir='ltr'>ι</span> <span class='ocrx_word' id='word_1_239' title='bbox 3627 1616 3706 1684; x_wconf 72' lang='grc' dir='ltr'><strong>Μὴ</strong></span> 
     </span>
    </p>
   </div>
   <div class='ocr_carea' id='block_1_33' title="bbox 2131 1699 3708 1785">
    <p class='ocr_par' dir='ltr' id='par_1_33' title="bbox 2131 1699 3708 1785">
     <span class='ocr_line' id='line_1_33' title="bbox 2131 1699 3708 1785; baseline 0.001 -32"><span class='ocrx_word' id='word_1_240' title='bbox 2131 1703 2282 1773; x_wconf 85' lang='grc' dir='ltr'>τρεῖς</span> <span class='ocrx_word' id='word_1_241' title='bbox 2333 1699 2662 1762; x_wconf 75' lang='grc' dir='ltr'><strong>ἀναστάσεις</strong></span> <span class='ocrx_word' id='word_1_242' title='bbox 2713 1699 3145 1771; x_wconf 82' lang='grc' dir='ltr'>μυθοποιοῦμεν;</span> <span class='ocrx_word' id='word_1_243' title='bbox 3197 1701 3288 1785; x_wconf 46' lang='lat' dir='ltr'><strong>Mt</strong></span> <span class='ocrx_word' id='word_1_244' title='bbox 3334 1703 3534 1771; x_wconf 84' lang='grc' dir='ltr'>χιλίων</span> <span class='ocrx_word' id='word_1_245' title='bbox 3584 1705 3708 1755; x_wconf 75' lang='grc' dir='ltr'><strong>ἐτῶν</strong></span> 
     </span>
    </p>
   </div>
   <div class='ocr_carea' id='block_1_34' title="bbox 455 1775 2031 1866">
    <p class='ocr_par' dir='ltr' id='par_1_34' title="bbox 455 1777 2030 1838">
     <span class='ocr_line' id='line_1_34' title="bbox 455 1777 2030 1838; baseline 0.004 -7"><span class='ocrx_word' id='word_1_246' title='bbox 455 1777 595 1834; x_wconf 88' lang='lat' dir='ltr'><strong>Num</strong></span> <span class='ocrx_word' id='word_1_247' title='bbox 643 1779 810 1833; x_wconf 91' lang='lat' dir='ltr'><strong>alium</strong></span> <span class='ocrx_word' id='word_1_248' title='bbox 841 1777 1029 1834; x_wconf 68' lang='lat' dir='ltr'><strong>Iesum</strong></span> <span class='ocrx_word' id='word_1_249' title='bbox 1075 1781 1505 1836; x_wconf 87' lang='lat' dir='ltr'><strong>aununtiamus?</strong></span> <span class='ocrx_word' id='word_1_250' title='bbox 1553 1780 1693 1835; x_wconf 86' lang='lat' dir='ltr'><strong>Nuin</strong></span> <span class='ocrx_word' id='word_1_251' title='bbox 1734 1782 1900 1836; x_wconf 90' lang='lat' dir='ltr'><strong>alium</strong></span> <span class='ocrx_word' id='word_1_252' title='bbox 1935 1783 2030 1838; x_wconf 89' lang='lat' dir='ltr'><strong>de-</strong></span> 
     </span>
    </p>
   </div>
   <div class='ocr_carea' id='block_1_35' title="bbox 2132 1775 3710 1866">
    <p class='ocr_par' dir='ltr' id='par_1_35' title="bbox 2132 1775 3710 1866">
     <span class='ocr_line' id='line_1_35' title="bbox 2132 1775 3710 1866; baseline 0.002 -22"><span class='ocrx_word' id='word_1_253' title='bbox 2132 1792 2574 1862; x_wconf 84' lang='grc' dir='ltr'>γαστριμαργίας</span> <span class='ocrx_word' id='word_1_254' title='bbox 2615 1791 3106 1862; x_wconf 78' lang='grc' dir='ltr'>ὲπαγγελλόμεθας</span> <span class='ocrx_word' id='word_1_255' title='bbox 3148 1794 3238 1864; x_wconf 82' lang='grc' dir='ltr'><strong>Μὴ</strong></span> <span class='ocrx_word' id='word_1_256' title='bbox 3259 1775 3364 1864; x_wconf 62' lang='grc' dir='ltr'><strong>ἴτὴν</strong></span> <span class='ocrx_word' id='word_1_257' title='bbox 3416 1797 3710 1866; x_wconf 73' lang='grc' dir='ltr'>Ἰουδαῐκὴν</span> 
     </span>
    </p>
   </div>
   <div class='ocr_carea' id='block_1_36' title="bbox 456 1870 2032 1952">
    <p class='ocr_par' dir='ltr' id='par_1_36' title="bbox 456 1870 2032 1952">
     <span class='ocr_line' id='line_1_36' title="bbox 456 1870 2032 1952; baseline 0.003 -26"><span class='ocrx_word' id='word_1_258' title='bbox 456 1870 935 1952; x_wconf 82' lang='lat' dir='ltr'><strong>signamus?Num</strong></span> <span class='ocrx_word' id='word_1_259' title='bbox 968 1873 1104 1928; x_wconf 84' lang='lat' dir='ltr'><strong>alias</strong></span> <span class='ocrx_word' id='word_1_260' title='bbox 1141 1873 1456 1942; x_wconf 88' lang='lat' dir='ltr'><strong>Scripturas</strong></span> <span class='ocrx_word' id='word_1_261' title='bbox 1479 1873 1814 1944; x_wconf 88' lang='lat' dir='ltr'><strong>proferimus</strong></span> <span class='ocrx_word' id='word_1_262' title='bbox 1838 1877 1862 1929; x_wconf 68' lang='grc' dir='ltr'><em>ἲ</em></span> <span class='ocrx_word' id='word_1_263' title='bbox 1890 1875 2032 1930; x_wconf 77' lang='lat' dir='ltr'><strong>Num</strong></span> 
     </span>
    </p>
   </div>
   <div class='ocr_carea' id='block_1_37' title="bbox 454 1963 2036 2036">
    <p class='ocr_par' dir='ltr' id='par_1_37' title="bbox 454 1963 2036 2036">
     <span class='ocr_line' id='line_1_37' title="bbox 454 1963 2036 2036; baseline 0.004 -18"><span class='ocrx_word' id='word_1_264' title='bbox 454 1963 734 2035; x_wconf 77' lang='lat' dir='ltr'><strong>Virginem</strong></span> <span class='ocrx_word' id='word_1_265' title='bbox 782 1972 1031 2019; x_wconf 88' lang='lat' dir='ltr'><strong>sanctam</strong></span> <span class='ocrx_word' id='word_1_266' title='bbox 1090 1973 1146 2018; x_wconf 91' lang='lat' dir='ltr'><strong>et</strong></span> <span class='ocrx_word' id='word_1_267' title='bbox 1191 1964 1475 2035; x_wconf 88' lang='lat' dir='ltr'><strong>Deiparam</strong></span> <span class='ocrx_word' id='word_1_268' title='bbox 1535 1981 1704 2022; x_wconf 88' lang='lat' dir='ltr'><strong>ausus</strong></span> <span class='ocrx_word' id='word_1_269' title='bbox 1745 1975 1833 2022; x_wconf 86' lang='lat' dir='ltr'><strong>cst</strong></span> <span class='ocrx_word' id='word_1_270' title='bbox 1880 1969 2036 2036; x_wconf 83' lang='lat' dir='ltr'><strong>quis-</strong></span> 
     </span>
    </p>
   </div>
   <div class='ocr_carea' id='block_1_38' title="bbox 455 2057 2035 2131">
    <p class='ocr_par' dir='ltr' id='par_1_38' title="bbox 455 2057 2035 2131">
     <span class='ocr_line' id='line_1_38' title="bbox 455 2057 2035 2131; baseline 0.001 -17"><span class='ocrx_word' id='word_1_271' title='bbox 455 2074 621 2129; x_wconf 81' lang='lat' dir='ltr'><strong>quam</strong></span> <span class='ocrx_word' id='word_1_272' title='bbox 652 2067 902 2114; x_wconf 85' lang='lat' dir='ltr'><strong>nostrum</strong></span> <span class='ocrx_word' id='word_1_273' title='bbox 934 2057 1341 2129; x_wconf 80' lang='lat' dir='ltr'><strong>Hominiparam</strong></span> <span class='ocrx_word' id='word_1_274' title='bbox 1372 2059 1591 2124; x_wconf 86' lang='lat' dir='ltr'><strong>dicere,</strong></span> <span class='ocrx_word' id='word_1_275' title='bbox 1641 2075 1752 2131; x_wconf 87' lang='lat' dir='ltr'><strong>quo</strong></span> <span class='ocrx_word' id='word_1_276' title='bbox 1781 2061 1941 2116; x_wconf 91' lang='lat' dir='ltr'><strong>modo</strong></span> <span class='ocrx_word' id='word_1_277' title='bbox 1968 2062 2035 2116; x_wconf 85' lang='lat' dir='ltr'><strong>il-</strong></span> 
     </span>
    </p>
   </div>
   <div class='ocr_carea' id='block_1_39' title="bbox 456 2149 2034 2209">
    <p class='ocr_par' dir='ltr' id='par_1_39' title="bbox 456 2149 2034 2209">
     <span class='ocr_line' id='line_1_39' title="bbox 456 2149 2034 2209; baseline 0.002 -5"><span class='ocrx_word' id='word_1_278' title='bbox 456 2149 633 2204; x_wconf 92' lang='lat' dir='ltr'><strong>lorum</strong></span> <span class='ocrx_word' id='word_1_279' title='bbox 665 2150 958 2206; x_wconf 89' lang='lat' dir='ltr'><strong>nonnullos</strong></span> <span class='ocrx_word' id='word_1_280' title='bbox 988 2166 1108 2206; x_wconf 88' lang='lat' dir='ltr'><strong>eam</strong></span> <span class='ocrx_word' id='word_1_281' title='bbox 1150 2151 1514 2208; x_wconf 84' lang='lat' dir='ltr'><strong>irreverenter</strong></span> <span class='ocrx_word' id='word_1_282' title='bbox 1548 2152 1834 2209; x_wconf 84' lang='lat' dir='ltr'><strong>nominare</strong></span> <span class='ocrx_word' id='word_1_283' title='bbox 1875 2153 2034 2208; x_wconf 85' lang='lat' dir='ltr'><strong>audi-</strong></span> 
     </span>
    </p>
   </div>
   <div class='ocr_carea' id='block_1_40' title="bbox 458 2243 2033 2314">
    <p class='ocr_par' dir='ltr' id='par_1_40' title="bbox 458 2243 2033 2314">
     <span class='ocr_line' id='line_1_40' title="bbox 458 2243 2033 2314; baseline 0 -17"><span class='ocrx_word' id='word_1_284' title='bbox 458 2243 616 2298; x_wconf 82' lang='lat' dir='ltr'><strong>mus?</strong></span> <span class='ocrx_word' id='word_1_285' title='bbox 662 2243 802 2297; x_wconf 76' lang='lat' dir='ltr'><strong>Num</strong></span> <span class='ocrx_word' id='word_1_286' title='bbox 845 2243 1010 2296; x_wconf 90' lang='lat' dir='ltr'><strong>trium</strong></span> <span class='ocrx_word' id='word_1_287' title='bbox 1054 2244 1514 2298; x_wconf 88' lang='lat' dir='ltr'><strong>resurrectiouum</strong></span> <span class='ocrx_word' id='word_1_288' title='bbox 1565 2243 1800 2298; x_wconf 87' lang='lat' dir='ltr'><strong>fabulam</strong></span> <span class='ocrx_word' id='word_1_289' title='bbox 1831 2244 2033 2314; x_wconf 87' lang='lat' dir='ltr'><strong>proba-</strong></span> 
     </span>
    </p>
   </div>
   <div class='ocr_carea' id='block_1_41' title="bbox 457 2331 2036 2406">
    <p class='ocr_par' dir='ltr' id='par_1_41' title="bbox 457 2331 2036 2406">
     <span class='ocr_line' id='line_1_41' title="bbox 457 2331 2036 2406; baseline 0.004 -20"><span class='ocrx_word' id='word_1_290' title='bbox 457 2333 616 2393; x_wconf 85' lang='lat' dir='ltr'><strong>mus?</strong></span> <span class='ocrx_word' id='word_1_291' title='bbox 648 2331 802 2387; x_wconf 79' lang='lat' dir='ltr'><strong>Num’</strong></span> <span class='ocrx_word' id='word_1_292' title='bbox 825 2333 973 2390; x_wconf 87' lang='lat' dir='ltr'><strong>mille</strong></span> <span class='ocrx_word' id='word_1_293' title='bbox 1002 2348 1270 2388; x_wconf 84' lang='lat' dir='ltr'><strong>annorum</strong></span> <span class='ocrx_word' id='word_1_294' title='bbox 1309 2334 1787 2405; x_wconf 85' lang='lat' dir='ltr'><strong>ingurgitationem</strong></span> <span class='ocrx_word' id='word_1_295' title='bbox 1811 2336 2036 2406; x_wconf 86' lang='lat' dir='ltr'><strong>pollice-</strong></span> 
     </span>
    </p>
   </div>
   <div class='ocr_carea' id='block_1_42' title="bbox 458 2423 2032 2482">
    <p class='ocr_par' dir='ltr' id='par_1_42' title="bbox 458 2423 2032 2482">
     <span class='ocr_line' id='line_1_42' title="bbox 458 2423 2032 2482; baseline 0.001 -2"><span class='ocrx_word' id='word_1_296' title='bbox 458 2427 618 2481; x_wconf 83' lang='lat' dir='ltr'><strong>mur?</strong></span> <span class='ocrx_word' id='word_1_297' title='bbox 693 2425 834 2480; x_wconf 80' lang='lat' dir='ltr'><strong>Num</strong></span> <span class='ocrx_word' id='word_1_298' title='bbox 884 2423 1169 2480; x_wconf 83' lang='lat' dir='ltr'><strong>Judaicam</strong></span> <span class='ocrx_word' id='word_1_299' title='bbox 1238 2426 1586 2480; x_wconf 84' lang='lat' dir='ltr'><strong>victimarum</strong></span> <span class='ocrx_word' id='word_1_300' title='bbox 1645 2428 2032 2482; x_wconf 87' lang='lat' dir='ltr'><strong>mactationem</strong></span> 
     </span>
    </p>
   </div>
   <div class='ocr_carea' id='block_1_43' title="bbox 458 2517 2032 2575">
    <p class='ocr_par' dir='ltr' id='par_1_43' title="bbox 458 2517 2032 2575">
     <span class='ocr_line' id='line_1_43' title="bbox 458 2517 2032 2575; baseline -0.001 0"><span class='ocrx_word' id='word_1_301' title='bbox 458 2520 656 2575; x_wconf 89' lang='lat' dir='ltr'><strong>iterum</strong></span> <span class='ocrx_word' id='word_1_302' title='bbox 680 2518 992 2574; x_wconf 89' lang='lat' dir='ltr'><strong>restitutum</strong></span> <span class='ocrx_word' id='word_1_303' title='bbox 1027 2517 1091 2571; x_wconf 91' lang='lat' dir='ltr'><strong>iri</strong></span> <span class='ocrx_word' id='word_1_304' title='bbox 1123 2517 1424 2573; x_wconf 75' lang='lat' dir='ltr'><strong>docemus?</strong></span> <span class='ocrx_word' id='word_1_305' title='bbox 1445 2517 1586 2572; x_wconf 77' lang='lat' dir='ltr'><strong>Num</strong></span> <span class='ocrx_word' id='word_1_306' title='bbox 1620 2519 1686 2572; x_wconf 89' lang='lat' dir='ltr'><strong>ad</strong></span> <span class='ocrx_word' id='word_1_307' title='bbox 1719 2529 2032 2574; x_wconf 83' lang='lat' dir='ltr'><strong>terrestrem</strong></span> 
     </span>
    </p>
   </div>
   <div class='ocr_carea' id='block_1_44' title="bbox 455 2611 2036 2681">
    <p class='ocr_par' dir='ltr' id='par_1_44' title="bbox 455 2611 2036 2681">
     <span class='ocr_line' id='line_1_44' title="bbox 455 2611 2036 2681; baseline 0.002 -15"><span class='ocrx_word' id='word_1_308' title='bbox 455 2611 758 2668; x_wconf 78' lang='lat' dir='ltr'><strong>Jerusalem</strong></span> <span class='ocrx_word' id='word_1_309' title='bbox 795 2626 920 2681; x_wconf 85' lang='lat' dir='ltr'><strong>spes</strong></span> <span class='ocrx_word' id='word_1_310' title='bbox 941 2611 1223 2665; x_wconf 86' lang='lat' dir='ltr'><strong>hominum</strong></span> <span class='ocrx_word' id='word_1_311' title='bbox 1257 2612 1610 2674; x_wconf 86' lang='lat' dir='ltr'><strong>inclinamus.</strong></span> <span class='ocrx_word' id='word_1_312' title='bbox 1635 2621 1691 2667; x_wconf 89' lang='lat' dir='ltr'><strong>et</strong></span> <span class='ocrx_word' id='word_1_313' title='bbox 1722 2614 2036 2669; x_wconf 90' lang='lat' dir='ltr'><strong>instauran-</strong></span> 
     </span>
    </p>
   </div>
   <div class='ocr_carea' id='block_1_45' title="bbox 456 2704 2036 2776">
    <p class='ocr_par' dir='ltr' id='par_1_45' title="bbox 456 2704 2036 2776">
     <span class='ocr_line' id='line_1_45' title="bbox 456 2704 2036 2776; baseline -0.001 -16"><span class='ocrx_word' id='word_1_314' title='bbox 456 2706 581 2760; x_wconf 87' lang='lat' dir='ltr'><strong>dam</strong></span> <span class='ocrx_word' id='word_1_315' title='bbox 613 2705 760 2759; x_wconf 84' lang='lat' dir='ltr'><strong>illam</strong></span> <span class='ocrx_word' id='word_1_316' title='bbox 800 2719 926 2760; x_wconf 89' lang='lat' dir='ltr'><strong>esse</strong></span> <span class='ocrx_word' id='word_1_317' title='bbox 951 2704 1271 2760; x_wconf 86' lang='lat' dir='ltr'><strong>illustrioris</strong></span> <span class='ocrx_word' id='word_1_318' title='bbox 1301 2706 1541 2760; x_wconf 77' lang='lat' dir='ltr'><strong>materia:</strong></span> <span class='ocrx_word' id='word_1_319' title='bbox 1576 2705 1850 2776; x_wconf 85' lang='lat' dir='ltr'><strong>lapidibus</strong></span> <span class='ocrx_word' id='word_1_320' title='bbox 1879 2705 2036 2775; x_wconf 80' lang='lat' dir='ltr'><strong>lingi-</strong></span> 
     </span>
    </p>
   </div>
   <div class='ocr_carea' id='block_1_46' title="bbox 458 2795 2035 2867">
    <p class='ocr_par' dir='ltr' id='par_1_46' title="bbox 458 2795 2035 2867">
     <span class='ocr_line' id='line_1_46' title="bbox 458 2795 2035 2867; baseline 0.001 -17"><span class='ocrx_word' id='word_1_321' title='bbox 458 2796 622 2850; x_wconf 87' lang='lat' dir='ltr'><strong>mus?</strong></span> <span class='ocrx_word' id='word_1_322' title='bbox 653 2795 795 2862; x_wconf 83' lang='lat' dir='ltr'><strong>Quid</strong></span> <span class='ocrx_word' id='word_1_323' title='bbox 826 2795 1020 2849; x_wconf 90' lang='lat' dir='ltr'><strong>horum</strong></span> <span class='ocrx_word' id='word_1_324' title='bbox 1049 2795 1207 2850; x_wconf 91' lang='lat' dir='ltr'><strong>nobis</strong></span> <span class='ocrx_word' id='word_1_325' title='bbox 1233 2795 1398 2866; x_wconf 81' lang='lat' dir='ltr'><strong>objici</strong></span> <span class='ocrx_word' id='word_1_326' title='bbox 1424 2803 1621 2866; x_wconf 89' lang='lat' dir='ltr'><strong>potest,</strong></span> <span class='ocrx_word' id='word_1_327' title='bbox 1659 2811 1759 2852; x_wconf 91' lang='lat' dir='ltr'><strong>cur</strong></span> <span class='ocrx_word' id='word_1_328' title='bbox 1791 2795 2035 2867; x_wconf 78' lang='lat' dir='ltr'><strong>fugiendi</strong></span> 
     </span>
    </p>
   </div>
   <div class='ocr_carea' id='block_1_47' title="bbox 453 2886 2034 2956">
    <p class='ocr_par' dir='ltr' id='par_1_47' title="bbox 453 2886 2034 2956">
     <span class='ocr_line' id='line_1_47' title="bbox 453 2886 2034 2956; baseline 0.001 -16"><span class='ocrx_word' id='word_1_329' title='bbox 453 2887 800 2956; x_wconf 83' lang='lat' dir='ltr'><strong>judicemur,</strong></span> <span class='ocrx_word' id='word_1_330' title='bbox 843 2896 899 2942; x_wconf 92' lang='lat' dir='ltr'><strong>et</strong></span> <span class='ocrx_word' id='word_1_331' title='bbox 927 2901 1026 2940; x_wconf 91' lang='lat' dir='ltr'><strong>cur</strong></span> <span class='ocrx_word' id='word_1_332' title='bbox 1057 2886 1322 2942; x_wconf 86' lang='lat' dir='ltr'><strong>adversus</strong></span> <span class='ocrx_word' id='word_1_333' title='bbox 1353 2901 1455 2941; x_wconf 90' lang='lat' dir='ltr'><strong>nos</strong></span> <span class='ocrx_word' id='word_1_334' title='bbox 1486 2887 1659 2942; x_wconf 87' lang='lat' dir='ltr'><strong>altare</strong></span> <span class='ocrx_word' id='word_1_335' title='bbox 1687 2886 1911 2956; x_wconf 87' lang='lat' dir='ltr'><strong>quidam</strong></span> <span class='ocrx_word' id='word_1_336' title='bbox 1938 2901 2034 2941; x_wconf 79' lang='lat' dir='ltr'><strong>ex-</strong></span> 
     </span>
    </p>
   </div>
   <div class='ocr_carea' id='block_1_48' title="bbox 2134 1879 3707 1952">
    <p class='ocr_par' dir='ltr' id='par_1_48' title="bbox 2134 1879 3707 1952">
     <span class='ocr_line' id='line_1_48' title="bbox 2134 1879 3707 1952; baseline 0 -18"><span class='ocrx_word' id='word_1_337' title='bbox 2134 1879 2436 1945; x_wconf 81' lang='grc' dir='ltr'>ξωοθυσίαν</span> <span class='ocrx_word' id='word_1_338' title='bbox 2484 1879 2647 1933; x_wconf 82' lang='grc' dir='ltr'>πάλιν</span> <span class='ocrx_word' id='word_1_339' title='bbox 2697 1879 3250 1951; x_wconf 76' lang='grc' dir='ltr'>ὲπαναληφϐήσεσθαι</span> <span class='ocrx_word' id='word_1_340' title='bbox 3300 1881 3576 1952; x_wconf 77' lang='grc' dir='ltr'>λέγομενς</span> <span class='ocrx_word' id='word_1_341' title='bbox 3627 1884 3707 1952; x_wconf 75' lang='lat' dir='ltr'><strong>Mi;</strong></span> 
     </span>
    </p>
   </div>
   <div class='ocr_carea' id='block_1_49' title="bbox 2134 1971 3706 2046">
    <p class='ocr_par' dir='ltr' id='par_1_49' title="bbox 2134 1971 3706 2046">
     <span class='ocr_line' id='line_1_49' title="bbox 2134 1971 3706 2046; baseline 0 -21"><span class='ocrx_word' id='word_1_342' title='bbox 2134 1972 2265 2042; x_wconf 75' lang='grc' dir='ltr'>περὶ</span> <span class='ocrx_word' id='word_1_343' title='bbox 2291 1971 2392 2041; x_wconf 78' lang='grc' dir='ltr'><strong>τὴν</strong></span> <span class='ocrx_word' id='word_1_344' title='bbox 2412 1971 2562 2026; x_wconf 85' lang='grc' dir='ltr'>κάτω</span> <span class='ocrx_word' id='word_1_345' title='bbox 2604 1971 2958 2044; x_wconf 80' lang='grc' dir='ltr'>Ἰερουσαλὴμ</span> <span class='ocrx_word' id='word_1_346' title='bbox 2981 1973 3082 2036; x_wconf 73' lang='grc' dir='ltr'><strong>τὰς</strong></span> <span class='ocrx_word' id='word_1_347' title='bbox 3113 1972 3334 2037; x_wconf 79' lang='grc' dir='ltr'><strong>ἐλπίδας</strong></span> <span class='ocrx_word' id='word_1_348' title='bbox 3357 1974 3472 2026; x_wconf 83' lang='grc' dir='ltr'><strong>τῶν</strong></span> <span class='ocrx_word' id='word_1_349' title='bbox 3504 1974 3602 2027; x_wconf 78' lang='grc' dir='ltr'>ἀνθ</span> <span class='ocrx_word' id='word_1_350' title='bbox 3613 1976 3706 2046; x_wconf 69' lang='grc' dir='ltr'><strong>ρὼσ</strong></span> 
     </span>
    </p>
   </div>
   <div class='ocr_carea' id='block_1_50' title="bbox 2135 2061 3711 2134">
    <p class='ocr_par' dir='ltr' id='par_1_50' title="bbox 2135 2061 3711 2134">
     <span class='ocr_line' id='line_1_50' title="bbox 2135 2061 3711 2134; baseline 0.001 -19"><span class='ocrx_word' id='word_1_351' title='bbox 2135 2081 2252 2117; x_wconf 80' lang='grc' dir='ltr'><strong>πων</strong></span> <span class='ocrx_word' id='word_1_352' title='bbox 2273 2062 2549 2133; x_wconf 85' lang='grc' dir='ltr'>κλίνομεν,</span> <span class='ocrx_word' id='word_1_353' title='bbox 2585 2061 2902 2133; x_wconf 81' lang='grc' dir='ltr'><strong>ἀνοικισμὸν</strong></span> <span class='ocrx_word' id='word_1_354' title='bbox 2943 2063 3113 2134; x_wconf 65' lang='grc' dir='ltr'>αὐτῆς</span> <span class='ocrx_word' id='word_1_355' title='bbox 3149 2063 3238 2116; x_wconf 82' lang='grc' dir='ltr'>διὰ</span> <span class='ocrx_word' id='word_1_356' title='bbox 3259 2064 3359 2134; x_wconf 81' lang='grc' dir='ltr'><strong>τῆς</strong></span> <span class='ocrx_word' id='word_1_357' title='bbox 3386 2066 3711 2132; x_wconf 70' lang='grc' dir='ltr'>εὐφανεστέ-</span> 
     </span>
    </p>
   </div>
   <div class='ocr_carea' id='block_1_51' title="bbox 2137 2151 3711 2224">
    <p class='ocr_par' dir='ltr' id='par_1_51' title="bbox 2137 2151 3711 2224">
     <span class='ocr_line' id='line_1_51' title="bbox 2137 2151 3711 2224; baseline -0.001 -19"><span class='ocrx_word' id='word_1_358' title='bbox 2137 2169 2239 2224; x_wconf 87' lang='grc' dir='ltr'><strong>ρας</strong></span> <span class='ocrx_word' id='word_1_359' title='bbox 2286 2153 2396 2206; x_wconf 86' lang='grc' dir='ltr'>τῶν</span> <span class='ocrx_word' id='word_1_360' title='bbox 2435 2152 2598 2206; x_wconf 80' lang='grc' dir='ltr'>λίθων</span> <span class='ocrx_word' id='word_1_361' title='bbox 2657 2151 2790 2223; x_wconf 78' lang='grc' dir='ltr'>ὕλης</span> <span class='ocrx_word' id='word_1_362' title='bbox 2832 2153 3299 2219; x_wconf 71' lang='grc' dir='ltr'>ἀναπλάσσοντες;</span> <span class='ocrx_word' id='word_1_363' title='bbox 3351 2155 3420 2207; x_wconf 81' lang='grc' dir='ltr'>Τί</span> <span class='ocrx_word' id='word_1_364' title='bbox 3474 2155 3711 2208; x_wconf 68' lang='grc' dir='ltr'>τοιοῦτον</span> 
     </span>
    </p>
   </div>
   <div class='ocr_carea' id='block_1_52' title="bbox 2134 2245 3714 2316">
    <p class='ocr_par' dir='ltr' id='par_1_52' title="bbox 2134 2245 3714 2316">
     <span class='ocr_line' id='line_1_52' title="bbox 2134 2245 3714 2316; baseline 0.001 -18"><span class='ocrx_word' id='word_1_365' title='bbox 2134 2245 2348 2316; x_wconf 76' lang='grc' dir='ltr'>ἔχοντες</span> <span class='ocrx_word' id='word_1_366' title='bbox 2386 2245 2736 2314; x_wconf 73' lang='grc' dir='ltr'><strong>ἐγκαλεῖσθαι</strong></span> <span class='ocrx_word' id='word_1_367' title='bbox 2778 2245 3004 2315; x_wconf 74' lang='grc' dir='ltr'>φευκτοὶ</span> <span class='ocrx_word' id='word_1_368' title='bbox 3033 2245 3422 2316; x_wconf 79' lang='grc' dir='ltr'>ἑνομίσθημεν,</span> <span class='ocrx_word' id='word_1_369' title='bbox 3471 2249 3571 2300; x_wconf 76' lang='grc' dir='ltr'>καὶ</span> <span class='ocrx_word' id='word_1_370' title='bbox 3596 2249 3714 2301; x_wconf 72' lang='grc' dir='ltr'>ἄλλο</span> 
     </span>
    </p>
   </div>
   <div class='ocr_carea' id='block_1_53' title="bbox 2136 2337 3707 2410">
    <p class='ocr_par' dir='ltr' id='par_1_53' title="bbox 2136 2337 3707 2410">
     <span class='ocr_line' id='line_1_53' title="bbox 2136 2337 3707 2410; baseline -0.001 -18"><span class='ocrx_word' id='word_1_371' title='bbox 2136 2337 2289 2409; x_wconf 83' lang='grc' dir='ltr'>παρά</span> <span class='ocrx_word' id='word_1_372' title='bbox 2328 2355 2492 2390; x_wconf 87' lang='grc' dir='ltr'>τινων</span> <span class='ocrx_word' id='word_1_373' title='bbox 2544 2339 2918 2410; x_wconf 81' lang='grc' dir='ltr'>ἀντεγείρεται</span> <span class='ocrx_word' id='word_1_374' title='bbox 2982 2340 3112 2408; x_wconf 77' lang='grc' dir='ltr'>ἡμῖν</span> <span class='ocrx_word' id='word_1_375' title='bbox 3172 2338 3592 2410; x_wconf 82' lang='grc' dir='ltr'>θυσιαστήριον,</span> <span class='ocrx_word' id='word_1_376' title='bbox 3645 2341 3707 2403; x_wconf 81' lang='grc' dir='ltr'><strong>ὡς</strong></span> 
     </span>
    </p>
   </div>
   <div class='ocr_carea' id='block_1_54' title="bbox 2135 2424 3711 2499">
    <p class='ocr_par' dir='ltr' id='par_1_54' title="bbox 2135 2424 3711 2499">
     <span class='ocr_line' id='line_1_54' title="bbox 2135 2424 3711 2499; baseline -0.001 -16"><span class='ocrx_word' id='word_1_377' title='bbox 2135 2424 2291 2497; x_wconf 85' lang='grc' dir='ltr'>ἡμῶν</span> <span class='ocrx_word' id='word_1_378' title='bbox 2317 2425 2689 2497; x_wconf 79' lang='grc' dir='ltr'>βεδηλούντων</span> <span class='ocrx_word' id='word_1_379' title='bbox 2728 2427 2798 2480; x_wconf 83' lang='grc' dir='ltr'><strong>τὰ</strong></span> <span class='ocrx_word' id='word_1_380' title='bbox 2825 2427 2995 2495; x_wconf 68' lang='lat' dir='ltr'><strong>am;</strong></span> <span class='ocrx_word' id='word_1_381' title='bbox 3038 2427 3208 2499; x_wconf 78' lang='grc' dir='ltr'><strong>’Υπὲρ</strong></span> <span class='ocrx_word' id='word_1_382' title='bbox 3243 2428 3451 2482; x_wconf 83' lang='grc' dir='ltr'>τούτων</span> <span class='ocrx_word' id='word_1_383' title='bbox 3486 2431 3548 2483; x_wconf 82' lang='grc' dir='ltr'>ἐν</span> <span class='ocrx_word' id='word_1_384' title='bbox 3597 2431 3711 2498; x_wconf 70' lang='grc' dir='ltr'>φλε-</span> 
     </span>
    </p>
   </div>
   <div class='ocr_carea' id='block_1_55' title="bbox 2134 2516 3711 2591">
    <p class='ocr_par' dir='ltr' id='par_1_55' title="bbox 2134 2516 3711 2591">
     <span class='ocr_line' id='line_1_55' title="bbox 2134 2516 3711 2591; baseline 0.001 -19"><span class='ocrx_word' id='word_1_385' title='bbox 2134 2519 2311 2588; x_wconf 79' lang='grc' dir='ltr'>γμονῇ</span> <span class='ocrx_word' id='word_1_386' title='bbox 2331 2516 2427 2570; x_wconf 71' lang='grc' dir='ltr'>καὶ</span> <span class='ocrx_word' id='word_1_387' title='bbox 2451 2516 2595 2588; x_wconf 83' lang='grc' dir='ltr'><strong>λύπῃ</strong></span> <span class='ocrx_word' id='word_1_388' title='bbox 2633 2517 2732 2589; x_wconf 80' lang='grc' dir='ltr'><strong>τὴν</strong></span> <span class='ocrx_word' id='word_1_389' title='bbox 2754 2517 2980 2589; x_wconf 78' lang='grc' dir='ltr'>καρδίαν</span> <span class='ocrx_word' id='word_1_390' title='bbox 3002 2517 3163 2589; x_wconf 78' lang='grc' dir='ltr'>ἔχων,</span> <span class='ocrx_word' id='word_1_391' title='bbox 3192 2519 3328 2590; x_wconf 82' lang='grc' dir='ltr'>ὁμοῦ</span> <span class='ocrx_word' id='word_1_392' title='bbox 3352 2520 3435 2590; x_wconf 83' lang='grc' dir='ltr'>τῷ</span> <span class='ocrx_word' id='word_1_393' title='bbox 3462 2521 3711 2591; x_wconf 74' lang='grc' dir='ltr'>ἐπιϐῆναι</span> 
     </span>
    </p>
   </div>
   <div class='ocr_carea' id='block_1_56' title="bbox 2133 2607 3708 2682">
    <p class='ocr_par' dir='ltr' id='par_1_56' title="bbox 2133 2607 3708 2682">
     <span class='ocr_line' id='line_1_56' title="bbox 2133 2607 3708 2682; baseline 0.002 -23"><span class='ocrx_word' id='word_1_394' title='bbox 2133 2608 2232 2679; x_wconf 85' lang='grc' dir='ltr'><strong>τῆς</strong></span> <span class='ocrx_word' id='word_1_395' title='bbox 2271 2607 2676 2678; x_wconf 83' lang='grc' dir='ltr'>μητροπόλεως,</span> <span class='ocrx_word' id='word_1_396' title='bbox 2725 2608 3075 2662; x_wconf 84' lang='grc' dir='ltr'>ἀποκενῶσαι</span> <span class='ocrx_word' id='word_1_397' title='bbox 3115 2610 3214 2680; x_wconf 81' lang='grc' dir='ltr'><strong>τῆς</strong></span> <span class='ocrx_word' id='word_1_398' title='bbox 3257 2609 3441 2680; x_wconf 81' lang='grc' dir='ltr'>ψυχῆς</span> <span class='ocrx_word' id='word_1_399' title='bbox 3489 2610 3597 2682; x_wconf 73' lang='grc' dir='ltr'>τὴν</span> <span class='ocrx_word' id='word_1_400' title='bbox 3627 2629 3708 2664; x_wconf 79' lang='grc' dir='ltr'>πι-</span> 
     </span>
    </p>
   </div>
   <div class='ocr_carea' id='block_1_57' title="bbox 2135 2700 3711 2774">
    <p class='ocr_par' dir='ltr' id='par_1_57' title="bbox 2135 2700 3711 2774">
     <span class='ocr_line' id='line_1_57' title="bbox 2135 2700 3711 2774; baseline 0.001 -21"><span class='ocrx_word' id='word_1_401' title='bbox 2135 2701 2317 2772; x_wconf 86' lang='grc' dir='ltr'>κρίαν,</span> <span class='ocrx_word' id='word_1_402' title='bbox 2347 2701 2434 2754; x_wconf 80' lang='grc' dir='ltr'><strong>διὰ</strong></span> <span class='ocrx_word' id='word_1_403' title='bbox 2470 2701 2563 2755; x_wconf 80' lang='grc' dir='ltr'>τοῦ</span> <span class='ocrx_word' id='word_1_404' title='bbox 2596 2700 2804 2772; x_wconf 78' lang='grc' dir='ltr'>γράψαι</span> <span class='ocrx_word' id='word_1_405' title='bbox 2834 2700 2971 2771; x_wconf 85' lang='grc' dir='ltr'>πρὸς</span> <span class='ocrx_word' id='word_1_406' title='bbox 2994 2702 3094 2772; x_wconf 82' lang='grc' dir='ltr'>τὴν</span> <span class='ocrx_word' id='word_1_407' title='bbox 3122 2702 3341 2773; x_wconf 78' lang='grc' dir='ltr'>ἀγάπην</span> <span class='ocrx_word' id='word_1_408' title='bbox 3373 2703 3560 2772; x_wconf 85' lang='grc' dir='ltr'>ὑμῶν,</span> <span class='ocrx_word' id='word_1_409' title='bbox 3589 2721 3711 2774; x_wconf 64' lang='lat' dir='ltr'><strong>xpo-</strong></span> 
     </span>
    </p>
   </div>
   <div class='ocr_carea' id='block_1_58' title="bbox 2136 2782 3712 2869">
    <p class='ocr_par' dir='ltr' id='par_1_58' title="bbox 2136 2782 3712 2869">
     <span class='ocr_line' id='line_1_58' title="bbox 2136 2782 3712 2869; baseline 0.001 -24"><span class='ocrx_word' id='word_1_410' title='bbox 2136 2791 2432 2864; x_wconf 75' lang='grc' dir='ltr'>εθυμηθην.</span> <span class='ocrx_word' id='word_1_411' title='bbox 2449 2792 2640 2864; x_wconf 83' lang='grc' dir='ltr'>Ὑμεῖς</span> <span class='ocrx_word' id='word_1_412' title='bbox 2661 2793 2718 2845; x_wconf 87' lang='grc' dir='ltr'>δὲ</span> <span class='ocrx_word' id='word_1_413' title='bbox 2747 2793 2832 2862; x_wconf 78' lang='grc' dir='ltr'><strong>ἐφ’</strong></span> <span class='ocrx_word' id='word_1_414' title='bbox 2869 2782 3006 2864; x_wconf 74' lang='grc' dir='ltr'>ὃττερ</span> <span class='ocrx_word' id='word_1_415' title='bbox 3035 2792 3101 2847; x_wconf 83' lang='grc' dir='ltr'>ἂν</span> <span class='ocrx_word' id='word_1_416' title='bbox 3136 2793 3280 2864; x_wconf 80' lang='grc' dir='ltr'>ὑμᾶς</span> <span class='ocrx_word' id='word_1_417' title='bbox 3324 2798 3712 2869; x_wconf 71' lang='grc' dir='ltr'>χειραγωγήσῃ</span> 
     </span>
    </p>
   </div>
   <div class='ocr_carea' id='block_1_59' title="bbox 2134 2881 3712 2955">
    <p class='ocr_par' dir='ltr' id='par_1_59' title="bbox 2134 2881 3712 2955">
     <span class='ocr_line' id='line_1_59' title="bbox 2134 2881 3712 2955; baseline 0.003 -21"><span class='ocrx_word' id='word_1_418' title='bbox 2134 2881 2196 2935; x_wconf 87' lang='grc' dir='ltr'><strong>τὸ</strong></span> <span class='ocrx_word' id='word_1_419' title='bbox 2219 2881 2439 2952; x_wconf 80' lang='grc' dir='ltr'>Πνεῦμα</span> <span class='ocrx_word' id='word_1_420' title='bbox 2466 2883 2526 2936; x_wconf 74' lang='grc' dir='ltr'>τὸ</span> <span class='ocrx_word' id='word_1_421' title='bbox 2557 2884 2732 2951; x_wconf 82' lang='grc' dir='ltr'>ἆγιον,</span> <span class='ocrx_word' id='word_1_422' title='bbox 2759 2884 2818 2936; x_wconf 82' lang='grc' dir='ltr'>ὲν</span> <span class='ocrx_word' id='word_1_423' title='bbox 2839 2883 3033 2954; x_wconf 84' lang='grc' dir='ltr'>ἐκείνῳ</span> <span class='ocrx_word' id='word_1_424' title='bbox 3058 2883 3227 2955; x_wconf 82' lang='grc' dir='ltr'>εἴητε,</span> <span class='ocrx_word' id='word_1_425' title='bbox 3257 2884 3434 2938; x_wconf 81' lang='grc' dir='ltr'>ὀπίσω</span> <span class='ocrx_word' id='word_1_426' title='bbox 3460 2885 3561 2938; x_wconf 79' lang='grc' dir='ltr'><strong>τοῦ</strong></span> <span class='ocrx_word' id='word_1_427' title='bbox 3584 2887 3712 2938; x_wconf 72' lang='grc' dir='ltr'>Θεοῦ</span> 
     </span>
    </p>
   </div>
   <div class='ocr_carea' id='block_1_60' title="bbox 459 2972 2031 3051">
    <p class='ocr_par' dir='ltr' id='par_1_60' title="bbox 459 2978 2031 3051">
     <span class='ocr_line' id='line_1_60' title="bbox 459 2978 2031 3051; baseline -0.003 -15"><span class='ocrx_word' id='word_1_428' title='bbox 459 2989 712 3042; x_wconf 84' lang='lat' dir='ltr'><strong>struant,</strong></span> <span class='ocrx_word' id='word_1_429' title='bbox 759 2981 915 3050; x_wconf 88' lang='lat' dir='ltr'><strong>quasi</strong></span> <span class='ocrx_word' id='word_1_430' title='bbox 964 2980 1067 3050; x_wconf 88' lang='lat' dir='ltr'><strong>ipsi</strong></span> <span class='ocrx_word' id='word_1_431' title='bbox 1111 2989 1299 3035; x_wconf 87' lang='lat' dir='ltr'><strong>sancta</strong></span> <span class='ocrx_word' id='word_1_432' title='bbox 1353 2980 1764 3051; x_wconf 82' lang='lat' dir='ltr'><strong>pollueremus?</strong></span> <span class='ocrx_word' id='word_1_433' title='bbox 1807 2978 2031 3049; x_wconf 87' lang='lat' dir='ltr'><strong>Propter</strong></span> 
     </span>
    </p>
   </div>
   <div class='ocr_carea' id='block_1_61' title="bbox 2132 2972 3710 3051">
    <p class='ocr_par' dir='ltr' id='par_1_61' title="bbox 2137 2972 3710 3048">
     <span class='ocr_line' id='line_1_61' title="bbox 2137 2972 3710 3048; baseline 0.002 -22"><span class='ocrx_word' id='word_1_434' title='bbox 2137 2972 2521 3046; x_wconf 81' lang='grc' dir='ltr'>πορευόμεναι,</span> <span class='ocrx_word' id='word_1_435' title='bbox 2553 2975 2718 3046; x_wconf 78' lang='grc' dir='ltr'>σαρκὶ</span> <span class='ocrx_word' id='word_1_436' title='bbox 2741 2975 2796 3028; x_wconf 79' lang='grc' dir='ltr'>δὲ</span> <span class='ocrx_word' id='word_1_437' title='bbox 2819 2976 2912 3028; x_wconf 80' lang='grc' dir='ltr'>καὶ</span> <span class='ocrx_word' id='word_1_438' title='bbox 2936 2976 3128 3046; x_wconf 76' lang='grc' dir='ltr'>αἵματι</span> <span class='ocrx_word' id='word_1_439' title='bbox 3157 2975 3234 3048; x_wconf 81' lang='grc' dir='ltr'>μὴ</span> <span class='ocrx_word' id='word_1_440' title='bbox 3256 2977 3710 3048; x_wconf 78' lang='grc' dir='ltr'>προσανέχουσαι,</span> 
     </span>
    </p>
   </div>
   <div class='ocr_carea' id='block_1_62' title="bbox 461 3064 2031 3141">
    <p class='ocr_par' dir='ltr' id='par_1_62' title="bbox 461 3069 2031 3141">
     <span class='ocr_line' id='line_1_62' title="bbox 461 3069 2031 3141; baseline 0.001 -17"><span class='ocrx_word' id='word_1_441' title='bbox 461 3071 568 3126; x_wconf 87' lang='lat' dir='ltr'><strong>ista</strong></span> <span class='ocrx_word' id='word_1_442' title='bbox 610 3085 736 3125; x_wconf 89' lang='lat' dir='ltr'><strong>cum</strong></span> <span class='ocrx_word' id='word_1_443' title='bbox 763 3071 1002 3126; x_wconf 78' lang='lat' dir='ltr'><strong>excitata</strong></span> <span class='ocrx_word' id='word_1_444' title='bbox 1038 3070 1170 3124; x_wconf 89' lang='lat' dir='ltr'><strong>mihi</strong></span> <span class='ocrx_word' id='word_1_445' title='bbox 1219 3070 1346 3125; x_wconf 90' lang='lat' dir='ltr'><strong>bilis</strong></span> <span class='ocrx_word' id='word_1_446' title='bbox 1390 3078 1570 3133; x_wconf 84' lang='lat' dir='ltr'><strong>esset,</strong></span> <span class='ocrx_word' id='word_1_447' title='bbox 1613 3080 1668 3124; x_wconf 90' lang='lat' dir='ltr'><strong>ct</strong></span> <span class='ocrx_word' id='word_1_448' title='bbox 1699 3070 1855 3141; x_wconf 82' lang='lat' dir='ltr'><strong>dolor</strong></span> <span class='ocrx_word' id='word_1_449' title='bbox 1882 3069 2031 3125; x_wconf 88' lang='lat' dir='ltr'><strong>cordi</strong></span> 
     </span>
    </p>
   </div>
   <div class='ocr_carea' id='block_1_63' title="bbox 2132 3064 3712 3141">
    <p class='ocr_par' dir='ltr' id='par_1_63' title="bbox 2141 3064 3712 3137">
     <span class='ocr_line' id='line_1_63' title="bbox 2141 3064 3712 3137; baseline 0.001 -19"><span class='ocrx_word' id='word_1_450' title='bbox 2141 3064 2274 3136; x_wconf 77' lang='grc' dir='ltr'>μηδὲ</span> <span class='ocrx_word' id='word_1_451' title='bbox 2309 3065 2564 3136; x_wconf 82' lang='grc' dir='ltr'>ἀφορμὴν</span> <span class='ocrx_word' id='word_1_452' title='bbox 2596 3065 3116 3136; x_wconf 78' lang='grc' dir='ltr'>παρασκευάζουσαι</span> <span class='ocrx_word' id='word_1_453' title='bbox 3160 3085 3270 3120; x_wconf 88' lang='grc' dir='ltr'>τισι</span> <span class='ocrx_word' id='word_1_454' title='bbox 3313 3069 3712 3137; x_wconf 81' lang='grc' dir='ltr'>καυχήματος.</span> 
     </span>
    </p>
   </div>
   <div class='ocr_carea' id='block_1_64' title="bbox 459 3122 2031 3232">
    <p class='ocr_par' dir='ltr' id='par_1_64' title="bbox 459 3161 2031 3232">
     <span class='ocr_line' id='line_1_64' title="bbox 459 3161 2031 3232; baseline -0.001 -14"><span class='ocrx_word' id='word_1_455' title='bbox 459 3163 712 3228; x_wconf 80' lang='lat' dir='ltr'><strong>obortus.</strong></span> <span class='ocrx_word' id='word_1_456' title='bbox 735 3161 900 3218; x_wconf 85' lang='lat' dir='ltr'><strong>simul</strong></span> <span class='ocrx_word' id='word_1_457' title='bbox 929 3178 993 3217; x_wconf 89' lang='lat' dir='ltr'><strong>ac</strong></span> <span class='ocrx_word' id='word_1_458' title='bbox 1018 3177 1269 3218; x_wconf 87' lang='lat' dir='ltr'><strong>reversus</strong></span> <span class='ocrx_word' id='word_1_459' title='bbox 1300 3162 1490 3231; x_wconf 87' lang='lat' dir='ltr'><strong>pedem</strong></span> <span class='ocrx_word' id='word_1_460' title='bbox 1533 3163 1693 3232; x_wconf 87' lang='lat' dir='ltr'><strong>posui</strong></span> <span class='ocrx_word' id='word_1_461' title='bbox 1734 3162 1790 3217; x_wconf 94' lang='lat' dir='ltr'><strong>in</strong></span> <span class='ocrx_word' id='word_1_462' title='bbox 1835 3170 2031 3217; x_wconf 83' lang='lat' dir='ltr'><strong>metro-</strong></span> 
     </span>
    </p>
   </div>
   <div class='ocr_carea' id='block_1_65' title="bbox 2132 3122 3713 3232">
    <p class='ocr_par' dir='ltr' id='par_1_65' title="bbox 2139 3122 3713 3229">
     <span class='ocr_line' id='line_1_65' title="bbox 2139 3122 3713 3229; baseline 0.001 -21"><span class='ocrx_word' id='word_1_463' title='bbox 2139 3122 2225 3208; x_wconf 66' lang='grc' dir='ltr'><strong>ίνα</strong></span> <span class='ocrx_word' id='word_1_464' title='bbox 2256 3156 2332 3227; x_wconf 78' lang='grc' dir='ltr'>μὴ</span> <span class='ocrx_word' id='word_1_465' title='bbox 2351 3122 2565 3226; x_wconf 42' lang='grc' dir='ltr'>ἐνιέμίν</span> <span class='ocrx_word' id='word_1_466' title='bbox 2593 3122 2997 3228; x_wconf 74' lang='grc' dir='ltr'>καυχήσωνται,</span> <span class='ocrx_word' id='word_1_467' title='bbox 3025 3158 3113 3211; x_wconf 69' lang='grc' dir='ltr'>διὰ</span> <span class='ocrx_word' id='word_1_468' title='bbox 3135 3158 3229 3211; x_wconf 81' lang='grc' dir='ltr'>τοῦ</span> <span class='ocrx_word' id='word_1_469' title='bbox 3289 3122 3571 3229; x_wconf 48' lang='grc' dir='ltr'>ὑμετέρου</span> <span class='ocrx_word' id='word_1_470' title='bbox 3606 3122 3713 3228; x_wconf 59' lang='grc' dir='ltr'><strong>βίᾹᾷ</strong></span> 
     </span>
    </p>
   </div>
   <div class='ocr_carea' id='block_1_66' title="bbox 459 3248 2031 3323">
    <p class='ocr_par' dir='ltr' id='par_1_66' title="bbox 459 3251 2031 3323">
     <span class='ocr_line' id='line_1_66' title="bbox 459 3251 2031 3323; baseline 0.001 -16"><span class='ocrx_word' id='word_1_471' title='bbox 459 3253 602 3323; x_wconf 88' lang='lat' dir='ltr'><strong>poli,</strong></span> <span class='ocrx_word' id='word_1_472' title='bbox 625 3253 948 3308; x_wconf 80' lang='lat' dir='ltr'><strong>faciendum</strong></span> <span class='ocrx_word' id='word_1_473' title='bbox 977 3253 1130 3313; x_wconf 80' lang='lat' dir='ltr'><strong>duxi.</strong></span> <span class='ocrx_word' id='word_1_474' title='bbox 1177 3260 1238 3306; x_wconf 92' lang='lat' dir='ltr'><strong>ut</strong></span> <span class='ocrx_word' id='word_1_475' title='bbox 1281 3252 1477 3309; x_wconf 83' lang='lat' dir='ltr'><strong>litteris</strong></span> <span class='ocrx_word' id='word_1_476' title='bbox 1506 3251 1573 3308; x_wconf 87' lang='lat' dir='ltr'><strong>ad</strong></span> <span class='ocrx_word' id='word_1_477' title='bbox 1604 3269 1703 3308; x_wconf 91' lang='lat' dir='ltr'><strong>vos</strong></span> <span class='ocrx_word' id='word_1_478' title='bbox 1729 3252 2031 3309; x_wconf 83' lang='lat' dir='ltr'><strong>scribendis</strong></span> 
     </span>
    </p>
   </div>
   <div class='ocr_carea' id='block_1_67' title="bbox 2132 3248 3708 3323">
    <p class='ocr_par' dir='ltr' id='par_1_67' title="bbox 2133 3248 3708 3321">
     <span class='ocr_line' id='line_1_67' title="bbox 2133 3248 3708 3321; baseline -0.01 -16"><span class='ocrx_word' id='word_1_479' title='bbox 2133 3249 2235 3319; x_wconf 80' lang='grc' dir='ltr'><strong>τῆς</strong></span> <span class='ocrx_word' id='word_1_480' title='bbox 2293 3248 2597 3318; x_wconf 77' lang='grc' dir='ltr'>φιλοδοξίας</span> <span class='ocrx_word' id='word_1_481' title='bbox 2654 3249 2836 3302; x_wconf 77' lang='grc' dir='ltr'>αὐτῶν</span> <span class='ocrx_word' id='word_1_482' title='bbox 2894 3250 3366 3321; x_wconf 80' lang='grc' dir='ltr'>ὲπαυξανομένης.</span> <span class='ocrx_word' id='word_1_483' title='bbox 3432 3251 3708 3320; x_wconf 71' lang='grc' dir='ltr'>’Δναμνή.</span> 
     </span>
    </p>
   </div>
   <div class='ocr_carea' id='block_1_68' title="bbox 461 3337 2031 3418">
    <p class='ocr_par' dir='ltr' id='par_1_68' title="bbox 461 3341 2031 3414">
     <span class='ocr_line' id='line_1_68' title="bbox 461 3341 2031 3414; baseline 0.002 -18"><span class='ocrx_word' id='word_1_484' title='bbox 461 3341 811 3399; x_wconf 85' lang='lat' dir='ltr'><strong>acerbitatem</strong></span> <span class='ocrx_word' id='word_1_485' title='bbox 843 3344 1011 3398; x_wconf 88' lang='lat' dir='ltr'><strong>animi</strong></span> <span class='ocrx_word' id='word_1_486' title='bbox 1037 3344 1144 3400; x_wconf 90' lang='lat' dir='ltr'><strong>mei</strong></span> <span class='ocrx_word' id='word_1_487' title='bbox 1183 3344 1555 3400; x_wconf 74' lang='lat' dir='ltr'><strong>exhaurirem.</strong></span> <span class='ocrx_word' id='word_1_488' title='bbox 1585 3342 1694 3400; x_wconf 87' lang='lat' dir='ltr'><strong>Vos</strong></span> <span class='ocrx_word' id='word_1_489' title='bbox 1726 3359 1874 3405; x_wconf 88' lang='lat' dir='ltr'><strong>vero,</strong></span> <span class='ocrx_word' id='word_1_490' title='bbox 1926 3359 2031 3414; x_wconf 88' lang='lat' dir='ltr'><strong>quo</strong></span> 
     </span>
    </p>
   </div>
   <div class='ocr_carea' id='block_1_69' title="bbox 2132 3337 3803 3418">
    <p class='ocr_par' dir='ltr' id='par_1_69' title="bbox 2138 3337 3803 3418">
     <span class='ocr_line' id='line_1_69' title="bbox 2138 3337 3803 3418; baseline 0.001 -26"><span class='ocrx_word' id='word_1_491' title='bbox 2138 3339 2306 3412; x_wconf 87' lang='grc' dir='ltr'>σθητε</span> <span class='ocrx_word' id='word_1_492' title='bbox 2362 3340 2472 3395; x_wconf 82' lang='grc' dir='ltr'><strong>τῶν</strong></span> <span class='ocrx_word' id='word_1_493' title='bbox 2519 3340 2689 3411; x_wconf 82' lang='grc' dir='ltr'>ἁγίων</span> <span class='ocrx_word' id='word_1_494' title='bbox 2744 3342 3024 3413; x_wconf 84' lang='grc' dir='ltr'>Πατέρων,</span> <span class='ocrx_word' id='word_1_495' title='bbox 3068 3337 3150 3406; x_wconf 75' lang='grc' dir='ltr'>οἷς</span> <span class='ocrx_word' id='word_1_496' title='bbox 3184 3341 3334 3414; x_wconf 81' lang='grc' dir='ltr'>παρὰ</span> <span class='ocrx_word' id='word_1_497' title='bbox 3382 3341 3482 3394; x_wconf 81' lang='grc' dir='ltr'><strong>τοῦ</strong></span> <span class='ocrx_word' id='word_1_498' title='bbox 3542 3359 3714 3412; x_wconf 82' lang='grc' dir='ltr'>μακα·</span> <span class='ocrx_word' id='word_1_499' title='bbox 3801 3407 3803 3418; x_wconf 24' lang='grc'><strong><em>4</em></strong></span> 
     </span>
    </p>
   </div>
   <div class='ocr_carea' id='block_1_70' title="bbox 460 3428 2031 3506">
    <p class='ocr_par' dir='ltr' id='par_1_70' title="bbox 460 3435 2031 3506">
     <span class='ocr_line' id='line_1_70' title="bbox 460 3435 2031 3506; baseline 0.002 -17"><span class='ocrx_word' id='word_1_500' title='bbox 460 3435 805 3492; x_wconf 74' lang='grc' dir='ltr'>ἁωιιοοιιιὶιιί</span> <span class='ocrx_word' id='word_1_501' title='bbox 834 3450 865 3490; x_wconf 87' lang='lat' dir='ltr'><strong>a</strong></span> <span class='ocrx_word' id='word_1_502' title='bbox 893 3435 1099 3505; x_wconf 83' lang='lat' dir='ltr'><strong>Spiritu</strong></span> <span class='ocrx_word' id='word_1_503' title='bbox 1139 3446 1354 3500; x_wconf 85' lang='lat' dir='ltr'><strong>sancto,</strong></span> <span class='ocrx_word' id='word_1_504' title='bbox 1389 3436 1446 3490; x_wconf 91' lang='lat' dir='ltr'><strong>in</strong></span> <span class='ocrx_word' id='word_1_505' title='bbox 1474 3451 1541 3491; x_wconf 90' lang='lat' dir='ltr'><strong>eo</strong></span> <span class='ocrx_word' id='word_1_506' title='bbox 1577 3444 1794 3491; x_wconf 88' lang='lat' dir='ltr'><strong>manete</strong></span> <span class='ocrx_word' id='word_1_507' title='bbox 1822 3453 1836 3489; x_wconf 91' lang='lat'><strong>:</strong></span> <span class='ocrx_word' id='word_1_508' title='bbox 1890 3451 2031 3506; x_wconf 91' lang='lat' dir='ltr'><strong>pone</strong></span> 
     </span>
    </p>
   </div>
   <div class='ocr_carea' id='block_1_71' title="bbox 2132 3428 3714 3506">
    <p class='ocr_par' dir='ltr' id='par_1_71' title="bbox 2137 3428 3714 3505">
     <span class='ocr_line' id='line_1_71' title="bbox 2137 3428 3714 3505; baseline -0.001 -20"><span class='ocrx_word' id='word_1_509' title='bbox 2137 3431 2250 3503; x_wconf 83' lang='grc' dir='ltr'>ρίου</span> <span class='ocrx_word' id='word_1_510' title='bbox 2279 3433 2483 3504; x_wconf 82' lang='grc' dir='ltr'>πατρὸς</span> <span class='ocrx_word' id='word_1_511' title='bbox 2523 3433 2676 3505; x_wconf 84' lang='grc' dir='ltr'>ὑμῶν</span> <span class='ocrx_word' id='word_1_512' title='bbox 2702 3433 3122 3505; x_wconf 71' lang='grc' dir='ltr'>ἐνεχειρίσθη-ιε,</span> <span class='ocrx_word' id='word_1_513' title='bbox 3157 3428 3231 3488; x_wconf 83' lang='grc' dir='ltr'>ὧν</span> <span class='ocrx_word' id='word_1_514' title='bbox 3261 3434 3354 3486; x_wconf 79' lang='grc' dir='ltr'>καὶ</span> <span class='ocrx_word' id='word_1_515' title='bbox 3379 3435 3549 3505; x_wconf 78' lang='grc' dir='ltr'>ἡμεῖς</span> <span class='ocrx_word' id='word_1_516' title='bbox 3581 3432 3714 3484; x_wconf 70' lang='grc' dir='ltr'>κατὰ</span> 
     </span>
    </p>
   </div>
   <div class='ocr_carea' id='block_1_72' title="bbox 461 3523 2031 3598">
    <p class='ocr_par' dir='ltr' id='par_1_72' title="bbox 461 3525 2030 3598">
     <span class='ocr_line' id='line_1_72' title="bbox 461 3525 2030 3598; baseline 0.001 -18"><span class='ocrx_word' id='word_1_517' title='bbox 461 3525 754 3583; x_wconf 83' lang='lat' dir='ltr'><strong>Dominum</strong></span> <span class='ocrx_word' id='word_1_518' title='bbox 786 3527 1181 3598; x_wconf 81' lang='lat' dir='ltr'><strong>ingredientes.</strong></span> <span class='ocrx_word' id='word_1_519' title='bbox 1211 3529 1363 3582; x_wconf 88' lang='lat' dir='ltr'><strong>carni</strong></span> <span class='ocrx_word' id='word_1_520' title='bbox 1389 3536 1443 3583; x_wconf 91' lang='lat' dir='ltr'><strong>et</strong></span> <span class='ocrx_word' id='word_1_521' title='bbox 1473 3527 1724 3598; x_wconf 80' lang='lat' dir='ltr'><strong>sanguini</strong></span> <span class='ocrx_word' id='word_1_522' title='bbox 1777 3542 1890 3582; x_wconf 92' lang='lat' dir='ltr'><strong>non</strong></span> <span class='ocrx_word' id='word_1_523' title='bbox 1937 3542 2030 3582; x_wconf 88' lang='lat' dir='ltr'><strong>ac-</strong></span> 
     </span>
    </p>
   </div>
   <div class='ocr_carea' id='block_1_73' title="bbox 2132 3523 3714 3598">
    <p class='ocr_par' dir='ltr' id='par_1_73' title="bbox 2132 3523 3714 3598">
     <span class='ocr_line' id='line_1_73' title="bbox 2132 3523 3714 3598; baseline -0.001 -21"><span class='ocrx_word' id='word_1_524' title='bbox 2132 3524 2266 3578; x_wconf 81' lang='grc' dir='ltr'><strong>Θεοῦ</strong></span> <span class='ocrx_word' id='word_1_525' title='bbox 2294 3525 2454 3598; x_wconf 83' lang='grc' dir='ltr'>χάριν</span> <span class='ocrx_word' id='word_1_526' title='bbox 2495 3525 2594 3597; x_wconf 80' lang='grc' dir='ltr'><strong>τὴν</strong></span> <span class='ocrx_word' id='word_1_527' title='bbox 2643 3526 2893 3598; x_wconf 77' lang='grc' dir='ltr'>διαδοχὴν</span> <span class='ocrx_word' id='word_1_528' title='bbox 2949 3527 3095 3597; x_wconf 79' lang='grc' dir='ltr'>ἔχειν</span> <span class='ocrx_word' id='word_1_529' title='bbox 3126 3523 3576 3596; x_wconf 80' lang='grc' dir='ltr'>κατηξιώθημεν.</span> <span class='ocrx_word' id='word_1_530' title='bbox 3611 3525 3714 3577; x_wconf 75' lang='grc' dir='ltr'><strong>Καὶ</strong></span> 
     </span>
    </p>
   </div>
   <div class='ocr_carea' id='block_1_74' title="bbox 461 3615 2031 3690">
    <p class='ocr_par' dir='ltr' id='par_1_74' title="bbox 461 3617 2031 3688">
     <span class='ocr_line' id='line_1_74' title="bbox 461 3617 2031 3688; baseline 0.003 -18"><span class='ocrx_word' id='word_1_531' title='bbox 461 3617 834 3688; x_wconf 86' lang='lat' dir='ltr'><strong>quiescentes,</strong></span> <span class='ocrx_word' id='word_1_532' title='bbox 859 3633 1039 3688; x_wconf 91' lang='lat' dir='ltr'><strong>neque</strong></span> <span class='ocrx_word' id='word_1_533' title='bbox 1067 3618 1415 3673; x_wconf 86' lang='lat' dir='ltr'><strong>occasionem</strong></span> <span class='ocrx_word' id='word_1_534' title='bbox 1447 3617 1718 3688; x_wconf 86' lang='lat' dir='ltr'><strong>gloriandi</strong></span> <span class='ocrx_word' id='word_1_535' title='bbox 1749 3618 2031 3675; x_wconf 79' lang='lat' dir='ltr'><strong>nonnullis</strong></span> 
     </span>
    </p>
   </div>
   <div class='ocr_carea' id='block_1_75' title="bbox 2132 3615 3710 3690">
    <p class='ocr_par' dir='ltr' id='par_1_75' title="bbox 2135 3615 3710 3690">
     <span class='ocr_line' id='line_1_75' title="bbox 2135 3615 3710 3690; baseline -0.003 -20"><span class='ocrx_word' id='word_1_536' title='bbox 2135 3617 2211 3687; x_wconf 82' lang='grc' dir='ltr'>μὴ</span> <span class='ocrx_word' id='word_1_537' title='bbox 2245 3617 2528 3690; x_wconf 86' lang='grc' dir='ltr'>μεταίρετε</span> <span class='ocrx_word' id='word_1_538' title='bbox 2551 3619 2694 3688; x_wconf 82' lang='grc' dir='ltr'>ὅρια,</span> <span class='ocrx_word' id='word_1_539' title='bbox 2724 3617 2759 3672; x_wconf 75' lang='grc' dir='ltr'>ἃ</span> <span class='ocrx_word' id='word_1_540' title='bbox 2781 3617 2964 3671; x_wconf 80' lang='grc' dir='ltr'>ἔθεντο</span> <span class='ocrx_word' id='word_1_541' title='bbox 2988 3618 3036 3670; x_wconf 81' lang='grc' dir='ltr'>οἱ</span> <span class='ocrx_word' id='word_1_542' title='bbox 3061 3615 3305 3687; x_wconf 84' lang='grc' dir='ltr'>Πατέρες</span> <span class='ocrx_word' id='word_1_543' title='bbox 3333 3615 3517 3687; x_wconf 83' lang='grc' dir='ltr'>ἡμῶν,</span> <span class='ocrx_word' id='word_1_544' title='bbox 3543 3615 3710 3686; x_wconf 72' lang='grc' dir='ltr'>μηδὲν</span> 
     </span>
    </p>
   </div>
   <div class='ocr_carea' id='block_1_76' title="bbox 461 3706 2031 3782">
    <p class='ocr_par' dir='ltr' id='par_1_76' title="bbox 461 3706 2031 3780">
     <span class='ocr_line' id='line_1_76' title="bbox 461 3706 2031 3780; baseline -0.001 -17"><span class='ocrx_word' id='word_1_545' title='bbox 461 3707 767 3779; x_wconf 67' lang='lat' dir='ltr'><strong>praebentes</strong></span> <span class='ocrx_word' id='word_1_546' title='bbox 789 3747 805 3770; x_wconf 91' lang='lat'><strong>.</strong></span> <span class='ocrx_word' id='word_1_547' title='bbox 838 3715 896 3762; x_wconf 88' lang='lat' dir='ltr'><strong>ut</strong></span> <span class='ocrx_word' id='word_1_548' title='bbox 925 3724 993 3762; x_wconf 92' lang='lat' dir='ltr'><strong>ne</strong></span> <span class='ocrx_word' id='word_1_549' title='bbox 1013 3707 1223 3776; x_wconf 86' lang='lat' dir='ltr'><strong>jactent</strong></span> <span class='ocrx_word' id='word_1_550' title='bbox 1255 3723 1315 3764; x_wconf 87' lang='lat' dir='ltr'><strong>se</strong></span> <span class='ocrx_word' id='word_1_551' title='bbox 1341 3706 1410 3762; x_wconf 90' lang='lat' dir='ltr'><strong>de</strong></span> <span class='ocrx_word' id='word_1_552' title='bbox 1437 3707 1609 3770; x_wconf 84' lang='lat' dir='ltr'><strong>vobis,</strong></span> <span class='ocrx_word' id='word_1_553' title='bbox 1643 3721 1780 3763; x_wconf 88' lang='lat' dir='ltr'><strong>neve</strong></span> <span class='ocrx_word' id='word_1_554' title='bbox 1812 3717 2031 3780; x_wconf 85' lang='lat' dir='ltr'><strong>propter</strong></span> 
     </span>
    </p>
   </div>
   <div class='ocr_carea' id='block_1_77' title="bbox 2132 3706 3711 3782">
    <p class='ocr_par' dir='ltr' id='par_1_77' title="bbox 2139 3707 3711 3782">
     <span class='ocr_line' id='line_1_77' title="bbox 2139 3707 3711 3782; baseline -0.003 -18"><span class='ocrx_word' id='word_1_555' title='bbox 2139 3711 2434 3780; x_wconf 78' lang='grc' dir='ltr'>ἀτιμάζετε</span> <span class='ocrx_word' id='word_1_556' title='bbox 2467 3711 2560 3764; x_wconf 83' lang='grc' dir='ltr'><strong>τὸν</strong></span> <span class='ocrx_word' id='word_1_557' title='bbox 2619 3709 2930 3782; x_wconf 82' lang='grc' dir='ltr'>ἰδιωτισμὺν</span> <span class='ocrx_word' id='word_1_558' title='bbox 2962 3708 3056 3763; x_wconf 75' lang='grc' dir='ltr'>τοῦ</span> <span class='ocrx_word' id='word_1_559' title='bbox 3100 3709 3472 3779; x_wconf 79' lang='grc' dir='ltr'>άπλουστέρου</span> <span class='ocrx_word' id='word_1_560' title='bbox 3509 3707 3711 3778; x_wconf 78' lang='grc' dir='ltr'>κηρύγ·</span> 
     </span>
    </p>
   </div>
   <div class='ocr_carea' id='block_1_78' title="bbox 460 3799 2031 3874">
    <p class='ocr_par' dir='ltr' id='par_1_78' title="bbox 460 3799 2031 3870">
     <span class='ocr_line' id='line_1_78' title="bbox 460 3799 2031 3870; baseline -0.001 -14"><span class='ocrx_word' id='word_1_561' title='bbox 460 3810 702 3858; x_wconf 86' lang='lat' dir='ltr'><strong>vestram</strong></span> <span class='ocrx_word' id='word_1_562' title='bbox 735 3802 906 3856; x_wconf 85' lang='lat' dir='ltr'><strong>vitam</strong></span> <span class='ocrx_word' id='word_1_563' title='bbox 937 3841 950 3861; x_wconf 83' lang='lat'><strong>.</strong></span> <span class='ocrx_word' id='word_1_564' title='bbox 982 3799 1207 3855; x_wconf 88' lang='lat' dir='ltr'><strong>ambitio</strong></span> <span class='ocrx_word' id='word_1_565' title='bbox 1254 3800 1496 3870; x_wconf 88' lang='lat' dir='ltr'><strong>ipsorum</strong></span> <span class='ocrx_word' id='word_1_566' title='bbox 1524 3799 1701 3869; x_wconf 85' lang='lat' dir='ltr'><strong>capiat</strong></span> <span class='ocrx_word' id='word_1_567' title='bbox 1729 3799 2031 3855; x_wconf 85' lang='lat' dir='ltr'><strong>incremen-</strong></span> 
     </span>
    </p>
   </div>
   <div class='ocr_carea' id='block_1_79' title="bbox 2132 3799 3707 3874">
    <p class='ocr_par' dir='ltr' id='par_1_79' title="bbox 2139 3801 3707 3874">
     <span class='ocr_line' id='line_1_79' title="bbox 2139 3801 3707 3874; baseline -0.002 -18"><span class='ocrx_word' id='word_1_568' title='bbox 2139 3821 2325 3873; x_wconf 83' lang='grc' dir='ltr'>ματος.</span> <span class='ocrx_word' id='word_1_569' title='bbox 2361 3804 2514 3874; x_wconf 82' lang='grc' dir='ltr'><strong>Μηδὲ</strong></span> <span class='ocrx_word' id='word_1_570' title='bbox 2543 3805 2817 3868; x_wconf 80' lang='grc' dir='ltr'>ποικίλαις</span> <span class='ocrx_word' id='word_1_571' title='bbox 2853 3805 3123 3874; x_wconf 82' lang='grc' dir='ltr'>διαδοχαῖς</span> <span class='ocrx_word' id='word_1_572' title='bbox 3156 3803 3218 3857; x_wconf 81' lang='grc' dir='ltr'><strong>τὸ</strong></span> <span class='ocrx_word' id='word_1_573' title='bbox 3250 3801 3414 3856; x_wconf 80' lang='grc' dir='ltr'>πλέον</span> <span class='ocrx_word' id='word_1_574' title='bbox 3447 3803 3672 3872; x_wconf 75' lang='grc' dir='ltr'>νείματε</span> <span class='ocrx_word' id='word_1_575' title='bbox 3693 3815 3707 3828; x_wconf 83' lang='lat'>&#39;</span> 
     </span>
    </p>
   </div>
   <div class='ocr_carea' id='block_1_80' title="bbox 461 3889 2031 3968">
    <p class='ocr_par' dir='ltr' id='par_1_80' title="bbox 461 3889 2031 3963">
     <span class='ocr_line' id='line_1_80' title="bbox 461 3889 2031 3963; baseline 0 -17"><span class='ocrx_word' id='word_1_576' title='bbox 461 3903 601 3948; x_wconf 92' lang='lat' dir='ltr'><strong>tum.</strong></span> <span class='ocrx_word' id='word_1_577' title='bbox 640 3892 824 3949; x_wconf 85' lang='lat' dir='ltr'><strong>Estote</strong></span> <span class='ocrx_word' id='word_1_578' title='bbox 855 3907 1127 3947; x_wconf 88' lang='lat' dir='ltr'><strong>memores</strong></span> <span class='ocrx_word' id='word_1_579' title='bbox 1183 3899 1498 3946; x_wconf 89' lang='lat' dir='ltr'><strong>sanctorum</strong></span> <span class='ocrx_word' id='word_1_580' title='bbox 1545 3889 1794 3955; x_wconf 86' lang='lat' dir='ltr'><strong>Patrum,</strong></span> <span class='ocrx_word' id='word_1_581' title='bbox 1835 3891 2031 3963; x_wconf 82' lang='lat' dir='ltr'><strong>quibus</strong></span> 
     </span>
    </p>
   </div>
   <div class='ocr_carea' id='block_1_81' title="bbox 2132 3889 3713 3968">
    <p class='ocr_par' dir='ltr' id='par_1_81' title="bbox 2135 3890 3713 3968">
     <span class='ocr_line' id='line_1_81' title="bbox 2135 3890 3713 3968; baseline -0.003 -22"><span class='ocrx_word' id='word_1_582' title='bbox 2135 3894 2270 3948; x_wconf 79' lang='grc' dir='ltr'>ἀλλά</span> <span class='ocrx_word' id='word_1_583' title='bbox 2301 3898 2562 3965; x_wconf 85' lang='grc' dir='ltr'>στοιχεῖτε</span> <span class='ocrx_word' id='word_1_584' title='bbox 2594 3895 2672 3966; x_wconf 77' lang='grc' dir='ltr'>τῷ</span> <span class='ocrx_word' id='word_1_585' title='bbox 2704 3896 2918 3968; x_wconf 82' lang='grc' dir='ltr'>ἀρχαίῳ</span> <span class='ocrx_word' id='word_1_586' title='bbox 2951 3895 3136 3948; x_wconf 86' lang='grc' dir='ltr'>κανόνι</span> <span class='ocrx_word' id='word_1_587' title='bbox 3173 3895 3272 3964; x_wconf 81' lang='grc' dir='ltr'><strong>τῆς</strong></span> <span class='ocrx_word' id='word_1_588' title='bbox 3305 3893 3546 3948; x_wconf 74' lang='grc' dir='ltr'>πίστεως</span> <span class='ocrx_word' id='word_1_589' title='bbox 3565 3935 3580 3956; x_wconf 84' lang='lat'><strong>,</strong></span> <span class='ocrx_word' id='word_1_590' title='bbox 3629 3890 3713 3944; x_wconf 77' lang='grc' dir='ltr'>καὶ</span> 
     </span>
    </p>
   </div>
   <div class='ocr_carea' id='block_1_82' title="bbox 462 3982 2035 4054">
    <p class='ocr_par' dir='ltr' id='par_1_82' title="bbox 462 3982 2035 4054">
     <span class='ocr_line' id='line_1_82' title="bbox 462 3982 2035 4054; baseline -0.001 -16"><span class='ocrx_word' id='word_1_591' title='bbox 462 3983 860 4038; x_wconf 71' lang='lat' dir='ltr'><strong>commendatae</strong></span> <span class='ocrx_word' id='word_1_592' title='bbox 890 3982 1074 4039; x_wconf 81' lang='lat' dir='ltr'><strong>fuistis</strong></span> <span class='ocrx_word' id='word_1_593' title='bbox 1113 3997 1146 4036; x_wconf 91' lang='lat' dir='ltr'><strong>a</strong></span> <span class='ocrx_word' id='word_1_594' title='bbox 1189 3982 1352 4037; x_wconf 89' lang='lat' dir='ltr'><strong>beato</strong></span> <span class='ocrx_word' id='word_1_595' title='bbox 1382 3990 1538 4052; x_wconf 89' lang='lat' dir='ltr'><strong>patre</strong></span> <span class='ocrx_word' id='word_1_596' title='bbox 1567 3990 1772 4046; x_wconf 88' lang='lat' dir='ltr'><strong>vestro,</strong></span> <span class='ocrx_word' id='word_1_597' title='bbox 1806 3991 1860 4038; x_wconf 89' lang='lat' dir='ltr'><strong>et</strong></span> <span class='ocrx_word' id='word_1_598' title='bbox 1907 3999 2035 4054; x_wconf 88' lang='lat' dir='ltr'><strong>quo-</strong></span> 
     </span>
    </p>
   </div>
   <div class='ocr_carea' id='block_1_83' title="bbox 461 4075 2031 4147">
    <p class='ocr_par' dir='ltr' id='par_1_83' title="bbox 461 4075 2031 4147">
     <span class='ocr_line' id='line_1_83' title="bbox 461 4075 2031 4147; baseline -0.002 -13"><span class='ocrx_word' id='word_1_599' title='bbox 461 4094 585 4134; x_wconf 87' lang='lat' dir='ltr'><strong>rum</strong></span> <span class='ocrx_word' id='word_1_600' title='bbox 611 4078 666 4132; x_wconf 90' lang='lat' dir='ltr'><strong>iu</strong></span> <span class='ocrx_word' id='word_1_601' title='bbox 692 4078 874 4133; x_wconf 90' lang='lat' dir='ltr'><strong>locum</strong></span> <span class='ocrx_word' id='word_1_602' title='bbox 903 4076 1009 4147; x_wconf 86' lang='lat' dir='ltr'><strong>ipsi</strong></span> <span class='ocrx_word' id='word_1_603' title='bbox 1059 4084 1120 4133; x_wconf 87' lang='lat' dir='ltr'><strong>ut</strong></span> <span class='ocrx_word' id='word_1_604' title='bbox 1153 4075 1595 4138; x_wconf 86' lang='lat' dir='ltr'><strong>succedercmus,</strong></span> <span class='ocrx_word' id='word_1_605' title='bbox 1638 4090 1734 4145; x_wconf 86' lang='lat' dir='ltr'><strong>per</strong></span> <span class='ocrx_word' id='word_1_606' title='bbox 1766 4075 1860 4131; x_wconf 89' lang='lat' dir='ltr'><strong>Dei</strong></span> <span class='ocrx_word' id='word_1_607' title='bbox 1916 4076 2031 4131; x_wconf 88' lang='lat' dir='ltr'><strong>fac-</strong></span> 
     </span>
    </p>
   </div>
   <div class='ocr_carea' id='block_1_84' title="bbox 463 4168 2038 4243">
    <p class='ocr_par' dir='ltr' id='par_1_84' title="bbox 463 4168 2038 4243">
     <span class='ocr_line' id='line_1_84' title="bbox 463 4168 2038 4243; baseline -0.003 -17"><span class='ocrx_word' id='word_1_608' title='bbox 463 4182 581 4228; x_wconf 89' lang='lat' dir='ltr'><strong>tum</strong></span> <span class='ocrx_word' id='word_1_609' title='bbox 609 4179 694 4227; x_wconf 90' lang='lat' dir='ltr'><strong>est</strong></span> <span class='ocrx_word' id='word_1_610' title='bbox 717 4170 976 4243; x_wconf 86' lang='lat' dir='ltr'><strong>gratiam,</strong></span> <span class='ocrx_word' id='word_1_611' title='bbox 1035 4186 1158 4239; x_wconf 70' lang='lat' dir='ltr'><strong>qua:</strong></span> <span class='ocrx_word' id='word_1_612' title='bbox 1189 4185 1256 4225; x_wconf 85' lang='lat' dir='ltr'><strong>eo</strong></span> <span class='ocrx_word' id='word_1_613' title='bbox 1284 4169 1493 4226; x_wconf 84' lang='lat' dir='ltr'><strong>honore</strong></span> <span class='ocrx_word' id='word_1_614' title='bbox 1544 4184 1647 4224; x_wconf 89' lang='lat' dir='ltr'><strong>nos</strong></span> <span class='ocrx_word' id='word_1_615' title='bbox 1704 4177 1790 4224; x_wconf 89' lang='lat' dir='ltr'><strong>est</strong></span> <span class='ocrx_word' id='word_1_616' title='bbox 1843 4168 2038 4240; x_wconf 85' lang='lat' dir='ltr'><strong>digna-</strong></span> 
     </span>
    </p>
   </div>
   <div class='ocr_carea' id='block_1_85' title="bbox 2141 4073 3713 4150">
    <p class='ocr_par' dir='ltr' id='par_1_85' title="bbox 2141 4073 3713 4150">
     <span class='ocr_line' id='line_1_85' title="bbox 2141 4073 3713 4150; baseline -0.003 -19"><span class='ocrx_word' id='word_1_617' title='bbox 2141 4078 2286 4150; x_wconf 79' lang='grc' dir='ltr'>ψυχῇ</span> <span class='ocrx_word' id='word_1_618' title='bbox 2313 4080 2406 4132; x_wconf 77' lang='grc' dir='ltr'>καὶ</span> <span class='ocrx_word' id='word_1_619' title='bbox 2434 4078 2750 4150; x_wconf 82' lang='grc' dir='ltr'>σώματι.⁹0</span> <span class='ocrx_word' id='word_1_620' title='bbox 2785 4080 2988 4150; x_wconf 82' lang='grc' dir='ltr'>Κύριος</span> <span class='ocrx_word' id='word_1_621' title='bbox 3024 4079 3284 4150; x_wconf 76' lang='grc' dir='ltr'>φυλάσσοι</span> <span class='ocrx_word' id='word_1_622' title='bbox 3324 4076 3471 4145; x_wconf 81' lang='grc' dir='ltr'>ὑμᾶς</span> <span class='ocrx_word' id='word_1_623' title='bbox 3512 4077 3573 4126; x_wconf 79' lang='grc' dir='ltr'>ὲν</span> <span class='ocrx_word' id='word_1_624' title='bbox 3622 4073 3713 4140; x_wconf 62' lang='grc' dir='ltr'><strong>ἀφ’</strong></span> 
     </span>
    </p>
   </div>
   <div class='ocr_carea' id='block_1_86' title="bbox 2143 4170 2886 4244">
    <p class='ocr_par' dir='ltr' id='par_1_86' title="bbox 2143 4170 2886 4244">
     <span class='ocr_line' id='line_1_86' title="bbox 2143 4170 2886 4244; baseline 0.004 -22"><span class='ocrx_word' id='word_1_625' title='bbox 2143 4170 2362 4244; x_wconf 73' lang='grc' dir='ltr'>θαρσία,</span> <span class='ocrx_word' id='word_1_626' title='bbox 2393 4171 2574 4235; x_wconf 86' lang='grc' dir='ltr'>καθὼς</span> <span class='ocrx_word' id='word_1_627' title='bbox 2594 4171 2886 4242; x_wconf 78' lang='grc' dir='ltr'>εὐχόμεθα.</span> 
     </span>
    </p>
   </div>
   <div class='ocr_carea' id='block_1_87' title="bbox 466 4255 3708 4332">
    <p class='ocr_par' dir='ltr' id='par_1_87' title="bbox 466 4255 3708 4332">
     <span class='ocr_line' id='line_1_87' title="bbox 466 4255 3708 4332; baseline -0.003 -15"><span class='ocrx_word' id='word_1_628' title='bbox 466 4270 544 4318; x_wconf 86' lang='lat' dir='ltr'><strong>ta.</strong></span> <span class='ocrx_word' id='word_1_629' title='bbox 592 4259 771 4316; x_wconf 87' lang='lat' dir='ltr'><strong>Nolite</strong></span> <span class='ocrx_word' id='word_1_630' title='bbox 804 4274 945 4330; x_wconf 89' lang='lat' dir='ltr'><strong>quos</strong></span> <span class='ocrx_word' id='word_1_631' title='bbox 974 4259 1163 4315; x_wconf 85' lang='lat' dir='ltr'><strong>Patres</strong></span> <span class='ocrx_word' id='word_1_632' title='bbox 1207 4259 1385 4313; x_wconf 89' lang='lat' dir='ltr'><strong>nostri</strong></span> <span class='ocrx_word' id='word_1_633' title='bbox 1436 4265 1736 4329; x_wconf 86' lang='lat' dir='ltr'><strong>posuerunt</strong></span> <span class='ocrx_word' id='word_1_634' title='bbox 1804 4257 2068 4312; x_wconf 87' lang='lat' dir='ltr'><strong>terminos</strong></span> <span class='ocrx_word' id='word_1_635' title='bbox 2105 4268 2336 4326; x_wconf 90' lang='lat' dir='ltr'><strong>mutare,</strong></span> <span class='ocrx_word' id='word_1_636' title='bbox 2403 4277 2580 4327; x_wconf 90' lang='lat' dir='ltr'><strong>neque</strong></span> <span class='ocrx_word' id='word_1_637' title='bbox 2630 4263 2998 4332; x_wconf 84' lang='lat' dir='ltr'><strong>aspernemini</strong></span> <span class='ocrx_word' id='word_1_638' title='bbox 3029 4258 3379 4330; x_wconf 85' lang='lat' dir='ltr'><strong>simplicioris</strong></span> <span class='ocrx_word' id='word_1_639' title='bbox 3447 4255 3708 4326; x_wconf 73' lang='lat' dir='ltr'><strong>praedica-</strong></span> 
     </span>
    </p>
   </div>
   <div class='ocr_carea' id='block_1_88' title="bbox 463 4343 3713 4423">
    <p class='ocr_par' dir='ltr' id='par_1_88' title="bbox 463 4343 3713 4423">
     <span class='ocr_line' id='line_1_88' title="bbox 463 4343 3713 4423; baseline -0.002 -18"><span class='ocrx_word' id='word_1_640' title='bbox 463 4351 634 4406; x_wconf 89' lang='lat' dir='ltr'><strong>tionis</strong></span> <span class='ocrx_word' id='word_1_641' title='bbox 665 4351 1027 4414; x_wconf 81' lang='lat' dir='ltr'><strong>idiotismum,</strong></span> <span class='ocrx_word' id='word_1_642' title='bbox 1090 4365 1269 4422; x_wconf 84' lang='lat' dir='ltr'><strong>neque</strong></span> <span class='ocrx_word' id='word_1_643' title='bbox 1297 4349 1564 4422; x_wconf 89' lang='lat' dir='ltr'><strong>potiorem</strong></span> <span class='ocrx_word' id='word_1_644' title='bbox 1632 4350 1833 4420; x_wconf 88' lang='lat' dir='ltr'><strong>putetis</strong></span> <span class='ocrx_word' id='word_1_645' title='bbox 1898 4348 2230 4414; x_wconf 82' lang='lat' dir='ltr'><strong>doctrinam,</strong></span> <span class='ocrx_word' id='word_1_646' title='bbox 2296 4368 2418 4421; x_wconf 69' lang='lat' dir='ltr'><strong>quae</strong></span> <span class='ocrx_word' id='word_1_647' title='bbox 2486 4369 2583 4423; x_wconf 87' lang='lat' dir='ltr'><strong>per</strong></span> <span class='ocrx_word' id='word_1_648' title='bbox 2636 4354 2816 4408; x_wconf 84' lang='lat' dir='ltr'><strong>varias</strong></span> <span class='ocrx_word' id='word_1_649' title='bbox 2870 4353 3248 4409; x_wconf 85' lang='lat' dir='ltr'><strong>successiones</strong></span> <span class='ocrx_word' id='word_1_650' title='bbox 3308 4350 3584 4409; x_wconf 87' lang='lat' dir='ltr'><strong>mulavit;</strong></span> <span class='ocrx_word' id='word_1_651' title='bbox 3626 4343 3713 4399; x_wconf 81' lang='lat' dir='ltr'><strong>sed</strong></span> 
     </span>
    </p>
   </div>
   <div class='ocr_carea' id='block_1_89' title="bbox 465 4437 3698 4519">
    <p class='ocr_par' dir='ltr' id='par_1_89' title="bbox 465 4437 3698 4519">
     <span class='ocr_line' id='line_1_89' title="bbox 465 4437 3698 4519; baseline -0.001 -19"><span class='ocrx_word' id='word_1_652' title='bbox 465 4448 703 4518; x_wconf 75' lang='lat' dir='ltr'><strong>antiqua:</strong></span> <span class='ocrx_word' id='word_1_653' title='bbox 730 4447 856 4503; x_wconf 79' lang='lat' dir='ltr'><strong>fidei</strong></span> <span class='ocrx_word' id='word_1_654' title='bbox 887 4448 1085 4518; x_wconf 78' lang='lat' dir='ltr'><strong>regula:</strong></span> <span class='ocrx_word' id='word_1_655' title='bbox 1116 4447 1422 4517; x_wconf 89' lang='lat' dir='ltr'><strong>congruite,</strong></span> <span class='ocrx_word' id='word_1_656' title='bbox 1448 4455 1504 4502; x_wconf 92' lang='lat' dir='ltr'><strong>et</strong></span> <span class='ocrx_word' id='word_1_657' title='bbox 1536 4445 1679 4501; x_wconf 88' lang='lat' dir='ltr'><strong>Deus</strong></span> <span class='ocrx_word' id='word_1_658' title='bbox 1712 4446 1864 4517; x_wconf 88' lang='lat' dir='ltr'><strong>pacis</strong></span> <span class='ocrx_word' id='word_1_659' title='bbox 1923 4445 2205 4502; x_wconf 87' lang='lat' dir='ltr'><strong>vobiscum</strong></span> <span class='ocrx_word' id='word_1_660' title='bbox 2239 4449 2365 4517; x_wconf 87' lang='lat' dir='ltr'><strong>erit,</strong></span> <span class='ocrx_word' id='word_1_661' title='bbox 2420 4457 2477 4504; x_wconf 89' lang='lat' dir='ltr'><strong>et</strong></span> <span class='ocrx_word' id='word_1_662' title='bbox 2534 4449 2716 4505; x_wconf 86' lang='lat' dir='ltr'><strong>animo</strong></span> <span class='ocrx_word' id='word_1_663' title='bbox 2792 4457 2846 4504; x_wconf 85' lang='lat' dir='ltr'><strong>et</strong></span> <span class='ocrx_word' id='word_1_664' title='bbox 2903 4463 3132 4519; x_wconf 87' lang='lat' dir='ltr'><strong>corpore</strong></span> <span class='ocrx_word' id='word_1_665' title='bbox 3193 4444 3531 4503; x_wconf 85' lang='lat' dir='ltr'><strong>valentibus.</strong></span> <span class='ocrx_word' id='word_1_666' title='bbox 3598 4437 3698 4493; x_wconf 45' lang='lat' dir='ltr'><strong>Do.</strong></span> 
     </span>
    </p>
   </div>
   <div class='ocr_carea' id='block_1_90' title="bbox 467 4539 1883 4612">
    <p class='ocr_par' dir='ltr' id='par_1_90' title="bbox 467 4539 1883 4612">
     <span class='ocr_line' id='line_1_90' title="bbox 467 4539 1883 4612; baseline 0.002 -17"><span class='ocrx_word' id='word_1_667' title='bbox 467 4539 654 4596; x_wconf 88' lang='lat' dir='ltr'><strong>minus</strong></span> <span class='ocrx_word' id='word_1_668' title='bbox 683 4554 788 4597; x_wconf 80' lang='lat' dir='ltr'><strong>vos</strong></span> <span class='ocrx_word' id='word_1_669' title='bbox 818 4549 1001 4599; x_wconf 73' lang='lat' dir='ltr'><strong>servet</strong></span> <span class='ocrx_word' id='word_1_670' title='bbox 1028 4542 1403 4612; x_wconf 81' lang='lat' dir='ltr'><strong>incorruptas,</strong></span> <span class='ocrx_word' id='word_1_671' title='bbox 1434 4539 1580 4598; x_wconf 86' lang='lat' dir='ltr'><strong>sicut</strong></span> <span class='ocrx_word' id='word_1_672' title='bbox 1609 4549 1883 4612; x_wconf 82' lang='lat' dir='ltr'><strong>optamus.</strong></span> 
     </span>
    </p>
   </div>
   <div class='ocr_carea' id='block_1_91' title="bbox 2141 3983 3803 4058">
    <p class='ocr_par' dir='ltr' id='par_1_91' title="bbox 2141 3983 3803 4058">
     <span class='ocr_line' id='line_1_91' title="bbox 2141 3983 3803 4058; baseline -0.004 -19"><span class='ocrx_word' id='word_1_673' title='bbox 2141 3987 2171 4039; x_wconf 83' lang='grc' dir='ltr'>ὁ</span> <span class='ocrx_word' id='word_1_674' title='bbox 2201 3987 2332 4050; x_wconf 85' lang='grc' dir='ltr'>Θεὸς</span> <span class='ocrx_word' id='word_1_675' title='bbox 2377 3987 2479 4056; x_wconf 83' lang='grc' dir='ltr'><strong>τῆς</strong></span> <span class='ocrx_word' id='word_1_676' title='bbox 2527 3990 2751 4058; x_wconf 76' lang='grc' dir='ltr'>εἰρήνης</span> <span class='ocrx_word' id='word_1_677' title='bbox 2801 3987 2953 4040; x_wconf 84' lang='grc' dir='ltr'>ἔσται</span> <span class='ocrx_word' id='word_1_678' title='bbox 3005 3985 3123 4056; x_wconf 85' lang='grc' dir='ltr'>μεθ’</span> <span class='ocrx_word' id='word_1_679' title='bbox 3174 3986 3328 4055; x_wconf 81' lang='grc' dir='ltr'>ὑμῶν</span> <span class='ocrx_word' id='word_1_680' title='bbox 3388 3983 3713 4054; x_wconf 65' lang='grc' dir='ltr'>ἐρρωμένων</span> <span class='ocrx_word' id='word_1_681' title='bbox 3799 4021 3803 4048; x_wconf 44' lang='grc' dir='ltr'>ι</span> 
     </span>
    </p>
   </div>
  </div>
