3834 6462
1828 9 3584 71 Μ
3615 35 3624 40 -

129 322 280 380 ιοεε
1366 311 1728 395 Eptsroma

1835 348 1856 357 -
1877 316 2094 374 EPIST.
2137 317 2199 372 V.
3256 325 3394 382 1050

121 445 200 513 τῇ
230 438 467 508 πενιχρᾷ
495 435 654 508 ἡμῶν
672 433 818 506 χειρὶ
838 429 933 485 τοῦ
959 430 1118 500 λόγου
1141 429 1574 502 δωροφοροῦμεν.
1607 433 1718 486 Καί

1835 438 1974 492 nullo
2005 437 2352 493 tenebrarum
2384 438 2694 494 interventu
2740 437 3055 493 dirimatur.
3088 437 3244 496 Hanc
3273 443 3396 512 tibi,

122 551 216 587 σοι
255 533 367 595 πᾶς
391 530 532 583 ἔστω
555 530 584 581 ὀ
625 528 738 596 βίος
785 524 969 596 ἑορτὴ,
1001 524 1096 577 καὶ
1141 524 1325 596 ἡμέρα
1363 524 1594 594 μεγάλη,
1627 523 1722 577 τοῦ

1835 540 2019 578 earum
2061 535 2244 595 caput,
2274 541 2514 598 paupere
2537 537 2726 583 nostra
2754 542 2920 582 manu
2956 528 3260 584 orationem
3299 547 3399 601 pro

121 620 450 694 νυκτερινοῦ
479 619 645 690 ζόφου
676 615 996 687 καθαρεύων
1023 614 1104 668 ὅτι
1133 614 1388 685 μάλιστα.
1425 632 1437 643 ο

1835 627 2057 667 munere
2113 613 2331 668 damus.
2373 613 2494 669 Tibi
2556 623 2742 669 autem
2803 623 2916 670 tota
2961 616 3074 670 vita
3111 632 3283 674 unum
3325 619 3399 674 sit

1825 701 2062 764 festum,
2126 717 2436 772 magnaque
2488 701 2642 767 dies,
2676 711 3185 775 nocturnarumque
3231 720 3397 776 quatn

1825 787 2061 842 maxime
2092 790 2446 844 tenebrarum
2479 803 2697 859 expers.

702 1100 1044 1153 ΕΠΙΣΤΟΛΗ
1077 1099 1156 1163 Εἰ,

2392 1101 2730 1158 EPISTULA
2770 1101 2836 1157 ν.

130 1263 406 1321 Marcello
433 1261 657 1327 Ancyra:
688 1257 934 1324 episcopo
965 1255 1082 1324 jam
1111 1257 1176 1309 ab
1203 1272 1325 1310 arte
1349 1254 1672 1310 Christiana:
1701 1273 1838 1310 anno
1866 1257 1971 1312 336
2004 1258 2054 1309 in
2083 1257 2281 1326 synodo
2310 1258 2906 1327 Constantinopolitano
2936 1260 3169 1327 deposito
3193 1302 3208 1326 ,
3243 1261 3400 1318 Basi-

211 1337 316 1388 lius
337 1373 352 1393 ,
384 1340 433 1384 et
462 1329 824 1392 Athanasius,
852 1327 1228 1398 quideinceps
1263 1327 1560 1380 Ecclesium
1594 1327 1744 1380 illum
1777 1327 2134 1398 gttbernqritnt
2158 1367 2170 1389 ,
2211 1345 2299 1381 eos
2332 1344 2508 1398 omnes
2534 1369 2548 1384 .
2577 1331 2666 1398 qui
2700 1329 2946 1383 Marcelli
2985 1334 3399 1386 communionem

213 1400 690 1472 amplectebantur,
739 1415 773 1451 a

211 1471 416 1541 tempus
446 1471 590 1539 fuere
605 1513 620 1532 ,
649 1485 750 1537 quo

213 1537 454 1614 .Eg'ypti
471 1543 772 1614 episcopos,
808 1539 948 1614 apud
984 1537 1388 1614 Dioraesareant
1413 1539 1538 1606 ﬁdei
1569 1553 1736 1614 causa
1767 1541 2068 1614 exsulantes
2089 1542 2494 1614 [convenissent
2525 1557 2664 1593 anno
2694 1542 2905 1595 circiter
2928 1542 3035 1596 575
3055 1585 3069 1608 ,
3099 1537 3165 1595 ab
3201 1542 3400 1596 eisdem

212 1616 270 1669 in
293 1607 572 1668 'E'cclesiat
607 1611 1064 1675 communionem,
1091 1609 1261 1680 edita
1306 1610 1455 1680 prius
1504 1607 1782 1662 catholica:
1834 1610 1958 1676 ﬁdei
1992 1608 2316 1679 professione
2340 1650 2354 1673 ,
2389 1611 2576 1676 recepti
2615 1622 2735 1664 sunt
2758 1650 2772 1670 ,
2829 1607 3062 1680 moxque
3097 1613 3400 1666 earumdem

213 1683 708 1740 communicatoriis
740 1680 934 1732 litteris
976 1679 1099 1750 freti
1121 1690 1224 1750 tut
1261 1681 1314 1731 in
1347 1678 1732 1750 catholicorum
1767 1678 2046 1733 numero'a
2081 1678 2282 1733 caneris
2322 1680 2557 1733 Orientis
2604 1683 2862 1748 episcopis
2917 1678 3258 1745 haberentur,
3306 1699 3402 1750 po-

211 1755 506 1810 stularunt.
541 1750 706 1820 Aigre
739 1751 792 1803 id
833 1747 1004 1821 ferens
1035 1749 1092 1804 S.
1127 1749 1368 1804 Basilius
1400 1747 1750 1804 Caesariensis
1775 1791 1790 1813 ,
1825 1750 2020 1821 aliique
2050 1767 2153 1804 non
2193 1753 2348 1817 pauci
2389 1747 2649 1817 episcopi,
2685 1752 2988 1805 earumdem
3027 1747 3401 1821 confessorum

212 1828 416 1895 factum
446 1824 857 1895 irnprobarunt;
890 1819 980 1874 sed
1023 1831 1212 1895 postea
1234 1860 1249 1885 ,
1284 1821 1556 1895 re__melius
1586 1830 1887 1895 perspecta.
1923 1819 2302 1895 Marcellianos
2331 1830 2379 1873 et
2407 1821 2508 1890 ipsi
2555 1823 2609 1873 in
2653 1837 2804 1874 suout
2853 1819 3274 1888 communionem
3310 1823 3402 1875 ad-

213 1889 425 1949 misere.
461 1889 735 1964 Nyssenus
776 1905 978 1959 quoque
1015 1889 1241 1964 Basilii,
1282 1889 1614 1964 aliorumque
1651 1893 2015 1964 episcoporum
2046 1891 2351 1964 exentplum
2389 1889 2596 1964 secutus
2619 1932 2632 1954 ,
2677 1907 2779 1944 non
2820 1904 2973 1946 antea
3014 1911 3130 1958 cum
3164 1891 3401 1946 Marcel-

215 1967 381 2019 lianis
423 1961 854 2032 communicarit,
906 1961 1344 2032 quamipsorum
1385 1962 1509 2030 ﬁdei
1552 1962 1909 2030 professione,
1958 1961 2315 2016 Orientalium
2355 1963 2713 2028 episcoporum
2757 1976 2964 2032 rogatu,
3002 1975 3248 2016 accurate
3288 1965 3403 2017 dis-

212 2054 404 2100 cussa,
451 2033 658 2088 eosdem
699 2031 948 2102 Ecclesia:
986 2030 1265 2086 catholica:
1296 2033 1564 2102 consortio
1592 2033 1779 2100 dignos
1809 2047 1923 2084 esse
1955 2032 2237 2101 cognovit;
2266 2047 2484 2100 cumque
2510 2043 2785 2098 propterea
2822 2030 3182 2102 neglectorum
3232 2049 3399 2086 cano-

212 2124 376 2169 num,
409 2104 713 2173 rejectteque
743 2100 977 2155 Nicwnw
1018 2103 1145 2171 ﬁdei
1187 2101 1611 2169 insimularetur,
1654 2104 1729 2155 ha;

213 2189 379 2231 stante
425 2173 571 2228 urbis
593 2173 753 2244 [cives
798 2172 962 2226 dedit.

1835 2100 2108 2170 epistolam
2146 2103 2202 2154 in
2240 2103 2324 2155 sui
2383 2102 2739 2170 defensionem
2786 2103 2854 2156 ad
2897 2100 3192 2160 catholicos
3241 2103 3404 2158 Seba-

213 2189 379 2231 stcme
425 2181 571 2228 urbis
593 2181 753 2231 lcives
798 2181 962 2226 dedit.
2701 2197 2703 2201 .

855 1397 1053 1470 delium
1085 1399 1354 1452 consortio
1377 1397 1607 1470 excludi
1645 1409 1921 1470 curarunt.
1970 1397 2038 1450 Et
2078 1399 2130 1449 hi
2170 1399 2376 1467 quidem
2417 1397 2657 1452 Ecclesia
2691 1411 2926 1454 extorres
2961 1402 3029 1454 ad
3069 1402 3201 1455 illud
3239 1420 3399 1470 usque

833 1468 980 1542 alens
997 1471 1289 1542 Augustus
1316 1467 1569 1542 adversus
1597 1468 1886 1521 catholicos
1913 1469 2330 1542 persecutionem
2371 1471 2620 1523 excitavit
2645 1487 2663 1534 ;
2691 1481 2814 1524 tunc
2835 1473 2974 1524 enim
3001 1488 3118 1524 cum
3143 1467 3400 1542 quosdam

229 2315 391 2384 Πρὸς
414 2312 556 2379 τοὺς
587 2310 998 2384 ἀπιστοῦντας
1026 2311 1101 2380 τῇ
1133 2311 1448 2380 ὀρθοδοξίᾳ
1476 2313 1630 2366 κατὰ

1750 2325 1794 2380 Β
1856 2311 1937 2365 Ad
1973 2310 2286 2365 Sebastenos
2309 2350 2324 2374 ,
2385 2309 2475 2378 qui
2510 2307 2575 2362 de
2609 2319 2753 2362 recta
2793 2309 2906 2378 ejus
2944 2311 2999 2364 in
3039 2312 3164 2380 ﬁdei
3198 2314 3350 2369 rebus

775 2382 1101 2451 Σεϐάστης.

2305 2382 2545 2448 opinione
2583 2380 2922 2436 dubitabant.

227 2491 562 2564 Ἐγνώρισαν
603 2494 739 2562 ἡμῖν
801 2508 945 2554 τινες
1007 2492 1117 2545 τῶν
1156 2493 1444 2562 δμοψὺχων
1482 2491 1724 2560 ἀδελφῶν

142 2589 276 2659 περὶ
321 2588 418 2657 τῆς
455 2581 1005 2654 κατασκευαζομένης
1058 2584 1181 2637 καθ’
1224 2585 1381 2654 ἡμῶν
1418 2584 1724 2654 δυσφημίας

143 2679 303 2751 παρὰ
345 2678 454 2731 τῶν
487 2675 785 2747 μισούντων
830 2676 929 2747 τὴν
958 2676 1204 2746 εἰρήνην,
1239 2675 1333 2728 καὶ
1361 2675 1725 2729 καταλαλούν-

141 2790 260 2826 των
280 2770 457 2841 λάθρα
482 2770 590 2823 τῶν
630 2768 874 2840 πλησίων
912 2766 1100 2831 αὑτοῦ,
1131 2767 1224 2820 καὶ
1268 2766 1342 2838 μὴ
1379 2766 1725 2836 φοϐουμένων

142 2865 207 2918 τὸ
237 2862 490 2933 φοϐερὸν,
513 2861 610 2914 καὶ
643 2859 787 2932 μέγα
819 2859 1100 2929 κριτήριον
1136 2857 1230 2910 τοῦ
1259 2857 1724 2926 ἐπαγγειλαμένου

146 2962 245 3015 καὶ
277 2960 386 3014 ὑπὸ
413 2959 522 3011 τῶν
547 2956 734 3028 ἀργῶν
783 2955 1044 3027 ῥημάτων
1080 2951 1428 3006 ἀπαιτεῖσθαι
1451 2951 1542 3004 τὸν
1572 2951 1728 3018 λόγον

147 3057 208 3108 ἐν
234 3056 300 3124 τῇ
331 3049 756 3123 προσδοκωμένη
779 3047 880 3118 τῆς
901 3047 1045 3116 ζωῆς
1073 3048 1104 3117 ἡ
1114 3045 1229 3116 μῶν
1252 3043 1513 3108 ἐξετάσει,
1541 3043 1729 3109 λέγον-

153 3164 246 3210 τες
279 3145 350 3197 τά
378 3140 878 3214 περιθρυλλούμενα
907 3139 1029 3190 καθ’
1058 3136 1215 3208 ἡμῶν
1247 3134 1566 3205 ἐγκλήματα
1590 3129 1728 3186 εἶναι

150 3234 394 3296 τοιαῦτα,
426 3234 507 3286 ὅτι
551 3233 714 3301 ἡμεῖς
749 3228 1048 3281 ὑπεναντία
1097 3224 1403 3296 φρονοῦμεν
1453 3226 1562 3286 τοῖς
1589 3221 1730 3275 κατὰ

147 3328 388 3380 Νίκαιαν
425 3323 740 3392 ἐκθεμένοις
767 3321 865 3392 τὴν
899 3318 1094 3390 ὀρθὴν,
1127 3319 1221 3370 καὶ
1262 3315 1607 3384 ὑγιαίνουσαν
1637 3313 1732 3366 πί-

148 3436 290 3482 στιν,
323 3417 417 3470 καὶ
449 3417 530 3470 ὅτι
560 3416 685 3477 τοὺς
723 3415 780 3466 ἐν
818 3410 1060 3482 Ἀγκὺρᾳ
1094 3410 1178 3462 ἐπ’
1230 3407 1451 3478 ὀνόματι
1479 3404 1733 3474 Μαρκέλ-

146 3515 244 3566 λου
275 3511 407 3564 ποτέ
431 3511 530 3580 τὴν
565 3505 782 3570 σύναξιν
810 3504 1055 3574 ἔχοντας,
1088 3499 1328 3572 ἀκρίτως
1352 3498 1446 3552 καὶ
1479 3495 1732 3562 ἀνεξετά-

147 3622 298 3668 στως
345 3605 424 3666 εἰς
463 3601 563 3671 τὴν
605 3597 885 3652 κοινωνίαν
934 3597 1033 3663 τῆς
1079 3591 1373 3660 καθολικῆς
1409 3588 1734 3658 Ἐκκλησίας

146 3693 594 3769 παρεδεξάμεθα.
644 3689 740 3744 Ἶν’
765 3685 857 3742 οὖν
894 3687 968 3758 μὴ
999 3685 1318 3756 κατακρατῇ
1347 3681 1444 3752 τῆς
1477 3679 1732 3749 ἀληθείας
1759 3673 1801 3731 C

143 3791 210 3842 τὸ
241 3787 456 3858 ψεῦδος,
485 3785 535 3838 δι
585 3782 787 3853 ἐτέρων
833 3778 1174 3851 γραμμάτων
1203 3775 1449 3844 αὐτάρκη
1475 3770 1730 3842 ἐποιησά-

151 3880 300 3952 μεθα
327 3877 424 3947 τὴν
455 3876 595 3944 ὑπὲρ
636 3871 748 3924 τῶν
782 3868 1179 3954 ἐπενεχθέντων
1205 3866 1338 3934 ἡμῖν
1371 3862 1729 3932 ἐγκλημάτων

145 3969 474 4038 ἀπολογίαν,
534 3966 628 4020 καὶ
683 3963 775 4017 ἐπὶ
817 3961 910 4015 τοῦ
961 3953 1164 4029 Κυρίου
1211 3953 1727 4024 διεϐεϐαιωσάμεθα,

153 4067 298 4136 μήτε
331 4062 430 4132 τῆς
465 4060 700 4120 πίστεως
729 4055 838 4109 τῶν
879 4053 1048 4122 ἁγίων
1093 4049 1320 4121 Πατρῶν
1348 4046 1726 4116 ἐκϐεϐηκέναι,

153 4158 297 4228 μήτε
328 4155 454 4224 περὶ
480 4152 589 4205 τῶν
620 4148 1002 4220 προσθεμένων
1041 4145 1104 4197 ἐκ
1141 4144 1239 4212 τῆς
1267 4140 1577 4212 Μαρκέλλου
1607 4156 1730 4192 συν-

152 4249 331 4311 άξεως
371 4247 451 4309 είς
479 4243 578 4314 τὴν
628 4236 1083 4312 ἐκκλησιαστικὴν
1131 4233 1414 4289 κοινωνίαν
1438 4272 1454 4296 ,
1493 4230 1730 4302 ἀκρίτως

149 4340 253 4395 καὶ
298 4337 666 4403 ἀνεξετάστως
709 4351 762 4386 τι
818 4329 1207 4401 πεποιηκέναι·
1255 4325 1389 4380 ἀλλά
1428 4323 1535 4378 τῶν
1590 4321 1731 4376 κατὰ

150 4429 423 4500 ἀνατολὴν
460 4425 774 4497 ὀρθοδόξων,
808 4422 904 4475 καλ⁵
931 4415 1361 4488 συλλειτουργῶν
1402 4412 1728 4483 ἐπιτρεψάν-

147 4539 267 4576 των
299 4517 688 4591 βουλεύσασθαι
719 4516 786 4570 τὰ
820 4515 950 4586 περὶ
982 4512 1091 4566 τῶν
1120 4509 1450 4580 ἀνθρώπων,
1501 4507 1731 4569 καὶτοῖς

151 4611 546 4683 γεγενημένοις
607 4607 1033 4661 συναινεσάντων
1069 4643 1084 4666 ,
1156 4603 1332 4654 πάντα
1393 4597 1728 4669 ἐπράξαμεν.

167 4704 392 4774 Ἐπειδὴ
439 4702 495 4755 δὲ
521 4702 621 4771 τὴν
665 4698 958 4767 ἀπολογίαν
1005 4695 1217 4764 ἐκείνην
1255 4693 1528 4763 ἔγγραφον
1576 4687 1731 4760 ἡμῶν

155 4795 578 4865 ποιησαμένων,
625 4791 784 4844 πάλιν
829 4790 970 4852 τινες
1011 4789 1116 4841 τῶν
1153 4785 1440 4856 epotowa
1467 4779 1728 4849 ἀδελφῶν,

157 4891 309 4951 ἰδίως
337 4891 400 4941 ἐκ
428 4886 528 4954 τῆς
567 4885 842 4957 ἡμετέρας
875 4882 1054 4951 φωνῆς
1097 4878 1442 4948 ἐπεζήτησαν
1481 4871 1732 4944 γενέσθαι

151 4984 258 5052 τὴν
285 4981 386 5051 τῆς
418 4978 654 5040 πίστεως
685 4975 918 5038 ἔκθεσιν,
950 4973 1069 5026 καθ’
1100 4973 1167 5042 ἦν
1201 4964 1730 5048 πεπληροφορήμεθα

149 5078 279 5137 ταῖς
306 5071 678 5132 θεοπνεύστοις
705 5071 884 5130 ωναῐς,
912 5066 1007 5119 καὶ
1041 5068 1108 5136 τῇ
1148 5061 1441 5134 παραδόσει
1473 5059 1580 5112 τῶν
1623 5059 1734 5110 Πα-

93 5157 114 5164 ﬂ
152 5168 340 5237 τέρων
388 5162 838 5223 ἀκολουθοῦντες,
888 5159 1184 5226 ἀναγκαῖον
1231 5150 1595 5222 ἐλογισάμεθα
1643 5149 1738 5201 καὶ

154 5259 293 5329 περὶ
336 5255 539 5309 τούτων
591 5253 796 5324 βραχέα
846 5249 1208 5319 διαλεχθῆναι.
1266 5245 1456 5314 Ἡμεῖς
1500 5241 1598 5312 τὴν
1643 5239 1736 5292 τοῦ

156 5351 365 5422 Κυρίου
392 5346 768 5409 διδασκαλίαν,
807 5344 874 5415 ἢν
919 5342 1057 5412 πρὸς
1103 5340 1229 5401 τοὺς
1281 5334 1528 5407 μαθητὰς
1561 5333 1740 5403 ἐποιή-

153 5461 314 5507 σατο,
338 5440 661 5514 παραδιδοὺς
688 5439 869 5500 αὐτοῖς
890 5436 951 5489 τὺ
980 5435 1080 5504 τῆς
1112 5430 1391 5492 εὐσεϐείας
1422 5428 1735 5499 μυστήριον,

156 5546 414 5619 θεμέλιον
444 5542 603 5610 εἶναι,
628 5543 723 5598 καὶ
749 5542 902 5612 ῥίζαν
919 5539 1016 5609 τῆς
1048 5535 1237 5607 ὀρθῆς,
1263 5534 1358 5589 καὶ
1389 5529 1732 5602 ὑγιαινούσης

1893 2494 1975 2548 Ab
2005 2492 2285 2548 unanimis
2312 2491 2644 2562 quibusdam
2679 2489 2946 2545 fratribus
2972 2492 3240 2548 certiores
3273 2492 3402 2549 facti

1824 2601 2017 2642 sumus
2045 2586 2113 2641 de
2160 2583 2686 2646 obtrectationibus,
2730 2599 2852 2653 quae
2889 2583 3156 2640 adversus
3195 2600 3295 2641 nos
3334 2586 3406 2640 ab

1824 2681 1894 2734 iis
1925 2677 2174 2734 conflata:
2202 2683 2352 2740 sunt,
2387 2674 2481 2745 qui
2521 2689 2718 2745 pacem
2749 2676 2877 2730 odio
2911 2675 3156 2744 habent,
3191 2687 3247 2732 et
3277 2693 3406 2748 pro-

1827 2771 1976 2824 ximo
2010 2783 2112 2825 suo
2146 2765 2366 2823 occulte
2395 2767 2730 2830 detrahunt,
2761 2767 2838 2820 nil
2868 2767 3027 2822 veriti
3061 2771 3401 2824 tremendum

1827 2875 2200 2931 magnumque
2233 2859 2383 2914 illius
2420 2859 2702 2923 tribunal,
2735 2859 2828 2928 qui
2857 2858 2924 2914 dc
2955 2860 3152 2916 otiosis
3187 2876 3406 2931 quoque

1827 2953 2011 3008 verbis
2042 2953 2098 3007 in
2131 2951 2319 3006 futura
2350 2951 2631 3006 actionum
2667 2960 2983 3004 nostrarum
3014 2951 3407 3021 disquisitione

1829 3061 1889 3100 se
1925 3045 2196 3099 rationem
2226 3054 2550 3098 exacturum
2590 3043 2706 3099 fore
2735 3043 3120 3110 denuntiavit,
3159 3045 3287 3100 dum
3320 3046 3408 3100 in-

1829 3135 2063 3204 quiunt,
2100 3134 2334 3188 crimina
2374 3133 2442 3188 de
2483 3133 2646 3188 nobis
2688 3133 2893 3203 ubique
2932 3134 3248 3204 divulgata,
3291 3135 3407 3190 hinc

1829 3244 1993 3284 esse:
2045 3242 2147 3283 nos
2189 3227 2472 3282 contraria
2520 3227 2728 3282 sentire
2773 3225 3071 3292 Pati-ibus,
3120 3228 3217 3298 qui
3261 3229 3406 3298 apud

1829 3322 2065 3378 Nicaeam
2109 3330 2316 3379 rectam
2360 3330 2524 3392 atque
2569 3323 2868 3377 salutarem
2927 3322 3085 3376 tidem
3128 3338 3406 3392 exposue-

1833 3425 1993 3482 runt,
2052 3431 2117 3471 ac
2176 3424 2441 3486 praeterea
2493 3416 2551 3470 in
2614 3416 3059 3470 communionem
3121 3417 3408 3471 catholicae

1832 3507 2093 3565 Ecclesiae
2126 3509 2504 3578 inexplorato,
2543 3517 2708 3578 atque
2744 3505 3232 3562 indiscriminatim
3279 3506 3408 3564 illos

1835 3605 2147 3674 suscepisse
2168 3642 2181 3665 ,
2215 3602 2308 3670 qui
2343 3599 2640 3670 aliquando
2673 3602 2816 3669 apud
2851 3597 3126 3670 Ancyram
3175 3599 3230 3653 in
3264 3597 3410 3654 Mar-

1835 3695 1959 3749 celli
2021 3694 2245 3749 nomine
2300 3693 2711 3749 ecclesiasticos
2775 3699 2954 3747 coetus
3011 3692 3267 3762 agebant.
3328 3692 3408 3749 Ne

1837 3787 2003 3857 igitur
2031 3785 2250 3840 veritati
2286 3785 2633 3840 mendacium
2669 3783 3017 3853 praeferatur,
3050 3783 3177 3838 aliis
3207 3784 3406 3840 litteris

1835 3884 2052 3931 nosmet
2071 3877 2222 3947 ipsos
2244 3877 2312 3931 ab
2334 3877 2503 3931 illatis
2524 3876 2849 3930 criminibus
2872 3875 3006 3931 satis
3028 3875 3404 3946 purgavimus,

1835 3979 1888 4025 ct
1925 3967 2212 4023 Dominum
2244 3967 2432 4022 testati
2459 4005 2474 4026 ,
2510 3964 2711 4020 validis
2753 3965 3067 4020 rationibus
3111 3964 3408 4019 confirma-

1835 4063 2055 4126 vimus,
2104 4073 2209 4113 nec
2257 4067 2576 4112 sanctorum
2619 4054 2844 4108 Patrum
2890 4053 3056 4111 ﬁdem
3091 4069 3196 4110 nos
3227 4061 3408 4110 trans-

1836 4169 2056 4223 gressos
2085 4167 2210 4206 esse
2230 4192 2243 4212 ,
2280 4165 2382 4205 nec
2411 4151 2465 4204 in
2498 4149 2829 4218 recipiendis
2862 4147 3128 4202 Ecclesiae
3159 4163 3406 4202 commuo

1837 4245 2056 4299 nionem
2089 4242 2457 4296 Marcellianis
2482 4282 2496 4306 ,
2534 4241 2879 4309 inexplorato
2900 4280 2915 4304 ,
2959 4255 3024 4294 ac
3072 4240 3194 4295 sine
3222 4241 3404 4296 debita

1836 4335 2232 4390 deliberatione
2264 4332 2545 4404 quidpiam
2581 4331 2823 4399 fecisse;
2856 4331 2952 4386 sed
2988 4327 3313 4386 orthodoxis
3346 4331 3402 4386 in

1837 4427 2069 4483 Oriente
2116 4425 2415 4490 fratribus,
2469 4435 2633 4494 atque
2683 4423 3115 4486 comministris,
3166 4431 3225 4477 ut
3268 4423 3406 4480 isto-

1837 4535 1960 4573 rum
1987 4518 2274 4572 hominum
2309 4517 2589 4587 negotium
2621 4515 2974 4580 tractaretur,
3012 4516 3403 4584 hortantibus,

1838 4621 1892 4667 et
1920 4609 2067 4682 quod
2100 4626 2130 4663 a
2166 4610 2328 4664 nobis
2356 4609 2563 4663 factum
2597 4608 2700 4662 fuit
2730 4609 3246 4678 comprobantibus,
3281 4624 3404 4666 orn-

1840 4706 1929 4757 nia
1963 4702 2264 4773 peregisse.
2301 4700 2572 4767 Quoniam
2610 4716 2739 4756 vero
2771 4709 3064 4770 postquam
3099 4702 3404 4771 apologiam

1841 4797 1986 4849 illaut
2021 4797 2226 4863 scripto
2249 4795 2543 4856 edidimus,
2573 4793 2649 4862 (ί)
2682 4807 2877 4847 rursus
2908 4793 3127 4860 quidam
3161 4791 3406 4845 unanimi

1844 4889 2045 4943 fratres
2089 4887 2470 4956 postularunt,
2508 4895 2567 4940 ut
2600 4886 2834 4940 seorsitn
2859 4923 2874 4948 ,
2925 4900 2990 4939 ac
3028 4883 3252 4939 disertis
3280 4900 3405 4939 ver-

1843 4982 1922 5051 bis
1955 4980 2074 5034 fidei
2107 4979 2506 5048 professionem
2551 4977 2874 5042 ederemus,
2925 4992 3032 5046 qua
3083 4978 3256 5032 sacris
3303 4991 3405 5032 nos

1841 5071 2178 5140 Scripturis,
2213 5087 2276 5125 ac
2311 5070 2531 5123 Patrum
2567 5068 2852 5122 traditioni
2889 5068 3109 5138 penitus
3140 5067 3408 5122 inharrere

1837 5179 2154 5233 persuasum
2187 5162 2448 5216 omnibus
2484 5159 2663 5226 foret,
2694 5159 2762 5215 de
2793 5159 2880 5213 his
2917 5173 3138 5228 quoque
3170 5158 3407 5212 breviter

1835 5253 2217 5308 disserendum
2268 5253 2430 5306 nobis
2486 5267 2612 5306 esse
2671 5250 3004 5320 putavimus.
3062 5247 3172 5304 Nos
3222 5247 3409 5316 itaque

1837 5345 2046 5400 Christi
2084 5344 2396 5398 doctrinam
2421 5381 2436 5408 ,
2472 5359 2637 5414 quam
2671 5343 2977 5411 discipulos
3015 5356 3146 5396 suos
3164 5340 3364 5418 .docuit
3390 5380 3406 5404 ,

1839 5454 1962 5492 cum
1998 5437 2218 5508 pietatis
2267 5437 2590 5506 mysterium
2637 5434 2846 5488 eisdem
2891 5432 3165 5493 traderet,
3213 5429 3409 5484 funda-

1839 5539 2083 5585 mentum
2114 5543 2238 5584 esse
2259 5567 2274 5592 ,
2307 5537 2361 5582 et
2395 5528 2634 5582 radicem
2670 5534 2868 5589 rectae,
2903 5534 2957 5579 ct
2989 5523 3248 5580 salutaris
3284 5521 3408 5575 fidei

239 5715 314 5782 (ι)
347 5710 738 5782 Apologiaistn
767 5715 859 5782 aut
891 5705 1082 5782 periit,
1110 5711 1204 5756 aut
1251 5703 1304 5756 in
1354 5703 1540 5772 aliquo
1588 5696 2050 5753 Bibliothecarum
2083 5692 2282 5764 angulo
2320 5689 2501 5746 adhuc
2567 5688 2736 5752 latet;
2806 5683 2901 5740 sed
2947 5691 3000 5739 et
3071 5683 3220 5736 nulla
3286 5679 3409 5750 ejus

156 5775 375 5842 mentio
396 5775 462 5836 'tit
493 5775 636 5852 apud
672 5780 928 5849 antiquos
954 5775 1273 5846 scriptores.
