3834 6424
483 249 612 302 ιιδι

1723 243 1782 298 S.
1813 241 2144 300 GREGOBH
2180 243 2470 302 NYSSENI

3605 263 3726 320 1032

477 370 830 427 conﬁtemur,
875 378 976 419 nec
1023 363 1305 435 quidpiam
1358 363 1690 427 sublimius,
1729 380 1833 420 nec
1881 367 2054 419 tutius

2157 369 2394 432 πίστεως
2414 370 2808 440 ὁμολογοῦμεν,
2832 375 2924 426 καὶ
2947 374 3069 427 οὔτε
3096 377 3428 452 ὑψηλότερον
3451 383 3554 451 τῆς
3579 401 3725 454 παρα-

477 458 793 527 ccrtiusque
842 472 906 511 ea
951 457 1252 510 traditione
1300 471 1425 510 esse
1473 456 1776 511 credimus.
1840 457 2052 511 Domini

479 559 662 604 autem
705 549 957 604 doctrina
1010 547 1125 601 haec
1165 554 1289 603 est:
1331 546 1566 609 Euntes,
1613 548 1826 616 inquit,
1875 550 2056 602 docete

479 657 658 695 omnes
689 651 864 710 gentes
889 678 903 696 .
943 640 1277 708 baptizantes
1311 655 1399 692 eos
1431 639 1483 691 in
1510 640 1722 692 nomine
1751 639 1936 692 Patris
1961 680 1976 702 ,
2007 649 2057 693 et

481 732 648 793 Filii,
678 743 725 785 et
764 731 999 800 Spiritus
1043 730 1218 783 sancti
1251 730 1288 786 ί.
1326 728 1600 794 Quoniam
1648 730 1814 797 igitur
1853 737 2059 783 sancta:

480 823 768 879 Trinitatis
795 825 940 878 dono
962 862 977 885 ,
1007 822 1238 876 viviﬁcae
1284 822 1508 877 virtutis
1547 831 1833 891 compotes
1879 823 2055 886 ﬁunt,

478 920 572 987 qui
600 934 664 971 ex
702 925 877 970 morte
915 915 981 968 ad
1013 926 1276 969 aeternam
1326 916 1496 968 vitam
1540 922 1966 984 regenerantur,
2002 923 2057 968 et

479 1013 655 1080 gratia
691 1011 793 1063 ista
827 1025 924 1079 per
955 1008 1116 1062 ﬁdem
1151 1006 1303 1078 digni
1337 1005 1468 1061 facti
1506 1016 1636 1061 sunt
1666 1023 1680 1069 ;
1719 1007 1794 1060 ita
1837 1022 2059 1077 quoque

479 1102 795 1172 imperfecta
852 1101 1026 1172 gratia
1079 1108 1197 1164 est,
1255 1103 1300 1154 si
1349 1116 1522 1153 unum
1575 1099 1799 1169 aliquod
1851 1109 2059 1155 sanctae

480 1195 770 1250 Trinitatis
805 1209 1004 1247 nomen
1029 1233 1045 1258 ,
1078 1193 1472 1262 qualecunque
1504 1191 1640 1246 illud
1677 1193 1749 1246 sit
1770 1231 1785 1256 ,
1822 1191 1878 1245 in
1911 1192 2059 1245 salu-

478 1288 581 1340 tari
616 1287 888 1356 baptismo
929 1285 1403 1354 przetermittatur.
1441 1281 1576 1336 Nam
1614 1299 1792 1354 neque
1837 1285 1892 1337 in
1939 1284 2059 1338 solo

479 1379 677 1444 Patre,
709 1389 761 1433 et
806 1378 980 1442 Filio,
1019 1379 1139 1433 sine
1188 1385 1387 1432 sancto
1438 1375 1680 1447 Spiritu,
1736 1377 2056 1448 mysterium

487 1472 928 1542 regenerationis
959 1469 1325 1540 adimpletur;
1351 1485 1530 1538 neque
1559 1468 1605 1524 si
1637 1467 1811 1524 Filius
1839 1469 2060 1524 silentio

478 1573 858 1636 praetereatur,
893 1564 949 1617 in
987 1564 1104 1618 solo
1140 1561 1339 1627 Patre,
1391 1568 1448 1616 et
1490 1559 1700 1632 Spiritu
1749 1562 2058 1632 baptismus

481 1657 674 1720 habet,
708 1659 851 1712 unde
882 1655 1042 1710 nobis
1075 1654 1376 1724 perfectam
1413 1653 1582 1708 vitam
1610 1653 1922 1724 largiatur;
1955 1668 2056 1709 nec

481 1749 533 1802 in
579 1747 739 1802 Patre
771 1755 826 1802 et
856 1745 996 1800 Filio
1020 1786 1034 1809 ,
1082 1745 1460 1817 pratermisso
1509 1746 1758 1816 Spiritu,
1801 1760 2056 1801 resurre-

478 1828 682 1897 ctionis
736 1847 938 1895 nostrae
1001 1839 1178 1910 gratia
1223 1847 1667 1894 consummatur.
1711 1837 2059 1908 Quapropter

479 1947 695 1988 omnem
723 1948 872 2002 spem
893 1971 908 1995 ,
931 1940 1098 2002 atque
1123 1928 1381 1984 ﬁduciam
1409 1940 1725 1984 nostrarum
1749 1929 2056 1983 animarum

477 2026 678 2080 salutis
711 2026 766 2079 in
796 2026 975 2080 tribus
1003 2025 1280 2094 personis,
1309 2041 1433 2096 qua:
1458 2025 1527 2078 iis
1555 2023 1870 2078 nominibus
1898 2022 2061 2078 nobis

479 2117 885 2178 innotescunt,
939 2116 1249 2180 habemus,
1299 2123 1356 2170 et
1401 2114 1682 2170 credimus
1732 2116 1788 2169 itt
1837 2113 2054 2167 Patrem

481 2209 700 2263 Domini
755 2208 937 2262 nostri
985 2205 1112 2262 Jesu
1154 2207 1400 2272 Christi,
1456 2206 1548 2276 qui
1598 2214 1684 2262 est
1728 2207 1854 2260 vitae
1897 2206 2055 2270 fons,

479 2312 533 2357 et
564 2305 618 2356 in
654 2300 850 2354 Filium
884 2300 1066 2355 Patris
1098 2301 1484 2372 unigenitum,
1517 2299 1611 2370 qui
1657 2308 1743 2354 est
1794 2301 1915 2353 vita:
1961 2315 2059 2352 au-

476 2404 621 2453 ctor,
651 2392 1112 2464 quemadmodum
1134 2393 1214 2447 ait
1235 2391 1534 2461 Apostolus
1563 2391 1604 2454 ²,
1625 2399 1682 2445 et
1709 2391 1762 2444 in
1789 2392 2055 2461 Spiritum

481 2495 736 2541 sanctum
769 2485 899 2548 Dei,
951 2487 1019 2540 de
1055 2499 1168 2555 quo
1198 2483 1461 2540 Dominus
1511 2485 1625 2547 ait,
1660 2482 1892 2550 Spiritus
1943 2491 2055 2546 est,

477 2580 571 2649 qui
597 2578 826 2646 riviﬁcat
860 2577 902 2630 ³.
938 2576 1078 2641 Quia
1107 2590 1236 2630 vero
1263 2575 1425 2629 nobis
1459 2589 1487 2627 a
1524 2581 1702 2627 morte
1724 2572 2021 2641 redemptis
2040 2614 2056 2636 ,

481 2670 918 2724 immortalitatis
943 2669 1120 2740 gratia
1151 2684 1246 2738 per
1273 2669 1433 2722 [idem
1466 2667 1522 2720 in
1544 2665 1761 2720 Patrem
1780 2708 1796 2731 ,
1821 2663 2019 2718 Filium
2041 2705 2056 2726 ,

473 2771 534 2816 et
565 2760 832 2829 Spiritum
866 2769 1120 2814 sanctum
1142 2799 1157 2823 ,
1186 2759 1241 2812 in
1267 2765 1461 2812 sancto
1489 2755 1846 2826 baptismate,
1867 2769 2059 2824 quem-

476 2853 772 2907 admodum
828 2851 1104 2916 diximus,
1156 2850 1463 2920 itnpcrtitut
1499 2866 1518 2917 ;
1554 2849 1657 2902 hac
1703 2849 1912 2902 ratione
1957 2847 2056 2900 ad-

477 2945 668 3007 ducti,
698 2945 776 2998 nil
808 2944 1010 2999 servile
1031 2983 1046 3007 ,
1083 2943 1160 2998 nil
1190 2951 1438 2997 creatum
1462 2981 1477 3006 ,
1525 2941 1607 2995 nil
1651 2938 1832 2994 Patris
1885 2940 2058 3009 maje-

2159 462 2358 523 δόσεως
2387 462 2620 532 ἐκείνης,
2652 462 2774 516 οὔτε
2806 465 3208 538 ἀσφαλέστερον
3233 473 3359 526 ἄλλο
3397 492 3449 528 τι
3480 472 3617 529 εἶναι
3649 495 3724 530 πι-

2162 553 2441 624 στεύομεν.
2486 554 2547 606 ’Π
2581 555 2635 607 δὲ
2663 553 2756 608 τοῦ
2791 556 2995 625 Κυρίου
3025 556 3337 617 διδασκαλία
3373 568 3530 620 ἐστὶν
3560 569 3689 639 αῦτη
3710 589 3721 601 ·

2159 647 2574 713 Πορευθέντες,
2605 648 2758 717 φησὶ,
2797 652 3214 717 μαθητεύσατε
3241 657 3441 712 πάντα
3480 663 3554 713 τὰ
3574 664 3720 726 ἔθνη,

2154 738 2546 803 ,ϐαπτίζοντες
2573 740 2796 805 αὐτοὺς
2819 742 2908 806 εις
2941 743 3004 793 τὸ
3029 743 3216 811 ὄνομα
3249 750 3353 802 τοῦ
3380 753 3610 818 Πατρές
3638 755 3721 805 καί

2160 831 2266 883 τοῦ
2300 832 2454 894 Tim",
2478 831 2574 884 καὶ
2598 832 2704 885 τοῦ
2734 833 2906 900 ἁγίου
2927 836 3290 903 Πνεύματος.
3323 841 3545 915 Ἐπειδὴ
3565 847 3722 899 τοίνυν

2161 923 2194 990 ἡ
2243 921 2506 985 ζοωποιὸς
2549 921 2776 990 δύναμις
2819 923 2910 974 ἐπὶ
2957 924 3067 976 τῶν
3102 927 3164 977 ἐκ
3205 925 3299 978 τοῦ
3329 927 3567 984 θανάτου
3605 936 3719 1005 πῷς

2158 1011 2257 1080 τὴν
2295 1011 2508 1064 αἰώνιον
2549 1011 2696 1083 ζωὴν
2754 1014 3251 1084 ἀναγεννωμένων,
3303 1019 3396 1072 διὰ
3435 1022 3542 1090 τῆς
3583 1025 3722 1092 ἁγίας

2161 1103 2388 1173 Τριὰδος
2415 1106 2754 1176 περιγίνεται
2783 1111 2895 1171 τοῖς
2935 1109 3072 1179 μετὰ
3111 1111 3347 1174 πίστεως
3376 1115 3719 1188 καταξιουμέ-

2160 1212 2271 1258 νοις
2307 1199 2406 1267 τῆς
2438 1198 2691 1268 χάριτος,
2735 1199 2828 1252 καὶ
2865 1202 3066 1271 ὁμοίως
3107 1203 3301 1274 ἀτελὴς
3329 1207 3364 1274 ἡ
3407 1207 3590 1276 χάρις,
3620 1211 3719 1274 ἑνός

2161 1305 2323 1351 τινος,
2354 1289 2466 1341 οἴου
2492 1289 2712 1360 δήποτε,
2754 1292 2864 1345 τῶν
2892 1294 2958 1345 ἐκ
2983 1295 3080 1364 τῆς
3107 1296 3267 1363 ἁγίας
3293 1297 3532 1367 Τριάδος
3556 1302 3721 1371 ὀνομά-

2158 1397 2268 1432 των
2315 1382 2775 1452 παραλειφθέντος
2815 1388 2876 1438 ὲν
2915 1387 2992 1458 τῷ
3037 1389 3292 1460 σωτηρίῳ
3351 1390 3719 1463 βαπτίσματι·

2159 1475 2220 1525 οὐ
2251 1473 2360 1544 γὰρ
2388 1477 2552 1547 χωρὶς
2575 1477 2892 1547 Πνεύματος
2921 1480 2977 1532 ὲν
3008 1481 3156 1552 μόνῳ
3178 1482 3311 1553 Υίῷ,
3343 1487 3436 1539 καὶ
3477 1489 3649 1559 Πατρὶ
3671 1492 3721 1543 τὸ

2164 1570 2460 1638 μυστήριον
2499 1571 2730 1624 τελεῖται
2787 1572 2886 1642 τῆς
2931 1575 3345 1646 ἀναγεννήσεως
3373 1597 3387 1608 ο
3429 1579 3563 1633 οὔτε
3608 1583 3722 1636 Υίοῦ

2163 1661 2552 1732 σιωπηθέντος,
2608 1665 2666 1716 ἐν
2716 1665 2920 1736 Πατρὶ,
2964 1669 3060 1722 καὶ
3106 1670 3382 1739 Πνεύματι
3419 1672 3485 1725 τὸ
3537 1675 3723 1730 τέλειον

2158 1754 2258 1823 τῆς
2303 1754 2448 1824 ζωῆς
2486 1756 2846 1827 παραγίνεται
2886 1757 3248 1831 βαπτίσματιο
3293 1764 3419 1818 οὔτε
3452 1768 3516 1820 ὲν
3545 1769 3721 1840 Πατρί,

2158 1847 2252 1900 καὶ
2281 1846 2427 1918 Υίῷ,
2465 1849 2796 1922 παρεθέντος
2825 1851 2922 1905 τοῦ
2957 1852 3305 1924 Πνεύματος,
3357 1859 3661 1914 ὲκτελεῖται
3696 1867 3723 1934 ἡ

2156 1938 2256 2008 τῆς
2287 1937 2634 2004 ἀναστάσεως
2667 1943 2855 2013 χάρις·
2889 1942 2979 1997 διὰ
3005 1944 3164 1999 τοῦτο
3189 1949 3372 2000 πᾶσαν
3397 1951 3504 2020 τὴν
3525 1952 3723 2018 ἐλπίδα,

2157 2029 2251 2080 καὶ
2279 2028 2378 2098 τὴν
2415 2029 2740 2098 πεποίθησιν
2770 2033 2870 2102 τῆς
2906 2032 3014 2086 τῶν
3061 2033 3247 2106 ψυχῶν
3276 2037 3435 2107 ἡμῶν
3468 2044 3726 2112 σωτηρίας

2159 2122 2216 2173 ὲν
2242 2126 2361 2185 ταῖς
2391 2124 2567 2194 τρισὶν
2583 2124 2934 2179 ὑποστάσεων
2960 2125 3174 2196 ἔχομεν,
3206 2127 3290 2180 διὰ
3319 2129 3431 2182 τῶν
3460 2132 3726 2202 ὀνομάτων

2157 2211 2364 2265 τούτων
2403 2212 2843 2284 γνωριζομένηνο
2903 2216 3000 2268 καὶ
3039 2217 3366 2288 πιστεύομεν
3409 2223 3496 2284 εἷς
3551 2240 3610 2275 τε
3649 2227 3728 2277 τὸν

2159 2305 2376 2376 Πατέρα
2398 2305 2490 2358 τοῦ
2525 2307 2730 2377 Κυρίου
2757 2308 2914 2378 ἡμῶν
2947 2309 3121 2380 Ἰησοῦ
3150 2312 3409 2381 Χριστοῦ,
3435 2315 3500 2376 ὃς
3529 2316 3672 2368 ἐστιν
3699 2320 3727 2388 ἡ

2160 2396 2311 2466 πηγὴ
2349 2396 2450 2466 τῆς
2482 2395 2652 2468 ζωῆς,
2678 2399 2771 2452 καὶ
2811 2402 2891 2462 εἰς
2921 2400 3012 2454 τὸν
3043 2403 3303 2472 μονογενῆ
3333 2403 3466 2457 Υἱὸν
3506 2407 3602 2460 τοῦ
3633 2410 3731 2462 Πα-

2158 2489 2305 2557 τρδς,
2335 2489 2395 2552 ὃς
2420 2490 2566 2541 ἐστιν
2600 2491 2841 2560 ἀρχηγὸς
2863 2493 2961 2562 τῆς
2987 2493 3151 2564 ζωῆς,
3185 2495 3328 2548 καθά
3353 2513 3528 2567 φησιν
3547 2501 3732 2554 631:6-

2161 2581 2368 2644 στόλος,
2407 2582 2500 2636 καὶ
2545 2585 2627 2646 εἰς
2659 2584 2720 2636 τὸ
2748 2583 2974 2654 Πνεῦμα
3005 2587 3066 2638 τὸ
3111 2586 3264 2649 ἅγιον
3292 2587 3387 2640 τοῦ
3415 2589 3581 2648 Θεοῦ,
3613 2597 3730 2663 περὶ

2158 2666 2219 2726 οὗ
2267 2668 2421 2726 εἶπεν
2463 2675 2492 2726 ὁ
2535 2675 2766 2746 Κύριος,
2825 2677 2906 2730 ὅτι
2941 2679 3010 2730 Τὸ
3037 2677 3281 2747 Πνεῦμά
3321 2681 3456 2734 ἐστι
3489 2685 3556 2734 τὸ
3603 2682 3730 2744 ᾄδοι

2159 2764 2395 2818 ποιοῦν.
2442 2765 2553 2818 Καὶ
2591 2765 2778 2836 ἐπειδὴ
2807 2768 2920 2828 τοῖς
2955 2765 3305 2838 λυτρωθείσιν
3331 2773 3468 2842 ημῖν
3497 2774 3609 2827 ἀπὸ
3647 2777 3731 2830 τοῦ

2160 2857 2412 2918 θανάτου,
2436 2859 2468 2928 ἡ
2494 2857 2653 2927 χάρις
2682 2861 2782 2929 τῆς
2811 2858 3113 2929 ἀφθαρσίας
3141 2860 3232 2914 διὰ
3261 2863 3359 2932 τῆς
3384 2865 3468 2927 είς
3495 2866 3729 2934 Πατέρα,

2161 2951 2254 3002 καὶ
2279 2949 2427 3015 Υἱὺν,
2461 2950 2556 3003 καὶ
2585 2949 2738 3015 ἆγιον
2777 2949 3000 3021 Πνεῦμα
3030 2951 3280 3016 πίστεως,
3295 2955 3354 3006 ὲν
3483 2960 3732 3030 σωτηρίῳ

477 3046 625 3091 state
659 3036 948 3106 indignum
979 3043 1186 3090 sanctae
1215 3033 1473 3089 Trinitati
1505 3033 1894 3087 connumerari
1936 3046 2054 3086 cre-

2169 3040 2522 3111 βαπτίσματι,
2557 3040 2736 3104 καθὼς
2761 3044 3081 3113 εἰρήκαμεν,
3113 3047 3501 3117 παραγίνεται,
3533 3052 3599 3102 ἐκ
3628 3052 3732 3104 τούς

473 3131 701 3194 dimus;
737 3129 940 3198 quippe
974 3143 1082 3182 una
1114 3135 1327 3181 tantum
1361 3134 1448 3181 est
1480 3125 1592 3180 vita
1629 3133 1821 3178 nostra
1842 3163 1857 3186 ,
1890 3139 2054 3194 quam

479 3237 578 3292 per
607 3220 767 3274 (idem
805 3221 859 3274 in
891 3229 1141 3275 sanctam
1173 3218 1502 3273 Trinitatem
1544 3217 1958 3286 consequimur,
1992 3231 2056 3270 ex

481 3313 590 3369 Deo
617 3312 839 3384 quidem
892 3315 1318 3378 universorum,
1370 3311 1545 3366 veluti
1593 3309 1782 3375 fonte,
1839 3324 2058 3380 proma-

478 3420 621 3460 nans
647 3444 662 3469 ,
699 3421 796 3476 per
837 3403 1034 3459 Filium
1068 3420 1199 3460 vero
1229 3403 1571 3475 procedens,
1621 3412 1678 3459 et
1729 3403 1785 3457 in
1843 3402 2058 3472 Spirittt

478 3508 677 3553 sancto
707 3506 1110 3552 consummata.
1144 3496 1258 3552 Hoc
1293 3498 1463 3568 igitur
1507 3506 1724 3552 certum
1765 3506 1932 3566 atque
1962 3511 2058 3550 ex~

480 3591 753 3660 ploratum
808 3587 1106 3651 habentes,
1161 3588 1509 3658 baptizamur
1560 3587 1818 3656 quidem,
1867 3602 2057 3654 quem-

478 3681 774 3736 admodum
804 3679 965 3734 nobis
1000 3677 1320 3733 mandatum
1349 3688 1436 3734 est
1463 3695 1479 3744 ;
1510 3678 1795 3733 credimus
1834 3687 2014 3730 autem
2038 3717 2052 3738 ,

478 3771 943 3844 quemadmodum
977 3771 1242 3841 baptizati
1273 3786 1466 3826 sumus
1495 3790 1510 3838 ;
1544 3770 1814 3826 sentimus
1847 3779 2052 3832 autem,

477 3864 938 3936 quemadmodum
995 3863 1316 3928 credimus;
1380 3863 1458 3917 ita
1515 3873 1575 3917 ut
1621 3864 1742 3917 sine
1784 3862 1894 3914 ulla
1948 3861 2058 3914 dis-

475 3959 755 4026 crepantia
786 3957 1057 4027 baptisma
1077 3995 1094 4021 ,
1163 3965 1221 4012 et
1252 3957 1420 4022 ﬁdes,
1463 3964 1520 4012 et
1562 3957 1834 4011 sententia
1864 3963 2054 4010 nostra

480 4053 535 4107 in
571 4051 772 4115 Patre,
807 4051 980 4116 Filio,
1031 4060 1085 4106 et
1138 4049 1351 4120 Spirittt
1404 4058 1596 4106 sancto
1648 4049 1939 4103 consistat.
1997 4046 2052 4100 Si

474 4146 604 4215 quis
629 4156 809 4200 autem
838 4145 1006 4208 duos,
1030 4144 1115 4198 vel
1138 4152 1250 4198 tres
1273 4143 1432 4205 deos,
1477 4143 1560 4196 vel
1589 4147 1704 4196 tres
1734 4139 2055 4194 divinitatcs

477 4239 648 4300 dicit,
679 4238 972 4292 anathema
1004 4235 1096 4289 sit.
1135 4235 1198 4288 Et
1225 4237 1271 4290 si
1305 4235 1430 4304 quis
1459 4233 1762 4289 secundum
1791 4232 1906 4286 Arii
1939 4245 2058 4302 per-

479 4333 796 4386 versitatem
832 4347 900 4384 ex
934 4346 1042 4384 non
1094 4328 1318 4383 entibus
1361 4325 1596 4390 Filium,
1644 4326 1730 4380 vel
1784 4324 2052 4395 Spiritum

2157 3151 2267 3187 των
2292 3133 2675 3205 ὁδηγούμενοι,
2727 3135 2879 3188 οὐδὲν
2914 3135 3132 3201 δοῦλον,
3183 3138 3302 3191 οὐδὲ
3340 3141 3587 3207 κτιστδν,
3616 3145 3732 3198 οὐδὲ

2156 3225 2256 3295 τῆς
2313 3226 2728 3298 μεγαλειότητος
2784 3228 2879 3281 τοῦ
2933 3230 3144 3298 Πατρὸς
3209 3231 3424 3297 ἀνάξιον
3471 3237 3541 3303 τῇ
3608 3237 3732 3305 ἁγία

2158 3317 2349 3389 Τριάδι
2415 3319 2860 3391 συναριθμεῖσθαι
2917 3321 3261 3392 πιστεύομεν.
3350 3325 3574 3396 Ἐπειδὴ
3645 3330 3732 3396 μία

2158 3409 2362 3480 ὲστὶνή
2398 3406 2512 3480 ζωὴ
2538 3409 2716 3480 ἡμῶν,
2750 3413 2783 3482 ὴ
2823 3410 2909 3464 διὰ
2937 3412 3035 3481 τῆς
3073 3414 3150 3474 εἰς
3184 3412 3281 3481 τὴν
3323 3413 3493 3479 ἁγίαν
3530 3415 3730 3484 Τριάῦα

2158 3502 2394 3566 πίστεως
2435 3505 2846 3575 παραγινομένη
2869 3520 2885 3538 ο
2936 3506 3002 3557 ἐκ
3034 3504 3133 3574 μὲν
3168 3502 3259 3556 τοῦ
3289 3503 3426 3556 Θεοῦ
3456 3505 3570 3558 τῶν
3603 3507 3730 3559 ὅλων

2156 3593 2512 3663 πηγάζουσα,
2567 3595 2654 3648 διὰ
2704 3595 2760 3648 δὲ
2807 3595 2901 3648 τοῦ
2943 3594 3073 3647 Υίοῦ
3127 3595 3421 3666 προϊοῦσα,
3470 3596 3532 3647 ὲν
3567 3597 3631 3651 δὲ
3662 3596 3730 3666 τῷ

2158 3687 2297 3758 ἁγίῳ
2344 3687 2620 3758 Πνεύματι
2661 3689 3048 3759 ἐνεργουμένη.
3108 3690 3322 3757 Ταύτην
3371 3684 3468 3741 οὖν
3519 3690 3730 3759 ἔχοντες

2155 3776 2255 3846 τὴν
2297 3776 2670 3847 πληροφορίαν
2711 3776 3084 3847 βατιτιζόμεθα
3117 3778 3244 3848 μὲν,
3280 3779 3358 3840 ὡς
3382 3778 3728 3849 προετάχθη-

2159 3887 2258 3939 μεν
2276 3908 2290 3932 ,
2325 3868 2652 3939 πιστεύομεν
2671 3869 2759 3934 δὲ,
2786 3869 2861 3932 ὡς
2892 3867 3296 3938 βαπτιζόμεθα,
3320 3867 3627 3940 δοξάζομεν
3656 3871 3727 3933 δὲ,

2156 3956 2232 4018 ὠς
2252 3955 2576 4026 πιστεύομεν
2601 3972 2616 3986 ·
2666 3955 2806 4010 ὥστε
2849 3958 3145 4028 ὁμοφώνως
3187 3958 3249 4010 τὸ
3281 3957 3566 4030 βάπτισμα
3587 4000 3606 4024 ,
3644 3963 3731 4014 καὶ

2154 4047 2254 4118 τὴν
2299 4047 2513 4112 πίστιν,
2557 4047 2653 4101 καὶ
2686 4049 2786 4119 τὴν
2832 4049 3018 4114 δόξαν,
3063 4051 3144 4112 είς
3172 4051 3389 4120 Πατέρα
3413 4047 3593 4115 εἶναι,
3641 4053 3730 4107 καὶ

2155 4135 2304 4197 Υίδν,
2329 4138 2421 4189 καὶ
2448 4137 2670 4207 Πνεῦμα
2701 4138 2876 4206 ἅγιον.
2912 4139 2975 4191 El
3001 4139 3058 4192 δέ
3082 4157 3165 4203 τις
3186 4140 3296 4202 δύο,
3317 4141 3348 4213 ἥ
3373 4145 3527 4212 τρεῖς
3551 4143 3728 4206 θεοὺς,

2153 4229 2187 4299 ἢ
2221 4233 2367 4299 τρεῖς
2412 4229 2668 4300 θεότητας
2711 4230 2879 4298 λέγει,
2929 4231 3177 4301 ἀνάθεμα
3217 4233 3375 4289 ἔστω.
3429 4231 3537 4286 Καὶ
3564 4236 3731 4296 εἴτις

2154 4320 2296 4374 κατὰ
2333 4321 2432 4390 τὴν
2471 4321 2681 4392 Ἀρείου
2706 4322 3032 4394 διαστροφὴν
3060 4325 3125 4377 ἐκ
3159 4323 3233 4394 μὴ
3262 4323 3430 4376 ὄντων
3461 4326 3618 4394 λέγει
3642 4329 3731 4379 τόν

478 4432 730 4480 sanctum
767 4421 968 4476 factum
1005 4421 1177 4476 fuisse
1207 4419 1381 4481 dicit,
1412 4418 1705 4473 anathema
1743 4417 1837 4472 sit.
1877 4414 2052 4482 Quot-

2163 4414 2303 4477 Υίὸν,
2327 4412 2362 4482 ἢ
2390 4413 2453 4467 τὸ
2481 4413 2703 4485 Πνεῦμα
2725 4414 2881 4482 ἅγιον
2914 4415 3257 4485 γεγενῆσθαι,
3279 4418 3531 4486 ἀνάθεμα
3560 4419 3726 4472 ἔστω.

477 4521 614 4582 quot
665 4519 849 4566 autem
918 4511 1162 4566 veritatis
1213 4511 1458 4580 regulam
1504 4509 1724 4576 secuti,
1766 4516 1884 4563 tres
1929 4522 2058 4562 con-

479 4606 702 4660 ﬁtentur
735 4618 1037 4673 personas,
1084 4617 1294 4672 easque
1341 4603 1398 4656 in
1454 4602 1573 4657 suis
1623 4601 2056 4671 proprietatibus

475 4699 565 4767 pie.
591 4711 656 4750 ac
688 4696 941 4764 religiose
970 4707 1354 4766 cognoscunt,
1385 4702 1441 4750 et
1467 4710 1633 4748 unam
1665 4693 1900 4749 credunt
1931 4709 2055 4748 esse

475 4793 819 4847 divinitatem
839 4830 854 4854 ,
885 4807 1052 4846 uuam
1084 4790 1384 4846 bonitatem
1407 4830 1422 4855 ,
1453 4805 1623 4844 unum
1653 4787 2050 4859 principatum,

477 4900 642 4939 unam
673 4891 992 4954 potestatem
1019 4923 1034 4947 ,
1067 4891 1231 4953 atque
1257 4883 1547 4944 virtutem,
1584 4896 1684 4935 nec
1716 4879 2048 4934 monarchiae

475 4977 774 5048 potentiam
823 4977 1128 5044 abrogant,
1161 4989 1262 5029 nec
1293 4973 1362 5028 ad
1409 4973 1758 5028 asserendam
1813 4975 2044 5026 deorum

473 5069 879 5122 multitudinem
926 5067 1280 5132 delabuntur,
1331 5081 1432 5120 nec
1487 5079 1753 5134 personas
1807 5063 2044 5120 coniun-

470 5161 640 5226 dunt,
673 5175 776 5214 nec
805 5176 874 5214 ex
897 5159 1264 5214 dissimilibus
1294 5158 1606 5227 diversique
1634 5157 1852 5226 generis
1879 5157 2043 5212 rebus

471 5262 721 5307 sanctam
769 5250 1096 5306 Trinitatem
1138 5259 1518 5321 componunt,
1559 5251 1654 5305 sed
1689 5249 1814 5304 ﬁdei
1845 5249 2045 5319 dogma

473 5341 527 5394 in
586 5341 948 5409 simplicitate
996 5339 1354 5409 suscipiunt,
1411 5354 1630 5394 omnem
1683 5339 1879 5393 salutis
1931 5353 2047 5393 suae

472 5443 622 5496 spem
653 5429 707 5482 in
740 5427 902 5482 Patre
923 5470 938 5493 ,
969 5427 1109 5483 Filio
1133 5471 1147 5491 ,
1181 5437 1235 5483 et
1276 5427 1486 5498 Spiritu
1534 5437 1727 5483 sancto
1769 5429 2046 5485 collocan-

472 5526 583 5580 tcs,
633 5519 688 5572 hi
738 5535 906 5574 unum
952 5521 1204 5591 idemque
1255 5521 1542 5576 nobiscum
1591 5520 1869 5583 sentiunt,
1919 5537 2044 5575 cum

471 5609 669 5677 quibus
701 5618 753 5662 et
785 5627 884 5663 nos
919 5622 1124 5679 partem
1158 5612 1210 5665 in
1245 5611 1474 5665 Domino
1501 5610 1704 5664 habere
1732 5627 2036 5680 precamur.

577 5722 590 5749 ³
623 5721 806 5777 Matth.
841 5741 1029 5788 xxvm,
1071 5727 1152 5780 19.
1241 5728 1258 5756 ¹
1298 5727 1418 5779 Act.
1454 5741 1548 5790 nt,
1585 5724 1668 5781 15.

2154 4505 2311 4559 Ὅσοι
2342 4505 2399 4560 δὲ
2439 4504 2518 4575 τῷ
2555 4507 2738 4560 κανόνι
2776 4507 2878 4576 τῆς
2913 4505 3166 4578 ἀληθείας
3201 4511 3580 4578 στοιχήσουσι,
3638 4513 3728 4562 καὶ

2151 4598 2250 4661 τὰς
2281 4601 2430 4668 τρεῐς
2469 4597 2819 4668 ὁμολογοῦσιν
2853 4599 3198 4666 ὑποστάσεις,
3237 4601 3478 4664 εὐσεϐῶς
3522 4603 3584 4654 ὲν
3617 4606 3730 4666 τοῖς

2149 4689 2360 4743 ἑαυτῶν
2391 4688 2642 4760 ίδιώμασι
2674 4691 3109 4761 γνωριζομένας,
3145 4694 3239 4745 καὶ
3274 4692 3403 4762 μίαν
3429 4694 3728 4747 πιστεύου-

2150 4799 2235 4834 σιν
2264 4777 2402 4835 εἷναι
2429 4781 2676 4852 θεότητα,
2709 4781 2838 4853 μίαν
2865 4783 3204 4852 ἀγαθότητα,
3243 4784 3370 4853 μίαν
3400 4785 3606 4855 ἀρχὴν,
3637 4787 3728 4839 καὶ

2152 4873 2426 4940 ἐξουσίαν,
2476 4874 2572 4928 καὶ
2607 4874 2869 4945 δύναμινο
2921 4877 3017 4929 καὶ
3052 4876 3176 4929 οὔτε
3216 4877 3394 4947 τὸτῆς
3420 4881 3728 4950 μοναρχίας

2151 4962 2403 5017 ἀθετοῦσι
2437 4965 2668 5034 κρᾶτος,
2713 4964 2837 5017 οὔτε
2882 4966 2962 5029 εἰς
3000 4965 3288 5020 πολυθείαν
3336 4957 3723 5032 ἐκπίπτουσιν,

2150 5055 2273 5109 οὔτε
2295 5058 2395 5120 τὰς
2424 5058 2747 5120 ὑποστάσεις
2767 5057 3104 5127 συγχέουσιν,
3130 5057 3251 5112 οὔτε
3275 5058 3330 5124 ἐξ
3362 5060 3723 5130 ἑτερογενῶν,

2149 5147 2243 5200 καὶ
2265 5147 2534 5216 ἀνομοίων
2573 5145 2670 5216 τὴν
2716 5147 2876 5214 ἁγίαν
2921 5148 3127 5218 Τριάδα
3185 5149 3556 5204 συντίθενταιο
3611 5153 3724 5205 ἀλλ’

2144 5238 2200 5288 ὲν
2228 5238 2490 5309 ἁπλότητι
2521 5239 2764 5310 δέχονται
2791 5239 2851 5292 τὸ
2879 5239 2980 5309 τῆς
3011 5241 3243 5304 πίστεως
3274 5241 3450 5312 δόγμα
3472 5284 3489 5307 ,
3540 5247 3724 5297 πᾶσαν

2142 5333 2239 5401 τὴν
2267 5331 2455 5384 ἐλπίδα
2485 5332 2583 5402 τῆς
2610 5331 2804 5384 ἑαυτοῦ
2837 5330 3109 5403 σωτηρίας
3151 5333 3209 5384 ἐν
3239 5333 3414 5401 Πατρὶ
3451 5335 3550 5386 καὶ
3588 5333 3720 5402 Titii,

2143 5424 2237 5476 καὶ
2267 5423 2406 5494 ἁγίῳ
2427 5424 2703 5494 Πνεύματι
2740 5425 3250 5490 καταπιστεύοντες,
3279 5419 3424 5480 οὗτοι
3456 5428 3605 5480 κατὰ
3630 5428 3720 5492 τὴν

2145 5517 2416 5587 ἡμετέραν
2451 5517 2664 5587 κρίσιν,
2715 5519 2783 5570 τὰ
2825 5517 2963 5571 αὐτά
2999 5517 3286 5587 φρονοῦσι,
3335 5518 3458 5589 μεθ’
3496 5512 3572 5573 ὧν
3633 5520 3718 5570 καὶ

2149 5610 2307 5678 ἡμεῖς
2340 5609 2481 5680 ἔχειν
2507 5611 2566 5663 ὲν
2604 5609 2791 5681 Κυρίῳ
2826 5610 2987 5683 μέρος
3017 5609 3303 5680 εὐχόμεθα,

1756 5726 1774 5756 ³
1812 5723 1968 5779 Joan.
2011 5741 2098 5790 γι,
2140 5721 2229 5776 65.

3805 1045 3816 1277 1

3814 943 3816 1089 γ
