3834 6406
119 234 272 290 ίοὸἴ

1307 248 1691 309 EI‘IS‘I‘OL/E.
1730 287 1798 296 -ο
1835 258 2079 319 EPIIST.
2126 265 2255 319 VIII.

2142 170 2171 192 η

3251 287 3387 347 I038

118 355 311 421 μένος.
346 354 675 426 Δυστύχημα
708 356 929 426 γέγονεν
960 359 1210 414 ἀκούσιον
1236 378 1249 392 ·
1287 363 1371 427 τίς
1402 366 1447 418 δ’
1478 366 1543 420 ἂν
1577 368 1681 421 ὲκὼ

1822 390 1885 427 ac
1919 375 2024 429 vita
2045 377 2363 449 suil‘ragium
2397 383 2666 439 creditum
2697 398 2801 443 est.
2823 389 3193 454 Involuntarie
3218 400 3392 456 infor-

108 443 521 516 δυστυχήσειε;
574 446 682 500 Καὶ
722 447 818 502 νῦν
852 450 1101 523 ἔγκλημα
1130 454 1228 524 τὴν
1276 454 1565 526 δυστυχίαν
1612 478 1710 512 πε-

110 536 379 606 ποίηνται
419 537 468 589 οἱ
504 538 624 591 κατ’
674 539 840 593 αὐτοῦ
878 542 975 613 τὴν
1008 545 1352 600 ὲπιθανάτιον
1407 549 1608 621 ταύτην
1637 551 1711 604 δί-

105 646 224 698 κην
276 630 658 699 συστήσαντες.
707 633 845 685 Ἀλλ’
898 636 1137 700 ἐκείνους
1186 638 1285 707 μὲν
1334 639 1481 704 ἰδίοις
1531 643 1710 713 γράμ-

110 738 259 789 μασι
292 720 613 789 καθυφεῖναι
651 723 747 793 τῆς
777 727 944 797 ὀργῆς
988 727 1302 799 δυσωπῆσαι
1345 734 1705 803 πειράσομαιο

101 811 177 861 τὸ
218 811 275 864 δὲ
326 811 415 864 σὸν
443 812 669 883 εὐμενὲς
703 816 840 883 μετὰ
886 815 982 869 τοῦ
1012 818 1219 872 δικαίου
1259 822 1353 874 καὶ
1394 823 1508 893 μεθ’
1551 825 1708 894 ήμῶν

98 903 370 971 γενέσθαι
398 905 719 975 παρακαλῶ,
751 908 897 971 ὅπως
927 908 995 961 ἂν
1033 909 1128 979 τὴν
1151 910 1440 982 ἀθλιότητα
1465 913 1556 966 τοῦ
1587 914 1706 967 νέου

98 998 139 1067 ἡ
207 996 276 1066 σὴ
328 996 703 1070 φιλανθρωπία
750 1001 1009 1070 νικήσειε,
1047 1002 1228 1054 πᾶσαν
1270 1003 1518 1074 μηχανὴν
1554 1004 1707 1069 ἐξευ-

100 1086 310 1153 ρούσα,
342 1087 408 1140 δι’
453 1082 521 1158 ἧς
554 1088 671 1155 -ἔξω
719 1089 976 1144 κινδύνων
1008 1091 1159 1146 ἔσται
1188 1094 1216 1146 ὀ
1251 1093 1383 1156 νέος,
1414 1095 1504 1148 τὸν
1543 1113 1706 1165 πονη-

97 1179 211 1249 ρὸν
244 1182 371 1233 κατ’
408 1180 572 1235 αὐτοῦ
616 1182 844 1253 δαίμονα
872 1183 959 1237 διὰ
996 1184 1094 1254 τῆς
1134 1184 1235 1255 σῆς
1284 1186 1598 1256 συμμαχίας
1628 1203 1705 1239 νι-

96 1269 316 1339 κήσας.
350 1270 535 1325 Πάντα
563 1268 713 1325 εἶπον
745 1274 802 1324 ὲν
836 1272 1129 1344 κεφαλαίῳ,
1162 1272 1197 1327 ἃ
1230 1273 1517 1345 βούλομαι*
1554 1276 1614 1328 τὸ
1647 1276 1703 1329 δὲ

98 1361 240 1413 καθ’
291 1362 518 1415 ἕκαστον
558 1363 923 1427 ὑποτίθεσθαι,
962 1365 1109 1428 ὅπως
1146 1365 1213 1418 ἂν
1244 1365 1609 1438 κατορθωθείη
1642 1367 1704 1419 τὸ

98 1453 570 1524 σπουδαζόμενον,
602 1454 721 1509 οὒτε
762 1456 895 1527 ἐμὸν
922 1456 988 1511 ἂν
1021 1458 1104 1529 εἴη
1132 1457 1193 1511 τὸ
1222 1457 1419 1526 λέγειν,
1447 1456 1570 1513 οὔτε
1609 1460 1701 1514 σὸν

96 1543 177 1596 τὸ
208 1544 571 1601 διδάσκεσθαι.

606 1978 950 2034 ΕΠΙΣΤΟΛΗ
982 1981 1042 2033 η’
1070 1980 1202 2050 (55).

1821 466 2036 519 tunium
2063 469 2281 523 accidit.
2306 470 2441 537 Quis
2468 476 2611 530 enim
2637 489 2829 549 sponte
2852 498 2951 538 sua
2974 484 3161 541 infelix
3185 491 3303 546 est?
3328 492 3393 547 lit

1819 572 1966 611 nunc
1998 558 2357 616 infortunium
2401 564 2551 621 istud
2596 570 2817 627 crimini
2853 584 3073 631 vertunt
3103 580 3197 649 qui
3235 582 3389 638 illum

1819 649 1897 703 rei
1929 652 2177 720 capitalis
2206 668 2552 712 accusarunt.
2577 660 2682 717 Sed
2707 678 2803 720 eos
2830 668 3071 737 quidem,
3108 672 3189 725 ira
3218 674 3388 744 depo-

1816 740 1948 802 sita.
1982 743 2142 800 mites
2177 756 2534 820 pacatosque,
2570 756 2756 812 missis
2788 759 2855 811 ad
2885 760 3133 831 singulos
3165 765 3385 832 litteris,

1818 834 2048 889 reddere
2094 840 2336 895 conabor
2367 860 2380 896 :
2422 850 2477 898 at
2506 859 2635 900 vero
2677 848 2966 907 clementia
2999 864 3114 919 tua,
3140 872 3263 913 cum
3295 859 3387 928 ju-

1818 926 1966 979 stitia
1996 928 2313 997 conjuncta,
2346 948 2415 988 ne
2443 948 2473 987 a
2508 936 2667 994 nobis
2706 938 2808 996 hac
2846 944 2900 997 in
2940 960 2998 1001 re
3039 926 3388 1005 desideretur

1813 1018 1972 1073 enixe
2015 1034 2169 1091 rogo,
2208 1030 2270 1076 ut
2302 1024 2515 1080 scilicet
2562 1027 2869 1100 benignitas
2898 1041 2988 1089 tua
3020 1039 3384 1096 adulescentis

1812 1103 1996 1156 vincat
2026 1106 2413 1175 calamitatem,
2447 1113 2583 1169 nihil
2611 1116 2933 1176 intentatum
2963 1127 3238 1192 omittens,
3270 1146 3383 1199 quo

1811 1191 2153 1260 adolescens,
2194 1213 2295 1268 ope
2321 1211 2409 1255 tua
2436 1203 2689 1274 improbo
2721 1209 2815 1264 illo
2849 1214 3011 1281 genio
3048 1215 3153 1271 sibi
3185 1191 3382 1274 adver-

1810 1379 1918 1425 tur.
1978 1374 2108 1439 Quae
2157 1379 2375 1434 animus
2420 1394 2541 1437 erat
2596 1386 2800 1453 dicere,
2854 1394 3043 1461 paucis
3090 1406 3381 1454 exsecutus

1807 1477 1967 1529 smn;
2028 1482 2134 1534 qua
2192 1485 2321 1525 vero
2379 1476 2591 1530 ratione
2640 1479 2745 1534 rite
2804 1493 3060 1554 recteque
3101 1489 3379 1559 negotium

1807 1553 1993 1623 perlici
2043 1568 2243 1626 queat,
2296 1577 2396 1618 nec
2442 1580 2621 1620 meum
2664 1579 2752 1626 est
2803 1553 3026 1640 dicere,
3085 1594 3188 1635 nec
3226 1589 3377 1635 tuum

1807 1646 2013 1701 dooeri.

2334 1996 2667 2060 EPISTULA
2704 2009 2840 2068 VIII.

718 2154 935 2227 Scripta
964 2159 1034 2213 ad
1073 2159 1379 2231 Cynegium,
1408 2173 1467 2216 ut
1496 2164 1718 2221 videtur.
1765 2167 1891 2221 Vide
1924 2172 2212 2237 superioris
2244 2178 2481 2245 epistoue
2511 2188 2781 2251 syllepsin.

188 2335 314 2406 Ἐφ’
337 2328 384 2404 ᾧ
413 2334 650 2406 μάλιστα
699 2337 851 2406 παρὰ
891 2337 999 2391 τῶν
1043 2340 1221 2409 σοφῶν
1249 2344 1279 2395 ὁ
1312 2342 1564 2413 βασιλεὺς
1591 2346 1681 2399 τῶι

188 2428 376 2452 ---ΑΩ1...
394 2445 437 2452 ι-.
464 2426 796 2452 ο-....λ.ν--...
831 2427 1193 2452 [ιλ-..ηινΑ-μκ
1224 2449 1235 2452 -
1270 2434 1282 2452 ι
1391 2435 1404 2451 9
1575 2436 1599 2448 α’

1872 2350 1988 2417 Qua
2033 2354 2089 2410 in
2132 2372 2191 2413 re
2230 2375 2485 2432 magnum
2542 2365 2694 2422 illum
2761 2370 3121 2433 Macedonum
3189 2397 3370 2452 regem

92 2428 437 2484 Μακεδόνων
464 2426 801 2498 θαυμάζεται
830 2427 1200 2499 (θαυμάζεται
1221 2434 1327 2507 γὰρ
1351 2435 1412 2488 ού
1446 2436 1695 2491 τοσοῦτον

95 2523 222 2583 τοῖς
262 2518 524 2590 Μηδικοῖς
574 2521 795 2589 τρόποις
849 2521 983 2592 (54),
1027 2522 1149 2575 οὐδὲ
1194 2528 1307 2589 τοῖς
1346 2526 1583 2590 Ἰνδικοῖς
1635 2546 1693 2581 τε

95 2614 206 2666 καὶ
246 2612 375 2684 περὶ
406 2612 497 2665 τὸν
522 2611 759 2666 ὠκεανὸν
784 2614 1135 2684 διηγήμασιν,
1160 2616 1280 2669 ὅσον
1300 2618 1391 2671 ἐπὶ
1419 2618 1496 2689 τῷ
1525 2621 1699 2673 εἰπεῖν

95 2705 199 2759 τὸν
232 2703 595 2774 θησαυρὸνιὲν
622 2707 733 2767 τοῖς
763 2703 937 2773 φίλοις
969 2705 1162 2777 ἔχειν),
1194 2707 1376 2778 τολμῶ
1394 2709 1499 2763 καὶ
1539 2711 1700 2776 αὐτὸς

96 2799 169 2850 ὲν
208 2796 286 2868 τῷ
318 2796 471 2868 μέρει
514 2796 688 2866 τούτῳ
730 2799 842 2860 τοῖς
894 2798 1102 2852 ἐκείνου
1148 2799 1419 2871 θαύμασιν
1463 2802 1698 2873 ἐμαυτὸν

97 2890 436 2960 ἀντεπᾶραι,
461 2888 553 2942 καί
578 2905 666 2959 μοι
692 2889 987 2960 προσήκειν
1008 2889 1098 2944 τὸν
1120 2891 1355 2947 τοιοῦτον
1380 2893 1565 2964 μέλλει
1584 2894 1697 2965 (55)

98 2979 267 3049 λόγον
297 2980 490 3033 εἰπεῖν.
523 2978 646 3033 Ὀτι
694 2978 749 3032 δὲ
798 2978 1011 3033 πλουτῶ
1053 2983 1120 3052 τῇ
1162 2981 1333 3053 φιλίᾳ,
1382 2984 1477 3036 καὶ
1527 2985 1698 3056 ὑπερ-

99 3073 250 3144 αίρω
295 3071 374 3142 τῷ
406 3069 630 3142 τοιούτῳ
680 3073 921 3143 κτήματι
972 3073 1113 3144 τάχα
1153 3077 1247 3128 καὶ
1288 3076 1453 3141 αὐτὸς
1494 3079 1699 3132 ἐκεῖνον

96 3165 199 3216 τὸν
265 3163 360 3215 ἐπὶ
398 3161 572 3232 τούτῳ
607 3162 1151 3253 μεγαλαυχούμενον.
1198 3164 1295 3253 Τίς
1348 3167 1457 3238 γὰρ
1505 3167 1699 3240 δκείνῳ

97 3247 349 3311 τοιοῦτος
381 3248 550 3316 φίλος,
578 3242 688 3312 οἷος
734 3250 856 3319 ἐμοὶ
899 3252 985 3314 σὺ,
1010 3251 1098 3306 διὰ
1139 3244 1355 3309 πάντων
1401 3256 1460 3309 ὲν
1486 3256 1700 3330 ἑκάστῳ

97 3339 210 3408 τῆς
245 3340 446 3411 ἀρετῆς
482 3339 611 3393 εῖδει
646 3340 783 3411 πρὸς
810 3341 1003 3397 ἑαυτὸν
1034 3344 1443 3416 ἁμιλλώμενος;
1474 3348 1701 3414 Πάντως

99 3431 222 3502 γὰρ
252 3432 355 3485 οὐκ
383 3431 448 3486 ἄν
473 3448 557 3495 τις
594 3432 739 3503 ἐμοὶ,
772 3433 943 3489 ταῦτα
991 3435 1199 3504 λέγοντι
1239 3438 1375 3509 (56),
1409 3440 1698 3494 κολακείαν

102 3522 479 3587 ἐπικαλέσειε,
513 3523 649 3594 πρός
671 3541 729 3577 τε
760 3524 857 3596 τὴν
886 3525 1101 3597 ἡλικίαν
1130 3529 1230 3599 τὴν
1260 3531 1400 3602 ὲμὴν
1441 3533 1535 3585 κα).
1563 3533 1697 3603 πρὸς

95 3614 200 3668 τὸν
232 3614 325 3666 σὺν
354 3614 466 3685 βίον
498 3613 740 3685 βλέπων⁹
770 3615 970 3689 ἐξωρός
996 3636 1057 3672 τε
1089 3620 1199 3692 γὰρ
1231 3621 1328 3692 ἤδη
1363 3623 1501 3693 πρὸς
1536 3624 1697 3677 κολα-

95 3706 325 3778 κείανὴ
361 3707 541 3772 πολιὰ,
572 3709 667 3762 καὶ
711 3708 773 3762 τὸ
818 3710 995 3780 γῆρας
1033 3713 1114 3776 είς
1160 3713 1400 3769 θωπείαν
1437 3717 1698 3786 ἀνεπιτή-

94 3798 269 3861 δειον,
306 3799 390 3852 σοί
413 3816 495 3864 τε,
531 3801 624 3853 κα)⁵
664 3801 713 3853 εί
754 3802 811 3853 ἐν
840 3801 957 3872 ὥρᾳ
983 3803 1077 3857 τοῦ
1115 3805 1429 3860 κολακεύειν
1457 3804 1509 3862 εἷ
1540 3826 1669 3863 ποτε

95 3893 129 3942 ὁ
177 3891 399 3953 ἔπαινος
449 3891 585 3963 πρὸς
632 3891 895 3962 ὑπόληψιν
946 3895 1234 3959 κολακείας
1272 3897 1333 3950 οὐ
1372 3898 1693 3964 κατέπιπτε,

93 3979 201 4032 τοῦ
266 3978 383 4048 βίου
441 3980 546 4051 πρὸ
586 3978 694 4034 τῶν
737 3978 909 4048 λόγων
965 3982 1273 4047 δεικνύντος
1316 3986 1407 4039 τὸν
1455 3987 1691 4042 ἔπαινον.

110 4071 259 4124 Ἀλλ’
304 4070 495 4141 ἐπειδὴ
524 4073 640 4135 τοῖς
682 4072 865 4137 καλοῖς
918 4074 1290 4130 πλουτούντων
1341 4078 1469 4131 ἴδιον
1515 4079 1574 4133 τὺ
1620 4083 1698 4134 εί-

93 4163 253 4218 εέναι
285 4161 608 4233 κεχρῆσθαι,
632 4156 714 4226 οἷς
744 4162 856 4233 ἔχει
886 4163 1023 4236 (57)°
1058 4166 1252 4238 ἀρίστη
1286 4167 1343 4221 δὲ
1359 4170 1553 4241 χρῆσις
1578 4172 1687 4225 τῶν

98 4254 443 4325 περιόντων,
480 4253 547 4307 τὰ
570 4253 681 4324 (58)
728 4256 883 4310 κοινὰ
926 4257 1237 4328 προτιθέναι
1293 4263 1403 4324 τοῖς
1451 4262 1623 4329 φίλοις
1656 4262 1692 4317 ἃ

96 4342 322 4412 ἔχουσι’
370 4340 521 4411 φίλος
570 4342 626 4396 δέ
679 4360 769 4413 μοι
818 4344 1037 4399 πάντων
1093 4348 1327 4418 μάλιστα
1372 4350 1459 4404 διὰ
1510 4352 1690 4425 πάσης

96 4432 456 4504 γνησιότητος
512 4437 988 4507 συνηρμοσμένος,
1045 4440 1074 4491 ὁ
1140 4440 1514 4506 ποθεινότατος
1574 4445 1688 4509 υίὸς

110 4526 483 4598 Ἀλέξανδρος
512 4528 891 4600 παρακλήθητι
918 4528 1086 4596 δεῖξαι
1123 4532 1269 4603 αύτῷ
1301 4534 1391 4586 τὸν
1425 4536 1557 4605 ἐμὸν
1589 4535 1688 4607 θη-

101 4613 340 4686 σαυρόν·
395 4615 489 4669 κα)⁹
545 4617 620 4688 μὴ
678 4616 846 4683 δεῖξαι
902 4618 1083 4688 μόνον,
1133 4622 1267 4676 ἀλλὰ
1310 4625 1402 4677 καὶ
1451 4626 1688 4696 δαψιλῶς

100 4709 408 4777 παρασχεῖν
436 4708 834 4781 ἐμφορηθῆναι,
883 4711 960 4781 τῷ
1000 4715 1295 4785 προστῆναι
1342 4717 1505 4771 αὑτοῦ
1548 4721 1684 4791 (59),

98 4800 247 4869 ὑπὲρ
277 4792 351 4853 ὧν
384 4800 527 4869 ἥκει,
560 4800 659 4870 τῆς
706 4801 806 4872 σῆς
852 4806 1184 4873 προστασίας
1232 4807 1515 4877 δεόμενος·
1544 4810 1684 4876 λέξει

96 4894 157 4946 δὲ
191 4893 259 4945 δι’
295 4892 485 4945 ἑαυτοῦ
507 4894 574 4947 τὰ
604 4895 801 4949 πάντα.
831 4897 987 4950 Οὕτω
1024 4899 1131 4970 γὰρ
1159 4902 1616 4977 εὐπρεπέστερον,
1647 4908 1681 4979 ἦ

94 4985 170 5037 τὰ
204 4983 325 5036 καθ’
353 4984 579 5039 ἕκαστον
617 4987 716 5057 ἐμὲ
744 4986 991 5051 διεξιέναι
1021 4989 1098 5060 τῷ
1130 4992 1436 5063 γράμματι.

1804 2443 2081 2510 sapientes
2134 2448 2483 2517 potissimum
2548 2458 2863 2528 suspiciunt
2902 2474 3065 2531 atque
3100 2443 3379 2528 admiran-

1803 2539 1923 2598 tur;
1973 2537 2116 2606 apud
2165 2554 2261 2596 eos
2307 2545 2508 2615 quippe
2554 2548 2907 2609 admirationi
2961 2558 3212 2626 habetur,
3263 2580 3373 2619 non

1800 2632 1911 2677 tam
1945 2625 2017 2681 ob
2047 2628 2307 2686 victorias
2344 2633 2412 2689 de
2440 2634 2612 2694 Medis
2661 2642 2894 2708 relatas,
2949 2648 3030 2702 vel
3060 2649 3130 2705 ob
3159 2625 3223 2707 ea
3252 2669 3373 2724 quae

1801 2717 1870 2773 de
1894 2720 2061 2778 rebus
2103 2724 2173 2778 ab
2212 2725 2332 2796 ipso
2358 2727 2414 2782 in
2446 2727 2601 2785 India
2635 2740 2689 2788 et
2714 2736 2863 2791 circa
2896 2737 3173 2798 Oceanum
3201 2717 3370 2817 gestis

1799 2820 2129 2880 narrantur,
2186 2831 2349 2886 quam
2400 2821 2546 2891 quod
2571 2823 2774 2881 dixerit
2823 2843 2884 2885 se
2928 2832 2981 2886 in
3012 2834 3205 2892 amicis
3246 2840 3371 2895 the-

1798 2916 2026 2960 saurum
2059 2908 2381 2977 possidere:
2432 2929 2561 2983 qua,
2593 2916 2839 2989 inquam,
2884 2923 2939 2978 in
2980 2942 3039 2982 re
3072 2931 3367 2987 maximam

1799 2993 1893 3050 ille
1916 2996 2004 3051 sui
2028 2997 2450 3058 admirationem
2478 3010 2797 3079 concitavit,
2826 3027 2890 3069 ea
2917 3017 3108 3089 utique
3133 3032 3191 3075 et
3220 3023 3361 3093 ipse,

1799 3100 1955 3155 aeque
1983 3102 2051 3144 ac
2082 3090 2194 3157 ille,
2228 3091 2411 3149 eil‘erri
2437 3094 2584 3153 haud
2614 3114 2832 3169 vereor,
2868 3114 2923 3160 et
2953 3123 3062 3164 non
3092 3090 3369 3172 immerito

1800 3181 2071 3242 atiirmare
2110 3201 2335 3258 possum
2377 3190 2601 3248 effatum
2644 3196 2777 3253 illud
2814 3200 2946 3255 mihi
2970 3204 3135 3259 etiam
3161 3221 3369 3263 conve-

1799 3274 1957 3341 nire;
2008 3290 2133 3332 nam
2180 3294 2305 3335 cum
2345 3297 2542 3355 magna
2581 3288 2714 3343 mihi
2747 3290 2820 3346 sit
2857 3294 3159 3351 amicorum
3188 3302 3365 3369 copia,

1799 3364 2035 3423 fortasse
2084 3377 2140 3424 et
2187 3369 2340 3426 illum
2385 3374 2453 3429 de
2489 3375 2558 3433 iis
2607 3394 2668 3434 se
2719 3383 3005 3452 magnifice
3042 3364 3364 3456 iactantem,

1798 3457 2113 3513 eorumdem
2160 3476 2390 3519 numero
2429 3473 2591 3535 atque
2644 3474 2957 3539 praestantia
2999 3476 3159 3549 longe
3208 3493 3363 3539 ante-

1805 3547 1963 3603 cello.
2006 3549 2140 3616 Quis
2173 3553 2317 3607 enim
2372 3555 2450 3609 illi
2494 3566 2602 3612 tam
2657 3564 2888 3629 amicus,
2934 3584 3097 3638 quam
3142 3579 3201 3626 tu
3236 3576 3366 3631 mihi

1796 3654 1879 3704 es,
1930 3643 2024 3712 qui
2077 3643 2132 3697 in
2177 3647 2326 3700 omni
2370 3648 2629 3705 virtutum
2679 3669 2879 3725 genere
2929 3675 3143 3731 semper
3177 3675 3368 3722 temet-

1808 3732 1989 3801 ipsum
2044 3751 2303 3806 superare
2372 3743 2698 3799 contendis?
2754 3748 2941 3820 Neque
2996 3756 3139 3809 enim
3209 3763 3367 3827 quia

1676 3850 1691 3873 ν
1721 3845 1765 3904 C
1798 3823 1941 3893 piam
1978 3840 2064 3880 me
2108 3827 2211 3883 ista
2246 3828 2515 3887 dicentem
2565 3840 2952 3897 assentationis
3000 3823 3362 3916 accusav-erit,

1796 3910 1844 3963 si
1877 3910 1943 3965 ad
1986 3920 2198 3968 :etatem
2242 3930 2419 3972 meam
2465 3928 2519 3974 et
2556 3931 2709 3978 tuum
2774 3928 2988 3985 vivendi
3050 3934 3359 3991 institutum

1796 4001 2073 4070 respiciat.
2117 4002 2252 4059 Nam
2300 4016 2355 4062 et
2397 4012 2656 4067 canitiem
2698 4031 2806 4071 non
2840 4021 2995 4077 decet
3039 4030 3358 4094 assentatio,

1795 4105 1897 4145 nec
1950 4101 2210 4152 senectus
2264 4098 2564 4157 adulationi
2598 4114 2721 4174 apta
2754 4118 2867 4175 est;
2925 4113 3019 4167 tibi
3054 4125 3234 4172 autem
3265 4122 3362 4175 im-

1794 4179 1991 4247 pertita
2023 4181 2144 4238 laus
2189 4192 2540 4256 quantumvis
2574 4193 2816 4251 adulatio
2855 4214 3058 4258 nostra:
3106 4215 3361 4266 conveni-

1795 4275 1881 4323 ret
1909 4272 2078 4337 aetati,
2124 4274 2177 4327 in
2214 4277 2420 4331 nullam
2460 4294 2609 4337 certe
2657 4290 3046 4347 assentationis
3078 4299 3356 4367 suspicio-

1797 4376 1919 4416 nem
1944 4362 2238 4431 incideret,
2272 4383 2397 4424 cum
2427 4371 2552 4427 vita:
2588 4381 2696 4429 tua;
2731 4380 2867 4433 ratio
2899 4383 2975 4435 nil
3002 4386 3181 4441 verbis
3205 4399 3359 4458 egeat

1794 4462 1855 4507 ut
1880 4469 1939 4509 se
1975 4458 2124 4511 omni
2169 4458 2330 4515 laude
2367 4461 2589 4533 dignam
2634 4483 2759 4525 esse
2803 4474 3078 4530 ostendat.
3124 4479 3191 4533 At
3230 4497 3359 4538 vero

1786 4559 1913 4600 cum
1976 4562 2167 4604 eorum
2217 4554 2311 4622 qui
2354 4555 2549 4613 divites
2603 4561 2741 4617 scite
2785 4565 3191 4641 prudenterque
3232 4584 3357 4633 esSe

1787 4649 2027 4708 norunt,
2084 4646 2363 4715 proprium
2418 4649 2489 4703 sit
2537 4651 2677 4707 seire
2726 4653 2832 4710 illis
2888 4660 2965 4712 uti
3019 4660 3178 4719 bonis
3237 4682 3359 4736 quae

1786 4733 2105 4801 possident;
2159 4738 2398 4806 optimus
2456 4749 2641 4798 autem
2688 4745 3003 4804 divitiarum
3065 4770 3199 4810 usus
3254 4733 3355 4826 sit,

1786 4823 1993 4877 amicos
2038 4839 2227 4880 eorum
2277 4843 2396 4897 qua:
2435 4831 2783 4899 possidemus
2813 4840 3108 4912 participes
3143 4845 3355 4917 facere;

1790 4914 1923 4967 mihi
1953 4924 2133 4970 autem
2166 4920 2377 4975 amicus
2409 4922 2481 4976 sit
2504 4925 2702 4980 eximia
2730 4944 2839 4997 pra:
2859 4936 3071 4989 caeteris
3098 4938 3357 4994 omnibus

1790 5005 2108 5061 sinceritate
2165 5010 2516 5079 conjunctus,
2576 5015 2974 5079 dilectissimus
3039 5024 3184 5082 ﬁlius
3238 5028 3358 5084 Ale-

2179 5061 2220 5063 ,_
2270 5061 2287 5078 ,
2337 5061 2516 5079 "ﬁ",
2578 5061 2974 5079 -..νν-..,........σ
3039 5061 3184 5082 ...ωδ
3238 5061 3356 5084 mc-

96 5061 353 5132 xander:
393 5080 513 5135 sine
547 5088 607 5135 ut
648 5097 830 5139 meum
874 5084 1194 5141 thesaurum
1228 5089 1333 5161 ipsi
1370 5094 1697 5163 ostendam,
1734 5113 1839 5154 nec
1871 5103 2158 5157 ostendam
2233 5111 2642 5176 tantummodo,
2692 5116 2787 5168 sed
2854 5126 2908 5170 et
2936 5118 3162 5175 eﬂiciam
3203 5135 3259 5177 ut
3292 5140 3356 5179 eo

172 5283 287 5351 (33)
324 5283 551 5358 ’Exiat.
608 5287 876 5358 inscripta
908 5289 1225 5358 perhibetur
1264 5295 1320 5350 in
1367 5312 1473 5351 ms.
1533 5297 1673 5355 Med.

106 5354 483 5426 ‘Avjtoxigvip,
518 5364 710 5426 estque
733 5354 819 5411 VI.

173 5423 289 5504 (ᾇᾶ)
344 5422 939 5504 Ὲρζιη-εεθῚεεεηᾱυῐη
998 5434 1312 5504 τροπαίοις,
1360 5446 1576 5504 tropica.
1612 5470 1681 5479 —-

100 5494 540 5577 Τριέξοιεκξιςᾱ.
568 5494 867 5577 τροπαίοις,
891 5494 1314 5577 utconjiciebat
1354 5494 1676 5577 Zacaguius.

174 5561 552 5639 (ὅῦλΜένζλει.
579 5561 654 5621 Id.
686 5561 1169 5639 οοειζμᾶλλονῘΕι
1206 5590 1329 5628 mox
1359 5561 1525 5632 αὑτὸῖ
1542 5561 1679 5632 agt;

98 5631 213 5686 νον.
270 5631 579 5719 {mucisque
631 5631 953 5711 interiectis,
999 5642 1169 5697 ταῦτα
1214 5644 1451 5713 λέγοντι,
1503 5631 1677 5719 prout

1807 5631 1903 5711 ων,
1937 5631 2015 5705 τό.

97 5703 414 5759 emendavit
449 5706 645 5777 editor,

1856 5300 1967 5369 ('56)
1996 5302 2072 5390 Ita
2098 5304 2707 5390 emendandumccnsui
2752 5316 3064 5373 Vaticanum
3089 5324 3352 5390 codicem,

1784 5370 1837 5425 in
1858 5389 1983 5447 quo
2010 5375 2228 5447 legitur,
2255 5379 2425 5430 ταῦτα
2459 5379 2651 5447 λέγων.

1848 5442 1961 5530 (3-7)
1992 5440 2093 5530 Οζξ
2126 5446 2273 5514 ἔχει.
2306 5447 2496 5503 Medic.
2530 5440 2614 5514 οἷς
2646 5454 2847 5524 ἔχουσι.
2892 5458 2957 5511 Et
3004 5463 3166 5529 paulo
3203 5475 3353 5530 ante.

1776 5513 1962 5575 καλῶς
1997 5515 2186 5569 πλουτ.

1846 5582 2125 5677 (38)1Τῶν
2158 5588 2502 5653 περιόντων,
2532 5589 2621 5642 τά.
2663 5590 2763 5648 Ms.
2814 5593 2952 5652 Med.
2998 5601 3107 5654 τῶν
3154 5604 3353 5677 παρόντι

1845 5723 1957 5791 (59)
1999 5726 2214 5780 Αὑτοῦ.
2249 5726 2325 5783 Id.
2364 5732 2486 5786 cod.
2519 5733 2723 5787 αὐτῶν·
