3834 6410
465 294 599 349 1059
1731 273 1788 328 S.
1813 267 2144 326 GREGORII
2186 265 2480 322 NYSSELVI
3591 258 3714 310 ltiti

457 409 662 464 atlatim
703 406 961 475 potiatur,
991 399 1120 453 dum
1152 397 1306 450 illum
1334 403 1427 447 tuo
1451 390 1759 463 patrocinio
1795 386 2132 455 indigentem
2199 383 2268 436 iis
2341 381 2397 434 in
2453 379 2691 450 negotiis
2768 378 3008 432 tueberis
3079 385 3244 447 atque
3294 376 3545 445 juvabis,
3585 390 3713 444 quo-

456 520 581 560 rum
623 473 790 556 causa
827 496 892 551 ad
922 504 975 551 te
1017 493 1188 549 venit.
1227 492 1348 561 Ipse
1387 500 1568 544 autem
1605 501 1703 557 per
1743 499 1802 542 se
1835 488 2038 539 cuncta
2077 477 2379 545 indicabit;
2402 477 2477 531 ita
2508 476 2654 532 enim
2689 475 2804 530 ﬁeri
2844 475 3028 544 potius
3055 473 3232 539 decet,
3259 490 3430 545 quam
3494 481 3554 527 ut
3620 479 3714 527 siu-

458 597 591 666 gula
623 593 691 647 ad
725 601 778 646 te
799 589 954 644 hisce
984 586 1186 640 litteris
1215 580 1649 654 pet-scribamus.

1020 871 1356 929 EPISTOLA
1382 868 1475 924 IX.

2627 857 2973 912 ΕΠΙΣΤΟΛΗ
3011 857 3069 911 θ’
3103 859 3235 930 (to).

460 1040 544 1094 Ea:
569 1038 725 1107 hujus
752 1033 986 1102 epistola:
1009 1038 1316 1107 argumento
1341 1027 1593 1107 discimus
1621 1021 1935 1106 Gregorium
1984 1023 2306 1094 Nyssenum,
2345 1020 2546 1107 ‘Ba‘silii
2579 1019 2768 1089 fratris
2793 1029 2848 1101 et
2878 1019 3127 1092 {Gregorii
3177 1020 3524 1078 Nazianzeni
3560 1041 3717 1079 citem-

526 1091 614 1177 ριο
633 1091 698 1161 in
729 1091 958 1177 er'entunt
991 1091 1281 1177 aliquando
1311 1098 1608 1177 secessisse,
1639 1091 1788 1175 cuius
1817 1095 1891 1177 rei
1917 1091 2090 1176 nescio
2119 1111 2186 1177 an
2219 1091 2554 1177 aputl'alium
2593 1095 2893 1159 quempiam
2933 1091 3153 1146 veterem
3183 1098 3503 1162 scriptorem
3541 1100 3715 1150 mentio

528 1162 805 1234 'habeatur.
831 1162 1093 1230 Ceterum
1119 1169 1186 1224 ad
1213 1183 1488 1238 quemnam
1514 1166 1623 1219 hwc
1646 1166 1870 1234 epistola
1898 1166 2094 1232 scripta
2122 1165 2281 1233 fuerit
2318 1162 2558 1216 divinare
2587 1177 2688 1214 non
2723 1177 3022 1221 possumus.

529 1361 664 1416 Tale
687 1355 969 1428 quidpiam
1000 1323 1387 1404 admirandum
1429 1343 1855 1414 praestigiator-cs
1893 1341 2027 1394 arti-

2202 1341 2454 1395 Τοιοῦτόν
2497 1359 2554 1395 τι
2603 1342 2788 1413 θαῦμά
2833 1361 2996 1412 φασιν
3050 1346 3108 1396 ὲν
3153 1347 3264 1407 τοῖς
3307 1343 3566 1414 Θεάτροις
3601 1347 3717 1407 τοὺς

460 1453 649 1509 liciose
705 1452 760 1504 in
818 1444 1048 1502 theatris
1102 1441 1264 1496 edere
1316 1438 1503 1500 aiunt,
1562 1450 1686 1489 cum
1740 1432 1924 1487 fabula
1969 1447 2037 1486 ex

463 1544 716 1600 historiis
747 1545 1019 1599 mutuata,
1062 1533 1144 1588 vel
1178 1530 1500 1586 narratione
1543 1528 1728 1596 aliqua
1761 1533 1946 1580 vetere
1982 1525 2039 1578 in

461 1634 856 1707 praestigiarum
881 1627 1159 1681 materiem
1179 1627 1480 1690 assumpta,
1511 1633 1625 1674 rem
1656 1624 1849 1680 totam,
1881 1615 2040 1685 quasi

464 1743 592 1782 vere
632 1733 760 1778 tunc
796 1726 1097 1791 gereretur,
1129 1715 1344 1768 actione
1389 1726 1453 1765 ac
1485 1718 1639 1780 gestu
1671 1715 2038 1783 spectatorum

461 1819 641 1874 oculis
672 1812 994 1884 subjiciunt.
1018 1809 1191 1862 Porro
1214 1807 1316 1860 hoc
1339 1811 1521 1874 pacto,
1547 1800 1691 1871 quod
1717 1797 1823 1854 sibi
1844 1812 2043 1867 reprae-

464 1908 794 1967 sentandum
845 1905 1276 1974 proposuerunt,
1330 1893 1574 1949 elliciunt
1603 1912 1615 1946 :
1649 1889 1844 1944 Varias
1893 1887 2042 1942 enim

469 2003 676 2056 lormas
705 2004 870 2065 atque
912 2003 1180 2063 personas
1221 1985 1438 2049 induti,
1487 1998 1554 2037 ac
1604 1982 1796 2036 urbem
1825 1993 2044 2048 quoque

467 2095 523 2148 in
565 2091 854 2146 orchestra
888 2099 952 2140 ex
993 2082 1127 2137 velis
1157 2078 1528 2142 ellormantes,
1555 2077 1762 2128 nudum
1794 2072 1944 2125 illum
1970 2071 2044 2123 lo-

468 2195 593 2237 cum
630 2187 745 2233 tum
786 2175 1007 2228 demum
1044 2170 1162 2222 viva
1199 2173 1476 2237 gestarum
1515 2177 1699 2218 rerum
1738 2161 2044 2215 imitatione

471 2276 546 2327 ita
585 2269 651 2324 ad
700 2265 898 2322 fabulae
935 2267 1317 2331 argumentum
1364 2253 1799 2316 accommodant,
1842 2260 1901 2305 ut
1933 2259 2044 2304 tam

471 2363 578 2434 ipsi
614 2374 801 2416 rerum
848 2369 970 2428 qua:
1004 2355 1060 2407 in
1093 2351 1185 2404 illa
1218 2341 1452 2404 historia
1491 2347 1868 2405 continentur,
1921 2343 2044 2397 inii-

472 2465 700 2519 tatores,
731 2465 897 2523 quam
947 2447 1067 2502 vela
1101 2445 1245 2515 ipsa,
1295 2444 1449 2505 urbs,
1474 2439 1754 2502 videlicet,
1784 2438 1922 2492 velis
1959 2451 2048 2489 re-

2142 1433 2682 1503 θαυματοποιοῦντας
2719 1434 3110 1504 τεχνάζεσθαι”
3153 1435 3337 1488 Μῦθον
3363 1437 3423 1501 ἐξ
3470 1437 3717 1506 ἱστορίας,

2141 1524 2175 1593 ἦ
2203 1539 2325 1576 τινα
2353 1522 2461 1576 τῶν
2503 1524 2743 1595 ἀρχαίων
2775 1524 3147 1596 διηγημάτων,
3183 1526 3438 1579 ὑπόθεσιν
3476 1527 3575 1596 τῆς
3603 1526 3722 1579 Ouu-

2158 1609 2484 1678 ματοποιίας
2511 1608 2787 1672 λαϐόντες,
2838 1609 2984 1680 ἔργῳ
3009 1612 3121 1673 τοῖς
3163 1610 3374 1672 θεαταῖς
3415 1609 3716 1681 διηγοῦνται

2141 1700 2238 1766 τὴν
2263 1699 2523 1768 ἱστορίαν.
2550 1697 2870 1768 Διηγοῦνται
2899 1697 2953 1750 δὲ
2981 1699 3154 1761 οὕτως
3183 1698 3250 1750 τὰ
3281 1698 3593 1768 κατάλληλα
3622 1699 3718 1750 τῶν

2145 1791 2572 1861 ἱστορουμένων’
2609 1789 2926 1852 Ὑποδύντες
2981 1789 3234 1860 σχήματά
3282 1806 3339 1842 τε
3401 1790 3500 1842 καὶ
3560 1790 3716 1858 πρόσ-

2142 1900 2288 1943 ωπα,
2317 1883 2411 1934 καὶ
2443 1880 2596 1935 πόλιν
2639 1881 2703 1933 ἐκ
2742 1881 3255 1950 παραπετασμάτων
3300 1881 3392 1932 ἐπὶ
3433 1879 3543 1949 τῆς
3569 1881 3715 1950 ὀρχή-

2146 1987 2310 2041 στρας
2342 1971 2409 2024 δι’
2438 1970 2750 2042 ὁμοιότητός
2795 1987 2938 2033 τινος
2990 1969 3438 2040 σχηματίσαντες,
3494 1971 3587 2022 καὶ
3615 1970 3715 2040 (il)

2143 2063 2281 2126 τέως
2311 2061 2465 2131 ψιλὸν
2497 2063 2661 2116 τόπον
2691 2065 2755 2132 τῇ
2787 2063 3008 2132 ὲναργεῖ
3040 2062 3268 2132 μιμήσει
3312 2062 3422 2115 τῶν
3471 2064 3718 2133 πραγμάο

2144 2171 2253 2207 των
2297 2154 2695 2218 οἰκειώσαντες,
2742 2153 2927 2224 θαῦμα
2968 2157 3080 2217 τοῖς
3123 2153 3415 2221 θεωμένοις
3464 2154 3717 2222 γίνονται,

2146 2248 2297 2302 αὐτοί
2333 2265 2392 2300 τε
2417 2249 2466 2299 οἱ
2505 2248 2738 2318 μιμηταὶ
2767 2247 2873 2300 τῶν
2916 2248 2972 2299 ὲν
3008 2249 3071 2315 τῇ
3122 2245 3330 2317 ἱστορίᾳ
3362 2249 3715 2316 πραγμάτων,

2148 2339 2242 2393 καὶ
2267 2338 2335 2392 τὰ
2369 2337 2861 2409 παραπετάσματα,
2910 2337 2944 2406 ή
2989 2335 3138 2398 πόλις
3189 2336 3275 2407 δή.
3322 2336 3387 2388 Ti
3422 2333 3523 2389 οὖν
3552 2353 3644 2407 μοι
3669 2337 3720 2389 τὲ

2147 2431 2388 2501 διήγημα
2420 2429 2700 2499 βούλεται;
2736 2428 2951 2500 Ἐπειδὴ
2980 2428 3137 2500 χρεία
3169 2430 3296 2500 ἡμῖν
3320 2429 3419 2500 τὴν
3455 2429 3534 2500 μὴ
3564 2427 3723 2484 οὖσαν

474 2518 828 2618 ριάξεεῐιιιιιο,
845 2537 1172 2596 miraculum
1193 2532 1596 2606 spectatoribus
1618 2530 1773 2584 ﬁant.
1787 2530 1858 2581 At
1879 2541 2048 2597 quare

2156 2523 2303 2577 πόλιν
2361 2521 2454 2575 καὶ
2481 2519 2645 2575 οὖσαν
2671 2520 2781 2590 (4ἳ)
2805 2518 2974 2585 δεῖξαι
3011 2523 3123 2582 τοῖς
3152 2519 3410 2583 συνιοῦσι,
3437 2522 3723 2592 παρακλή-

475 2611 632 2693 nobis
674 2634 927 2691 instituta
970 2640 1055 2686 est
1107 2627 1221 2680 haec
1265 2622 1549 2678 narratio?
1602 2619 1872 2686 Quoniam
1915 2616 2048 2699 milii

2156 2615 2271 2686 Βητι
2296 2613 2547 2684 γενέσθαι
2578 2613 2677 2683 τῆς
2721 2613 2927 2676 πόλεως
2969 2612 3125 2683 ἡμῶν
3177 2611 3424 2688 οἰκιστὴς
3472 2614 3724 2688 αὐτοσχέ-

472 2744 612 2799 opus
645 2733 734 2783 est
790 2724 1005 2786 urbem,
1039 2734 1161 2790 qua:
1190 2729 1462 2786 nusquam
1493 2719 1616 2776 est,
1660 2712 1821 2782 quasi
1850 2695 2045 2764 revera

2156 2706 2274 2771 Βιος,
2308 2705 2459 2776 αὐτῷ
2479 2703 2556 2776 τῷ
2585 2705 2816 2775 φανῆναι
2869 2704 3026 2775 μόνον
3060 2704 3236 2779 (πόλιν
3265 2705 3401 2764 εἶναι
3432 2708 3618 2763 δοκεῖν
3648 2711 3724 2761 τὸν

473 2794 642 2884 esset,
699 2813 1116 2872 advenientibus
1167 2807 1479 2870 ostendere,
1534 2811 1592 2859 te
1645 2804 1810 2859 etiam
1879 2807 2046 2870 atque

2156 2799 2352 2870 ξρημον
2375 2798 2550 2869 χῶρον
2575 2797 2978 2869 παρασκευάσω
3005 2794 3164 2873 ί45])’
3192 2800 3275 2854 ὅτι
3304 2801 3387 2854 σοὶ
3417 2802 3520 2856 καὶ
3554 2804 3590 2872 ἡ
3622 2802 3725 2862 ὁῶς

474 2914 640 2967 etiam
669 2924 823 2980 rogo,
859 2914 918 2961 ut
941 2905 1130 2975 specie
1157 2909 1372 2956 tantum
1403 2906 1564 2952 tenus
1593 2895 1730 2951 tein
1760 2900 2046 2961 extempo-

2156 2891 2208 2943 οὐ
2241 2889 2430 2960 πολλὴ,
2465 2889 2558 2942 καὶ
2594 2892 2630 2960 ή
2678 2890 2857 2959 χάρις,
2909 2891 2976 2961 ἣν
3015 2891 3225 2958 δώσεις,
3278 2892 3488 2963 σφόδρα
3538 2892 3722 2962 πολλή.

475 3006 649 3059 ralem
691 3000 846 3058 urbis
906 3005 1109 3055 nostra:
1151 2995 1326 3049 civem
1379 2988 1575 3047 ascisei
1617 2986 1850 3058 patiaris
1887 2984 2048 3056 (dabo

2156 2982 2462 3052 ὼυλόμεθα
2493 2981 2602 3052 γὰρ
2632 2981 3018 3052 φαιδροτέρους
3046 2983 3159 3055 (44)
3181 2985 3402 3048 ἑαυτοὺς
3430 2983 3607 3048 δεῖξαι
3631 2987 3727 3045 τοῖς

477 3097 679 3167 quippe
729 3105 958 3164 operam
1002 3097 1063 3144 ut
1099 3083 1381 3141 solitarius
1420 3082 1523 3137 iste
1568 3079 1724 3133 locus
1771 3077 1902 3131 urbs
1930 3090 2048 3131 esse

2156 3073 2424 3135 συνοῦσιν,
2488 3073 2600 3126 ἀντ’
2648 3073 2809 3128 ἄλλου
2856 3075 3000 3140 τινὸς
3049 3076 3273 3148 κόσμου,
3305 3077 3370 3149 τῇ
3415 3075 3726 3146 φαιδρός-ηπ

479 3165 771 3258 videatur),
806 3181 1252 3256 quandoquidem
1284 3178 1386 3234 tibi
1427 3191 1535 3230 non
1563 3174 1794 3229 multum
1827 3170 2046 3226 itineris

2157 3165 2312 3238 ὑμῶν
2343 3165 2824 3237 καλλωπιζόμενοι.

477 3256 880 3340 conficiendum
930 3283 1034 3343 est,
1078 3274 1252 3347 gratia
1283 3279 1488 3335 autem,
1536 3281 1700 3339 quam
1732 3262 2042 3337 prastabis,
2082 3259 2268 3347 valde_
2293 3273 2514 3330 magna.
2543 3256 2812 3314 Volumus
2854 3260 3056 3330 quippe
3098 3269 3318 3315 nosmet
3357 3259 3514 3332 ipsos
3550 3262 3724 3332 splen-

479 3336 720 3435 didiores
751 3336 1062 3442 hospitibus
1079 3336 1408 3430 “ostendere,
1443 3336 1624 3417 vestra
1655 3336 1866 3415 scilicet
1903 3355 2176 3419 claritate,
2205 3336 2316 3424 pra:
2342 3353 2454 3407 alio
2477 3351 2736 3424 quopiam
2772 3359 2990 3417 ornatu,
3015 3351 3282 3408 decorati.

2075 3569 2148 3582 -ια

1047 3704 1396 3762 EPISTOLA
1437 3705 1503 3762 x.
2656 3694 3001 3751 summa
3044 3693 3078 3747 ι’
3103 3691 3244 3766 (45)..

486 3887 712 3943 Cuiuam
740 3885 849 3940 lucc
880 3882 1103 3950 epistola
1132 3881 1329 3948 scripta
1362 3880 1544 3948 fuerit,
1576 3878 1782 3950 penitus
1814 3878 2024 3946 ignoro,
2057 3894 2176 3950 cum
2201 3877 2319 3945 ejus
2348 3875 2512 3950 veer
2541 3875 2744 3950 nullam
2769 3873 2839 3929 ad
2870 3874 2928 3950 id
2958 3871 3340 3950 conjiciendum
3366 3889 3724 3950 opem‘suppe-

553 3957 719 4010 ditent
749 3970 770 4009 :
804 3943 1006 4009 videtur
1028 3963 1200 4006 tamen
1222 3943 1280 4004 eo
1308 3943 1536 4018 tempore
1563 3943 1694 4002 data
1717 3943 1900 4018 fuisse,
1927 3965 2027 4018 quo
2066 3943 2344 4019 Nyssénus
2373 3946 2438 4000 ab
2466 3945 2705 4000 Ecclesia
2732 3963 2830 4001 sua
2870 3944 3104 3998 Valentis
3119 3944 3276 4013 jussu
3307 3943 3619 3999 exsulabat.

557 4137 792 4204 Quinam
849 4147 1017 4188 verno
1064 4141 1311 4201 tempore
1356 4127 1456 4185 ﬂos
1517 4139 1626 4183 tam
1656 4135 1879 4198 gratus,
1907 4140 2048 4195 qua:-

2227 4129 2384 4181 Ποίον
2413 4123 2651 4179 τοιοῦτον
2673 4123 2833 4187 ἄνθος
2854 4124 2912 4177 ὲν
2946 4121 3067 4193 ἔαρι
3092 4137 3106 4187 ;
3143 4121 3297 4185 Τίνες
3320 4120 3568 4175 τοιαῦται
3608 4139 3727 4192 μου.

486 4246 612 4286 nam
641 4225 981 4284 cantantium
1006 4227 1188 4280 avium
1212 4237 1374 4278 voces
1397 4230 1506 4284 tam
1543 4235 1742 4276 suaves
1765 4257 1782 4284 ,
1807 4233 2048 4289 quaenam

2163 4218 2330 4271 σικῶν
2385 4215 2611 4287 ὀρνίθων
2669 4212 2878 4283 φωναί;
2929 4211 3115 4275 Ποίαις
3168 4211 3386 4274 λεπταῖς
3425 4212 3524 4265 καὶ
3568 4229 3729 4284 προε-

488 4333 597 4378 tam
649 4318 878 4391 placida:
923 4326 1086 4387 atque
1118 4317 1266 4370 lenes
1297 4328 1466 4378 aurae,
1497 4311 1699 4382 quibus
1733 4309 2048 4379 tranquilla-

2159 4312 2314 4381 ηνέσι
2361 4313 2481 4374 ταῖς
2519 4307 2714 4380 αὔραις
2754 4305 3240 4373 καταγλυκαίνεται
3283 4304 3600 4376 γαληνιῶσα
3646 4306 3730 4359 Θά-

491 4421 606 4466 tum
636 4424 788 4465 mare
823 4407 1086 4472 mitescit,
1148 4419 1397 4476 quaenam
1446 4404 1608 4458 tellus
1651 4400 1913 4472 agricolis
1946 4408 2056 4454 tam

486 4500 757 4568 jucunda,
794 4501 909 4556 sive
947 4498 1106 4553 viridi
1146 4505 1328 4568 segete
1361 4494 1623 4558 luxuriet,
1656 4493 1772 4548 sive
1800 4491 1911 4561 jam
1945 4488 2059 4558 spi-

497 4607 682 4647 carum
711 4590 1048 4646 culminibus
1076 4589 1334 4652 ﬂuctuet,
1363 4600 1526 4656 quam
1560 4599 1727 4640 suave
1757 4597 1822 4636 ac
1850 4581 2054 4651 jucun--

491 4684 619 4739 dum
657 4691 741 4739 est
769 4696 865 4736 ver
886 4680 1019 4735 illud
1047 4679 1333 4750 spirituale
1357 4676 1526 4748 quod,
1558 4675 1671 4730 tuis
1703 4688 1890 4745 pacem
1924 4671 2058 4726 atie-

492 4773 741 4830 rentibus
774 4771 966 4837 radiis,
1019 4786 1112 4840 per
1152 4771 1461 4825 litterarum
1503 4774 1722 4823 tuarum
1769 4763 2056 4834 fulgorem,

491 4863 662 4917 vitam
695 4869 966 4924 nostram,
998 4859 1223 4914 minrori
1251 4859 1613 4920 subtractam,
1636 4856 1902 4912 illustrem
1919 4853 2059 4908 hila-

493 4968 720 5022 remque
772 4951 990 5007 reddit?
1037 4950 1130 5005 Sic
1166 4949 1330 5006 nobis
1374 4948 1609 5004 fortasse
1641 4948 1892 5018 congruit
1934 4960 2056 5014 pro-

493 5042 768 5112 pheticum
824 5040 959 5096 illud
1008 5041 1077 5096 de
1125 5039 1488 5110 praesentibus
1527 5038 1684 5093 bonis
1738 5049 2051 5106 usurpare:

2160 4400 2370 4465 λασσα.;
2415 4400 2511 4462 Τις
2558 4399 2763 4468 ἄρουρα
2811 4399 2918 4459 τοῖς
2953 4394 3240 4464 γεηπόνοις
3284 4393 3456 4458 οὕτως
3495 4395 3730 4466 ἡδεῖαῆ

2160 4487 2524 4560 εὐθηνουμένη
2572 4485 2763 4556 ληῖοις,
2802 4484 2834 4556 ἢ
2876 4487 2985 4547 τοῖς
3029 4485 3257 4555 καρποῖς
3286 4484 3386 4554 ἢδη
3431 4484 3540 4537 τῶν
3571 4486 3731 4537 ἀστα-

2161 4575 2304 4648 χύων
2338 4574 2800 4645 ὑποκυμαίνουσα,
2844 4573 2967 4626 ὅσον
3009 4571 3069 4626 τὸ
3105 4569 3472 4643 πνευματικὸν
3510 4571 3638 4642 ἔαρ,
3673 4578 3730 4625 ἐκ

2159 4668 2258 4738 τῆς
2307 4667 2583 4738 εἰρηνικῆς
2624 4682 2717 4718 σου
2762 4664 2997 4727 ἀκτῖνος,
3043 4661 3131 4715 διὰ
3158 4662 3256 4731 τῆς
3307 4663 3365 4715 ὲν
3409 4665 3524 4725 τοῖς
3549 4665 3728 4732 γράμο

2163 4776 2298 4830 μασι
2353 4757 2710 4829 λαμπηδόνος,
2758 4754 2856 4825 τὴν
2912 4752 3054 4824 ζωὴν
3102 4751 3257 4823 ἡμῶν
3317 4755 3381 4805 ὲκ
3432 4753 3728 4823 κατηφείας

2163 4848 2556 4923 [ὲ]φαιδρῦνον;
2589 4847 2743 4921 Οὕτω
2790 4847 2895 4918 γὰρ
2932 4846 3062 4915 ἡμῖν
3107 4845 3244 4915 τάχα
3289 4843 3348 4896 τὸ
3401 4845 3729 4914 προφητικὸν

2159 4943 2390 5012 ἁρμόσει
2437 4941 2548 5003 τοῖς
2589 4937 2850 5011 παροῦσιν
2907 4934 3126 5003 ἀγαθοῖς
3171 4933 3631 5003 ἐπιφθέγξασθαι,
3656 4935 3729 4987 ὅτι

2162 5031 2322 5086 Κατὰ
2350 5031 2414 5086 τὸ
2452 5028 2685 5099 πλῆθος
2720 5026 2840 5082 τῶν
2864 5027 3114 5094 ὀδυνῶν,
3143 5025 3259 5080 τῶν
3287 5027 3356 5079 ἐν
3380 5025 3457 5094 τῇ
3495 5025 3729 5093 καρδίῃ.

492 5132 790 5188 Secundum
838 5129 1234 5186 multitudinem
1273 5130 1515 5183 dolorum
1551 5144 1783 5182 meorum
1818 5128 1870 5180 in
1898 5125 2048 5180 corde

2157 5127 2215 5177 al
2247 5123 2351 5177 τοῦ
2385 5120 2532 5176 Θεοῦ
2561 5120 2984 5189 παρακλήσεις,
3007 5115 3095 5171 διὰ
3129 5117 3225 5187 τῆς
3252 5115 3348 5185 σῆς
3379 5115 3725 5183 ἀγαθότητος,
3804 5119 3805 5124 “

494 5243 628 5292 meo,
661 5225 1044 5280 consolationes
1080 5221 1194 5289 Dei,
1242 5236 1338 5291 per
1359 5220 1686 5290 probitatem
1715 5227 1885 5284 tuam,
1918 5218 2048 5272 laeti-

2159 5213 2274 5283 τὴν
2343 5210 2551 5282 ψυχὴν
2627 5208 2795 5279 ἡμῶν
2865 5209 3170 5278 εὕφραναν
3194 5249 3212 5274 ,
3267 5207 3501 5261 ἀκτίνων
3565 5206 3724 5275 ,δίκην

563 5481 684 5606 ἑξὲ
711 5483 947 5605 garriat.
970 5480 1027 5537 In
1043 5480 1164 5538 cod.
1196 5477 1339 5535 Med.
1384 5475 1706 5534 inscribitur
1728 5472 2048 5545 Σταγειρίῳ’

563 5618 826 5690 (41)1(αι.
858 5620 936 5676 Id.
956 5620 1077 5677 cod.
1103 5621 1198 5675 καὶ
1229 5618 1341 5690 τόνέ

563 5682 676 5761 (42)
703 5691 809 5744 Kal
835 5690 973 5745 οὗσ.
1002 5690 1140 5749 Med.
1170 5690 1246 5755 ὡς
1275 5686 1394 5746 οὖσ.
1433 5688 1609 5758 Atque
1639 5685 1716 5743 ita
1750 5683 1947 5758 legisse
1977 5682 2057 5740 vi-

493 5760 976 5842 detur’wiutcrpre‘s‘.

2256 5470 2346 5538 45)
2371 5473 2639 5537 Παρασκ.
2671 5465 2750 5522 Id.
2783 5465 2905 5538 cod.
2932 5460 3394 5538 παρασκευάσαςς
3432 5459 3514 5513 ἔτι
3545 5459 3631 5514 δέ.

2255 5530 2344 5608 443
2367 5530 2972 5608 Φαῖδροτέρονς.(ἔοά.
3002 5530 3141 5608 Med.
3167 5530 3539 5608 cenvo'fépopc.

2258 5599 2344 5681 45)
2379 5599 2600 5681 Ἐπιό-τ.
2637 5599 2693 5660 In
2717 5599 3142 5681 M‘edzinscripta
3173 5599 3407 5674 Ὀὲρηΐιρ
3451 5599 3720 5669 ἐπισκέπτῃ

2162 5675 2488 5752 Μελιιέηνῆςο
2533 5688 2723 5746 estque
2758 5675 2941 5733 XVIII.
