3834 6406
122 282 255 336 1041

1332 300 1715 358 EPISTOLAS.
1753 328 1823 336 —
1855 292 2073 349 EPIST.
2116 293 2207 347 XI.

3256 294 3393 348 i-0i‘2

106 415 181 471 τῃ
232 400 410 473 πάχνη
441 406 784 479 κεκαυμένην
825 409 940 480 (46)
973 411 1071 484 τὴν
1116 416 1263 489 ζωὴν
1293 420 1448 491 ἡμῶν
1488 422 1710 478 ὲπιθάλο

1822 416 2098 481 ﬁcaverunt
2152 412 2387 465 animam
2440 430 2607 467 meam
2632 414 2674 478 ⁴,
2732 412 2863 467 dum
2924 413 3059 469 solis
3107 413 3391 469 radiorum

105 507 340 546 πουσαι.
373 494 492 574 ’[ση
518 497 625 567 γάρ
653 499 798 553 ἐστιν
829 499 886 554 ὲν
910 504 1293 580 ἀμφοτέροιςὴ
1324 511 1581 584 ἀκρότης.
1612 514 1712 585 τῆς

108 600 173 635 τε
207 585 540 657 παχύτητος,
586 589 749 659 λέγω,
784 594 891 649 τῶν
938 596 1217 671 λυπηρῶν,
1244 603 1337 657 καὶ
1379 604 1476 673 τῆς
1510 605 1711 674 γλυκύ-

110 693 181 745 τη
192 694 281 739 τος
306 678 413 731 τῶν
441 679 549 732 σῶν
573 682 811 750 ἀγαθῶν.
833 688 941 741 Καὶ
962 691 1009 742 εί
1035 692 1192 757 μόνον
1218 694 1713 767 εὐαγγελισάμενος

113 767 250 835 ἡμῖν
285 769 382 839 τὴν
414 773 714 842 παρουσίαν
755 794 868 839 σου.
912 781 1163 836 τοσοῦτον
1196 786 1541 857 ὲφαίδρυνας,
1572 788 1711 843 ὥστε

110 860 301 914 πάντα
329 863 458 932 ἡμῖν
495 865 559 917 ἐκ
598 867 695 937 τῆς
742 870 978 942 ἐσχάτης
1021 874 1311 946 ἀλγηδόνος
1358 879 1439 942 είς
1481 881 1712 951 φαιδρὰν

110 952 527 1025 μεταϐληθῆναι
572 960 924 1014 κατάστασιν·
957 965 1009 1017 τί
1043 983 1169 1019 ποτε
1202 969 1311 1039 ἄρα
1348 971 1587 1042 ποιήσει,
1618 973 1712 1028 καὶ

107 1040 347 1109 ὀφθεῖσα
400 1046 579 1127 μόνον,
626 1050 657 1118 ἠ
706 1050 861 1120 τιμία
918 1054 1011 1108 καὶ
1058 1056 1234 1128 ἀγαθὴ
1275 1040 1541 1130 παρουσία
1582 1079 1709 1128 σου;

110 1132 299 1225 ﬁdem
346 1135 401 1187 δὲ
442 1136 599 1192 δώσει
646 1144 711 1213 τῇ
755 1143 898 1215 ψυχῇ
936 1146 1048 1214 (47)
1096 1149 1252 1219 ἡμῶν
1300 1152 1709 1225 παράκλησινή

106 1223 346 1290 γλυκεῖά
399 1246 490 1282 σου
538 1232 689 1303 φωνὴ
771 1239 887 1301 ταῖς
944 1238 1134 1303 ἀκοαῖς
1166 1243 1510 1314 ὲνηχήσασα;
1547 1223 1710 1302 Ἄλλά

108 1314 331 1405 γένοιτο
370 1318 544 1373 ταῦτα
573 1321 660 1375 διὰ
691 1323 890 1395 τάχους
935 1328 1077 1382 κατὰ
1108 1330 1245 1384 Θεοῦ
1278 1334 1586 1405 συνεργίαν,
1615 1338 1708 1395 τοῦ

106 1403 351 1472 διδόντος
379 1409 719 1483 όλιγοψύχοις
746 1415 928 1469 ἄνεσιν
978 1420 1070 1472 καὶ
1093 1423 1202 1485 τοῖς
1233 1403 1711 1497 συντετριμμένοις

106 1497 448 1589 ἀνάπαυσιν.
487 1502 663 1574 Ἥμᾶς
692 1506 746 1559 δὲ
773 1508 1028 1574 γίνωσκε,
1061 1511 1153 1565 ἐὰν
1194 1514 1292 1583 μὲν
1320 1517 1398 1580 εἰς
1426 1517 1486 1570 τὸ
1513 1518 1712 1589 ἡμέτε-

245 1587 548 1661 βλέψωμεν,
597 1597 910 1667 περιαλγεῖν
947 1603 1058 1666 τοῖς
1098 1604 1348 1674 παροῦσι,
1389 1607 1481 1660 καὶ
1525 1587 1711 1680 διαφο-

110 1677 351 1773 ροῦντας
379 1684 454 1755 μὴ
487 1685 755 1742 παύεσθαι
773 1705 788 1719 ο
816 1690 911 1744 ἐὰν
937 1693 994 1746 δὲ
1016 1694 1151 1764 πρὸς
1176 1697 1276 1767 τὴν
1307 1698 1403 1769 σὴν
1430 1677 1710 1773 ἀπίδωμεν

1817 505 2016 570 instar,
2089 504 2256 559 vitam
2311 515 2584 568 nostram,
2642 506 2838 574 pruina
2894 505 3063 560 veluti
3113 506 3388 568 adustam,

1814 597 2016 652 fovent.
2063 595 2200 649 Nam
2236 612 2391 667 aeque
2439 612 2653 651 summa
2690 607 2820 652 sunt
2867 596 3136 650 malorum
3178 603 3394 651 nostro-

1815 704 1938 742 rum
1969 687 2311 759 magnitudo,
2331 698 2384 741 et
2408 688 2676 742 bonorum
2704 697 2923 742 tuorum
2949 688 3203 742 dulcedo.
3231 686 3389 754 Quod

1815 779 1860 835 si
1889 795 1953 834 ex
1984 794 2051 834 eo
2077 778 2223 849 quod
2255 779 2550 833 adventum
2581 786 2732 832 tuum
2764 781 3142 833 tantummodo
3172 795 3389 833 annuu-

1814 867 2063 927 tiaveris,
2120 884 2293 937 usque
2329 868 2467 922 adeo
2513 883 2612 921 nos
2659 869 2869 922 alacres
2918 868 3180 938 laetosque
3212 868 3388 925 fecisti

1814 968 1873 1012 ut
1904 960 2088 1012 omnia
2138 975 2206 1013 ex
2250 974 2466 1013 summo
2498 973 2732 1013 mterore
2772 959 2826 1011 in
2864 959 3197 1014 hilaritatem
3254 976 3391 1015 con-

1814 1064 1971 1104 versa
2008 1048 2244 1115 fuerint;
2303 1049 2434 1119 quid
2460 1065 2570 1104 non
2600 1049 2769 1119 igitur
2797 1049 3079 1117 praestabit
3114 1050 3197 1105 vel
3237 1050 3389 1106 solus

1812 1140 1891 1193 tui
1925 1150 2200 1209 aspectus,
2231 1155 2353 1193 cum
2394 1154 2636 1210 praesens
2678 1137 2878 1202 aderis,
2913 1139 2996 1192 vir
3034 1140 3389 1211 integerrime

1812 1238 1975 1303 atque
2006 1232 2357 1287 venerande?
2405 1230 2685 1298 Quantum
2717 1232 2879 1287 etiam
2914 1232 3159 1287 solamen
3200 1234 3392 1289 afferet

1810 1322 1988 1377 dulcis
2012 1338 2117 1376 vox
2149 1330 2260 1383 tua,
2292 1323 2499 1379 nostris
2532 1323 2767 1378 auribus
2799 1323 3110 1379 insonans?
3139 1323 3245 1379 Sed
3283 1325 3395 1379 uti-

1813 1430 1937 1469 nam
1978 1415 2029 1469 id
2062 1414 2155 1468 fiat
2183 1431 2347 1487 quam
2374 1417 2666 1479 citissime,
2700 1416 2792 1471 Dei
2827 1432 2929 1489 0pc
2961 1425 3125 1488 atque
3163 1419 3389 1481 auxilio,

1809 1507 1902 1578 qui
1939 1508 2306 1577 pusillanimis
2349 1507 2560 1564 doloris
2617 1509 2995 1565 remissionem
3054 1517 3109 1564 et
3156 1524 3393 1566 mmrore
3446 1540 3447 1543 η

1809 1599 2078 1655 confectis
2110 1600 2353 1671 requiem
2390 1599 2652 1669 largitur!
2689 1598 2845 1655 Scias
2871 1609 3053 1655 autem
3092 1615 3213 1663 nos,
3255 1601 3299 1655 si
3322 1601 3391 1655 ad

1812 1701 2005 1749 nostra
2030 1693 2252 1764 quidem
2281 1692 2665 1762 respiciamus,
2706 1692 2773 1747 de
2808 1692 3175 1762 praesentibus
3224 1692 3390 1748 rebus

108 1768 432 1859 τιμιότητα,
488 1773 688 1846 πολλὴν
719 1778 999 1849 ὁμολογεῖν
1031 1785 1094 1854 τῇ
1135 1768 1416 1859 οἰκονομίᾳ.
1466 1789 1561 1843 τοῦ
1608 1768 1703 1845 λε-

1822 1784 2164 1838 vehementer
2191 1783 2398 1845 dolere,
2437 1797 2618 1852 neque
2640 1796 2736 1837 eos
2768 1782 2863 1851 qui
2901 1797 3003 1837 nos
3030 1791 3255 1845 vexant,
3296 1798 3392 1836 un-

111 1858 324 1912 σπότου
383 1860 480 1932 τὴν
528 1866 705 1938 χάριν,
763 1871 844 1924 ὅτι
909 1871 1116 1938 ἔξεστιν
1169 1877 1300 1947 ἡμῖν
1346 1858 1410 1933 ὲκ
1455 1882 1711 1948 γειτόνων

109 1952 557 2049 ἀπολαύειντῆς
601 1960 856 2030 γλυκείας
903 1984 996 2021 σου
1040 1969 1131 2022 καὶ
1183 1972 1389 2043 ἀγαθῆς
1456 1976 1712 2049 προαιρέ-

114 2058 283 2138 σεως,
311 2046 406 2100 καὶ
432 2048 785 2126 ἐμφορεῖσθαι
810 2058 929 2112 κατ’
956 2058 1204 2127 ἐξουσίαν
1236 2064 1396 2135 μέχρι
1425 2065 1585 2136 κόρου
1613 2046 1712 2138 τῆς

111 2136 380 2280 ’ἔοιιέύτης
431 2144 676 2217 τροφῆς,
732 2150 782 2202 εί
838 2149 899 2223 δή
950 2170 1034 2217 τις
1093 2155 1254 2226 κόρος
1302 2157 1409 2211 τῶν
1459 2136 1712 2215 τοιούτων

157 2242 291 2280 στν.

157 2242 291 2284 στιν.

599 2671 945 2730 summa
984 2678 1065 2731 IA'
1104 2679 1238 2751 (48).

1811 1888 1976 1944 quam
2006 1889 2256 1942 cessare;
2286 1882 2342 1928 at
2364 1888 2493 1929 vero
2512 1873 2556 1928 si
2585 1871 2651 1925 ad
2678 1874 3051 1943 praestantiam
3079 1880 3227 1926 tuam
3257 1887 3392 1926 ocu-

1813 1966 1896 2020 los
1928 1972 2337 2031 convertamus,
2365 1965 2510 2019 ultro
2548 1963 2727 2029 fateri,
2762 1965 2994 2019 multum
3027 1977 3129 2018 nos
3172 1961 3390 2017 Domini

1815 2056 2174 2127 providentur
2221 2056 2444 2120 debere.
2493 2055 2640 2126 quod
2696 2057 2860 2112 nobis
2919 2056 3002 2111 fas
3053 2057 3125 2111 sit
3173 2056 3390 2125 egregia

1818 2149 1913 2203 illa
1958 2158 2051 2204 tua
2106 2157 2289 2205 mente
2333 2150 2563 2219 ejusque
2606 2148 2955 2218 jucunditate
2989 2161 3021 2203 e
3083 2147 3389 2217 propinquo

1816 2240 1948 2306 frui,
1985 2247 2040 2295 et
2075 2239 2453 2310 hujuscemodi
2478 2240 2601 2296 cibo
2644 2240 2712 2294 ad
2743 2239 3051 2295 satietatem
3085 2254 3259 2308 usque
3290 2253 3390 2309 pro

1816 2330 1977 2386 libitu
2032 2331 2264 2402 expleri,
2307 2331 2354 2387 si
2400 2339 2579 2387 tamen
2628 2330 2754 2386 talis
2797 2330 2874 2387 rei
2916 2331 3023 2385 ulla
3056 2340 3235 2401 potest
3268 2343 3392 2385 esse

1816 2425 2064 2481 satietas.

2368 2685 2704 2741 EPISTULA
2750 2684 2841 2739 ΧΙ.

124 2831 447 2925 δεζξξξᾳμζξι
488 2838 598 2895 hac
624 2842 848 2925 epistola
885 2845 955 2899 ad
986 2847 1255 2925 eruditum
1280 2849 1524 2925 juvenem
1571 2854 1850 2925 quemdam
1887 2854 2270 2924 Cappadocem,
2305 2854 2381 2907 vel
2418 2854 2472 2906 in
2505 2851 2844 2925 Cappadocia
2880 2849 3181 2925 _degen.em,
3228 2847 3387 2902 Gnri-

197 2913 523 2995 ξιξφιψξιηε
540 2928 626 2995 (ιηΔ
655 2913 944 2995 ethnicum,
982 2917 1205 2988 deﬁnire
1234 2913 1335 2974 non
1376 2913 1694 2995 ausim,'qui
1731 2913 2034 2995 Nyssenum
2059 2913 2268 2995 peregre
2311 2933 2549 2995 agentem
2578 2913 2920 2995 iuisiliueris
2950 2913 3094 2995 patri
3123 2934 3387 2995 commen-

476 2978 729 3066 ΕΡξῆτοίίξῖ
756 2974 941 3066 egigni
963 2974 1325 3066 argumentum
1350 2974 2648 3066 desahlp'zéﬁelféifiﬂhiéri’
2670 2974 2739 3066 fin
2771 2974 3194 3066 cujusjﬁnecit,
3224 2986 3390 3066 Laer-

197 3051 720 3135 lhejratdeumhuideret
771 3051 1139 3135 Telemaclium
1178 3071 1436 3135 nepotem,
1494 3051 1558 3117 ab
1595 3062 1784 3135 Ulysse
1821 3078 1972 3135 patre
2024 3051 2302 3127 monitum,
2352 3066 2406 3118 in
2445 3064 2613 3117 aciem
2637 3051 3030 3135 'alacri'animo
3056 3056 3388 3135 descendisse

193 3116 449 3206 fit???“
473 3119 771 3178 Ῑιίιασεηδεδ
811 3134 862 3180 ει
891 3116 1277 3199 ϐερήαιιθηὶοὲ,
1307 3116 1929 3202 qua'procoi-u‘hi'ieééiﬁ
1948 3116 2471 3206 ἱιιίᾶἑέζρᾱέέὲηάὶιί
2488 3116 2713 3188 domum
2737 3130 2901 3186 armis
2926 3126 3384 3199 aggredicbantur.

192 3186 525 3245 exclamasse
554 3206 574 3246 :

255 3352 462 3440 νόμοι
480 3354 682 3440 ἡμέρη.
703 3358 832 3440 ἣδε,
862 3362 994 3440 θεοὶ
1014 3366 1202 3440 φίλοις
1220 3363 1478 3440 Ἶιμὰλα
1495 3371 1698 3440 χαίρω*

126 3382 151 3403 ι
172 3382 231 3415 ις
256 3382 333 3406 ru
361 3382 462 3422 μω
480 3382 671 3425 mwa
703 3382 832 3427 ηοε,
863 3382 994 3416 treat
1064 3382 1202 3429 MDL;
1230 3382 1300 3421 'u
1312 3382 1478 3437 μανία
1495 3385 1559 3439 χι]

123 3422 270 3489 Υἱός
305 3421 354 3475 τ’
392 3425 608 3490 υἱωνός
632 3428 682 3481 τ’
708 3430 925 3500 ἀρετῆς
953 3382 1085 3503 agn
1119 3435 1296 3506 δῆριν
1326 3438 1559 3508 ἔχουσι.

1811 3374 1942 3439 Quae
1972 3373 2100 3427 mihi
2132 3373 2244 3427 dies
2270 3373 2400 3435 lucc,
2430 3370 2520 3424 Dii
2559 3369 2777 3424 dilecti?
2801 3377 2938 3422 certe
2967 3364 3117 3418 valde
3144 3363 3345 3439 gaudeo
3369 3378 3391 3417 :

1811 3435 2087 3514 Piliusque
2122 3458 2375 3513 neposque
2412 3444 2654 3496 virtutem
2685 3441 2847 3502 circa,
2873 3451 3105 3507 pugnam
3137 3435 3363 3489 habent»

198 3591 376 3647 Λίτῶν
406 3610 461 3646 τι
490 3596 767 3666 προσφυὲς
795 3599 889 3652 καὶ
935 3600 1128 3655 οἰκεῖον
1164 3603 1273 3674 (49)
1303 3605 1381 3677 τῷ
1410 3608 1699 3679 γράμματι

1871 3611 2007 3666 Cum
2042 3618 2226 3682 aptum
2254 3608 2474 3680 aliquod
2516 3614 2679 3677 atque
2709 3605 3045 3661 conveniens
3091 3602 3384 3659 exordium

116 3683 315 3740 δοῦναι
346 3687 654 3758 προοίμιον,
690 3689 796 3742 ἀπὸ
845 3692 946 3762 μὲν
972 3692 1081 3747 τῶν
1112 3695 1235 3766 ἐμοὶ
1275 3698 1539 3769 συνήθων,
1570 3700 1714 3769 λέγω

98 3777 192 3847 ’δὴ
224 3775 334 3831 τῶν
359 3779 646 3849 γραφικῶν
674 3782 1137 3854 ἀναγνωσμάτων,
1171 3788 1273 3841 οὐκ
1304 3785 1448 3860 εἶχον
1482 3792 1588 3863 ὅτῳ
1617 3793 1713 3845 καὶ

119 3870 429 3942 χρήσομαι,
456 3871 516 3924 οὐ
544 3870 622 3943 τῷ
649 3871 724 3943 μὴ
755 3873 1028 3944 εὑρίσκειν
1047 3876 1108 3929 τὸ
1130 3878 1443 3948 συμϐαῖνον,
1475 3881 1609 3937 ἀλλὰ
1636 3882 1715 3953 τῷ

122 3961 386 4030 περιττὸν
416 3962 620 4034 κρίνειν
647 3963 781 4036 πρὸς
818 3965 918 4019 οὐκ
944 3966 1148 4032 είδότας
1182 3968 1295 4039 (50)
1320 3970 1543 4026 τοιαῦτα
1575 3973 1713 4046 γρά-

46 4101 50 4103 _
122 4069 277 4123 φειν.
322 4052 387 4107 Ἦ
426 4053 535 4126 γὰρ
564 4056 691 4126 περὶ
724 4057 846 4119 τοὺς
882 4057 986 4124 ἔξω
1016 4058 1207 4129 λόγους
1236 4062 1459 4133 σπουδὴ,
1488 4063 1581 4117 τοῦ
1611 4083 1715 4137 μη-

121 4142 329 4213 δεμίαν
389 4144 497 4198 τῶν
552 4144 711 4198 θείων
777 4147 1113 4220 μαθημάτων
1160 4152 1481 4222 ἐπιμέλειαν
1533 4154 1715 4225 ἔχειν,

120 4234 406 4302 ἀπόδειξις
433 4238 565 4308 ἡμῖν
597 4235 838 4306 γέγονεν.
872 4240 1080 4293 Οὐκοῦν
1104 4242 1284 4296 ἐκεῖνα
1312 4243 1409 4313 μὲν
1442 4248 1715 4317 σιωπήσο-

128 4345 259 4399 μαι,
291 4328 357 4381 ὲκ
401 4328 460 4382 δὲ
498 4328 609 4383 τῶν
643 4330 751 4382 σῶν
781 4330 916 4401 πρὸς
942 4330 1040 4402 τὴν
1071 4331 1359 4405 λογιότητά
1404 4352 1499 4389 σου
1533 4355 1717 4410 προοι-

128 4420 423 4492 μιάσομαι.
453 4421 749 4494 Πεποίηταί
766 4439 848 4486 τις
868 4423 983 4494 (5i)
1012 4425 1166 4497 παρὰ
1194 4426 1271 4498 τῷ
1295 4427 1598 4500 διδασκάλῳ
1618 4432 1718 4501 τῆς

123 4511 409 4584 ὑμετέρας
450 4513 781 4578 παιδεύσεως
852 4517 1225 4588 πρεσϐυτικῶς
1270 4519 1713 4592 εὐφραινόμενος,

129 4602 279 4675 μετά
307 4603 407 4675 τὴν
434 4603 654 4677 χρονίαν
684 4606 848 4659 αὑτοῦ
880 4609 988 4679 (52)
1024 4610 1393 4666 κακοπάθειαν
1426 4614 1483 4665 ἐν
1517 4614 1717 4683 ὀφθαλ-

129 4697 263 4765 μοῖς
289 4693 427 4766 ἔχων
457 4696 549 4750 τὸν
584 4697 778 4751 ἑαυτοῦ
806 4701 994 4763 παῖδα,
1017 4702 1111 4754 καὶ
1140 4701 1233 4755 τοῦ
1261 4703 1450 4767 παιδὸς
1482 4704 1599 4773 ἅμα
1626 4706 1716 4758 τὸν

126 4785 303 4839 παῖδα
332 4785 588 4840 ὑπόθεσιν
616 4787 795 4852 δόντος
822 4788 932 4858 (55)
957 4790 1056 4860 τῆς
1087 4790 1443 4862 εὐφροσύνης.
1491 4792 1553 4844 ῚΙ
1588 4794 1718 4863 περὶ

124 4878 245 4933 τῶν
292 4880 574 4949 πρωτείων
612 4880 711 4952 τῆς
754 4882 953 4953 ἀρετῆς
990 4880 1233 4937 Ὀδυσσεῖ
1280 4884 1391 4955 (54)
1446 4885 1581 4955 πρὸς
1625 4885 1716 4937 τὸν

281 5089 304 5123 δ
340 5088 488 5144 Psal.
525 5106 680 5156 xcni,
711 5093 799 5147 l9.

465 5181 667 5256 πάχνῃ
700 5200 829 5256 reex.
867 5181 1005 5256 Med.
1042 5184 1390 5254 κεκαυμένην
1431 5186 1498 5256 τῇ
1541 5182 1721 5255 πάχνῃ

212 5250 327 5322 (ᾇῖ)
363 5249 441 5317 Τῇ
475 5249 667 5321 ψυχῇ.
699 5250 776 5307 Id.
805 5256 923 5316 ταῖς
950 5253 1169 5322 ψυχαῖς.

216 5319 331 5388 (ιὸ)
380 5319 705 5394 Ἐπιστολὴ
736 5330 826 5394 ut.
854 5319 989 5394 (rod.
1028 5319 1169 5379 Med.
1204 5324 1522 5394 inscriptam
1550 5326 1716 5384 refert

140 5391 441 5462 Εὐπατρίῳ
476 5391 830 5462 σχολαστικῷ.
869 5393 962 5448 Est
983 5404 1162 5449 autem
1189 5411 1339 5449 num.
1374 5391 1510 5462 Ylll.

570 5492 638 5502 ···’
656 5460 898 5535 ρίκεῖονο
925 5462 1002 5518 Ῐάο
1026 5464 1205 5535 ζητῶν
1243 5494 1314 5504 --
1352 5460 1481 5519 οἷον.

219 5530 331 5599 (50)
350 5532 627 5608 εἰδότας.
747 5534 959 5608 (εἰδότα.
989 5530 1349 5601 Μοὲ,ἕξωθεν
1385 5536 1493 5589 τῶν
1521 5539 1716 5608 λόγων.

147 5600 216 5654 Et
241 5602 401 5673 paulo
424 5610 547 5671 post
576 5604 707 5673 ἡμῖν
742 5604 975 5672 ἐγένετο.

225 5671 342 5813 (Eii;
372 5671 693 5741 Πεποίηταί
721 5671 831 5740 τις.
854 5672 929 5729 Id.
961 5675 1251 5745 πεποίηται
1285 5674 1553 5747 Λαέρτης.

228 5740 322 5806 (52
363 5743 575 5799 Αὑτοῦ.
602 5742 740 5801 Med.
771 5745 1003 5813 ἐκείνην.
1042 5745 1107 5800 Et
1148 5759 1270 5802 mox
1322 5763 1421 5813 pro
1472 5750 1553 5802 ὑπ

228 5740 342 5813 (52)
363 5740 740 5801 Αὑτοῦ.⁷Μο(1.
771 5745 1003 5814 ἐκείνην.
1042 5745 1107 5800 Et
1147 5740 1270 5802 mox
1321 5740 1421 5817 pro
1472 5740 1729 5803 ὑπόθεσιν

1815 3714 1879 3755 ex
1931 3717 2104 3757 sacra:
2157 3699 2454 3770 Scriptura:
2504 3697 2772 3761 lectione,
2834 3709 2934 3765 pro
2989 3691 3390 3749 consuetudine

1816 3800 2030 3855 nostra,
2083 3792 2330 3861 epistola:
2372 3786 2761 3860 praeﬁgendum
2812 3785 3209 3855 perquirerem,
3261 3784 3388 3836 nul-

1816 3884 1952 3948 lum,
2010 3896 2120 3953 quo
2182 3890 2387 3945 uterer,
2439 3877 2684 3935 invenire
2728 3874 2918 3945 potui;
2962 3888 3071 3928 non
3118 3870 3265 3943 quod
3312 3871 3391 3925 nil

1816 3989 2123 4045 congruum
2164 3981 2327 4043 atque
2380 3970 2665 4042 proposito
2713 3974 2906 4021 nostro
2957 3972 3391 4019 consentaneum

1817 4075 2152 4132 occurreret,
2199 4065 2294 4120 sed
2327 4063 2473 4135 quod
2508 4063 2635 4117 talia
2669 4071 3145 4131 supervacaneum
3195 4070 3390 4111 cense-

1820 4174 1934 4214 rem
2007 4157 2377 4213 ncscientibus
2422 4154 2682 4211 scribere.
2735 4150 3002 4205 Studium
3058 4146 3202 4203 enim
3243 4146 3391 4217 quod

1820 4247 2063 4320 profanis
2118 4248 2284 4303 rebus
2345 4244 2654 4315 impendis.
2707 4247 3031 4313 argumento
3095 4237 3255 4294 nobis
3307 4246 3395 4293 est

1818 4352 1871 4396 te
1897 4341 2105 4395 nullam
2140 4340 2316 4395 sacris
2346 4337 2618 4393 doctrinis
2664 4348 2885 4405 operam
2917 4332 3070 4387 dare.
3106 4330 3275 4403 Igitur
3298 4330 3393 4385 illa

1819 4432 2039 4504 quidem
2068 4431 2289 4486 silentio
2317 4427 2731 4501 praetermittam
2758 4443 2772 4492 ;
2808 4441 2872 4481 ex
2911 4425 3025 4481 tuis
3058 4438 3193 4479 vero
3226 4423 3395 4479 rebus

1823 4534 1958 4574 meae
2007 4518 2075 4573 ad
2123 4526 2177 4575 te
2233 4519 2410 4574 virum
2469 4517 2745 4573 eruditum
2788 4521 2843 4568 et
2890 4515 3236 4585 eloquentem
3277 4513 3395 4583 epi-

1823 4613 1978 4667 stola:
2009 4612 2224 4665 initium
2266 4609 2483 4666 faciam.
2523 4607 2773 4680 Fingitur
2799 4622 2908 4662 non
2958 4622 3119 4662 nemo
3162 4606 3231 4660 ab
3267 4620 3394 4659 eru-

1823 4699 2055 4754 ditionis
2082 4708 2280 4753 vestrze
2312 4697 2579 4768 magistro
2621 4705 2743 4766 post
2767 4696 3084 4749 diuturnam
3122 4695 3394 4749 malorum

1825 4793 2172 4847 tolerantiam
2207 4807 2398 4846 senum
2436 4804 2587 4843 more
2616 4788 2922 4853 exsultans,
2956 4787 3085 4843 dum
3112 4794 3237 4841 ante
3262 4799 3393 4839 ocu-

1825 4886 1909 4939 los
1943 4899 2050 4939 una
2086 4882 2310 4938 haberet
2349 4880 2520 4935 filium
2550 4889 2605 4934 et
2657 4889 2910 4949 nepotem
2943 4896 3010 4936 ex
3034 4879 3226 4935 eodem
3258 4877 3391 4944 (ilio,

1826 5183 2029 5263 δόντος,
2060 5181 2137 5236 id.
2172 5181 2302 5263 cod.
2342 5182 2596 5263 ὑπόθεσις
2728 5182 2875 5263 αὐτῷ
2902 5182 2999 5263 τῆς
3026 5179 3389 5263 εθφροσιξνης.

1825 5252 2125 5308 Pmclare:
2170 5252 2310 5306 filius
2342 5262 2398 5308 et
2431 5268 2597 5323 nepos
2613 5254 2684 5307 ob
2704 5251 2894 5307 oculus
2921 5251 2970 5323 ei
2990 5251 3216 5320 objecti,
3252 5251 3392 5305 laeti-

1831 5324 1919 5379 “EB
1959 5323 2203 5393 ipsiiseui
2228 5339 2415 5378 causa.
2442 5322 2839 5392 (inuitem-pag.
2870 5322 2957 5376 95.

1896 5390 2008 5465 (5'5)
2045 5392 2179 5449 Vide
2211 5409 2279 5448 an
2330 5394 2610 5465 legendum
2655 5390 2757 5465 sit,
2793 5390 3103 5465 ἀμφοτέρου
3138 5390 3394 5465 ὑπόθεσιν

1824 5461 2024 5528 δόντος,
2057 5465 2130 5519 ita
2158 5472 2215 5517 ut
2245 5461 2556 5519 adverbium
2580 5464 2696 5535 ἃμα
2713 5464 2957 5517 absolute
2974 5461 3237 5532 positum,
3263 5462 3389 5515 nul-

1827 5537 1937 5607 lum
1965 5542 2343 5607 casumregat.
2418 5605 2487 5607 μ
2540 5604 2555 5607 _
2700 5606 2715 5607 η
2769 5602 2812 5607 __
3131 5603 3142 5607 _
3249 5600 3263 5607 _
3320 5595 3348 5607 ,,

1897 5606 2008 5675 (54)
2046 5600 2256 5658 ὉδυσῘ
2271 5604 2344 5657 Id.
2373 5605 2450 5675 τῷ
2478 5604 2735 5657 Ὀδυσσεῖ.
2769 5602 2887 5657 Mox
2914 5617 3062 5666 vero,
3097 5603 3177 5665 εἰς
3208 5600 3263 5675 τι
3288 5600 3384 5675 οὖν

1896 5673 2081 5746 μνήμη
2105 5675 2210 5730 τῶν
2236 5677 2375 5743 Κεφ.
2398 5674 2463 5728 In
2490 5685 2745 5746 quantum
2768 5675 2977 5744 quidem
3008 5673 3257 5727 memoria
3281 5674 3385 5741 fert

1896 5681 1997 5746 μνη
2046 5692 2081 5745 η
2105 5678 2210 5730 τῶν
2236 5678 2375 5743 Κεφ.
2398 5678 2463 5728 In
2490 5690 2573 5741 qui

1822 5678 2299 5817 1gephai‘ieniorum.
2341 5746 2417 5803 Id.
2443 5744 2573 5800 ibid.
