3834 6414
465 303 606 366 1043

1705 303 1762 358 S.
1804 300 2128 360 GRl-IGORII
2165 299 2460 358 NYSSENE

3609 296 3724 351 {Oti

461 425 556 496 qui
598 417 913 478 exsultandi
945 421 1296 478 occasionem
1347 421 1466 478 seni
1515 421 1843 493 praebuerat.
1877 419 2040 489 Ulys-

2159 419 2458 491 Γηλέμαχον
2489 419 2656 490 μάχη,
2692 419 2740 472 εἰ
2785 417 2879 471 καὶ
2905 417 2970 488 τῇ
3001 417 3190 490 μνήμῃ
3217 415 3328 488 (55)
3363 417 3478 470 τῶν
3515 414 3726 480 K33311-

461 519 544 573 sis
585 531 710 570 cum
756 512 1088 570 Telemacho
1117 514 1186 569 de
1223 513 1427 570 virtute
1471 522 1750 569 certamen
1792 510 1938 582 quod
1988 519 2042 565 et

2159 513 2333 582 ιήνων,
2365 511 2502 582 πρὸς
2533 511 2624 565 τὸν
2655 510 2855 564 σκοπὸν
2881 509 2976 562 τοῦ
3003 510 3160 578 λόγου
3187 509 3580 580 συμϐάλλεται.
3617 507 3726 559 Ὀτι
3803 537 3810 596 1

459 603 840 678 Cephalleniis
881 613 1247 670 memoratur,
1298 605 1368 660 ad
1399 605 1576 660 nostri
1607 604 1878 659 sermonis
1918 617 2042 658 sco-

460 715 592 770 pum
638 699 895 766 confert;
929 701 1376 773 quandoquidem
1407 699 1745 769 excipientes
1777 713 1866 752 me
1895 709 2042 752 nunc

463 801 524 847 tu
571 804 626 848 et
667 798 822 863 pater
851 801 1004 854 tuus,
1036 789 1500 863 quemadmodum
1533 791 1610 845 illi
1643 789 1916 854 Lael-tem,
1945 790 2043 844 ho-

463 899 602 942 nore
631 892 686 938 et
719 885 1102 939 benevolentia
1141 901 1270 955 erga
1303 899 1428 944 nos,
1467 883 1534 938 de
1561 883 1872 953 principatu
1915 897 2040 936 cum

463 977 742 1034 muniﬁcis
782 977 1094 1049 quibusque
1137 993 1198 1033 ac
1234 977 1520 1048 generosis
1576 973 1712 1030 viris
1756 973 2044 1029 contendi-

464 1071 591 1134 stis,
637 1071 728 1126 hic
758 1071 980 1142 quidem
1016 1087 1178 1126 suum
1211 1071 1266 1124 in
1311 1063 1560 1134 modum,
1594 1075 1649 1122 tu
1678 1081 1806 1120 vero
1838 1081 1868 1120 e
1897 1063 2042 1136 Cap-

463 1163 696 1234 padocia
745 1178 845 1234 per
891 1163 1107 1219 litteras
1157 1161 1536 1232 singularibus
1575 1159 1736 1230 plane
1779 1173 1906 1228 erga
1958 1173 2044 1212 me

465 1253 672 1308 oi'liciis
710 1260 1008 1310 certantes.
1047 1253 1190 1320 Quid
1222 1251 1394 1323 igitur
1434 1267 1535 1322 ego
1579 1249 1784 1306 senex?
1817 1248 2044 1302 Felicis-

464 1337 666 1396 simam
695 1357 896 1399 censeo
924 1359 1044 1398 eam
1081 1343 1246 1406 diem,
1279 1343 1334 1396 in
1363 1357 1470 1412 qua
1509 1341 1672 1394 talem
1710 1337 1872 1394 video
1901 1338 2043 1392 inter

462 1443 676 1506 patrem
707 1433 990 1507 ﬁliumque
1040 1435 1476 1490 contentionem.
1511 1431 1590 1486 Ne
1630 1431 1819 1500 itaque
1857 1444 2043 1484 cesses

459 1521 612 1591 justa
655 1521 786 1578 boni
835 1530 889 1578 et
936 1523 1248 1578 admirandi
1295 1523 1470 1593 patris
1511 1529 1640 1576 vota
1689 1517 1940 1590 implere,
1987 1527 2043 1572 et

463 1613 747 1686 praeclaris
787 1613 950 1670 factis
997 1622 1284 1686 paternam
1315 1614 1547 1686 gloriam
1597 1627 1884 1684 superare.
1929 1611 2042 1680 Ego

466 1722 600 1762 sane
649 1709 916 1762 ambobus
953 1709 1110 1764 vobis
1141 1707 1445 1778 gratiosum
1487 1721 1575 1762 me
1610 1706 1851 1776 judicem
1900 1719 2040 1774 prae-

467 1799 624 1864 bebo,
680 1795 782 1854 tibi
831 1799 1052 1870 quidem
1107 1801 1340 1870 palmam
1391 1799 1460 1854 de
1503 1803 1662 1870 patre
1707 1796 2040 1858 concedens,

463 1891 607 1962 patri
639 1906 768 1946 vero
797 1889 864 1946 de
893 1899 964 1946 te.
997 1890 1110 1948 Nos
1143 1899 1329 1946 autem
1367 1904 1642 1960 asperam,
1685 1903 1794 1943 non
1822 1897 1932 1942 tam
1969 1891 2044 1940 Ia-

466 1981 686 2050 pidibus
719 1997 885 2052 quam
945 1983 1318 2036 habitatorum
1363 1978 1633 2044 moribus,
1685 1977 1921 2034 Ithacam
1967 1975 2046 2030 fe-

465 2089 668 2136 remus,
701 2075 760 2128 in
799 2088 908 2144 qua
953 2073 1111 2128 multi
1159 2073 1314 2142 proci
1371 2081 1428 2126 et
1471 2071 1746 2126 bonorum
1793 2067 2044 2137 expetitae

465 2165 532 2219 ad
569 2166 793 2235 nuptias
825 2165 1074 2220 mulieris
1111 2171 1496 2235 occupatores,
1531 2161 1626 2232 qui
1659 2161 1742 2215 vel
1783 2159 1886 2215 hoc
1923 2159 2045 2229 ipso

465 2273 726 2328 sponsam
770 2258 1106 2312 contumelia
1143 2253 1409 2320 alliciunt,
1444 2254 1590 2324 quod
1637 2253 1922 2308 modestiae
1965 2257 2047 2304 at-

464 2365 573 2421 que
617 2350 816 2420 pudori
852 2347 1076 2418 nuptias
1123 2347 1426 2414 minantur,
1473 2345 1772 2412 Melantho,
1822 2347 1907 2402 vel
1954 2345 2048 2400 ali-

465 2459 574 2512 qua
623 2443 730 2496 alia
790 2442 1039 2510 ejusdem
1089 2442 1308 2512 generis
1363 2443 1614 2504 muliere,
1673 2451 1731 2495 ut
1779 2439 2044 2502 arbitror,

465 2535 628 2606 digna
673 2542 1094 2604 perpetranles;
1145 2533 1240 2589 sed
1272 2534 1368 2604 qui
1427 2547 1558 2588 arcu
1609 2532 1810 2596 valeat,
1862 2531 2048 2586 nullus

467 2629 725 2700 suppetit.
773 2624 944 2683 Vides
997 2641 1164 2698 quam
1225 2626 1474 2682 seniliter
1515 2625 1568 2680 in
1622 2625 1741 2689 his,
1795 2641 1916 2696 qua:
1969 2625 2046 2678 nil

465 2720 627 2775 nobis
665 2719 1026 2781 conveniunt,
1063 2717 1248 2788 nugati
1286 2733 1500 2773 sumus.
1540 2715 1644 2772 Sed
1677 2717 1811 2772 mihi
1845 2717 1916 2770 ob
1949 2731 2046 2770 ca-

464 2811 656 2864 nitiem
713 2809 874 2865 venia
927 2810 1074 2864 ultro
1127 2809 1308 2864 danda
1363 2809 1502 2875 erit;
1563 2810 1843 2880 proprium
1903 2809 2044 2864 enim

465 2901 767 2956 senectutis
804 2911 909 2966 est,
938 2899 1400 2971 quemadmodum
1431 2901 1623 2956 oculos
1645 2901 1938 2972 gravedine
1960 2903 2046 2956 in-

467 2993 670 3049 festare
708 3003 764 3050 et
809 2995 1074 3050 membris
1133 2995 1391 3050 omnibus
1431 3001 1708 3065 torporem
1759 2996 2040 3061 inducere,

2147 621 2214 674 με
2245 603 2592 666 διαλαϐόντες
2621 604 2740 657 νυνὶ
2767 603 2904 674 (56),
2935 603 2999 657 σύ
3031 621 3091 656 τε
3113 603 3207 656 καὶ
3233 605 3263 656 6
3293 601 3361 656 τά
3387 601 3578 654 πάντα
3601 599 3726 651 0-2:;-

2147 694 2341 765 μάσιος
2371 697 2400 747 6
2431 693 2610 765 πατὴρ
2633 696 2662 748 ὁ
2689 694 2804 760 σὸς,
2847 695 3034 766 ὥσπερ
3079 695 3168 748 τὸν
3209 693 3462 765 Λαέρτην
3501 693 3722 752 ἐκεῖνοι,

2145 787 2461 858 φιλοτίμους
2507 788 2659 852 ὅλους
2695 789 2752 841 ὲν
2781 789 2846 860 τῇ
2873 789 3008 860 πρὸς
3042 788 3188 858 ἡμᾶς
3211 789 3344 856 τιμῇ
3371 804 3430 838 τε
3465 787 3564 838 καὶ
3591 785 3724 852 φιλο-
3807 823 3809 842 ι

2143 879 2386 951 φροσύνῃ
2431 879 2558 952 περὶ
2603 879 2712 932 τῶν
2755 880 3039 950 πρωτείων
3085 876 3508 947 διαγωνίζεσθε,
3553 878 3582 928 ὁ
3633 877 3722 946 μὲν

2142 971 2314 1036 οὕτως
2347 971 2484 1042 (57),
2537 971 2601 1024 σὺ
2645 971 2702 1024 δὲ
2730 972 2837 1025 ἀπὸ
2863 971 3258 1033 Καππαδοκίας
3289 973 3400 1032 τοῖς
3437 969 3722 1038 γράμμασι

2145 1063 2446 1134 βάλλοντες.
2478 1063 2544 1116 Τί
2567 1059 2658 1117 οὗν
2687 1066 2715 1117 6
2739 1064 2914 1136 γέρων
2943 1061 3084 1131 ὲγώ;
3130 1061 3490 1134 Μακαριστὸν
3517 1061 3724 1130 τίῦεμαι
3805 1081 3809 1124 ;

2141 1159 2240 1228 τὴν
2267 1155 2500 1228 ἡμέραν,
2529 1156 2586 1208 ὲν
2681 1155 2860 1226 βλέπω
2887 1155 3142 1226 τοιαύτην
3171 1155 3321 1208 παιδὶ
3351 1156 3500 1226 πρός
3521 1154 3724 1222 πατέρι
3805 1219 3809 1234 Ι

2143 1249 2241 1321 τὴν
2289 1249 2540 1316 ἅμιλλαν,
2587 1250 2676 1320 Μή
2713 1267 2842 1304 ποτε
2889 1246 2981 1304 οὖν
3029 1249 3282 1312 παύσαιο,
3335 1245 3582 1318 χρηστοῦ
3641 1247 3724 1300 11".
3805 1239 3809 1256 ’

2143 1339 2457 1411 θαυμαστοῦ
2489 1339 2692 1412 πατρὸς
2739 1341 2902 1412 εὐχὴν
2949 1339 3162 1394 δικαίαν
3207 1338 3550 1409 ἀποπληρῶν
3579 1380 3590 1394 .
3637 1339 3720 1390 καὶ

2143 1435 2254 1496 τοῖς
2285 1431 2508 1502 ἀγαθοῖς
2537 1434 2914 1504 προτερήμασι
2943 1432 3042 1504 τὴν
3073 1433 3344 1503 πατρικὴν
3375 1429 3542 1494 δόξαν
3569 1431 3724 1498 ὕπερ-

2145 1525 2474 1596 6αλλόμενος
2509 1525 2643 1594 (58).
2693 1523 2832 1594 Παρ’
2859 1525 3186 1596 ἀμφοτέροις
3232 1525 3360 1594 ὑμῖν
3403 1523 3600 1593 ἔσομαι
3641 1539 3724 1573 κε-

2143 1617 2472 1688 χαρισμένος
2515 1619 2710 1688 κριτής
2735 1634 2749 1648 ·
2807 1618 2888 1670 σοὶ
2935 1617 3036 1686 μὲν
3085 1616 3153 1669 τά
3185 1619 3428 1685 πρωτεῖα
3467 1619 3604 1686 πρὸς
3641 1615 3724 1666 τὸν

2145 1709 2356 1780 πατέρα
2381 1709 2582 1781 νέμων,
2615 1707 2692 1778 τῷ
2725 1709 2891 1780 πατρὶ
2914 1709 2970 1762 δὲ
2995 1707 3131 1778 πρὸς
3161 1707 3253 1760 σέ·
3297 1707 3464 1777 ἡμεῖς
3501 1705 3556 1757 δὲ
3591 1709 3722 1758 οἴσο-

2149 1819 2246 1872 μεν
2271 1799 2368 1874 τὴν
2393 1801 2649 1872 τραχεῖαν
2709 1799 2942 1872 Ἰθάκην,
2985 1799 3046 1852 ού
3087 1799 3254 1862 λίθοις
3281 1797 3564 1860 τοσοῦτον,
3607 1799 3724 1850 ὅσον

2141 1895 2254 1957 τοῖς
2286 1892 2441 1964 ἠθεσι
2473 1891 2582 1946 τῶν
2609 1891 2907 1963 οἰκητόρων
2937 1890 3358 1962 τραχυνομένην,
3389 1889 3450 1941 ἐν
3481 1883 3518 1960 ᾗ
3549 1887 3724 1940 πολλοὶ

2147 1987 2456 2058 μνηστῆρες
2480 2027 2495 2050 ,
2547 1985 2641 2039 καὶ
2683 1983 2790 2037 τῶν
2820 1983 3113 2054 κτημάτων
3157 1984 3256 2052 τῆς
3285 1979 3724 2051 μνηστευομένης

2143 2079 2413 2152 κρατῆρες
2449 2077 2584 2146 (59),
2615 2077 2664 2130 οἱ
2690 2078 2782 2129 καὶ
2806 2075 2954 2144 αὐτῷ
2983 2073 3157 2145 τούτῳ
3181 2075 3278 2146 τὴν
3309 2071 3536 2143 νύμφην
3573 2071 3724 2138 ὑϐρί-

2144 2169 2345 2235 ζοντες,
2375 2169 2453 2240 τῷ
2479 2169 2790 2224 ἐπαπειλεῖν
2819 2169 2910 2222 τὸν
2937 2167 3110 2238 γάμον
3145 2168 3209 2236 τῇ
3241 2163 3592 2236 σωφροσύνῃ.
3627 2163 3728 2216 Με-

2142 2260 2371 2326 λανθοῦς
2413 2261 2548 2333 (60),
2591 2256 2767 2332 οἶμαι,
2803 2261 2968 2325 τινδς,
3001 2261 3034 2332 ἢ
3087 2258 3254 2328 ἄλλης
3281 2255 3546 2326 τοιαύτης
3571 2254 3728 2320 ἀξίως

2145 2357 2493 2428 πράττοντες.
2522 2352 2772 2425 οὐδαμοῦ
2799 2354 2855 2407 δὲ
2881 2355 2910 2406 6
2945 2351 3290 2423 σωφρονίζων
3316 2349 3396 2420 τῷ
3419 2349 3566 2418 τόξῳ
3597 2346 3728 2414 ισι).

2147 2451 2314 2502 Ὅσον
2349 2447 2728 2520 πρεσϐυτικῶς
2773 2447 2866 2500 ἐπὶ
2911 2447 2980 2500 τὰ
3016 2445 3178 2517 μηδὲν
3213 2444 3570 2516 προσήκαντα
3607 2443 3730 2510 ἡμῖν

2145 2542 2644 2612 παρεληρήσαμενῖ
2689 2541 2848 2594 Ἀλλά
2884 2557 2972 2610 μοι
3014 2539 3303 2610 πρόχειρος
3343 2534 3490 2588 ἔστω
3519 2532 3612 2585 διὰ
3645 2531 3730 2600 τήν

2146 2631 2336 2686 πολιὰν
2362 2633 2394 2699 ή
2427 2629 2722 2700 συγγνώμη
2743 2647 2756 2660 ·
2795 2630 2926 2682 ἴδιον
2951 2628 3059 2700 γὰρ
3089 2627 3258 2696 αὐτῆς
3285 2623 3419 2696 (62),
3453 2622 3652 2691 ὥσπερ
3677 2621 3730 2671 τὸ

2147 2722 2508 2796 κορυζοῦσθαι
2531 2723 2599 2777 τὰ
2624 2722 2866 2793 ὄμματα,
2897 2721 2990 2774 καὶ
3017 2720 3085 2773 τὰ
3121 2719 3256 2789 μέλη
3289 2717 3468 2772 πάντα
3499 2713 3609 2767 ὑπὸ
3642 2712 3728 2781 τῆς

2143 2815 2240 2868 τοῦ
2271 2817 2454 2885 γήρως
2486 2813 2742 2878 ἀπονοίας
2775 2813 2888 2881 (65)
2935 2809 3298 2883 βαρύνεσθαι,
3343 2807 3492 2862 οὕτω
3535 2805 3638 2858 καὶ
3674 2803 3726 2856 τὺ

2146 2905 2454 2975 ἀδολεσχεῖν
2478 2905 2534 2958 ὲν
2563 2905 2640 2974 τῷ
2665 2905 2828 2975 λόγῳ.
2856 2905 2929 2957 Σὺ
2959 2902 3016 2956 δὲ
3043 2901 3190 2972 ἡμᾶς
3219 2901 3330 2962 τοῖς
3357 2894 3652 2968 τροχαλοῖς
3677 2909 3728 2945 τε

2147 2999 2243 3052 καὶ
2273 2996 2720 3069 διεγηγερμένοις
2748 2995 2854 3050 τῶν
2875 2993 3049 3062 λόγων
3079 2989 3340 3052 νεανικῶς
3365 2985 3726 3056 δεξιούμενος,

465 3088 540 3140 ita
579 3095 633 3140 et
678 3087 958 3156 garrulam
993 3097 1154 3156 atque
1201 3087 1490 3142 verbosam
1523 3101 1666 3143 esse.
1717 3085 1800 3142 Tu
1859 3095 2041 3143 autem

2159 3088 2430 3164 Ξνανεὼσῃ
2449 3089 2510 3142 τὸ
2531 3089 2730 3160 γῆρας,
2757 3091 2822 3159 τῇ
2852 3087 2990 3158 καλῇ
3047 3085 3140 3138 καὶ
3169 3081 3464 3154 πρεπούσῃ

465 3177 714 3240 volubili,
773 3176 982 3232 fervido
1029 3185 1196 3247 atque
1237 3178 1469 3234 incitato
1504 3193 1760 3234 sermone
1809 3195 1930 3242 nos,
1979 3187 2039 3234 ut

461 3273 718 3340 juvenem
757 3270 938 3335 decet,
983 3271 1289 3340 excipiens,
1337 3286 1426 3327 me
1447 3272 1724 3342 juventuti
1769 3273 2038 3343 quodam-

2165 3185 2264 3256 μιᾳ
2293 3183 2465 3257 ταύτῃ
2495 3183 2556 3236 τὸ
2591 3183 2655 3235 ὲκ
2691 3181 2864 3254 μηκὸς
2896 3179 3006 3252 (δι)
3039 3179 3136 3250 τῆς
3170 3175 3381 3247 ἡλικίας
3405 3169 3730 3242 ιπανορισι-

2165 3294 2342 3347 μενος.

463 3367 631 3421 modo
685 3365 905 3430 reddes,
957 3367 1186 3436 pulchra
1242 3375 1407 3438 atque
1459 3366 1675 3424 decenti
1736 3367 1837 3424 hac
1879 3385 2041 3427 senes
2079 3372 2314 3428 curandi
2395 3373 2632 3436 ratione,
2681 3369 3078 3442 tongaevitatem
3127 3371 3374 3422 nostram
3415 3361 3478 3417 i
3549 3359 3728 3414 melio—
3807 3401 3809 3418 ,

467 3475 582 3518 rem
615 3469 816 3518 statum
847 3460 1160 3516 restituens.

1011 3748 1350 3808 EPISTOLA
1389 3749 1510 3808 XII.

2626 3751 2970 3808 ΕιιιΣτοΑιι
3011 3753 3088 3804 ur
3123 3749 3258 3821 (65).

475 3903 559 3963 Ea:
588 3909 744 3975 huius
777 3907 1015 3979 epistola:
1050 3917 1296 3962 contextu
1339 3917 1558 3978 apparet
1588 3925 1704 3962 eam
1747 3910 2002 3979 scriptam
2032 3909 2196 3977 fuisse
2231 3907 2300 3964 ad
2333 3909 2700 3979 Cappadocem
2733 3909 2984 3979 virumjn
3019 3907 3246 3976 quodam
3289 3903 3466 3979 Ponti
3499 3905 3622 3979 ioco
3643 3905 3727 3979 de.-

541 3989 762 4050 gentem.
797 3975 964 4032 Moris
992 3987 1164 4032 autem
1207 3987 1330 4050 tunc
1357 3975 1474 4033 erat
1499 3979 1716 4050 anticus
1751 3978 1820 4032 ad
1850 3975 2161 4034 celebriores
2191 3975 2522 4048 festivitates,
2563 3980 2859 4050 praesertim
2895 3975 3205 4050 Paschalis,
3235 3975 3726 4050 aemulemur-idus

539 4044 780 4114 inritare,
810 4058 864 4103 ut
896 4058 1041 4118 putet
1075 4063 1140 4102 ex
1175 4048 1510 4103 Nazianzem'
1540 4048 1796 4118 Epistolis
1821 4051 1910 4114 99,
1941 4050 2066 4116 100,
2107 4061 2158 4105 et
2185 4044 2308 4118 102,
2340 4051 2410 4106 ad
2447 4044 2742 4116 Euidlium,
2763 4049 2966 4119 junctis
2998 4047 3252 4116 Epistoliz
3285 4046 3410 4110 250,
3437 4044 3510 4098 ad
3543 4047 3728 4100 Patia-

540 4122 710 4174 dium.

541 4297 652 4350 Nec
679 4297 822 4352 veris
853 4295 1030 4366 gratia
1067 4306 1292 4365 repente
1330 4312 1394 4351 ac
1447 4305 1558 4351 tota
1593 4297 1758 4352 simul
1802 4299 2043 4353 emicare

473 4392 648 4457 solet;
681 4388 778 4444 sed
814 4389 972 4443 verni
1006 4389 1274 4456 temporis
1305 4389 1532 4444 exordia
1569 4389 1704 4444 ﬁunt
1735 4389 1870 4446 solis
1907 4390 2042 4444 radii

471 4497 633 4538 terra
671 4481 932 4538 duritiem
981 4479 1186 4534 blande
1233 4481 1598 4545 emollientes,
1657 4489 1712 4538 et
1763 4481 1925 4537 ﬂores
1961 4482 2046 4536 di-

541 4659 653 4750 (§5)
707 4661 772 4716 Et
821 4664 910 4718 hic
965 4663 1196 4718 fortasse
1255 4661 1568 4732 legendum,
1617 4664 1650 4732 ἡ
1713 4661 1809 4716 καὶ
1855 4661 1914 4715 ὲν
1978 4665 2046 4733 τῇ

475 4752 580 4802 ιινη
592 4752 686 4802 μῃ.

547 4752 883 4873 ἔξιύξλιίνυνί.
931 4801 1067 4858 Med.
1119 4803 1300 4873 μέσον.
1365 4803 1538 4861 Paulo
1569 4811 1709 4873 post,
1753 4802 2048 4874 φιλοτίμως

463 4887 512 4938 ιι
520 4873 608 4944 pb:
646 4873 926 4942 ἀλλήλους.

543 4944 892 5064 (57ιᾷὶῧτως.
935 4943 1008 4998 ld.
1045 4947 1164 5000 cod.
1211 4950 1274 5002 ὲκ
1305 4947 1400 5004 τοῦ
1433 4945 1660 5000 Πόντου.
1691 4943 1758 4998 Ει
1793 4958 1917 5000 mox
1949 4959 2052 5015 μα-

543 5031 668 5064 οιστ
698 5031 758 5064 ,ν.

472 5031 758 5069 καθιστην.

547 5053 923 5172 ἓὲἓῖἶῗεῖειε-
969 5084 1543 5172 ιιι-,ιπξρξαλλδμενος
1574 5085 1767 5172 οὕτως·

545 5155 658 5220 (59)
682 5155 1003 5230 Κρᾳτῆρες.
1028 5155 1191 5230 Med.
1219 5155 1521 5230 βρωτῆρες.
1547 5167 1859 5212 eomestores
1883 5168 1901 5207 .'
1936 5165 2051 5230 vox

473 5225 540 5278 ad
564 5225 896 5296 sententiam
931 5223 1418 5293 aptissimal'hlox"
1460 5237 1640 5284 autem
1675 5223 2048 5296 σωφρονούσῃ.

471 5295 673 5348 -—Etsi
714 5294 1110 5368 incompertum
1171 5299 1302 5352 mihi
1358 5301 1428 5354 sit
1475 5314 1542 5352 an
1600 5313 1700 5352 vox
1755 5294 2049 5368 κρατῆρες,

473 5381 574 5432 pro
597 5365 1042 5426 occupatoribus.
1070 5383 1135 5420 eo
1163 5383 1326 5422 sensu
1355 5385 1383 5422 a
1405 5368 1660 5436 quopiam
1697 5365 2048 5436 acceptasit,

475 5449 582 5502 quo
617 5436 842 5510 verbum
880 5436 1096 5506 κρατέω
1119 5453 1497 5510 ἐωρρηιιιιιθτο
1521 5447 1816 5510 usurpatur
1837 5453 1855 5510 ;_
1871 5445 2052 5510 tamen

477 5521 584 5570 non
611 5506 770 5558 video
809 5518 1044 5570 quonam
1083 5506 1214 5563 alio
1239 5509 1450 5564 meliori
1497 5506 1674 5563 sensu’
1701 5509 1804 5562 hoc
1845 5508 1900 5560 in
1929 5507 2050 5562 loco

479 5569 674 5644 Latine
706 5569 860 5644 reddi
898 5575 1093 5644 possit.

553 5643 664 5717 (60)
705 5643 910 5717 Notum
925 5654 1008 5717 est
1039 5647 1295 5714 eruditis,
1331 5649 1436 5704 hoc
1465 5648 1689 5704 nomine
1725 5646 2050 5717 appellatam

482 5711 652 5768 fin'sse
689 5729 805 5796 eam
837 5711 1444 5796 Penelopisaneillam,
1487 5733 1608 5789 quae
1639 5711 1906 5796 Ulyssem,
1948 5716 2051 5796 sub

483 5785 740 5856 pauperis
771 5785 958 5839 habitu
989 5785 1268 5851 latentem.
1319 5791 1458 5847 adeo
1501 5785 1876 5855 aversabatur,
1908 5795 1970 5844 ut
1996 5793 2056 5840 et

2220 4300 2356 4354 Οὐδὲ
2376 4299 2470 4352 τοῦ
2513 4299 2672 4371 ἔαρος
2693 4300 2726 4370 ἡ
2749 4298 2906 4370 χάρις
2941 4296 3264 4367 διαλάμπειν
3286 4293 3426 4349 κατά
3449 4293 3512 4348 τὸ
3537 4293 3730 4364 ἁθρῦιν

2153 4393 2395 4461 πέφυκεν
2416 4409 2430 4424 ·
2469 4391 2606 4446 ἀλλὰ
2631 4391 2890 4463 προοίμια
2917 4390 3014 4459 τῆς
3041 4389 3188 4460 ὥρας
3209 4387 3447 4454 γίνονται
3481 4387 3646 4450 ἀκτίς
3677 4402 3728 4437 τε

2152 4485 2436 4555 προσηνῶς
2473 4484 2532 4537 τὸ
2563 4483 2806 4553 πεπηγὸς
2833 4483 2931 4552 τῆς
2959 4481 3063 4549 γῆς
3091 4478 3484 4542 ἑπιθάλπουσα,
3519 4479 3622 4530 καὶ
3644 4479 3730 4530 5w-

2145 4662 2376 4716 verbera
2405 4660 2456 4714 ei
2491 4660 2813 4722 minaretur,
2851 4657 2956 4714 nisi
2983 4674 3014 4712 e
3045 4657 3328 4723 Penelopia
3361 4654 3530 4709 domo
3557 4655 3728 4710 disce-

2147 4733 2321 4795 deret,
2373 4738 2431 4783 ιιι
2459 4729 2641 4784 videre
2689 4721 2885 4782 estin
2941 4723 3160 4781 llomcri
3207 4721 3376 4795 σαμε.
3429 4725 3526 4780 lib.
3569 4742 3724 4791 xvm,

2148 4817 2295 4856 vers.
2327 4800 2452 4864 M9,
2481 4808 2532 4854 et
2568 4799 2660 4853 lib.
2702 4815 2818 4858 χιι,
2861 4813 3004 4852 vers.
3037 4797 3125 4850 65.

2219 4869 2640 4943 (6|)__Bespicit_
2689 4868 2970 4943 Nyssenus
3024 4869 3092 4920 ad
3125 4881 3435 4943 procorum
3495 4879 3726 4943 necem,

2146 4934 2323 5010 quam
2355 4934 2580 5010 Ulysses
2622 4934 2791 5010 iactis
2841 4955 2970 4991 arcu
3023 4934 3260 5008 sagittis,
3295 4937 3552 5006 patravit.
3601 4934 3730 4989 Vide

2153 5009 2372 5068 Homeri
2401 5009 2566 5078 Odys.
2599 5009 2690 5062 lib.
2725 5025 2860 5062 χχιι.

2225 5081 2338 5150 (62)
2355 5075 2568 5147 Αὐτῆς.
2603 5078 2680 5132 ld.
2705 5080 2863 5150 αὐτῇ.
2892 5077 3010 5130 Mox
3049 5091 3179 5132 vero
3199 5076 3405 5150 clarius
3437 5087 3492 5129 et
3526 5075 3730 5144 optime
3805 5115 3809 5128 .

2154 5147 2372 5215 ἀτονίας
2407 5165 2503 5218 pro
2536 5147 3080 5212 ἀπονοίαςᾞϐλιιλοο.
3109 5162 3163 5218 p.

2225 5213 2600 5294 (65)){uthic
2635 5220 2888 5294 mendum
2925 5213 3141 5294 aliquod
3173 5217 3383 5294 subest,
3413 5225 3527 5278 aut,
3557 5217 3594 5284 ἠ
3639 5213 3726 5268 τοῦ

2154 5286 2342 5366 γήρως
2393 5292 2640 5366 dindyma,
2677 5288 2816 5344 idem
2847 5303 2943 5366 per
2982 5286 3524 5366 circumlocutionem
3551 5295 3643 5366 est
3669 5301 3728 5337 ac

2157 5356 2405 5432 simplex.
2453 5361 2515 5413 τὸ
2549 5361 2748 5430 γῆρας,
2797 5356 2944 5429 quod
2990 5366 3326 5429 postremum
3373 5359 3430 5410 in
3479 5356 3726 5410 versione

2155 5445 2342 5488 nostra
2377 5432 2548 5486 secuti
2583 5445 2794 5484 sumus.

2231 5503 2341 5574 (64)
2373 5503 2476 5556 Ἐκ
2493 5501 2707 5574 μηκός.
2749 5500 2882 5554 Cod.
2902 5498 3054 5574 _M_ed.
3103 5495 3408 5574 κεκμηκός,
3450 5495 3600 5574 quod
3628 5497 3720 5574 _l_o-

2157 5565 2280 5628 cuin
2304 5565 2358 5626 et
2385 5565 2606 5628 sensum
2641 5571 2798 5639 plane
2833 5569 3004 5624 reﬁcit
3038 5588 3051 5623 :
3083 5569 3142 5622 τὸ
3171 5565 3452 5639 κεκμηκὸς
3489 5565 3590 5636 τῆς
3619 5565 3720 5636 ἠλι-

2157 5645 2302 5706 κίας,
2331 5638 2654 5698 laboriosani
2681 5649 2908 5694 (etatem.
2947 5641 3182 5694 Canace.
3206 5653 3255 5706 p.
3291 5638 3382 5692 93.

2228 5715 2340 5784 (o5)
2383 5715 2606 5768 Ἐπιστ.
2631 5711 2952 5784 lnscribitur
2989 5711 3066 5782 τῷ
3105 5707 3274 5779 αὐτῷ,
3305 5707 3498 5772 eidem,
3537 5707 3602 5760 in
3619 5717 3718 5760 ms.

2159 5779 2352 5842 nunc;
2389 5794 2580 5854 estque
2607 5796 2758 5837 num.
2785 5779 2874 5833 IX.
