3834 6458
168 253 318 309 1045

1378 253 1758 311 EPISTOLA‘I.
1794 281 1863 292 -—
1898 254 2115 311 EPIST.
2149 258 2261 312 XII.

3295 250 3429 308 1046

165 370 267 437 θος
284 366 570 443 ἡμῖφανῶς
586 374 651 443 τῇ
680 371 833 444 βώλῳ
854 373 1346 445 ὕποκρνπτόμενον,
1371 376 1462 429 καὶ
1479 371 1637 447 αὖραι
1656 374 1751 442 τὴν

1860 374 2025 427 midia
2057 379 2139 429 sui
2176 386 2325 445 parte
2353 377 2523 446 glebis
2555 376 2704 439 tecti,
2746 385 2796 430 et
2828 390 2973 429 aurae
3011 382 3211 427 terram
3244 372 3429 426 allian-

166 464 280 534 γῆν
296 463 669 525 ὲπιπνέουσαι,
692 463 766 526 ὡς
780 463 865 516 διὰ
883 464 1076 533 βάθους
1087 466 1147 517 τὸ
1160 467 1223 518 ἐκ
1246 465 1339 518 τοῦ
1358 467 1517 536 ἀέρος
1535 466 1757 535 γόνιμόν

165 568 234 603 τε
254 552 351 605 καὶ
369 551 640 619 ζωόφυτον
657 552 735 613 εἰς
748 552 1254 621 αὐτὴνδιαδύεσθαι.
1276 555 1429 607 Ἔστι
1466 556 1556 607 καὶ
1573 554 1757 608 νεοθα-

167 641 242 711 λῆ
274 644 413 694 πόαν
430 641 746 704 θεάσασθαι,
766 645 856 695 καὶ
871 643 1096 713 ὀρνίθων
1114 644 1385 705 ἐπάνοδον,
1405 644 1537 708 οὒςό
1554 632 1756 715 χειμὼν

166 732 485 796 ἁπεξὲνωσε
495 771 509 791 ,
525 732 795 786 καὶπολλὰ
806 733 1047 797 τοιαῦτα,
1063 734 1098 787 ἃ
1112 752 1176 804 ση
1186 736 1311 804 μεία
1326 734 1523 802 μᾶλλόν
1537 736 1627 785 ὲστ
1637 752 1650 785 ι
1660 733 1754 787 τοῦ

169 819 362 892 ἔαρος,
383 823 481 874 οὐκ
498 823 626 874 αὐτὸ
642 822 701 874 τὸ
717 822 836 894 ἔαρ.
867 823 1012 893 Πλὴν
1028 824 1140 876 ἀλλ’
1176 824 1273 895 ὴδῆ
1289 825 1379 877 καὶ
1408 823 1597 889 ταῦτα,
1624 824 1755 876 διότι

172 914 274 966 καὶ
290 913 397 965 τῶν
413 914 641 984 ἡδίστων
674 915 960 984 μηνύματα
978 915 1085 985 (66)
1120 916 1344 983 γίνεται.
1377 914 1440 968 Τί
1456 911 1757 983 οὖνὸλόγος

173 1022 273 1073 μοι
293 1005 537 1074 βούλεται
558 1022 572 1068 ;
601 1006 816 1075 Ἐπειδὴ
835 1007 1135 1077 πρόδρομος
1164 1007 1274 1060 τῶν
1294 1009 1351 1059 ὲν
1369 1008 1451 1060 σοὶ
1470 1007 1757 1077 θησαυρῶν

168 1098 211 1167 ἡ
248 1097 337 1149 διὰ
372 1097 479 1149 τῶν
507 1097 847 1167 γραμμάτων
883 1116 976 1152 σου
1026 1099 1388 1171 φιλοφροσύνη
1437 1100 1571 1169 πρὸς
1608 1102 1757 1171 ἡμᾶς

166 1187 430 1255 ἐλθοῦσα,
463 1189 609 1258 καλῷ
638 1190 908 1261 προοιμίῳ
935 1191 992 1244 τὸ
1012 1192 1161 1263 παρὰ
1190 1192 1282 1245 σοῦ
1314 1193 1756 1264 προσδοκώμενον

172 1283 315 1350 ἡμῖν
344 1282 748 1350 εὐαγγελίζεται
773 1298 786 1311 ·
836 1285 930 1337 καὶ
960 1284 1058 1355 τὴν
1088 1286 1146 1338 ὲν
1172 1285 1378 1349 τούτοις
1420 1287 1576 1357 χάριν
1604 1288 1755 1357 δεχό-

178 1374 348 1442 μεθα,
379 1373 454 1436 ὥς
501 1391 552 1427 τι
590 1376 944 1445 πρωτοφανὲς
991 1376 1148 1440 ἄνθος
1177 1377 1269 1431 τοῦ
1297 1378 1473 1448 ἔαρος,
1507 1378 1600 1430 καὶ
1631 1379 1758 1447 ὅλης

170 1464 485 1518 ἀπολαῦσαι
531 1465 628 1534 τῆς
678 1465 827 1537 ὧρας
869 1467 927 1519 ὲν
960 1466 1041 1519 σοὶ
1080 1468 1349 1538 εὐχόμεθα
1378 1470 1486 1537 (67)
1534 1468 1620 1521 διὰ
1658 1470 1757 1522 τά·

172 1572 330 1623 χους.
362 1555 572 1625 Σφόδρα
599 1555 728 1627 γὰρ,
758 1552 816 1610 εὖ
850 1557 977 1622 ἴσθι,
1009 1558 1211 1628 σφόδρα
1255 1559 1332 1627 τῷ
1366 1560 1522 1630 θυμῷ
1560 1561 1651 1613 καὶ
1688 1565 1754 1631 τῇ

173 1648 378 1719 πικρίᾳ
396 1646 504 1700 τῶν
528 1647 834 1719 ἐπιχωρίων
857 1648 1002 1717 ἠθῶν
1024 1650 1429 1719 πεπονυίικομεν⁸
1454 1650 1546 1703 κα)⁸
1567 1649 1755 1720 ὥσπερ

172 1738 294 1799 τοῖς
324 1736 613 1807 δωματίοις
651 1739 715 1789 ἐκ
740 1736 848 1789 τῶν
877 1738 1264 1809 ἐπεισρεόντων
1294 1739 1498 1792 ὑδάτων
1527 1740 1749 1811 ὑποτρέ-

172 1844 339 1894 φεται
376 1828 702 1898 κρύσταλλος
732 1826 841 1897 (68)
879 1826 1173 1899 (χρήσομαι
1204 1830 1311 1901 γὰρ
1336 1832 1400 1884 ἐκ
1427 1831 1533 1884 τῶν
1563 1831 1756 1901 ἡμετέ-

175 1933 292 1987 ρων
321 1916 398 1987 τῷ
430 1916 827 1987 ὑποδείγματι),
858 1915 1001 1970 οὕτω
1030 1916 1142 1991 (69)
1178 1920 1553 1992 καταῤῥέουσα
1590 1924 1752 1989 νοτὶς,

174 2010 225 2061 εί
260 2008 341 2079 τῷ
371 2009 640 2080 πεπηγότι
664 2010 1031 2076 ὲπιπολάσειε,
1065 2010 1304 2065 λιθοῦται
1338 2014 1467 2085 περὶ
1503 2013 1592 2068 τὸν
1626 2015 1758 2086 κρύ-

176 2103 421 2163 σταλλον,
453 2104 544 2157 καὶ
573 2104 854 2176 προσθήκη
901 2104 994 2158 τοῦ
1041 2105 1202 2174 ὄγκου
1245 2105 1471 2173 γίνεται.
1508 2105 1756 2159 Τοιοῦτόν

174 2211 230 2246 τι
282 2194 523 2265 βλεπέτω
550 2195 662 2265 (70)
714 2199 827 2260 τοῖς
877 2197 1093 2261 πολλοῖς
1136 2197 1246 2251 τῶν
1292 2198 1433 2249 κατὰ
1472 2198 1563 2249 τὸν
1592 2198 1755 2251 τόπον

173 2284 646 2355 ἐπιχωριαζόντων
691 2286 751 2340 τὸ
782 2282 934 2358 ἦθος,
983 2286 1059 2351 ὡς
1104 2288 1188 2341 ἀεί
1224 2304 1276 2341 τι
1322 2291 1755 2359 προσεπινοείται

171 2376 308 2445 παρ’
338 2374 515 2429 αὐτῶν
558 2377 637 2440 είς
690 2379 914 2447 πικρίαν
962 2379 1055 2432 καὶ
1102 2378 1503 2449 ὲφευρίσκεται,
1554 2381 1648 2434 καὶ
1678 2378 1756 2450 τῷ

171 2468 738 2539 προκατειργασμένῳ
792 2469 977 2540 ἕτερον
1030 2470 1199 2523 κακὸν
1227 2471 1613 2541 ὲπιπήγνυται,
1658 2473 1756 2526 κά-

172 2558 343 2626 κείνῳ
377 2559 523 2624 ἄλλο,
571 2561 665 2613 καὶ
707 2560 868 2614 πάλιν
915 2560 1134 2633 ἕτερον,
1177 2563 1271 2616 καὶ
1321 2562 1478 2616 τοῦτο
1518 2564 1755 2635 συνεχῶς

148 2650 393 2719 ὑπαντᾷ
419 2651 552 2719 (71),
585 2652 676 2706 καὶ
719 2652 895 2717 οὐδεὶς
922 2654 1067 2725 αὐτῷ
1111 2656 1235 2725 ὄρος
1278 2656 1371 2709 τοῦ
1415 2658 1603 2728 μίσους
1661 2659 1755 2711 καὶ

168 2741 278 2812 τῆς
308 2742 417 2796 τῶν
448 2744 631 2797 κακῶν
662 2744 1011 2819 ὲπαυξήσεως
1035 2761 1048 2775 ⁶
1103 2748 1242 2801 ὥστε
1277 2749 1483 2803 πολλῶν
1508 2751 1634 2821 ὑμῖν
1664 2752 1755 2805 εὐ-

172 2832 288 2904 χῶν
316 2833 429 2904 (72)
470 2831 609 2888 εἶναι
656 2835 877 2907 χρείαν,
928 2837 1248 2892 ἐπιπνεῦσαι
1296 2839 1384 2894 διὰ
1430 2840 1627 2910 τάχους
1657 2842 1755 2914 τὴν

171 2925 340 2993 χάριν
369 2923 463 2977 τοῦ
494 2924 829 2995 Πνεύματος,
872 2928 965 2981 καὶ
990 2928 1200 2997 διαχέαι
1240 2929 1340 3000 τὴν
1392 2932 1616 3001 πικρίαν
1659 2931 1753 2985 τοῦ

174 3015 395 3085 μίσους,
446 3016 541 3069 καὶ
568 3016 859 3088 διαθρύψαι
894 3018 985 3071 τὸν
1029 3019 1094 3071 ὲκ
1146 3020 1245 3089 τῆς
1283 3021 1545 3092 πονηρίας
1573 3024 1754 3087 αὐτοῖς
1779 3046 1823 3105 C

172 3108 525 3179 πηγνύμενον
552 3108 903 3180 κρύσταλλον.
933 3109 1031 3162 Διὰ
1062 3108 1232 3163 ταῦτα
1261 3110 1429 3179 γλυκὺ
1454 3112 1516 3165 τὸ
1540 3112 1637 3184 ἔαρ
1660 3115 1752 3167 καὶ

170 3200 320 3253 κατὰ
355 3199 515 3265 φύσιν
563 3200 838 3270 ὑπάρχον,
883 3199 1078 3254 ἑαυτοῦ
1130 3200 1501 3272 ποθεινότερον
1546 3203 1751 3271 γίνεται

170 3293 287 3353 τοῖς
318 3292 426 3345 ἀπὸ
472 3290 725 3345 τοιούτων
758 3308 817 3344 σε
850 3290 1301 3362 προσδεχομένοις
1328 3292 1625 3363 χειμώνων.
1659 3294 1751 3364 Μὴ

167 3377 270 3435 οὖν
293 3381 597 3452 βραδυνέτω
618 3384 652 3452 ἡ
672 3382 828 3452 χάρις
856 3396 871 3412 ⁶
902 3381 1076 3445 ἄλλως
1107 3399 1165 3435 τε
1190 3382 1283 3435 καὶ
1308 3384 1407 3452 τῆς
1440 3383 1596 3451 ἁγίας
1619 3386 1751 3453 ἡμῖν

169 3474 391 3544 ἡμέρας
425 3472 849 3545 πλησιαζούσης,
894 3472 1253 3543 εὐλογώτερον
1303 3474 1369 3528 ἂν
1403 3476 1508 3546 εἴη,
1538 3475 1636 3546 τὴν
1668 3477 1753 3529 ὲν-

171 3564 451 3632 εγκοῦσαν
501 3568 615 3629 τοῖς
665 3564 815 3629 ἰδίοις
884 3565 1083 3636 μᾶλλον
1149 3566 1182 3637 ἢ
1242 3566 1332 3619 τὸν
1392 3567 1589 3621 Πόντον
1645 3572 1757 3633 τοῖς

170 3656 465 3728 ἡμετέροις
496 3656 872 3728 σεμνύνεσθαι.
919 3657 1069 3710 Ἐλθὲ
1098 3652 1210 3723 οὖν,
1251 3651 1296 3711 ὦ
1346 3657 1474 3728 φίλη
1524 3659 1753 3729 κεφαλὴ,

169 3747 361 3819 φέρων
404 3748 533 3816 ἡμῖν
577 3742 795 3813 ἀγαθῶν
847 3744 1081 3817 πλῆθος,
1134 3745 1329 3798 σαυτόν
1367 3761 1381 3774 °
1439 3746 1597 3799 τοῦτο
1647 3748 1755 3818 γὰρ

170 3839 333 3892 ἔσται
352 3838 457 3892 τῶν
487 3836 709 3907 ἀγαθῶν
736 3840 843 3891 τῶν
873 3838 1159 3909 ἡμετέρων
1188 3839 1249 3891 τὸ
1278 3838 1573 3909 πλήρωμα.

172 3934 397 3998 alienis,
452 3933 557 3988 hoc
604 3940 709 4000 est,
760 3934 969 3989 nostris
1015 3934 1212 4004 Opibus
1263 3933 1534 3989 decorari.

1865 476 1945 519 tes
1981 474 2037 519 ut
2080 468 2397 521 seminalem
2448 477 2634 539 atque,
2660 468 3028 538 generativam
3074 466 3217 519 aeris
3257 466 3428 518 virtu-

1860 563 1967 609 tem
1998 557 2050 610 in
2084 556 2203 625 ejus
2238 560 2419 613 abdita
2472 560 2772 614 insinuent.
2806 558 2957 613 Licet
2986 563 3039 612 et
3086 572 3276 611 recens
3313 556 3429 623 pul-

1858 648 2121 702 lulantem
2161 651 2382 705 herbam
2440 652 2666 717 intueri,
2708 663 2762 707 et
2816 652 3018 713 avium,
3068 663 3205 719 quos
3253 649 3429 702 hiems

1859 742 2111 796 exsulare
2151 743 2337 811 jussit,
2388 745 2648 806 reditum,
2691 754 2747 797 et
2793 744 2897 797 alia
2953 744 3123 796 multa
3172 742 3427 810 hujusce-

1861 833 2025 897 modi,
2066 850 2186 902 qua:
2218 836 2469 904 quamvis
2500 837 2653 905 signa
2700 837 2882 905 potius
2911 836 3053 890 veris
3098 835 3228 897 sint,
3263 852 3424 904 quam

1859 939 1953 978 ver
2001 926 2198 994 ipsum,
2236 934 2476 980 attamen
2531 937 2585 980 et
2638 927 2753 997 ipsa
2794 928 3035 995 jucunda
3093 936 3241 989 sunt,
3291 942 3429 995 quo-

1860 1015 2003 1069 niam
2062 1031 2148 1071 res
2193 1016 2350 1084 longe
2393 1016 2835 1083 jucundissimas
2881 1017 3235 1087 portendunt.
3284 1017 3425 1083 Quid

1858 1106 2027 1174 igitur
2071 1107 2173 1161 sibi
2224 1108 2341 1160 vult
2392 1121 2574 1162 sermo
2617 1109 2846 1162 noster?
2877 1108 3144 1173 Quoniam
3192 1108 3427 1162 benevo-

1857 1195 2024 1250 lentia
2075 1203 2190 1259 tua,
2237 1197 2480 1251 thesauri
2525 1198 2578 1250 in
2619 1205 2671 1250 te
2712 1196 2938 1265 repositi
2974 1197 3299 1265 praenuntia,
3332 1210 3428 1265 per

1858 1286 2066 1342 litteras
2093 1287 2157 1340 ad
2186 1302 2285 1342 nos
2308 1288 2552 1351 veniens,
2584 1288 2982 1357 pulchroinitio
3000 1288 3139 1341 bona
3172 1303 3290 1356 quse
3317 1303 3344 1339 a
3372 1294 3427 1339 te

1855 1382 2257 1443 exspectamus,
2291 1376 2606 1441 annuntiat;
2646 1391 2745 1430 nos
2800 1376 3016 1445 quidem
3058 1376 3275 1429 insitam
3319 1376 3425 1428 illis

1855 1464 2109 1533 gratiam,
2144 1466 2308 1519 veluti
2348 1464 2635 1535 quemdam
2659 1466 2835 1533 primo
2864 1467 3009 1520 veris
3040 1473 3284 1534 tempore
3331 1481 3424 1535 ap-

1857 1564 2135 1622 parentem
2176 1554 2383 1621 tiorem,
2441 1557 2795 1626 suscipimus,
2831 1557 2998 1611 etiam
3048 1566 3213 1626 atque
3261 1557 3423 1610 etiam

1859 1653 2142 1715 rogantes,
2178 1655 2235 1698 ut
2282 1646 2446 1715 pleno
2479 1655 2586 1701 tua:
2616 1647 2905 1716 probitatis
2951 1663 3075 1703 vere
3112 1664 3274 1716 quam
3312 1647 3427 1716 pri-

1784 1710 1833 1770 Β
1864 1752 2008 1789 mum
2044 1752 2143 1791 nos
2174 1736 2279 1790 frui
2309 1737 2499 1793 facias.
2528 1737 2753 1792 Multum
2781 1739 2948 1801 enim,
2985 1746 3043 1792 ut
3067 1739 3233 1808 probe
3258 1738 3423 1799 nosri,

1859 1827 2088 1881 multum
2115 1828 2379 1884 molestiae
2406 1829 2568 1885 nobis
2597 1831 2778 1883 attulit
2823 1830 3015 1885 feritas
3056 1838 3109 1884 et
3154 1830 3422 1898 asperitas

1856 1934 2090 1984 morum,
2126 1921 2218 1990 qui
2255 1921 2395 1990 apud
2428 1922 2591 1992 hujus
2620 1922 2859 1993 regionis
2890 1922 3097 1977 incolas
3124 1923 3341 1991 vigent;
3372 1932 3425 1976 et

1855 2011 2314 2079 quemadmodum
2349 2011 2404 2064 in
2446 2011 2733 2067 domorum
2780 2012 2937 2066 tectis
2968 2026 3030 2065 ex
3072 2010 3424 2064 influentibus

1855 2102 2013 2170 aquis
2060 2102 2261 2171 glacies
2314 2104 2577 2159 accrescit
2644 2104 2916 2173 (exemplo
2961 2104 3105 2157 enim
3155 2119 3185 2155 e
3237 2110 3424 2156 nostra

1855 2192 2077 2261 regione
2134 2201 2350 2263 sumpto
2395 2196 2575 2264 utar),
2629 2202 2682 2249 et
2738 2194 2981 2250 defluens
3031 2210 3205 2249 novus
3272 2209 3426 2263 aqua:

1856 2285 2075 2348 humor,
2124 2284 2170 2338 si
2225 2299 2392 2353 super
2432 2299 2587 2355 aqua:
2629 2284 2742 2353 jam
2795 2284 3036 2338 densata:
3079 2284 3424 2353 superficiem

1856 2375 2138 2439 dilatetur,
2176 2376 2229 2428 in
2258 2376 2489 2446 glaciem
2516 2386 2569 2431 et
2618 2377 2735 2446 ipse
2768 2376 3034 2439 durescit,
3067 2376 3427 2445 ejusdemque

1858 2479 2096 2522 massam
2145 2466 2416 2537 adauget:
2462 2466 2643 2521 simile
2690 2466 2970 2537 quidpiam
3006 2467 3059 2520 in
3107 2475 3424 2520 nostrorum

1854 2558 2235 2630 indigenarum
2290 2559 2536 2614 moribus
2581 2560 2829 2614 obtinere
2867 2560 3099 2625 videtur,
3156 2574 3279 2613 cum
3321 2559 3425 2612 ali-

1856 2651 1986 2721 quid
2032 2664 2249 2719 semper
2294 2650 2363 2705 ad
2406 2659 2645 2707 veterem
2699 2651 3051 2719 asperitatem
3112 2651 3426 2720 excogitent

1855 2748 2018 2811 atque
2046 2740 2416 2806 adinveniant,
2445 2749 2499 2795 ct
2526 2741 2671 2795 malo
2693 2740 2802 2807 jam
2831 2747 3163 2809 perpetrato,
3191 2740 3422 2793 alterum

1855 2836 2057 2888 malum
2092 2834 2375 2903 adiiciant,
2416 2840 2471 2888 et
2508 2833 2597 2889 isti
2630 2833 2775 2886 aliud
2806 2832 3060 2901 aliudque
3093 2848 3307 2897 rursus,
3342 2832 3421 2885 id-

1854 2943 1960 2999 que
2003 2935 2268 2997 perpetuo
2305 2926 2526 2988 accidit.
2568 2933 2622 2981 et
2656 2925 2841 2979 nullus
2886 2924 2995 2979 odii
3048 2934 3102 2979 et
3154 2925 3424 2978 malorum

1856 3020 2178 3075 incrementi
2219 3018 2487 3074 terminus
2521 3024 2781 3086 apparet;
2813 3016 2887 3071 ita
2929 3023 2988 3070 ut
3023 3016 3211 3069 multis
3242 3016 3424 3086 preci-

1854 3111 1957 3165 bus
1987 3109 2145 3164 nobis
2174 3124 2314 3179 opus
2352 3110 2444 3173 sit,
2482 3117 2561 3171 ut,
2594 3106 2837 3177 Spiritus
2860 3108 3035 3162 sancti
3055 3108 3227 3177 gratia
3260 3122 3421 3176 quam

1852 3200 1964 3254 cito
1999 3214 2099 3254 nos
2132 3198 2369 3260 aﬂiante,
2408 3197 2521 3252 odii
2552 3196 2864 3251 amaritudo
2899 3196 3198 3266 dissipetur
3224 3204 3276 3249 et
3308 3197 3425 3266 gla-

1854 3294 1970 3346 cies
2015 3290 2150 3361 ipsis
2203 3306 2271 3345 ex
2318 3290 2523 3343 malitia
2586 3288 2860 3344 inhzerens
2911 3297 3249 3343 conteratur.
3294 3288 3425 3342 l'ro-

1854 3391 2063 3453 pterea,
2095 3382 2196 3437 etsi
2225 3396 2318 3436 ver
2355 3389 2549 3450 suapte
2581 3388 2776 3434 natura
2818 3380 3121 3449 jucundum
3156 3381 3247 3441 sit,
3286 3388 3425 3433 atta-

1855 3490 1979 3530 men
2013 3489 2073 3530 se
2104 3474 2223 3544 ipso
2264 3472 2685 3528 desiderabilius
2737 3472 2845 3527 illis
2883 3471 3084 3536 evadit,
3119 3472 3212 3541 qui
3260 3472 3421 3526 talem

1856 3566 2088 3621 hiemem
2118 3564 2385 3635 perpessi,
2412 3571 2466 3619 te
2494 3564 2899 3634 praestolamur.
2931 3562 3084 3617 Istud
3116 3564 3299 3632 itaque
3327 3564 3424 3617 be-

1855 3656 2109 3713 neficium
2134 3663 2298 3727 atque
2335 3656 2509 3727 gratia
2549 3671 2658 3709 non
2688 3655 3011 3721 differatur;
3047 3670 3173 3708 nam
3201 3662 3255 3707 et
3285 3655 3423 3707 alio-

1854 3749 1973 3819 qui,
2001 3754 2193 3804 sancta
2232 3747 2451 3817 diejam
2484 3748 2975 3817 appropinquante.
3006 3747 3422 3801 conveniendus

1790 3874 1792 3887 ›
1854 3846 2042 3914 utique
2070 3844 2197 3906 erit,
2241 3840 2472 3912 patriam
2502 3841 2740 3909 pr0priis
2763 3841 2968 3910 potius,
2997 3854 3160 3910 quam
3188 3840 3421 3894 Pontum

1615 3935 1746 3994 Veni
1785 3941 1991 4011 itaque,
2039 3950 2229 3995 earum
2275 3942 2479 4005 caput;
2510 3933 2591 3989 fer
2664 3934 2821 3989 nobis
2892 3935 3157 3989 bonorum
3201 3932 3425 3987 aliiuenc

167 4026 333 4092 tiam,
369 4034 423 4081 te
461 4026 673 4081 scilicet
715 4026 938 4096 ipsum:
981 4026 1086 4082 hoc
1129 4028 1276 4083 enim
1318 4029 1584 4084 bonorum
1634 4040 1963 4090 uostrorum‘
1989 4032 2448 4102 complementum
2479 4029 2603 4083 erit.

250 4223 363 4307 (66)
390 4225 743 4307 Μηνύματςι,
771 4221 847 4307 [ια
874 4226 1090 4306 quidem
1117 4237 1334 4307 propter
1360 4245 1525 4307 casus
1550 4232 1745 4307 immu-

168 4294 441 4350 tationem
494 4294 750 4349 emendat
788 4294 1130 4364 Zae'agniusf
1164 4294 1269 4352 Sed
1314 4300 1370 4354 in
1428 4304 1551 4356 cod.
1602 4302 1741 4357 Med.

169 4365 362 4439 nullus
386 4378 583 4439 error_:
616 4373 700 4439 est
733 4368 877 4439 enim
923 4367 1232 4439 μιμῄματα.
1291 4369 1523 4425 Canace.
1568 4390 1620 4439 p.
1655 4374 1745 4428 95.

167 4447 246 4475 -ε-
273 4434 349 4513 ita
371 4432 745 4513 emendandus
777 4432 1008 4492 fortasse
1027 4432 1320 4494 vaticanus
1338 4442 1529 4508 codex,
1559 4432 1611 4496 in
1640 4459 1749 4513 quo

168 4504 456 4575 scribitur.
492 4504 844 4575 μηνυμάτων.

249 4573 357 4643 (67)
377 4573 596 4651 Εὐχιξμ.
626 4573 762 4651 Cod.
804 4575 945 4651 hjcd.
983 4576 1076 4651 διά
1105 4578 1302 4649 τάχους
1344 4580 1631 4651 εὐχόμεθα.
1685 4582 1750 4636 Et

168 4658 324 4723 mox,
352 4644 548 4723 κρυμῴ
574 4660 672 4723 pro
704 4644 877 4723 θυμῷ·
935 4647 1080 4717 quod
1120 4644 1342 4723 praestat
1382 4644 1749 4723 {convenien-

168 4714 287 4768 tius
316 4722 401 4789 est
426 4714 570 4767 enim
598 4714 1022 4789 allegorianq'ua
1056 4714 1227 4789 uti—tur
1247 4718 1543 4789 Nyssenus.
1575 4721 1749 4778 Paulo

167 4783 476 4857 postidem
513 4783 647 4857 cod._
678 4783 1077 4857 ὐπορρεόντων.
1113 4788 1189 4843 ιιι.
1213 4804 1265 4857 p.
1296 4783 1386 4843 93.

249 4853 359 4934 (68)
382 4850 518 4934 JVox
548 4850 878 4934 κρύσταλλος
912 4857 1183 4926 duplicem
1214 4850 1388 4934 apud
1409 4857 1629 4934 Graecos
1670 4862 1744 4916 si-

168 4924 579 4997 gnificationem
624 4924 818 4991 habet;
863 4924 1005 4981 nam
1035 4938 1087 4981 et
1117 4944 1217 4997 pro
1254 4924 1425 4997 glaeie
1470 4932 1739 4994 sumitur,

169 4992 553 5066 atqueetiam
604 5009 703 5064 pro
750 5011 837 5058 eo,
890 4997 1035 5066 quod
1090 4992 1280 5053 Latini
1331 5000 1498 5053 etiam
1543 4992 1741 5056 vocant

168 5064 520 5131 crystallum.
570 5064 1041 5137 usurpatum—Nos
1087 5078 1267 5122 autem
1304 5070 1528 5137 glaciem
1576 5073 1740 5125 verti-

168 5148 319 5199 mus,
362 5148 485 5189 cum
538 5134 851 5192 nesciamus
889 5150 959 5192 an
1001 5137 1143 5208 apud
1197 5134 1365 5193 ulluin
1413 5140 1736 5211 scriptorem

1854 4232 2095 4302 crystalli
2141 4229 2586 4302 iniCappadocia
2635 4227 2916 4302 nascentis
2958 4226 3162 4302 mentio
3200 4226 3312 4302 fiat,
3368 4239 3422 4302 et

1858 4295 2059 4372 alioqui
2094 4302 2161 4357 de
2193 4295 2811 4372 Cappadocimjunivibus
2834 4300 3051 4372 jocatur
3079 4295 3338 4372 Libanius
3367 4299 3420 4372 in

1858 4366 2086 4441 epistola
2111 4372 2212 4425 l56
2242 4366 2382 4425 int—er
2419 4369 2603 4424 Basilii
2647 4369 2933 4441 epistolas,
2968 4366 3245 4441 idemqued
3267 4366 3424 4423 Basi-

1858 4382 2086 4441 eptstola
2111 4382 2212 4425 156
2243 4382 2382 4425 inter
2419 4382 2603 4424 uasmt
2649 4382 2933 4438 epistolas,
2968 4382 3220 4489 memque
3268 4382 3420 4423 rsasn-

1855 4442 1964 4512 lius
1998 4451 2112 4512 tum
2141 4442 2369 4512 epistola
2408 4439 2680 4512 sequenti,
2720 4446 2833 4492 tum
2863 4437 3085 4512 passim
3155 4452 3183 4491 c
3209 4437 3420 4508 Cappa-

1855 4510 2027 4565 doci;e
2060 4510 2255 4564 hiemis
2288 4510 2585 4564 acerbitate
2615 4510 2989 4577 conqueritur.

1927 4582 2037 4703 (63)
2279 4580 2363 4633 Nil
2396 4581 2449 4633 in
2475 4594 2589 4635 rem
2626 4576 2929 4633 sententiae.
2971 4576 3135 4631 Recte
3184 4578 3239 4631 in
3280 4576 3419 4633 Med.

2021 4692 2033 4703 .
2083 4668 2167 4703 (.I
2216 4668 2226 4701 I
2276 4689 2287 4701 .

1855 4652 1950 4704 καὶ
1978 4654 2033 4704 ἠ.
2061 4652 2137 4703 Id.
2157 4652 2287 4704 ibid.

2407 4718 2601 4774 Sensui
2650 4718 2840 4787 nequit
2884 4720 3306 4776 accommodari.
3354 4721 3422 4772 At

1850 4790 1990 4846 Med.
2026 4791 2225 4860 βλέπω,
2277 4789 2423 4858 quod
2469 4798 2553 4844 est
2582 4789 2947 4860 aptissimum.
2988 4789 3109 4843 Mox
3154 4806 3282 4846 vero
3331 4790 3419 4844 ubi

1851 4860 1972 4913 Vat.
1999 4859 2073 4923 ὡς
2101 4861 2207 4923 ἀεί,
2238 4860 2375 4913 Med.
2418 4859 2494 4921 ὡς
2526 4861 2746 4914 omittit.
2783 4859 2856 4911 Id.
2888 4859 3020 4913 ibid.

1921 4931 2031 4999 (7|)
2102 4928 2387 4995 Ὑπαντᾷ.
2445 4929 2583 4985 Med.
2630 4930 2858 4996 γίνεται.
2898 4929 3017 4983 Mox
3049 4928 3233 4991 αὐτοῖς
3290 4930 3417 4999 ὅρος

1848 4999 2065 5067 ῃιωίριι
2090 5000 2231 5070 idem
2262 4999 2387 5053 cod.
2420 4999 2565 5070 quod
2597 5008 2681 5055 est
2710 5000 2944 5054 orationi
2984 4999 3153 5069 magis
3193 5014 3422 5054 consen-

1847 5078 2092 5124 taneum.
2115 5069 2191 5123 ld.
2216 5070 2346 5122 ihid.

1914 5140 2027 5209 (72)
2066 5139 2077 5157 ’
2095 5139 2235 5207 Υμῖν
2258 5139 2472 5207 εὐχῶν.
2498 5139 2633 5195 Cod.
2660 5139 2798 5196 Med.
2820 5140 2990 5211 εὐχῶν
3020 5140 3171 5209 ἡμῖν.
