3834 6406
94 295 244 351 1059

1271 290 1657 346 EPISTOIJE.
1697 322 1764 333 —
1803 290 2021 347 EPIST.
2054 289 2195 347 XIV.

3232 280 3372 337 I050

96 409 273 468 μένου
299 406 393 461 τοῦ
434 406 527 461 σοῦ
559 407 656 477 μὲν
684 404 946 475 μαθητοῦ,
970 405 1173 477 πατρὸς
1204 406 1261 460 δὲ
1285 408 1441 478 ὲμοῦ,
1481 411 1574 463 καὶ
1613 409 1684 462 δι-

1810 409 1997 464 udices
2046 407 2275 476 hujusce
2313 404 2452 462 artis
2488 410 2756 476 praecepta
2789 416 2819 457 a
2863 409 2935 466 te,
2966 399 3114 457 velut
3149 414 3212 455 ex
3252 400 3366 469 ple-

92 500 376 554 εασκάλου
406 498 498 552 τοῦ
530 496 843 569 θαυμαστοῦ
897 497 1197 552 Βασιλείου.
1231 498 1370 552 Ἰσθι
1407 517 1476 570 με
1524 500 1689 571 μηδὲν

94 592 299 658 ἔχοντα
328 588 557 657 λιπαρὸν
588 588 701 658 (8'2)
747 588 805 640 ἐν
833 589 945 650 τοῖς
989 587 1098 640 τῶν
1135 587 1469 642 διδασκάλων
1495 587 1690 658 διηγή-

99 701 297 752 μασιν,
323 684 408 737 ἒπ⁹
432 682 609 753 ὀλίγον
632 682 706 753 τῷ
735 679 948 752 ἀδελφῷ
976 681 1359 749 συγγεγονότα,
1386 682 1483 735 καὶ
1508 679 1691 734 τοσοῦ‹

92 790 196 827 τον
228 773 382 846 παρὰ
410 773 509 843 τῆς
544 771 691 834 θείας
712 770 958 841 γλώττης
986 770 1360 841 ὲκκαθαρὲντα
1389 771 1526 840 (85),
1567 769 1691 823 ὅσον

96 864 405 933 ἐπιγνῶναι
447 863 606 934 μόνον
634 862 730 934 τὴν
778 861 1036 935 [ἄγνοιαν
1071 860 1218 933 (84)]
1274 861 1383 913 τῶν
1432 861 1692 931 ἀμυήτων

94 954 202 1007 τοῦ
231 954 393 1023 λόγου
418 970 433 983 ο
484 953 675 1005 ἔπειτα
707 953 977 1022 μέντοιγε,
1008 952 1103 1004 καὶ
1130 951 1305 1021 τούτῳ
1346 950 1479 1021 (85),
1509 950 1690 1004 εἴποτε

102 1041 316 1112 σχολὴν
341 1042 552 1112 ἄγοιμι,
587 1040 729 1093 κατὰ
776 1039 1011 1110 σπουδὴν
1044 1041 1225 1093 πᾶσαν
1267 1038 1690 1110 ἐνδιατρίϐοντα,

98 1133 347 1205 ἐραστὴν
382 1132 631 1203 γενέσθαι
678 1132 772 1185 τοῦ
810 1132 1076 1203 ὑμετέρου
1130 1131 1395 1194 κάλλους,
1443 1131 1539 1183 καὶ
1596 1147 1692 1183 τυο

98 1229 227 1296 χεῖν
260 1225 370 1296 (86)
408 1226 463 1279 δὲ
496 1224 723 1295 μηδέπω
760 1222 854 1276 τοῦ
882 1223 1100 1293 ἔρωτος.
1137 1223 1200 1275 Εί
1237 1223 1333 1293 μὲν
1365 1216 1481 1285 οῦν,
1506 1220 1692 1293 ὥσπερ

100 1318 273 1382 αὐτὸς
303 1316 413 1385 ἐγὼ
440 1315 609 1387 κρίνω
637 1314 706 1369 τὰ
734 1316 855 1369 καθ’
888 1318 1053 1387 ἡμᾶς,
1092 1316 1241 1369 ἐστὶν
1282 1314 1519 1387 οὐδαμοῦ
1547 1316 1576 1368 ὀ
1616 1314 1695 1367 δι-

1792 500 2025 556 nissimo
2053 499 2205 553 fonte
2238 498 2585 569 profluentia,
2611 497 2667 552 in
2696 497 2855 556 alios.
2898 498 3167 565 quotquot
3189 490 3375 557 aliqua

1790 591 2010 647 dicendi
2045 589 2306 645 facultate
2334 590 2560 660 pollent,
2591 587 2828 644 derivari
2846 585 3184 642 existiment.
3210 579 3370 635 Talia

1790 682 1934 738 enim
1961 690 2112 736 tuum
2150 681 2368 751 quidem
2388 679 2744 749 discipulum,
2781 686 2991 749 patrem
3040 690 3170 730 vero
3192 688 3373 727 meum

1792 781 1959 843 atque
1988 773 2336 846 magistrum,
2376 752 2755 826 admirabilem
2790 771 2943 825 illum
3006 767 3267 823 Basilium
3305 766 3375 821 de

1794 873 1848 920 te
1882 865 2059 934 palam
2097 865 2369 919 dicentem
2421 864 2622 932 saepius
2650 862 2857 917 audivi.
2896 859 3053 916 Scias
3096 873 3184 914 me
3218 857 3368 912 nulla

1794 956 1848 1010 in
1886 954 2207 1009 bauriendis
2264 955 2649 1024 magistrorum
2708 951 3061 1008 documentis
3110 948 3371 1006 felicitate

1793 1060 1954 1100 usum
2008 1044 2202 1109 fuisse,
2273 1046 2475 1115 quippe
2532 1045 2626 1115 qui
2668 1043 2886 1097 modico
2942 1049 3189 1110 tempore
3240 1053 3365 1094 cum

1792 1134 1965 1190 fratre
1992 1144 2249 1191 versatus
2278 1135 2496 1201 fuerim,
2532 1144 2586 1191 et
2618 1143 2833 1190 tantum
2873 1148 2960 1188 me
3008 1133 3192 1187 divina
3247 1131 3370 1200 ejus

1794 1227 1981 1296 lingua
2012 1228 2223 1282 cultum
2261 1228 2674 1298 expolitumque
2720 1224 3053 1293 reddiderit,
3092 1229 3364 1293 quantum

1793 1318 1933 1371 satis
1991 1324 2078 1371 est
2107 1315 2176 1370 ad
2235 1332 2428 1371 eorum
2482 1315 2895 1387 (ignorantiam)
2945 1311 3369 1385 dignoscendam

98 1407 376 1470 δᾶσκαλος
402 1406 513 1477 (87)
550 1407 726 1479 ἡμῶν.
761 1408 825 1460 Et
846 1405 903 1459 δὲ
925 1407 1023 1477 τὴν
1062 1407 1160 1478 σὴν
1190 1406 1476 1477 ὑπόληψιν,
1508 1406 1577 1477 ἢν
1608 1405 1688 1473 ἐφ’

1801 1408 2242 1477 quieloquentia:
2286 1409 2463 1463 sacris
2493 1408 2635 1462 haud
2678 1407 2879 1461 initiati
2940 1414 3106 1471 sunt;
3169 1403 3372 1459 deinde

98 1502 242 1569 ἡμῖν
272 1499 447 1569 ἔσχες,
497 1500 572 1570 μὴ
624 1497 908 1568 ἀληθεύειν
953 1499 1014 1551 οὑ
1060 1498 1256 1569 θέμις’
1313 1497 1427 1551 ἀλλ’
1474 1495 1688 1567 ἀληθεῖς

1801 1513 1922 1554 vero
1952 1513 2075 1552 cum
2109 1499 2248 1568 ipso,
2285 1498 2331 1554 si
2363 1499 2585 1568 quando
2600 1499 2767 1552 otium
2792 1495 3140 1565 suppetebat,
3163 1492 3374 1549 studio-

101 1607 259 1651 τινες
288 1590 345 1642 ὲν
365 1588 440 1659 τῷ
464 1590 607 1659 λόγῳ
632 1590 725 1643 καὶ
753 1589 928 1660 ὑμεῖς,
958 1590 1053 1641 καὶ
1078 1590 1237 1659 ἡμεῖς
1264 1589 1363 1641 οὑκ
1397 1587 1688 1657 ἀπόὸλητοι

1801 1590 2014 1644 sissime
2066 1600 2510 1654 conversantem,
2575 1603 2777 1658 magno
2836 1598 3037 1642 vesme
3088 1582 3373 1655 elegantiae

105 1680 267 1752 παρὰ
307 1681 453 1751 σοίγε
494 1683 688 1752 κριτῇ·
732 1680 822 1743 δὺς
860 1680 1125 1750 τολμῆσαί
1170 1697 1250 1733 σοι
1295 1680 1402 1733 τῶν
1440 1679 1688 1733 τοιούτων

1801 1694 1983 1733 amore
2015 1677 2303 1748 ﬂagrasse,
2333 1694 2434 1735 nec
2460 1689 2639 1733 tamen
2676 1679 2824 1733 illius
2856 1678 3023 1746 hujus
3062 1680 3371 1743 compotem

101 1772 212 1842 τὴν
245 1772 421 1825 αἰτίαν
453 1773 729 1826 ἀναθεῖναι
763 1771 898 1843 (88).
935 1771 998 1824 El
1030 1772 1139 1842 γὰρ
1168 1772 1446 1834 Βασίλειος
1475 1771 1573 1840 μὲν
1599 1768 1688 1822 τοῦ

1801 1784 2043 1840 unquam
2073 1769 2267 1827 fuisse.
2309 1770 2474 1841 Igitur
2506 1770 2575 1837 si,
2607 1776 2873 1838 quantum
2905 1768 2971 1822 ad
3008 1781 3109 1821 nos
3153 1765 3369 1824 attinet,

100 1866 381 1937 ἡμετέρου
425 1864 736 1936 προστάτης
787 1864 969 1933 λόγου,
1014 1864 1206 1935 ἐκείνῳ
1230 1864 1286 1917 δὲ
1325 1865 1353 1916 ὀ
1382 1863 1608 1926 πλοῦτος
1632 1863 1688 1915 ἐκ

1801 1864 2323 1928 nullus,utcenseo,
2350 1862 2616 1933 magister
2646 1876 2752 1917 nos
2780 1861 2967 1916 docuit
2994 1876 3009 1925 ;
3055 1866 3110 1912 et
3131 1855 3371 1925 alioquin

100 1957 219 2008 τῶν
250 1956 356 2009 σῶν
383 1952 451 2027 ἦν
494 1956 780 2026 θησαυρῶν
801 1970 820 1990 ⁸
848 1957 918 2010 τὰ
954 1956 1022 2009 σὰ
1054 1954 1388 2027 κεκτήμεθα,
1422 1955 1514 2008 καὶ
1544 1955 1592 2007 εί
1623 1954 1688 2007 δι’

1801 1954 1840 2010 si
1865 1955 2203 2026 Opinionem,
2245 1968 2412 2025 quam
2450 1954 2516 2008 de
2548 1953 2706 2008 nobis
2737 1951 2930 2013 habes,
2968 1948 3125 2004 nefas
3158 1954 3243 2001 est
3271 1945 3373 1998 fal-

102 2047 314 2119 ἐτέρων
357 2048 749 2118 ὑπεδεξάμεθα.
817 2048 876 2101 ΕΞ
923 2048 978 2101 δὲ
1024 2047 1179 2116 ὀλίγα
1226 2046 1398 2099 ταῦτα
1438 2062 1453 2077 ⁸
1512 2045 1688 2113 ὀλίγον

1801 2050 1830 2103 li
1858 2067 1873 2116 ;
1913 2048 2044 2119 quin
2076 2048 2257 2117 potius
2284 2062 2453 2101 verax
2479 2054 2566 2100 est
2600 2060 2783 2101 sermo
2811 2050 3013 2106 vester,
3046 2046 3102 2095 et
3126 2053 3250 2100 nos,
3284 2036 3371 2090 vel

104 2141 169 2191 ὲν
221 2142 335 2204 τοῖς
387 2140 690 2210 ἀμφορεῦσι
742 2140 802 2194 τὸ
856 2139 1028 2211 ὕδωρ,
1082 2138 1197 2192 ἀλλ’
1248 2140 1312 2192 ὲκ
1361 2136 1454 2191 τοῦ
1498 2136 1688 2191 Νείλου

1801 2149 1844 2195 [ο
1878 2140 1999 2210 ipso
2030 2139 2238 2208 judice,
2262 2136 2549 2206 rejiciendi
2583 2150 2812 2205 prorsus
2851 2148 2961 2189 non
3016 2144 3207 2185 sumus
3237 2147 3250 2181 :
3303 2127 3372 2180 da

105 2230 279 2300 ὅμως.

1785 2230 1949 2294 mihi,
1984 2238 2045 2284 ut
2074 2229 2241 2299 hujus
2281 2228 2359 2282 rei
2392 2226 2664 2298 originem
2704 2237 3043 2292 causamque
3080 2219 3147 2274 ad
3201 2226 3255 2272 te
3285 2232 3375 2270 re-

110 2321 468 2377 feram.Nam
522 2324 567 2378 si
610 2323 846 2378 Basilius
910 2322 1129 2393 quidem
1186 2333 1392 2378 nostra
1442 2321 1844 2394 qualiscunque
1904 2324 1961 2377 in
2027 2322 2261 2377 dicendo
2306 2319 2586 2376 facultatis
2616 2325 2813 2372 auctor
2840 2323 2960 2379 est,
3021 2313 3141 2381 ejus
3192 2316 3373 2363 autem

110 2416 316 2469 divitia:
352 2432 383 2471 e
420 2417 531 2471 tuis
576 2416 852 2471 thesauris
910 2416 1249 2488 depromptae
1314 2426 1477 2483 sunt,
1540 2417 1650 2473 tuis
1700 2417 1891 2487 utique
1945 2416 2106 2471 bonis
2146 2415 2411 2485 potimur,
2466 2413 2571 2468 etsi
2620 2426 2721 2482 per
2774 2410 2912 2464 alios
2966 2405 3376 2476 acceperimus;

109 2509 196 2561 sin
229 2523 359 2563 vero
391 2510 583 2579 exigua
611 2510 725 2565 haec
758 2521 906 2575 sunt,
940 2527 1131 2582 parum
1160 2511 1324 2565 etiam
1371 2526 1525 2580 aqua:
1553 2510 1655 2565 etsi
1685 2510 1740 2564 in
1772 2511 2052 2582 amphoris
2085 2512 2179 2575 sit,
2220 2527 2250 2565 e
2299 2509 2423 2563 Nilo
2454 2517 2634 2562 tamen
2670 2514 2774 2562 est.

582 2826 927 2883 ΕΠΙΣΤΟΛΗ
965 2825 1042 2879 ιΔν
1083 2826 1217 2896 (89).

2307 2819 2649 2876 EPISTOLA
2686 2819 2825 2875 XIV.

108 2958 429 3029 Responsiva
461 2966 538 3013 est
566 2959 676 3011 lucc
703 2957 925 3025 cpistola
965 2956 1033 3010 ad
1061 2957 1306 3021 alteram,
1338 2956 1568 3025 fortasse
1618 2957 1847 3041 biennii,
1891 2956 2192 3026 epistolam,
2218 2964 2285 3010 at
2314 2971 2378 3010 ea:
2419 2970 2604 3009 rursus
2652 2953 2798 3021 faeta
2849 2952 3067 3026 Cynegii
3114 2955 3375 3012 mentione

1547 3040 1740 3097 conjici
1769 3040 1959 3099 potest.
2405 3056 2409 3059 —

195 3182 422 3255 Ἐορτὴν
469 3182 622 3251 ἄγειν
673 3180 899 3253 σύνηθες
947 3185 1058 3244 τοῖς
1103 3181 1395 3253 Ῥωμαίοις
1440 3183 1566 3254 περὶ
1593 3183 1688 3254 τὴν

1866 3182 2088 3240 Festum
2120 3198 2282 3258 agere
2308 3199 2461 3243 more
2510 3185 2751 3257 quodam
2808 3184 2986 3260 patrio
3049 3192 3371 3247 consuetum

107 3277 391 3347 χειμέριον
422 3274 593 3347 ὥραν,
626 3276 823 3346 τρόπον
860 3273 1003 3328 κατὰ
1031 3292 1152 3327 τινα
1179 3274 1403 3355 πατριον
1433 3274 1567 3346 (90),
1602 3275 1691 3329 ὅτε

105 3368 208 3423 τοῦ
229 3367 378 3438 ἡλίου
399 3367 534 3438 πρὸς
560 3366 658 3437 τὴν
677 3366 789 3421 ἄνω
810 3365 992 3437 χώραν
1021 3365 1453 3431 ἀναποδίζοντος,
1476 3366 1693 3421 πλεονά-

107 3460 227 3525 ζειν
255 3458 483 3531 ἄρχεται
528 3458 589 3511 τὸ
615 3458 933 3530 ’ἡμερήσιον
978 3457 1196 3529 μέτρον.
1254 3456 1397 3529 Ἱερὰ
1442 3459 1498 3513 δὲ
1542 3459 1691 3513 νενό-

109 3569 305 3623 μισται
333 3550 424 3606 τοῦ
455 3550 620 3621 μηνὸς
644 3552 677 3620 ἡ
700 3550 864 3621 ἀρχὴ,
885 3551 978 3603 καὶ
1007 3550 1095 3604 διὰ
1117 3548 1321 3621 ταύτης
1349 3550 1446 3620 τῆς
1479 3550 1692 3623 ἡμέρας

104 3646 172 3697 τὸ
201 3646 307 3698 πᾶν
332 3644 449 3707 ἔτος
476 3642 863 3714 οἰωνιζόμενοι,
887 3642 1065 3709 δεξιάς
1093 3659 1244 3706 τινας
1272 3642 1576 3714 συντυχίας,
1598 3643 1695 3698 καὶ

107 3734 472 3806 εὐφροσύνας,
498 3735 591 3788 καὶ
611 3734 810 3807 πόρους
840 3734 1236 3805 ἐπιτηδεύουσι.
1275 3735 1340 3788 Τί
1375 3734 1695 3807 βουλόμενος

110 3828 362 3883 ἐντεῦθεν
408 3826 503 3881 τοῦ
538 3827 864 3898 γράμματος
903 3828 1179 3899 ἄρχομαι;
1231 3829 1354 3881 Ὅτι
1396 3827 1490 3882 καὶ
1536 3829 1697 3893 αὑτὸς

107 3921 374 3990 διήγαγον
400 3917 496 3989 τὴν
523 3918 716 3989 ἑορτὴν
745 3918 951 3989 ταύτην
971 3958 985 3981 ,
1038 3917 1438 3989 παραπλησίως
1469 3918 1698 3983 ἐκείνοις

108 4009 532 4081 χρυσοφορήσας
557 4026 571 4040 ·
615 4005 745 4080 ἦλθε
775 4010 884 4081 γὰρ
908 4010 1029 4063 τότε
1060 4011 1153 4065 καὶ
1180 4010 1260 4074 είς
1286 4010 1386 4074 τὰς
1413 4011 1550 4082 ὲμάς
1582 4013 1697 4081 χεῖ-

110 4120 215 4174 ρας
244 4101 461 4173 χρυσὸς,
487 4101 546 4155 οὑ
561 4120 644 4156 τοι
670 4102 809 4157 κατὰ
836 4102 927 4156 τὸν
974 4103 1252 4175 πάνδημον
1283 4102 1471 4158 τοῦτον
1499 4102 1696 4173 χρυσὸν

104 4198 171 4249 ὃν
203 4195 485 4263 ἀγαπῶσιν
515 4197 563 4247 οί
596 4194 853 4265 ἄρχοντες
894 4197 985 4249 κα).
1019 4193 1415 4267 δωροφοροῦσιν
1457 4195 1506 4248 οί
1545 4194 1697 4265 ἔχον-

102 4306 224 4353 τες,
270 4288 332 4340 τὸ
368 4287 503 4358 βαρὺ
533 4289 627 4342 καὶ
656 4287 877 4358 αίσχρὺν
929 4288 1022 4341 καὶ
1060 4287 1265 4357 ἄψυχον
1298 4287 1485 4357 κτῆμα
1509 4303 1524 4318 ο
1574 4288 1693 4341 ἀλλ’

104 4381 137 4433 ὃ
181 4378 383 4443 παντὸς
425 4378 657 4433 πλούτου
702 4382 884 4448 τοῖσγε
919 4377 1042 4433 νοῦν
1098 4378 1313 4450 ἔχουσιν
1362 4377 1692 4450 ὑψηλότερον

183 4560 594 4636 (βελἝχον-το
613 4564 887 4636 λιπαρόν.
917 4564 1226 4636 Commutat
1262 4563 1568 4636 Zacagnius
1600 4564 1685 4618 λυ·

108 4630 254 4704 πρόν
276 4630 548 4705 Ϋοιζουιι]
581 4630 827 4705 λιπαρόν.
870 4634 1015 4704 quod
1042 4637 1097 4705 ﬁci
1127 4630 1484 4705 contrarium.
1522 4636 1690 4705 Recte

108 4702 249 4756 sane
278 4702 349 4757 ob
386 4704 669 4758 sententia!
713 4702 1000 4765 rationem.
1033 4704 1136 4759 Sed
1184 4719 1288 4758 ms.
1339 4704 1478 4760 Med.
1525 4704 1691 4761 habet

105 4771 383 4843 λαμπρόν.
406 4772 639 4828 Canace.
659 4788 714 4843 p.
738 4774 828 4829 96.
851 4772 1005 4827 —-Ita
1031 4774 1119 4830 hic
1142 4775 1293 4829 locus
1315 4776 1688 4831 emendandus

108 4842 248 4917 mihi
271 4842 527 4917 videtur;
553 4842 676 4897 nam
698 4844 752 4897 in
786 4843 1045 4917 Vaticano
1073 4844 1264 4900 codice
1288 4843 1492 4917 λυπρόν
1509 4886 1525 4911 ,
1551 4860 1689 4901 con-

108 4913 286 4965 trario
318 4913 475 4980 plane
505 4928 671 4968 sensu
702 4914 980 4968 scribitur.

186 4981 301 5106 (85‘)
330 4982 783 5051 Ἐκκαθαρέντα.
829 4983 1011 5066 Codex.
1064 4982 1203 5066 Med.
1253 4984 1680 5068 ἐκκαθαρθέντα.

186 5068 238 5106 ιι
297 5054 586 5106 acunulam
610 5052 733 5106 Vat.
773 5051 1082 5106 Zacaenius
1119 5056 1362 5106 lmnleVIl.
1407 5072 1541 5106 voce
1585 5056 1680 5106 ἄγ-

107 5052 238 5106 Mox
277 5051 733 5126 lacunulamVat.
773 5051 1082 5126 Zacagnius
1105 5055 1362 5126 implevit
1407 5051 1541 5111 voce
1585 5056 1685 5125 ἄγ-

104 5140 281 5176 νοιαν.
314 5120 420 5177 Sed
451 5124 744 5190 praeclarus
791 5120 1066 5179 Mediceus
1104 5120 1241 5181 liber
1281 5126 1447 5180 nullis
1474 5120 1686 5183 lacunis

106 5200 397 5264 turpatus,
418 5193 580 5247 habet
604 5192 805 5263 ζημίαν
832 5196 1041 5264 Optimo
1067 5210 1254 5251 sensu.
1286 5196 1363 5252 Id.
1387 5196 1519 5250 ibid.

184 5262 300 5331 (84)
354 5261 555 5337 Vocem
609 5261 829 5337 uncinis
860 5261 1168 5337 :inclnsam
1227 5281 1329 5321 nos
1400 5268 1684 5337 supplevi-

106 5347 257 5391 mus,
285 5348 410 5386 cum
440 5333 493 5385 in
525 5332 713 5389 codice
751 5331 1017 5389 Vaticano
1040 5336 1231 5390 lacuna
1253 5338 1344 5392 sit.

184 5400 300 5469 (85)
357 5402 597 5456 Ἔπειτα
636 5403 930 5472 μέντοιγε,
990 5406 1088 5459 καὶ
1142 5408 1347 5471 τούτῳ.
1376 5407 1511 5461 Cod.
1543 5406 1682 5462 Med.

106 5471 303 5544 ἔπειτα
333 5472 515 5544 μέντοι
538 5475 650 5536 τοῖς
683 5477 814 5539 σοῖς.
847 5471 1026 5544 Longe
1059 5476 1131 5529 ita
1149 5477 1322 5532 satius
1357 5492 1370 5527 :
1402 5492 1525 5531 cum
1557 5476 1679 5532 Vat.

110 5540 353 5618 lectione
379 5541 463 5618 bis
491 5544 735 5597 eamdem
766 5540 1090 5618 sententiam
1117 5561 1223 5618 non
1254 5547 1685 5618 sinetautologia

112 5609 699 5686 posuisset‘l‘iyssenus
724 5631 737 5669 :
766 5614 878 5683 jam
915 5617 1255 5686 enimﬁpaulo
1299 5624 1425 5671 ante
1471 5609 1686 5672 dixerat

108 5696 239 5753 cum
274 5680 482 5753 Basilio
518 5698 577 5738 se
608 5680 1017 5753 conversatum.
1054 5680 1236 5740 satius
1271 5686 1437 5753 igitur
1470 5688 1577 5741 erit
1624 5698 1685 5743 ut

108 5752 373 5821 deinceps
402 5751 548 5807 dicat
576 5768 636 5809 se
674 5752 847 5811 fuisse
899 5772 1021 5810 cum
1076 5751 1387 5813 hominibus
1434 5757 1552 5828 ejus
1595 5759 1685 5814 cui

1791 3287 1877 3336 est
1909 3280 2196 3345 Romanis,
2230 3296 2358 3336 cum
2390 3283 2623 3339 hiberno
2658 3292 2903 3355 tempore
2932 3288 3016 3342 sol
3059 3289 3373 3357 superiores

1792 3372 1918 3425 cmli
1968 3381 2150 3441 partes
2204 3381 2479 3443 repetens,
2517 3373 2704 3430 diurni
2765 3378 2931 3445 spatii
2976 3379 3371 3434 incrementum

1795 3462 2041 3517 inchoat.
2060 3461 2290 3517 Sacrum
2326 3473 2509 3520 autem
2529 3480 2654 3522 csse
2684 3475 2880 3537 putant
2908 3469 3372 3532 mensisinitium,

1794 3560 1853 3607 et
1892 3568 1957 3608 ex
1990 3552 2092 3608 hac
2122 3552 2211 3608 die
2238 3569 2400 3609 omen
2430 3555 2602 3612 totius
2623 3558 2752 3611 anni
2783 3560 3090 3629 capientes,
3119 3559 3372 3616 felicibus

1791 3650 2040 3715 eventis,
2077 3651 2544 3720 pr05peritatibus
2581 3660 2635 3706 et
2682 3652 2953 3707 bonorum
2996 3655 3241 3709 omnium
3292 3656 3375 3709 af-

1792 3740 2036 3795 lluentiis
2063 3742 2420 3811 auspicandis
2449 3752 2665 3798 vacant.
2691 3742 2968 3809 Quorsum
3000 3745 3103 3799 hoc
3123 3746 3375 3815 epistola:

1792 3832 2103 3888 exordium.
2152 3835 2422 3900 Quoniam
2460 3842 2515 3889 et
2553 3834 2691 3904 ipse,
2748 3851 2904 3906 atque
2952 3851 3015 3890 ac
3083 3836 3184 3903 illi,
3252 3841 3372 3892 auri

1795 3922 2000 3978 donum
2034 3923 2288 3994 adeptus,
2347 3924 2548 3980 festum
2587 3926 2736 3981 hunc
2770 3927 2914 3982 diem
2966 3927 3084 3998 egi:
3145 3944 3269 3983 nam
3305 3932 3372 3984 ad

1799 4030 1950 4069 meas
1979 4031 2199 4085 quoque
2225 4025 2356 4071 tunc
2388 4032 2583 4072 manus
2609 4018 2856 4087 pervenit
2880 4034 3101 4083 aurum,
3123 4036 3231 4074 non
3250 4023 3369 4075 vul-

1802 4118 1931 4175 gare
1979 4105 2115 4160 illud
2150 4106 2297 4175 quod
2347 4121 2506 4176 reges
2542 4106 2596 4160 in
2628 4107 2808 4177 pretio
2856 4108 3081 4172 habent,
3137 4117 3192 4164 et
3223 4109 3377 4165 dono

1806 4198 1939 4251 dant
1975 4197 2067 4267 qui
2099 4213 2165 4253 eo
2188 4198 2492 4264 abundant,
2527 4214 2642 4253 rem
2682 4215 2875 4269 nempe
2920 4214 3239 4263 onerosam,
3286 4203 3375 4255 vi-

1798 4289 1903 4344 lem
1937 4297 1990 4345 et
2028 4290 2358 4354 inanimem,
2390 4291 2484 4346 sed
2517 4291 2665 4362 quod
2725 4291 2867 4362 apud
2909 4293 3172 4349 cordatos
3221 4294 3370 4349 viros

1798 4380 2053 4436 omnibus
2081 4381 2291 4437 divitiis
2323 4382 2683 4439 excellentius
2717 4392 2821 4452 est,
2848 4384 3222 4455 pulcherrima
3239 4401 3374 4443 sane

1800 4567 1997 4641 scribit
2031 4570 2341 4639 epistolam.
2380 4568 2459 4626 Id.
2483 4584 2537 4641 p.
2564 4571 2654 4627 95.

1869 4639 2283 4714 (8_6)_Kal_c1)z.
2322 4641 2431 4714 Καί
2463 4639 2681 4714 οὺεειᾷει
2712 4641 2854 4697 Med.
2897 4641 3061 4713 paulo
3103 4651 3240 4714 post
3276 4644 3370 4697 οὐ-

1791 4708 1885 4783 δέν
1916 4711 2079 4767 habet
2130 4708 2444 4783 idfcodex,
2494 4711 2639 4783 quod
2684 4714 2828 4768 valet
2867 4708 3004 4777 non,
3034 4708 3202 4769 vel-uti
3232 4714 3374 4768 nihil

1793 4778 2059 4854 latinum;
2090 4790 2144 4854 et
2202 4780 2361 4854 longe
2405 4778 2626 4854 praestat
2667 4782 2743 4852 τῷ
2791 4783 3026 4854 οὐδαμοῦ
3080 4783 3366 4838 Vaticani:

1792 4850 1972 4925 solum
2008 4852 2161 4925 enim
2207 4850 2319 4907 sibi
2362 4850 2472 4925 non
2527 4850 3114 4925 fuisse—pmceptores
3146 4868 3369 4909 monere

1789 4918 1909 4989 ipse
1924 4920 2069 4990 vult.
2097 4920 2177 4974 Id.
2214 4936 2335 4990 pag.
2367 4923 2456 4976 94.

1864 4989 1975 5060 (s7)
2015 4990 2067 5042 'o
2087 4989 2225 5045 διδ(
2243 4989 2379 5044 Med.
2412 4992 2439 5044 ὀ
2458 4992 2514 5045 δὲ
2542 4992 2640 5046 διδ.

1865 5058 1975 5129 (88)
2043 5062 2332 5115 Τοιούτων
2376 5061 2490 5127 τὴν
2538 5062 2735 5117 αἰτίαν
2778 5063 3102 5119 ἀναθεῖναι.
3157 5061 3213 5117 Id
3235 5062 3362 5115 cod.

1791 5130 2075 5203 ἡμετέρων
2100 5130 2374 5203 ἀναθεῖναι
2403 5132 2501 5202 τὴν
2531 5133 2729 5203 αἰτίαν·
2784 5149 2814 5187 a
2858 5149 2969 5203 quo
3001 5134 3163 5188 etiam
3206 5132 3367 5203 abest

1787 5209 2066 5324 Postrema
2092 5217 2194 5255 vox
2227 5202 2393 5271 ὅμως.
2425 5234 2491 5243 ——
2531 5202 2607 5256 Ita
2660 5204 2746 5257 hic
2773 5202 3061 5275 legendum
3126 5202 3363 5269 videtur,

1811 5271 1917 5324 icet
1962 5271 2016 5324 in
2041 5269 2306 5324 Vaticano
2336 5271 2523 5324 codice
2553 5275 2623 5324 sit
2651 5271 2867 5324 τούτου.

1811 5271 1917 5324 icet
1962 5271 2016 5324 in
2041 5269 2306 5325 Vaticano
2336 5271 2523 5327 codice
2553 5275 2623 5327 sit
2651 5269 2867 5327 τούτοιῖ.

1886 5339 1981 5415 89)Δ
2013 5340 2332 5415 Ἐπιστλιη
2378 5358 2478 5397 ms.
2505 5342 2645 5396 Med.
2668 5344 3031 5415 Iimcepistola
3051 5342 3368 5399 inscribitur

1788 5409 2028 5483 Λιβανίῳ
2060 5411 2282 5483 σοφιστῇ
2310 5428 2321 5440 ο
2361 5420 2552 5483 estque
2584 5429 2737 5468 num.
2770 5409 2851 5483 Χ(
2958 5409 2967 5416 ’

1860 5481 1971 5555 (90)
2004 5480 2168 5548 ⁷Περὶ
2216 5480 2330 5555 τῂν
2370 5513 2438 5521 -
2464 5480 2733 5555 ξτὰτριον.
2788 5482 2910 5555 Ms.“
2931 5482 3071 5538 Med.
3100 5481 3230 5555 περὶ
3265 5482 3363 5552 τὴν

1800 5552 2077 5625 χειμέριον
2108 5552 2314 5624 τροπὴν
2343 5552 2486 5625 κατὰ
2516 5570 2569 5605 τι
2601 5553 2846 5625 πάτριον.
2872 5553 3119 5625 Egregie.
3153 5552 3365 5611 Sensus

1791 5621 1993 5689 Optime
2026 5631 2241 5694 constat
2269 5621 2520 5694 :7p0ﬁﬁ,
2551 5621 2877 5694 vocabulum
2919 5621 2998 5678 'ad
3020 5621 3364 5694 'temporum

1792 5690 2181 5765 conversiones
2211 5690 2426 5765 scilicet
2457 5690 2757 5762 pertinens.
2785 5693 2850 5765 Et
2877 5694 3053 5765 τροπή
3107 5690 3206 5765 ι)γρ
3249 5696 3365 5765 sol:

1793 5760 1943 5817 stitio
1966 5761 2210 5831 profecto
2237 5760 2525 5833 accipitur,
2551 5764 2845 5836 χειμερινῷ
2886 5760 2971 5821 ν’ΘΙ
3020 5760 3235 5836 θερινῷ.
3279 5762 3363 5816 Nil
