3834 6428
470 256 602 314 1931

1700 251 1762 308 ὃ.
1803 245 2132 306 διιεοοιιιι
2165 243 2457 300 NYSSENI

3601 230 3717 284 1052

463 393 556 434 res
579 378 894 448 accipienti,
921 386 980 431 ut
1012 376 1575 445 Pindarus‘loquitur,
1608 381 1754 436 tuas,
1789 372 2036 440 inquam,

2156 373 2309 433 iactv,
2326 367 2386 419 τὸ
2406 364 2685 419 κάλλιστον
2703 363 2869 425 ὅντως
2890 359 3124 430 δεξίωμα
3145 356 3284 412 κατὰ
3306 356 3576 424 Πίνδαρον
3601 354 3674 418 (Sil
3689 360 3717 418 ἰ,

469 472 684 525 litteras
721 478 774 524 et
817 485 1042 540 magnas
1085 469 1404 524 earumdem
1460 469 1702 523 divitias.
1761 463 2043 532 Contingit

466 560 612 614 enim
636 576 721 614 me
737 560 828 613 illa
845 559 934 614 die
959 561 1024 612 ad
1047 558 1431 628 Cappadocum
1453 557 1798 627 metropolim
1820 554 2044 609 venien-

468 659 576 703 tem
616 665 740 704 cum
783 651 1096 706 necessario
1145 651 1382 719 quodam
1430 657 1485 703 et
1521 650 1697 702 amico
1738 648 1854 700 viro
1907 660 2044 699 con-

470 741 646 812 gredi,
665 742 757 811 qui
784 741 917 794 milii
934 742 1136 795 donum
1159 740 1328 803 istud,
1348 741 1633 810 epistolam
1655 754 1852 808 nempe
1871 747 2044 803 tuam,

471 831 620 884 Velut
643 830 918 900 quoddam
958 829 1274 884 festivitatis
1297 831 1630 900 symbolum,
1665 829 1882 883 obtulit.
1933 827 2046 896 Ego

469 929 651 974 autem
711 935 903 990 magna
957 935 1021 974 ex
1080 920 1184 973 hoc
1240 931 1439 975 eventu
1499 921 1684 973 laetitia
1748 918 2042 989 perfusus,

469 1013 607 1066 lucri
673 1013 834 1067 istius
899 1013 1116 1067 cunctis
1170 1013 1263 1081 qui
1333 1012 1560 1067 aderant
1633 1013 1844 1082 copiam
1904 1011 2046 1077 feci,

468 1113 772 1167 omnesque
793 1099 913 1168 ejus
939 1100 1234 1168 participes
1258 1098 1384 1154 facti
1403 1107 1550 1158 sunt,
1573 1106 1748 1152 totum
1776 1105 2045 1167 quantum

469 1197 587 1242 erat
615 1189 817 1261 singuli
839 1190 975 1244 citra
999 1191 1406 1245 contentionem
1431 1191 1598 1244 ullam
1629 1189 1849 1259 adepti;
1874 1204 2051 1260 neque

472 1289 653 1334 tamen
706 1296 806 1352 ego
839 1282 987 1336 illius
1018 1281 1318 1352 quidquam
1369 1283 1551 1334 minus
1609 1281 1773 1335 habui
1806 1298 1821 1346 ;
1857 1281 2054 1335 littera:

473 1370 621 1422 enim
673 1379 778 1423 tute
814 1385 1010 1424 manus
1040 1379 1368 1425 cunctorum
1411 1379 1791 1439 pervagantes,
1822 1370 2055 1439 propriae

477 1457 922 1527 uniuscujusque
949 1457 1154 1511 divitiae
1185 1457 1346 1512 facta:
1381 1466 1536 1521 sunt,
1567 1458 1695 1511 dum
1726 1459 1818 1510 alii
1847 1459 2055 1528 pluries

475 1548 706 1617 legendo
726 1550 1021 1610 memoria,
1047 1549 1136 1602 alii
1155 1549 1359 1603 tabulis
1381 1563 1570 1602 earum
1597 1549 1762 1603 verba
1779 1564 2056 1604 commen-

476 1639 630 1702 dant,
666 1649 717 1692 et
769 1654 960 1694 rursus
1015 1641 1080 1692 ad
1127 1655 1278 1693 meas
1335 1639 1548 1694 rediere
1606 1655 1802 1695 manus
1831 1679 1845 1702 ,
1879 1641 2057 1709 majus

2141 460 2210 512 τὰ
2253 467 2339 522 σά,
2389 457 2554 526 φημὶ,
2598 456 2923 526 γράμματα,
2964 453 3060 507 καὶ
3109 453 3138 504 ὁ
3188 451 3357 513 πολὺς
3403 450 3465 501 ὲν
3509 447 3722 508 ἐκείνοις

2143 549 2390 612 πλοῦτος.
2423 546 2578 601 Οὕτω
2603 545 2710 615 γὰρ
2741 544 2941 612 συνέὸη
2972 542 3112 596 κατὰ
3141 542 3237 612 τὴν
3269 540 3491 611 ἡμέραν
3522 538 3720 605 ἐκείνην

2145 638 2618 711 προσφοιτήσαντά
2641 635 2752 706 (92)
2785 652 2852 706 με
2871 636 2936 704 τῇ
2963 633 3293 707 μητροπόλει
3317 630 3720 692 Καππαδόκων,

2148 733 2387 801 ἐντυχεῖν
2412 747 2518 782 τινι
2545 728 2654 781 τῶν
2683 726 3024 796 ἐπιτηδείων,
3065 727 3122 786 ὃς
3153 742 3240 794 μοι
3266 724 3326 776 τὸ
3349 722 3528 792 δῶρον
3557 721 3719 780 τοῦτο,

2147 825 2245 895 τὴν
2279 821 2586 891 ἐπιστολὴν,
2627 816 2737 872 οἷόν
2780 836 2834 872 τι
2878 816 3144 888 σύμϐολον
3193 815 3389 886 ἑορτῆς
3411 814 3721 884 προετείνα-

2147 933 2209 968 το
2238 914 2371 984 (95).
2415 911 2556 978 Ἐγὼ
2595 910 2651 962 δὲ
2683 907 2986 979 περιχαρὴς
3013 909 3078 978 τῇ
3122 907 3384 976 συντυχίᾳ
3415 904 3718 973 γενόμενος,

2151 1004 2327 1060 κοινὸν
2357 1001 2641 1073 προύθηκα
2669 1001 2780 1062 τοῖς
2822 997 3055 1069 παροῦσι
3079 997 3138 1049 τὸ
3165 996 3376 1066 κέρδος,
3403 997 3506 1048 xa‘t
3537 995 3722 1054 πάντες

2155 1098 2424 1167 μετεῖχον,
2444 1093 2505 1146 τὸ
2532 1091 2649 1144 ὅλον
2673 1089 2921 1152 ἕκαστος.
2947 1088 3008 1141 ού
3042 1087 3442 1155 φιλονικοῦντες
3474 1084 3610 1152 (94),
3639 1085 3722 1134 καὶ

2152 1190 2252 1244 οὐκ
2282 1184 2624 1257 ἠλαττούμην
2649 1182 2760 1250 ἐγώ
2784 1199 2796 1211 ·
2829 1179 3096 1245 διεξιοῦσα
3122 1177 3229 1247 7&9
3252 1177 3352 1240 τὰς
3381 1176 3609 1229 πάντων
3629 1176 3723 1243 χεῖ·

2157 1297 2256 1352 ρας
2287 1282 2320 1349 ἡ
2353 1274 2628 1346 ἐπιστολὴ,
2653 1274 2789 1337 ἴδιος
2816 1273 3045 1326 ἑκάστου
3071 1269 3297 1332 πλοῦτός
3322 1269 3463 1330 ἐστι,
3495 1267 3604 1318 τῶν
3636 1267 3722 1335 μὲν

2154 1375 2220 1442 τῇ
2255 1371 2440 1441 μνήμῃ
2471 1367 2582 1437 (95)
2609 1365 2697 1418 διὰ
2727 1364 2825 1434 τῆς
2856 1362 3110 1433 συνεχοῦς
3131 1360 3516 1428 ἀναγνώσεως,
3547 1357 3650 1409 τῶν
3673 1358 3721 1410 δὲ

2155 1462 2360 1523 δέλτοις
2391 1455 2886 1528 ὲναπομαξαμένων
2916 1455 2986 1508 τὰ
3021 1455 3262 1524 ῥήματα,
3311 1451 3407 1504 καὶ
3461 1451 3624 1502 πάλιν
3674 1451 3723 1500 ἐν

2157 1555 2276 1615 ταῖς
2313 1552 2472 1621 ὲμαϊς
2513 1545 2582 1618 ἦν
2615 1547 2790 1618 χερσὶ,
2826 1545 2985 1598 πλέον
3014 1544 3374 1615 εύφραίνουσα
3403 1542 3440 1612 ἦ
3472 1542 3600 1603 τοὺς
3639 1542 3725 1607 6:;-

2161 1643 2397 1713 θαλμοὺς
2423 1639 2531 1692 τῶν
2570 1635 2919 1707 πολυχρύσων
2948 1637 2982 1705 ἡ
3009 1634 3129 1705 ὕλη.
3178 1633 3392 1702 Ἐπειδὴ
3428 1632 3614 1684 τοίνυν
3641 1633 3725 1682 καὶ

475 1729 606 1782 mihi
665 1729 922 1799 gaudium
984 1729 1313 1795 afferentes,
1364 1746 1526 1799 quam
1585 1729 1814 1784 divitum
1871 1732 2048 1786 oculis

2156 1737 2262 1798 τοῖς
2292 1733 2555 1802 γεωργοῖς
2611 1729 2908 1800 (χρήσομαι
2962 1727 3069 1798 7&9
3120 1727 3185 1778 ὲκ
3237 1725 3344 1778 τῶν
3387 1725 3612 1777 οἰκείων
3657 1724 3726 1792 τῷ

473 1821 594 1873 auri
627 1822 882 1876 materies
919 1821 1254 1891 suppeditat.
1278 1823 1549 1886 Quoniam
1596 1821 1766 1892 igitur
1795 1824 2052 1892 agricolis

472 1927 714 1981 quoque,
753 1923 812 1965 ut
863 1914 1115 1984 exemplo
1154 1929 1220 1968 ex
1275 1912 1638 1968 familiaribus
1686 1913 1851 1968 rebus
1883 1913 2053 1982 petito

472 2011 617 2065 utar,
648 2004 872 2058 multam
908 2005 972 2057 ad
1007 2004 1278 2059 secundos
1302 2003 1522 2059 labores
1557 2005 1898 2058 alacritatem
1921 2019 2053 2058 con-

472 2093 580 2146 fert
608 2093 729 2148 laus
759 2109 823 2148 ex
854 2095 1151 2150 transactis
1209 2095 1488 2150 laboribus
1523 2104 1776 2165 percepta
1809 2113 1824 2161 ;
1853 2095 1920 2150 da
1955 2112 2051 2149 no-

473 2184 558 2238 bis
591 2200 811 2255 quoque
842 2187 1104 2248 veniam,
1139 2195 1198 2240 ut
1237 2195 1358 2242 tuas
1402 2189 1466 2241 ad
1534 2203 1634 2242 nos
1680 2189 1913 2251 litteras,
1945 2188 2053 2241 lau-

470 2273 635 2329 dibus
665 2276 873 2330 nostris
926 2276 1178 2341 refertas,
1207 2278 1374 2332 veluti
1405 2279 1662 2332 amicitiae
1724 2280 1933 2334 semina
1965 2279 2049 2348 ja-

469 2363 706 2430 ciamus,
745 2376 799 2421 et
844 2378 1128 2438 propterea
1176 2371 1485 2425 scribamus
1513 2379 1568 2425 ut
1604 2378 1657 2426 te
1686 2371 1753 2424 ad
1802 2371 2052 2426 scriben-

469 2455 601 2508 dum
650 2471 846 2513 rursus
895 2474 1278 2528 provocemus.
1311 2457 1580 2517 Caeterum
1623 2462 1726 2517 hoc
1763 2463 1951 2531 gratiae
1994 2472 2051 2518 ct

472 2547 720 2602 benetlcii
770 2551 890 2605 loco
927 2552 1024 2604 abs
1062 2560 1114 2607 te
1147 2561 1270 2621 peto
1307 2555 1360 2608 in
1409 2569 1754 2608 communem
1804 2556 2046 2608 omnium

469 2637 780 2702 utilitatem,
819 2645 878 2692 ut
911 2639 976 2694 de
1008 2640 1075 2694 iis
1107 2643 1344 2712 amplius
1376 2659 1483 2697 non
1524 2643 1735 2713 cogites
1778 2659 1899 2713 qua:
1948 2645 2051 2699 sub

470 2730 720 2799 epistolae
753 2729 915 2790 tinem
967 2731 1310 2802 subobscure
1359 2735 1502 2804 apud
1551 2749 1651 2789 nos
1680 2735 2048 2789 comminatus

470 2835 552 2875 es.
574 2820 764 2891 Neque
791 2823 936 2876 enim
961 2823 1203 2878 arbitror
1224 2832 1432 2879 rectmn
1459 2841 1581 2881 esse
1610 2825 1902 2894 judicium,
1937 2843 2046 2896 quo

469 2926 787 2965 sermonum
805 2913 1135 2982 elegantiam
1171 2913 1421 2977 damnas,
1441 2924 1495 2968 et
1525 2916 1736 2974 idcirco
1769 2917 2046 2970 silentium

471 3017 568 3072 per
623 3011 790 3056 totam
841 3005 1010 3057 vitam
1065 3005 1162 3059 tibi
1214 3005 1567 3061 indicendum
1616 3021 1740 3061 esse
1771 3007 2044 3071 decernis,

2153 1824 2529 1893 ὑποδείγματι)
2568 1821 2760 1891 πολλὴν
2791 1819 2968 1873 δίδωσι
2996 1818 3130 1890 πρὸς
3157 1818 3279 1880 τοὺς
3309 1815 3601 1886 δευτέρους
3628 1815 3724 1869 τῶν

2153 1917 2330 1969 πόνων
2359 1913 2456 1983 τὴν
2488 1909 2813 1983 προθυμίαν,
2857 1909 2918 1962 τὸ
2959 1908 3066 1962 τῶν
3113 1906 3457 1977 πονηθέντων
3500 1905 3726 1975 (1:61:99-

2151 2025 2244 2060 τον
2284 2005 2418 2076 (96),
2452 2002 2720 2073 σύγγνωθι
2763 2001 2857 2056 καὶ
2901 2002 3051 2070 ἡμῖν,
3100 1998 3241 2068 ἅπερ
3291 1999 3456 2061 αὐτὸς
3499 1998 3726 2060 δέδωκας

2152 2095 2663 2166 καταϐαλλομένοις,
2707 2093 2802 2146 καὶ
2841 2091 2930 2146 διὰ
2978 2092 3135 2143 τοῦτο
3178 2090 3508 2161 γράφουσιν,
3541 2090 3628 2141 ἴνα
3676 2105 3726 2140 σε

2153 2189 2313 2242 πάλιν
2340 2188 2475 2259 πρὸς
2511 2186 2570 2239 τὸ
2595 2185 2827 2256 γράφειν
2875 2180 3314 2250 ὲκκαλεσὼμεθα.
3365 2179 3641 2249 Αῖτοῦμαι
3679 2181 3728 2232 δὲ

2151 2280 2310 2351 χάριν
2363 2277 2502 2348 ὑπὲρ
2555 2275 2650 2329 τοῦ
2701 2275 2815 2345 βίου
2865 2275 3089 2345 κοῐνὴν,
3139 2273 3239 2326 ὅσα
3295 2271 3364 2324 δι’
3407 2271 3728 2340 αἰνίγματος

2151 2370 2306 2442 ἡμῶν
2335 2369 2446 2440 (97)
2471 2367 2539 2420 τὰ
2570 2367 2852 2419 τελευταῖα
2878 2364 2977 2433 τῆς
3007 2361 3290 2432 ἐπιπολῆς
3324 2360 3727 2430 ὑπηπεῐλησας,

2154 2462 2348 2532 μηκέτι
2408 2457 2755 2513 διανοεῖσθαι.
2809 2455 2943 2508 esse
2988 2453 3096 2524 7&9
3143 2451 3321 2514 καλῶς
3369 2451 3520 2520 ἔχειν
3592 2452 3728 2518 φημὶ

2157 2551 2391 2622 κρίσεως
2419 2548 2542 2621 [ὅτι]
2576 2547 2718 2609 τινὲς
2751 2545 3124 2616 ἁμαρτάνουσι
3164 2543 3302 2614 πρὸς
3329 2543 3426 2613 τὴν
3457 2542 3728 2612 βὰρῦαρον

2149 2641 2397 2708 γλῶσσαν
2427 2640 2534 2693 άπὸ
2561 2639 2660 2709 τῆς
2705 2637 3008 2708 Ἑλληνίδος
3031 2633 3478 2705 αύτομολοῦντες,
3514 2635 3615 2686 καὶ
3647 2652 3725 2702 μι-

2151 2731 2400 2803 σθοφόροι
2430 2728 2754 2801 στρατιῶται
2777 2729 3076 2797 γενόμενοι,
3111 2727 3205 2780 καὶ
3240 2727 3300 2779 τὸ
3339 2726 3727 2795 στρατιωτικδν

2151 2823 2454 2894 σιτηρέσιον
2483 2821 2603 2874 ἀντὶ
2642 2820 2742 2890 τῆς
2785 2819 2842 2871 ὲν
2878 2817 2954 2888 τῷ
2982 2817 3160 2886 λέγειν
3193 2816 3350 2888 δόξης
3379 2817 3716 2888 αἱρούμενοι,

2147 2913 2236 2967 διὰ
2263 2913 2419 2967 τοῦτό
2453 2929 2510 2965 σε
2545 2910 2927 2975 καταδικάζειν
2954 2909 3063 2962 τῶν
3091 2908 3298 2977 λόγων,
3345 2907 3441 2962 καὶ
3490 2908 3726 2976 ἀφωνίαν

2146 3006 2242 3061 τοῦ
2277 3006 2390 3076 βίου
2421 3001 2916 3073 καταψηφίζεσθαιο
2949 3001 3034 3064 τίς
3065 3001 3172 3070 7&9
3203 3002 3232 3053 ό
3261 2999 3661 3070 φθεγγόμενος.
3687 3003 3726 3051 εἰ

469 3093 598 3163 quia
635 3094 882 3148 nonnulli
920 3095 1062 3150 male
1101 3106 1291 3164 agunt,
1326 3095 1456 3152 dum
1510 3097 1699 3152 relicta
1733 3095 2043 3151 Graecorum

2156 3098 2215 3151 σὺ
2263 3096 2362 3167 τὴν
2411 3095 2636 3167 βαρεῖαν
2679 3092 2883 3164 ταύτην
2933 3092 3162 3163 ἀπειλὴν
3209 3092 3349 3145 κατὰ
3405 3093 3520 3144 τῶν
3563 3093 3727 3158 λόγων

471 3187 658 3256 lingua
694 3185 760 3240 ad
791 3187 1061 3242 barbaras
1087 3187 1486 3257 transfugiunt,
1515 3195 1567 3241 et
1593 3187 1921 3242 mercenarii
1951 3189 2045 3240 mi-

471 3278 596 3334 lites
634 3278 761 3334 facti
794 3279 1035 3334 militare
1091 3280 1422 3350 stipendium
1459 3279 1675 3334 dicendi
1698 3279 1885 3349 gloria:
1917 3295 2049 3349 pne-

472 3369 673 3427 l'erunt.
709 3370 845 3437 Quis
869 3373 1012 3426 enim
1046 3381 1192 3426 recte
1224 3372 1456 3441 amplius
1487 3372 1760 3442 loquetur,
1782 3372 1827 3426 si
1863 3372 2045 3441 gravis

472 3459 588 3513 haec
640 3469 728 3514 tua
783 3459 1050 3516 adversus
1095 3461 1466 3531 eloquentiam
1497 3461 1852 3515 comminatio
1901 3471 2042 3526 rata,

473 3548 740 3602 habeatur
772 3549 797 3603 ‘i
826 3547 932 3604 Sed
955 3559 1136 3605 etnon
1171 3551 1410 3604 alienum
1443 3550 1547 3604 erit
1570 3567 1600 3606 e
1630 3549 1912 3620 Scriptura
1946 3567 2047 3606 no-

472 3646 592 3693 stra
625 3639 832 3708 aliquid
867 3655 1322 3696 commemorare.
1348 3639 1510 3697 Jubet
1551 3641 1697 3697 enim
1730 3643 1815 3696 lex
1858 3651 2050 3696 nostra

473 3744 570 3784 eos
613 3729 707 3799 qui
740 3730 1060 3786 hominibus
1105 3732 1288 3802 aliqua
1322 3733 1376 3786 in
1405 3747 1466 3788 re
1491 3733 1801 3803 (prodesse)
1843 3733 2047 3797 valent,

474 3837 584 3876 non
620 3821 817 3878 debere
845 3822 912 3878 ad
937 3839 1128 3878 eorum
1173 3823 1266 3894 qui
1298 3823 1580 3878 beneﬁciis
1611 3824 1876 3878 alliciendi
1901 3832 2048 3887 sunt,

475 3912 718 3968 animum
753 3914 1054 3984 respicere,
1088 3915 1160 3971 ita
1194 3924 1255 3971 ut
1303 3915 1394 3986 qui
1445 3915 1590 3970 bona
1621 3915 1839 3984 quidem
1871 3921 2052 3969 mente

475 4005 687 4073 praediti
730 4014 909 4072 sunt,
946 4007 1337 4064 beneficiorum
1391 4016 1712 4063 nostrorum
1770 4015 2048 4076 compotes

474 4095 648 4162 ﬂant,
703 4099 937 4170 ingratis
991 4113 1122 4155 vero
1183 4099 1364 4156 omnis
1427 4100 1616 4156 eadem
1675 4100 2047 4172 consequendi

477 4297 823 4368 communius
855 4297 1217 4368 scriptoribus
1267 4296 1492 4352 Graecis.
1522 4294 1635 4368 lloc
1675 4304 1856 4368 autem
1901 4304 2052 4368 tem—

477 4383 582 4438 pus
623 4367 908 4438 evidenter
946 4366 1152 4422 indicat
1195 4368 1446 4436 epistola.
1498 4367 1652 4431 Cum,
1703 4367 1796 4430 ait,
1835 4366 2048 4438 hiberno

480 4437 707 4506 tempore
734 4437 815 4491 sol
847 4439 1143 4506 superiores
1181 4438 1296 4491 creti
1334 4447 1512 4507 partes
1560 4447 1813 4507 repetens,
1866 4437 2049 4507 diurni

479 4509 640 4576 spatii
669 4505 1042 4560 incrementum
1076 4507 1285 4561 inchoat
1309 4505 1409 4576 :Zet
1451 4517 1564 4561 tum
1608 4522 1636 4560 a
1669 4505 1930 4560 Romanis
1976 4506 2057 4562 fe-

477 4575 602 4633 stus
631 4577 750 4632 dies
784 4576 873 4647 ille
888 4578 1274 4647 peragebatur.
1311 4575 1608 4631 Vaticanus
1642 4591 1670 4629 a
1693 4576 1934 4631 Mediceo
1962 4591 2058 4630 so-

481 4647 760 4702 lummodo
800 4646 1070 4718 dill'ertiiu
1114 4647 1312 4718 τρόπον
1341 4662 1439 4716 pro
1470 4647 1692 4718 ,τροπήν
1725 4661 1739 4674 '
1786 4661 1893 4715 qua
1940 4663 2045 4700 una

480 4731 615 4772 voce
637 4719 911 4779 restituta,
939 4717 1074 4770 nihil
1106 4717 1226 4771 erat
1270 4718 1386 4772 sive
1419 4717 1724 4770 addendum
1769 4719 1885 4770 sive
1929 4732 2045 4769 mu-

483 4787 730 4857 tandum.
755 4787 988 4841 CARACC.
1029 4803 1081 4857 p.
1116 4788 1202 4857 9(5.
1236 4817 1304 4827 -—
1352 4787 1427 4840 lta
1473 4787 1692 4841 videtur
1741 4786 1827 4857 hic
1870 4786 2048 4854 legen-

483 4858 636 4919 dum,
663 4855 788 4910 licet
822 4858 876 4910 in
909 4855 1099 4912 codice
1123 4855 1389 4911 Vaticano
1416 4857 1486 4910 sit
1512 4896 1526 4917 ,
1558 4857 1687 4927 περὶ
1734 4855 1832 4978 Ἕν
1859 4857 2046 4925 χειμέ-

484 4943 600 4978 οιον
631 4926 830 4978 τρόπον
862 4927 1002 4978 κατὰ
1029 4927 1084 4978 τὶ
1108 4927 1351 4978 πάτριον.
1394 4925 1528 4978 Nam
1573 4926 1712 4978 idem
1817 4941 2046 4978 vssenus

483 4943 600 5007 ριον
631 4926 830 5007 τρόπον
862 4927 1084 5007 mea:an
1108 4927 1356 5007 ιιιεςῐιτριονἶ
1394 4925 1528 4980 Nam
1573 4925 1712 5007 idem
1770 4925 2048 5007 Nysscnus

482 4995 538 5050 in
563 4995 794 5066 epistola
828 5011 868 5052 ι.
899 4997 964 5050 ad
988 4995 1283 5066 Eusebium
1312 4997 1408 5058 ait,
1463 4995 1604 5049 κατὰ
1631 4995 1729 5065 τὴν
1761 4995 2048 5066 χειμέριον

482 5013 538 5050 ιη
563 5013 794 5065 eptswta
828 5013 868 5052 I.
899 5013 964 5050 aa
989 5013 1281 5050 Lusemum
1312 5013 1408 5058 ait,
1463 5013 1604 5049 κατα
1631 5013 1729 5065 την
1761 5013 1844 5066 χει
1897 5013 2047 5064 εριον

482 5065 653 5137 ᾦραν,
671 5065 765 5137 τού
795 5065 944 5137 ἡλίου
971 5065 1107 5137 πρὸς
1138 5065 1226 5119 τὸν
1258 5065 1368 5137 ἄνω
1399 5066 1594 5137 δρόμον
1617 5013 2047 5137 ᾇινοιποδίὲοντοςΣ

484 5133 636 5206 Vide,
678 5133 966 5190 Libanium
1014 5133 1086 5190 'in
1130 5136 1395 5206 ὲκφράσει
1436 5133 1742 5198 καλανδῶν,
1771 5135 1996 5206 ἰιιίιοιιιο
2030 5133 2050 5206 l

481 5205 730 5276 ejusdem
785 5220 1014 5276 Operum
1066 5203 1588 5276 edit."Morellian:e
1633 5219 1755 5274 pag.
1790 5205 1923 5276 _l78,
1958 5205 2050 5273 qui

484 5274 633 5346 hanc
658 5274 889 5346 Nysseni
918 5275 1205 5346 epiStolam
1238 5291 1346 5329 non
1397 5274 1745 5346 mediocriter
1789 5274 2046 5346 illustrat.

557 5345 669 5414 (9|)
711 5343 886 5401 Verba
913 5343 1015 5400 ista
1043 5346 1096 5399 in
1117 5345 1204 5399 his
1241 5360 1360 5415 quae
1390 5345 1546 5400 nobis
1581 5353 1876 5414 supersunt
1928 5343 2052 5398 Pin-

483 5415 603 5486 dari
629 5416 890 5486 operibus
916 5431 1023 5470 non
1051 5415 1282 5486 reperio.

557 5485 670 5549 (92)
700 5489 1020 5554 Προσφοιτ.
1051 5485 1188 5541 Med.
1226 5485 1666 5554 ὲπιφοιτήσαντα.

559 5555 669 5624 (95)
705 5557 1110 5621 Προετείνατο.
1147 5554 1224 5610 Id.
1257 5554 1377 5610 cod.
1411 5554 1765 5624 προετείνετο.

561 5556 672 5693 (95)
705 5557 1110 5621 Προετείνατο.
1147 5556 1224 5610 Id.
1257 5556 1377 5610 cod.
1411 5556 1765 5623 προετείνετο.

561 5624 652 5692 (94
699 5627 782 5679 Οὐ
810 5630 937 5696 φιλ.
974 5625 1116 5682 Med.
1157 5625 1300 5696 ἔχειν
1337 5623 1766 5696 φιλονικοῦντες
1799 5622 1942 5696 quod
1965 5630 2048 5678 est

487 5695 676 5765 aptius
705 5694 1062 5752 assentationi
1101 5694 1264 5768 quam
1316 5695 1482 5751 habet
1514 5694 1763 5765 epistola.
1794 5694 2039 5766 βηλοῦ.

2156 3186 2496 3259 κυρώσειας;
2553 3183 2714 3237 Ἀλλὰ
2770 3183 2950 3247 καλῶς
3007 3182 3119 3254 ἔχει
3158 3183 3295 3252 τάχα
3359 3180 3728 3251 μνημονεῦσαί

2148 3295 2290 3341 τινος
2340 3277 2449 3330 τῶν
2476 3278 2540 3329 ὲκ
2565 3276 2664 3347 τῆς
2700 3275 2972 3345 ἡμετέρας
3007 3273 3244 3344 Γραφῆς.
3291 3271 3520 3324 Κελεύει
3554 3271 3667 3341 7&9
3706 3274 3729 3322 ὁ

2150 3371 2413 3441 ἡμέτερος
2439 3367 2593 3436 λόγος
2635 3367 2761 3430 τοὺς
2804 3365 3133 3436 δυναμένους
3172 3359 3231 3418 εὗ
3273 3381 3324 3417 τι
3351 3362 3553 3434 [ποιεῖν
3581 3363 3726 3433 (98)]

2155 3461 2232 3533 μὴ
2264 3461 2400 3531 πρὸς
2450 3462 2548 3523 τὰς
2578 3457 2802 3530 γνώμας
2829 3458 2937 3511 τῶν
2975 3455 3446 3528 εὐεργετουμένων
3493 3456 3728 3526 βλέπειν,

2149 3553 2224 3615 ὠς
2251 3551 2641 3622 φιλοτιμεῖσθαι
2672 3551 2768 3620 μὲν
2796 3552 2908 3612 τοῖς
2929 3548 3286 3619 εύαισθήτοις,
3319 3547 3647 3601 ἀποκλείειν
3680 3547 3728 3599 δὲ

2147 3646 2262 3705 τοῖς
2282 3643 2594 3714 ἀχαρίστοις
2619 3640 2717 3713 τὴν
2740 3641 2982 3693 εὐποιίαν
3007 3657 3024 3672 θ
3051 3640 3184 3693 ἀλλά
3207 3637 3495 3709 μιμεῖσθαι
3521 3639 3625 3692 τδν
3647 3639 3729 3691 τοῦ

2152 3735 2349 3800 παντὸς
2397 3734 2699 3805 οἰκονόμον,
2747 3732 2806 3796 ὃς
2853 3731 3037 3803 κοινὴν
3083 3731 3366 3803 προτίθησι
3403 3731 3515 3784 τῶν
3562 3731 3630 3784 ἐν
3671 3734 3729 3800 τῇ

2130 3825 2326 3881 ’κτίσει
2355 3825 2534 3881 καλῶν
2559 3825 2658 3896 τὴν
2693 3824 2976 3895 μετουσίαν
3003 3825 3136 3895 (99),
3164 3825 3385 3892 ἀγαθοῖς
3409 3841 3475 3878 τε
3525 3826 3633 3877 καὶ
3663 3825 3729 3894 μὴ

2150 3918 2429 3981 τοιούτοις.
2477 3918 2620 3989 Πρὸς
2651 3917 2822 3971 ταῦτα
2858 3917 3088 3988 βλέπων,
3129 3909 3174 3969 ὦ
3202 3915 3494 3986 θαυμάσιε,
3525 3916 3626 3979 δὺς
3652 3916 3733 3969 ἀεὶ

2152 4009 2391 4064 τοιοῦτον
2420 4008 2498 4080 τῷ
2527 4009 2625 4079 βίῳ
2653 4010 2866 4072 σαυτὸν,
2894 4003 3004 4062 οἷον
3029 4010 3058 4062 ό
3088 4006 3369 4078 παρελθὼν
3395 4006 3574 4072 ἔδειξε
3607 4009 3729 4078 190'-

2153 4121 2261 4169 νος.
2298 4104 2372 4158 Ού
2406 4103 2514 4174 γὰρ
2544 4102 2635 4157 τὸν
2680 4101 2829 4172 ἥλιον
2861 4103 2908 4154 οῖ
2957 4101 3032 4174 μὴ
3082 4101 3365 4172 βλέποντες
3425 4100 3731 4154 κωλύουσιν

2193 4313 2278 4354 ac.
2313 4299 2402 4354 94.

2153 4314 2542 4441 Ρῧῗξίῦῗῆὶξςτι
2568 4400 2635 4409 -
2659 4370 2732 4437 τῇ
2755 4369 2982 4439 μνήμῃ.
3014 4368 3150 4441 Med.
3167 4383 3270 4424 ms.
3305 4368 3517 4438 ἐγίνετο
3545 4372 3729 4441 -τὴν

2157 4442 2397 4510 μνήμην.
2415 4509 2419 4510 ί
2439 4439 2500 4490 Et
2531 4454 2653 4492 mox
2679 4439 3226 4510 ὲναπογραφομένων.

2227 4508 2339 4577 (96)
2411 4509 2790 4577 Ἀπόχροτον.
2845 4508 2942 4564 Hic
2985 4508 3239 4563 mendum
3289 4509 3518 4565 subesse
3548 4512 3728 4565 visum

2159 4579 2260 4632 luit
2288 4579 2563 4648 Zacagnio
2599 4589 2693 4634 :-et
2717 4580 2840 4648 jure
2866 4580 3106 4649 quidem.
3151 4577 3256 4649 Sed
3288 4595 3391 4635 ms.
3447 4581 3729 4634 Mediceus

2157 4649 2288 4702 illud
2319 4646 2477 4711 tollit,
2519 4646 2782 4704 exhibens
2815 4646 3137 4704 ἀπόνασθαι.
3166 4646 3303 4703 Vere
3337 4649 3483 4703 enim
3514 4651 3728 4703 colonis

2155 4719 2366 4773 animos
2395 4717 2458 4770 ad
2479 4719 2718 4774 laborem
2750 4721 2950 4784 praebet
2987 4719 3046 4770 τὸ
3071 4717 3179 4770 τῶν
3207 4719 3564 4787 πονηθέντων
3600 4720 3728 4772 511:6-

2155 4787 2376 4852 νασθαι,
2435 4789 2502 4840 iis
2539 4789 2592 4857 iu
2652 4788 2840 4857 quibus
2887 4788 3247 4850 elaborarunt,
3293 4789 3422 4857 frui.
3487 4787 3724 4843 Canace.

2148 4858 2396 4930 pag.i96.
2427 4856 2646 4930 ——_1_Visi
2674 4856 2957 4930 mendum
2993 4858 3078 4912 hic
3114 4858 3203 4922 sit,
3245 4856 3549 4930 ἀπόκροτον
3572 4899 3590 4920 ,
3659 4861 3728 4913 nil

2148 4926 2295 4998 aliud
2323 4942 2446 4983 esse
2475 4926 2708 4998 videtur,
2743 4944 2906 4998 quam
2927 4927 3078 4998 λανδ,
3109 4942 3138 4979 a
3175 4926 3401 4998 κροτέει),
3429 4929 3658 4995 plaudo.

2217 4997 2328 5069 (97)
2373 4994 2594 5069 ᾟμῶν.
2630 4997 2708 5052 Id.
2736 4994 2860 5053 cod.
2893 4997 3037 5052 Med.
3066 4994 3226 5067 ἡμῖνζ
3262 4997 3326 5050 Et
3355 4994 3518 5068 anlo
3583 5009 3724 5069 post,

2146 5067 2339 5130 εῖτινες
2371 5067 2542 5134 ἁμαρ.

2219 5137 2330 5219 (98)
2345 5134 2428 5192 Εὖ
2459 5152 2512 5188 τι
2524 5136 2746 5219 μοιεξις.
2771 5136 2942 5219 Recte
2973 5137 3244 5219 supplevit
3275 5135 3597 5219 gacagnius
3644 5140 3722 5192 in-

2149 5205 2346 5277 jiciens
2407 5206 2620 5277 norei'v._
2666 5207 2756 5261 Sic
2831 5208 2990 5277 plane
3044 5205 3215 5262 codex
3273 5205 3722 5262 MedJCuucc.

2154 5275 2276 5347 pag.
2327 5277 2417 5331 97.
2449 5304 2520 5315 -
2577 5275 2848 5341 Verbum,
2884 5279 3087 5341 ποιεῖν,
3121 5292 3224 5332 nos
3250 5291 3341 5347 “ex
3397 5277 3720 5346 conjectura

2155 5345 2568 5417 supplevimus;
2600 5361 2725 5402 nam
2774 5347 2829 5401 in
2861 5347 3126 5403 Vaticano
3165 5345 3353 5402 codice
3391 5347 3483 5402 hic
3512 5345 3718 5405 lacuna

2055 5431 2063 5438 '
2153 5424 2258 5472 est.

2225 5485 2336 5555 (99)
2375 5487 2735 5542 Μετουσίαν.
2768 5485 2830 5539 Et
2876 5486 2966 5540 hic
2998 5501 3111 5541 rem
3142 5500 3243 5555 acu
3295 5484 3478 5555 tetigit
3508 5487 3711 5541 editor.

2154 5554 2241 5609 Ita
2286 5554 2518 5612 namque
2573 5555 2710 5612 Med.
2763 5556 2837 5610 In.
2891 5555 3027 5610 ibid.
3066 5585 3135 5597 —
3183 5554 3262 5609 lta
3317 5554 3712 5612 emendandum

2155 5575 2230 5609 lla
2286 5575 2407 5610 nam
2453 5575 2518 5612 ue
2573 5575 2710 5612 ΜΘΗ.
2763 5575 2837 5610 ID.
2892 5575 3027 5610 1010.
3066 5585 3135 5597 -
3183 5575 3262 5609 lla
3317 5575 3712 5612 emendandum

2155 5641 2353 5681 censeo
2401 5575 2574 5684 vatio.
2615 5627 2743 5683 cod.
2781 5627 2837 5682 in
2875 5640 2985 5698 quo
3019 5625 3162 5683 male
3211 5626 3513 5693 scribitur,
3561 5626 3713 5698 932i-

2153 5712 2322 5750 νοιαν.
