3834 6408
107 277 256 333 ίΟΰἹ

1249 276 1631 333 ΕΡΙδΤΟιᾹΞ.
1667 306 1737 318 -
1775 277 1999 333 EPIST.
2052 278 2217 337 XVII.

3254 295 3388 353 “‘58

95 391 376 460 πράττειν
410 391 636 444 σεαυτοῦ
680 390 873 455 -άξίως,
912 393 1005 444 καὶ
1040 391 1117 461 τῷ
1161 390 1283 460 Θεῷ
1315 391 1575 454 ἐλπίζειν,
1607 390 1680 443 κοί

1799 392 2053 454 vindicta,
2076 409 2169 462 ego
2202 395 2515 458 retribuam,
2541 398 2670 451 dicit
2704 395 2957 453 Dominus
2984 399 3027 454 ⁸.
3053 398 3134 454 Tu
3179 413 3387 467 autem,

99 483 188 552 μὴ
220 482 590 551 ἐγκόπτεσθαι
621 484 759 553 πρὸς
786 483 847 535 τὸ
877 484 1042 545 καλός
1088 500 1148 535 τε
1179 484 1273 535 καὶ
1306 482 1513 549 ἀγαθὸς
1542 476 1704 547 εἶναι,

92 574 197 628 δαὶ
223 578 294 629 τὰ
323 578 450 645 παρ’
502 576 659 647 ἡμῶν
693 576 1068 646 ὑποδείγματα
1095 594 1110 608 ·
1163 576 1479 647 ἐπιτρέπειν
1523 576 1583 629 δὲ
1627 575 1707 645 τῷ

96 664 229 734 Θεῷ
257 664 335 735 τῷ
361 665 705 738 δικαιοκρίτῃ
726 666 839 736 (21)
870 666 970 736 τὴν
999 664 1383 735 συμφέρουσάν
1426 680 1486 717 τε
1515 665 1607 717 καὶ
1630 665 1706 717 δι·

96 758 278 810 καίαν
324 758 435 811 τῶν
470 760 816 831 πραγμάτων
864 760 1131 814 ἀπόϐασιν
1156 800 1169 820 ,
1213 758 1385 829 ταύτῃ
1419 775 1480 810 τε
1530 760 1703 827 ἄγειν,

99 850 334 921 ὃπηπερ
369 851 494 923 avi)
529 853 647 905 οεία
679 852 984 925 κατευθύνῃ
1028 852 1209 921 σοφία.
1258 852 1482 914 Πάντως
1530 851 1649 903 οὐδὲ
1679 852 1707 903 ὁ

116 943 327 1014 Ἰωσὴφ
370 944 446 1015 τῷ
475 944 655 1013 φθόνῳ
702 945 811 998 τῶν
856 944 1101 1013 ἀδελφῶν
1146 944 1513 1013 ἐδυσχέραινε,
1568 941 1700 993 διότι

94 1034 217 1085 τῶν
250 1037 525 1107 ὁμογενῶν
552 1039 585 1108 ἡ
615 1038 781 1091 κακία
810 1038 929 1101 ὁδὸς
959 1036 1108 1107 αὐτῷ
1134 1036 1273 1107 πρὸς
1302 1034 1400 1107 τὴν
1425 1033 1699 1105 βασιλείαν

96 1126 347 1193 ἐγένετο.
624 1122 649 1160 ’

591 1443 939 1499 ΕΠΙΣΤΟΛΙΙ
972 1445 1043 1497 IZ'
1076 1444 1208 1516 (2'2).

1803 485 1888 539 vir
1931 486 2158 553 optime,
2192 485 2278 540 fac
2328 487 2492 556 digna
2530 499 2581 543 te
2629 504 2761 559 agas
2784 531 2799 555 ,
2834 489 2942 545 Deo
3000 492 3215 546 conﬁde
3240 536 3255 557 ,
3286 511 3387 548 nec

1804 575 2107 629 infortunia
2143 584 2331 631 nostra
2357 585 2410 632 te
2444 596 2472 631 a
2506 579 2666 634 bonis
2705 581 2982 652 rectisque
3008 586 3271 652 operibus
3303 602 3389 639 re-

1804 668 2043 722 traham.
2069 668 2224 735 Quod
2252 678 2437 725 autem
2468 671 2533 725 ad
2562 673 2774 727 felicem
2806 689 2987 729 rerum
3010 676 3217 730 exitum
3258 678 3389 729 atti-

1803 767 1919 823 net,
1936 760 1991 814 id
2018 768 2193 814 totum
2235 760 2347 816 Deo
2396 764 2719 818 commenda
2765 773 2931 834 atque
2957 765 3252 830 concrede,
3286 782 3385 822 eo-

1803 866 1913 920 que
1944 850 2106 905 modo
2137 866 2257 921 age,
2283 867 2393 921 quo
2441 853 2625 907 divina
2672 854 2940 923 sapientia
2968 856 3068 910 tibi
3116 856 3385 927 agendum

1806 940 1925 995 fore
1980 941 2347 1007 monstrabit;
2383 956 2507 996 nam
2570 958 2671 995 nec
2728 942 2968 1013 Joseplio
3024 944 3166 1001 male
3216 946 3387 999 cessit

1806 1034 2018 1087 invidia
2060 1033 2316 1097 fratrum,
2343 1034 2788 1104 quandoquidem
2838 1036 3382 1107 consanguineorum

1802 1125 2011 1179 malitia
2045 1126 2187 1179 viam
2216 1126 2320 1195 ipsi
2358 1128 2555 1181 stravit
2587 1130 2655 1181 ad
2694 1143 2946 1196 regnum.

2325 1444 2659 1499 EPISTULA
2698 1444 2856 1499 XVII.

100 1603 579 1671 Elegantissimam
616 1604 751 1655 hanc
788 1599 1021 1671 Nysseni
1047 1600 1327 1667 epistolam
1358 1600 1613 1667 scriptam
1646 1598 1814 1667 fuisse
1857 1599 1925 1651 ad
1971 1598 2267 1653 Ecclesium
2310 1598 2789 1665 Nicomediensem,
2837 1618 2941 1654 non
2986 1601 3143 1655 modo
3175 1618 3294 1671 qua:
3327 1605 3381 1657 in

176 1670 297 1740 ipsa
332 1674 391 1742 ﬁt
422 1672 709 1740 Euphrasii
758 1670 987 1741 episcopi
1019 1672 1213 1724 mentio
1243 1671 1591 1733 demonstrat,
1633 1686 1820 1742 _verum
1850 1672 2010 1723 etiam
2054 1671 2195 1742 clare
2242 1670 2510 1742 colligitur
2552 1686 2613 1723 er
2646 1672 2768 1724 aliis
2804 1673 3121 1739 quibusdam
3146 1670 3381 1742 ejusdem

172 1739 409 1811 epistola:
464 1739 614 1804 lacis,
664 1744 729 1796 de
759 1739 945 1811 quibus
984 1744 1191 1811 agimus
1240 1742 1296 1795 in
1345 1751 1530 1795 nostra
1572 1740 1640 1794 ad
1683 1741 1778 1811 (ioc
1826 1758 1954 1809 opus
2006 1741 2340 1809 pratfatione.
2379 1739 2589 1809 Scripta
2638 1752 2811 1794 autem

2860 1743 2959 1807 [ait
2996 1757 3114 1809 post
3154 1746 3381 1812 primam

173 1810 471 1881 generalem
520 1810 1166 1879 Constantinopolitanam
1216 1814 1497 1882 synodum,
1548 1813 1634 1865 cui
1680 1810 2009 1879 Euphrasius
2062 1811 2325 1879 interfuit,
2359 1828 2478 1863 cum
2530 1820 2649 1882 post
2696 1829 2807 1882 qus
2856 1823 3073 1865 mortem
3109 1810 3289 1867 multm
3326 1817 3380 1867 in

180 1883 417 1937 Ecclesia
453 1884 547 1936 illa
581 1886 753 1953 turba;
774 1884 964 1936 iterum
996 1892 1167 1935 essent
1200 1881 1462 1947 excitatae,
1501 1899 1633 1952 quas
1662 1883 1788 1935 dum
1821 1882 1920 1935 hac
1948 1881 2501 1949 epistolacomponere
2528 1881 2703 1933 studet
2737 1881 3031 1951 Nysaenus,
3065 1884 3379 1953 fortissimis

176 1955 474 2007 rationibus
502 1954 711 2013 evincit,
755 1955 809 2005 in
844 1954 1071 2019 episcopi
1111 1953 1362 2007 electione
1392 1969 1495 2006 non
1541 1962 1650 2006 tam
1686 1952 1971 2006 mandante
2001 1953 2297 2006 nobilitatis
2336 1963 2494 2023 atque
2537 1954 2807 2022 potentiw,
2849 1970 3009 2023 quam
3056 1957 3224 2009 animi
3274 1957 3380 2010 uir-

175 2035 348 2078 tutum
382 2026 639 2078 rationem
669 2023 963 2078 habendam
988 2040 1119 2078 esse.

179 2179 357 2251 ’Υμᾶς
398 2180 515 2250 μὲν,
563 2181 596 2232 ό
637 2177 836 2246 Πατὴρ
881 2176 999 2230 τῶν
1033 2177 1378 2246 οἱκτειρμῶν
1411 2177 1506 2231 καί
1547 2179 1680 2243 Θεὸς

1863 2176 1973 2232 Vos
1988 2178 2206 2247 quidem
2238 2177 2399 2230 Pater
2422 2178 2932 2241 ntisericordiarum,
2967 2189 3014 2233 et
3053 2179 3190 2233 Deus
3217 2182 3379 2235 totius

100 2274 313 2343 πάσης
339 2274 791 2343 παρακλήσεως,
856 2275 885 2327 ὁ
949 2274 1124 2326 πάντα
1170 2275 1227 2326 ἐν
1256 2276 1418 2346 σοφίᾳ
1472 2274 1607 2345 πρὸς
1632 2274 1693 2327 τὸ

104 2366 385 2438 συμφέρον
418 2365 736 2435 οἰκονομῶν,
768 2364 855 2417 διὰ
881 2365 977 2434 τῆς
1005 2364 1136 2427 ἰδίας
1177 2364 1567 2435 ὲπισκοπήσειε
1593 2364 1692 2434 χά-

105 2474 275 2528 ριτος,
304 2458 397 2511 καὶ
423 2454 852 2529 παρακαλέσειεν
886 2454 1085 2524 ἑαυτῷ,
1120 2453 1290 2506 ποιῶν
1322 2452 1431 2523 (2'5)
1474 2454 1531 2506 ὲν
1565 2454 1691 2522 ὑμῖν

100 2536 175 2599 ἰδ’
195 2547 509 2619 εὐάρεστον,
536 2545 626 2600 καὶ
656 2545 797 2598 ἔλθοι
831 2544 915 2615 ἐφ’
948 2546 1091 2616 ὑμᾶς
1121 2546 1154 2615 ἡ
1182 2545 1339 2615 χάρις
1364 2544 1459 2598 τοῦ
1486 2546 1690 2615 Κυρίου

99 2636 261 2707 ἡμῶν
327 2637 500 2709 Ἰησοῦ
560 2634 817 2707 Χριστοῦ,
869 2635 963 2689 καὶ
1029 2637 1062 2706 ἡ
1114 2636 1366 2689 κοινωνία
1396 2634 1490 2687 τοῦ
1532 2636 1690 2703 ἁγίου

104 2728 421 2801 Πνεύματος
474 2728 659 2795 αὐτοῦ,
719 2730 799 2791 εἰς
844 2727 905 2780 τὸ
938 2726 1188 2795 γενέσθαι
1238 2729 1365 2798 ὑμῖν
1394 2728 1689 2799 Θεραπείαν

104 2824 206 2895 μὲν
253 2824 435 2894 πάσης
462 2822 692 2893 θλίψεως
718 2822 811 2876 καὶ
839 2820 1224 2893 δυσχερ[ε]ίας,
1259 2820 1562 2893 [προκοπὴν
1606 2820 1687 2892 δὲ]

99 2917 239 2986 πρὸς
271 2918 378 2971 πᾶν
404 2915 628 2984 ἀγαθὸν,
675 2916 753 2978 είς
780 2914 1148 2986 καταρτισμὸν
1194 2914 1294 2985 τῆς
1343 2914 1685 2983 Ἐκκλησίας,

96 3007 501 3079 καὶοίκοδομὴν
528 3007 633 3061 τῶν
672 3006 951 3078 ὑμετέρων
998 3005 1205 3077 ψυχῶν,
1249 3006 1342 3059 καὶ
1376 3008 1454 3069 είς
1510 3005 1689 3077 [ἔπαι-

96 3097 216 3170 νον]
246 3099 345 3169 τῆς
367 3098 523 3169 δόξης
547 3096 639 3150 τοῦ
673 3096 933 3166 ὀνόματος
963 3096 1150 3149 αὑτοῦ.
1180 3096 1366 3167 Ἡμεῖς
1397 3096 1454 3149 δὲ
1484 3095 1687 3167 ταύτην

96 3190 245 3260 ὑπὲρ
276 3188 458 3243 αὐτῶν
484 3190 582 3258 τὴν
626 3187 920 3257 ἀπολογίαν
965 3187 1098 3259 πρὸς
1132 3188 1230 3260 τὴν
1279 3188 1500 3259 ἀγάπην
1533 3189 1685 3259 ὑμῶν

98 3281 415 3352 ποιούμενοι
448 3282 581 3351 (24),
610 3280 708 3333 οὐκ
740 3280 1096 3352 ἡμελήσαμεν
1146 3280 1279 3353 πρὸς
1314 3281 1411 3351 τὴν
1432 3281 1687 3333 ἀπόδοσιν

95 3382 201 3448 τῆς
227 3374 717 3447 κεχρεωστημένης
749 3375 877 3445 ἡμῖν
908 3373 1268 3441 ἐπισκέψεως,
1295 3373 1328 3445 ἢ
1352 3374 1409 3425 ἐν
1438 3371 1516 3441 τῷ
1547 3388 1685 3442 παρ-

96 3471 311 3525 ελθόντι
345 3470 535 3542 χρόνῳ,
578 3467 631 3539 [ἢ
666 3468 802 3538 μετὰ
823 3466 960 3538 (25)]
990 3466 1085 3537 τὴν
1124 3464 1419 3535 γενομένην
1454 3464 1551 3517 τοῦ
1581 3482 1685 3535 μα-

1803 2270 2182 2324 consolationis
2209 2272 2250 2335 ⁸,
2294 2271 2385 2341 qui
2421 2281 2618 2323 cuncta
2656 2272 2937 2340 sapienter
2982 2272 3048 2325 ad
3087 2271 3379 2327 utilitatem

1801 2371 2048 2419 nostram
2098 2363 2434 2424 moderatur,
2480 2364 2653 2433 gratia
2703 2379 2799 2419 sua
2836 2365 3122 2433 gubernet,
3165 2366 3381 2436 sibique

1802 2455 2078 2518 conciliet,
2123 2455 2333 2509 faciens
2378 2456 2430 2508 in
2464 2457 2620 2509 vobis
2662 2457 3063 2533 beneplacitum
3095 2472 3252 2512 suum
3280 2476 3295 2525 ;
3327 2468 3381 2512 et

1800 2550 1981 2603 veniat
2012 2564 2177 2619 super
2210 2564 2307 2601 vos
2334 2549 2507 2617 gratia
2546 2546 2761 2601 Domini
2794 2549 2965 2602 nostri
2993 2547 3123 2603 Jesu
3148 2549 3377 2613 Christi,

1786 2634 1851 2694 iet
1882 2640 2001 2709 ejus
2043 2638 2279 2708 Spiritus
2313 2641 2490 2691 sancti
2533 2640 2980 2707 communicatio,
3012 2649 3070 2693 ut
3100 2643 3192 2695 Iiat
3222 2644 3378 2697 vobis

1760 2732 2021 2805 _quidem
2073 2730 2431 2785 allliclionum
2473 2732 2721 2784 onmium
2765 2741 2927 2800 atque
2960 2732 3374 2787 tribulationum

1798 2825 2080 2890 solamen;
2135 2822 2451 2893 (prolectus
2505 2822 2666 2890 vero)
2723 2823 2775 2876 in
2823 2824 2970 2877 omni
3025 2825 3248 2889 virtute,
3308 2826 3375 2878 ad

1798 2916 2059 2971 Ecclesiae
2110 2915 2568 2985 tranquillitatem
2617 2924 2671 2969 et
2714 2916 3021 2970 animarum
3064 2926 3375 2974 vestrarum

1797 3008 2219 3062 aediﬁcationem
2254 3014 2417 3076 atque
2446 3006 2719 3077 (tandem)
2747 3007 2934 3077 gloriae
2960 3007 3203 3063 nominis
3226 3009 3369 3077 ejus.

1793 3101 2113 3158 Nos-autem
2136 3100 2548 3155 excusationem
2579 3100 2718 3153 hanc
2749 3109 2991 3155 nostram
3023 3101 3166 3170 apud
3196 3101 3373 3156 chari-

1796 3204 1960 3249 tatem
1999 3205 2236 3249 sestram
2271 3193 2625 3248 instituentes
2672 3189 2926 3255 dicimus,
2964 3207 3063 3245 nec
3103 3194 3376 3247 anteactis

1794 3287 2157 3355 temporibus,
2212 3298 2313 3340 nec
2366 3291 2492 3354 post
2546 3283 2691 3338 beati
2753 3283 2975 3337 Patricii
3027 3284 3259 3351 obitum,
3320 3287 3376 3338 in

1746 3446 1753 3452 _
1794 3377 2145 3448 suscipienda
2182 3376 2436 3431 Ecclesia:
2468 3384 2663 3431 vestra:
2685 3378 2988 3441 curatione,
3026 3380 3377 3447 quemadmo.

1792 3473 1922 3527 dum
1971 3473 2216 3525 muneris
2256 3470 2433 3526 nostri
2480 3470 2620 3523 ratio
2652 3471 2986 3540 postulabat,
3039 3471 3375 3542 negligentes

96 3564 293 3635 καρίου
343 3562 638 3632 Πατρικίου
689 3559 803 3632 (26)
862 3559 1188 3631 μετάστασιν
1234 3557 1383 3629 (27)⁶
1429 3558 1545 3611 ἀλλ’
1599 3560 1678 3612 ὅτι

1791 3580 2027 3633 unquam
2066 3565 2274 3629 fuisse;
2316 3562 2412 3618 sed
2452 3563 2711 3633 quoniam
2745 3562 2985 3633 (turbae)
3016 3564 3199 3617 multa!
3245 3574 3376 3619 sunt

98 3656 299 3710 πολλαὶ
334 3654 434 3724 μὲν
463 3656 518 3707 αἱ
554 3652 662 3706 τῶν
697 3652 818 3706 καθ’
858 3653 1006 3723 ἡμᾶς
1060 3650 1388 3721 Ἐκκλησιῶν
1422 3651 1535 3721 (28)
1569 3650 1685 3725 [τα-

99 3750 269 3821 ραχαὶ
306 3746 466 3819 (29)],
489 3742 659 3817 πολλὴ
711 3745 767 3798 δὲ
815 3746 849 3815 ἡ
888 3745 980 3798 τοῦ
1012 3744 1263 3815 σώματος
1291 3744 1580 3817 σαορότης,
1609 3747 1685 3809 ὡς

94 3842 271 3908 εἰκὸς,
328 3840 569 3912 προῖόντι
612 3837 691 3908 τῷ
733 3837 911 3908 χρόνῳ
948 3835 1358 3891 πνεπιδιδοῦσα
1381 3879 1395 3902 ,
1430 3838 1598 3910 πολλὴ
1628 3839 1685 3893 δὲ

96 3936 197 3989 καὶ
230 3937 265 4006 ὴ
296 3934 395 4005 τῆς
424 3932 695 4005 ὑμετέρας
749 3930 1080 4000 ἀγαοότητος
1108 3933 1185 3994 είς
1223 3932 1370 4001 ἡμᾶς
1406 3931 1647 4002 ρᾳουμία
1668 3972 1682 3996 ,

93 4030 182 4085 ὅτι
220 4026 396 4090 οὐδεὶς
438 4024 690 4079 οὐδέποτε
748 4022 905 4092 λόγος
948 4025 1027 4086 είς
1060 4022 1372 4093 προτροπὴν
1412 4023 1471 4074 ὲν
1499 4023 1681 4093 γράμ-

98 4136 259 4189 ματι,
288 4116 429 4189 [οὐδὲ
465 4116 645 4185 σχέσις
670 4114 803 4185 πρὸς
824 4115 922 4184 τὴν
938 4113 1056 4166 καθ’
1082 4114 1237 4184 ἡμῶν
1272 4112 1420 4185 (50)]
1453 4113 1683 4184 Ἐκκλη-

98 4212 247 4274 σίαν,
273 4207 368 4261 τοῦ
398 4208 669 4278 μακαρίου
720 4205 1027 4276 Εὑφρασίου
1078 4206 1189 4276 (51)
1228 4205 1322 4259 τοῦ
1376 4206 1675 4259 ἐπισκόπου

93 4302 190 4356 διὰ
237 4299 417 4370 πάσης
458 4298 733 4369 ὁσιότητος
785 4294 963 4367 ἑαυτῷ
1014 4312 1072 4349 τε
1116 4295 1209 4349 καὶ
1242 4296 1391 4367 ὑμῖν,
1426 4291 1536 4350 οἷον
1569 4313 1680 4349 σει-

204 4473 228 4505 ⁸
262 4472 422 4528 Boni.
446 4486 546 4538 xu,
588 4470 674 4525 lO.
749 4469 770 4501 ⁸
800 4466 841 4523 ll
864 4467 988 4524 Cor.
1025 4484 1061 4534 ι,
1095 4467 1147 4521 5.

168 4635 284 4707 (ει)
320 4634 709 4707 Δικαιοκρζτῃ,
838 4632 1033 4707 δικαίῳ
1054 4632 1236 4707 κριτῇ.

170 4698 285 4776 (τε)
318 4698 565 4776 Ἐπιστξ
591 4698 726 4776 Cod.
760 4704 902 4776 Med.
928 4774 936 4776 Α
964 4698 1283 4776 inscriptam
1319 4698 1490 4755 refert
1535 4700 1667 4752 hanc

93 4771 531 4848 epistulaut__roig
547 4775 605 4826 ἐν
639 4774 977 4845 Νικομηδείᾳ
1007 4771 1396 4844 πρεσϐυτέροις
1428 4787 1439 4799 ·
1484 4778 1675 4839 estque

95 4844 297 4903 ordine
332 4844 452 4901 XX.

170 4917 285 4988 (23)
320 4916 532 4971 Ποιῶν.
584 4916 752 4970 Abest
807 4914 921 4988 haec
958 4928 1061 4988 vos
1094 4926 1124 4964 a
1161 4911 1282 4988 cod.
1321 4909 1465 4988 Med.
1499 4909 1672 4963 Paulo

93 4980 247 5059 post,
267 4980 375 5042 'ubi
411 4988 693 5059 προκοπήν
719 4986 933 5054 supplet
953 4985 1148 5042 editor,
1182 4982 1321 5035 idem
1340 4980 1510 5035 codex
1540 4996 1674 5049 pra-

97 5064 207 5105 fert
239 5056 470 5105 εὐοδίαν-
507 5056 569 5105 Et
609 5072 729 5105 mox
764 5052 1078 5105 προσθήκην
1118 5066 1217 5105 nro
1246 5051 1484 5105 ἔπαινον.

95 5056 207 5115 iert
239 5056 470 5111 εὐοδίαν.
507 5056 569 5110 Et
609 5072 729 5109 mox
764 5056 1078 5176 apodiqu
1118 5066 1217 5122 pro
1246 5056 1484 5105 ἔπαινον.
1516 5120 1540 5131 ο

169 5129 285 5198 (24)
317 5127 528 5183 Αὐτῶν
574 5126 1005 5193 -ποιούμενοι.
1064 5122 1118 5176 d.
1156 5122 1346 5186 codex,
1373 5123 1583 5174 ἑαυτων
1604 5150 1673 5161 -

94 5197 367 5267 ποιοῦμεν
403 5198 505 5250 ὅτι,
640 5264 659 5267 _

168 5260 283 5339 (25)
320 5268 513 5338 Ἡμῖν.
542 5297 610 5306 -
640 5264 700 5337 [ἢ
731 5262 925 5335 μετά).
957 5263 1094 5319 Med.
1130 5263 1258 5333 ὑμῖν
1279 5292 1351 5302 -
1384 5261 1418 5332 ἢ
1449 5262 1544 5314 καὶ
1578 5260 1673 5315 νῦν

92 5339 288 5482 καῖἕέ)
317 5408 543 5482 Patricii
570 5406 737 5482 hujus
752 5404 1195 5482 Nicomediensis
1225 5402 1483 5482 episcopi.
1498 5400 1670 5482 nulla,

94 5472 487 5547 quod'sciam,
530 5472 735 5534 mentio
777 5480 833 5533 in
860 5476 1104 5547 antiquis
1147 5472 1519 5528 monumentis
1576 5472 1672 5525 ba-

95 5552 288 5691 ὺθέἓξ)
318 5618 458 5681 Vox,
505 5620 851 5691 μετάστασις,
909 5622 1088 5691 potest
1141 5614 1304 5669 etiam
1364 5610 1675 5683 signiﬁcare

98 5687 543 5751 translationem.
577 5700 631 5745 et
654 5690 949 5753 exsilium;
990 5687 1084 5740 sed
1123 5694 1416 5752 utrumque
1452 5695 1674 5736 sensum

100 5761 399 5819 excludere
442 5761 660 5818 videtur
699 5776 800 5816 vox
854 5756 1141 5829 μακάριος,
1174 5768 1294 5827 qua:
1332 5760 1676 5809 mortuorum

1779 3658 1834 3711 in
1870 3656 2128 3712 Ecelesiis
2186 3664 2389 3711 nostrae
2428 3672 2573 3710 cura:
2607 3654 2943 3720 commissis,
2988 3655 3160 3709 multa
3207 3658 3371 3711 etiam

1780 3748 2032 3817 corporis
2076 3747 2248 3800 nostri
2289 3746 2600 3809 inlirmitas,
2651 3760 2758 3799 una
2793 3762 2918 3799 cum
2949 3755 3131 3813 aetate,
3180 3754 3241 3800 ut
3273 3762 3374 3816 par

1787 3848 1895 3902 est,
1929 3837 2178 3909 quotidie
2207 3852 2485 3903 crescens,
2520 3840 2689 3891 multa
2716 3838 2953 3907 denique
2984 3848 3163 3893 vestra
3196 3840 3372 3909 negle-

1785 3935 1896 3987 ctio
1940 3931 2137 3996 nostri,
2192 3929 2635 3999 quandoquidem
2685 3930 2831 3982 nulla
2873 3945 3114 3999 unquam
3153 3929 3223 3983 ad
3269 3946 3372 3985 nos

1789 4023 2111 4077 excitandos
2142 4022 2446 4075 litterarum
2477 4021 2848 4075 collocutione
2883 4022 2965 4075 usi
3008 4022 3165 4086 estis,
3199 4020 3367 4092 (nec)

1760 4115 1953 4190 _ullam
1986 4129 2111 4168 cum
2147 4112 2394 4167 Ecclesia
2440 4120 2629 4165 nostra
2668 4110 3132 4165 necessitudinem
3175 4111 3368 4164 habui-

1786 4202 1920 4271 stis;
1949 4220 2075 4259 cum
2100 4204 2304 4274 alioqui
2333 4204 2525 4259 beatus
2551 4202 2888 4272 Euphrasius
2914 4204 3210 4273 episcopus
3236 4202 3367 4257 cha-

1785 4296 1968 4360 ritate,
2001 4295 2167 4351 veluti
2208 4294 2423 4350 catenis
2455 4293 2810 4365 quibusdam,
2860 4308 2919 4348 se
2968 4294 3146 4363 ipsum
3179 4303 3231 4348 et
3271 4309 3366 4347 vos

1779 4627 2058 4698 epitheton
2084 4626 2420 4698 plerumque
2438 4640 2569 4698 esse
2600 4628 2761 4681 solet.

1848 4698 1962 4767 (εδ)
1997 4694 2153 4762 Vide,
2180 4696 2653 4770 an_s_upplcnd_um
2698 4696 2878 4765 potius
2912 4698 3011 4770 _sit,
3054 4700 3353 4770 φροντίδες,

1775 4764 2178 4837 υιτθέρεχὶεεο
2226 4764 2495 4837 videatur:
2528 4764 2819 4837 Nyssenus
2860 4768 2925 4821 ad
2979 4764 3168 4824 curam
3205 4764 3353 4824 illam

1772 4834 2277 4906 componendarum
2324 4851 2420 4905 per
2467 4834 2750 4891 Ponticam
2792 4836 3073 4894 dimcesim
3123 4842 3355 4895 turbata:

1772 4905 2003 4962 nimium
2052 4905 2311 4976 Ecclesia:
2358 4920 2567 4969 rerum,
2616 4922 2782 4976 quam
2859 4909 2965 4963 sibi
3012 4918 3067 4964 et
3104 4909 3352 4966 Helladio

1770 4978 2101 5051 Caesariensi
2154 4992 2217 5029 ac
2249 4974 2817 5051 Otrejojlelitinensi
2842 4980 3352 5051 Constan_t_in0poli-

1771 5058 1899 5102 tana
1932 5049 2107 5117 prima
2136 5048 2412 5117 generalis
2447 5048 2702 5117 Synodus
2733 5050 3030 5105 commisit.
3075 5048 3226 5105 Vide'
3247 5051 3351 5103 Ba-

1768 5115 1987 5189 roniuin
2021 5115 2437 5189 an.;$8l,rtom.
2464 5115 2554 5181 IV,
2583 5134 2708 5189 pag.
2735 5119 2862 5182 445,
2895 5130 2948 5175 et
2972 5120 3347 5176 Hermantium

1770 5190 1827 5244 in
1867 5187 1985 5241 Vita
2024 5185 2082 5242 S.
2121 5186 2305 5241 Basilii
2341 5188 2433 5240 lib.
2464 5203 2540 5252 lx,
2572 5185 2695 5257 cap.
2727 5189 2816 5243 50.

1862 5260 1953 5328 29)
1991 5259 2267 5326 Ταραχηί.
2306 5258 2387 5328 Id_.
2416 5258 2685 5327 ἀσχολίαι.

1862 5261 1953 5328 29)
1991 5261 2267 5326 Ταραχηι.
2306 5261 2387 5309 Id.
2416 5261 2685 5327 ἀσχολίαι.

1774 5386 1781 5401 ζ
1842 5261 1954 5399 i150)
1990 5326 2448 5401 oecis—fbuér.
2497 5329 2636 5399 Ιά.ῆ
2686 5328 3038 5401 δηλωματικὴ
3064 5361 3136 5371 υ·-
3177 5332 3343 5401 ἡμᾶς.

1768 5398 1892 5481 ῌοξ
1957 5414 2085 5453 vero
2135 5398 2222 5450 διὰ
2281 5398 2461 5467 πάσης
2512 5400 2862 5469 γνησιότητος
2904 5430 2975 5439 -
3027 5398 3131 5472 τὴν
3184 5398 3346 5473 βραχ.

1858 5486 1954 5522 ων.

1777 5472 1963 5611 inﬁgi.)
1997 5538 2335 5608 Euphrasius
2384 5538 2819 5596 Nicomediensis
2868 5540 3159 5611 episcopus
3200 5540 3344 5597 Con.

1780 5611 2281 5683 stantinopolitana
2322 5612 2511 5678 prima:
2552 5614 2794 5677 generali
2841 5612 3051 5683 synodo
3098 5612 3348 5667 subseri-

1782 5682 1923 5754 psit;
1972 5681 2101 5754 hine
2134 5689 2316 5754 autem
2354 5690 2576 5754 apparet
2615 5691 2737 5754 post
2781 5681 3026 5740 eamdem
3074 5683 3347 5754 synodum

1785 5753 2046 5823 scriptam
2080 5750 2249 5807 fuisse
2277 5752 2417 5806 hanc
2448 5751 2757 5821 epistolam.
