3834 6404
458 279 597 336 1059

1682 254 1739 308 S.
1777 244 2104 307 GREGORII
2138 243 2432 300 NYSSENI

3577 236 3706 294 10‘50

456 410 584 448 cum
611 388 925 446 humilitate
951 392 1140 441 nostra
1166 378 1516 438 sanctissime
1533 372 1900 445 conjunxerit.
1925 367 2032 423 Sed

2168 368 2257 430 αῖς
2287 382 2417 427 τισι,
2451 365 2518 434 τῇ
2548 362 2740 432 ἀγάπη
2766 359 2868 432 τὴν
2897 359 3208 431 βραχύτητα
3234 357 3386 428 ὑμῶν
3408 357 3710 429 συνδήσαν-

458 484 712 552 quamvis
737 480 980 534 debitum
1010 473 1300 530 charitatis
1339 471 1597 532 olIicium,
1637 481 1738 522 nec
1777 480 1806 518 a
1843 463 2024 526 nobis,

459 586 648 625 euram
693 568 950 623 Ecclesiae
978 575 1173 620 vestra:
1207 558 1592 631 impendendo,
1635 569 1737 611 nec
1781 569 1812 607 a
1849 558 2028 607 vestra

461 663 839 734 religiositate,
874 661 941 713 ad
971 658 1026 712 id
1050 671 1150 712 nos
1174 652 1538 716 adhortando,
1568 649 1841 719 expletum
1868 654 2029 698 antea

463 755 666 820 luerit;
698 760 880 804 tamen
909 747 1211 817 assumptis
1255 759 1398 798 nunc
1429 742 1648 796 demum
1682 739 1736 792 in
1777 745 2027 791 votorum

465 853 775 898 nostrorum
809 842 1126 895 societatem
1155 836 1409 906 precibus
1435 831 1654 894 vestris,
1707 829 1878 882 Deum
1905 839 2031 880 ora-

465 951 609 998 mus,
666 943 724 986 ut
773 947 876 986 nos
906 945 1071 1000 quam
1115 927 1370 983 celeriter
1405 924 1520 979 ﬁeri
1558 920 1780 992 poterit,
1835 919 1902 972 ad
1932 931 2030 972 vos

465 1026 651 1080 venire
701 1024 1001 1094 permittat,
1051 1029 1112 1074 ut
1137 1019 1370 1073 invicem
1402 1015 1773 1078 consolemur,
1803 1021 1884 1074 et,
1920 1009 2030 1064 Deo

466 1120 609 1173 viam
648 1119 1027 1185 rationemque
1072 1119 1436 1176 monstrante,
1480 1121 1703 1178 operam
1736 1103 1928 1158 demus
1971 1107 2032 1154 ut

470 1211 538 1266 iis
587 1223 708 1278 qua:
745 1206 948 1260 dudum
980 1217 1232 1264 evenere,
1283 1199 1440 1254 malis
1472 1209 1853 1257 occurramus,
1881 1201 1936 1248 et
1974 1191 2032 1246 in

469 1309 746 1370 posterum
797 1295 976 1351 securi
1009 1308 1131 1348 esse
1182 1292 1477 1362 possimus,
1532 1303 1602 1343 ne
1647 1285 1881 1355 amplius
1929 1282 2032 1336 hac

472 1398 651 1447 vestra
697 1387 972 1443 discordia
1018 1384 1253 1439 invicem
1295 1381 1518 1442 divulsi.
1569 1379 1700 1433 dum
1748 1377 1888 1430 alius
1928 1374 2033 1428 alio

470 1481 702 1535 consilio
754 1495 874 1535 sese
917 1479 985 1532 ab
1033 1475 1276 1532 Ecclesia
1326 1480 1562 1544 separat,
1615 1469 1832 1524 diabolo
1888 1467 2033 1520 risus

473 1571 758 1626 materiam
812 1569 1121 1639 praebentis,
1170 1566 1328 1635 cujus
1378 1563 1632 1618 voluntas
1683 1568 1846 1628 atque
1895 1573 2034 1627 opus

2132 476 2243 519 τος.
2290 457 2427 512 Ἀλλ’
2457 459 2507 510 εἰ
2540 457 2634 510 καὶ
2664 456 2740 527 μὴ
2762 455 3026 527 πρότερον
3052 453 3114 506 τὸ
3134 453 3232 523 τῆς
3265 451 3490 520 ἀγάπης
3528 449 3706 518 κρέπ.

2132 551 2167 622 ἢ
2198 549 2327 620 παρ’
2357 547 2510 620 ὐμῶν
2553 547 2641 601 διὰ
2688 549 2784 617 τῆς
2817 544 3175 614 ἐπισκέψεως,
3204 543 3238 614 ἢ
3273 542 3427 612 παρά
3456 541 3557 609 τῆς
3585 541 3712 608 ὑμε-

2133 645 2295 715 τέρας
2325 642 2435 710 (52)
2456 638 2738 702 εὐλαϐείας
2756 638 2843 691 διὰ
2861 638 2960 708 τῆς
2983 635 3290 708 προτροπῆς
3311 631 3534 699 ἀπεπλη
3543 630 3710 700 ρὼθη,

2135 735 2230 789 νῦν
2259 733 2388 802 γοῦν
2415 731 2690 802 εὐχόμεθα
2710 730 2787 800 τῷ
2811 728 2951 798 Θεῷ,
2979 726 3265 796 σύμμαχον
3296 725 3435 796 πρὸς
3464 722 3570 790 τὴν
3604 722 3714 771 ἐπι-

2135 824 2335 896 θυμίαν
2371 821 2526 893 ἡμῶν
2565 823 2660 875 κα)⁸
2719 820 2818 890 τὴν
2861 818 3131 888 ὑμετέραν
3172 817 3333 885 εὐχὴν
3388 813 3528 884 πρὸς
3585 811 3714 863 Θεὸν

2137 913 2680 987 συμπαραλαϐόντες,
2703 911 2792 966 διὰ
2823 911 3019 980 τάχους
3045 907 3178 979 (55),
3216 907 3287 970 ὡς
3319 905 3436 958 ἐστι
3465 904 3709 962 δυνατὸν,

2135 1007 2468 1080 ἐπιδημῆσαι
2520 1024 2580 1060 τε
2637 1006 2788 1076 ὑμῖν,
2853 1002 2948 1055 καὶ
2990 996 3562 1071 συμπαρακληθῆναι,
3624 995 3713 1046 καὶ

2138 1101 2532 1163 συσπουδάσαι,
2564 1100 2640 1162 ὠς
2694 1097 2760 1152 ἂν
2813 1094 3087 1165 ὑφηγῆται
3114 1095 3142 1146 ό
3173 1091 3393 1162 Κύριος,
3434 1089 3576 1142 ὥστε
3624 1086 3713 1137 καὶ
3809 1085 3811 1108 ί

2135 1197 2244 1248 τῶν
2273 1194 2374 1265 ἤδη
2407 1190 2789 1262 γεγενημένων
2835 1186 3096 1257 λυπηρῶν
3122 1183 3402 1253 διόρθωσιν
3450 1179 3708 1246 ἐξευρεῖν,
3809 1231 3811 1246 4

2137 1289 2231 1341 καὶ
2266 1289 2345 1349 είς
2369 1287 2462 1340 τὸν
2517 1283 2716 1354 ἐφεξῆς
2743 1280 2931 1352 χρόνον
2970 1277 3293 1345 ἀσφάλειαν·
3325 1275 3470 1326 ὥστε
3519 1271 3709 1341 μηκέτι

2139 1381 2284 1450 ὑμᾶς
2314 1379 2427 1450 (54)
2463 1379 2519 1429 ἐν
2554 1378 2620 1446 τῇ
2651 1371 2977 1444 ἀσυμφωνία
3031 1371 3200 1439 ταύτῃ
3249 1364 3708 1434 διεσπασμένους.

2138 1473 2298 1528 ἄλλου
2325 1472 2443 1526 κατ’
2472 1469 2637 1539 ἀλλην
2668 1467 2843 1536 ὁρμὴν
2872 1462 3062 1516 ἐαυτὸν
3091 1461 3188 1530 τῆς
3219 1457 3551 1524 Ἐκκλησίας
3607 1454 3709 1506 ἀπο

2140 1566 2386 1634 άγοντος,
2413 1561 2625 1630 γέλωτα
2655 1555 2976 1628 προκεῖσθαι
3014 1551 3093 1622 τῷ
3118 1550 3368 1634 διαϐόλῳ,
3396 1543 3443 1616 ᾧ
3472 1546 3712 1617 βούλημα

471 1674 554 1718 est
585 1662 783 1718 divina:
815 1660 1078 1714 voluntati
1110 1659 1476 1719 contrarium,
1521 1655 1793 1709 neminem
1822 1651 2030 1706 salvum

2168 1629 2233 1710 ιᾷι
2273 1655 2428 1726 ἔργον
2483 1652 2628 1705 ἐστὶν
2661 1649 2721 1714 ἐξ
2748 1647 2987 1700 ἐναντίου
3037 1642 3117 1712 τῷ
3166 1629 3293 1713 θείῴ
3327 1641 3616 1711 θελήματι,
3659 1636 3712 1688 τὸ

476 1755 590 1808 lieri
627 1761 679 1809 et
709 1753 778 1806 ad
798 1751 1046 1807 veritatis
1075 1749 1441 1821 ceguitionem
1470 1745 1776 1818 pervenire.
1820 1742 2039 1808 Quanto

2168 1719 2625 1820 tq8év-a-ato0ﬁvat,
2655 1742 2788 1814 μηδέ
2817 1743 2897 1803 είς
2917 1739 3208 1807 ἐπίγνωσιν
3227 1733 3491 1805 ἀληθείας
3521 1730 3711 1782 ἐλθεῖν.

472 1847 618 1900 enim
660 1845 888 1914 putatis,
917 1841 1134 1904 fratres,
1167 1840 1354 1895 dolore
1388 1853 1491 1894 nos
1536 1838 1685 1907 angi,
1718 1836 1844 1890 dum
1874 1850 1939 1888 ex
1973 1834 2041 1888 iis

473 1938 566 2005 qui
601 1936 669 1990 de
698 1935 1089 2002 rcbus;vestris
1110 1931 1365 1986 nuntium
1404 1928 1657 1991 all‘erunt,
1688 1924 2042 1994 intelligimus

480 2030 684 2083 nullam
740 2041 922 2081 rerum
973 2025 1118 2096 apud
1154 2039 1251 2080 vos
1303 2023 1662 2077 mutationem
1712 2018 1781 2072 de
1832 2018 2044 2086 integro

479 2123 675 2175 tactam
710 2133 852 2185 esse,
896 2117 990 2173 sed
1023 2132 1119 2172 eos
1151 2115 1244 2186 qui
1297 2115 1464 2170 semel
1497 2129 1528 2167 a
1565 2121 1754 2166 mutua
1779 2109 2047 2164 charitate

477 2213 846 2278 declinarunt,
875 2211 1064 2266 eodem
1093 2222 1307 2276 semper
1335 2207 1538 2276 impetu
1572 2203 1741 2258 ferri?
1762 2200 1825 2254 Et
1855 2215 2048 2270 quem-

478 2304 774 2358 admodum
816 2302 861 2358 si
893 2316 1048 2372 aqua:
1075 2300 1226 2354 rivus
1279 2296 1589 2367 frequenter
1622 2293 1921 2363 marginem
1955 2306 2050 2344 su-

483 2407 656 2468 peret,
687 2409 738 2452 et
769 2396 1148 2450 sinistrorsum
1174 2390 1451 2459 delapsus,
1489 2385 1712 2450 deﬂuat,
1759 2399 1900 2454 aegre
1934 2383 2051 2437 lieri

483 2498 658 2560 potest
697 2495 754 2541 ut
800 2487 865 2540 ad
907 2485 1203 2555 pristinum
1238 2493 1463 2535 cursum
1511 2484 1820 2538 revocetur,
1868 2472 2053 2542 subja-

482 2587 662 2644 ceute,
708 2577 958 2633 videlicet
1013 2575 1133 2631 solo
1195 2588 1352 2643 aqua:
1411 2571 1614 2640 impetu
1661 2575 1944 2632 cxcavato,
1999 2566 2053 2620 ni

485 2675 663 2737 locus,
701 2670 844 2724 unde
870 2682 1010 2738 aqua
1042 2665 1249 2730 deﬂuit,
1297 2664 1658 2728 obstruatur;
1695 2661 1766 2714 ita
1794 2669 2055 2715 eteorum

484 2765 578 2836 qui
633 2780 661 2815 a
707 2761 935 2815 fratrum
984 2756 1372 2813 communione
1417 2753 1833 2817 discesserunt,
1889 2750 2058 2806 animi

486 2857 724 2922 all'ectio,
755 2852 922 2910 semel
954 2866 983 2904 a
1011 2858 1163 2906 recta
1197 2859 1250 2904 et
1281 2851 1500 2903 sincera
1523 2845 1650 2910 ﬁde,
1697 2861 1806 2915 prae
1831 2856 2059 2900 conten-

488 2952 656 3006 tionis
683 2959 839 3012 azstu,
875 2945 1042 3000 veluti
1083 2943 1317 2999 distorto
1351 2957 1554 3004 cursu,-
1588 2941 1902 3002 deﬂectens,
1937 2949 2060 3006 pro-

2142 1842 2267 1906 Πῶς
2294 1844 2402 1912 γάρ
2447 1837 2620 1892 οἴεσθε
2656 1836 2824 1906 ἡμᾶς.
2858 1832 3097 1901 ἀδελφοὶ,
3123 1827 3393 1883 θλίϐεσθαι
3445 1825 3584 1895 πρὸς
3623 1825 3712 1892 τὴν

2143 1935 2310 2007 ἀκοὴν
2341 1933 2450 1987 τῶν
2479 1928 2895 1999 διαγγειλάντων
2921 1925 3054 1994 ἡμῖν
3090 1922 3160 1976 τὰ
3182 1921 3442 1992 ὑμέτερα,
3466 1919 3552 1971 ὅτι
3571 1916 3717 1968 οὐδε-

2148 2027 2246 2099 μία
2269 2004 2466 2094 ’γέγονε
2509 2021 2618 2075 τῶν
2673 2014 2992 2087 ἐφεστώτων
3036 2014 3369 2081 ἐπιστροφή·
3397 2006 3577 2076 sxw;
3615 2004 3715 2056 τῶν

2146 2098 2292 2186 ἅπαξ
2311 2115 2714 2171 ἀποκλινάντων
2747 2111 3063 2183 προαίρεσις
3103 2107 3194 2159 ἐπὶ
3220 2103 3317 2172 τῆς
3343 2100 3522 2168 αὐτῆς
3548 2098 3718 2168 ὁρμῆς

2147 2213 2236 2267 ἀεὶ
2291 2210 2534 2282 φέρεται,
2579 2207 2676 2261 καὶ
2724 2203 2913 2274 ὥσπερ
2952 2203 3016 2255 ἐκ
3051 2196 3146 2252 τοῦ
3193 2192 3380 2266 ὀχετοῦ
3415 2192 3533 2262 (55)
3578 2189 3718 2258 ὕδωρ

2149 2302 2407 2366 πολλάκις
2433 2302 2512 2363 είς
2540 2299 2637 2370 τὴν
2664 2291 3075 2367 παρακειμένην
3105 2287 3268 2359 ὀχθην
3304 2287 3717 2356 ὑπερεκχεῖται,

2151 2397 2245 2450 καὶ
2273 2393 2414 2447 κατὰ
2442 2392 2504 2446 τὸ
2529 2389 2754 2458 πλάγιον
2787 2385 3016 2450 διαδυὲν,
3043 2380 3322 2453 ἀπορρέει,
3369 2377 3447 2448 μὴ
3481 2377 3723 2443 ducoea-
3810 2395 3811 2398 η

2151 2489 2332 2552 λέντος
2359 2487 2416 2540 δέ
2447 2485 2541 2539 τοῦ
2568 2481 2817 2538 ὐπαιτίου
2856 2481 3040 2541 τόπου,
3067 2471 3471 2542 δυσανάκλητον
3494 2468 3720 2536 γίνεται,
3810 2481 3811 2492 π

2155 2580 2521 2641 κοιλανθέντος
2556 2576 2650 2630 τοῦ
2686 2569 3064 2640 ὑποκειμένου,
3085 2566 3220 2636 πρὸς
3250 2565 3351 2636 τὴν
3377 2562 3477 2616 τοῦ
3513 2561 3723 2632 ῥείθρου

2158 2675 2360 2745 φοράν·
2397 2669 2568 2731 οὕτως
2601 2668 2635 2736 ἡ
2679 2665 2788 2718 τῶν
2831 2656 3382 2728 ἀποπάντωνκόρμὴ.
3443 2655 3597 2719 ἅπαξ
3639 2656 3723 2724 τῆς

2157 2763 2370 2825 εὐθείας
2389 2777 2447 2814 τε
2488 2761 2585 2812 καὶ
2609 2756 2775 2828 ὀρθῆς
2807 2754 3039 2816 πίστεως
3064 2753 3127 2806 ἐκ
3149 2750 3482 2820 φιλονεικίας
3518 2752 3724 2819 παραρ-

2161 2857 2368 2926 ρυείσα,
2400 2848 2717 2906 ἐνεϐάθυνεν
2764 2847 2863 2919 ήδη
2899 2848 2963 2916 τῇ
3002 2843 3276 2914 συνηθείᾳ,
3303 2843 3399 2894 καὶ
3437 2842 3543 2893 οὐκ
3583 2842 3724 2908 5-312-

2165 2947 2271 3020 ρῶς
2309 2947 2401 2998 ἐπὶ
2428 2944 2526 3015 τὴν
2569 2941 2800 3012 ἀρχαίαν
2825 2938 3180 3007 ἐπανέρχεται
3222 2934 3401 3004 χάριν.
3438 2931 3533 2983 Διὸ
3569 2930 3723 2998 σοφῦ

489 3045 711 3098 nitidam
739 3038 1062 3113 jamdudum
1085 3034 1480 3091 consuetudine
1511 3032 1717 3087 fossam
1745 3033 1854 3100 egit
1896 3042 2056 3097 tl:ng-

2168 3057 2306 3102 τινος
2331 3038 2426 3092 καὶ
2473 3035 2707 3107 μεγάλου
2750 3030 2938 3102 χρῄζει
2967 3029 3035 3082 τὰ
3084 3026 3204 3080 καθ’
3235 3025 3377 3095 ὐμᾶς
3412 3022 3724 3083 ἐπιστάτου,

489 3153 596 3208 que
652 3135 719 3190 ad
786 3133 1074 3204 pristinam
1128 3128 1450 3184 charitatem
1518 3124 2062 3191 benevolentiamque

491 3229 803 3284 revertitur.
878 3225 1226 3292 Quapropter
1296 3227 1508 3272 rectore
1575 3216 1762 3285 aliquo
1821 3214 2064 3284 sapiente

492 3331 657 3391 atque
710 3317 911 3373 eximio
954 3330 1043 3369 res
1093 3321 1292 3366 vestrae.
1318 3324 1457 3380 Opus
1490 3308 1708 3372 habent,
1757 3305 1849 3375 qui
1900 3304 2065 3374 probe

495 3417 632 3466 sciat
661 3411 714 3464 in
745 3410 956 3463 alveum
988 3402 1392 3476 quodammodo
1423 3401 1742 3454 aberrantes
1769 3397 2062 3462 reducere,

500 3513 557 3559 ut
584 3503 926 3559 inordinatus
952 3499 1118 3569 hujus
1146 3496 1337 3552 ﬂuenti
1365 3495 1632 3550 decursus
1661 3491 1727 3546 ad
1750 3490 2066 3561 primmum

499 3597 748 3652 ordinem
779 3595 971 3649 iterum
1002 3589 1177 3661 possit
1216 3586 1481 3652 revocari,
1521 3592 1574 3639 et
1608 3597 1804 3638 rursus
1852 3580 2066 3652 pietatis

501 3698 715 3760 segetes
738 3686 894 3741 vobis
919 3681 1371 3752 multiplicentur,
1398 3675 1729 3748 perennibus
1760 3671 2068 3728 concordia:

502 3782 660 3851 aquis
693 3779 951 3849 irrigatze.
980 3776 1037 3830 In
1073 3775 1177 3828 hoc
1226 3773 1413 3841 itaque
1450 3769 1665 3841 negotio
1691 3767 1921 3822 multum
1953 3775 2069 3820 stu-

501 3876 579 3930 dii
613 3881 775 3943 atque
798 3868 1099 3924 alacritatis
1139 3864 1518 3935 unusquisque
1545 3867 1788 3916 vestrum
1815 3858 2072 3913 adhibere

503 3968 688 4031 debet,
751 3972 814 4018 ut
867 3963 994 4018 talis
1047 3959 1337 4032 episcopus
1380 3954 1556 4012 sancti
1607 3951 1851 4024 Spiritus
1897 3950 2072 4022 gratia

504 4061 849 4132 designetur,
875 4055 970 4128 qui
1000 4053 1265 4118 studiose,
1289 4065 1409 4121 quae
1433 4047 1524 4103 Dei
1547 4054 1696 4112 sunt,
1729 4043 2074 4109 solummodo

506 4149 876 4225 (intueatur),
937 4154 992 4202 et
1043 4158 1322 4214 nunquam
1365 4143 1432 4196 ad
1473 4155 1537 4196 ea
1577 4140 1646 4196 de
1682 4139 1883 4210 quibus
1937 4136 2075 4192 adeo

509 4249 563 4301 in
601 4247 703 4300 hac
732 4243 842 4296 vita
875 4239 1098 4296 solliciti
1129 4251 1344 4298 sumus,
1381 4233 1576 4287 oculos
1610 4231 1851 4300 adjiciat.

579 4336 876 4404 Propterea
907 4333 1053 4387 enim
1089 4326 1371 4399 (antiqua)
1406 4327 1515 4388 lex,
1562 4323 1824 4385 arbitror,
1853 4320 2076 4376 Levitas

2162 3133 2341 3195 καλῶς
2368 3131 2436 3185 τὰ
2467 3126 2689 3181 τοιαῦτα
2727 3120 2995 3194 ὀχετεύειν
3023 3117 3130 3189 (56)
3165 3116 3553 3185 ἐπισταμένου,
3599 3113 3725 3165 ὥστε

2161 3223 2450 3294 δυνηθῆναι
2498 3218 2658 3272 πάλιν
2697 3214 2794 3286 τὴν
2839 3211 3069 3266 ἄτακτον
3107 3205 3199 3260 τοῦ
3231 3205 3503 3278 ρεύματος
3544 3204 3728 3257 τούτου
3777 3259 3780 3266 ι

2163 3333 2231 3368 πε
2241 3311 2498 3386 ριτροπὴν
2519 3312 2598 3373 είς
2619 3307 2680 3361 τὸ
2704 3306 2928 3378 ἀρχαῖον
2957 3299 3148 3363 κάλλος
3172 3295 3641 3359 ἀνακαλέσασθαι,
3665 3295 3728 3355 ὡς

2167 3408 2231 3462 ἂν
2254 3405 2412 3458 πάλιν
2446 3403 2573 3472 ὑμῖν
2627 3398 2695 3452 τὰ
2741 3397 2837 3467 τῆς
2873 3393 3150 3456 εὐσεϐείας
3179 3389 3461 3461 ἀδρύνοιτο
3491 3388 3646 3459 ληῖα,
3673 3389 3727 3455 τῇ

2165 3499 2262 3569 τῆς
2287 3497 2506 3567 εἰρήνης
2541 3492 2768 3564 ἐπιρροῇ
2812 3485 3207 3556 καταρδόμενα.
3239 3482 3338 3536 Διά
3364 3480 3545 3534 ταῦτα
3573 3479 3731 3547 πολλὴ

2167 3590 2517 3661 χρεωστεῖται
2536 3583 2614 3654 τῷ
2637 3582 2918 3653 πράγματι
2935 3577 3084 3647 παρὰ
3109 3577 3324 3630 πάντων
3354 3572 3512 3643 ὑμῶν
3533 3570 3731 3637 σπουδή

2168 3700 2228 3736 τε
2268 3682 2362 3734 καὶ
2409 3676 2696 3747 ἐπιθυμία,
2728 3673 2862 3742 πρὸς
2895 3671 2955 3724 τὸ
2996 3666 3378 3736 ἀναδειχθῆναι
3421 3665 3733 3734 προστάτην

2170 3775 2274 3829 ὐπὸ
2315 3771 2407 3826 τοῦ
2455 3770 2610 3838 ἁγίου
2665 3766 2978 3835 Πνεύματος
3045 3759 3281 3814 τοιοῦτον
3307 3797 3322 3822 ,
3379 3755 3441 3819 ὃς
3502 3756 3614 3824 ὅλῳ
3666 3753 3735 3823 τῷ

2170 3862 2430 3936 ὀφθαλμῷ
2463 3861 2532 3914 τὰ
2557 3858 2649 3913 τοῦ
2683 3856 2815 3909 Θεοῦ
2856 3853 3047 3926 [βλέψῃ
3080 3851 3224 3922 (57))
3271 3849 3426 3919 μόνα,
3461 3847 3601 3916 πρὸς
3656 3847 3736 3897 οὐκ

2171 3958 2257 4012 δὲν
2299 3956 2404 4009 τῶν
2451 3955 2509 4007 ἐν
2546 3953 2610 4022 τῇ
2653 3948 2765 4019 ζωῇ
2811 3943 3249 4005 σπουδαζομένων
3293 3939 3650 4010 μετεωρίζων
3681 3937 3736 3989 το

2173 4050 2346 4121 ὄμμα.

2246 4316 2344 4370 Διὰ
2363 4313 2552 4368 τούτου
2573 4311 2680 4381 γὰρ
2710 4304 2858 4378 οἶμαι
2886 4305 2975 4359 τὸν
3009 4302 3277 4376 [παλαιὸν]
3324 4297 3490 4367 νόμον
3507 4295 3742 4361 ἀπόκλη-

512 4437 744 4481 terrenae
793 4422 1130 4478 haereditatis
1177 4426 1423 4475 exsortes
1457 4431 1580 4472 esse
1623 4413 1811 4484 jussit,
1863 4422 1922 4466 ut
1955 4411 2056 4481 eju:

2183 4426 2273 4480 ρον
2293 4409 2390 4478 τῆς
2413 4405 2607 4474 γηῖνης
2633 4401 2993 4472 κληρονομίας
3012 4397 3101 4448 τὸν
3126 4395 3354 4461 Λευῒτην
3375 4392 3572 4454 ποιεῖν,
3591 4389 3665 4451 ὡς
3685 4389 3743 4439 ἂν

513 4517 881 4590 possessionis
911 4516 1034 4569 loco
1071 4513 1245 4568 solum
1279 4511 1448 4565 Deum
1483 4508 1767 4579 (privatim
1795 4521 1859 4560 ac
1887 4505 2080 4575 praeci-

515 4612 649 4681 pue)
705 4611 993 4672 haberent,
1050 4620 1288 4675 eumque
1333 4605 1401 4659 de
1449 4601 1683 4657 terrenis
1735 4601 1901 4653 rebus
1943 4597 2080 4651 nihil

511 4703 804 4775 (solliciti)
862 4699 1004 4770 apud
1039 4714 1098 4754 se
1151 4708 1410 4769 perpetuo
1441 4695 1800 4750 custodirent.
1836 4692 1990 4758 Quod
2033 4691 2080 4748 si

514 4794 766 4850 nonnulli
797 4792 938 4862 apud
975 4805 1093 4856 vos,
1123 4797 1217 4842 aut
1245 4789 1406 4842 etiam
1431 4785 1807 4854 unusquisque
1841 4791 2079 4838 vestrum

514 4899 767 4945 neutram
815 4887 868 4940 in
918 4895 1124 4955 partem
1167 4881 1492 4954 pr0pendat,
1525 4894 1637 4935 non
1680 4879 1890 4935 idcirco
1922 4877 2082 4932 debet

585 5115 705 5188 (5‘2)
741 5113 874 5188 Male
900 5113 956 5188 in
985 5109 1249 5188 V‘aticano
1275 5107 1486 5188 codice,
1520 5106 1813 5188 ἡμετέρας,

592 5174 704 5255 (55)
735 5185 841 5242 Καὶ
861 5183 975 5250 τὴν
1012 5184 1177 5255 ὑμετ.
1205 5208 1273 5220 -
1294 5180 1391 5233 διὰ
1416 5174 1655 5255 τᾴχρῲς.
1692 5174 1833 5255 Med.
1863 5175 1957 5255 κα).
1983 5174 2075 5245 τὴς

846 5245 981 5326 πρὸς
1028 5245 1158 5305 Θεὸν
1189 5245 1704 5320 συμπαραλαϐόντες
1742 5247 1828 5300 διὰ
1887 5245 2084 5316 τάχους

522 5331 945 5480 "nunc.
968 5391 1428 5480 'Mcd.'legit‘ctun
1463 5387 1586 5442 Vat.
1618 5389 1783 5480 ἡμᾶς.
1841 5385 2083 5480 ξΖῑΙηιοι,

525 5455 644 5522 κατ’
664 5455 823 5520 ἄλλου
845 5455 1261 5536 ὀρ”μήν.-μεεξ‹ι
1280 5460 1443 5536 ὑμᾶς,
1471 5473 1637 5536 sensu
1655 5455 1728 5512 ita
1745 5455 2080 5526 postulante,

527 5541 652 5594 licet
685 5539 738 5590 in
774 5531 1035 5590 Vaticano
1067 5534 1252 5588 codice
1275 5533 1346 5586 sit
1381 5531 1546 5599 ἡμᾶς.

625 5609 712 5672 55)
746 5603 1322 5675 Ροτῑοεεειοεριιόιιιη,
1358 5595 1767 5675 εί”τοῦ-ὀχετοῦ.

626 5671 717 5746 56)
752 5671 1098 5746 Ὀχετεύεινῖ
1130 5673 1265 5746 Med.
1302 5671 1601 5746 ὀχετηγεῖη

597 5731 715 5821 (57)
740 5731 966 5816 Βίέψῃ.
995 5747 1068 5801 Id.
1119 5744 1309 5813 ὄψεται
1334 5731 1365 5775 δ’
1388 5731 2084 5810 ρι’ρειυιοῗροεῑ-λευιτικόν

2185 4499 2374 4571 μερίδα
2427 4497 2672 4566 κτήσεως
2722 4491 2840 4546 καθ’
2875 4489 3086 4562 [ἑαυτὸν
3118 4483 3264 4556 (58)]
3296 4485 3384 4537 τὸν
3423 4481 3558 4535 Θεὸν
3600 4482 3744 4550 μόνον

2183 4594 2316 4665 ἔχοι,
2361 4591 2454 4646 καὶ
2506 4589 2662 4644 τοῦτο
2719 4587 2968 4656 περιέποι
3014 4583 3100 4636 διὰ
3144 4581 3341 4642 παντὸς
3390 4578 3447 4628 ἐν
3480 4575 3664 4643 ἐαυτῷ
3692 4575 3746 4624 τό

2183 4690 2388 4760 κτῆμα,
2418 4686 2555 4756 πρὸς
2607 4682 2758 4737 οὐδὲν
2813 4679 3009 4740 ὑλῶδες
3037 4674 3380 4749 [ἀποϐλέπων
3411 4668 3528 4739 (59)
3551 4664 3575 4739 ]
3595 4685 3611 4699 ο
3635 4666 3745 4720 εἰδὲ

2184 4784 2326 4848 τινές
2357 4783 2511 4848 εἰσιν,
2541 4780 2575 4851 ἢ
2600 4777 2694 4833 καὶ
2713 4775 2877 4846 ἐσμὲν
2899 4773 3196 4840 ἀδιάφοροι,
3229 4764 3417 4836 μηδεὶς
3447 4762 3590 4833 πρὸς
3607 4760 3748 4814 τοῦτο

2191 4877 2399 4949 βλέπων
2428 4874 2520 4928 ἐπὶ
2556 4870 2732 4928 τῶν...
2781 4865 2998 4922 πτέσθω
3029 4862 3160 4934 (40).
3197 4859 3270 4912 Οὐ
3302 4857 3411 4926 γὰρ
3449 4854 3618 4923 νόμος
3649 4852 3748 4903 ἐστὶ

2187 5117 2285 5159 oro
2312 5099 2560 5154 παλαιόν.

2259 5146 2810 5242 (ὅέῖὶάὸτέαρτόν.
2843 5156 3124 5221 limem;
3171 5155 3500 5225 γέγραπται.
3537 5146 3610 5202 Et
3645 5162 3752 5201 mox

2195 5235 2394 5308 τὸ’κτ’ῆ
2403 5256 2476 5309 μα
2503 5235 2703 5309 ἐαυτῷ.

2289 5256 2476 5309 κτημα
2503 5255 2632 5291 εαυτ
2690 5277 2703 5290 .

2261 5313 2370 5382 (59)
2413 5255 2814 5363 Ἀποϐλῖπων.
2859 5300 2998 5355 Med.
3031 5295 3291 5416 signium?
3341 5289 3749 5360 καθελκόμενος.

2261 5381 2369 5416 nm
2508 5377 2757 5416 πνέῃ-θη
2793 5371 2846 5416 Id
2907 5371 3050 5416 ἰδίων
3118 5383 3256 5416 mm
3294 5362 3423 5415 σθω.
3470 5360 3593 5413 Mox
3621 5374 3749 5415 vero,

2502 5360 2869 5452 :tré_0'_6w._!d.
2907 5371 3050 5452 ἰδίων
3072 5360 3442 5452 ’βλαπξέσθωὶ
3470 5360 3593 5413 Mox
3618 5374 3750 5452 fere;

2187 5429 2367 5514 nisi}
2407 5429 2732 5518 Mosam;
2770 5443 2836 5518 [ξι
2865 5441 3026 5518 paulo
3058 5429 3215 5518 pesta
3239 5436 3385 5518 ὅπως
3411 5429 3478 5482 ἂν
3506 5430 3666 5518 -πξός
3697 5430 3751 5477 τό

2189 5498 2736 5595 Ξρᾆέῖτοῖἦςψριτοςὴ
2753 5498 3176 5595 τῆς’ἐκκλησίας
3201 5503 3438 5595 ἐπίδοσις
3465 5498 3745 5595 cassias,

2191 5569 2532 5646 ἒξίέόιὲίάεέἑ
2557 5588 2644 5640 hic
2669 5569 2957 5651 legendum
2989 5569 3465 5651 suppl‘end‘umque
3511 5577 3599 5650 est
3636 5569 3746 5643 πρζς

2189 5640 2360 5715 τοῦτέ
2381 5640 2589 5729 ρλέπων
2611 5640 2838 5729 nevi-pi]
2876 5640 3420 5729 δεόντων’,άπτέσθω¹·
3483 5640 3589 5693 nisi
3619 5641 3746 5729 2quis

2193 5709 2670 5797 μὴ
2705 5709 2893 5778 δέοντα
2913 5716 3265 5782 καμπτὲσθω,
3323 5711 3409 5767 vel
3458 5709 3743 5763 κυπτέεθω.
