3834 6420
127 261 152 312 1
163 259 238 315 06
246 263 267 315 -Ι

1259 267 1643 325 EPISTOLE.
1686 298 1754 309 —
1792 267 2009 322 EPIST.
2055 266 2218 323 XVII.

3260 275 3398 333 1062

119 387 240 446 τοῖς
265 384 458 449 ἁπλοῖς
490 387 623 458 πρὸς
653 387 714 440 τὸ
748 387 822 459 μὴ
853 388 920 441 τόι
965 388 1149 444 δέοντα
1181 395 1467 461 πράσσειν,
1497 393 1558 445 τὸ
1585 393 1711 463 παρ’

1821 391 2018 460 aliquis
2047 391 2114 444 ad
2155 391 2365 461 agenda
2394 405 2457 446 ea
2487 406 2609 462 quae
2656 407 2767 447 non
2799 392 2978 459 decet,
3020 395 3263 452 animum
3296 399 3396 453 ad-

123 477 345 546 ἑτέροις
390 476 614 550 [καλῶς]
640 483 947 552 γινόμενον·
980 482 1092 536 ἀλλ’
1121 484 1264 553 ὑμᾶς
1290 485 1394 555 χρὴ
1426 485 1492 538 τά
1510 485 1720 538 ἑαυτῶν

124 569 375 635 βλέπειν,
402 572 551 635 ὅπως
576 571 641 625 ἂν
666 573 725 626 τὸ
744 576 988 646 κρεῖττον
1013 575 1221 643 γένοιτο
1245 577 1278 646 ἡ
1314 575 1538 648 [σπουδὴ
1556 575 1635 644 (41
1651 574 1716 646 )1,

122 663 240 714 τῶν
281 663 784 736 διεσκορπισμένων
828 667 990 720 πάλιν
1023 669 1104 730 εἰς
1137 667 1233 738 τὴν
1264 667 1357 720 τοῦ
1392 669 1505 732 ἐνὸς
1535 667 1720 738 σώμα-

122 769 220 815 τος
244 755 511 824 ἁρμονίαν
537 757 962 822 ἐπανελθόντων,
990 759 1082 811 καὶ
1113 758 1212 828 τῆς
1238 761 1613 829 πνευματικῆς
1639 759 1717 811 εί·

126 845 308 913 ρήνης
344 845 472 917 [ὑπὸ
502 847 611 900 τῶν
638 847 794 920 (.ιε))]
823 848 1062 912 εὐσεϐῶς
1108 849 1198 903 τὸν
1235 850 1365 903 Θεὸν
1390 851 1717 915 δοξαζόντων

121 935 552 1008 εὲθηνουμένης,
591 939 735 1011 Πρὸς
789 939 946 992 τοῦτο
992 940 1174 1004 καλῶς
1211 940 1323 1011 ἔχει
1373 941 1506 1012 (45),
1541 938 1713 1012 οἶμαι,

123 1030 358 1080 σκοπεῖν
402 1027 471 1080 τὰ
510 1029 648 1104 καλᾲ
676 1032 739 1100 τῇ
770 1029 1012 1102 ἐκίλογῇ,
1043 1030 1141 1103 ώς]
1171 1031 1236 1085 ἂν
1266 1034 1294 1086 ὁ
1333 1033 1717 1104 ἀναδεικνύμε-

120 1134 217 1180 νος
252 1119 335 1182 είς
367 1102 698 1190 προστασίαν
752 1123 1070 1193 ἐπιτηδείως
1113 1102 1224 1194 ἔχοι
1251 1142 1265 1154 ·
1296 1125 1454 1193 γένος
1499 1126 1576 1191 δὲ,
1621 1102 1716 1180 καὶ

121 1207 385 1272 πλοῦτον,
434 1211 527 1263 καὶ
572 1211 868 1284 κοσμικ[ὴν
911 1214 1266 1284 περιφάνειαν
1295 1215 1452 1288 (44)]
1493 1219 1551 1270 ὲν
1602 1221 1714 1281 τοῖς

120 1301 146 1348 ὲ
163 1304 507 1365 πισκοπικοῖς
541 1302 955 1373 κατορθώμασιν
977 1307 1005 1356 6
1031 1305 1382 1369 ἀποστολικὸς
1405 1309 1506 1359 οὐκ
1526 1310 1714 1377 ἐνομο-

119 1392 330 1464 Θέτησε
356 1395 544 1463 λόγος’
576 1397 691 1448 ἀλλ’
725 1398 772 1448 εί
807 1395 938 1468 [πᾶν
963 1396 1142 1469 τοῦτο]
1185 1399 1488 1469 αὐτόματον
1533 1401 1714 1454 ἕποιτο

117 1487 242 1548 τοῖς
272 1487 728 1558 προηγουμένοις,
777 1488 852 1551 ὼς
888 1489 1044 1542 σκιὰν
1095 1489 1235 1542 κατὰ
1256 1489 1316 1542 τὸ
1349 1491 1561 1562 συμϐάν
1587 1493 1713 1545 dmo-

119 1575 445 1642 ποθοῦσαν,
478 1581 577 1632 οὐκ
609 1579 1002 1649 ἀποϐάλλομεν,
1037 1580 1172 1651 [ἀλλ’
1201 1583 1353 1635 οὐδὲν
1387 1583 1523 1655 (45)]
1552 1580 1712 1657 ἦττον

119 1669 489 1739 ἀγαπήσομεν
521 1671 589 1722 τά
614 1671 1003 1742 προτιμότερα,
1036 1672 1138 1724 κᾶν
1171 1673 1338 1742 χωρὶς
1363 1673 1518 1746 τύχῃ.
1547 1677 1711 1729 Αἰπό-

122 1759 219 1821 λος
241 1755 311 1829 ἦν
329 1762 356 1813 6
380 1761 661 1830 προφήτης
695 1759 932 1832 [Ἀμὼς]
953 1801 969 1822 ,
999 1761 1180 1825 ἁλιεὺς
1199 1764 1227 1814 ό
1255 1762 1476 1834 Πέτρος,
1503 1766 1713 1835 καὶτῆς

121 1851 301 1919 αὐτῆς
352 1851 540 1921 τέχνης
581 1851 610 1902 ὃ
649 1868 706 1902 τε
751 1850 939 1904 τούτου
985 1853 1210 1921 ἁδελφὸς
1252 1854 1524 1925 Ἀνδρέας,
1561 1859 1654 1910 καὶ
1687 1860 1714 1911 6

123 1942 336 2012 ὑψηλὸς
375 1941 639 2011 Ἰωάννης,
668 1941 1044 2011 σκηνορράφος
1077 1945 1104 1994 ό
1125 1942 1355 2006 Παῦλος,
1387 1946 1481 1998 καὶ
1513 1947 1540 1996 ὁ
1565 1947 1714 1999 Mat-

123 2035 282 2096 οαῖος
314 2033 570 2104 τελώνης,
606 2033 696 2086 καὶ
723 2035 771 2086 οἱ
807 2033 955 2086 ἄλλοι
1001 2034 1142 2087 κατὰ
1190 2035 1282 2088 τὸν
1321 2036 1482 2089 αὐτὸν
1516 2039 1714 2108 τρόπον

120 2127 332 2197 ὁμοίιος
361 2127 618 2190 ἅπαντες,
645 2123 762 2196 [οὐχ
779 2125 998 2197 ὓ]πατοί
1017 2143 1181 2190 τινες,
1214 2129 1302 2179 καὶ
1328 2129 1710 2199 στρατηλάται,

125 2219 225 2271 καὶ⁸
285 2217 542 2287 ὕπαρχοι,
591 2217 624 2290 ἢ
683 2217 827 2270 κατὰ
891 2218 1199 2288 ῥητορικὴν,
1261 2219 1354 2271 καὶ
1400 2219 1714 2288 φιλοσοφίαν

126 2309 524 2381 περίϐλεπτοι·
589 2309 724 2362 ἀλλὰ
773 2309 1019 2378 πένητες,
1059 2311 1152 2361 καὶ
1213 2309 1436 2374 ἰδιῶται,
1475 2311 1568 2364 καὶ
1606 2311 1714 2364 ἀπὸ

124 2401 237 2453 τῶν
298 2399 700 2470 ταπεινοτέρων
747 2399 1188 2469 ἐπιτηδευμάτων
1231 2400 1573 2472 ὁρμώμενοι·
1620 2404 1714 2455 καὶ

122 2491 276 2559 ὅμως
311 2491 416 2554 Εἰς
449 2488 655 2545 πᾶσαν
686 2489 800 2557 τὴν
825 2489 942 2560 γῆν
979 2489 1236 2559 ἐξῆλθεν
1267 2495 1300 2546 ό
1329 2495 1584 2562 φθόγγος
1616 2496 1714 2548 αὑ-

125 2580 266 2643 τῶν,
301 2581 396 2633 καὶ
438 2582 525 2646 εἰς
558 2583 629 2634 τὰ
657 2579 883 2648 πέρατα
898 2579 1003 2648 τῆς
1025 2580 1379 2650 οἰκουμένης
1401 2585 1470 2637 τὰ
1475 2584 1713 2654 ῥήματα

121 2671 348 2727 αὐτῶν.
383 2672 663 2736 Βλέπετε,
683 2675 834 2742 φησὶ,
859 2674 970 2740 τὴν
993 2673 1219 2740 κλῆσιν
1238 2675 1422 2744 ὑμῶν,
1441 2677 1710 2746 ἀδελφοὶ,

124 2767 220 2820 ὅτι
246 2768 320 2820 οὐ
348 2767 564 2821 πολλοὶ
604 2767 782 2836 σοφοὶ
821 2769 969 2821 κατὰ
1012 2767 1229 2835 σάρκα,
1256 2772 1327 2824 οὐ
1358 2773 1574 2826 πολλοὶ
1612 2773 1714 2828 δυ-

123 2861 323 2922 νατοὶ,
347 2861 418 2914 οὐ
450 2860 667 2914 πολλοὶ
689 2859 951 2928 εὐγενεῖς
975 2881 986 2891 ·
1018 2861 1177 2915 ἀλλὰ
1195 2863 1267 2916 τὰ
1294 2863 1459 2931 μωρὰ
1486 2865 1591 2919 τοῦ
1614 2869 1712 2919 κό-

121 2968 290 3021 σμου
314 2950 635 3016 ἐξελέξατο
661 2954 693 3004 ὀ
719 2952 879 3016 Θεός.
909 2953 1064 3016 Ἴσως
1101 2971 1151 3006 τι
1185 2955 1364 3024 μωρὸν
1401 2956 1492 3008 καὶ
1529 2955 1621 3010 νῦν
1654 2959 1712 3011 ὲ)

124 3049 242 3108 τοῖς
273 3045 617 3114 φαινομένοις
639 3043 748 3095 τῶν
777 3043 1066 3113 ὀφθαλμῶν
1094 3045 1204 3098 τῶν
1240 3045 1592 3117 ἀνθρωπίνων
1625 3067 1712 3102 νο-

129 3136 374 3207 μίζεται,
395 3137 522 3190 όταν
548 3134 771 3198 ἀσθενὲς
803 3135 907 3188 ὑπὸ
937 3136 1145 3200 πενίας,
1179 3137 1212 3207 ἦ
1240 3136 1474 3212 ἄδοξονῇ
1498 3142 1584 3195 διὰ
1614 3143 1712 3212 τὴν

126 3225 450 3296 σωματικὴν
474 3225 808 3293 δυσγένειαν.
848 3225 1006 3279 Ἀλλὰ
1042 3227 1125 3289 τίς
1166 3223 1325 3287 οἶδεν,
1356 3230 1403 3282 εί
1437 3230 1510 3300 μὴ
1540 3231 1712 3303 τούτῳ

124 3320 194 3372 τὸ
224 3318 392 3384 κέρας
421 3319 520 3388 τῆς
557 3317 788 3388 κρίσεως
816 3319 965 3388 παρὰ
990 3318 1088 3389 τῆς
1111 3319 1330 3390 χάριτος
1354 3322 1708 3386 ὲπικλίνεται,

127 3409 235 3462 κᾶν
268 3409 374 3461 τῶν
404 3410 619 3481 ὑψηλῶν
635 3427 693 3461 τε
724 3409 816 3462 καὶ
844 3411 1261 3481 ὲμφανεστὲρων
1293 3415 1612 3484 μικρότερος
1639 3411 1708 3486 ᾖς

126 3498 200 3548 Τί
223 3497 658 3566 λυσιτελέστερον
689 3491 757 3567 ἦν
794 3500 858 3568 τῇ
899 3499 1182 3568 Ῥωμαίων
1216 3500 1364 3553 πόλει
1410 3503 1469 3555 τὸ
1509 3521 1712 3575 καταρο

125 3589 278 3658 χάς;
317 3589 424 3642 τῶν
457 3588 796 3659 εὐπατριδῶν
842 3606 962 3642 τινα
1003 3591 1095 3643 καὶ
1151 3591 1468 3663 ὑπερόγκων
1517 3596 1581 3647 ὲκ
1615 3596 1713 3666 τῆς

128 3680 342 3734 ὑπάτου
402 3679 594 3750 βουλῆς
632 3680 712 3743 είς
741 3679 1076 3749 προστασίαν
1125 3681 1329 3744 λαϐεῖν,
1361 3683 1394 3754 ἢ
1433 3684 1522 3737 τὸν
1559 3684 1712 3738 ἁλιέα

127 3771 365 3842 Πέτρον,
394 3763 438 3838 ᾧ
470 3770 632 3842 μηδὲν
659 3760 727 3843 ἦν
747 3773 810 3824 ὲκ
831 3770 922 3825 τοῦ
947 3771 1150 3842 κόσμου
1177 3775 1366 3828 τούτου
1398 3775 1533 3847 πρὸς
1561 3777 1711 3830 εὐδο-

128 3863 257 3929 ξίαν
283 3863 528 3930 ἐφόλκιον
551 3862 661 3934 (46)
684 3881 698 3930 ;
729 3864 824 3927 Τίς
844 3864 1008 3929 οίκία,
1028 3866 1169 3928 τίνες
1185 3867 1411 3932 οἰκέται,
1436 3869 1562 3922 ποία
1580 3871 1712 3940 κτῆ-

129 3972 221 4018 σις
239 3954 326 4008 διά
349 3956 621 4027 προσόδων
635 3956 843 4027 τρυφὴν
864 3957 1172 4028 χορηγοῦσα
1193 3974 1207 4017 ;
1240 3959 1376 4010 Ἀλλ’
1393 3960 1420 4010 ό
1435 3958 1598 4024 ξένος,
1618 3963 1712 4014 καὶ

126 4049 382 4115 ἄστεγος,
413 4047 507 4099 καὶ
543 4047 866 4117 άτράπεζος,
889 4047 997 4100 τῶν
1019 4048 1087 4100 τὰ
1107 4048 1281 4101 πάντα
1303 4047 1533 4117 ἐχόντων
1558 4050 1712 4104 πλου-

129 4135 394 4207 σιώτερος
427 4131 516 4206 ἦν,
548 4137 630 4188 ὅτι
671 4135 760 4189 διὰ
784 4134 877 4188 τοῦ
911 4136 1074 4206 μηδὲν
1103 4136 1266 4206 ἔχειν,
1298 4137 1386 4191 τὸν
1415 4138 1545 4192 Θεὸν
1567 4137 1711 4210 εἶχεν

125 4229 275 4282 ὅλον.
334 4227 488 4282 οὕτω
535 4229 626 4281 καὶ
676 4229 724 4281 οἱ
778 4229 1248 4299 Μεσοποταμῖται,
1311 4228 1712 4301 βαρυπλούτους

128 4318 350 4387 ἔχοντες
377 4320 434 4370 ἐν
486 4318 699 4381 ἑαυτοῖς
739 4321 1093 4388 σατραπείας,
1132 4319 1344 4372 πάντων
1389 4321 1711 4391 ἐδοκίμασαν

125 4409 225 4462 τὸν
254 4408 453 4479 Θωμᾶν
484 4410 562 4472 είς
591 4407 912 4462 ἐπιστασίαν
935 4409 1142 4461 ἑαυτῶν
1167 4411 1556 4482 προτιμότερον
1575 4413 1708 4483 (47),
1745 4461 1790 4519 D

129 4502 232 4555 καὶ⁸
283 4502 440 4554 Τῖτον
501 4503 747 4572 Κρῆτες,
801 4502 893 4553 καὶ
949 4501 1372 4572 Ἱεροσολυμῖται
1433 4507 1708 4570 Ἰάκωϐον,

128 4593 230 4648 καὶ
263 4595 423 4664 ἡμεῖς
439 4593 490 4646 οἱ
513 4592 879 4646 Καππαδόκαι
905 4592 996 4645 τὸν
1035 4593 1601 4666 Ἐκατόνταρχον(48),
1627 4599 1714 4651 τὸν

204 4737 226 4767 ’
251 4735 394 4789 Psal.
424 4750 577 4799 mu,
616 4735 667 4788 5.
747 4733 768 4764 ³
797 4733 957 4788 Ιίίοισ.
988 4751 1024 4799 ι,
1057 4732 1146 4788 26.

209 4893 321 4965 (tl)
360 4891 798 4965 Vide_an_mel_ius
822 4892 913 4958 sit,
944 4893 977 4965 ῂ
1007 4892 1373 4965 πραγματεία.

210 4960 515 5031 (42)]’Υπὸ
536 4960 672 5015 τῶν.
707 4960 876 5032 Ιῴὲν
902 4960 977 5032 τῷ
1011 4960 1202 5032 πλήθει
1229 4963 1358 5015 τῶν.

211 5032 537 5101 (45)Καλῶς
571 5032 716 5100 ἕχει.
752 5031 827 5085 Id.
865 5031 1046 5096 καλῶς
1063 5031 1225 5101 ἔχειν.
1284 5034 1350 5086 Ει
1404 5046 1549 5095 mox,
1581 5047 1708 5084 σκο-

133 5109 262 5160 πεῖν
292 5104 359 5157 τὰ
392 5103 531 5155 καλὰ
556 5105 620 5173 τῇ
650 5102 914 5173 ἐκκλησίᾳ
947 5102 1285 5172 βουλόμενον,
1304 5104 1452 5164 ὅπως
1469 5101 1555 5155 ἄν.

210 5176 326 5244 (44)
372 5177 563 5241 Κοσμ.
593 5171 900 5240 έτεριφζὶιιζ
944 5171 1211 5244 κοσμικὴν
1251 5175 1606 5244 περιφάνειαν
1630 5172 1718 5241 ζη.

132 5241 268 5301 τεῖν.
293 5241 461 5298 Paulo
501 5251 622 5312 post
647 5258 745 5312 pro
777 5244 885 5295 πᾶν
915 5241 1070 5295 τοῦτο
1104 5241 1178 5296 id.
1206 5241 1333 5297 cod.
1374 5243 1474 5314 μέν
1510 5260 1563 5295 τι
1594 5244 1718 5296 τού-

132 5337 248 5371 των
280 5314 422 5368 κατὰ
443 5314 522 5366 τό.

211 5388 324 5456 (45)
375 5385 539 5456 Ἀλλ’
573 5381 773 5436 οὐδέν.
829 5380 904 5436 Id.
941 5383 988 5434 εί
1033 5381 1089 5434 δὲ
1150 5395 1224 5452 μη
1267 5383 1441 5437 οὑοεν.
1479 5381 1544 5437 Et
1570 5397 1715 5448 mox,

133 5455 310 5528 χωρὶς
335 5455 558 5528 τούτων.

208 5521 321 5597 (46)
363 5523 619 5579 Fortasse
647 5522 959 5597 legendum,
985 5521 1192 5597 ἐφόδιον
1209 5538 1222 5550 ο
1248 5521 1343 5576 sed
1370 5529 1424 5576 et
1445 5521 1553 5577 dici
1585 5537 1712 5597 pos-

137 5591 226 5651 set
252 5591 563 5667 N'yssenum
580 5591 768 5648 ludere
795 5595 847 5646 in
867 5608 1023 5667 voce,
1049 5591 1316 5667 ἐφόλκιον,
1347 5591 1712 5667 (ιιιαξιιίινίευ-

139 5672 270 5732 lam,
300 5662 397 5721 seu
426 5665 674 5735 cymbam
709 5666 929 5733 proprie
951 5662 1245 5735 signiﬁcat,
1281 5665 1445 5735 quasi
1480 5663 1708 5728 diceret,

142 5737 366 5794 Petrum
404 5733 483 5790 nil
521 5750 589 5790 ex
631 5737 865 5790 terrenis
905 5734 1066 5788 rebus
1099 5733 1442 5803 possedisse,
1474 5735 1708 5805 quibus,

1814 483 2011 554 jiccre.
2046 480 2233 552 Neque
2256 482 2402 536 enim
2429 483 2572 552 quod
2599 484 2740 553 apud
2773 486 2912 541 alios
2949 489 3160 557 (recte)
3192 491 3394 560 agitur,

1820 575 1872 629 id
1904 575 2302 644 simpliciorum
2337 576 2549 629 animos
2577 575 2641 630 ad
2671 592 2758 632 res
2784 579 2922 633 male
2948 581 3215 649 gerendas
3236 582 3396 636 debet

1819 665 2108 730 inducere,
2146 665 2241 719 sed
2271 672 2491 734 oportet
2517 681 2579 720 ea
2611 675 2822 720 tantum
2876 684 3000 738 qua:
3033 671 3098 725 ad
3137 687 3236 727 vos
3271 688 3397 742 per-

1818 758 2016 816 tinent.
2049 757 2354 821 attendere,
2409 765 2466 810 ut
2496 756 2819 828 (conatibus
2851 762 3078 831 vestris)
3112 764 3393 819 meliorem

1817 845 2025 900 exitum
2066 845 2449 910 sortientibus,
2501 846 2555 900 id
2604 849 2822 903 tandem
2849 854 3290 922 consequamini,
3333 862 3394 908 ut

1817 935 1910 1005 qui
1943 937 2012 990 ab
2046 934 2294 990 Ecclesia
2346 948 2720 1002 secesserunt,
2770 940 2967 994 iterum
3003 944 3070 997 ad
3114 944 3234 1014 ejus
3271 946 3396 999 uni-

1816 1033 1980 1078 tatem
2009 1035 2358 1080 revertantur
2385 1063 2399 1090 ,
2434 1035 2489 1082 et
2519 1029 2826 1097 spiritualis
2859 1047 2957 1100 pax
2997 1036 3128 1103 (an)
3159 1036 3263 1096 his.
3297 1036 3394 1105 qui

1818 1117 1904 1184 pie
1924 1116 2091 1169 Deum
2122 1117 2452 1186 gloriﬁcant,
2485 1119 2847 1174 instauretur.
2871 1125 3135 1179 Praeterea
3161 1126 3392 1180 multum

1814 1208 2070 1275 expedire
2113 1209 2372 1275 arbitror,
2427 1220 2485 1264 ut
2521 1212 2607 1280 (in
2637 1214 2881 1283 episcopi
2914 1216 3212 1286 electione)
3247 1218 3394 1286 quod

1811 1299 2043 1367 justum,
2119 1311 2441 1369 rectumque
2503 1312 2608 1367 est,
2668 1319 2780 1372 prae
2846 1307 3024 1361 oculis
3083 1307 3392 1373 habeatur;

1816 1398 1873 1442 ut
1919 1407 2110 1459 nempe
2157 1390 2388 1446 idoneus
2444 1391 2511 1445 ad
2556 1409 2675 1447 eam
2717 1394 3037 1464 dignitatem
3075 1413 3395 1466 promovea-

1815 1491 1944 1546 tur;
2000 1499 2176 1552 genus
2224 1494 2403 1538 autem
2437 1486 2672 1549 clarum,
2717 1487 2962 1553 divitias,
3020 1499 3076 1545 et
3104 1491 3395 1546 [numinum

1815 1575 2152 1642 (nobilitatis
2198 1576 2576 1648 splendorem)
2639 1582 2882 1651 episcopi
2940 1582 3162 1638 dotibus
3214 1598 3394 1638 annu-

1814 1665 2074 1720 meranda
2142 1683 2267 1722 esse
2351 1683 2631 1738 nunquam
2714 1671 3020 1738 apostolica
3103 1673 3393 1729 sanctione

1748 1744 1789 1801 Β
1822 1765 2087 1810 statutum
2121 1756 2267 1824 fuit;
2320 1759 2412 1813 sed
2453 1761 2498 1814 si
2541 1759 2695 1829 (haec
2735 1762 2960 1828 omnia)
2999 1762 3143 1816 ultro
3179 1773 3232 1818 et
3281 1778 3390 1818 non

1823 1848 2052 1916 quaesita
2131 1848 2188 1902 in
2250 1849 2510 1920 episcopo
2586 1852 2970 1920 reperiantur,
3030 1869 3095 1908 ea
3158 1856 3388 1925 utique,

1823 1941 1970 1995 velut
2023 1940 2277 1995 umbram
2322 1958 2454 1996 casn
2489 1951 2544 1996 et
2586 1934 2814 1997 idrtuito
2855 1945 3245 2011 comitantem,
3279 1961 3390 2002 non

1822 2031 2137 2100 rejicimus;
2163 2032 2241 2100 (at
2271 2031 2465 2101 nihilo)
2489 2032 2672 2087 minus
2693 2048 2813 2103 quae
2836 2035 3218 2102 prmstantiora
3239 2036 3391 2092 hisce

1823 2123 1988 2178 rebus
2017 2133 2167 2188 sunt,
2199 2123 2368 2176 animi
2403 2123 2616 2178 scilicet
2647 2123 2838 2188 dotes,
2874 2127 3070 2194 majori
3110 2126 3165 2180 in
3213 2129 3392 2198 pretio

1821 2215 2169 2280 habebimus,
2193 2215 2417 2270 tametsi
2438 2215 2546 2270 illis
2573 2216 2830 2270 omnibus
2853 2218 3156 2272 caruerint.
3188 2219 3392 2289 Capra-

1821 2306 1938 2361 rius
1969 2315 2087 2361 erat
2115 2304 2328 2377 (Amos)
2362 2307 2624 2375 propheta
2649 2345 2664 2369 ,
2696 2305 2939 2374 piscator
2974 2306 3168 2363 Petrus
3189 2347 3204 2371 ,
3237 2324 3388 2364 eam-

1820 2402 2053 2470 demque
2102 2410 2276 2455 artem
2309 2401 2474 2468 Ιιυμιε
2515 2398 2684 2454 frater
2724 2400 2974 2453 Andreas
3036 2405 3091 2451 et
3140 2399 3390 2453 sublimis

1818 2493 2061 2548 Joannes
2103 2492 2416 2554 exercebat,
2461 2491 2878 2546 scenofactoriae
2919 2489 3124 2544 Paulus
3167 2505 3388 2560 Operam

1820 2585 2002 2648 dabat,
2029 2585 2354 2654 publicanus
2375 2592 2492 2637 erat
2517 2582 2802 2636 Matthaaus
2827 2621 2842 2644 ,
2868 2581 3160 2650 caeterique
3200 2597 3390 2636 omnes

1819 2673 2078 2742 discipuli
2107 2672 2379 2736 similiter,
2414 2672 2569 2740 (non)
2598 2671 2875 2734 consules,
2910 2686 3016 2724 non
3046 2671 3389 2725 exercituum

1821 2766 2076 2820 ductores
2102 2773 2260 2819 erant
2283 2803 2300 2828 ,
2331 2780 2441 2818 non
2480 2762 2718 2833 praefecti
2755 2763 3041 2832 praetorio,
3078 2777 3176 2816 nec
3210 2763 3392 2818 rheto-

1819 2856 1953 2911 ricis
1991 2862 2046 2910 et
2088 2855 2484 2925 philosomiicls
2514 2854 2764 2909 scientiis
2797 2854 3105 2922 conspicui,
3132 2853 3224 2907 sed
3254 2869 3388 2923 pau-

1821 2964 1979 3018 peres
2013 2947 2198 3001 idiota:
2223 2986 2239 3010 ,
2274 2956 2327 3000 et
2358 2961 2388 2999 e
2426 2945 2716 2998 vilioribus
2758 2944 2972 2998 artibus
3015 2944 3305 3008 accersiti;
3336 2952 3390 2996 et

1821 3049 2002 3094 tamen
2034 3039 2097 3092 In
2133 3055 2335 3093 omnem
2370 3047 2564 3090 terram
2597 3038 2756 3090 exivit
2787 3054 2946 3089 sonus
2983 3053 3164 3091 eorum
3190 3075 3203 3098 ,
3238 3045 3287 3090 et
3337 3039 3390 3090 in

1819 3131 1948 3199 lines
1979 3130 2122 3185 orbis
2155 3140 2308 3183 terra:
2340 3128 2494 3184 verba
2519 3145 2701 3183 eorum
2730 3130 2771 3184 ⁷.
2819 3127 3014 3189 Videte.
3048 3132 3122 3181 ait
3156 3130 3392 3197 Aposto-

1820 3224 1926 3286 lus,
1951 3226 2274 3277 vocationem
2299 3232 2547 3286 vestram,
2582 3223 2798 3291 fratres,
2826 3225 2950 3292 quia
2983 3238 3086 3275 non
3118 3223 3270 3275 multi
3297 3238 3390 3274 sa-

1819 3314 2016 3381 pientes
2065 3312 2350 3366 secundum
2383 3328 2626 3375 carnem,
2661 3329 2763 3364 non
2796 3311 2950 3364 multi
2980 3320 3215 3378 potentes
3237 3349 3251 3372 ,
3287 3327 3390 3362 non

1821 3405 1976 3458 multi
1993 3404 2188 3457 nobiles
2205 3421 2223 3467 ;
2239 3403 2327 3455 sed
2350 3418 2464 3469 qua:
2486 3403 2651 3454 stulta
2673 3411 2794 3455 sunt
2817 3403 2998 3454 mundi
3014 3401 3166 3471 elegit
3190 3401 3327 3455 Deus
3347 3405 3386 3454 ".

1819 3492 2071 3548 Fortasse
2107 3507 2252 3546 nunc
2281 3492 2444 3546 etiam
2487 3492 2715 3547 stultum
2746 3491 2878 3561 quid
2928 3491 3182 3546 immanis
3217 3493 3392 3546 oculis

1819 3589 1909 3642 ille
1939 3585 2177 3648 videtur,
2207 3585 2298 3654 qui
2328 3592 2554 3655 pr0pter
2586 3591 2964 3653 paupertatem
2999 3582 3274 3646 inﬁrmus,
3305 3583 3390 3636 vel

1821 3687 2038 3750 propter
2061 3678 2329 3748 corporis,
2353 3692 2462 3732 non
2484 3691 2614 3731 vero
2653 3676 2820 3730 animi
2849 3675 3249 3746 ignobilitatem
3294 3675 3394 3728 ob-

1821 3785 2021 3826 scurus
2071 3778 2322 3839 apparet.
2371 3767 2475 3822 Sed
2499 3769 2625 3838 quis
2662 3769 2790 3830 scit,
2835 3782 2901 3820 an
2935 3783 3100 3837 super
3123 3765 3390 3834 ejusmodi

1819 3862 2125 3925 hominem,
2180 3860 2399 3915 tametsi
2479 3859 2807 3914 sublimibus
2868 3867 3032 3926 atque
3085 3856 3392 3911 illustribus

1819 3957 1952 4011 viris
1973 3956 2132 4026 longe
2155 3953 2495 4016 inferiorem,
2517 3953 2700 4008 divina
2722 3953 2899 4022 gratia
2919 3952 3195 4007 unctionis
3217 3967 3390 4006 cornu

1821 4046 2082 4101 inclinet?
2110 4043 2378 4110 Quidnam
2404 4043 2522 4097 urbi
2561 4042 2748 4097 Rom-.2
2777 4043 3021 4112 antiquis
3053 4043 3390 4111 temporibus

1825 4137 2000 4209 magis
2029 4135 2401 4199 conducebat,
2428 4133 2740 4188 nobilenme
2790 4133 3025 4201 aliquem
3052 4138 3216 4200 atque
3243 4131 3389 4184 fastu

1821 4239 2119 4284 tumentem
2145 4227 2412 4283 senatorii
2439 4225 2652 4280 ordinis
2677 4226 2852 4278 virum
2877 4226 2928 4278 in
2962 4223 3222 4278 Ecclesia:
3246 4239 3389 4292 pra:-

1821 4321 2060 4392 positum
2107 4319 2390 4389 accipere,
2436 4333 2506 4372 an
2555 4317 2738 4388 potius
2772 4317 2992 4372 Petrum
3025 4317 3389 4386 piscatorem,

1819 4414 1908 4469 cui
1935 4413 2012 4467 nil
2047 4411 2114 4465 ad
2145 4412 2375 4481 gloriam
2400 4427 2468 4464 ex
2503 4410 2796 4465 mundanis
2834 4410 3000 4464 rebus
3033 4409 3393 4479 suppetebat?

1817 4505 1948 4572 Quae.
1971 4504 2188 4568 domus,
2207 4503 2300 4574 qui
2333 4502 2546 4567 famuli,
2567 4517 2687 4572 quae
2717 4501 3098 4572 possessiones
3122 4501 3392 4570 proventi-

1824 4599 1926 4652 bus
1958 4597 2076 4654 suis
2095 4611 2278 4652 rerum
2302 4596 2548 4651 omnium
2581 4595 2912 4651 allluentiam
2941 4595 3390 4667 suppeditantes?

1819 4891 1983 4946 veluti
2027 4892 2263 4961 quadam
2315 4892 2596 4959 navicula,
2639 4891 2706 4948 ad
2753 4892 3046 4948 mundana:
3086 4893 3390 4950 nobilitatis

1817 4962 2045 5032 gloriam
2076 4962 2454 5032 adnavigaret.

1888 5031 2000 5103 (47)
2057 5029 2326 5086 Thomam
2382 5033 2708 5103 Apostolum
2767 5029 2989 5087 Parthis
3035 5031 3389 5103 Evangelium

1817 5102 2152 5224 praedicasse
2195 5103 2404 5171 antiqui
2437 5102 2764 5174 scriptores
2814 5118 2922 5156 uno
2967 5119 3062 5158 ore
3098 5102 3389 5159 testantur.

1845 5171 1933 5224 Ioc
1963 5174 2201 5224 amplius
2233 5174 2504 5224 al'lirmare
2549 5173 2764 5224 videtur
2790 5172 3074 5224 stsenus
3094 5217 3107 5224 -
3141 5175 3389 5224 eunidem

1845 5171 1933 5225 loc
1963 5174 2201 5241 amplius
2233 5174 2504 5227 allirmare
2549 5171 2764 5228 videtur
2790 5172 3074 5242 Nyssenus
3094 5217 3108 5240 ,
3141 5175 3392 5228 eumdem

1817 5243 2052 5311 primum
2089 5243 2495 5311 Mesopotamiae
2533 5246 2850 5312 episcopum
2886 5243 3080 5298 fuisse.
3116 5244 3392 5298 Caeterum

1817 5322 2103 5382 satrapas,
2131 5321 2183 5367 et
2234 5316 2503 5383 Satrapias
2556 5330 2583 5366 a
2616 5312 2798 5367 Persis
2853 5321 2906 5364 et
2937 5314 3184 5370 ﬁnitimis
3215 5318 3396 5383 genti-

1820 5384 1921 5438 bus
1957 5394 2172 5436 vocatas
2207 5385 2376 5438 fuisse
2412 5385 2726 5452 provincias
2777 5399 3082 5454 earumque
3127 5395 3390 5448 rectores,

1820 5461 2016 5506 notum
2047 5463 2131 5507 est
2158 5454 2416 5508 eruditis.

1890 5521 2122 5596 (t8)AEx
2177 5524 2284 5578 hoc
2327 5522 2560 5596 Nysseni
2610 5525 2736 5596 loco
2772 5523 3040 5596 discimus
3084 5522 3391 5596 Longinum

1818 5592 2199 5665 centurionem
2227 5635 2241 5658 ,
2298 5592 2414 5665 qui
2445 5596 2637 5648 lancea
2679 5593 2888 5665 Christi
2936 5594 3105 5665 latus
3132 5594 3183 5646 in
3219 5592 3394 5648 Cruce

1819 5661 2080 5734 perfodit,
2124 5661 2358 5734 primum
2385 5663 2649 5720 Caesareae
2677 5663 3000 5734 episcopum
3035 5663 3225 5734 fuisse.
3252 5668 3394 5722 Sane

1816 5733 1876 5787 in
1911 5733 2158 5790 Romano
2191 5735 2422 5805 aliisque
2453 5735 2678 5790 retusus
2726 5733 3131 5808 martyrologiis
3162 5733 3392 5805 Longini
