3834 6428
453 217 592 278 4355
1737 205 1794 260 S.
1833 200 2054 260 (ΞΜ-ΖΕΗ

2197 199 2284 254 Μ
2295 199 2490 256 SSENI
2857 229 2860 232 ι
3583 192 3714 252 ιιιιῑι

453 335 548 392 sed
573 333 894 406 peregrinus
919 331 1110 394 homo,
1135 327 1298 384 domo
1339 331 1392 378 et
1416 325 1566 378 victu
1595 339 1814 384 carens.
1854 322 2022 378 ditior
2051 381 2054 390 η

2163 321 2215 376 πὶ
2249 319 2341 374 τοῦ
2393 318 2599 384 πάθους
2641 318 2743 392 τὴν
2799 318 3030 387 θεότητα
3066 316 3160 372 τοῦ
3191 317 3402 390 Κυρίου
3447 315 3716 390 ego).qu

456 424 570 482 illis
599 431 766 488 erat,
799 419 894 490 qui
925 416 1112 474 omnia
1148 412 1527 486 possidebant,
1558 411 1688 482 quia
1721 409 1861 465 nihil
1897 423 2022 480 pos-

2163 429 2316 476 αντα,
2351 411 2563 466 πολλῶν
2605 411 2944 466 δντωνκατὰ
2983 411 3074 465 τὸν
3103 411 3296 482 χρόνον
3323 409 3540 464 ἐκεῖνον
3574 410 3714 481 λαμρ

455 515 706 582 sidendo,
739 513 907 568 Deum
943 517 1120 566 totum
1150 505 1410 564 obtinuit.
1439 505 1514 559 Ita
1545 512 1603 558 et
1623 500 2030 571 Mesopotamiae

2163 501 2278 572 τρῶν
2313 504 2371 554 ὲν
2397 501 2542 570 γένει
2575 501 2670 554 καὶ
2717 501 3060 572 ἱπποτρόφων
3107 501 3200 554 καί
3235 502 3346 564 τοῖς
3377 501 3436 552 ὲν
3473 501 3544 570 τῇ
3589 516 3715 568 συγ-

455 605 680 672 incola),
714 603 935 658 tametsi
976 602 1120 655 inter
1164 599 1314 667 ipsos
1361 594 1622 650 ditissimi
1665 591 2029 661 satrapiarum

2165 593 2310 664 λήτῳ
2331 591 2618 663 πρωτείοις
2637 592 2751 662 (49)
2785 592 3215 664 σεμνυνομένων,
3239 591 3334 644 καὶ
3362 589 3516 644 κατὰ
3541 591 3720 642 πᾶσαν

456 705 700 752 rectores
742 701 950 758 essent,
1003 690 1363 745 nihilominus
1403 687 1668 742 Thomam
1701 683 1918 738 cunctis
1944 681 2030 736 di-

2163 685 2186 738 ὲ
2223 685 2550 754 Ἐκκλησίαν
2581 683 2733 756 [ἰδεῖν
2763 683 2901 756 ἔστι]
2941 685 3066 748 τοὺς
3089 684 3227 738 κατὰ
3255 683 3386 736 Θεὸν
3422 683 3716 754 μεγάλους,

455 788 706 860 gniorem
733 801 856 842 esse
877 789 1236 844 censuerunt,
1277 793 1440 850 quem
1482 776 1588 832 sibi
1615 775 1750 847 ipsis
1787 773 2030 844 praelice-

2163 777 2228 846 ῆς
2256 777 2526 848 κοσμικῆς
2559 779 2912 848 περιφανείας
2941 777 3394 846 προτιμηθέντας.

457 891 598 944 rent.
633 880 713 936 ita
739 889 796 936 et
823 879 1004 935 Titum
1026 886 1333 943 cretenses,
1360 882 1414 930 et
1447 871 1838 941 Hierosolyma:
1878 869 2028 925 cives
2062 866 2327 926 Jacobum
2395 873 2450 926 in
2488 872 2807 941 episcopum
2880 872 3194 942 elegerunt,
3234 887 3448 943 nosque
3517 871 3716 943 Cappa-

457 971 622 1030 doces
659 971 1046 1028 (Ienturioncm
1086 968 1278 1030 illum,
1321 964 1412 1034 qui
1452 963 1725 1036 passionis
1767 970 2010 1032 tempore
2046 962 2390 1018 divinitatem
2417 963 2632 1018 Domini
2655 963 2838 1020 fassus
2861 971 2966 1027 est,
3017 964 3122 1020 etsi
3177 965 3332 1020 multi
3389 975 3530 1019 tunc
3583 975 3716 1020 tem-

457 1069 611 1140 poris
637 1066 782 1138 apud
809 1080 910 1121 nos
936 1069 1122 1118 essent
1149 1061 1394 1114 illustres
1411 1072 1610 1129 genere
1641 1065 1698 1112 et
1730 1057 2032 1112 nutritores
2065 1071 2366 1128 equorum,
2397 1057 2605 1128 quique
2674 1056 2880 1128 primas
2925 1057 2982 1112 in
3022 1067 3218 1113 senatu
3257 1067 3443 1128 partes
3507 1058 3718 1114 obtine-

459 1171 604 1216 rent.
628 1158 772 1226 Quin
798 1166 854 1213 et
876 1171 972 1227 per
993 1154 1306 1208 universam
1325 1151 1628 1206 Ecclesiam
1659 1152 1908 1220 (eernere
1928 1149 2034 1220 est)
2077 1151 2246 1216 virus,
2275 1153 2368 1220 qui
2411 1151 2716 1206 secundum
2751 1150 2922 1205 Deum
2954 1151 3144 1222 magni
3173 1161 3324 1214 sunt,
3376 1151 3510 1208 aliis
3560 1164 3718 1206 mun"

461 1258 606 1313 dana
634 1254 922 1310 nobilitate
951 1249 1272 1319 conspicuis
1301 1247 1578 1317 prmlatos.

531 1371 910 1442 Opportunum
941 1373 1122 1420 autem
1165 1365 1409 1418 arbitror
1433 1405 1448 1428 ,
1481 1371 1542 1415 ιιι
1583 1361 1638 1416 in
1675 1361 1932 1431 praesenti
1966 1360 2033 1414 ad

462 1465 580 1520 hac
609 1475 830 1534 quoque
857 1457 1192 1529 respiciatis,
1223 1458 1266 1510 si
1291 1455 1358 1510 de
1407 1455 1632 1522 antiqua
1665 1452 1924 1506 Ecclesiae
1950 1467 2035 1506 ve-

463 1563 594 1610 stra:
643 1551 906 1621 dignitate
949 1546 1257 1617 reparanda
1307 1545 1530 1600 solliciti
1573 1545 1727 1599 estis.
1762 1541 1848 1597 Nil
1883 1544 2030 1598 enim

461 1645 621 1701 vobis
649 1652 837 1698 notum
881 1643 1057 1711 magis
1084 1647 1164 1694 est
1211 1653 1378 1707 quam
1419 1646 1616 1691 vestra:
1645 1637 1824 1706 gentis
1851 1636 2032 1690 histo-

461 1741 592 1800 rite,
627 1751 693 1790 ex
719 1733 921 1804 quibus
951 1731 1096 1801 apud
1143 1745 1240 1784 vos
1269 1731 1337 1782 ab
1379 1729 1626 1796 antiquis
1653 1728 1996 1796 temporibus
2017 1765 2032 1790 ,

463 1831 790 1900 priusquam
849 1825 1030 1878 vicina
1081 1823 1238 1900 vobis
1284 1821 1480 1874 civitas
1515 1819 1904 1884 eilioresceret,
1946 1835 2036 1873 re-

463 1897 606 1994 piam
627 1918 812 1974 sedem
833 1914 1130 1976 exstitisse,
1157 1897 1473 1980 nullamque
1490 1911 1652 1964 aliam
1677 1919 2038 1980 praeterquam
2075 1898 2114 1951 Β

465 2013 658 2066 urbem
690 2015 930 2063 vestram
971 2005 1342 2075 principatum
1389 2003 1558 2057 totius
1601 2001 1898 2072 provinciae
1941 2001 2041 2054 ob-

465 2103 702 2159 tinuisse
733 2106 976 2154 constat.
1009 2097 1073 2150 Et
1106 2109 1254 2150 nunc
1285 2095 1503 2164 quidem
1535 2093 1898 2148 aediﬁciorum
1923 2093 2042 2162 pul-

467 2191 724 2247 chritudo
761 2199 925 2258 atque
947 2186 1354 2256 magnificentia
1381 2186 1542 2255 periit
1564 2203 1578 2250 ;
1598 2186 1690 2239 sed
1715 2185 1868 2238 urbis
1891 2199 2038 2253 pars,

469 2301 591 2355 quae
609 2300 674 2338 ex
697 2283 910 2337 civibus
927 2289 1166 2344 constat,
1193 2281 1404 2348 utique,
1443 2279 1590 2348 quod
1623 2277 1688 2330 ad
1721 2279 2040 2331 coruunlem

469 2384 586 2430 tum
611 2373 1021 2428 multitudinem
1049 2381 1161 2426 tum
1207 2371 1580 2440 praestantiam
1604 2372 1820 2431 attinet,
1851 2368 2042 2438 pristi-

471 2482 602 2520 num
626 2465 805 2520 adhuc
823 2463 1170 2535 splendorem
1195 2463 1413 2516 retinet.
1441 2461 1784 2532 Quapropter
1809 2462 2046 2514 maxime
2094 2489 2100 2494 -

471 2558 628 2614 decet
653 2559 728 2612 nil
759 2556 1022 2611 humilius
1053 2555 1164 2608 illis
1185 2569 1307 2624 quae
1347 2555 1506 2610 vobis
1531 2563 1852 2624 sttppetunt,
1881 2554 2046 2608 bonis

474 2653 679 2726 (animo
731 2649 1088 2719 concipere),
1127 2647 1221 2702 sed
1265 2661 1362 2717 par
1414 2653 1574 2716 atque
1629 2647 1851 2714 dignum
1895 2645 2048 2698 urbis

473 2753 668 2800 vestra:
699 2742 984 2798 nobilitate
1017 2740 1071 2793 in
1107 2740 1362 2810 prmseuti
1395 2739 1620 2810 negotio
1661 2739 1902 2794 studium
1947 2738 2046 2791 ad-

475 2835 710 2898 hibere,
747 2843 806 2888 ut
837 2833 995 2888 talem
1033 2833 1176 2886 inter
1237 2831 1385 2886 cives
1435 2839 1650 2886 vestros
1691 2831 2040 2899 praepositum

475 2926 693 2983 tandem
729 2925 975 2980 invenire
1019 2924 1284 2996 possitis,
1338 2923 1434 2993 qui
1495 2939 1555 2978 se
1609 2941 1717 2976 nun
1765 2921 2046 2992 indignum

475 3027 656 3074 vestra
687 3017 978 3072 nobilitate
1021 3017 1278 3085 praebeat.
1323 3015 1604 3084 Siquidem
1639 3023 1798 3085 turpe
1835 3022 1922 3069 est
1988 3027 2053 3066 ac

475 3125 704 3182 prorsus
751 3107 1094 3179 (absurdum)
1141 3108 1295 3162 navis
1347 3107 1569 3176 quidem
1615 3115 1883 3161 rectorem
1928 3121 2053 3160 eum

2213 1359 2354 1430 Πρὸς
2383 1359 2558 1413 ταῦτα
2612 1357 2830 1428 βλέπειν
2879 1359 2974 1411 ἐπὶ
3009 1358 3104 1412 τοῦ
3147 1361 3410 1431 παρόντος
3435 1358 3596 1435 οἶμαι
3615 1366 3720 1421 δεῖν

2143 1453 2234 1505 καὶ
2267 1452 2432 1522 ὑμᾶς,
2455 1452 2507 1504 εί
2543 1467 2608 1518 γε
2653 1450 2894 1520 μέλλοιτε
2927 1451 3089 1504 πάλιν
3118 1453 3180 1506 τὸ
3205 1455 3430 1530 ἀρχαῖον
3465 1457 3566 1528 τῆς
3605 1459 3722 1513 Ἐκ-

2143 1545 2372 1613 κλησίας
2427 1542 2580 1613 ὑμῶν
2650 1544 3032 1598 ἀνακαλεῖσθαι
3083 1546 3316 1616 ἀξίωμα.
3369 1550 3564 1603 Οἴδατε
3615 1553 3722 1624 γὰρ

2141 1637 2340 1700 παντὸς
2365 1636 2562 1707 μᾶλλον
2583 1635 2651 1688 τὰ
2679 1636 2918 1706 ὑμέτερα
2935 1639 3264 1708 διηγήματα,
3293 1640 3374 1692 ὅτι
3403 1641 3466 1706 ἐξ
3497 1643 3720 1712 ἀργαίου

2143 1731 2270 1801 πρὶν
2319 1730 2417 1800 τὴν
2462 1728 2680 1797 γείτονα
2713 1728 2824 1796 (50)
2871 1729 3026 1799 ὑμῶν
3057 1729 3344 1801 ὲξανθῆσαι
3385 1735 3560 1798 πόλιν,
3596 1745 3724 1806 παρ’

2145 1824 2274 1892 ὑμῖν
2293 1817 2360 1892 ἦν
2397 1820 2466 1874 τὰ
2497 1819 2738 1888 βασίλεια
2763 1819 2898 1890 (5i),
2927 1821 3021 1873 καὶ
3057 1822 3118 1875 τὸ
3147 1824 3376 1894 προέχον
3413 1829 3478 1879 ὲν
3513 1829 3725 1882 πόλεσιν

2145 1913 2284 1985 ὑπὲρ
2311 1911 2408 1983 τὴν
2428 1911 2698 1982 ὑμετέραν
2721 1911 2822 1964 οὐκ
2852 1907 2951 1982 ἦν·
2979 1914 3072 1966 καὶ
3103 1913 3198 1968 νῦν
3221 1916 3332 1986 (5:!)
3367 1919 3396 1969 ὁ
3427 1919 3544 1970 τῶν
3581 1923 3726 1973 οἰκο-

2143 2004 2478 2075 δομημάτων
2532 2003 2644 2074 (55)
2691 2002 3078 2073 καλλωπισμὸς
3119 2005 3412 2075 ἠφανίσθη,
3445 2008 3566 2062 ἀλλ’
3607 2012 3642 2080 ἡ
3675 2013 3726 2064 ἐν

2145 2100 2258 2160 τοῖς
2285 2095 2594 2167 ἀνθρώποις
2636 2097 2808 2159 πόλις,
2841 2097 2899 2148 ἐν
2931 2095 3126 2165 πλήθει
3143 2113 3202 2150 τε
3235 2101 3326 2150 καὶ
3349 2099 3728 2170 δοκιμστὰτοις

2151 2190 2278 2261 [τῶν
2335 2187 2603 2260 πολιτῶν]
2659 2189 2794 2258 πρὸς
2823 2189 2883 2241 τὸ
2927 2189 3154 2260 ἀρχαῖον
3197 2189 3469 2255 ἐξισοῦται
3517 2193 3724 2257 arduo;

2155 2279 2366 2332 Οὐκοῦν
2409 2280 2620 2350 πρέπον
2665 2280 2732 2333 ἂν
2761 2281 2867 2350 εἴη,
2902 2279 2975 2350 μὴ
3010 2281 3386 2352 ταπεινότερον
3419 2283 3534 2335 τῶν
3567 2301 3726 2352 πρω-

2147 2373 2316 2424 όντων
2341 2373 2468 2441 ὑμῖν
2495 2369 2716 2439 ἀγαθῶν
2741 2369 2980 2442 [φρονεῖν
3015 2369 3172 2441 (54η,
3201 2371 3335 2425 ἀλλὰ
3381 2377 3728 2444 συνεπαίρειν

2149 2465 2215 2533 τῇ
2253 2461 2579 2533 περιφανεία
2607 2461 2704 2531 τῆς
2735 2461 2962 2523 πόλεως.
3002 2463 3099 2532 τὴν
3141 2463 3401 2534 περὶτῶν
3435 2465 3730 2535 προκειμέ-

2149 2571 2256 2606 νων
2311 2553 2565 2623 σπουδὴν,
2621 2553 2696 2616 ὡς
2723 2553 2790 2606 ἂν
2819 2553 3054 2606 τοιοῦτον
3093 2553 3287 2624 εὕρητε
3329 2556 3422 2607 επὶ
3465 2556 3562 2608 τοῦ
3605 2557 3726 2609 λαοῦ

2151 2647 2584 2717 καθηγούμενον,
2648 2645 2726 2710 ὡς
2787 2645 2861 2717 μὴ
2912 2645 3128 2709 ἀνάξιον
3175 2647 3304 2716 ὑμῖν
3335 2647 3724 2718 ἐπιδειχθῆναι.

2153 2739 2384 2810 Αἰσχρὸν
2451 2737 2562 2810 γὰρ
2615 2737 2868 2807 ἀδελφοὶ,
2923 2739 3016 2790 καὶ
3069 2739 3414 2792 παντάπασιν
3465 2739 3724 2811 [iro-twn

2153 2833 2246 2886 τὸν
2268 2829 2406 2902 (55)]
2437 2831 2534 2902 μὲν
2560 2831 2896 2901 κυϐερνήτην
2927 2831 3001 2900 μὴ
3035 2831 3294 2899 γίνεσθαι,
3336 2832 3385 2884 εί
3409 2833 3487 2902 μὴ
3517 2833 3616 2903 τῆς
3647 2851 3726 2886 κυ-

2155 2924 2479 2994 ϐερνητικῆς
2509 2923 2824 2994 ἐπιστήμων
2866 2921 2992 2992 είηο
3035 2922 3124 2975 τὸν
3165 2922 3222 2974 δὲ
3255 2923 3346 2976 ἐπὶ
3377 2925 3490 2976 τῶν
3539 2925 3728 2978 οἰάκων

2159 3019 2260 3086 τῆς
2298 3014 2618 3085 Ἐκκλησίας
2649 3013 2979 3084 καθήμενον,
3007 3013 3217 3082 ἀγνοεῖν
3239 3015 3385 3078 ὅπως
3415 3015 3488 3070 ἂν
3509 3017 3608 3080 τὰς
3637 3019 3728 3070 τῶν

2164 3108 2546 3179 συμπλεόντων
2578 3105 2756 3178 ψυχὰς
2781 3108 2860 3170 είς
2908 3107 2998 3160 τὸν
3026 3107 3218 3178 λιμίἐνα
3243 3106 3338 3160 τοῦ
3369 3108 3512 3161 Θεοῦ
3541 3109 3728 3179 καθιερ-

480 3203 594 3258 ﬁeri
620 3244 634 3266 ,
672 3202 764 3272 qui
805 3201 924 3270 ejus
971 3199 1336 3269 gubernanda:
1375 3215 1581 3268 gnarus
1634 3215 1742 3253 non
1791 3201 1895 3266 sit;
1930 3213 2054 3252 eum

2163 3201 2361 3271 μίσειε.
2385 3199 2534 3254 Πόσα
2567 3198 2697 3271 [γὰρ
2726 3199 2937 3272 γέγονε]
2965 3200 3034 3252 δι’
3055 3200 3305 3272 ἀπειρίας
3325 3201 3436 3252 τῶν
3471 3201 3732 3270 καθηγου-

477 3310 626 3358 vero,
653 3294 746 3364 qui
783 3292 850 3346 ad
883 3291 1139 3347 Ecclesia:
1162 3291 1376 3345 clavum
1405 3292 1582 3353 sedet,
1601 3301 1774 3345 artem
1803 3293 2056 3358 ignorare

479 3397 587 3454 qua
613 3399 800 3438 secum
833 3382 1209 3452 navigantium
1238 3382 1449 3438 animas
1483 3383 1536 3437 in
1559 3382 1650 3437 Dei
1679 3393 1836 3451 portu
1873 3382 2056 3436 salvas

480 3474 739 3528 collucet.
771 3472 916 3538 Quot
978 3471 1168 3543 (enim)
1213 3481 1440 3543 propter
1501 3483 1778 3528 rectorum
1835 3473 2056 3542 imperi-

482 3565 613 3619 tiam
677 3563 964 3634 naufragia
1031 3563 1143 3634 jam
1220 3565 1508 3636 (fecerunt)
1563 3564 1864 3620 Ecclesize?
1923 3565 2060 3631 Quis

479 3669 806 3711 enumerare
855 3656 1056 3724 poterit
1108 3671 1229 3728 quae
1270 3656 1502 3724 (nostris
1549 3657 1728 3712 oculis
1761 3658 2061 3712 observan-

484 3747 591 3816 tur)
617 3747 787 3812 mala,
821 3761 1098 3816 nunquam
1145 3749 1392 3818 profecto
1413 3756 1674 3804 eventura
1695 3789 1710 3812 ,
1739 3750 1784 3804 si
1846 3749 2038 3804 Eccle-

485 3839 581 3895 sia:
610 3841 820 3909 peritos
849 3840 1064 3910 aliquos
1091 3841 1488 3911 gubernatores
1515 3841 1844 3896 habuissent
1869 3835 2058 3909 ?Quin

483 3940 538 3987 et
565 3930 776 3987 fabrilis
807 3933 948 3988 artis
990 3949 1100 3988 non
1132 3933 1365 3990 rudibus
1387 3975 1402 4000 ,
1449 3934 1546 3989 sed
1579 3936 1772 4004 gnaris
1798 3975 1813 4000 ,
1853 3935 2060 3991 ferrum

486 4021 554 4076 ad
581 4020 904 4076 fabricanda
963 4037 1092 4078 vasa
1147 4023 1457 4091 tradimus;
1507 4023 1674 4096 igitur
1720 4032 1776 4077 et
1823 4023 2061 4080 ﬁdelium

484 4114 681 4168 animae
765 4113 834 4169 iis
911 4114 1318 4170 committendae
1367 4123 1532 4182 sunt,
1600 4115 1692 4184 qui
1737 4131 1832 4170 eas
1895 4117 2066 4186 probe

488 4207 706 4272 sciant,
790 4205 961 4260 divini
1005 4205 1248 4276 Spiritus
1291 4205 1508 4262 fervore
1565 4209 1780 4263 sublata
1829 4209 2063 4276 duritie,

493 4465 660 4536 hujus
705 4464 849 4536 apud
879 4465 1186 4536 Caesaream
1231 4465 1588 4534 Cappadocia:
1631 4469 1812 4536 passi,
1859 4469 2062 4522 mentio

495 4533 730 4590 habetur
747 4533 940 4606 idibus
965 4533 1177 4602 Martii;
1201 4537 1296 4592 sed
1314 4533 1500 4606 ipsum
1521 4533 1880 4592 Cmshriensis
1907 4539 2061 4594 urbis

494 4608 809 4678 episcopum
839 4603 1181 4678 fuissanec
1206 4603 1606 4678 rmartyrologia
1645 4621 1747 4678 nec
1768 4617 1890 4661 acta
1915 4609 2066 4676 ejuS¢

494 4673 616 4731 dem
642 4673 900 4745 Lengini,
930 4676 998 4729 ab
1020 4677 1292 4747 Hesychia
1306 4673 1456 4747 circa
1473 4673 1686 4732 Christi
1708 4691 1913 4732 annum
1935 4673 2064 4744 ιιι),

497 4755 555 4800 ut
595 4753 820 4813 putant,
861 4745 1177 4816 conscripta
1249 4754 1304 4801 et
1357 4762 1387 4800 a
1430 4745 1696 4804 Bollando
1737 4747 1884 4803 edita
1911 4787 1928 4814 ,
1989 4757 2070 4804 te-

495 4826 735 4871 stantur.

567 4885 678 4954 (49)
716 4885 1050 4958 Aﬂpmreiorc.
1083 4883 1209 4958 “Ms.
1263 4885 1400 4958 Med.
1444 4886 1698 4958 πρώτοις.
1747 4887 1890 4952 Mox,
1927 4887 2069 4941 κατὰ

496 4953 683 5026 πάσας
713 4955 1006 5026 ἔκκλησίας
1051 4953 1200 5026 εὖροι
1236 4973 1319 5026 τις
1347 4957 1431 5010 ἄν.
1458 4953 1527 4997 ἐ-
1547 4957 1624 5011 lta
1671 4958 2067 5013 emendandum

497 5025 686 5098 censui
719 5023 1242 5098 _V_'aticanu_m_c'od.,
1275 5025 1475 5098 inquo
1501 5027 1778 5098 scribitur
1810 5027 2066 5098 πρώτοις.

569 5095 680 5168 (50)
716 5093 1239 5168 NicaeamBithyntaa
1268 5093 1458 5168 urbem
1496 5097 1771 5167 intelligit,
1795 5093 1915 5167 quae
1941 5107 2070 5153 tunc

501 5165 761 5238 temporis
812 5165 879 5219 ad
936 5165 1300 5238 Metropoleos
1355 5165 1697 5238 dignitatem
1722 5165 1834 5238 jam
1881 5179 2070 5224 eVecta

503 5233 702 5318 fuerat,
745 5238 909 5318 cujus
952 5233 1438 5318 conte’ntiones‘de:
1468 5233 1875 5318 primatu'cum
1907 5239 2068 5295 Nico-

503 5307 876 5362 mediensibus
905 5306 1206 5360 notissimae
1233 5311 1362 5359 sunt
1387 5306 1522 5362 viris
1559 5307 1802 5366 eruditis.

571 5375 685 5444 (5i)
727 5375 951 5448 Antiqui
980 5377 1125 5430 enim
1154 5375 1604 5448 Bithynitejeges
1641 5377 1782 5448 apud
1816 5377 2073 5436 Nicome-

502 5445 1150 5520 dianlsedemiixerant;
1182 5445 1316 5516 quin
1345 5456 1400 5520 et
1428 5445 1798 5504 Diocletianus
1833 5450 2071 5520 impera-

503 5513 952 5587 tor_N_icot_nediae
993 5517 1174 5571 sedem
1198 5513 1427 5586 'posuit,
1459 5531 1689 5587 eamque
1715 5513 2072 5576 :editiciorum

503 5585 855 5660 multitudine
909 5599 974 5639 ac
1017 5585 1416 5660 magnificentia
1481 5585 1616 5642 urbi‘
1657 5587 1844 5642 Romae
1889 5607 2072 5660 parem

506 5653 732 5712 reddere
759 5661 991 5712 conatus
1015 5653 1133 5714 est?
1152 5655 1286 5714 Vide
1319 5656 1662 5714 Lactantium
1699 5659 1765 5716 de
1811 5653 2076 5718 Mei-tibus

2166 3291 2342 3362 μένων
2391 3289 2663 3362 αὔτανδρα
2701 3291 2810 3344 τῶν
2844 3291 3176 3361 Ἐκκλησιῶν
3201 3291 3299 3361 ἤδη
3345 3293 3620 3358 tia-acina!
3653 3293 3734 3354 Ti;

2163 3380 2228 3434 ἂν
2277 3381 2710 3453 ὲξαριθμήσηται
2763 3381 2832 3436 τὰ
2877 3385 2936 3436 ὲν
2974 3383 3344 3456 ὸιφθαλμοίςῙ,
3380 3383 3456 3454 μὴ
3511 3385 3580 3438 ἂν
3613 3403 3734 3454 asp-

2165 3477 2353 3539 ϐάντα,
2389 3475 2443 3528 εί
2459 3491 2544 3536 τις
2567 3470 2635 3545 ἦν
2665 3491 2766 3527 που
2791 3476 2848 3527 ὲν
2870 3477 2980 3538 τοῖς
3019 3475 3444 3545 καθηγουμένοις
3479 3475 3736 3545 κυϐερνη·

2159 3566 2286 3637 τικὴ
2311 3566 2606 3637 ἐμπειρίας
2641 3565 2778 3618 ἀλλὰ
2827 3565 2922 3618 καὶ
2969 3565 3064 3618 τὸν
3100 3567 3312 3638 σίδηρον
3344 3565 3428 3637 [οὐ
3453 3566 3596 3638 τοῖς]
3629 3567 3738 3618 ἀτέ-

2160 3679 2326 3732 χνοις,
2383 3663 2496 3724 τοῖς
2541 3661 2597 3714 δὲ
2631 3661 2955 3731 ἐπιστήμοσι
2981 3659 3083 3728 τῆς
3113 3659 3478 3730 χαλκευτικῆς
3519 3663 3606 3723 είς

2161 3751 2292 3804 τῶν.
2333 3749 2544 3804 σκευῶν
2601 3749 2944 3821 ἀπεργασίαν
2991 3748 3484 3819 καταπιστεύομεν.
3537 3748 3738 3801 οὐκοῦν

2161 3843 2252 3896 καὶ
2278 3841 2378 3905 τὰς
2426 3841 2604 3912 ψυχὰς
2657 3841 2735 3912 τῷ
2763 3840 2940 3905 καλῶς
2982 3839 3324 3912 ἐπισταμένῳ
3363 3843 3427 3912 τῇ
3459 3839 3554 3894 τοῦ
3593 3841 3736 3910 ἁγίου

2161 3933 2477 4004 Πνεύματος
2531 3932 2678 3998 ζέσει
2733 3931 3192 4003 καταμαλάσσειν,
3245 3933 3646 4004 ὲγχειριστέον,
3684 3933 3736 3996 ὃς

2161 4009 2250 4078 διὰ
2273 4025 2376 4094 τῆς
2397 4023 2504 4078 τῶν
2528 4023 2763 4093 λογικῶν
2783 4024 3028 4094 ὀργάνων
3049 4023 3360 4088 τυπὼσεως,
3387 4025 3583 4090 σκεῦος
3597 4029 3737 4080 Exlo-

2163 4117 2266 4186 γῆς
2288 4133 2346 4169 τε
2372 4117 2465 4169 καὶ
2509 4116 2808 4188 εὓχρηστον
2846 4115 2958 4186 (56)
2999 4117 3230 4170 ἕκαστον
3279 4117 3432 4187 ὑμῶν
3495 4119 3736 4173 ἐπιτελέ-

2168 4227 2296 4264 σειε.
2327 4207 2564 4262 Τοιαῦτα
2603 4208 2868 4263 ποιεῖσθαι
2920 4208 3048 4280 τὴν⁸
3065 4209 3317 4280 πρόνοιαν
3341 4209 3368 4261 ὁ
3389 4209 3531 4274 θεῖος
3581 4214 3736 4266 ’Δπΰο

2171 4485 2588 4544 persecutor-um
2627 4493 2748 4546 cap.
2787 4479 2839 4532 Ἰ.

2242 4546 2496 4626 (52)-Καζ
2516 4546 2652 4626 νῦνς,
2677 4548 2816 4604 Med.
2835 4549 2930 4603 νῦν
2953 4552 3002 4602 εί
3027 4551 3139 4605 καί.
3163 4551 3330 4607 Paulo
3359 4563 3504 4624 post,
3525 4555 3734 4626 δοκιμό·

2167 4633 2287 4686 τητι
2317 4617 2424 4668 τῶν
2451 4617 2766 4688 οἰκητόρων.
3360 4617 3374 4624 ’
3493 4617 3499 4620 ⁷
3651 4617 3663 4626 ’

2241 4685 2358 4768 ς55)
2393 4684 2716 4768 Nicomedia.
2760 4689 3052 4768 siquiden_1_
3083 4697 3241 4746 terra:
3285 4701 3432 4747 motu
3491 4695 3730 4749 funditus

2172 4755 2440 4832 subversa
2487 4757 2622 4832 fuit,
2667 4755 2867 4832 vicinis
2913 4760 3137 4816 urbibus
3179 4779 3244 4816 ex
3291 4773 3444 4832 parte
3485 4769 3730 4825 servatis,

2175 4825 2404 4880 Datiano
2461 4835 2516 4880 et
2555 4825 2778 4883 Cereale
2846 4845 2992 4884 coss.
3045 4847 3190 4886 anno
3245 4825 3350 4889 568
3409 4851 3536 4889 atra!
3589 4837 3734 4890 Chri-

2177 4897 2396 4957 stiana},
2435 4905 2493 4948 ut
2520 4896 2696 4966 refert
2729 4899 3051 4955 Ammianus
3093 4901 3440 4960 Marcellinus
3479 4905 3577 4959 lib.
3611 4921 3730 4966 xm,

2170 4981 2292 5036 cap.
2345 4967 2438 5030 15,
2477 4965 2682 5024 ldatins
2719 4969 2770 5022 in
2803 4967 3006 5034 Fastis,
3039 4971 3294 5030 Socrates
3338 4977 3392 5028 in
3443 4977 3588 5030 Hist.
3615 4965 3730 5028 εστι.

2323 5051 2364 5115 ιι
2383 5077 2396 5100 ,
2423 5052 2543 5115 cap.
2667 5081 2682 5102 ,
2711 5049 2778 5115 et
2805 5039 3168 5115 Hieronymus
3201 5045 3254 5098 in
3299 5043 3580 5101 Chronico.
3613 5045 3734 5099 Vide

2169 5105 2302 5181 [liba
2313 5107 2459 5160 nium
2483 5105 2536 5181 in
2564 5107 2611 5159 Μ
2622 5109 2818 5181 οηοιίἱα
2837 5111 2903 5163 de
2924 5105 3170 5181 ejusdem
3192 5116 3344 5169 urbis
3363 5119 3728 5173 subversione.

2173 5175 2278 5256 Sed
2319 5185 2373 5232 et
2425 5178 2694 5256 reliquam
2754 5175 3394 5256 Nicomediam'Juliano
3445 5187 3732 5256 imperante

2171 5255 2334 5319 terrai
2357 5255 2506 5319 mutu
2536 5249 2832 5319 collapsam
2863 5249 3033 5307 fuisse
3065 5255 3206 5308 idem
3247 5249 3572 5313 Ammianus
3605 5255 3734 5310 Mar-

2169 5316 2522 5390 cell_i_nus_lib.
2563 5316 2819 5390 διαίρει).
2853 5321 2943 5384 5i,
2971 5331 3226 5378 testatur.

2242 5385 2947 5466 (54)Φροτςεῖν.-1(ξ.’ξχειν
2996 5393 3057 5446 τὸ
3116 5396 3388 5466 φρόνημα.
3445 5396 3568 5452 Mox
3623 5413 3728 5452 vero

2171 5455 2370 5528 εὕρητε
2404 5459 2552 5528 παρὰ
2583 5459 2674 5512 τοῦ
2705 5455 2862 5516 Θεοῦ.

2245 5527 2356 5596 (55)
2392 5527 2522 5584 Τόν.
2567 5529 2644 5582 ld.
2684 5531 2865 5586 τὸν-
2894 5531 3046 5595 νεώς.

2176 5597 2354 5722 ﬂgiti)
2383 5599 2757 5668 Εΰχρηστον.
2803 5601 2944 5658 Med.
2981 5605 3328 5677 εὐχρηστίας.
3389 5605 3514 5662 Mox
3569 5607 3724 5662 τοιαῦ-

2213 5688 2274 5740 ην
2307 5688 2363 5722 π.
