3834 6418
164 225 320 281 1968

1323 226 1704 283 EPISTOLJE.
1734 254 1803 269 -
1838 222 2056 281 EPIST.
2100 226 2283 283 XVIII.

3303 229 3442 288 I07b

161 337 325 409 ἔχον,
363 340 420 391 ἐν
454 338 719 400 τοιούτοις
758 340 944 411 ἐσμὲν,
982 342 1056 404 ὡς
1100 340 1374 410 φείδεσθαι
1403 343 1500 412 τῆς
1530 338 1752 410 ἀγαπώ-

1866 339 2193 408 proﬂuvium
2230 340 2579 410 repressisse,
2613 355 2824 410 nosque
2861 342 3117 415 prmlcrea
3147 357 3296 412 spem
3325 360 3440 398 om-

164 447 280 501 σης
312 432 458 501 ἡμᾶς
482 431 675 500 ἀκοῆς,
713 433 808 484 καὶ
837 431 1270 503 ἐπικρύπτεσθαι
1300 435 1478 503 σιωπῇ
1507 432 1605 501 τὴν
1636 431 1757 501 ἀλή-

164 521 354 585 θειαν,
388 524 473 575 ἵνα
513 523 589 593 μὴ
622 523 757 593 πρὸς
788 523 1072 577 κοινωνίαν
1102 523 1211 576 τῶν
1254 524 1537 595 ἡμετέρων
1574 523 1758 576 κακῶν

161 614 303 679 τοὺς
332 614 571 683 γνησίως
591 616 739 686 ἡμᾶς
760 615 1087 683 ἀγαπῶντας
1115 615 1560 686 ἐφελκυσὼμεθα.
1590 617 1759 669 Ὅταν

165 705 286 777 γάρ
325 704 739 776 ἐνθυμηθῶμεν,
771 706 854 759 ὅτι
878 706 986 758 τῶν
1016 705 1286 773 φιλτάτων
1316 695 1754 775 ἀπολειφθέντες,

164 793 234 846 ἄν
272 793 529 863 πολέμοις
577 792 1054 865 άναστρεφόμεθα,
1098 796 1193 848 καὶ
1220 795 1256 849 ὃ.
1289 794 1387 866 μὲν
1440 794 1759 848 καταλιπεῖν

167 884 535 957 ὲόιάσθημεν,
566 884 735 939 τέκνα
766 886 935 951 ἐστὶν,
968 887 1003 940 ἂ
1026 889 1147 951 ταῖς
1171 884 1570 957 πνευματικαῖς
1601 886 1759 958 ἡμῶν

166 976 333 1031 ὠδῖσι
357 976 435 1049 τῷ
460 976 580 1047 Θεῷ
607 978 865 1049 γεννῆσαι
896 977 1336 1050 κατηξιώθημεν.
1367 976 1469 1051 [τῷ
1509 978 1621 1050 (75)
1660 979 1759 1049 τῆς

170 1069 423 1142 ἀγάπης]
468 1070 619 1142 νόμῳ
655 1072 1080 1143 συνηρμοσμένα
1129 1070 1331 1144 [ἡμῖν,]
1371 1072 1464 1126 καὶ
1517 1088 1761 1126 κακοπα-

174 1162 352 1226 θείαις
384 1163 442 1230 έν
479 1165 593 1226 τοῖς
636 1161 745 1216 τῶν
784 1161 1110 1233 πειρασμῶν
1154 1165 1366 1235 καιροῖς
1403 1164 1497 1217 ἐπι
1537 1161 1753 1235 [τείνονο

172 1273 246 1309 τα
280 1253 416 1326 (76)]
446 1254 582 1325 πρὸς
635 1255 785 1326 ἡμᾶς
832 1254 895 1308 τὸ
930 1252 1309 1326 φιλόστοργον·
1357 1254 1449 1308 καὶ
1502 1254 1581 1307 ἔτι
1625 1254 1759 1326 πρὸς

171 1347 391 1412 τούτοις
428 1343 573 1411 οἶκος
627 1346 1088 1419 κεχαριτωμένος,
1140 1346 1382 1419 ἀδελφοὶ,
1432 1346 1757 1424 συγ[γενεῖς,

174 1438 437 1513 [talpae]
473 1438 746 1511 συνήθεις,
789 1437 954 1508 φίλοι,
992 1437 1169 1504 ἑστία,
1202 1438 1474 1511 τράπεζα,
1515 1424 1757 1509 ταμεῖον,

174 1532 394 1597 στιϐὰς,
438 1531 500 1585 τὸ
530 1530 753 1603 βάθρον,
783 1531 813 1584 ό
844 1531 1068 1597 σάκκος,
1109 1531 1144 1602 η
1189 1528 1470 1602 [συνουσία
1499 1528 1658 1601 (77)],
1698 1520 1760 1584 τὸ

175 1621 437 1693 δάκρυον,
482 1621 518 1676 ἃ
557 1620 632 1686 ὡς
656 1621 775 1675 εστι
800 1620 1026 1690 γλυκέα,
1057 1621 1152 1675 καὶ
1181 1620 1272 1676 διά
1310 1621 1596 1692 συνηθείας
1635 1622 1759 1675 ὅσον

173 1714 440 1785 ἑράσμια,
476 1713 630 1767 οὐδὲν
658 1713 753 1785 δεή
786 1712 967 1785 (78)...
997 1713 1198 1777 εἰδότες
1239 1730 1299 1767 σε
1330 1712 1559 1785 γράψαι.
1590 1713 1671 1766 Τά
1702 1697 1758 1765 δὲ

173 1809 293 1862 ἀντ’
326 1807 573 1872 ἐκείνων,
608 1808 696 1860 ἵνα
722 1809 799 1878 μή
832 1824 886 1859 τι
912 1805 1150 1877 ἐπαχθὲς
1181 1806 1360 1874 λέγειν
1396 1803 1553 1871 δόξω,
1581 1806 1759 1861 πάντα

172 1898 347 1971 [κατὰ
390 1898 587 1953 σαυτὸν
618 1896 754 1971 (79)]
810 1898 1104 1969 σκόπησον.
1169 1896 1311 1967 Πρὸς
1354 1894 1433 1968 τῷ
1474 1896 1618 1950 τέλει
1660 1882 1758 1968 τῆς

175 1989 418 2060 ἐμαυτοῦ
441 1989 587 2059 ζωῆς
623 1987 721 2056 ὣν,
753 1989 916 2043 πάλιν
940 1984 1036 2042 τοῦ
1057 1988 1156 2060 ζῇν
1181 1987 1417 2059 ἄρχομαι
1443 1986 1760 2060 [μανθάνειν

172 2085 258 2159 τε]
316 2084 703 2155 ἀναγκάζομαι
752 2082 851 2155 τὴν
901 2080 1292 2153 εὐδοκιμοῦσαν
1336 2081 1430 2134 νῦν
1470 2080 1579 2133 τῶν
1612 2079 1760 2151 ἠθῶν

176 2176 473 2243 ποικιλίαν,
499 2174 764 2247 ὀψιμαθές
790 2174 1246 2245 κακότροπος.....
1268 2170 1368 2242 τῆς
1395 2171 1507 2241 (90)
1533 2188 1762 2242 πανουρ-

177 2269 302 2339 γίας
333 2268 622 2339 γινόμενος
644 2310 661 2334 ,
688 2267 764 2331 ὡς
793 2265 1051 2337 ὲρυθριᾷν
1081 2265 1169 2319 ἀεὶ
1208 2266 1273 2335 τῇ
1303 2264 1475 2336 άφυῖᾳ
1501 2262 1596 2317 τοῦ
1622 2263 1762 2334 πρά-

167 2370 384 2432 γματος
409 2360 543 2430 (8|).
570 2359 633 2413 Οί
661 2357 719 2412 δὲ
740 2356 1186 2431 ἀντιτεταγμένοι
1218 2360 1285 2428 τῇ
1325 2357 1643 2428 διδασκαλίᾳ
1663 2356 1761 2427 τῆς

167 2452 371 2521 σοφίας
400 2450 626 2522 ταύτης,
656 2449 794 2504 εἰσὶν
819 2449 996 2503 ἱκανοὶ
1025 2448 1137 2519 (89.)
1171 2448 1266 2502 καὶ
1296 2448 1548 2519 φυλάξαι,
1572 2449 1600 2502 ὃ
1621 2449 1759 2520 ἔμα-

166 2544 289 2610 θον,
322 2542 419 2597 καὶ
461 2543 731 2613 ἐφευρεῖν,
762 2540 790 2594 ὅ
826 2542 927 2594 οὑκ
956 2540 1184 2611 ἔμαθον
1220 2540 1554 2614 [τοιγαροῦν]
1598 2542 1758 2596 πολε-

171 2635 365 2707 μοῦσι,
381 2633 666 2706 πόρρωθεν
681 2630 1146 2704 άκροὸολίζοντες,
1168 2634 1263 2686 ἐπὶ
1284 2633 1642 2705 παρατάξεως
1662 2652 1761 2687 κα-

167 2728 517 2784 ταπυκνοῦσι
532 2728 631 2798 τὴν
648 2726 927 2797 φάλαγγα,
945 2727 1087 2781 κατὰ
1107 2727 1169 2781 τὸ
1198 2726 1531 2801 [πρόσφορον
1552 2730 1758 2801 αὑτοῖς)

170 2822 589 2894 προλογίζὸνται
616 2819 727 2891 (85)
749 2860 764 2885 ,
794 2822 914 2883 ταῖς
952 2818 1279 2889 ὑπερϐολαῖς
1318 2820 1718 2890 προκατέχουσι
1740 2861 1756 2885 ,

168 2913 304 2974 τοὺς
348 2904 672 2979 συμμάχους
709 2908 924 2971 ἑαυτοῖς
971 2907 1309 2979 πανταχόθεν
1347 2910 1754 2982 προσπεριϐάλ-

1862 445 1985 483 nem
2015 438 2259 485 nostram
2312 432 2365 485 in
2403 440 2620 488 tuarum
2654 449 2877 504 precum
2919 428 3127 488 medela
3159 436 3439 489 collocan-

1862 528 1966 583 tes,
1995 521 2155 589 plane
2186 521 2486 588 conlidere,
2510 523 2635 578 {ore
2666 531 2723 598 ut
2757 540 2919 594 quam
2956 514 3086 593 cito,
3124 525 3213 580 hic
3246 528 3441 582 animze

1863 622 2065 689 nostra:
2088 614 2310 669 morbus
2337 615 2554 685 penitus
2584 610 2920 687 proﬂigetur,
2945 632 3071 671 cum
3104 620 3436 688 czeteroquiu

1861 711 2007 777 quod
2048 692 2117 761 ad
2166 724 2405 777 pra‘sens
2448 702 2662 779 tempus
2702 710 2916 773 attinet,
2965 710 3016 764 in
3054 726 3119 766 eo
3152 720 3297 766 statu
3349 726 3439 767 res

1863 807 2067 851 nostra:
2094 798 2214 852 sita:
2240 799 2371 861 sint,
2405 806 2463 851 ut
2490 795 2791 853 amicorum
2822 794 3048 855 auribus
3077 801 3434 871 parcendum,

1863 896 1919 944 et
1949 889 2155 944 veritas
2185 889 2407 944 silentio
2440 881 2768 944 occultanda
2812 885 2974 945 nobis
3007 891 3098 954 sit,
3139 907 3204 946 ne
3234 892 3287 947 in
3320 908 3437 945 ma-

1862 981 2040 1036 lorum
2072 989 2390 1037 nostrorum
2421 972 2760 1036 consortium
2791 998 2911 1048 eos,
2948 984 3039 1052 qui
3072 998 3173 1039 nos
3202 999 3328 1039 vere
3352 984 3437 1037 di-

1830 1072 2059 1144 -Iigunt,
2098 1068 2533 1144 ppertrahamus;
2575 1089 2699 1128 cum
2746 1070 2960 1130 scilicet
3009 1077 3192 1129 animo
3243 1084 3436 1130 nostro

1862 1142 2274 1235 perpendimus,
2307 1179 2408 1221 nos
2452 1158 2799 1221 charissimis
2830 1173 2993 1234 atque
3017 1163 3436 1235 iucundissimis

1862 1256 2028 1312 rebus
2062 1246 2380 1321 destitutos,
2414 1256 2467 1312 in
2503 1244 2660 1335 bellis
2694 1257 2923 1321 versari,
2955 1266 3008 1313 et
3035 1272 3131 1315 eos
3165 1246 3304 1328 quos
3341 1259 3438 1314 de-

1862 1365 2052 1407 serere
2079 1350 2258 1405 coacti
2294 1365 2509 1417 smnus,
2544 1349 2686 1405 ﬁlios
2712 1365 2857 1413 esse.
2884 1364 3025 1421 quos
3054 1366 3151 1421 per
3178 1350 3437 1421 spiritua-

1862 1442 1941 1499 les
2000 1434 2239 1519 nostros.
2273 1442 2493 1499 dolores
2554 1431 2665 1499 Deo
2709 1457 2903 1513 parere
2954 1442 3159 1513 dignati
3208 1441 3435 1505 fuimus.

1860 1535 2070 1606 quique
2122 1534 2477 1615 (dilectionis
2511 1534 2733 1590 vinculo
2774 1533 3101 1605 nobiscum)
3152 1533 3436 1603 conjuncti

1860 1636 2041 1695 erant,
2085 1636 2139 1684 et
2186 1616 2524 1711 difficillimis
2577 1626 3022 1699 persecutionum
3070 1627 3434 1698 temporibus.

1861 1714 2217 1795 quantumvis
2249 1715 2507 1791 gravibus
2548 1716 2810 1773 aerumnis
2861 1718 3065 1783 vexati,
3111 1733 3225 1772 sua:
3253 1725 3437 1771 tamen

1861 1829 1992 1884 erga
2022 1828 2125 1868 nos
2156 1807 2868 1880 benevolentia3(majorem
2904 1825 3122 1881 semper
3152 1812 3435 1866 cumulum

1861 1903 2263 1975 addiderunt);
2320 1918 2386 1957 ac
2445 1898 2709 1972 praeterea
2765 1899 2961 1957 domus
3016 1901 3178 1958 unice
3215 1902 3434 1965 dilecta,

1863 1980 2063 2052 fratres
2094 1996 2112 2063 (
2131 1992 2553 2065 conSaliguinei,
2587 1992 2862 2063 sodales),
2898 1992 3220 2057 familiares,
3249 1992 3435 2054 amici,

1862 2089 2041 2155 focus,
2076 2102 2287 2151 mensa,
2320 2086 2459 2140 cella
2500 2084 2749 2157 penaria,
2784 2084 3087 2156 stragulus,
3127 2098 3434 2145 scamnum,

1862 2190 2061 2241 saeclis
2116 2181 2338 2254 (mutua
2391 2178 2723 2250 colloquia),
2786 2178 3059 2249 lacrymae,
3106 2191 3229 2247 quae
3256 2177 3437 2231 omnia

1860 2290 2024 2347 quam
2058 2272 2240 2330 dulcia
2268 2272 2401 2337 sint,
2433 2278 2489 2328 et
2514 2278 2779 2342 quantum
2817 2277 3043 2340 propter
3077 2268 3438 2325 consuetudi-

1863 2379 1987 2420 nem
2020 2363 2104 2418 sui
2144 2361 2480 2417 desiderium
2512 2359 2757 2416 excitent
2789 2359 3293 2430 (supervacaneum
3334 2358 3440 2413 erit

1862 2470 1964 2511 nos
1997 2453 2236 2523 dicere),
2297 2466 2423 2507 cum
2460 2451 2700 2508 sciamus
2752 2459 2804 2506 te
2848 2450 2901 2506 id
2932 2450 3096 2506 etiam
3130 2450 3186 2505 in
3215 2450 3327 2505 tuis
3372 2448 3441 2503 ad

1863 2563 1963 2602 nos
1993 2545 2189 2602 litteris
2214 2550 2678 2609 commemorare;
2710 2557 2830 2613 quae
2854 2553 3034 2597 autem
3061 2543 3253 2596 horum
3281 2541 3440 2595 nobis

1862 2639 1984 2693 loco
2018 2651 2357 2702 successere,-
2409 2650 2478 2689 ne
2523 2634 2653 2704 quid
2686 2634 2974 2689 molestum
3015 2634 3195 2688 dicere
3227 2632 3438 2691 videar.

1861 2736 1979 2783 tute
2035 2727 2150 2797 ipse
2201 2724 2509 2781 considera.
2574 2724 2655 2779 Ad
2700 2733 2946 2779 extrema
2994 2724 3117 2779 vine
3157 2724 3439 2785 redactus,

1862 2834 2058 2876 rursus
2083 2817 2489 2890 quodammodo
2520 2817 2703 2872 vivere
2736 2817 2960 2887 incipio,
2994 2818 3180 2886 (atque
3204 2814 3437 2883 discere)

1861 2926 2030 2983 cogor
2057 2909 2342 2980 probatam
2379 2922 2526 2963 nunc
2559 2908 2818 2962 omnibus
2859 2922 3066 2961 morum
3112 2906 3435 2969 versutiam,

170 2999 381 3052 λονται.
415 2997 589 3059 Πολὺς
618 2996 675 3050 δὲ
706 2996 837 3068 παρ’
860 2996 1069 3061 αὐτοῖς,
1100 2999 1194 3050 καὶ
1225 2996 1667 3067 άκαταγῶνιστος
1691 3002 1752 3071 τῇ

1865 3003 2169 3074 discipulus
2196 3001 2460 3068 improba:
2489 2999 2698 3073 (hujus)
2727 3000 3047 3057 calliditatis
3079 3015 3204 3057 sero
3238 2998 3436 3061 factus,

168 3090 402 3161 δυνάμει
434 3086 687 3160 ὁμα[ρτεῖ
722 3087 871 3151 δόλος
902 3086 1041 3159 (84)]
1070 3131 1083 3153 ,
1118 3090 1197 3152 είς
1239 3088 1575 3160 στρατηγίαν
1620 3109 1756 3162 προσ

172 3179 529 3250 ϋεῆλημένος,
560 3177 751 3249 ὥσπερ
778 3194 863 3242 τις
897 3178 1206 3249 ἀγωνιστὴς
1242 3178 1561 3249 περιδέξιος,
1593 3180 1753 3252 διπλῇ

172 3275 244 3344 τῇ
292 3270 436 3341 χειρὶ
475 3268 570 3323 τοῦ
606 3268 736 3323 ἰδίου
778 3268 1008 3342 στρατοῦ
1052 3269 1488 3341 προμαχόμενος,
1534 3271 1611 3342 πῆ
1653 3274 1755 3342 μὲν

170 3361 529 3434 δασμολογῶν
578 3361 705 3425 τοὺς
750 3359 1117 3432 ὑποχειρίους,
1164 3360 1247 3432 πῆ
1286 3360 1345 3414 δὲ
1384 3359 1593 3430 βάλλων
1632 3356 1753 3433 (85)

171 3456 304 3518 τοὺς
350 3452 881 3525 προστυγχάνοντας.
909 3452 973 3504 El.
999 3452 1056 3505 δὲ
1091 3452 1186 3504 καὶ
1216 3451 1315 3523 τὴν
1354 3452 1485 3523 εῖσω
1507 3452 1662 3523 ἡμῶν
1681 3452 1757 3506 δι-

172 3547 404 3621 αγωγὴν
454 3544 751 3611 ἐξετάζοις,
782 3544 1039 3616 εὑρήσεις
1083 3543 1217 3598 ἄλλα
1260 3551 1504 3599 τοιαῦτα·
1535 3545 1755 3600 οἰκίδιον

174 3638 464 3710 πνιγηρόν,
498 3636 719 3708 κρυμῷ,
765 3637 860 3689 καὶ
893 3634 1063 3705 ζόφῳ,
1119 3637 1213 3691 καὶ
1259 3638 1609 3710 στενοχωρίᾳ,
1660 3640 1757 3693 καὶ

175 3733 313 3787 πᾶσι
344 3732 457 3792 τοῖς
502 3728 769 3791 τοιούτοις
805 3726 990 3792 καλοῖς
1037 3728 1454 3801 εὑθηνούμενον,
1492 3730 1605 3800 βίον
1651 3731 1757 3786 ὑπὸ

173 3826 399 3880 πάντων
429 3821 989 3894 μωμοσκοπούμενον,
1024 3820 1230 3893 φωνὴν.
1262 3822 1357 3875 καὶ
1397 3821 1636 3893 βλέμμα,
1661 3825 1756 3877 καὶ

176 3916 404 3989 ἱματίου
460 3912 772 3986 περιϐολὴν,
834 3913 1017 3986 χειρός
1044 3930 1104 3965 τε
1149 3913 1385 3984 κίνησιν,
1434 3914 1528 3968 καὶ
1581 3915 1759 3969 ποδῶν

172 4009 339 4063 ποιὰν
374 4007 583 4069 στάσιν,
622 4006 716 4059 καὶ
754 4006 933 4061 πάντα
977 4006 1609 4077 πολυπραγμονούμενα·
1661 4010 1756 4063 καὶ

172 4102 227 4155 εί
257 4100 333 4172 μὴ
366 4099 500 4155 δασὺ
529 4094 716 4171 ἆσθμα
735 4099 820 4154 διὰ
843 4098 1039 4153 πολλοῦ
1068 4099 1452 4170 προχεόμενον,
1479 4102 1570 4155 καὶ
1597 4102 1646 4155 εί
1678 4102 1753 4173 μὴ

174 4192 408 4263 συνεχὴς
440 4190 731 4246 διαδίδοται
774 4191 1075 4262 στεναγμὸς
1116 4191 1212 4245 σὺν
1250 4190 1330 4262 τῷ
1364 4191 1625 4264 ἄσθματι,
1661 4194 1751 4248 καὶ

1863 3097 1938 3151 ita
1974 3104 2035 3151 ut
2077 3109 2362 3166 nunquam
2392 3109 2503 3150 non
2532 3094 2609 3149 rei
2651 3093 3047 3164 turpitudinem
3090 3092 3436 3148 erubescam.

1862 3189 1930 3243 At
1958 3187 2257 3243 adversarii
2300 3187 2445 3241 hanc
2499 3186 2824 3257 sapientiam
2870 3186 3073 3250 edocti,
3120 3192 3175 3240 et
3216 3199 3438 3239 servare

1862 3278 2009 3350 quod
2050 3276 2380 3339 didicerunt,
2428 3283 2483 3332 et
2532 3275 2681 3346 quod
2733 3274 2975 3330 nondum
3023 3274 3229 3339 sciunt,
3278 3271 3440 3327 facile

1861 3369 2182 3426 adinvenire
2220 3375 2495 3440 possunt:
2528 3367 2688 3439 longe
2713 3367 2897 3437 itaque
2923 3365 3256 3435 jaculantcs,
3290 3362 3436 3418 acri-

1857 3477 1939 3525 ter
1965 3474 2231 3539 pugnant,
2275 3466 2595 3537 phalangem
2634 3464 2774 3519 inter
2821 3460 3184 3533 prmliandum
3234 3456 3438 3512 adden-

1860 3569 2005 3621 saut,
2044 3558 2113 3612 ad
2142 3557 2323 3629 (suam
2341 3564 2555 3610 tantum
2580 3553 2897 3620 utilitatem)
2924 3550 3248 3622 pnel'antur,
3271 3562 3439 3617 exag-

1855 3648 2236 3725 gerationibus
2266 3646 2609 3702 audientium
2638 3644 2854 3699 animos
2891 3649 3299 3713 praeoccupant,
3338 3656 3438 3694 au-

1858 3744 2149 3801 xiliaribus
2197 3741 2366 3797 sociis
2402 3739 2773 3809 undequaque
2833 3738 3135 3806 stipantur.
3196 3734 3439 3805 Insignis

1848 3843 2055 3896 autem,
2096 3831 2350 3899 idemque
2392 3826 2784 3897 insuperabilis
2821 3824 3022 3895 (dolus
3072 3824 3225 3893 ipsos
3268 3821 3437 3877 comi-

1849 3925 2051 3997 tatur),
2084 3923 2139 3978 in
2171 3936 2363 3978 eorum
2394 3919 2677 3977 exercitus
2706 3918 2902 3974 ducem
2923 3916 3248 3986 designatus
3271 3955 3285 3980 ,
3314 3923 3437 3968 tan-

1861 4028 2026 4086 quam
2062 4010 2403 4067 ambidexter
2425 4007 2648 4079 quidam
2678 4012 2968 4078 pugnator,
3006 4006 3182 4076 prima
3214 4003 3269 4058 in
3294 4005 3434 4067 acie,

1862 4114 2097 4175 utraque
2142 4116 2307 4155 manu
2352 4097 2667 4157 decertans,
2718 4106 2775 4151 et
2820 4096 2923 4150 hac
2972 4095 3189 4162 quidem
3229 4092 3435 4147 tributa

1859 4212 1927 4255 ex
1961 4195 2066 4253 sibi
2114 4192 2355 4251 subditis
2392 4191 2682 4261 colligens,
2740 4188 2829 4242 illa
2869 4201 2998 4242 vero
3043 4185 3237 4241 obvios
3267 4197 3436 4253 quos-

172 4287 227 4339 εί
261 4284 336 4355 μὴ
367 4283 675 4336 διεκπίπτει
704 4282 802 4354 τῆς
833 4281 1009 4354 ζώνης
1041 4283 1200 4353 ἡμῶν
1232 4283 1293 4336 τὸ
1339 4284 1585 4355 χιτώνιον
1613 4285 1750 4355 (86),

1865 4305 1967 4362 que
2004 4288 2321 4344 vulnerans.
2373 4284 2532 4353 Quod
2578 4285 2623 4339 si
2664 4296 2750 4350 ea,
2790 4296 2911 4352 qua:
2941 4280 3008 4335 ad
3055 4278 3282 4348 privatae
3313 4276 3436 4330 vita:

172 4376 272 4431 καὶ
297 4374 429 4430 αὑτὸ
474 4373 532 4427 δὲ
580 4372 641 4427 τὸ
676 4374 753 4444 μὴ
796 4371 1099 4443 κεχρῆσθαι
1134 4374 1201 4443 τῇ
1234 4369 1401 4444 ζώνῃ,
1448 4375 1543 4427 καὶ
1584 4376 1631 4427 εἰ
1678 4375 1752 4447 μὴ

1865 4388 2067 4437 nostrae
2107 4379 2375 4435 rationem
2429 4376 2721 4447 pertinent,
2758 4389 2999 4446 quaeras,
3030 4373 3139 4426 alia
3172 4371 3432 4441 hujusce-

252 4553 362 4625 (75)
398 4550 481 4619 Τῷ
502 4551 612 4620 τῆς
631 4551 870 4623 ἀγάπης
983 4552 1453 4634 συντφμοσμένα
1485 4554 1646 4677 ήῦιῖν.
1671 4555 1726 4611 Id

252 4624 406 4677 μσιος
445 4622 585 4677 νόσω
608 4666 622 4677 .
657 4623 1074 4677 συνηρμοσμένη
1107 4622 1387 4677 κινδυνοις.
1411 4655 1480 4663 -
1551 4625 1636 4677 Ide
1680 4642 1726 4677 ai

173 4622 406 4695 συμϐιος
445 4622 585 4693 νόσῳ
608 4666 622 4688 ,
657 4622 1074 4694 συνηρμοσμένη
1107 4622 1387 4687 κινδύνοις.
1411 4655 1480 4663 -
1506 4622 1636 4679 Vide
1680 4642 1749 4681 an

171 4697 405 4779 haechet
441 4693 693 4779 proxime
715 4709 951 4779 sequer
985 4692 1296 4779 lacunafic
1318 4694 1510 4779 melius
1541 4697 1747 4766 expleri

172 4765 385 4837 possit,
424 4763 839 4885 κατηξιώθημεν
862 4804 877 4830 ,
906 4764 943 4817 ἃ
980 4763 1073 4816 καὶ
1102 4762 1234 4832 ἡμῖν
1278 4763 1428 4848 νόμῳ
1472 4762 1751 4845 συνηρμο-

173 4837 355 4905 σμένα
391 4833 643 4904 ἀγάπης,
670 4850 741 4887 κα
772 4832 1189 4905 κακοπαθείαις
1213 4832 1275 4905 ὲν
1291 4850 1403 4905 τοις
1430 4852 1539 4905 των
1569 4853 1752 4899 πειρα-

170 4903 330 4976 σμῶν
369 4903 579 4975 καιροῖς
604 4904 863 4957 ἐπιτείνει
891 4903 1293 4976 πρὸς-ήμᾲᾶςᾲτὸ
1319 4903 1689 4976 φιλόστοργον.

246 4976 360 5046 (76)
423 4971 848 5028 Ἐπιτείνοντα.
905 4971 984 5027 Id.
1027 4971 1433 5044 ὲπιδειξαμένη.
1487 4971 1551 5027 Et
1587 4971 1748 5040 'mox,

166 5050 365 5102 οἰκεῖοι
392 5060 489 5116 pro
517 5047 741 5115 ἑταῖροι.

247 5113 744 5188 (77)-ῩΣυνουσία.
795 5113 1124 5188 1‹1.ῌγωνία’
1167 5113 1528 5188 ή-προσευχή.
1580 5114 1751 5170 Paulo

170 5184 329 5259 post,
344 5184 637 5259 δεήσομεν
655 5184 789 5259 πρὸς
821 5184 998 5238 εἰδότα
1029 5200 1088 5259 σε
1119 5185 1371 5259 γράφειν.

245 5257 361 5325 (78)
399 5254 576 5309 Locus
626 5254 727 5309 iste
773 5257 847 5309 ita
885 5254 1221 5325 supplendus
1252 5270 1373 5325 esse
1405 5254 1654 5321 videtur,
1692 5264 1751 5309 ut

169 5322 441 5432 I’eg‘am'us,
479 5326 632 5407 οὐδὲν
667 5326 1026 5432 δεήσειχημᾶς
1058 5322 1258 5392 λέγειν,
1287 5324 1493 5390 εἰδότας
1526 5342 1587 5378 σε
1614 5326 1752 5396 γρά·

170 5397 296 5466 ψει.
330 5397 410 5450 vel
439 5398 640 5466 potius,
675 5413 753 5448 σοι
779 5396 1006 5464 γράψαι.

246 5468 356 5537 (79)
388 5463 591 5520 [hirta
644 5468 794 5537 κατὰ
822 5463 1087 5518 σαυτόν.
1141 5463 1219 5519 Id.
1254 5464 1431 5519 πάντα
1468 5467 1543 5530 ὡς
1575 5465 1749 5528 ἄλλως

172 5536 307 5607 εχει.
344 5537 464 5590 Mox
500 5536 790 5607 μανθάνειν
817 5538 1019 5607 absque
1044 5551 1122 5588 τε.

245 5610 358 5678 (80)
402 5604 715 5676 Ὀψίιμαθὲς
748 5606 1113 5672 κακότροπος
1148 5604 1402 5678 τῆς.
1435 5605 1509 5660 Id.
1541 5606 1749 5676 ὀψομα-

174 5674 270 5750 θὴς
298 5674 663 5750 κακοτροπίας
695 5680 788 5731 καὶ
817 5678 1087 5746 τοιαύτης.
1116 5706 1126 5714 -
1162 5704 1184 5713 -
1213 5674 1436 5730 Videtur
1478 5678 1563 5731 hic
1595 5674 1747 5730 locus

1860 4563 1933 4634 ita
1992 4563 2203 4619 restitui
2246 4563 2477 4628 debere,
2512 4561 2786 4632 ὀψιμαθὴς
2843 4559 3184 4631 κακοτρόπου
3227 4562 3432 4634 ταύτης

1858 4630 1957 4700 τῆς
1988 4634 2320 4704 πανουργίας
2346 4630 2648 4704 γινόμενος.

1930 4704 2039 4775 (81)
2068 4701 2296 4759 Videtur
2351 4701 2497 4775 loqui
2552 4703 2828 4775 Nyssenrts
2869 4705 2939 4775 de
2990 4701 3427 4775 Macedonianis;

1857 4773 1983 4827 nam
2011 4773 2207 4829 Similia
2241 4775 2309 4829 de
2339 4774 2545 4828 eisdem
2577 4773 2736 4827 habet
2783 4774 3017 4830 Basilius
3074 4775 3127 4828 in
3165 4773 3305 4826 libro
3357 4773 3432 4827 De

1858 4842 2063 4912 Spiritu
2092 4857 2298 4907 sancto,
2319 4844 2498 4913 capite
2526 4842 2737 4907 ultimo,
2759 4844 2847 4899 ubi
2869 4844 3126 4900 miserum
3156 4843 3427 4899 Ecclesia-

1860 4929 1977 4967 rum
2010 4915 2236 4968 orientis
2268 4922 2468 4969 statqu
2506 4913 2624 4968 fuse
2653 4913 2935 4968 describit.

1925 4984 2036 5037 (82)
2079 4983 2157 5037 Τῆ
2189 4984 2551 5037 διδασκαλία
2727 4984 2935 5037 ἱκανοί.

2078 4983 2157 5053 Τῇ
2189 4984 2551 5049 διδασκαλίᾳ
2727 4984 2940 5038 ἱκανοί.
2996 4981 3073 5037 Id.
3120 4983 3426 5038 διδάσκαλοι

1852 5051 1951 5123 τῆς
1986 5051 2175 5139 σοφίας
2202 5054 2342 5108 είσὶν
2382 5052 2554 5106 ἱκανοὶ
2578 5051 2798 5124 ταύτης.
2840 5054 3007 5109 Paulo
3041 5064 3188 5121 ante,
3228 5055 3304 5117 ὡς
3332 5056 3427 5109 καὶ
3528 5133 3535 5139 ι

1988 5125 2063 5178 ὲν.

1926 5196 2038 5264 (85)
2079 5194 2397 5264 Τοιγαροῦν
2559 5190 2907 5264 πρόσφορον
2956 5194 3159 5260 αὐτοῖς
3208 5198 3428 5261 προλο-

1852 5263 2128 5335 γίζονται.
2173 5263 2247 5318 Id.
2286 5263 2554 5335 συστάδην
2706 5263 2909 5334 ἀφανὲς
2939 5264 3371 5334 προλοχίζονται.

1926 5334 2039 5398 (8t)
2090 5334 2357 5404 Ὀμαρτεῖ
2386 5333 2585 5401 δόλος.
2632 5335 2712 5404 Id.
2744 5333 2773 5387 ὁ
2803 5335 3085 5404 μαμωνάς.

1928 5406 2038 5474 (Attii)
2066 5402 2335 5460 Bdlltw.
2356 5406 2432 5460 Id.
2456 5404 2648 5459 ἄλλων.
2676 5402 2739 5457 Et
2760 5402 2905 5475 mox,
2935 5406 2992 5456 ὲν
3019 5405 3117 5475 ἴσῳ
3148 5420 3244 5475 pro
3272 5405 3418 5459 εἵσω.

1928 5477 2040 5545 (86)
2063 5475 2137 5528 Ita
2163 5474 2571 5545 emendandum
2587 5475 2773 5545 censui
2792 5474 3117 5545 (Vaticanum
3150 5474 3417 5545 'codicem,

1860 5545 1911 5599 in
1937 5544 2047 5614 quo
2083 5547 2295 5615 legitur,
2324 5547 2415 5599 κα)⁵
2444 5547 2489 5598 εί
2518 5544 2593 5614 μὴ
2618 5544 2925 5598 διεκπίπτει
2958 5545 3056 5610 τῆς
3094 5545 3237 5616 ζωῆς
3267 5544 3425 5617 ἡμῶν

1860 5617 1918 5667 τὸ
1956 5615 2223 5667 γιτὼνιον.

1860 5633 1918 5669 το
1956 5634 1987 5685 χ
1996 5633 2223 5672 ιτωνιον.
