3834 6464
132 386 272 443 11)τὸ

1312 383 1690 440 EPISTOLJE.
1722 413 1792 424 ——-
1826 383 2041 441 EPIST.
2082 383 2214 443 XIX.

3267 387 3402 439 10H

123 507 209 578 τῷ
233 506 332 579 μὲν
357 505 502 576 λόγῳ
532 504 623 561 τὸν
653 503 813 577 ὀρθὸν
843 503 959 577 βίον
1001 500 1342 568 ἐτυπώσατο,
1365 502 1454 556 τὸν
1476 502 1533 555 δὲ
1568 502 1715 573 φίλον

1826 502 2244 573 exsuperantias
2279 502 2641 572 gratiﬁcetur,
2685 509 2739 558 ct
2767 501 2948 575 ipsum
2978 516 3233 558 sermone
3257 502 3401 561 ciliu-

124 600 190 653 ού
222 598 423 669 μᾶλλον
450 599 713 668 ἐσέμνυνε
738 599 859 661 ταῖς
893 596 1002 650 τῶν
1036 595 1270 650 ἐπαίνων
1302 593 1649 665 ὑπερϐολαῖς,
1678 594 1712 666 ἢ

125 689 406 759 διήλεγξεν
453 689 948 759 ἀντιφθεγγόμενον
991 686 1081 741 διὰ
1121 686 1213 741 τοῦ
1263 687 1378 756 βίου
1423 684 1502 756 τῷ
1536 685 1711 755 λόγῳ,

127 781 227 833 καὶ
245 778 405 834 ἄλλον
429 779 778 850 δεικνύμενον
798 779 831 850 ἢ
859 774 971 842 οἷος
991 778 1291 851 νομίζεται.
1317 777 1380 830 Τί
1402 773 1495 830 οὖν
1513 779 1541 830 ὁ
1560 776 1715 844 λόγος

132 888 225 941 μοι
273 871 560 942 βούλεται;
594 867 749 924 Εἶδον
783 872 843 922 ἐν
882 871 995 932 τοῖς
1031 868 1323 940 γράμμασι
1355 868 1454 939 τῆς
1495 867 1716 937 ἀγάπης

130 982 227 1017 σου
254 962 368 1020 οἷον
396 962 684 1036 ἀνδριάντα
727 962 847 1017 τινὰ
887 961 1025 1033 πρὸς
1060 962 1121 1013 τὸ
1155 961 1452 1034 ἀκρότατον
1478 960 1717 1030 ἀπηκρι-

126 1056 418 1128 ϐωμένον,
479 1051 526 1125 ᾧ
564 1056 739 1126 ὄνομα
786 1051 856 1126 ἦν
900 1054 1012 1124 ἐγώ
1043 1070 1057 1086 ο
1103 1054 1203 1124 ἐμὲ
1258 1053 1366 1125 γὰρ
1423 1053 1612 1124 ἐδήλου
1655 1053 1717 1106 τὸ

128 1149 387 1220 γράμμα.
435 1148 573 1203 Ἀλλ’
617 1147 804 1220 ἐπειδὴ
855 1146 1043 1221 ὥσπερ
1074 1148 1133 1200 ἐν
1173 1146 1460 1218 κατόπτρῳ
1502 1144 1580 1215 τῷ
1614 1144 1715 1216 βίῳ

130 1238 246 1310 ἐγὼ
264 1239 341 1310 τῷ
365 1237 600 1311 ἐμαυτοῦ
628 1238 771 1293 κατά
797 1239 976 1292 πᾶσαν
1000 1235 1283 1308 ἀκρίϐειαν
1304 1236 1511 1300 ἐνιδὼν,
1544 1235 1715 1303 ἔγνων

125 1331 368 1402 ἐμαυτὸν
412 1329 671 1401 πάμπολυ
717 1329 1117 1400 κεχωρισμένον
1156 1328 1253 1400 τῆς
1296 1327 1386 1382 διά
1433 1328 1526 1381 τοῦ
1556 1328 1713 1397 λόγου

128 1424 347 1495 γραφῆς
371 1440 385 1454 ο
422 1423 483 1476 σὲ
514 1422 613 1493 μὲν
644 1420 1014 1493 ἀπεδειξάμην
1045 1422 1139 1476 καὶ
1164 1421 1251 1476 διὰ
1279 1421 1481 1476 τούτων
1513 1421 1573 1475 τὸ
1592 1422 1713 1490 φιλ-

126 1513 335 1581 άγαθον
377 1512 646 1579 δείξαντα.
682 1514 760 1564 Δι’
788 1504 864 1565 ὧν
892 1511 999 1584 γὰρ
1031 1512 1270 1568 τοιοῦτον
1301 1509 1441 1567 εἶναι
1467 1511 1712 1579 νομίσας,

125 1604 383 1658 τοσοῦτον
411 1603 727 1675 ἠγάπησας,
762 1603 1167 1675 ἐναργεστάτην
1186 1602 1458 1668 ἀπόδειξιν
1484 1605 1580 1676 τῆς
1608 1605 1716 1657 τῶν

125 1696 348 1767 τρόπων
381 1714 475 1750 σου
504 1695 806 1767 πεποίησαι
845 1694 1172 1767 δεξιότητος.
1207 1697 1295 1760 Ὦς
1334 1696 1589 1767 οὐδεμίαν
1622 1696 1715 1751 ἄλ-

124 1788 230 1858 λην
254 1787 348 1842 τοῦ
392 1788 615 1859 ἀγαπᾷν
645 1787 902 1860 ἀφορμὴν
936 1788 1075 1860 πλὴν
1118 1787 1216 1861 τὴν
1257 1789 1480 1861 ἀρετὴν,
1520 1785 1589 1861 ἦς
1622 1792 1715 1844 καὶ¹

1818 600 1930 663 gat,
1968 608 2076 645 nun
2129 595 2307 662 qualis
2356 603 2460 658 est,
2489 596 2585 650 sed
2620 596 2841 667 qualem
2886 609 3007 650 esse
3052 594 3209 650 decet
3248 610 3398 657 cum,

1817 682 1932 751 qui,
1964 684 2109 753 quod
2154 686 2377 738 omnino
2414 686 2715 755 perfectum
2749 694 2857 754 est,
2904 687 3133 742 obtinet.
3184 687 3400 741 Oratio-

1819 790 1886 829 ne
1915 775 2134 844 quidem
2178 785 2383 831 rectam
2420 777 2567 832 illius
2599 778 2767 832 vitam
2803 778 2850 834 is
2884 777 3112 849 ﬁgurat;
3159 778 3397 831 amicum

1818 882 1947 921 vero
1970 882 2032 921 ea
2063 866 2284 922 laudum
2320 868 2692 937 superlatione
2709 884 2819 922 non
2843 870 3017 937 magis
3040 868 3395 924 veneratione

1818 957 2042 1026 dignum
2079 958 2291 1024 reddet,
2323 974 2486 1029 quam
2516 960 2810 1030 redargnet
2849 961 3084 1016 orationi
3118 962 3228 1016 vita
3262 976 3396 1015 cono

1820 1050 2211 1118 tradieentcm;
2232 1060 2287 1105 et
2310 1050 2476 1105 alium
2504 1066 2627 1107 sese
2661 1052 3065 1118 ostendentem,
3083 1068 3247 1123 quam
3262 1069 3400 1123 qua-

1819 1144 1888 1198 lis
1930 1143 2299 1200 existimatur.
2343 1142 2487 1211 Quid
2517 1144 2687 1216 igitur
2720 1144 2821 1200 sibi
2853 1146 2967 1199 vult
2989 1161 3141 1201 meus
3173 1147 3400 1202 sermo?

1820 1234 1941 1291 Vidi
1987 1236 2042 1291 in
2086 1237 2285 1293 litteris
2331 1237 2616 1293 eharitatis
2668 1245 2774 1293 tuae
2824 1238 3003 1308 qualis
3040 1245 3221 1293 statua
3251 1255 3396 1307 qua:-

1818 1330 1941 1383 dam
1994 1345 2211 1387 summa
2263 1330 2547 1401 diligentia
2604 1339 2725 1385 erat
2777 1330 2851 1385 ibi
2918 1330 3196 1385 elaborata
3243 1346 3259 1384 :
3307 1332 3397 1384 cui

1819 1438 2015 1477 nomen
2052 1438 2203 1479 eram
2238 1437 2359 1494 ego.
2410 1421 2497 1477 Me
2543 1422 2746 1479 etenim
2778 1421 3068 1478 manifeste
3119 1420 3397 1476 indicabat

1817 1516 2070 1587 epistola.
2093 1514 2158 1569 At
2183 1515 2406 1579 deinde,
2430 1515 2509 1569 uti
2535 1515 2587 1568 in
2611 1514 2857 1585 speculo,
2887 1514 2940 1568 in
2968 1514 3190 1569 meimet
3222 1513 3397 1583 ipsius

1817 1609 1932 1663 vita
1979 1608 2129 1663 omni
2172 1608 2459 1679 diligentia
2499 1623 2598 1680 ego
2647 1623 2733 1663 me
2783 1607 3114 1679 inspiciens,
3162 1607 3396 1679 cognovi

1820 1717 1907 1757 me
1932 1702 2112 1771 ipsum
2138 1702 2366 1755 omnino
2396 1702 2465 1756 ab
2504 1716 2569 1757 eo
2605 1700 2818 1770 scripto
2848 1708 3072 1771 propter
3098 1700 3252 1756 illum
3276 1714 3394 1755 ser-

1820 1809 2039 1849 monem
2077 1794 2284 1849 distare
2317 1802 2481 1864 atque
2522 1792 2822 1858 recedere;
2868 1802 2919 1847 te
2948 1808 3079 1847 vero
3111 1793 3397 1864 perspicue

127 1884 262 1953 ήμῖν
289 1899 345 1934 τι
389 1882 630 1951 μετεῖναι
662 1878 920 1950 νομίζων,
951 1881 1011 1934 ἐν
1041 1881 1155 1942 τοῖς
1192 1880 1585 1950 γνησιωτάτοις
1610 1881 1715 1935 τῶν

1826 1886 1974 1942 sensi
2008 1901 2156 1954 eum,
2196 1885 2292 1956 qui
2318 1886 2399 1941 vel
2422 1892 2649 1957 propter
2679 1885 2795 1940 haec
2827 1884 3118 1954 probitatis
3151 1898 3396 1939 amorem

128 1972 302 2042 φίλων
324 1971 504 2043 ἔσχες.
535 1971 627 2025 Διὸ
649 1971 832 2033 καλῶς
856 1970 1000 2043 ἔχειν
1021 1970 1209 2042 ᾠήθην
1227 1970 1294 2025 δι’
1320 1970 1558 2042 ἐμαυτοῦ
1585 1972 1722 2042 μᾶλ-

129 2067 224 2122 λον
253 2066 319 2121 τὸ
338 2063 581 2136 ἐμαυτοῦ
606 2064 918 2134 γινώσκειν,
942 2064 976 2136 ἢ
1010 2068 1132 2127 ταῖς
1163 2064 1366 2137 ἐτέρων
1394 2065 1721 2138 μαρτυρίαις

130 2158 499 2230 παράγεσθαι·
547 2156 651 2211 κᾶν
684 2158 743 2211 ἐν
778 2158 892 2220 τοῖς
916 2155 1096 2220 ἄλλοις
1129 2157 1295 2211 πᾶσιν
1337 2151 1557 2235 ἀληθεῖς
1587 2151 1723 2211 ὧσιν

128 2253 180 2305 οἱ
217 2251 515 2324 μάρτυρες.
565 2249 737 2306 Τοῦτο
782 2249 891 2321 γάρ
936 2250 1029 2303 καὶ
1071 2251 1100 2303 δ
1133 2250 1510 2323 παροιμιώδης
1561 2250 1721 2321 λόγος

130 2346 453 2417 παρεγγυᾷ·
485 2343 696 2399 ιαυτῶν
724 2343 1105 2415 ἐπιγνώμονας
1131 2344 1401 2412 γίνεσθαι,
1429 2343 1557 2407 τοὺς
1590 2344 1720 2415 μέλ-

127 2438 326 2501 λοντας
365 2434 509 2489 κατὰ
544 2434 638 2487 τὸν
658 2432 887 2501 ·ἐξωθεν
929 2432 1087 2503 λόγον
1136 2434 1364 2498 ἑαυτοὺς
1405 2433 1720 2502 γινώσκειν.

139 2528 310 2583 Ἀλλὰ
328 2527 505 2582 ταῦτα
531 2527 631 2595 μὲν
651 2527 732 2591 είς
749 2524 1024 2592 τοσοῦτον,
1048 2525 1124 2590 ὡς
1148 2524 1215 2579 ἂν
1238 2526 1313 2598 μὴ
1336 2525 1552 2597 δοκοίην
1572 2527 1723 2597 αὐτῷ

124 2622 212 2693 τῷ
245 2620 636 2694 παραιτεῖσθαι
676 2620 769 2674 τὸν
817 2620 1059 2684 ἔπαινον,
1108 2619 1218 2673 τῶν
1259 2619 1499 2675 ἐπαίνων
1536 2636 1721 2674 κατει-

127 2712 489 2785 ρωνεύεσθαι.
533 2712 689 2767 Ἐπεὶ
732 2712 790 2765 δὲ
826 2709 1150 2766 διεκελεύσω
1188 2711 1379 2780 λόγους
1408 2710 1562 2774 τινὰς
1593 2711 1723 2782 περὶ

124 2806 242 2860 τῶν
268 2806 404 2877 ἡμῖν
432 2804 781 2875 ζητουμένων
804 2804 1117 2874 πονήσαντα
1141 2802 1421 2872 ὠφελῆσαί
1446 2818 1499 2855 τι
1527 2800 1589 2854 τὸ
1610 2818 1723 2855 κοι-

124 2901 227 2954 νὸν
244 2899 334 2953 διὰ
353 2899 451 2969 τῆς
472 2894 727 2969 τοιαύτης
749 2895 989 2965 σπουδῆς
1005 2912 1018 2928 ο
1047 2895 1282 2964 γίνωσκε
1305 2892 1556 2947 τοσοῦτον
1574 2894 1724 2963 ἡμᾶς

129 2990 536 3063 μετεσχηκέναι
563 2989 781 3061 σχολῆς,
812 2988 937 3042 ὅσον
970 2986 1168 3059 μικροῦ
1197 2985 1309 3040 δεῖν
1329 2986 1556 3049 ἐκεῖνος,
1594 2985 1724 3056 περὶ

125 3083 195 3141 οὗ
229 3086 365 3158 φησί
406 3102 493 3148 τις
542 3084 651 3137 τῶν
698 3083 995 3155 προφητῶν
1024 3082 1107 3135 ὅτι
1144 3079 1483 3152 συμπλακεὶς
1526 3080 1720 3142 λέοντι,

1819 1984 1874 2033 et
1912 1977 2157 2033 studium
2202 1987 2723 2033 commonstrares:
2767 1991 2865 2046 per
2911 1992 3032 2047 qua:
3077 1976 3280 2032 etenim
3310 1991 3398 2031 me

1820 2069 1989 2125 talem
2013 2084 2138 2127 esse
2161 2070 2492 2126 existimans
2517 2076 2731 2124 tantum
2767 2069 2963 2125 amasti
2990 2085 3006 2135 ;
3049 2068 3289 2123 instituti
3314 2068 3395 2122 tui

1820 2162 2062 2217 solertiae
2090 2162 2519 2218 declarationem
2552 2161 2735 2217 fecisti
2774 2161 3246 2218 evidentissimam
3274 2180 3289 2227 ;
3338 2168 3400 2215 ut

1820 2252 2027 2306 nullam
2054 2252 2218 2307 aliam
2241 2266 2430 2307 amore
2451 2250 2842 2321 eomplectaris
2865 2250 3180 2307 facultatem
3204 2258 3401 2321 praeter

1821 2346 2083 2400 virtutem
2116 2362 2129 2397 :
2163 2346 2325 2415 cujus
2350 2352 2404 2399 et
2435 2346 2592 2401 nobis
2633 2345 2933 2416 quidquam
2961 2345 3131 2414 partis
3160 2358 3283 2399 esse
3310 2343 3401 2413 ju-

1821 2436 2034 2501 dicans,
2081 2436 2225 2492 inter
2276 2438 2523 2492 omnium
2577 2439 2814 2493 maxime
2870 2437 3143 2508 legitimos
3191 2436 3401 2492 amice:

1822 2545 1924 2585 nos
1955 2530 2148 2585 habes.
2186 2529 2573 2585 Beneideireo
2594 2544 2719 2587 esse
2748 2530 2935 2599 putavi
2964 2546 3028 2584 ex
3058 2538 3257 2584 memet
3280 2529 3403 2599 ipso

1822 2622 2031 2694 magis,
2081 2638 2207 2693 qum
2246 2622 2301 2676 in
2345 2638 2431 2677 me
2474 2622 2595 2694 ipso
2625 2630 2789 2689 sunt,
2826 2622 3195 2693 dignoscere,
3235 2637 3399 2691 quam

1823 2715 2055 2768 aliorum
2088 2713 2421 2768 testimoniis
2469 2713 2698 2778 seduci,
2737 2712 2844 2767 etsi
2876 2712 2931 2766 in
2974 2712 3097 2765 aliis
3140 2712 3401 2766 omnibus

1823 2808 1939 2864 veri
1996 2809 2101 2877 ipsi
2158 2807 2271 2861 sint
2319 2813 2535 2861 testes:
2571 2805 2676 2860 hoc
2726 2805 2871 2860 enim
2920 2814 2976 2858 et
3038 2802 3402 2872 proverbialis

1825 2910 2011 2951 sermo
2060 2898 2422 2965 pronuntiat:
2462 2894 2558 2950 Sui
2610 2895 2786 2966 ipsius
2833 2895 3217 2965 exploratores
3271 2894 3404 2948 [iant

1825 2991 1924 3055 illi,
1965 2990 2058 3059 qui
2091 3004 2151 3045 se
2180 2990 2329 3060 ipsos
2366 3004 2598 3044 noscere
2630 2990 2830 3044 debent
2868 2990 3023 3059 juxta
3057 3004 3141 3053 ea,
3168 3004 3290 3059 qua:
3327 2990 3397 3045 ab

1824 3080 2066 3136 externis
2093 3079 2199 3133 sibi
2241 3079 2524 3134 dicuntur.
2555 3080 2623 3132 At
2656 3093 2787 3133 vero
2823 3079 2938 3133 hzec
2971 3094 3082 3133 non
3120 3079 3243 3133 ideo
3273 3078 3402 3149 qui-

127 3177 233 3231 καὶ
272 3175 432 3246 μόγις
476 3172 691 3236 διεκδὺς
738 3172 800 3226 τὸ
840 3171 1048 3241 χάσμα,
1086 3169 1182 3223 καὶ
1220 3169 1317 3239 τήν
1362 3168 1470 3221 τῶν
1512 3168 1715 3239 ὀνύχων

1828 3172 1953 3228 dem
2004 3180 2231 3225 narrata
2271 3171 2423 3233 sint,
2461 3185 2525 3225 ac
2564 3170 2650 3235 si,
2689 3186 2814 3225 cum
2867 3170 3083 3225 laudem
3129 3185 3403 3234 recusent,

127 3233 489 3335 άκμήνίκαίγ
517 3262 548 3315 δ
573 3233 734 3334 μέρος
916 3233 1159 3330 φεύγειν,
1192 3233 1350 3313 ἔλαθε
1388 3258 1525 3313 κατὰ
1545 3233 1715 3329 στδμα

1826 3263 1958 3318 mihi
2007 3263 2197 3317 videar
2248 3278 2278 3316 a
2310 3263 2422 3318 tuis
2476 3233 2735 3317 laudibus
2772 3278 2871 3332 per
2904 3262 3406 3317 dissimulationem

126 3357 237 3427 τῆς
262 3357 465 3427 ἄρκτου
491 3354 800 3426 γενόμενος.
828 3349 960 3407 Εἶτα
984 3352 1205 3422 διαδρὰς
1231 3353 1326 3406 σὺν
1351 3350 1521 3420 ἀγῶνι
1541 3350 1722 3422 πολλῷ

129 3450 234 3503 καὶ
256 3449 447 3503 τοῦτον
470 3448 562 3502 τὸν
596 3446 857 3512 κίνδυνον,
893 3447 988 3500 καὶ
1019 3446 1155 3516 πρὸς
1188 3445 1280 3499 τὸν
1318 3445 1499 3514 τοῖχον
1534 3443 1722 3507 ἐαυτὸν

128 3540 457 3608 ἀναπαύων,
504 3538 700 3611 ἐνέδρα
753 3538 848 3592 καὶ
893 3538 1130 3608 δήγματι
1172 3537 1350 3605 ὄφεως
1400 3534 1722 3607 συνηνέχθη.

128 3631 375 3703 Τοιαύτη
404 3648 489 3693 τις
520 3627 711 3698 γέγονε
748 3628 859 3681 τῶν
887 3626 1363 3699 συμπεπτωκότων
1402 3626 1535 3697 ἡμῖν
1568 3626 1723 3679 ἀνια-

128 3726 254 3798 ρῶν
287 3727 321 3795 ή
357 3725 626 3794 συνέχεια.
657 3721 769 3777 Καὶ
791 3720 967 3785 οὕτως
1002 3719 1295 3791 ἐπάλληλοι
1327 3718 1436 3772 τῶν
1463 3716 1725 3789 λυπηρῶν

130 3820 196 3873 αἰ
226 3816 470 3887 διαδοχαὶ
498 3816 586 3871 ἀεὶ
620 3817 742 3880 ταῖς
778 3813 1106 3886 ὑπερϐολαῖς
1152 3811 1263 3865 τῶν
1299 3808 1724 3881 ἐπιγενομένων,

133 3910 317 3983 μικρὰ
347 3910 415 3964 τά
457 3908 740 3979 φθάσαντα
780 3906 959 3960 δοκεῖν
1000 3901 1142 3959 εἶναι
1188 3901 1723 3974 παρασκευάζουσαι.

1824 3354 2042 3411 illusus.
2069 3354 2345 3420 Quoniam
2376 3362 2561 3409 autem
2588 3355 2915 3409 cohortatus
2949 3369 3031 3419 es,
3070 3364 3129 3408 ut
3155 3353 3407 3424 quedam

1825 3447 1894 3503 de
1947 3448 2017 3502 iis
2063 3461 2186 3517 qua:
2252 3462 2282 3500 a
2339 3446 2497 3501 nobis
2551 3445 2795 3516 quazsisti
2870 3444 3048 3499 dicam
3097 3445 3255 3517 ipse,
3313 3445 3407 3515 qui

1829 3538 2147 3609 hujusmodi
2208 3553 2377 3609 opera
2428 3546 2484 3593 et
2534 3538 2719 3594 studio
2769 3538 3053 3608 publicum
3107 3537 3407 3609 quidquam

1824 3633 2025 3703 juvare
2054 3632 2285 3687 eiahoro
2325 3650 2339 3687 :
2371 3632 2516 3688 scito
2545 3633 2683 3687 tanti
2709 3632 2807 3687 otii
2852 3641 3107 3703 expertes
3141 3648 3242 3688 nos
3263 3648 3407 3699 esse,

1827 3732 2093 3794 quantum
2118 3723 2290 3779 lerme
2312 3724 2425 3788 ille,
2452 3731 2514 3778 ut
2539 3724 2770 3780 haberet
2798 3724 2889 3781 ille
2909 3762 2924 3789 ,
2956 3724 3025 3779 de
3050 3739 3160 3795 quo
3183 3723 3410 3795 quidam

1828 3817 2223 3888 prophetarum
2254 3817 2397 3872 dixit
2415 3817 2457 3851 ¹³
2482 3835 2495 3872 :
2521 3817 2671 3888 quod
2691 3832 2817 3873 cum
2842 3817 3001 3873 leone
3020 3818 3408 3887 eomplicatus,

1829 3916 1885 3965 et
1914 3924 2061 3980 aegre
2104 3908 2233 3965 inde
2273 3909 2514 3965 evadens
2538 3948 2553 3973 ,
2609 3923 2706 3979 per
2746 3923 2911 3979 quam
2938 3915 3148 3978 partem
3185 3908 3413 3978 putabat

134 4004 205 4056 El
230 4002 288 4055 δὲ
312 4000 389 4072 μή
423 3997 676 4071 φορτικόν
702 3998 819 4051 ἐστι
858 3996 1035 4068 λύπην
1068 3997 1182 4059 τοῖς
1213 3993 1471 4064 ἀγαπῶσι
1495 3994 1715 4065 χαρίσα-

1829 4003 1946 4059 oris
1994 4002 2203 4056 hiatum
2247 4002 2698 4074 unguiarumque
2736 4001 3019 4069 cuspidem
3049 3999 3242 4070 fugere
3264 4039 3280 4065 ,
3314 4015 3411 4069 per

135 4095 270 4149 σθαι
290 4098 403 4157 τοῖς
436 4093 784 4165 σκυθρωποῖς
817 4090 1177 4161 διηγήμασιν,
1210 4087 1513 4159 ἐκθήσομαι
1554 4103 1636 4140 σοι
1660 4086 1715 4140 δι

1830 4110 1951 4151 eam
1993 4093 2204 4150 inscius
2250 4102 2419 4164 atque
2458 4093 2775 4163 imprudens
2814 4108 2955 4148 ursae
2985 4108 3048 4147 os
3077 4106 3248 4163 prope
3288 4091 3408 4146 fuit.

128 4188 326 4255 ὀλίγου
346 4186 447 4257 τὴν
472 4184 647 4257 κακὴν
676 4182 938 4254 ἱστορίαν.
969 4177 1079 4236 Ἦν
1105 4182 1237 4252 ήμῖν
1264 4179 1467 4249 ἀδελφή
1493 4178 1586 4232 τοῦ
1613 4178 1715 4249 βίοι

1832 4179 2044 4236 Deinde
2088 4189 2141 4236 et
2172 4196 2239 4238 ex
2275 4182 2383 4238 hoc
2414 4181 2665 4253 periculo
2705 4194 2911 4250 magno
2954 4194 3081 4236 cum
3111 4180 3413 4235 certamine

132 4278 497 4344 διδάσκαλος,
522 4278 556 4347 ή
613 4276 751 4348 μετὰ
794 4275 893 4347 τὴν
940 4273 1154 4346 μητέρα
1208 4274 1413 4343 μήτηρ,
1464 4270 1715 4342 τοσαύτης

1833 4272 2118 4343 dilapsus,
2160 4282 2325 4344 atque
2363 4287 2523 4330 secus
2576 4288 2796 4328 murum
2854 4289 2914 4329 se
2962 4274 3141 4344 ipsum
3196 4273 3412 4343 requie-

135 4373 342 4444 ἔχουσα
374 4370 474 4441 τήν
496 4369 633 4441 πρὸς
659 4368 793 4424 Θεὸν
820 4365 1154 4439 παρρησίαν,
1187 4364 1329 4419 ὥστε
1368 4362 1575 4436 πύργον
1600 4364 1715 4434 ήμῖη

1836 4380 2024 4427 scens,
2057 4381 2182 4420 cum
2211 4366 2429 4422 insidiis
2451 4374 2505 4422 et
2527 4380 2719 4421 morsu
2742 4366 3016 4437 serpentis
3040 4366 3275 4422 collatus
3304 4373 3410 4421 est.

135 4464 332 4535 ίσχύος
379 4459 538 4527 εἶναι,
582 4460 679 4515 καὶ
727 4460 890 4515 ὅπλον
937 4458 1216 4524 εὐδοκίας,
1264 4455 1448 4519 καθώς
1487 4472 1653 4527 φησιν
1698 4455 1715 4507 ’ί

1839 4453 1990 4509 Talis
2023 4454 2276 4525 quaedam
2314 4454 2476 4512 nobis
2515 4455 2662 4509 facta
2692 4462 2779 4511 est
2817 4456 3144 4512 acerborum
3185 4471 3413 4511 casuum

137 4557 359 4629 Γραφὴ,
383 4555 480 4609 καὶ
503 4553 657 4607 πόλιν
680 4550 944 4624 περιοχῆς
970 4550 1067 4604 καὶ
1086 4550 1195 4602 πᾶν
1215 4547 1512 4617 ἀσφαλείας
1536 4546 1715 4616 ὄνομα,

1837 4547 2185 4604 continuatio
2218 4565 2231 4602 :
2271 4553 2327 4602 et
2376 4547 2451 4603 ita
2480 4554 2687 4603 mutuae
2711 4546 2961 4603 tristium
2996 4562 3184 4603 rerum
3212 4590 3226 4613 ,
3261 4562 3417 4603 exsu-

133 4652 232 4704 διὰ
259 4649 361 4721 τὴν
393 4645 706 4719 προσοῦσαν
748 4647 813 4698 ὲκ
853 4643 950 4698 τοῦ
991 4643 1109 4715 βίου
1142 4641 1282 4713 αὐτῇ
1316 4641 1452 4711 πρὸς
1483 4640 1573 4694 τὸν
1601 4640 1715 4693 Gabi

1841 4639 2092 4710 perantia
2142 4654 2359 4711 semper
2400 4639 2813 4696 advenientium
2841 4680 2856 4705 ,
2896 4642 3286 4697 successiones
3333 4642 3417 4695 vi-

138 4737 480 4810 παρῤησίαν.
514 4736 670 4805 ᾭκει
697 4735 754 4788 δὲ
785 4734 881 4789 τοῦ
909 4734 1113 4787 Πόντου
1137 4732 1205 4786 τὰ
1242 4731 1466 4801 ἔσχατα,
1496 4732 1591 4785 τοῦ
1616 4730 1715 4801 βίοι

1837 4732 2040 4789 dentur
2092 4741 2219 4804 post
2272 4748 2443 4805 parva
2494 4736 2864 4807 praecedentia
2916 4749 3041 4791 esse
3081 4744 3300 4806 paratae.
3357 4734 3416 4788 Si

134 4832 256 4886 τῶν
280 4828 585 4900 ἀνθρώπων
610 4827 813 4898 ἑαυτὴν
837 4826 1171 4892 ἐξοικίσασα.
1198 4824 1374 4897 Χορὸς
1393 4820 1462 4895 ἦν
1491 4828 1620 4895 περὶ
1645 4823 1735 4878 αὑ-

134 4926 245 4995 τὴν
273 4921 564 4995 παρθένιον
584 4920 773 4985 πολύς.
814 4921 913 4983 Ἀς
936 4918 1076 4989 αὐτή
1102 4919 1188 4972 διὰ
1214 4918 1324 4971 τῶν
1349 4916 1736 4988 πνευματικῶν

133 5016 352 5071 ὠδίνων
383 5014 713 5085 γεννήσασα,
745 5013 842 5065 καὶ
870 5013 950 5075 εις
986 5011 1264 5065 τελείωσιν
1284 5008 1371 5063 διὰ
1398 5008 1578 5078 πάσης
1614 5009 1737 5062 ἐπι-

137 5107 367 5179 μελείας
395 5106 733 5178 προάγουσα,
753 5104 854 5175 τὴν
884 5103 995 5156 τῶν
1033 5102 1280 5171 ἀγγέλων
1312 5102 1563 5172 ἐμιμεῖτο
1589 5099 1736 5171 ζωήν

134 5202 197 5251 ἐν
231 5197 563 5269 ἀνθρωπίνῳ
588 5196 669 5268 τῷ
706 5196 939 5267 σώματι.
974 5195 1089 5249 Οὐκ
1116 5189 1184 5265 ἦν
1209 5192 1479 5264 διάκρισις
1508 5193 1563 5244 ἐν
1595 5193 1737 5263 αὐτῇ

136 5290 341 5352 νυκτὸς
400 5288 492 5343 καὶ
537 5287 751 5361 ⁴ήμὲρας
776 5301 792 5317 ·
824 5286 960 5340 ἀλλά
996 5287 1091 5339 καὶ
1133 5284 1229 5349 νὺξ
1271 5284 1492 5355 ἐνεργὸς
1541 5285 1598 5336 ἐν
1626 5285 1737 5347 τοῖς

135 5380 238 5435 τοῦ
275 5380 453 5451 φωτὸς
487 5378 670 5452 ἔργοις
711 5378 1020 5445 ἐδείκνυτο,
1049 5377 1144 5431 καὶ
1182 5376 1363 5448 ἡμέρα
1400 5376 1499 5448 τὴν
1542 5393 1736 5429 νυκτε-

138 5473 305 5545 ρινὴν
343 5473 573 5544 ἡσυχίαν
614 5472 696 5543 τῷ
743 5472 1004 5543 ἀταράχῳ
1045 5469 1146 5539 τῆς
1193 5469 1340 5537 ζωῆς
1388 5468 1733 5539 ὑπεκρίνετο.

136 5564 369 5635 Φωνῆεν
398 5560 467 5635 ἦν
488 5565 624 5636 αὐτῇ
646 5564 733 5617 διὰ
759 5564 961 5627 παντὸς
986 5562 1176 5634 χρόνου
1207 5560 1269 5613 τὸ
1288 5562 1512 5632 οἴκημα,
1542 5560 1734 5625 νυκτὸς

142 5659 243 5711 καὶ
290 5658 505 5730 ἡμέρας
546 5661 668 5723 ταῖς
706 5656 1047 5729 ψαλμῳδίαις
1089 5653 1537 5725 περιηχούμενον.
1585 5651 1739 5718 Εἶδες

230 5867 274 5899 ³³
306 5868 493 5922 Amos.
519 5884 570 5931 ν,
611 5867 695 5921 i9.
777 5866 989 5923 “Psai.
1021 5868 1194 5935 LX,5;
1233 5884 1283 5934 v,
1322 5867 1411 5933 15;

1838 4835 2023 4882 autem
2062 4840 2232 4897 grave
2264 4841 2378 4882 non
2413 4836 2500 4884 est
2521 4868 2537 4893 ,
2572 4829 2883 4885 molestiam
2916 4828 2999 4885 eis
3027 4828 3119 4899 qui
3155 4827 3417 4882 adaman-

1838 4927 1951 4984 tur,
1995 4919 2050 4973 in
2088 4919 2303 4975 tetricis
2334 4920 2750 4977 narrationibus
2785 4920 3085 4991 gratiﬁcari
3112 4962 3126 4986 ,
3161 4918 3417 4974 miseram

1839 5008 2139 5064 historiam
2170 5010 2270 5064 tibi
2325 5010 2521 5080 paucis
2553 5026 2848 5081 exponam.
2900 5010 3074 5065 Soror
3099 5017 3220 5064 erat
3257 5009 3418 5065 nobis

1841 5102 1969 5156 vita:
2022 5100 2329 5173 magistra;
2380 5116 2501 5172 qua:
2551 5108 2676 5171 post
2732 5108 2961 5155 matrem
3013 5099 3172 5154 nobis
3216 5107 3419 5165 mater,

1840 5200 2056 5247 tantum
2099 5192 2336 5246 habebat
2381 5192 2447 5245 ad
2499 5189 2671 5247 Deum
2726 5191 3048 5246 interiorem
3082 5204 3372 5246 accessum
3402 5233 3418 5259 ,

1844 5297 1904 5341 ut
1935 5297 1990 5343 et
2020 5285 2192 5341 turris
2224 5285 2385 5342 nobis
2410 5294 2557 5342 esset
2583 5284 2923 5340 fortitudinis
2953 5292 3006 5339 et
3033 5283 3190 5338 home
3225 5284 3425 5338 volun-

1844 5378 1974 5433 tatis
2000 5384 2306 5441 armatura,
2332 5377 2499 5433 sicuti
2528 5377 2606 5431 ait
2640 5374 2937 5446 Seriptura
2965 5376 3031 5442 ¹⁵,
3064 5384 3119 5430 et
3140 5375 3274 5431 urbs
3304 5391 3425 5429 mu-

1844 5469 2095 5534 nitionis,
2128 5476 2183 5524 et
2232 5484 2394 5525 omne
2427 5468 2612 5523 tutelae
2644 5482 2841 5522 nomen
2870 5483 2885 5531 ;
2926 5476 3147 5536 propter
3175 5481 3301 5521 eum
3330 5467 3423 5536 qui

1844 5562 1951 5633 ipsi
1982 5578 2047 5617 ex
2078 5562 2202 5632 ejus
2232 5561 2345 5617 vita
2379 5561 2591 5628 aderat,
2624 5576 2908 5617 accessum
2945 5561 3011 5616 ad
3037 5560 3229 5617 Deum.
3266 5560 3424 5614 Inco-

1851 5657 1995 5712 lebat
2031 5665 2214 5714 autem
2270 5656 2431 5712 Ponti
2486 5666 2771 5721 extrema,
2839 5670 2965 5711 cum
3026 5671 3090 5711 ex
3138 5654 3422 5710 hominum

1457 5883 1581 5932 xxx,
1620 5866 1718 5933 :15;
1758 5884 1887 5935 cvu,
1933 5868 2012 5920 ll.
