3834 6440
162 325 313 382 1077

1326 342 1709 409 ΕΡΙΞΤΟΙΑᾹΞ,
1742 381 1811 393 --
1840 349 2057 406 EPIST.
2096 350 2233 407 XIX.

3303 348 3328 404 l
3337 345 3443 404 078

158 477 299 527 των,
328 458 423 511 καὶ
463 458 764 530 κατηφείας
811 446 1115 532 διηνεκοῦς,
1148 462 1242 517 καὶ
1292 463 1521 533 πένθους
1566 469 1667 538 τὴν
1698 472 1763 524 ὲκ

1881 478 2214 525 ›ιιειοηοι·υηι
2271 468 2627 526 multitudine
2685 466 2989 532 adeuntes,
3048 480 3267 537 :equum
3318 481 3444 522 esse

158 550 263 602 τοῦ
294 552 487 622 χρόνου
515 549 669 605 λύσιν
694 552 795 605 ούκ
823 552 1200 623 ἀναμένοντος.
1233 553 1315 608 Τὰ
1343 556 1443 626 μὲν
1466 558 1574 633 γὰρ
1599 558 1761 616 λοιπά

160 640 279 693 τῶν
300 642 483 696 κακῶν
507 642 587 713 τῷ
608 643 963 716 προσεθισμῷ
984 646 1116 716 ῥᾷον
1138 648 1189 701 oi
1213 647 1487 721 ἄνθρωποι
1513 652 1760 723 φέρουσι·

159 733 236 785 τὰ
265 733 324 786 δὲ
342 732 576 788 ἐνταῦθα
598 735 839 805 προῖόντι
865 736 944 807 τῷ
960 739 1138 810 χρόνῳ
1164 742 1283 804 ταῖς
1307 743 1626 815 ἐφευρέσεσι
1650 746 1761 816 (92)

162 823 283 876 τῶν
312 825 656 897 ἀηδεστέρων
680 826 1021 892 συναύξεται.
1061 830 1221 886 Ἀλλά
1249 832 1358 905 γὰρ
1377 834 1598 905 γίνομαι
1623 836 1763 906 μετά

162 916 284 969 τῶν
314 918 517 972 λοιπῶν
536 919 852 974 ἐπισκόπων
876 920 985 973 τῶν
1013 922 1090 985 εἰς
1116 922 1248 976 αὐτὸ
1272 924 1432 978 τοῦτο
1462 927 1765 997 συγκεκλη-

168 1008 378 1076 μένων,
414 1009 490 1073 ὡς
538 1009 749 1081 ψήφους
800 1013 939 1083 ὑπὲρ
984 1014 1318 1085 χειροτονίας
1364 1017 1675 1087 δεξάμενος,
1726 1021 1760 1090 ἡ

164 1098 357 1169 ψῆφος
385 1100 441 1154 δὲ
474 1101 622 1172 ἥμην
645 1101 775 1171 ἐγώ.
810 1104 922 1157 Καὶ
949 1105 1178 1175 ἠγνόουν
1208 1106 1319 1177 (95)
1345 1110 1374 1161 ὁ
1400 1108 1631 1174 δείλαιος
1652 1113 1764 1174 τοῖς

167 1192 419 1261 ἐμαυτοῦ
457 1197 678 1264 πτεροῖς
724 1195 1098 1266 ἁλισκόμενος.
1150 1199 1375 1264 Στάσεις
1406 1202 1498 1254 ἐπὶ
1530 1201 1762 1265 τούτοις.

166 1284 438 1353 ἀνάγκαι,
498 1286 745 1358 δάκρυα,
800 1288 1211 1358 προσπτώσεις,
1266 1292 1527 1362 φυλακαὶ,
1577 1295 1765 1365 τάγμα

170 1378 588 1448 στρατιωτικὸν,
643 1380 739 1433 καὶ
793 1379 957 1446 αὐτὸς
1016 1383 1046 1436 ὁ
1098 1383 1527 1456 ἐπιτεταγμένος
1579 1388 1765 1452 αὐτοῖς

169 1470 358 1541 κόμης
389 1469 501 1541 (94)
532 1471 655 1524 καθ’
689 1470 846 1543 ἡμῶν
887 1474 1231 1545 στρατηγῶν,
1265 1477 1359 1530 καὶ
1386 1478 1485 1549 τὴν
1522 1477 1616 1533 τοῦ
1647 1482 1767 1552 ἠγε-

172 1564 344 1631 μόνος
375 1562 694 1616 δυναστείαν
725 1564 812 1633 ἐφ’
853 1565 1003 1635 ἡμᾶς
1034 1567 1220 1633 κινῶν,
1254 1569 1348 1622 καὶ
1381 1572 1562 1625 πᾶσαν
1590 1572 1764 1645 ἀφορ-

173 1654 289 1724 μὴν
330 1654 465 1727 πρὸς
490 1654 589 1728 τὴν
624 1656 915 1726 τυραννίδα
936 1657 1037 1730 τὴν
1058 1658 1181 1712 καθ’
1214 1660 1372 1731 ήμῶν
1407 1664 1765 1736 συναγείρων.

170 1744 327 1809 "Em;
369 1746 631 1817 ἐνεφῆκεν
659 1748 805 1817 ἡμᾶς
843 1746 954 1820 (95)
984 1751 1097 1813 τοῖς
1141 1750 1503 1817 Βαϐυλωνίοις
1540 1758 1767 1819 κακοῖςο

171 1837 313 1907 παρ’
341 1831 422 1902 οἷς
446 1837 683 1909 τοσαύτη
716 1857 800 1903 τις
828 1843 1050 1910 γέγονεν
1082 1844 1116 1910 ή
1160 1844 1290 1915 περὶ¹
1325 1845 1424 1917 τὴν
1452 1846 1633 1900 πίστιν
1662 1846 1770 1900 τῶν
1803 1820 1847 1880 Β

170 1930 485 2001 ἀνθρώπων
517 1933 581 1985 ἐκ
614 1932 1093 2005 παλαιῶνχρόνων
1118 1936 1372 2008 διαφορὰ,
1403 1937 1545 1992 ὥστε
1584 1939 1771 2005 αὐτοῖς

173 2024 586 2095 ἐνσκιρωθῆναι
618 2025 719 2096 τὴν
764 2027 939 2091 νόσον,
988 2029 1084 2082 καὶ
1127 2030 1410 2086 ἀδιάλυτον
1446 2032 1558 2105 (96)
1595 2029 1768 2087 εἶναι’

172 2115 276 2168 καὶ
311 2116 583 2186 μάχεσθαι
605 2117 743 2189 πρὸς
769 2119 895 2182 τοὺς
926 2119 1249 2193 θεραπεύειν
1278 2122 1690 2193 ἐπιχειροῦντας
1710 2125 1773 2178 τὸ

174 2209 376 2273 πάθος.
426 2210 620 2275 Βαθεῖς
661 2213 770 2283 γὰρ
808 2213 981 2277 ἄλλως
1025 2214 1198 2281 ὄντες,
1246 2216 1339 2269 καὶ¹
1387 2217 1486 2287 τὴν
1519 2216 1772 2285 γλῶσσαν

174 2299 347 2353 πλέον
378 2300 412 2371 ἢ
452 2300 738 2374 βάρϐαροι,
783 2302 962 2366 δασεῖς
998 2319 1056 2355 τε
1085 2302 1185 2372 τὴν
1220 2302 1402 2374 φωνὴν
1441 2304 1536 2357 καὶ
1567 2301 1769 2374 θηριώ-

172 2394 290 2455 δεις
309 2411 323 2423 ·
354 2393 453 2465 τὴν
476 2394 685 2448 δίαιταν
714 2394 856 2448 κατὰ
885 2395 952 2449 τὰ
981 2396 1173 2466 δολερὰ
1198 2395 1304 2449 τῶν
1329 2394 1531 2466 θηρίων
1551 2398 1616 2467 τῇ
1636 2395 1773 2467 πρὸς

172 2486 242 2539 τὸ
270 2486 440 2539 κακὸν
465 2488 773 2560 εὐμηχανίᾳ
798 2487 968 2551 οὕτως
999 2488 1351 2560 ἐξήσκηνται,
1383 2489 1461 2553 ὡς
1493 2488 1660 2560 μηδὲν
1678 2489 1775 2543 αύ-

172 2581 293 2643 τοῖς
344 2575 478 2633 εἶναι
526 2580 618 2633 τὸν
663 2580 1028 2653 Ἀρχιμήδην·
1064 2581 1264 2652 μᾶλλον
1306 2582 1385 2645 δὲ,
1435 2583 1692 2652 Σίσυφον,
1736 2582 1771 2654 ἢ

176 2670 509 2740 Κερκύωνα,
547 2670 579 2741 ἢ
612 2670 969 2742 Σκείρωνα,ἢ
1001 2672 1055 2725 sf
1093 2689 1244 2734 τινας
1268 2670 1543 2735 τοιούτους
1580 2671 1774 2737 ἄλλους

176 2764 241 2815 ἐν
276 2765 393 2825 ταῖς
429 2762 694 2834 ἱστορίαις
728 2763 1022 2834 ἀκούομεν.
1063 2762 1137 2816 Τὸ
1173 2762 1271 2833 μὲν
1299 2761 1408 2834 γὰρ
1435 2762 1630 2831 ψεῦδος
1666 2763 1773 2816 πά-

180 2874 287 2927 σης
317 2856 573 2927 ἀληθείας
604 2856 751 2911 ἐστὶν
778 2857 961 2920 αὐτοῖς
996 2856 1357 2928 ἑτοιμότερον.
1381 2856 1541 2911 Οὕτω
1564 2856 1620 2910 δὲ
1653 2858 1776 2910 ἐπι-

178 2951 478 3023 θαρσοῦσιν
493 2950 584 3003 ὑπ’
604 2950 988 3021 ἀναισχυντίας
1007 2949 1085 3021 τῷ
1105 2949 1418 3020 ψεύδεσθαι,
1440 2950 1516 3015 ὡς
1538 2950 1659 3005 οὐδὲ
1678 2951 1773 3006 τοῦ

176 3043 472 3113 ἀληθεύειν
509 3043 559 3095 oi
583 3043 712 3114 περὶ
743 3041 902 3095 τοῦτο
932 3042 1173 3114 σφοδροί.
1208 3042 1317 3097 Καὶ
1357 3043 1419 3097 τὺ
1449 3043 1774 3115 ἐλεγχθῆναι

179 3136 319 3207 παρ’
353 3136 538 3200 αὐτοῖς
582 3135 678 3188 ἐπὶ
707 3137 819 3198 τοῖς
856 3134 1135 3205 μεγίστοις
1173 3138 1386 3201 κακοῖς,
1423 3135 1646 3208 ἀφορμὴ
1675 3137 1775 3207 τῆς

180 3226 338 3298 παρά
367 3228 479 3291 τοῖς
529 3224 745 3290 πολλοῖς
790 3225 1193 3297 εύδοκιμήσεως
1224 3224 1436 3294 γίνεται
1458 3242 1473 3256 ·
1520 3225 1677 3297 ὕϐρις
1712 3243 1773 3280 τε

180 3322 282 3374 καὶ
307 3319 583 3391 θρασύτης
616 3320 711 3372 καὶ
754 3317 1103 3388 ἀναισθησία,
1138 3317 1291 3389 καὶὴ
1332 3316 1443 3371 τῶν
1468 3318 1774 3389 λεγομένων

1864 563 2206 619 censentium
2231 601 2246 624 .
2280 572 2341 617 ut
2370 562 2754 619 haereticorum
2786 560 3159 616 incursionem
3189 565 3444 612 antever—

1865 663 2129 707 teremus.
2162 649 2271 706 Sed
2298 667 2419 722 qua:
2459 652 2527 707 ad
2570 651 2687 706 haec
2727 656 3169 721 consequuntur,
3222 647 3482 739 silentio.

1864 744 2030 815 digna
2071 750 2206 799 sunt
2230 783 2244 808 ,
2282 750 2337 799 et
2381 743 2688 814 ploratibus
2723 741 3187 798 inenarrabilibus
3213 782 3228 806 ,
3260 739 3445 795 conti-
3476 794 3481 817 ς

1866 833 2128 902 nentique
2154 847 2393 889 maerore
2418 841 2472 887 et
2510 834 2681 897 luctu,
2713 833 2807 902 qui
2839 831 3219 888 remissionem
3250 846 3281 885 a
3317 838 3450 885 tem-

1867 939 1999 996 pore
2043 924 2269 980 minime
2322 925 2697 994 praestolatur.
2742 922 2877 977 Nam
2916 922 3128 994 reliqua
3176 920 3447 975 malorum

1868 1015 2229 1073 assuetudine
2274 1016 2497 1086 quidem
2548 1014 2710 1070 facile
2759 1015 3011 1071 homines
3065 1013 3285 1079 ferunt;
3327 1028 3451 1082 qua:

1868 1116 2050 1164 autem
2082 1109 2171 1163 hic
2199 1117 2512 1180 sequuntur
2541 1124 2665 1162 cum
2695 1106 3075 1163 invasionibus
3102 1100 3448 1162 acerbiorum

1868 1216 2095 1265 rerum,
2173 1200 2504 1270 praecedenti
2562 1197 2792 1268 tempori
2848 1204 3009 1251 aucta
3067 1196 3448 1251 cumulantur.

1869 1291 2083 1346 Etenim
2118 1308 2245 1347 cum
2294 1291 2525 1362 reliquis
2572 1290 2821 1345 consisto
2857 1288 3207 1343 antistitibus
3250 1286 3452 1340 adhoc

1869 1386 2047 1455 ipsum
2090 1384 2371 1456 negotium
2414 1383 2772 1449 convocatis,
2820 1382 2904 1437 uti
2938 1382 3034 1451 qui
3077 1378 3337 1449 suffragia
3383 1378 3452 1431 de

1870 1477 2117 1531 antistite
2159 1476 2500 1546 designando
2555 1474 2945 1544 susciperem,
3012 1479 3068 1527 et
3124 1468 3450 1541 sull‘ragium

1872 1574 2013 1625 inter
2057 1586 2159 1625 nos
2203 1570 2370 1623 latum
2415 1570 2532 1639 ipse
2575 1568 2824 1630 fueram,
2877 1581 2942 1622 ac
2984 1560 3247 1637 ignorans
3286 1564 3456 1618 miser

1872 1666 2095 1720 meiwet
2147 1663 2323 1732 ipsius
2370 1670 2567 1732 captus
2628 1678 2750 1718 sum
2784 1660 2909 1716 alis.
2961 1657 3274 1714 Seditiones
3304 1664 3457 1727 post-

1873 1754 2008 1820 hzec,
2039 1755 2218 1809 aversi
2259 1754 2495 1823 durique
2523 1769 2708 1819 casus,
2737 1756 3012 1824 laerymae.
3044 1759 3310 1812 terrores.
3350 1764 3453 1804 cu-

1874 1846 2091 1911 stadim,
2121 1846 2270 1901 acies
2292 1846 2569 1913 militaris,
2591 1854 2646 1901 et
2671 1847 2787 1916 ipse
2809 1845 3142 1901 constitutus
3166 1843 3247 1898 eis
3269 1857 3455 1896 comes

1875 1956 2020 2005 sum,
2052 1939 2356 1994 exercitum
2383 1947 2579 1995 contra
2611 1936 2710 1993 nos
2733 1938 2885 2008 ipsos
2914 1936 3126 1992 ducens
3152 1951 3168 2002 ;
3206 1942 3455 2005 potesta-

1874 2041 2097 2103 temque
2141 2032 2302 2087 ducis
2345 2033 2613 2089 adversus
2653 2032 2804 2102 ipsos
2836 2046 2939 2086 nos
2968 2045 3219 2091 movens.
3249 2037 3305 2084 et
3335 2043 3459 2083 om-

1876 2140 1998 2179 nem
2030 2139 2375 2195 congregans
2403 2133 2767 2194 opportunam
2798 2122 3085 2178 materiam
3113 2120 3180 2176 ad
3219 2135 3453 2192 regnum

1874 2224 2069 2272 contra
2138 2232 2238 2273 nos
2296 2216 2674 2273 excitandum.
2734 2214 2957 2271 Interim
3003 2213 3071 2269 ad
3115 2212 3460 2285 Babylonen-

1876 2308 2019 2364 siam
2066 2308 2252 2364 clades
2295 2306 2530 2363 adversa
2572 2307 2792 2362 fortuna
2849 2322 2953 2363 nos
3001 2305 3278 2361 immisit:
3312 2303 3459 2373 apud

1874 2416 2022 2470 quos
2041 2408 2191 2455 tanta
2228 2398 2478 2468 quadam
2529 2399 2681 2454 circa
2714 2398 2874 2455 fidem
2916 2398 2987 2453 ab
3034 2413 3119 2462 ea,
3169 2412 3293 2467 quae
3340 2405 3461 2453 erat

1878 2492 2161 2546 hominum
2189 2493 2541 2561 antiquorum
2572 2500 2900 2561 temporum,
2932 2489 3080 2545 facta
3101 2488 3460 2545 estdilleren-

1874 2584 1972 2649 tia,
2004 2592 2065 2637 ut
2090 2584 2314 2638 morbus
2350 2598 2577 2653 prorsus
2604 2584 2659 2638 in
2688 2583 2825 2653 ipsis
2854 2581 3219 2647 obduruerit;
3279 2582 3462 2651 sitque

1876 2677 2278 2732 indissolubilis
2300 2694 2314 2733 :
2349 2675 2488 2732 adeo
2508 2684 2567 2731 ut
2588 2674 2811 2732 affectio
2830 2691 2997 2748 prava
3020 2676 3287 2732 adversus
3303 2689 3461 2729 cura-

1877 2770 2081 2825 tionem
2114 2770 2492 2840 aggredientes
2524 2778 2745 2840 pugnet.
2769 2769 2908 2823 Cum
2937 2768 3084 2824 enim
3113 2767 3333 2838 ingenio
3351 2766 3460 2823 sint
3520 2766 3527 2775 ‘

1876 2864 2155 2919 incassum
2178 2861 2435 2931 profundi
2462 2879 2477 2928 ;
2510 2862 2695 2933 lingua
2715 2875 2848 2917 vero
2873 2860 2997 2932 plus
3019 2874 3185 2930 quam
3210 2857 3459 2924 barbari;

1876 2969 2177 3023 vocemque
2233 2953 2461 3010 densam
2496 2954 2761 3008 habentes
2818 2959 2873 3007 et
2930 2950 3200 3018 ferinam;
3242 2947 3461 3004 vivendi

1878 3048 2144 3103 rationem
2168 3046 2323 3115 juxta
2359 3046 2599 3101 ferarum
2639 3044 2796 3101 dolos
2823 3052 3004 3100 astuta
3029 3042 3097 3098 ad
3129 3042 3335 3098 malum
3375 3057 3458 3097 aro

1800 3165 1845 3229 ο
1878 3147 1931 3193 te
1956 3138 2118 3191 talem
2153 3145 2444 3199 exercent,
2482 3144 2545 3193 ut
2570 3136 2711 3192 nihil
2738 3151 2851 3208 pra.
2875 3136 3015 3207 ipsis
3061 3132 3461 3197 Archimedes,

1876 3232 2000 3302 plus
2032 3230 2209 3285 dicam
2232 3270 2247 3295 ,
2274 3229 2550 3303 Sisyphus
2566 3230 2659 3297 sit,
2682 3238 2778 3285 aut
2807 3230 3079 3302 Cercyon,
3109 3225 3420 3298 Seironque
3446 3266 3461 3292 ,

1872 3336 1968 3378 aut
1990 3324 2036 3379 si
2066 3337 2207 3394 quos
2238 3324 2379 3379 alios
2406 3325 2543 3381 tales
2577 3324 2632 3379 in
2660 3324 2911 3379 historiis
2934 3323 3215 3379 audimus.
3239 3320 3460 3376 Menda-

180 3410 422 3465 δυσωδία
448 3408 764 3480 πολιτισμὸς
793 3404 953 3474 εἶναι,
990 3408 1083 3462 καί
1114 3425 1198 3471 τις
1224 3407 1448 3487 τοιαύτη
1489 3407 1777 3475 φιλοκαλία

1881 3417 2017 3471 cium
2041 3424 2221 3471 autem
2237 3415 2385 3470 omni
2408 3417 2584 3487 magis
2608 3415 2899 3471 veritatein
2920 3423 3178 3486 promptu
3199 3412 3462 3484 estipsis;

182 3503 485 3575 νομίζεται.
520 3502 706 3557 Ταῦτά
754 3518 836 3555 σοι
877 3500 987 3555 ἀπὸ
1029 3500 1239 3555 πολλῶν
1275 3480 1453 3569 ὀλίγα,
1483 3500 1776 3569 φεύγοντες

181 3599 288 3667 τὴν
318 3594 587 3668 ἀμετρίαν
632 3594 731 3665 τῆς
776 3592 1093 3664 ἐπιπολῆς,
1132 3592 1449 3665 ἐξεθὲμεθα,
1484 3593 1559 3658 ὡς
1595 3593 1662 3649 ἂν
1699 3595 1775 3667 μὴ

185 3688 461 3761 ρᾳθυμίαν
504 3687 662 3760 ἡμῶν
697 3686 1127 3756 καταγινώσκοις
1170 3686 1233 3740 τὸ
1277 3686 1637 3760 λογογραφεῖν
1682 3687 1779 3742 ἐπὶ

181 3781 284 3837 τοῦ
321 3780 434 3852 (97)
477 3780 574 3835 νῦν
618 3778 1096 3853 ἀναδαλλομένοις.
1160 3780 1299 3835 Ἀλλ’
1333 3781 1387 3835 εἴ
1435 3798 1517 3836 σοι
1560 3783 1779 3848 πάντως

268 4014 381 4082 (99.)
434 4012 807 4086 Ἑφευρέσεσι.
839 4014 1088 4086 Graecum
1118 4014 1388 4086 scriptum,
1417 4013 1582 4086 habet
1610 4013 1773 4084 ἐφεύ-

187 4102 366 4156 ρεσιν,
407 4084 703 4156 tempest;
735 4084 845 4138 τῶν
872 4084 1077 4141 κακῶν,
1113 4084 1431 4140 adinventio
1463 4085 1729 4139 malorum
1757 4102 1773 4151 ;

183 4154 301 4209 τῶν
331 4154 768 4225 ἐκκλησιαστῶν,
805 4164 861 4210 et
898 4170 1186 4210 sacrorum
1238 4156 1575 4225 scriptorum
1609 4169 1776 4210 voca-

188 4227 423 4290 bulum,
459 4224 607 4294 quod
653 4226 796 4280 valet
839 4226 1106 4291 incursio,
1147 4224 1373 4281 invasici
1409 4224 1687 4289 cladimn,
1720 4233 1777 4281 et

191 4298 340 4351 male
367 4296 764 4367 intelligeretur
787 4296 848 4349 τὸ
879 4295 1022 4349 mala
1052 4313 1170 4367 qua:
1192 4296 1466 4351 inveniunt
1502 4312 1596 4367 nos
1628 4296 1773 4367 sacri

190 4368 344 4429 libri,
382 4383 478 4436 pro
520 4365 664 4420 mala
705 4383 823 4436 quia
860 4365 1124 4435 reperiunt
1169 4384 1284 4421 nos.
1310 4367 1406 4421 Est
1434 4366 1579 4423 enim
1606 4365 1773 4428 mala,

189 4454 320 4509 qum
354 4438 623 4492 invadunt
658 4453 757 4492 nos
794 4456 807 4490 :
839 4439 987 4509 licet,
1033 4454 1132 4509 nios
1186 4438 1419 4492 invenire
1451 4437 1618 4502 mala,
1645 4452 1777 4509 esse

190 4507 406 4581 possit,
442 4526 537 4563 nos
572 4510 801 4577 reperire
836 4508 1012 4581 Δηιαια.
1058 4507 1250 4581 Vado,
1285 4518 1340 4564 et
1382 4507 1775 4581 venio_eodem

190 4560 365 4636 Lais“...
393 4560 584 4649 'accipi
606 4560 792 4648 saga
831 4560 1121 4635 interdum
1144 4560 1272 4647 quis
1294 4560 1673 4635 aegram-ica
1696 4560 1778 4633 ia;
1811 4560 1856 4616 υ

192 4667 345 4711 men,
376 4648 727 4705 rarissimum
762 4665 885 4704 esse
907 4649 1121 4720 invenio
1152 4648 1482 4720 (ἐφευρίσκω
1503 4689 1518 4711 ,
1554 4649 1781 4720 reperio)

194 4737 300 4791 pro
332 4720 545 4843 ittvatfio,
574 4722 786 4784 Graece,
821 4727 875 4775 et
905 4717 1120 4787 Latine,
1142 4717 1227 4777 est
1262 4717 1566 4793 ἐπέρχομαι
1592 4717 1783 4789 (venio

194 4798 314 4843 int.
348 4809 468 4843 mvu
512 4811 562 4843 ο.

192 4811 254 4849 ΙΙΙ
277 4809 314 4851 Ι,
348 4809 562 4848 mvuao.

270 4803 849 4931 {osini'r'Zi'em-wovr.
886 4862 1165 4919 lborcnsis
1196 4861 1362 4932 igitur
1383 4863 1617 4932 antistes
1642 4877 1783 4932 quo-

190 4950 304 5003 que
339 4933 439 4987 fuit
480 4934 568 4988 hic
605 4932 926 5002 Gregorius.
959 4933 1115 4999 Quod
1140 4931 1290 4987 nunc
1323 4933 1563 5003 primum
1602 4931 1781 5003 histo-

194 5002 332 5058 ricis
375 5021 443 5058 ex
489 5006 589 5059 hac
628 5003 871 5073 Epistola
906 5004 1244 5071 innotescet;
1295 5002 1422 5058 eum
1468 5011 1626 5057 antea
1679 5002 1784 5057 hoc

194 5075 334 5155 nulli
377 5076 721 5155 posteritatis
753 5076 1031 5155 memoriae
1070 5074 1514 5155 commendatum
1546 5074 1616 5128 ab
1648 5073 1784 5155 ipsis

196 5143 388 5201 fuerit.
435 5143 512 5200 Ex
565 5161 725 5199 sacra
760 5162 887 5201 vero
933 5146 1166 5201 historia
1194 5145 1307 5212 jam
1360 5144 1496 5200 satis
1530 5143 1784 5198 noscitur

193 5217 477 5341 augentes
547 5216 729 5272 creari
795 5233 905 5271 non
964 5232 1089 5272 raro
1155 5216 1393 5271 aliorum
1460 5213 1773 5269 antistitum

197 5302 263 5341 su
318 5304 506 5341 rnztts.

197 5302 506 5342 sumagus.

275 5304 654 5429 ῗδὲξιίὲὗμης.
706 5358 933 5430 Κὸμης.
980 5358 1123 5430 apud
1169 5355 1543 5430 llesyehium,
1571 5364 1625 5430 et
1655 5354 1784 5430 Sui-

198 5429 355 5513 ιιτηιιἴ
371 5427 376 5429 ’
406 5438 491 5513 est
506 5427 804 5513 princeps,
823 5427 953 5494 dux,
984 5427 1296 5513 praefectus.
1326 5427 1573 5510 Meminit
1602 5428 1773 5513 hujus

198 5500 453 5554 vocabuli
505 5497 849 5563 Eustathius,
901 5497 1153 5555 scribens
1191 5500 1293 5553 hoc
1343 5499 1566 5553 nomine
1604 5497 1715 5553 dici
1745 5512 1775 5550 a

200 5571 611 5625 recentioribus
667 5571 991 5626 auctoribus
1050 5585 1210 5640 quem
1268 5570 1479 5639 antiqui
1512 5568 1782 5640 ναύαρχον

201 5640 484 5695 dicebant.
525 5640 771 5697 Meminit
794 5651 848 5697 et
875 5642 1023 5696 illius
1059 5639 1570 5711 Etyntologicun.At
1606 5639 1781 5694 liben-

205 5712 423 5766 tissime
476 5714 545 5766 ad
607 5714 934 5768 sententiam
980 5711 1044 5766 ll.
1092 5712 1353 5780 Stephani
1410 5710 1661 5780 pedibus
1691 5724 1779 5773 eo,

205 5782 428 5836 Graecos
461 5784 795 5839 recentiores
830 5791 1105 5839 mutuatos
1133 5778 1255 5836 esse
1286 5778 1423 5836 illud
1457 5798 1519 5835 ex
1545 5778 1775 5835 Latinis.

207 5852 321 5908 Nos
351 5852 543 5910 ducem
580 5854 924 5927 interpretati
960 5871 1151 5912 sumus
1169 5854 1329 5927 juxta
1356 5853 1477 5924 ejus
1498 5852 1780 5923 propriam

1873 3514 1930 3562 et
1946 3507 2039 3559 tali
2064 3505 2399 3576 impudentia
2421 3505 2476 3560 in
2507 3506 2818 3562 mentiendo
2835 3505 3141 3567 confidunt,
3171 3511 3462 3559 uttantum

1882 3600 1940 3654 in
1971 3598 2199 3654 veritate
2230 3613 2340 3653 non
2375 3597 2546 3653 fidant
2577 3600 2847 3670 loquenda
2867 3599 2961 3670 qui
2996 3599 3050 3654 in
3081 3615 3145 3655 ea
3167 3598 3463 3655 vehemen-

1883 3698 2349 3759 teroccupantur.
2379 3689 2447 3744 Et
2484 3692 2627 3763 apud
2660 3692 2811 3763 ipsos
2854 3692 2909 3747 in
2955 3690 3212 3748 maximis
3258 3688 3461 3761 impro-

1887 3780 2149 3839 hitatibus
2180 3782 2463 3853 redargui,
2506 3784 2729 3841 occasio
2778 3784 2923 3856 apud
2957 3784 3163 3840 multos
3204 3782 3263 3838 fit
3310 3782 3462 3838 bona'

1883 4013 2379 4085 significationem,
2426 4023 2482 4069 et
2507 4011 2763 4085 Hesychii
2787 4051 2803 4077 ,
2835 4012 3131 4084 Suidaeque
3154 4010 3467 4082 expositio-

1884 4084 2031 4143 nem.
2066 4093 2121 4138 et
2144 4084 2301 4151 juxta
2339 4084 2444 4139 loci
2477 4084 2831 4139 sententiam.

1955 4155 2072 4223 (95)
2109 4156 2265 4221 Ἕως
2294 4153 2599 4223 ἐνεδρῆκεν
2623 4152 2800 4223 ἡμᾶς.
2840 4153 3002 4209 Deest
3034 4167 3199 4209 casus
3234 4160 3461 4207 rectus:

1884 4232 1940 4280 et
1965 4227 2349 4295 supplemento
2382 4228 2696 4281 necessarie
2729 4224 3193 4295 explendusierat
3226 4223 3290 4295 in_
3320 4238 3468 4295 Aver-

1884 4293 2086 4363 sione,
2112 4303 2207 4350 aut
2227 4296 2398 4351 codex
2422 4295 2757 4365 judicandus
2783 4293 2871 4351 hic
2903 4294 3155 4357 mutilus,
3190 4302 3247 4365 et
3278 4293 3464 4365 hians.

1882 4366 1953 4420 At
1990 4361 2120 4422 vero
2154 4365 2242 4437 vix
2276 4361 2498 4437 possum
2529 4365 2761 4430 adduci,
2804 4373 2863 4420 ut
2898 4366 2973 4430 ita
2994 4364 3299 4437 scripsisse
3325 4361 3466 4436 Nys-

1883 4452 2077 4493 senum
2100 4435 2346 4493 credant.
2374 4436 2508 4503 Quae
2528 4438 2675 4493 enim
2705 4438 2809 4493 ista
2839 4435 3044 4491 locutio
3067 4442 3153 4491 est
3175 4435 3296 4491 sine
3312 4435 3465 4491 recto

1883 4522 2017 4579 casu
2040 4506 2064 4579 fl
2089 4506 2343 4579 Profecto
2375 4523 2445 4563 ne
2478 4506 2836 4579 Cappadoces
2859 4507 3081 4579 quidem
3112 4505 3458 4579 bubulci_ita

1886 4577 2055 4648 locuti
2131 4577 2353 4642 forent;
2419 4574 2622 4635 nedum
2668 4574 2896 4641 tantus;
2943 4587 3001 4634 et
3046 4586 3159 4648 tam
3202 4574 3461 4648 dxpt6jjg,

1887 4646 2102 4704 Libanii
2152 4649 2482 4719 discipulus,
2513 4657 2569 4721 et
2607 4648 2940 4721 eloquentia:
2974 4645 3307 4721 ditissimus.
3350 4645 3458 4703 seu

1885 4738 1919 4773 υ
1955 4722 2164 4775 utinam
2203 4718 2350 4777 esset
2389 4732 2497 4776 tam
2548 4718 2733 4777 facile
2750 4731 2941 4775 verum
2981 4718 3252 4783 invenire,
3293 4733 3461 4783 quam

1886 4789 2085 4846 falsum
2135 4806 2398 4862 arguere;
2448 4792 2559 4848 imo
2608 4800 2715 4845 tam
2768 4790 2929 4845 facile
2972 4789 3239 4845 hariolari
3259 4789 3291 4862 !_
3312 4789 3463 4862 Usus

1884 4876 2050 4943 supra
2078 4868 2162 4916 est
2184 4859 2346 4947 etiam
2375 4877 2508 4947 voce
2541 4862 3075 4947 rrpéemuictg'ﬁuze
3096 4874 3208 4947 non
3229 4859 3461 4940 adestin

1885 4929 2084 5002 priscis
2137 4932 2521 5002 scriptoribus.
2567 4929 2675 4987 Sed
2724 4941 2811 4987 est
2850 4929 3052 5002 πτῶμα
3100 4939 3197 5002 aut
3224 4929 3458 5002 πτῷσιςᾳ

1884 4998 2026 5067 Quid
2066 5002 2224 5056 tum?
2250 4998 2449 5059 Nonne
2482 5018 2584 5072 pro
2632 5003 2809 5057 nihilo
2846 5002 2901 5056 id
2938 4998 3291 5072 habendum?
3325 4998 3458 5054 Item

1883 5073 2049 5126 etiam
2084 5072 2328 5127 nondum
2363 5070 2600 5143 perierat
2627 5082 2740 5128 tum
2774 5074 2957 5143 lingua
2982 5088 2996 5127 :
3023 5087 3197 5143 quare
3217 5070 3461 5139 aliquant

1884 5144 2287 5214 aliquantulum
2320 5142 2519 5199 novam
2549 5160 2738 5199 vocem
2761 5142 2981 5200 sumere
3019 5142 3190 5212 probe
3218 5149 3456 5214 poterat.

1883 5212 2101 5286 Licuit,
2156 5230 2486 5286 semperque
2521 5216 2707 5271 licebit
2758 5232 2773 5269 :
2816 5214 2980 5269 modo
3022 5221 3206 5269 tamen
3232 5252 3249 5278 ,
3283 5212 3458 5271 dices.

1884 5284 2104 5357 licentia
2140 5295 2358 5357 sumpta
2392 5284 2677 5357 pudenter.

1954 5356 2067 5425 (96)
2085 5352 2443 5426 malum».
2460 5356 2624 5413 Liber
2639 5355 3161 5426 Ιιοὺειδιάλυτον.·Αι
3178 5352 3295 5426 lege
3314 5353 3463 5407 ἀδιά-

1880 5423 2062 5480 λυτον.
2095 5424 2293 5482 Nescio
2322 5443 2390 5483 an
2419 5429 2644 5485 alterius
2671 5426 2869 5482 veteris
2895 5425 3068 5481 Graeci
3094 5423 3462 5481 sacri‘aucto—

1883 5496 1960 5578 tjs
2002 5498 2574 5578 scripta'miseriorem
2608 5504 2811 5578 sortem
2854 5497 3146 5578 subierint,
3175 5511 3343 5578 quam

1882 5565 2129 5691 gregarii
2174 5565 2430 5639 Nysseni,
2466 5572 2521 5625 in
2565 5567 2986 5640 quampluribus
3030 5566 3239 5623 mendis
3283 5565 3460 5637 perfe-

1913 5654 1978 5691 cn
2027 5656 2091 5691 IS.

1884 5652 2091 5695 renuis.

1940 5710 2068 5836 I(I97)
2097 5710 2224 5767 Τοῦ.
2259 5711 2596 5775 δοτὶὴετοίςο
2617 5709 2748 5781 quid
2769 5708 2840 5765 sit
2860 5709 2946 5765 hic
2969 5707 3102 5765 illud
3129 5705 3223 5762 τοῦ
3249 5721 3358 5763 non
3378 5707 3433 5761 in

1980 5797 2086 5836 nio.

1882 5788 2086 5855 telltgo.
