3834 6486
127 330 145 382 1
157 331 256 384 089

1278 326 1656 384 EPISTOLIE.
1692 357 1758 365 -—-
1785 322 2002 380 EPIST.
2043 324 2225 379 XXIV.

3225 323 3367 379 1090

125 451 217 519 τῆς
250 447 658 516 παλιγγενεσίας
689 449 750 502 τὺ
776 452 875 522 τῆς
923 451 1195 522 σωτηρίας
1232 453 1529 523 μυστήριον
1577 469 1684 504 παν

1808 464 1915 504 :um
1949 448 2146 504 salutis
2180 446 2412 517 praebuit
2450 447 2771 518 mysterium
2792 485 2806 511 ,
2843 448 3159 518 accepimus
3189 446 3247 502 in
3296 446 3369 500 la-

129 538 383 608 ραδόντος.
433 539 829 607 Πορευθέντες
869 540 1012 611 γάρ,
1066 543 1229 612 φησὶ,
1276 543 1689 611 μαθητεύσατε

1808 554 1985 602 racro,
2035 539 2090 592 in
2135 553 2247 609 quo
2292 538 2492 592 iterum
2546 554 2878 609 generantur
2931 557 2946 594 :

126 631 310 683 πάντα
340 628 515 698 ἔθνη,
550 629 942 697 βαπτίζοντες
986 634 1207 699 αὐτοὺς
1258 635 1347 699 εις
1386 635 1450 687 τὸ
1502 634 1691 703 ὄνομα

124 721 229 775 τοῦ
258 721 480 788 Πατρός
508 722 603 775 καί
630 722 734 777 τοῦ
780 723 919 778 Υίοῦ
943 724 1041 779 καί
1080 725 1185 780 τοῦ
1220 726 1391 795 ἁγίου
1423 728 1691 796 Πνεύμα-

126 830 247 880 τος·
278 813 663 881 διδάσκοντες
690 815 896 883 τηρεῖν
928 814 1124 869 πάντα
1153 817 1270 870 ὅσα
1299 818 1690 888 ἐνετειλάμην

127 905 284 974 ὑμῖν.
315 906 549 977 Διαιρῶν
569 906 678 977 γὰρ
712 907 791 970 είς
818 904 912 961 δύο
946 907 1046 979 τὴν
1083 907 1191 961 τῶν
1217 910 1556 980 Χριστιανῶν
1589 927 1690 963 πο-

126 994 341 1059 λιτείαν,
367 995 447 1060 είς
474 1012 533 1048 τε
557 995 616 1049 τὺ
640 994 829 1067 ἠθικὸν
853 997 1038 1068 μέρος,
1064 999 1156 1051 καὶ
1181 999 1261 1062 είς
1286 999 1384 1071 τὴν
1409 998 1691 1070 δογμάτων

127 1087 421 1159 ἀκρίϐειαν,
451 1087 512 1139 τὸ
543 1082 643 1153 μὲν
674 1088 937 1159 σωτήριον
971 1088 1147 1158 δόγμα
1175 1092 1233 1143 ὲν
1266 1092 1329 1161 τῇ
1375 1090 1467 1144 τοῦ
1497 1091 1693 1161 βαπτί-

130 1193 326 1245 σματος
361 1177 654 1248 παραδόσει
682 1178 1141 1248 κατησφαλίσατο·
1178 1179 1267 1233 τὸν
1295 1181 1351 1233 δὲ
1386 1181 1500 1254 βίον
1537 1180 1694 1254 ἡμῶν

125 1268 210 1320 διὰ
235 1268 327 1337 τῆς
360 1270 641 1339 τηρήσεως
671 1268 781 1322 τῶν
823 1268 1051 1324 ἐντολῶν
1098 1270 1261 1325 αὑτοῦ
1296 1273 1693 1343 κατορθοῦσθαι

126 1358 346 1413 κελεύει.
412 1359 570 1412 Ἀλλὰ
600 1360 660 1414 τὸ
696 1361 794 1431 μὲν
831 1362 972 1416 κατὰ
1001 1363 1100 1427 τὰς
1134 1365 1353 1427 ἐντολάς
1383 1366 1547 1437 μέρος
1573 1407 1588 1430 ,
1620 1368 1697 1431 ῶς

130 1452 449 1522 μικροτέραν
482 1452 645 1523 φέρον
670 1456 733 1524 τῇ
767 1452 912 1524 ψυχῇ
945 1454 1044 1525 τὴν
1073 1455 1295 1525 ζημίαν,
1317 1459 1514 1529 ἠφείθη
1544 1459 1696 1529 παρὰ

123 1542 219 1593 τοῦ
252 1542 492 1596 διαϐόλου
544 1542 1034 1617 ἀπαρεγχείρητον.
1094 1546 1217 1600 Ἐπὶ
1256 1548 1314 1601 δὲ
1361 1551 1696 1622 κυριωτέρου

132 1632 225 1683 καὶ
247 1631 485 1700 μείζονος
506 1634 538 1703 ἠ
567 1634 715 1687 πᾶσα
741 1635 930 1703 γέγονε
950 1636 1043 1688 τοῦ
1060 1636 1293 1691 ’Δντικει
1300 1640 1462 1709 μένου
1492 1641 1694 1713 σπουδὴ

129 1723 224 1775 τοῦ
256 1725 800 1796 παρατραπῆναιτῶν
829 1727 1039 1781 πολλῶν
1066 1730 1166 1793 τὰς
1195 1730 1374 1802 ψυχὰς
1401 1733 1481 1797 είς
1504 1734 1561 1786 τὸ
1592 1751 1696 1805 μη-

129 1814 186 1867 δὲ
219 1816 315 1867 εἴτι
341 1815 425 1869 διὰ
449 1816 558 1871 τῶν
585 1816 813 1871 ἐντολῶν
846 1817 1168 1892 κατορθωθῇ
1202 1820 1390 1891 κέρδος
1415 1819 1573 1879 εἶναι’
1598 1825 1696 1896 τῆς

134 1907 367 1979 μεγάλης
408 1910 501 1962 καὶ
532 1909 753 1981 πρώτης
774 1910 990 1976 ἐλπίδος
1037 1913 1097 1965 ὲν
1142 1915 1210 1985 τῇ
1251 1916 1378 1987 περὶ
1420 1917 1481 1971 τὸ
1520 1917 1696 1989 δόγμα

129 2000 300 2070 πλάνῃ
332 2003 439 2065 τοῖς
468 2002 793 2074 άπατηθεῖσι
842 2005 916 2075 μὴ
953 2008 1365 2080 συμπαρούσης.
1400 2010 1499 2064 Διὰ
1542 2012 1698 2065 τοῦτο

131 2091 582 2163 συμϐουλεύομεν,
621 2095 717 2165 τῆς
764 2096 1067 2167 ἁπλότητος
1103 2100 1211 2152 τῶν
1246 2099 1476 2172 πρώτων
1516 2103 1691 2173 ῥημάο

127 2201 233 2236 των
280 2184 379 2253 τῆς
423 2186 660 2251 πίστεως
691 2186 765 2259 μὴ
814 2190 1123 2265 ἀποχωρεῖν
1162 2192 1290 2256 ’τοὺς
1319 2194 1697 2266 ἀντιποιουμέ-

128 2293 247 2339 νους
267 2278 365 2347 τῆς
394 2277 604 2331 ἑαυτῶν
638 2280 931 2351 σωτηρίας
966 2280 1103 2336 ἀλλὰ
1136 2283 1609 2355 παραδεχομένους
1642 2289 1699 2340 έν

126 2370 193 2438 τῇ
238 2368 381 2439 ψυχῇ
417 2369 636 2442 Πατέρα
689 2371 784 2423 καὶ
814 2370 942 2425 Υἱὸν
979 2374 1075 2426 καὶ
1124 2374 1348 2445 Πνεῦμα
1391 2374 1565 2447 ἅγιον,
1625 2375 1701 2449 μὴ

128 2460 258 2529 μίαν
281 2459 571 2515 ὑπόστασιν
605 2462 957 2535 πολυώνυμον
976 2460 1113 2519 εἶναι
1133 2466 1377 2537 νομίζειν
1398 2484 1410 2498 ⁸
1442 2469 1565 2523 οῦτε
1592 2470 1701 2542 γάρ

124 2552 348 2607 δυνατόν
380 2556 496 2608 ἔστι
532 2555 624 2607 τὸν
651 2556 870 2626 Πατέρα
917 2556 1112 2611 ἑαυτοῦ
1144 2558 1366 2631 Πατέρα
1415 2560 1699 2631 λέγεσθαι,

131 2647 211 2718 μὴ
234 2646 450 2718 άληθῶς
476 2648 535 2712 ἐξ
563 2647 728 2701 αὐτοῦ
756 2648 848 2703 τοῦ
874 2649 1007 2704 Υίοῦ
1035 2651 1114 2723 τῷ
1147 2653 1322 2724 Πατρὶ
1366 2653 1466 2725 τὴν
1510 2654 1703 2725 κλῆσιν

126 2738 551 2811 ἑπαλήθεύοντος
577 2756 590 2772 ·
645 2740 771 2794 οὔτε
802 2741 863 2795 τὸ
894 2742 1116 2815 Πνεῦμα
1148 2743 1205 2797 ἓν
1251 2745 1358 2799 τῶν
1396 2747 1703 2819 εἰρημένων

124 2827 267 2884 εἶναι
295 2831 567 2901 νομίζειν,
594 2831 735 2886 ὥστε
772 2834 851 2899 είς
884 2832 1151 2907 Πατρδςῆ
1194 2836 1323 2892 Υίοῦ
1362 2837 1569 2894 ἔννοιαν
1615 2840 1704 2894 διὰ

122 2922 230 2991 τῆς
288 2922 382 2975 τοῦ
458 2921 777 2992 Πνεύματος
832 2927 1202 2997 προσηγορίας
1256 2926 1543 2997 ὲνάγεσθαι
1614 2931 1704 2985 τὸν

124 3012 411 3067 ἀκούοντα.
451 3012 590 3066 Ἀλλ’
618 3014 781 3079 ίδίως,
808 3016 901 3068 καὶ
922 3018 1377 3090 άποτεταγμένως
1408 3022 1466 3073 ὲν
1490 3023 1705 3095 ἑκάστῳ

121 3104 237 3159 τῶν
273 3105 552 3176 ὀνομάτων
583 3108 1016 3162 συνυπακούεται
1044 3111 1078 3180 ἡ
1118 3111 1551 3187 ὲνσημαινομένη
1584 3118 1705 3180 ταῖς

120 3171 520 3267 προσηγορίαις
539 3197 854 3262 ὑπόστασις.
874 3198 984 3253 Καὶ
1001 3171 1093 3254 τὸν
1114 3171 1331 3274 Πατέρα
1352 3171 1703 3273 ἀκούσαντες,
1734 3171 1776 3230 C

119 3287 226 3358 τὴν
252 3286 349 3340 τοῦ
386 3287 586 3351 παντὸς
617 3288 796 3343 αἰτίαν
830 3288 1165 3361 ἠκούσαμενθ
1211 3294 1303 3348 τὸν
1332 3294 1389 3348 δὲ
1436 3297 1565 3352 Υίδν
1605 3316 1709 3370 μα-

118 3378 340 3443 θόντες,
365 3378 464 3451 τὴν
494 3381 559 3433 ἐκ
586 3380 686 3451 τῆς
717 3381 944 3455 πρώτης
975 3382 1154 3449 αἰτίας
1191 3386 1586 3459 ἀναλάμψασαν
1618 3391 1708 3445 δύ-

118 3487 293 3540 ναμιν
322 3471 405 3535 είς
437 3473 537 3543 τὴν
566 3472 660 3526 τοῦ
701 3474 900 3539 παντὸς
941 3475 1200 3531 σύστασιν
1230 3480 1607 3553 ὲδιδάχθημενυ
1650 3485 1710 3539 τὸ

114 3563 185 3618 δὲ
218 3563 443 3635 Πνεῦμα
470 3565 709 3634 γνόντες,
735 3565 834 3637 τὴν
854 3566 1208 3641 τελειωτικὴν
1238 3570 1469 3643 δύναμιν
1494 3573 1603 3629 τῶν
1623 3574 1711 3631 διὰ

119 3658 362 3721 κτίσεως
372 3658 452 3737 είς
466 3657 527 3710 τὸ
540 3653 680 3712 εἶναι
696 3657 1196 3733 παρα[δε]δομένων
1212 3664 1275 3717 ἐκ
1290 3665 1383 3718 τοῦ
1397 3666 1607 3739 Πατρός
1623 3668 1711 3723 διὰ

114 3750 221 3805 ⁴τοῦ
243 3749 373 3803 Υίοῦ
400 3750 721 3823 ὲνοήσαμεν.
750 3752 816 3805 Δί
848 3752 946 3822 μὲν
973 3748 1065 3807 οῦν
1095 3753 1423 3821 ὑποστάσεις
1450 3759 1594 3811 κατά
1620 3760 1710 3813 τὸν

116 3842 419 3913 εἰρημένον
463 3843 664 3915 τρόπον
696 3843 1013 3916 ἀσυγχύτως
1053 3846 1147 3899 ἀπ’
1181 3845 1423 3918 ἀλλήλων
1446 3849 1710 3921 διακεχω-

120 3935 387 4009 ρισμέναι
414 3936 541 3990 εἰσίο
569 3936 783 4008 Πατρὺς
808 3936 952 4006 λέγω
974 3939 1067 3993 καὶ
1085 3937 1218 3993 Υίοῦ
1238 3942 1331 3994 καὶ
1354 3942 1509 4010 ἁγίου
1540 3943 1711 3998 Πνεῦ-

118 4043 322 4099 ματος.
366 4028 432 4081 Ἦ
477 4027 536 4082 δὲ
572 4028 728 4082 οὐσία
780 4028 995 4097 αὐτῶν,
1040 4031 1162 4102 ἥτις
1201 4034 1330 4088 ποτε
1373 4035 1511 4107 αῦτη
1563 4037 1713 4090 ἐστὶν

118 4119 432 4189 (ἄφραστος
458 4118 567 4191 γάρ
586 4119 706 4173 ἐστι
730 4118 874 4191 λόγῳ
892 4162 909 4188 ,
933 4121 1029 4175 καὶ⁹
1068 4124 1299 4194 νοήματι
1326 4125 1607 4199 ἄληπτος),
1634 4130 1712 4194 είς

115 4211 429 4283 ἑτερότητά
448 4229 570 4266 τινα
594 4211 808 4282 φύσεως
827 4214 889 4267 οὐ
909 4213 1304 4288 διαμερίζεται.
1333 4218 1475 4272 Διότι
1497 4220 1557 4274 τὸ
1582 4221 1710 4290 ἀκατ

114 4304 407 4373 στάληπτον
437 4304 532 4358 καὶ
564 4304 919 4377 ἁπερινόητον
958 4306 1053 4359 καὶ
1094 4307 1375 4379 λογισμοῖς
1410 4298 1711 4385 άπερίδραέ

115 4410 259 4449 κτον
296 4392 415 4450 ἷσόν
453 4396 602 4450 ἐστιν
641 4398 726 4466 ἐφ’
761 4398 976 4470 ἑκάστῳ
1001 4398 1111 4454 τῶν
1138 4402 1195 4453 ὲν
1219 4404 1284 4473 τῇ
1319 4403 1505 4474 Τριάδι
1553 4422 1709 4459 πεπι-

3007 538 3207 593 Euntes
3223 580 3238 606 ,
3290 538 3369 592 ait

1789 632 1968 695 enim,
2000 632 2175 685 docete
2206 645 2382 684 omnes
2409 639 2582 700 gentes
2607 673 2620 694 ,
2672 632 2999 699 baptizantes
3044 647 3129 686 eos
3170 631 3225 684 in
3270 646 3369 684 no-

1791 724 1930 778 mine
1965 723 2146 778 Patris
2173 732 2222 777 et
2246 722 2369 777 Filii
2399 732 2446 775 et
2477 720 2705 790 Spiritus
2736 722 2907 777 sancti
2932 741 2949 786 ;
2983 724 3226 778 docentes
3259 738 3370 777 ser—

1791 832 1916 871 vare
1954 817 2131 870 omnia
2165 829 2483 884 quwcunquc
2513 814 2655 867 vobis
2687 814 2934 867 mandari
2970 813 3030 867 ¹⁵.
3061 812 3278 869 Etenim
3312 813 3367 867 in

1792 904 1903 959 duo
1945 902 2197 958 dividens
2244 900 2575 957 Christiana:
2620 901 2937 971 reipublica:
2981 910 3186 958 statum
3221 901 3366 959 etin

1792 995 2060 1053 moralem
2091 1004 2301 1067 partem
2325 1035 2340 1060 ,
2375 1002 2428 1050 et
2465 994 2520 1049 in
2554 995 2901 1051 decretorum
2934 1001 3250 1049 accuratam
3280 1009 3370 1048 ra-

1793 1085 2035 1154 tionem,
2081 1087 2327 1142 salutare
2365 1084 2589 1157 quidem
2643 1087 2929 1142 decretum
2975 1087 3029 1140 in
3075 1086 3371 1141 traditione

1791 1176 2147 1249 baptismatis
2178 1179 2450 1245 ﬁrmavit;
2473 1181 2641 1233 vitam
2673 1188 2856 1234 autem
2888 1187 3133 1234 nostram
3161 1193 3369 1249 praece-

1797 1285 2011 1347 ptorum
2047 1286 2278 1327 suorum
2318 1274 2707 1329 observatione
2748 1273 2913 1342 dirigi
2963 1272 3241 1341 praecepit.
3276 1271 3375 1324 At-

1790 1374 1981 1419 tamen
2008 1362 2077 1418 ab
2107 1378 2167 1418 ea
2198 1372 2351 1433 parte
2380 1380 2501 1435 qum
2531 1375 2613 1420 est
2642 1373 3043 1435 praeceptorum
3068 1404 3083 1428 ,
3111 1372 3372 1432 tanquam

1797 1458 1865 1511 ab
1897 1457 1989 1510 illa
2023 1471 2145 1526 quae
2182 1457 2378 1511 anima:
2414 1456 2601 1512 minus
2636 1454 2959 1511 detrimenti
2997 1454 3204 1509 inferre
3238 1468 3374 1523 pos-

1799 1550 1907 1613 sit,
1943 1548 2210 1602 abstinuit
2244 1564 2477 1619 prorsus
2509 1549 2787 1612 diabolus,
2819 1549 2970 1603 nullo
2996 1561 3116 1602 eam
3149 1545 3378 1600 adortus

1797 1650 2019 1695 conatu.
2053 1638 2225 1694 Omne
2258 1636 2561 1695 adversarii
2593 1639 2834 1694 studium
2855 1679 2870 1703 ,
2905 1638 3205 1693 multorum
3254 1650 3380 1705 per-

1798 1732 2044 1788 vertendi
2078 1733 2289 1786 animas
2316 1772 2330 1797 ,
2363 1728 2422 1786 in
2452 1730 2833 1802 principaliori
2866 1728 3192 1800 meliorique
3222 1736 3380 1799 parte

1731 1809 1772 1869 Β
1804 1825 2101 1896 praestitum
2130 1832 2249 1889 est,
2274 1832 2333 1879 ut
2362 1839 2430 1880 ne
2456 1824 2511 1879 id
2535 1822 2758 1895 quidem
2782 1864 2797 1887 ,
2828 1821 2876 1877 si
2907 1821 3210 1893 quidquam
3241 1834 3381 1890 pra:-

1802 1917 1977 1987 ccptis
2005 1924 2152 1972 recte
2194 1924 2438 1987 geratur,
2485 1916 2559 1972 sit
2600 1916 2813 1971 lucrum
2840 1954 2855 1978 ,
2912 1928 3036 1968 cum
3085 1924 3280 1983 magna
3326 1920 3383 1967 et

1801 2010 1975 2080 prima
2010 2021 2135 2078 spes
2165 2022 2277 2062 non
2321 2007 2560 2079 amplius
2604 2007 2658 2062 in
2707 2004 2956 2063 seductis
2998 2019 3189 2060 errore
3231 2004 3381 2060 circa

1803 2101 2025 2156 decreta
2060 2100 2243 2157 inesse
2274 2099 2469 2170 possit.
2504 2098 2809 2156 Consilium
2844 2107 3137 2171 pr0pterea
3165 2096 3378 2166 praebe-

1804 2208 1961 2260 mus,
1992 2208 2061 2251 ne
2093 2208 2124 2248 a
2158 2192 2513 2264 simplicitate
2561 2192 2864 2263 primorum
2913 2191 3206 2247 verborum
3258 2188 3382 2243 ﬁdei

1805 2286 2107 2355 quidquam
2155 2283 2457 2340 abscedant
2493 2284 2559 2349 ii,
2593 2282 2683 2358 qui
2718 2297 2818 2353 pro
2846 2297 2943 2339 sua
2975 2291 3143 2354 agunt
3170 2282 3383 2348 salute;

1802 2373 1904 2431 sed
1932 2382 1991 2428 ut
2020 2374 2074 2429 in
2106 2373 2290 2428 anima
2320 2373 2539 2444 quidem
2567 2373 2938 2443 suscipientes
2964 2370 3184 2428 Patrem
3216 2380 3271 2427 et
3297 2369 3385 2425 Fi-

1806 2465 1939 2520 lium
1971 2473 2025 2521 ct
2063 2464 2329 2536 Spiritum
2362 2474 2615 2521 sanctum
2639 2505 2653 2532 ,
2690 2479 2801 2520 non
2829 2478 2994 2519 unam
3044 2462 3384 2536 bypostasim

1809 2557 2108 2610 multorum
2151 2555 2437 2609 nominum
2471 2569 2593 2610 esse
2624 2554 2947 2609 existiment
2977 2570 2991 2609 :
3030 2566 3209 2625 neque
3240 2553 3386 2607 enim

1812 2646 1924 2703 ﬁeri
1968 2655 2149 2718 potest
2190 2646 2410 2704 Patrem
2457 2648 2541 2703 sui
2592 2647 2767 2717 ipsius
2809 2646 3021 2702 Patrem
3066 2646 3217 2713 dici;
3262 2662 3387 2700 cum

1810 2755 1921 2795 non
1953 2754 2080 2796 vere
2105 2738 2261 2794 Patri
2293 2749 2747 2812 cognomentum,
2782 2739 2875 2808 qui
2925 2737 2998 2793 sit
3046 2738 3131 2794 sui
3172 2736 3347 2793 Filius
3370 2777 3387 2801 ,

1810 2847 2001 2887 verum
2058 2831 2305 2887 eiiiciat:
2360 2847 2539 2902 neque
2582 2840 2646 2886 ut
2696 2832 3056 2908 existiment,
3117 2828 3385 2901 Spiritum

1813 2938 1977 2977 unam
2004 2937 2122 2977 rem
2154 2938 2278 2977 esse
2306 2937 2373 2977 ex
2405 2922 2714 2993 prtedictis,
2748 2923 2822 2978 ita
2860 2934 2919 2978 ut
2973 2923 3029 2977 in
3070 2921 3250 2978 Patris
3294 2931 3390 2975 aut

1812 3014 1938 3070 Filii
1974 3014 2342 3085 cognitionem
2377 3030 2473 3086 per
2512 3012 2756 3085 Spiritus
2796 3014 3253 3085 appellationem,
3294 3015 3390 3085 qui

1814 3105 2040 3172 audiat,
2072 3104 2384 3162 inducatur.
2423 3107 2493 3159 At
2525 3121 2654 3161 vero
2688 3107 2946 3177 proprie,
2983 3120 3048 3161 ac
3092 3114 3236 3161 stata
3270 3120 3391 3160 cer-

1813 3208 1978 3269 taque
2009 3200 2227 3255 ratione
2260 3201 2313 3253 in
2347 3200 2582 3269 singulis
2623 3201 2910 3254 nominum
2941 3215 3049 3255 una
3098 3199 3262 3255 simul
3303 3199 3391 3254 in-

1812 3291 2037 3346 auditur
2062 3290 2373 3362 significata
2424 3292 2477 3346 in
2531 3292 2989 3361 appellationibus
3029 3291 3391 3363 itypostasis;

1813 3384 2085 3458 Patreque
2143 3386 2371 3453 audito,
2431 3386 2679 3441 omnium
2744 3400 2972 3440 causam
3034 3384 3391 3447 audivimus;

1812 3478 2011 3536 Filium
2064 3490 2245 3535 autem
2291 3479 2601 3543 discentes,
2655 3494 2722 3534 ex
2769 3479 2944 3549 prima
2998 3491 3165 3533 causa
3216 3475 3391 3532 reful-

1813 3578 2028 3642 gentem
2058 3578 2382 3641 potestatem
2413 3568 2480 3624 ad
2514 3569 2754 3625 universi
2786 3569 3232 3625 constitutionem
3259 3568 3394 3623 edo-

1813 3661 1889 3717 cti
1944 3676 2185 3727 sumus;
2242 3660 2458 3731 Spiritu
2517 3676 2650 3717 vero
2706 3662 2952 3731 cognito,
3008 3661 3394 3733 perfectriccm

1814 3751 2132 3808 facultatem
2167 3769 2355 3808 eorum
2387 3767 2507 3823 quae
2534 3767 2634 3822 per
2671 3753 3009 3808 creationem
3044 3767 3073 3807 a
3104 3751 3265 3808 Patre
3297 3768 3397 3824 per

1813 3844 2014 3900 Filium
2044 3845 2098 3898 in
2127 3846 2511 3901 exsistentiam
2545 3845 2744 3901 tradita
2790 3852 2949 3911 sunt,
2994 3845 3392 3902 intelleximus.

1816 3937 2206 3994 Subsistentiae
2232 3938 2404 4008 igitur
2428 3939 2585 4008 juxta
2617 3938 2823 3993 dictum
2850 3937 3071 3993 modum
3103 3937 3396 3993 iuconl'use

1815 4030 2047 4084 invicem
2080 4038 2349 4099 separata:
2387 4037 2551 4094 sunt,
2586 4028 2768 4085 Patris
2790 4070 2806 4095 ,
2842 4030 3009 4093 dico,
3046 4036 3099 4085 et
3132 4028 3292 4094 Filii,
3336 4040 3396 4083 et

1815 4122 1993 4177 sancti
2026 4120 2290 4193 Spiritus.
2326 4120 2579 4177 Essentia
2625 4133 2808 4178 autem
2854 4123 3099 4193 ipsorum
3131 4136 3367 4191 quaaeun

1814 4230 1921 4284 que
1966 4214 2085 4285 ipsa
2115 4229 2359 4285 unquam
2390 4216 2462 4270 sit
2495 4214 2686 4285 (dicto
2715 4215 2861 4270 enim
2896 4214 3007 4270 dici
3043 4214 3275 4285 nequit,
3309 4213 3397 4267 in~

1814 4306 2231 4377 telligentiaque
2255 4316 2340 4362 est
2373 4306 2902 4379 incomprehensa),
2938 4306 2991 4361 in
3014 4304 3394 4362 diversitatem

1815 4395 2053 4465 aliquam
2084 4406 2293 4452 natura:
2322 4399 2471 4452 nullo
2495 4406 2654 4471 pacto
2677 4398 3020 4470 dispertitur.
3044 4398 3396 4467 Quapropter

118 4488 451 4559 στευμένων
482 4488 808 4560 προσώπων.
847 4489 907 4544 '0
933 4490 1042 4563 γάρ
1070 4492 1365 4565 ἐρωτηθεὶς
1391 4496 1441 4548 τί
1468 4498 1588 4551 κατ’
1617 4498 1697 4551 οὑ-

1815 4488 1961 4561 quod
2010 4490 2528 4559 incomprehensum
2568 4498 2653 4546 est
2697 4506 2763 4544 ac
2812 4498 2996 4547 mente
3043 4504 3153 4543 non
3199 4504 3397 4561 perce-

116 4578 256 4633 σίαν
291 4581 443 4635 ἐστὶν
469 4582 498 4635 ό
523 4580 711 4653 Πατὴρ
733 4622 747 4647 ,
794 4582 1151 4654 εὐγνωμόνως
1201 4585 1294 4639 καὶ
1337 4586 1550 4658 ἀληθῶς
1578 4591 1710 4663 ὁμο-

114 4671 358 4741 λογήσει
385 4669 448 4723 τὸ
468 4671 609 4743 ὑπὲρ
637 4674 838 4740 γνῶσιν
867 4667 1005 4728 εἶναι
1038 4674 1101 4727 τὸ
1129 4674 1480 4747 ζητούμενον.
1522 4679 1718 4736 Ὡσαύ-

111 4780 239 4827 τως
287 4763 385 4816 καὶ
413 4763 663 4834 περὶτοῦ
711 4764 1030 4835 μονεγενοῦς
1059 4766 1190 4819 Υίοῦ
1232 4769 1406 4824 οὐδενὶ
1450 4770 1590 4841 λόγῳ
1619 4774 1718 4845 τὴν

113 4856 326 4910 οὐσίαν
361 4855 774 4926 καταληφθῆναι
801 4855 1026 4911 δυνατὸν
1053 4852 1192 4910 εἶναι
1220 4858 1563 4932 συνθήσεται.
1599 4865 1718 4935 Τὴν

110 4944 240 5015 γὰρ
275 4942 489 5013 γενεὰν
518 4941 725 5007 αὑτοῑῆ
753 4945 907 5014 φησὶ,
934 4944 1029 5012 τίς
1055 4943 1402 5014 διηγήσεται
1425 4965 1445 5014 ;
1486 4950 1718 5022 ὐμοίως

109 5034 177 5089 δὲ
220 5034 324 5087 καὶ
355 5032 486 5105 περὶ
530 5033 625 5087 τοῦ
667 5035 983 5107 Πνεύματος
1031 5038 1123 5091 τοῦ
1167 5040 1321 5109 ἁγίου
1364 5043 1425 5096 τὸ
1463 5039 1581 5100 ἴσον
1618 5048 1717 5120 τῆς

108 5124 277 5185 κατὰ
316 5124 419 5195 τὴν
449 5125 753 5196 κατάληψιν
793 5128 1103 5199 ἀμηχανίας
1133 5130 1162 5184 ό
1199 5130 1294 5185 τοῦ
1328 5134 1531 5205 Κυρίου
1560 5137 1718 5207 λόγος

109 5216 473 5271 ἐνδείκνυται
498 5216 694 5286 λέγων,
724 5218 805 5272 ὅτι
825 5219 925 5291 τῆς
951 5220 1048 5291 μὲν
1071 5223 1253 5293 φωνῆς
1281 5225 1446 5279 αὐτοῦ
1475 5227 1714 5294 ἀκούεις,

107 5310 225 5363 οὐκ
258 5302 415 5371 οἶδας
442 5308 501 5363 δὲ
529 5309 694 5363 πόθεν
712 5310 952 5382 ἔρχεται,
984 5313 1079 5366 καὶ
1103 5314 1208 5367 ποῦ
1237 5314 1453 5386 ὑπάγει,
1501 5318 1718 5393 Ἐπειδὴ

104 5403 317 5456 τοίνυν
345 5400 599 5472 οὐδεμίαν
623 5404 682 5455 ἐν
712 5402 788 5474 τῷ
827 5404 1196 5476 άκαταλήπτῳ
1228 5406 1335 5461 τῶν
1361 5409 1527 5480 τριῶν
1550 5427 1717 5483 προσ-

104 5492 302 5545 ώπων
316 5490 585 5562 διαφορὰν
609 5491 899 5563 ἐννοοῦμεν
921 5494 1003 5563 (οὐ
1029 5495 1138 5565 γάρ
1157 5495 1218 5547 τὸ
1244 5497 1342 5566 μὲν
1369 5489 1718 5566 μᾶλλονάκα·

102 5586 437 5656 τάληπτον,
465 5584 527 5637 τὸ
551 5585 607 5638 δὲ
634 5581 812 5659 ἦττον·
832 5586 947 5639 ἀλλ’
975 5581 1055 5652 εἷς
1077 5588 1170 5640 ἐπὶ
1189 5590 1288 5659 τῆς
1311 5588 1541 5662 Τριάδος
1561 5592 1590 5645 ό
1620 5592 1719 5663 τῆς

241 5764 292 5796 ⁸⁸
323 5762 514 5819 Matth.
540 5780 730 5836 XXV)",
768 5767 853 5832 i9,
892 5766 983 5822 20.
1062 5766 1103 5798 ‘°
1136 5767 1241 5821 lsa.
1266 5780 1381 5831 LIII,
1410 5766 1464 5822 8.

1817 4594 2004 4654 ptum,
2036 4591 2089 4638 et
2120 4584 2267 4653 quod
2311 4585 2830 4640 ratiocinationibus
2870 4583 3251 4653 circumplecti
3298 4599 3397 4638 nc-

1816 4674 2064 4744 quimus,
2118 4676 2326 4747 aequale
2376 4685 2461 4731 est
2514 4675 2568 4729 in
2628 4675 2861 4747 singulis
2918 4690 3279 4745 personarum
3339 4673 3398 4729 in

1817 4765 2092 4824 Trinitate
2123 4768 2482 4824 creditarum.
2514 4768 2891 4841 Interrogatus
2923 4769 3067 4823 enim
3093 4808 3107 4832 ,
3144 4766 3276 4838 quid
3325 4768 3397 4823 sit

1818 4860 2122 4916 secundum
2180 4862 2478 4917 essentiam
2532 4859 2740 4928 Pater,
2798 4871 2946 4918 recta
3008 4861 3283 4916 sententia
3341 4868 3397 4915 et

1819 4966 1947 5006 vere
1978 4949 2241 5004 fatebitur
2271 4952 2559 5021 qttaesitum
2589 4967 2711 5007 esse
2732 4992 2746 5014 ,
2778 4950 2925 5023 quod
2962 4960 3047 5007 est
3088 4967 3254 5021 supra
3297 4968 3398 5005 no-

1822 5044 2051 5099 tionem.
2084 5042 2450 5098 Tantumdem
2485 5045 2532 5099 is
2571 5052 2625 5099 et
2657 5042 2726 5100 de
2772 5044 3056 5115 unigenito
3097 5042 3236 5095 Filio
3286 5057 3398 5095 non

1825 5132 1940 5189 iieri
1986 5150 2184 5205 posse,
2233 5144 2290 5189 ut
2326 5136 2435 5190 ulla
2485 5135 2698 5191 ratione
2749 5136 2991 5191 essentia
3038 5134 3399 5204 comprehcn-

1821 5226 2008 5290 datur.
2058 5228 2382 5283 constituet.
2438 5224 2835 5283 Generationem
2884 5226 3028 5281 enim
3091 5224 3239 5293 ejus,
3291 5223 3396 5287 ait,

1822 5324 1936 5392 quis
1968 5323 2243 5377 enarrabit
2272 5321 2361 5377 "1’
2400 5320 2633 5379 Perinde
2676 5336 2809 5378 vero
2836 5329 2889 5377 et
2928 5320 2997 5375 de
3028 5318 3234 5389 Spiritu
3272 5333 3401 5372 san-

1824 5422 1914 5468 cto
1941 5414 2313 5483 aequalitatem
2361 5414 2561 5487 inopia:
2598 5414 2902 5471 secundum
2946 5409 3401 5483 comprehensio-

1826 5520 1950 5563 nem
1974 5505 2188 5562 Domini
2219 5524 2402 5565 sermo
2428 5515 2847 5576 commonstrat,
2882 5505 3096 5573 dicens,
3128 5504 3277 5576 quod
3304 5519 3400 5556 vo—

1828 5612 1945 5655 cem
1973 5598 2146 5670 ipsius
2178 5600 2373 5669 audis;
2396 5602 2538 5659 unde
2560 5609 2743 5658 autem
2764 5600 2911 5656 venit
2931 5606 2985 5656 et
3006 5613 3117 5671 quo
3140 5594 3396 5658 deducit.
