3822 6426
469 239 492 294 ί
506 238 598 292 υοι

1699 231 1758 289 S.
1797 222 2125 288 GREGORII
2164 224 2459 288 NYSSENI

3591 232 3710 288 ἰθεδὲ

467 366 575 405 non
607 349 792 405 noscis
821 349 882 402 ".
919 347 1151 404 Proinde
1179 347 1348 418 igitur
1383 347 1594 412 nullum
1638 346 1940 402 discrimen
1983 345 2040 399 iu

2147 345 2524 416 ἀκαταληψίας
2551 345 2730 416 λόγος,
2763 345 2852 399 διὰ
2890 344 3046 400 τοῦτό
3074 363 3270 416 φαμεν,
3302 343 3456 416 αὗτῷ
3486 343 3562 416 τῷ
3591 347 3709 415 ἀλή-

466 458 566 506 eo,
597 441 742 512 quod
773 452 855 496 est
891 443 1054 496 trium
1080 453 1451 512 personarum
1481 440 2001 509 ineomprehensum
2021 475 2038 502 ,

466 523 851 602 intelligimus.
891 531 1010 586 Non
1048 531 1194 586 enim
1228 532 1461 585 alterum
1492 530 1714 602 quidem
1751 529 1926 600 magis
1958 528 2043 581 in-

467 616 927 694 comprehensum
951 631 1085 699 est,
1125 623 1357 677 alterum
1397 637 1530 678 vero
1572 621 1758 676 minus
1789 636 1804 686 ;
1835 627 1892 674 at
1933 635 2041 674 una

468 728 696 783 prorsus
729 708 1201 784 incomprehensae
1230 711 1306 768 rei
1340 713 1479 768 ratio
1507 714 1561 766 in
1590 711 1877 766 Trinitate.
1908 702 2043 764 Pro-

468 815 652 875 pterea
679 803 946 870 dicimus,
978 821 1043 860 eo
1072 805 1217 877 quod
1248 806 1454 876 percipi
1486 806 1718 876 nequit,
1751 812 2043 874 menteque

469 889 619 954 nullo
648 904 805 970 pacto
835 899 1062 972 intelligi
1086 943 1100 966 ,
1131 915 1233 956 nos
1262 915 1426 954 manu
1453 897 1761 955 deducente
1786 938 1805 966 ,
1834 897 2040 953 nullam

465 992 722 1047 essentia:
768 991 824 1046 in
871 999 1062 1047 sancta
1092 976 1364 1046 Trinitate
1402 989 1722 1047 adinvenire’
1754 1003 1856 1046 nos
1889 976 2046 1044 «ιιιιε-

469 1083 699 1137 rentiam
730 1125 746 1150 ,
793 1080 991 1154 praeter
1029 1091 1213 1138 tamen
1251 1083 1502 1139 ordinem
1546 1097 1942 1154 personarum,
1986 1087 2044 1136 et

467 1175 954 1230 subsistentiarum
979 1165 1411 1232 confessionem.
1438 1163 1575 1229 51am
1603 1181 1791 1231 certus
1816 1171 2041 1244 quidam

466 1265 606 1318 ordo
649 1265 706 1319 in
756 1264 1055 1337 Evangelia
1102 1266 1356 1338 proditus
1403 1275 1528 1332 est,
1577 1261 1737 1335 juxta
1775 1279 1938 1335 quem
1972 1265 2043 1319 e'x

469 1354 628 1410 Patre
648 1355 783 1411 ﬁdes
816 1358 1088 1426 incipiens
1104 1374 1202 1429 per
1221 1357 1610 1414 intermedium
1627 1355 1824 1412 Filium
1843 1355 1899 1411 in
1917 1353 2046 1426 Spi-

466 1447 629 1502 ritum
661 1459 915 1504 sanctum
962 1450 1186 1506 desinit.
1208 1449 1526 1505 Differentia
1560 1455 1746 1504 autem
1775 1461 2045 1519 persona-

2138 457 2257 509 πτῳ
2313 439 2408 492 καὶ
2445 439 2799 510 ἁκατανοήτῳ
2865 439 3366 510 χειραγωγούμενοι
3388 476 3405 501 ,
3455 438 3710 508 μηδεμίαν

2137 531 2238 600 τῆς
2269 531 2456 594 οὐσίας
2503 531 2596 585 ἐπὶ
2628 531 2726 599 τῆς
2761 529 2923 600 ἁγίας
2953 528 3182 602 Τριάδος
3208 529 3478 600 διαφορὰν
3521 529 3710 600 ἐξευρί-

2140 633 2290 679 σκειν
2317 642 2330 654 ·
2377 620 2535 688 ἐκτὸς
2567 625 2664 695 τῆς
2718 623 2924 688 τάξεως
2960 624 3068 677 τῶν
3109 623 3456 696 προσώπων,
3494 628 3588 679 καὶ
3625 627 3710 695 τῆς

2137 713 2247 769 τῶν
2286 707 2635 768 ύποστάσεων
2671 706 2982 785 ὁμολογίας.
3015 714 3180 779 Τάξις
3225 714 3324 786 μὲν
3354 715 3466 787 γάρ
3492 717 3635 769 ἐστιν
3661 718 3712 768 ἐν

2145 805 2222 876 τῷ
2251 798 2565 876 Εὑαγγελίῳ
2595 804 2982 878 παραδοθεῖσα,
3008 805 3130 859 καθ’
3150 807 3215 876 ἢν
3241 807 3307 860 ἐκ
3341 808 3603 879 Πατρδςὴ
3630 807 3715 860 πί-

2149 915 2263 962 στις
2289 896 2588 969 ἀρχομένη,
2617 896 2703 950 διά
2732 886 2899 968 μέσου
2929 897 3022 950 τοῦ
3056 895 3183 950 Υἱοῦ
3213 899 3288 962 είς
3320 895 3382 951 τὸ
3415 901 3636 969 Πνεῦμα
3659 899 3714 950 τὸ

2145 986 2301 1056 ἅγιον
2321 985 2638 1056 καταλήγει.
2673 978 2735 1038 Ἡ
2759 985 2816 1039 δὲ
2835 985 3066 1058 διαφορὰ
3087 987 3195 1040 τῶν
3223 988 3560 1060 προσώπων,
3586 991 3713 1062 αὐτῇ

2147 1069 2212 1150 τῇ
2241 1077 2392 1143 τάξει
2413 1077 2513 1147 τῆς
2532 1076 2640 1146 τῶν
2658 1077 3009 1132 ἀποστάσεων
3031 1079 3381 1150 παραδόσεως
3400 1083 3713 1151 φαινομένη,

2146 1168 2400 1240 οὐδεμίαν
2423 1159 2684 1240 σύγχυσιν
2713 1168 2928 1240 ἐμποιεῖ
2954 1171 3067 1234 τοῖς
3089 1171 3407 1242 δυναμένοις
3439 1174 3718 1227 ἐπακολου-

2148 1259 2270 1315 θεῖν
2293 1258 2414 1325 ταῖς
2444 1259 2743 1331 σημασίαις
2766 1259 2860 1314 τοῦ
2887 1248 3069 1330 λόγου,
3111 1261 3245 1315 ίδίαν
3274 1262 3489 1318 ἔννοιαν
3517 1265 3612 1335 τῆς
3629 1265 3717 1318 τοῦ

2146 1352 2361 1426 Πατρδς
2392 1351 2764 1424 προσηγορίας
2792 1353 3183 1424 ὲμφαινούσης,
3216 1355 3310 1408 καὶ
3328 1356 3428 1409 τοῦ
3457 1357 3586 1410 Tia]
3618 1358 3717 1410 πά-

2145 1445 2232 1498 λιν
2258 1445 2355 1499 καὶ
2379 1443 2474 1498 τοῦ
2510 1443 2668 1514 ἁγίου
2705 1437 3020 1515 Πνεύματος
3050 1437 3207 1500 ίδίαν·
3239 1449 3362 1502 κατ’
3393 1448 3588 1502 οὕδένα
3613 1452 3722 1522 τρό-

466 1551 589 1589 rum
637 1536 757 1607 ipso
806 1539 902 1592 illo
949 1539 1153 1614 tradito
1199 1537 1397 1594 ordine
1437 1537 1829 1594 distantiarum
1875 1552 2042 1608 appa-

2148 1552 2248 1588 πον
2278 1534 2388 1589 τῶν
2417 1531 2829 1605 σημαινομένων
2865 1523 2924 1587 ἐν
2953 1521 3204 1606 ἀλλήλοις
3237 1537 3638 1609 συγχεομένων.

465 1645 627 1695 rens,
659 1631 866 1687 nullam
933 1649 1162 1703 prorsus
1207 1635 1594 1692 confusionem
1637 1635 1800 1690 efﬁcit
1845 1633 1949 1698 iis,
2017 1633 2115 1704 qui
2152 1632 2429 1689 sermonis
2477 1631 2695 1702 insequi
2747 1639 2978 1702 possunt
3034 1632 3518 1704 signiﬁcationes;
3573 1650 3722 1691 suam

465 1722 741 1793 propriam
793 1723 1213 1797 intelligentiam
1255 1724 1436 1782 Patris
1478 1727 1847 1798 appellatione
1888 1723 2296 1798 patefaciente,
2359 1722 2598 1794 Filiique
2629 1739 2867 1788 rursus,
2935 1731 2991 1779 et
3040 1722 3279 1796 Spiritus
3352 1727 3540 1783 sancti
3605 1743 3725 1798 pro-

465 1815 640 1886 priam
667 1860 684 1883 ,
713 1816 1019 1873 secundum
1069 1819 1284 1874 nullum
1321 1835 1552 1892 prorsus
1582 1819 1806 1876 modum
1841 1819 2279 1890 significatarum
2313 1833 2499 1872 rerum
2538 1817 2773 1874 invicem
2801 1816 3187 1874 Confusarum.

535 1907 881 1980 Baptizamur
910 1911 1096 1983 igitur,
1127 1913 1292 1969 veluti
1331 1913 1665 1985 accepimus,
1693 1927 1791 1984 per
1823 1910 2036 1968 Patrem

459 2008 515 2056 et
547 1997 746 2056 Filium
783 2010 838 2058 et
884 2002 1149 2075 Spiritum
1189 2014 1462 2074 sanctum,
1490 2005 1770 2062 credimus
1813 2013 1994 2061 autem
2018 2044 2035 2071 ,

461 2094 628 2148 veluti
682 2094 1042 2164 baptizamur.
1099 2097 1408 2153 Consouam
1441 2098 1589 2154 enim
1639 2113 1762 2154 esse
1810 2095 2038 2154 addecet

460 2188 798 2244 confessioni
847 2187 1024 2244 ﬁdem.
1079 2187 1360 2244 Sentimus
1417 2204 1546 2245 vero
1603 2190 1680 2244 uti
1737 2188 2036 2246 credimus.

460 2279 581 2336 Non
605 2281 750 2337 enim
781 2289 1034 2337 naturam
1063 2283 1227 2338 habet
1258 2283 1445 2354 opinio
1481 2297 1603 2338 cum
1634 2282 1739 2339 ﬁde
1772 2297 2034 2355 pugnare.

465 2371 572 2428 Sed
606 2373 658 2427 iu
686 2389 809 2444 qua:
843 2374 1143 2438 credimus,
1176 2375 1291 2429 haec
1338 2382 1393 2428 et
1434 2374 1723 2430 sentimus.
1769 2373 2039 2440 Quoniam

466 2466 632 2536 igitur
678 2468 730 2520 in
786 2465 998 2522 Patrem
1047 2477 1101 2522 et
1152 2466 1350 2521 Filium
1385 2475 1440 2523 et
1477 2466 1743 2538 Spiritum
1786 2475 2040 2522 sanctum

466 2556 600 2613 fides
634 2567 748 2622 est,
789 2557 1153 2630 insequuntur
1201 2566 1382 2614 autem
1412 2574 1473 2615 se
1516 2566 1707 2614 mutuo
1739 2558 1894 2623 fides,
1925 2559 2044 2630 opi-

465 2650 577 2714 nio,
610 2650 876 2720 baptisma
905 2669 920 2706 :
954 2659 1175 2722 propter
1206 2654 1310 2708 hoc
1340 2661 1394 2708 et
1437 2651 1624 2722 opinio
1663 2667 1774 2708 non
1805 2652 2047 2709 secerni-

464 2750 576 2805 tur,
606 2758 668 2798 ea
699 2758 821 2812 quae
850 2744 918 2800 de
945 2743 1108 2800 Patre
1145 2754 1255 2807 est,
1289 2760 1352 2799 ea
1388 2761 1509 2816 qua:
1561 2745 1628 2800 de
1677 2743 1837 2810 Filio,
1884 2752 1938 2800 et
1980 2759 2045 2798 ea

462 2852 586 2906 quae
614 2837 680 2891 de
707 2835 918 2908 Spiritu
947 2845 1163 2893 sancto.
1201 2837 1325 2893 "me
1354 2853 1480 2894 vere
1501 2837 1856 2905 existimatio,
1881 2853 2042 2908 quam

466 2929 701 3000 propria:
752 2937 962 2984 natura:
1016 2930 1329 2994 referimus,
1380 2931 1458 2986 nil
1497 2930 1645 2986 aliud
1687 2938 1796 2994 est,
1841 2938 2045 3002 praeter

465 3036 629 3090 quam
678 3021 950 3077 honorum
981 3038 1101 3091 quae
1149 3022 1202 3076 in
1236 3022 1521 3093 majestate
1558 3033 1686 3078 sunt
1723 3021 1921 3078 divinae
1947 3038 2046 3078 na-

465 3123 600 3170 turae
639 3115 936 3171 confessio.
979 3115 1095 3170 Non
1125 3117 1271 3170 enim
1311 3133 1377 3171 ex
1412 3125 1600 3172 nostra
1645 3116 1903 3172 facultate
1945 3115 2048 3171 ho-

463 3225 652 3266 norem
684 3210 1011 3281 apponimus
1053 3209 1394 3264 inhonorata:
1436 3217 1684 3276 natura);
1733 3217 1788 3262 at
1816 3223 1880 3264 ea
1926 3223 2050 3279 qua:

467 3297 713 3370 profecto
765 3297 967 3352 adsunt
1023 3297 1364 3369 proﬁtentes,
1410 3297 1672 3353 honorem
1725 3297 2044 3368 elargimur.

464 3388 733 3454 Quoniam
771 3387 935 3460 igitur
984 3388 1132 3444 inest
1169 3387 1404 3459 singulis
1449 3389 1504 3442 in
1553 3395 1741 3444 sancta
1781 3387 2049 3446 Trinitate

463 3480 797 3536 creditarum
823 3496 1179 3551 personarum
1204 3481 1718 3552 incoquptibilitas,
1744 3482 2045 3548 aeternitas,

464 3573 869 3635 immortalitas,
899 3572 1144 3637 bonitas,
1179 3581 1442 3642 potestas,
1485 3575 1787 3636 sanctitas,
1827 3574 2048 3645 sapien-

465 3663 564 3727 tia,
597 3661 776 3722 omnis
816 3662 1216 3734 intelligentia,
1255 3665 1658 3737 magniﬁcaque
1709 3673 1764 3720 et
1805 3667 2044 3733 excelsa,

464 3755 593 3810 dum
627 3756 740 3810 haec
765 3755 904 3810 bona
931 3771 1052 3828 qua:
1073 3755 1284 3823 insunt,
1309 3757 1599 3815 dicuntur:
1628 3758 1836 3814 idcirco
1857 3759 2047 3815 existi.

466 3848 726 3904 mationis
756 3847 1070 3919 huiusmodi
1116 3847 1382 3905 elﬁcimur
1428 3850 1562 3922 ipsis
1597 3851 1940 3922 pnebitores.
1983 3853 2048 3906 Et

463 3939 723 4011 quoniam
759 3939 944 3994 omnia
973 3939 1192 4009 quidem
1219 3955 1340 4011 qua:
1364 3938 1543 3996 Patris
1585 3949 1734 4003 sunt.
1769 3942 1930 3997 habet
1958 3939 2049 3996 Fi-

465 4031 605 4098 lius;
635 4029 817 4084 omnia
841 4039 1021 4085 autem
1063 4027 1182 4083 Filii
1224 4029 1364 4084 bona
1404 4029 1456 4083 in
1506 4027 1712 4100 Spiritu
1743 4029 2048 4100 inspiciun-

465 4128 594 4176 tur:
625 4122 829 4176 nullam
878 4121 934 4176 in
978 4128 1169 4176 sancta
1196 4117 1483 4185 Trinitate,
1531 4122 1832 4177 secundum
1880 4121 2041 4178 celsi-

466 4213 708 4269 tudinem
761 4213 1204 4278 existimationis,
1243 4214 1608 4270 differentiam
1667 4223 1856 4270 mutuo
1905 4215 2049 4271 inter

2217 1907 2599 1980 Βαπτιζόμεθα
2625 1909 2824 1975 τοίνυν,
2847 1910 2924 1974 ὡς
2953 1910 3356 1983 παρελὰὁομεν,
3386 1915 3474 1978 τίς
3517 1914 3727 1986 Πατέρα

2146 2002 2240 2056 καί
2267 2001 2394 2056 Υίδν
2415 2001 2510 2054 καὶ
2543 1999 2766 2074 Πνεῦμα
2791 2001 2966 2070 ἀγιον.
2999 2003 3333 2076 Πιστεύομεν
3355 2006 3416 2060 δὲ
3436 2007 3516 2070 ὡς
3544 2006 3728 2076 βαπτιο

2147 2091 2382 2164 ζόμεθα·
2419 2092 2708 2165 σύμφωνον
2740 2094 2849 2166 γὰρ
2881 2091 3020 2150 εἶναι
3061 2098 3328 2168 προσήκει
3358 2102 3429 2168 τῇ
3473 2099 3726 2171 ὁμολογίᾳ

2143 2187 2244 2258 τὴν
2282 2187 2485 2242 πίστιν.
2532 2185 2837 2258 Δοξάξομεν
2865 2186 2921 2240 δὲ
2949 2187 3026 2253 ὡς
3068 2189 3423 2261 πιστεύομεν.
3459 2191 3597 2245 Οὐδὲ
3627 2197 3725 2261 γὰρ

2144 2280 2258 2352 ἔχει
2297 2279 2456 2350 φύσιν
2493 2279 2761 2352 μάχεσθαι
2787 2283 2853 2352 τῇ
2882 2280 3064 2335 πίστει
3111 2281 3207 2353 τὴν
3248 2282 3431 2348 δόξαν.
3480 2284 3624 2336 Ἀλλ’
3655 2287 3728 2348 εἱς

2146 2373 2182 2428 ἃ
2211 2371 2557 2444 πιστεύομεν,
2601 2370 2778 2427 ταῦτα
2806 2372 3253 2445 καὶνδοξάξομεν.
3291 2375 3517 2446 Ἐπειδὴ
3555 2376 3731 2430 τοίνυν

2146 2466 2227 2529 εἰς
2246 2465 2466 2536 Πατέρα
2489 2465 2582 2519 καὶ
2608 2465 2736 2520 Υίδν
2755 2465 2851 2520 καὶ
2874 2466 3097 2537 Πνεῦμα
3120 2467 3272 2536 ἆγιον
3299 2469 3334 2539 ἡ
3354 2467 3544 2532 πίστις
3561 2469 3728 2522 hair

2147 2554 2428 2610 ἀκολουθεῖ
2453 2555 2510 2609 δὲ
2530 2555 2778 2628 ἀλλήλοις
2805 2558 2837 2628 ἡ
2863 2556 3064 2624 πίστις,
3095 2560 3129 2630 ὴ
3151 2558 3300 2624 δόξα,
3321 2560 3386 2613 τδ
3417 2559 3728 2632 βάπτισμα·

2146 2648 2235 2704 διά
2260 2648 2418 2703 τοῦτο
2447 2649 2606 2720 καὶὴ
2655 2649 2782 2715 δόξα
2813 2649 2874 2703 οὐ
2917 2649 3252 2722 διακρίνεται
3290 2653 3324 2723 ή
3375 2653 3599 2724 Πατρὸς
3640 2655 3732 2709 καὶ

2147 2739 2278 2794 Υἰοῦ
2312 2740 2406 2794 καὶ
2436 2739 2594 2808 ἁγίου
2624 2738 2964 2812 Πνεύματος.
2990 2739 3138 2813 Αὕτη
3165 2741 3224 2795 δὲ
3257 2742 3465 2814 ήδόξα,
3496 2745 3568 2815 ἣν
3601 2746 3729 2800 ἀνα-

2147 2830 2462 2904 πέμπομεν,
2481 2833 2550 2903 τῇ
2583 2830 2689 2904 ἰδίᾳ
2715 2831 2875 2902 φύσει
2898 2831 3049 2886 οὐδὲν
3073 2832 3201 2888 ἄλλο
3230 2835 3398 2900 ἐστὶν,
3431 2835 3599 2906 ἀλλ’ἢ
3631 2837 3732 2891 sin

2149 2923 2458 2996 προσόντων
2473 2926 2540 2994 τῇ
2574 2923 2955 2996 μεγαλειότητι
2977 2925 3078 2995 τῆς
3097 2923 3248 2988 θείας
3273 2924 3493 2994 φύσεως
3515 2927 3737 2996 ἀγαθῶ-δ

2146 3013 2423 3086 ὁμολογία.
2455 3015 2530 3068 Οὐ
2563 3015 2670 3086 γὰρ
2695 3013 2755 3080 ἐξ
2776 3015 3045 3088 ἡμετέρας
3070 3015 3351 3086 δυνάμεως
3377 3020 3554 3090 τιμὴν
3571 3036 3728 3091 -προοε

2147 3106 2367 3178 τίθεμεν
2391 3109 2458 3179 τῇ
2506 3107 2756 3179 ἁτιμήτῳ
2808 3106 2998 3177 φύσει,
3025 3108 3157 3162 ἀλλά
3195 3109 3266 3163 τά
3299 3112 3578 3180 προσόντα
3610 3115 3734 3184 δμο-

2147 3199 2277 3271 λογή
2285 3216 2472 3263 σαντες
2489 3198 2586 3271 τὴν
2601 3215 2654 3252 τι
2661 3198 2766 3270 μὴν
2791 3198 3253 3271 [ὲ]πληρὼσαμεν.
3272 3200 3428 3256 Ἐπεὶ
3440 3199 3542 3258 οὖν
3569 3207 3738 3277 πρότ-

2147 3307 2296 3345 εστιν
2325 3289 2541 3362 ἑκάστῳ
2573 3291 2683 3344 τῶν
2715 3293 2773 3345 ὲν
2810 3293 2875 3362 τῇ
2919 3291 3052 3362 ἁγίᾳ
3100 3292 3290 3363 Τριάδι
3321 3297 3738 3365 πιστευομένων

2148 3383 2455 3455 προσώπων
2485 3383 2786 3456 ἀφθαρσία,
2813 3383 3052 3455 ἁῐδιότης
3071 3425 3085 3450 ,
3112 3384 3399 3452 ἀθανασία,
3431 3387 3734 3455 ἁγαθότιιντ,

2146 3475 2395 3546 δύναμις,
2426 3475 2720 3546 ἁγιασμὸς,
2751 3475 2932 3546 σοφία,
2968 3477 3078 3530 πᾶν
3100 3476 3276 3548 νόημα
3311 3479 3738 3548 μεγαλοπρεπές
3777 3551 3780 3554 γ

2147 3584 2206 3620 τε
2230 3568 2324 3622 καὶ
2353 3567 2554 3638 ὑψηλὸν
2577 3568 2632 3621 ὲν
2653 3567 2732 3639 τῷ
2747 3566 2928 3638 λέγειν
2948 3566 3018 3621 τὰ
3038 3568 3304 3640 προσόντα
3323 3570 3533 3639 ἀγαθά·
3565 3572 3741 3641 τούτῳ

2147 3660 2245 3731 τῆς
2267 3659 2424 3730 δόξης
2457 3659 2756 3731 ποιούμεθα
2794 3661 2893 3732 τὴν
2924 3660 3198 3716 ἀπόδοσιν.
3233 3661 3342 3714 Καὶ
3387 3663 3516 3716 ἐπεὶ
3561 3666 3742 3719 πάντα

2151 3754 2248 3824 μὲν
2269 3754 2337 3806 τὰ
2363 3752 2456 3806 τοῦ
2487 3753 2700 3824 Πατρὸς
2726 3753 2755 3806 ό
2786 3753 2912 3818 Υίδς
2939 3752 3074 3824 ἔχει,
3104 3752 3280 3807 πάντα
3297 3753 3355 3807 δὲ
3382 3754 3454 3808 τά
3478 3755 3582 3809 τοῦ
3607 3757 3741 3810 ms

2147 3841 2329 3911 ἀγαθά
2360 3842 2703 3915 ὲνθεωρεῖται
2728 3841 2805 3915 τῷ
2843 3842 3158 3914 Πνεύματι·
3193 3843 3448 3915 οὐδεμίαν
3489 3847 3745 3918 εὑρίσκο-

2150 3950 2248 4004 μεν
2272 3935 2329 3987 ὲν
2353 3937 2419 4006 τῇ
2447 3934 2578 4005 ἁγίᾳ
2599 3933 2788 4006 Τριάδι
2814 3936 2955 3988 κατά
2979 3934 3071 3988 τοῦ
3101 3934 3264 4005 ὕψους
3287 3935 3385 4007 τῆς
3407 3936 3579 4010 δόξης
3605 3943 3741 4010 πρὸς

2147 4025 2346 4098 ἑαυτὴν
2391 4025 2673 4098 διαφοράν.
2727 4024 2864 4080 Οὔτε
2908 4027 3018 4098 γάρ
3047 4028 3188 4082 κατὰ
3231 4045 3352 4082 τινα
3408 4034 3743 4102 σωματαὴν

2149 4122 2456 4195 σύγκρισιν,
2482 4121 2544 4175 τὸ
2577 4123 2676 4193 μὲν
2707 4109 3037 4192 ὑψηλότερόν
3065 4121 3202 4185 ἐστι,
3241 4121 3303 4175 τὸ
3329 4121 3388 4176 δὲ
3413 4127 3745 4178 τάπινὰτε-

2150 4230 2262 4285 ρον·
2298 4213 2360 4266 τὸ
2407 4212 2514 4286 γὰρ
2560 4213 2812 4284 ἀόρατον,
2848 4212 2944 4266 καὶ
2979 4213 3386 4285 ἀσχημάτιστον
3436 4215 3640 4286 μέτρῳ
3681 4217 3743 4270 οὗ

466 4304 641 4374 ipsam
687 4303 1075 4374 comperimus.
1119 4301 1238 4358 Non
1285 4304 1431 4360 enim
1482 4305 1786 4360 secundum
1842 4321 2035 4376 corpo-

2148 4305 2650 4376 καταλαμϐάνεται.
2680 4304 2818 4360 οὗτε
2840 4305 2982 4359 κατά
3007 4305 3234 4376 δύναμιν
3261 4306 3293 4376 ἢ
3323 4307 3657 4378 ἀγαθότητα
3686 4308 3748 4360 τὸ

467 4408 614 4447 ream
667 4393 954 4462 quamdam
1013 4394 1479 4465 comparationem
1527 4395 1761 4450 alterum
1821 4395 2042 4466 quidem

469 4482 754 4552 procerius
792 4489 895 4548 est,
925 4483 1154 4538 alterum
1204 4500 1334 4540 vero
1386 4485 1667 4540 humilius.
1711 4484 1864 4552 Quod
1900 4487 2043 4540 enim

467 4571 616 4626 cerni
651 4573 841 4642 nequit
869 4573 1158 4643 omnisque
1209 4588 1403 4644 expers
1457 4582 1542 4630 est
1594 4572 2041 4645 ﬁgurae,dimen-

467 4664 624 4720 sione
659 4680 766 4719 non
798 4665 1298 4736 comprehenditur.
1325 4663 1510 4736 Neque
1557 4666 1862 4721 secundum
1890 4674 2044 4736 pote-

467 4763 667 4811 statem
705 4764 799 4810 aut
842 4755 1162 4820 bonitatem,
1194 4757 1491 4828 quidquam
1519 4755 1774 4812 differens
1813 4771 2037 4826 compa-

469 4836 588 4902 rate
637 4849 691 4903 in
750 4857 940 4904 sancta
988 4846 1260 4904 Trinitate
1309 4849 1663 4919 comperitur,
1716 4855 1774 4901 ut
1825 4849 2041 4904 dicatur

464 4945 620 5014 juxta
655 4945 776 5015 plus
809 4954 863 5000 et
899 4945 1081 5000 minus
1125 4946 1178 5000 in
1215 4946 1349 5017 ipsis
1393 4960 1515 5000 esse
1559 4946 1899 5000 varietatem.
1935 4945 2040 5012 Qui

466 5036 611 5091 enim
645 5036 920 5107 potentius
948 5051 1114 5090 ιιιιιιιη
1152 5036 1324 5091 altero
1350 5035 1526 5104 dicat,
1554 5037 1719 5092 tacite
1751 5035 1930 5092 fassus
1959 5043 2043 5091 est

471 5128 521 5182 id
558 5129 703 5197 quod
749 5129 802 5182 in
837 5131 1104 5198 potestate
1148 5129 1330 5184 minus
1365 5138 1470 5192 est,
1524 5129 1848 5184 imbecillius
1891 5129 2044 5183 inﬁr-

470 5221 722 5290 miusque
759 5236 882 5276 esse
916 5221 1228 5291 potentiori.
1265 5219 1376 5275 iloc
1421 5230 1598 5276 autem
1650 5228 1908 5276 extrema:
1955 5229 2043 5275 est

468 5309 764 5379 impietatis
785 5351 800 5375 ,
834 5308 1095 5363 indicium
1127 5307 1348 5379 aliquod
1375 5309 1782 5376 imbecillitatis,
1814 5321 1907 5363 aut
1942 5310 2044 5363 im-

469 5400 793 5470 potentiam,
816 5400 931 5457 sive
957 5400 1012 5456 in
1038 5415 1226 5472 parva,
1259 5401 1375 5455 sive
1406 5400 1459 5454 in
1484 5400 1680 5471 majori
1709 5417 1769 5457 re
1798 5402 1851 5457 iu
1885 5403 2045 5457 unice

467 5491 653 5563 genito
717 5490 848 5556 Deo,
896 5500 950 5548 et
998 5492 1053 5548 in
1114 5491 1322 5564 Spiritu
1385 5491 1502 5560 Dei,
1557 5500 1736 5548 mente
1780 5495 2040 5567 cogitare.

544 5671 586 5702 "
625 5670 781 5728 Joan.
820 5689 918 5740 ιιι,
951 5673 1006 5731 8.

2141 4396 2396 4467 διάφορον
2430 4394 2796 4466 συγκριτικῶς
2842 4395 2937 4448 ἐπὶ
2970 4396 3069 4466 τῆς
3103 4396 3263 4464 ἁγίας
3298 4395 3538 4465 Τριάδος
3590 4401 3746 4470 εὑρί-

2143 4503 2353 4551 σκεται,
2384 4485 2460 4548 ὡς
2487 4487 2685 4549 εἰπεῖν,
2725 4485 2877 4556 παρά
2906 4485 2968 4539 τὸ
2997 4485 3180 4539 πλεῖον
3208 4486 3302 4540 καὶ
3324 4486 3557 4542 ἔλαττον
3603 4485 3749 4542 εἶναι

2139 4579 2196 4630 ὲν
2226 4577 2437 4640 τούτοις
2473 4576 2850 4648 παραλλαγήν.
2896 4576 2954 4630 '0
3001 4576 3109 4650 γάρ
3160 4575 3516 4649 ἰσχυρότερον
3569 4581 3640 4633 τ).
3687 4581 3749 4633 ἓν

2139 4669 2232 4725 τοῦ
2305 4670 2493 4741 ἑτέρου
2550 4668 2742 4734 είπὼν,
2787 4669 2929 4722 κατά
2982 4669 3044 4722 τὸ
3112 4667 3464 4739 σιωπώμενον
3531 4671 3752 4741 ὠμολόι

2139 4781 2277 4834 γησε
2327 4764 2388 4817 τὸ
2435 4761 2824 4832 ἐλαττούμενον
2876 4762 2933 4814 ὲν
2977 4763 3044 4832 τῇ
3089 4761 3310 4830 δυνάμει
3335 4761 3753 4836 ἁσθενὲστεριν

2141 4850 2281 4909 εἶναι
2317 4854 2410 4908 τοῦ
2451 4853 2838 4925 δυνατωτέρου.
2887 4847 3057 4905 Τοῦτο
3087 4851 3144 4904 δὲ
3184 4851 3282 4922 τῆς
3327 4851 3599 4924 ἐσχάτηςζ
3629 4858 3754 4909 ἀσε-

2143 4948 2295 5012 ϐείας
2341 4948 2508 5001 ἐστίν’
2563 4945 2800 5017 ἐμφασίν
2845 4963 2966 5000 τινα
3013 4945 3294 5008 ἀσθενείας
3350 4945 3385 5006 ἢ
3423 4945 3756 5019 ἀδυναμία-δ

2143 5039 2254 5093 εἴτε
2296 5040 2353 5092 ὲν
2395 5039 2562 5108 ὀλίγῳ
2614 5038 2723 5091 εἴτε
2779 5037 2837 5091 ὲν
2879 5037 3083 5090 πλείονι
3128 5037 3257 5108 περὶ
3312 5038 3408 5092 τὸν
3463 5045 3756 5110 μονογενῆ

2145 5131 2297 5192 Θεὸν,
2332 5130 2428 5183 καὶ
2457 5129 2585 5199 περὶ
2614 5128 2675 5182 τὸ
2709 5127 2930 5199 Πνεῦμα
2961 5127 3055 5182 τοῦ
3083 5127 3218 5182 Θεοῦ
3257 5130 3480 5185 ἐννοεῖν.
3517 5132 3758 5186 Τέλειον

2149 5223 2258 5294 γάρ
2305 5224 2362 5276 ὲν
2406 5221 2635 5292 δυνάμει
2682 5221 2778 5274 καὶ
2829 5219 3124 5292 ἀγᾶθότητι
3167 5221 3262 5275 καὶ
3303 5222 3602 5294 ἀφθαρσίᾳ
3649 5229 3756 5280 καὶ

2152 5316 2283 5368 πᾶσι
2335 5315 2446 5376 τοῖς
2480 5312 2702 5382 ὑψηλοῖς
2749 5313 3023 5382 νοήμασι,
3075 5314 3170 5367 καὶ
3200 5314 3291 5368 τὸν
3343 5315 3476 5369 Υίδν
3532 5321 3634 5372 καὶ
3687 5320 3756 5372 τὸ

2152 5405 2375 5476 Πνεῦμα
2417 5405 2446 5458 ὁ
2493 5405 2594 5475 τῆς
2637 5403 2896 5475 ἀληθείας
2937 5405 3271 5476 παραδίδωσι
3305 5408 3488 5478 λόγος.
3549 5413 3618 5465 ΕΞ
3649 5407 3756 5465 οὖν

2154 5497 2354 5562 παντὸς
2399 5494 2605 5566 ἀγαθοῦ
2645 5497 2680 5567 ἡ
2725 5495 3239 5568 τελειότηςὲκάστῳ
3267 5499 3379 5557 τῶν
3412 5502 3474 5556 ἐν
3508 5507 3585 5573 τῇ
3610 5504 3756 5574 ἁγία
