3822 6392
461 259 601 318 £099

1713 245 1772 300 S.
1805 242 2135 301 GREGORII
2175 243 2470 300 NYSSENI

3601 253 3731 309 ΗΜ

460 379 620 432 istinc
653 383 800 438 sunt,
837 371 944 424 illis
974 370 1069 440 qui
1110 368 1200 422 hic
1247 365 1563 436 bujusmodi
1605 370 1775 435 agunt
1829 375 2036 416 merca-

2156 379 2264 425 τους
2288 357 2427 415 εἶναι
2449 363 2556 415 τῶν
2579 363 2814 418 ἐνταῦθα
2839 368 3395 438 κατεμπορευομένων
3417 370 3522 441 τῆς
3546 374 3727 440 χρείαις

460 479 630 521 tt-ras.
671 464 822 534 Opus
852 479 980 518 vero
1017 460 1397 532 poliendorum
1436 458 1678 530 lapidum
1720 472 1832 512 non
1860 456 2036 510 solum

458 568 542 612 est
578 560 630 610 in
662 556 937 612 columnis
967 569 1088 623 quae
1117 560 1243 607 octo
1271 561 1402 608 sunt
1427 569 1441 616 ;
1476 566 1620 622 quas,
1648 557 1864 619 oportet
1892 549 2041 618 ipsos

459 657 689 703 venuste
721 649 773 701 in
798 647 1076 701 meliorem
1103 643 1333 699 reddere
1360 644 1592 698 formam
1616 661 1630 708 ;
1662 657 1848 698 verum
1875 641 2038 696 etiam

460 740 642 808 spiras
672 739 914 806 speciem
948 735 1142 790 altaris
1171 733 1472 790 referentes
1507 732 1640 787 illud
1677 730 1940 802 postulat,
1987 738 2042 785 et

458 831 700 900 capitula
732 831 797 883 ad
835 829 1176 884 Corinthiam
1213 828 1439 898 ﬁgttram
1481 827 1692 881 caelata.
1727 824 2042 896 Ingressus-

460 936 567 990 que
594 937 659 976 ex
706 920 1076 974 marmoribus
1122 918 1227 973 erit
1261 919 1465 973 decoro
1497 925 1698 972 ornatu
1749 914 2040 970 confectis.

462 1010 746 1079 Superque
779 1010 896 1078 ipsa
923 1010 1071 1065 fores
1107 1008 1560 1079 superjacebunt,
1595 1008 1734 1062 tales
1774 1005 2042 1076 quasdam

461 1101 702 1171 picturas
730 1100 960 1164 aﬁ'abre,
988 1101 1065 1155 uti
1094 1115 1212 1156 mos
1241 1109 1347 1165 est,
1395 1099 1567 1154 factas
1597 1101 1665 1152 ad
1701 1105 2044 1152 venustatem

462 1208 623 1247 secus
654 1193 974 1263 suggrundii
1019 1191 1445 1263 prominentiam
1479 1191 1764 1245 habentes.
1794 1188 2041 1256 Quorum

461 1285 684 1351 quidem
723 1285 968 1338 omnium
1014 1285 1269 1338 materias
1305 1279 1660 1337 manifestum
1704 1287 1789 1336 est
1819 1293 1849 1332 a
1882 1279 2044 1334 nobis

463 1384 840 1446 comparatum
872 1376 960 1431 iri.
989 1375 1094 1432 Sed
1121 1375 1366 1430 materia:
1387 1389 1479 1428 ars
1502 1360 1733 1428 formam
1759 1370 2042 1443 praebebit.

461 1473 541 1524 ΑΛ
582 1472 693 1524 haec
743 1471 796 1523 in
839 1470 1104 1540 peristylo
1134 1469 1298 1524 etiam
1345 1468 1618 1523 columnae
1662 1481 1774 1522 non
1803 1466 2044 1520 minores

463 1562 826 1631 quadraginta
851 1570 1016 1616 erunt
1041 1578 1056 1616 :
1083 1561 1310 1630 istazque
1331 1575 1552 1630 quoque
1576 1559 1734 1630 plane
1773 1557 2047 1627 pertinent

462 1655 531 1707 ad
579 1670 718 1722 opus
762 1652 1008 1723 lapidum
1060 1650 1466 1723 poliendorum.
1504 1648 1647 1720 Ergo
1677 1649 1723 1704 si
1755 1647 2044 1720 diligenter

2145 453 2319 523 ἡμῶν.
2369 453 2444 506 Τὸ
2485 453 2543 506 δὲ
2582 452 2690 507 τῶν
2718 454 2954 519 λαοξόων
2992 457 3149 528 ἔργον
3195 460 3255 512 ού
3301 461 3463 530 μόνον
3517 464 3578 514 ὲν
3624 466 3728 523 τοῖς

2143 545 2316 598 κίοσιν
2337 548 2452 599 ἐστι
2480 549 2592 610 τοῖς
2614 546 2760 600 ὀκτὼ
2785 547 2878 610 οὓς
2898 547 3006 619 χρὴ
3034 549 3230 615 αὐτοὺς
3252 552 3329 623 τῷ
3353 553 3729 622 καλλωπισμῷ

2145 635 2432 706 βελτιῶσαι
2453 678 2467 700 ,
2504 639 2643 691 ἀλλὰ
2681 639 2995 709 βωμοειδεῖς
3040 643 3270 714 σπείρας
3299 647 3532 698 ἀπαιτεῖ
3561 644 3622 697 τὸ
3647 645 3732 715 ἕρ-

2144 747 2263 798 γον,
2319 732 2412 784 καὶ
2451 731 2744 799 κεφαλίδας
2792 732 3121 802 διαγλύφους
3165 737 3308 790 κατὰ
3333 737 3399 790 τὸ
3445 738 3732 806 Κορίνθιον

2144 818 2304 886 εἶδος.
2325 824 2433 876 Ka‘t
2454 823 2658 887 εἴσοδος
2683 825 2747 877 ὲκ
2771 825 3074 896 μαρμάρων
3094 828 3201 880 τῶν
3220 829 3522 899 καθήκοντι
3546 829 3731 899 κόσμῳ

2145 915 2645 985 κατειργασμένων.
2678 916 3170 989 Καθυπερκείμενα
3192 920 3396 974 τούτων
3429 921 3733 992 Θυρώματα

2145 1005 2420 1070 τοιαύταις
2447 1010 2686 1076 γραφαῖς
2716 1025 2856 1071 τισι,
2880 1009 3061 1072 καθὼς
3086 1011 3205 1074 ἔθος
3227 1014 3396 1078 ἐστὶν,
3425 1015 3510 1076 είς
3544 1014 3732 1076 καλλος

2146 1097 2289 1151 κατὰ
2314 1099 2415 1169 τὴν
2453 1100 2548 1152 τοῦ
2582 1100 2789 1168 γεισίου
2838 1102 3106 1171 προϐολὴν
3147 1104 3580 1174 ἑξησκημέναις.
3634 1100 3730 1158 Ὧι

2148 1190 2366 1244 πάντων
2393 1192 2450 1244 αἱ
2483 1191 2580 1261 μὲν
2603 1190 2728 1244 ὗλαι
2750 1185 2904 1263 δῆλον
2929 1194 3009 1246 ὅτι
3038 1194 3168 1265 παρ’
3190 1198 3222 1265 η
3232 1197 3345 1266 μῶν
3370 1198 3731 1268 πορισθήσον-

2147 1300 2258 1349 ται,
2285 1284 2346 1336 τὸ
2374 1283 2431 1336 δὲ
2463 1285 2558 1336 ἐπὶ
2579 1287 2645 1355 τῇ
2677 1283 2777 1356 ὕλῃ
2810 1281 2945 1350 εἶδος
2974 1289 3006 1356 ἡ
3041 1286 3203 1358 τέχνη
3230 1287 3412 1342 δώσει.
3438 1290 3588 1361 Πρὸς
3610 1292 3730 1343 τού-

2146 1393 2260 1440 τοις
2282 1375 2338 1429 δὲ
2367 1377 2462 1430 καὶ
2485 1377 2627 1430 κατὰ
2650 1376 2711 1429 τὸ
2733 1377 3034 1448 περίστωον
3051 1378 3226 1441 κίονες
3243 1379 3340 1450 οὐχ
3362 1382 3569 1450 ἥττους
3585 1381 3734 1445 ὅντες

2147 1469 2256 1523 τῶν
2282 1469 2708 1540 τεσσαράκοντα.
2742 1470 3004 1536 Λαοξικὸν
3033 1471 3192 1542 ἔργον
3219 1475 3312 1526 καὶ
3341 1468 3491 1528 οὗτοι
3520 1476 3734 1538 πάντως

2149 1564 2304 1621 εἰσίν.
2351 1565 2414 1618 Ei
2455 1564 2633 1618 τοίνυν
2664 1564 2919 1636 ἐνέφηνεν
2959 1568 2987 1618 ὁ
3025 1565 3181 1630 λόγος
3226 1566 3292 1619 δι’
3341 1568 3637 1638 ἀκριϐείας
3680 1571 3736 1622 τὸ

2151 1656 2331 1728 ἔργον,
2363 1655 2585 1709 δυνατὸν
2616 1655 2682 1709 ἂν
2704 1655 2914 1723 γένοιτό
2946 1672 3038 1710 σου
3067 1658 3132 1727 τῇ
3159 1657 3395 1727 ὁσιότητι
3426 1659 3726 1730 κατιδούση

463 1746 723 1816 patefecit
776 1760 915 1814 opus
973 1741 1176 1804 oratio,
1239 1740 1500 1811 possibile
1550 1741 1643 1793 ﬁat
1690 1738 1880 1810 pietati
1918 1747 2046 1803 tuae,

2156 1746 2248 1818 τὴν
2281 1746 2489 1817 χρείαν,
2521 1745 2610 1799 διὰ
2646 1747 2861 1800 πάντων
2895 1747 3026 1817 ἡμῖν
3057 1751 3357 1818 παρασχεῖν
3387 1749 3452 1802 τδ
3490 1751 3590 1802 ἐπὶ
3629 1757 3735 1814 ma;

462 1837 611 1909 quod
646 1853 785 1907 opus
815 1844 922 1899 est,
945 1832 1333 1904 conspicienti,
1363 1841 1628 1902 praestare
1655 1830 1814 1884 nobis
1839 1829 1893 1884 in
1927 1844 2045 1884 om-

463 1931 628 1985 nibus
666 1930 816 1984 circa
851 1927 1098 1982 artiﬁces
1133 1926 1510 1982 securitatem.
1549 1923 1608 1980 Si
1645 1937 1777 1979 vero
1817 1937 1848 1976 a
1885 1921 2046 1980 nobis

463 2040 589 2079 cum
622 2022 834 2076 artiﬁce
866 2028 1023 2091 pacta
1065 2017 1453 2075 constituenda
1501 2018 1636 2081 sint,
1681 2023 2044 2087 proponatur,

465 2118 510 2169 si
541 2115 759 2184 quidem
800 2120 886 2166 est
916 2111 1199 2181 possibile,
1233 2109 1529 2165 manifesta
1573 2122 1837 2163 mensura
1861 2107 2047 2180 Operis

472 2206 679 2269 diurni,
717 2220 784 2259 ne
827 2219 951 2257 cum
975 2203 1020 2257 is
1045 2203 1121 2256 nil
1148 2200 1430 2257 efﬁciendo
1455 2199 1778 2272 praterierit
1807 2207 2044 2270 tempus,

466 2306 678 2368 postea,
709 2312 850 2366 opus
883 2295 1029 2366 quod
1061 2285 1316 2350 ostendat
1351 2308 1461 2347 non
1512 2292 1743 2357 habens,
1785 2300 2046 2361 tanquam

465 2397 546 2445 tot
587 2389 782 2444 diebus
809 2387 972 2442 nobis
1003 2394 1292 2457 Operatus,
1323 2400 1489 2456 super
1515 2400 1580 2440 ea
1611 2391 1824 2455 repetat
1849 2397 2051 2440 merce-

465 2481 610 2538 dem.
638 2479 773 2536 Novi
813 2480 1066 2552 equidem
1104 2479 1291 2534 multis
1331 2493 1432 2534 nos
1464 2477 1735 2548 quosdam
1773 2477 1950 2531 visum
1983 2476 2051 2530 iri

467 2572 730 2625 minutam
765 2571 1034 2624 rationem
1079 2570 1301 2624 sordide
1335 2576 1388 2623 et
1439 2583 1718 2639 prmparce
1769 2568 2045 2632 ineuntes,

467 2662 560 2732 qui
583 2671 689 2714 tam
715 2660 991 2731 exquisita
1013 2660 1300 2730 diligentia
1322 2661 1607 2730 pactiones
1631 2661 2046 2732 persequimur:

468 2763 707 2809 attamen
753 2753 1102 2809 exhortatum
1137 2762 1189 2808 te
1217 2767 1338 2808 esse
1368 2751 1494 2806 volo
1544 2752 1613 2807 ad
1645 2753 1864 2808 veniam
1912 2753 2050 2809 dan-

467 2849 613 2904 dam.
649 2847 898 2902 “amona
932 2845 1079 2902 enim
1126 2847 1238 2913 ille,
1294 2834 1485 2904 multis
1515 2848 1799 2905 multoties
1828 2864 1857 2901 a
1888 2850 2052 2906 nobis

469 2943 611 2997 male
663 2943 730 2996 de
781 2957 840 2996 se
889 2940 1133 3003 auditis,
1185 2939 1404 2996 demum
1454 2955 1484 2994 a
1517 2941 1678 2996 nobis
1725 2941 1862 3012 ipsis
1887 2957 2051 3012 quam

467 3035 788 3106 longissime
815 3033 1124 3104 emigravit,
1168 3032 1294 3086 odio
1331 3031 1560 3092 habens.
1593 3047 1738 3096 reor,
1771 3049 1892 3104 qua:
1913 3049 2054 3089 sem-

2151 1842 2420 1911 τεχνίταις
2468 1839 2794 1910 ἀμέριμνον.
2839 1840 2902 1892 Et
2935 1839 2991 1892 δὲ
3039 1838 3281 1909 μέλλοιτο
3325 1840 3464 1909 πρὸς
3513 1840 3678 1911 ἡμῶν
3711 1844 3736 1894 ὁ

2151 1933 2398 2002 τεχνίτης
2420 1929 2792 1994 συντίθεσθαι,
2823 1931 3132 2001 προκείσθω
3159 1930 3317 2003 εῐπερ
3343 1928 3456 1986 οἷόν
3479 1950 3547 1985 τε
3576 1951 3736 2002 φανέν

2155 2023 2249 2093 ρὸν
2279 2023 2478 2092 μέτρον
2519 2020 2612 2076 τοῦ
2658 2022 2822 2092 ἔργου
2857 2025 2923 2093 τῇ
2958 2021 3163 2092 ἡμέρα,
3209 2022 3292 2074 ἵνα
3333 2021 3409 2092 μὴ
3454 2022 3740 2091 ἄπρακτος

2155 2113 2440 2185 παρελθὼν
2467 2114 2558 2167 τὸν
2595 2115 2806 2185 χρόνον,
2845 2112 2984 2184 μετὰ
3008 2113 3179 2166 ταῦτα
3203 2112 3276 2183 μὴ
3305 2113 3443 2182 έχων
3471 2113 3739 2176 ἐπιδεῖξαι

2154 2205 2214 2258 τὸ
2262 2204 2443 2277 ἔργον,
2485 2204 2561 2269 ὡς
2585 2204 2872 2269 τοσαύταις
2914 2204 3148 2275 ἡμέραις
3180 2207 3314 2274 ἡμῖν
3352 2205 3737 2277 ἐργασάμενος

2154 2297 2245 2350 τὸν
2273 2297 2415 2369 ὑπὲρ
2444 2297 2624 2352 αὐτῶν
2649 2297 2839 2369 μισθὸν
2860 2298 3086 2368 ἀπαιτῇ.
3121 2293 3248 2350 Οἶδα
3278 2297 3333 2350 δὲ
3365 2299 3449 2350 ὅτι
3484 2298 3742 2369 μικρολό-

2155 2405 2240 2456 γοι
2263 2388 2374 2459 (25)
2412 2388 2556 2452 τινὲς
2595 2390 2706 2452 τοῖς
2750 2387 2966 2450 πολλοῖς
2999 2386 3246 2456 δόξομεν,
3281 2385 3427 2438 οὕτω
3473 2387 3615 2455 περὶ
3656 2387 3744 2449 τὰς

2157 2481 2428 2552 συνθήκας
2468 2479 2930 2552 διακριϐούμενοι.
2989 2478 3151 2532 Ἀλλὰ
3185 2478 3580 2550 παρακληθητι
3625 2496 3744 2546 συγ-

2157 2574 2382 2646 γνώμην
2406 2573 2566 2644 έχειν.
2607 2573 2666 2626 '0
2693 2572 2804 2645 γὰρ
2826 2573 3090 2645 μαμωνᾶς
3117 2573 3320 2634 ἐκεῖνος
3345 2570 3531 2624 πολλὰ
3555 2573 3743 2626 mm.

2159 2684 2243 2731 κις
2270 2668 2400 2737 παρ’
2430 2665 2586 2738 ἡμῶν
2609 2665 2849 2728 ἀκούσας
2874 2663 3080 2730 κακῶς,
3118 2664 3270 2727 τέλος
3297 2664 3610 2734 ἀπῴκησεν
3639 2667 3743 2718 ἑαυ-

2157 2759 2246 2813 τὸν
2274 2759 2430 2830 ἡμῶν
2475 2758 2552 2822 ὡς
2593 2756 2931 2829 πορρωτάτω
2951 2773 2964 2786 ·
3012 2761 3244 2826 μισήσας
3267 2794 3282 2819 ,
3310 2753 3467 2826 οἶμαι
3485 2793 3506 2817 ,
3539 2755 3646 2825 τὴν
3673 2756 3743 2807 ἀεὶ

2158 2853 2450 2924 γινομένην
2493 2850 2614 2904 κατ’
2642 2849 2809 2904 αὐτοῦ
2854 2847 3145 2919 φλυαρίαν.
3189 2847 3298 2902 Καί
3340 2864 3454 2900 τινι
3503 2847 3742 2918 χάσματι

2160 2944 2464 3013 ἀδιαϐάτῳ,
2490 2944 2556 3013 τῇ
2587 2941 2750 3012 πενία
2775 2941 2950 3009 λέγω,
2982 2939 3172 2993 ἑαυτὸν
3203 2937 3357 3009 ήμῶν
3394 2937 3742 3007 διετείχισεν,

2159 3039 2236 3102 ὼς
2266 3040 2402 3109 μήτε
2436 3037 2644 3089 ἐκεῖνον
2674 3034 2810 3106 πρὸς
2843 3034 2987 3104 ἡμᾶς
3018 3031 3210 3094 ἐλθεῖν,
3247 3032 3386 3104 μήτε
3427 3032 3588 3102 ἡμᾶς
3625 3032 3745 3102 πρὸς

467 3143 568 3198 per
591 3127 860 3182 adversus
886 3125 1065 3195 ipsum
1096 3131 1226 3181 sunt
1253 3124 1520 3179 blaterata
1548 3142 1564 3191 ;
1595 3139 1659 3179 ac
1687 3123 1927 3194 quodam
1957 3125 2047 3179 im-

2161 3099 2366 3184 ἐκείνον
2385 3099 2734 3201 διαπερᾶσαιί
2772 3099 2973 3180 Τούτου
2996 3124 3154 3197 χάριν
3178 3099 3544 3196 περίπολλοῦ
3579 3099 3747 3177 ποιοῦ-

468 3219 788 3290 permeabili
820 3219 966 3276 hiatu
1003 3217 1366 3288 (paupertate
1404 3215 1562 3288 dico)
1594 3215 1738 3272 inter
1768 3232 1827 3273 se
1870 3217 2052 3288 ipsum

469 3319 524 3364 et
556 3325 655 3365 nos
689 3325 904 3364 murum
939 3308 1214 3364 obstruxit
1239 3348 1255 3373 ,
1305 3316 1363 3362 ut
1395 3323 1568 3378 neque
1600 3307 1689 3364 ille
1718 3309 1783 3364 ad
1825 3324 1926 3364 nos
1954 3326 2051 3364 ve-

470 3407 592 3457 nire
624 3402 820 3472 pessit,
859 3414 1035 3471 neque
1063 3415 1166 3457 nos
1211 3401 1279 3456 ad
1325 3401 1480 3456 illum
1507 3402 1873 3472 pertransire.
1907 3404 2056 3470 Quo-

471 3494 619 3548 circa
648 3493 866 3562 plurimi
901 3491 1043 3547 facio
1069 3493 1325 3562 opificum
1353 3492 1743 3565 benignitatem
1763 3536 1780 3561 ,
1813 3503 1872 3548 ut
1893 3495 2054 3550 nobis

472 3586 539 3639 ad
569 3585 916 3654 prepositum
954 3584 1266 3639 institutum
1315 3584 1495 3640 facere
1530 3587 1664 3641 satis
1707 3586 1744 3640 ii
1791 3587 2049 3657 possint,

473 3677 551 3730 nil
594 3692 820 3745 prorsus
851 3677 920 3730 ab
964 3677 1150 3747 inopia
1184 3677 1501 3745 (laudabili,
1537 3677 1904 3748 precibusque
1954 3695 2052 3734 ex-

475 3766 711 3838 petendo
743 3768 922 3837 malo)
957 3769 1236 3839 prohibiti.
1274 3767 1383 3824 Sed
1431 3771 1486 3824 in
1522 3769 1609 3825 his
1637 3769 1858 3841 quidem
1893 3770 2056 3840 quid-

475 3874 638 3933 quam
665 3858 775 3928 joci
811 3858 1160 3915 commistum
1191 3867 1298 3914 est.
1334 3858 1413 3914 Tu
1448 3870 1644 3926 autem,
1682 3860 1836 3916 homo
1867 3861 1962 3916 Dei
1983 3863 2052 3926 η,

476 3953 555 4006 uti
589 3952 852 4021 possibile
895 3961 950 4007 et
987 3951 1306 4023 legitimum
1337 3952 1429 4018 sit,
1472 3955 1544 4008 ita
1575 3969 1701 4008 cum
1740 3954 2057 4010 hominibus

474 4045 782 4114 paciscens,
832 4045 1025 4100 nuntia
1057 4045 1398 4103 conﬁdenter
1423 4046 1683 4102 omnibus
1726 4048 1862 4118 ipsis
1889 4049 2056 4104 bene-

475 4136 789 4202 volentiam,
820 4153 942 4207 qua:
975 4153 1006 4191 a
1030 4137 1189 4195 nobis
1213 4139 1584 4210 praestabitur,
1608 4141 2056 4211 mercediumque

2165 3240 2264 3294 μαι
2291 3221 2391 3293 τὴν
2419 3219 2838 3292 εὐγνωμοσύνην
2877 3219 2984 3273 τῶν
3019 3216 3295 3289 τεχνιτῶν,
3335 3217 3487 3271 ὥστε
3527 3216 3746 3286 δυνηθῆ-

2162 3332 2251 3369 ναι
2282 3315 2418 3386 πρὸς
2458 3313 2558 3385 τὴν
2593 3311 2960 3385 προκειμένην
2991 3313 3136 3383 ἡμᾶς
3162 3310 3458 3382 ἐξαρκέσαι
3491 3311 3725 3378 σπουδήν

2166 3408 2240 3478 μὴ
2274 3406 2614 3469 κωλυθέντας
2651 3407 2718 3476 τῇ
2749 3405 2932 3476 πενίᾳ,
2962 3402 3041 3475 τῷ
3069 3402 3338 3473 ἐπαινετῷ
3382 3403 3484 3456 καλ
3521 3403 3744 3468 εύκταξῳ

2162 3498 2337 3571 κακῷ.
2385 3498 2547 3552 Ἀλλὰ
2573 3496 2786 3560 τούτοις
2828 3496 2927 3567 μέν
2956 3513 3009 3549 τι
3052 3495 3146 3550 καὶ
3175 3495 3394 3558 παιδιᾶς
3442 3497 3745 3566 καταμέμιο

2159 3609 2305 3646 κται.
2339 3591 2422 3646 Σὺ
2464 3590 2530 3644 δέ
2561 3607 2686 3659 μοι,
2722 3587 2769 3641 ὦ
2798 3589 3072 3658 ἄνθρωπε
3112 3588 3218 3644 τοῦ
3267 3588 3445 3651 Θεοῦ.
3495 3590 3652 3652 ὅπως
3693 3589 3746 3640 ἂν

2163 3684 2386 3738 δυνατὸν
2417 3683 2512 3737 καὶ
2554 3681 2942 3753 νενομισμένον
2970 3678 3037 3756 ᾗ,
3083 3681 3225 3735 οὕτω
3262 3683 3379 3744 τοῖς
3440 3679 3746 3750 ἀνθρώπις

2162 3772 2485 3844 συνθέμενος
2510 3769 2730 3842 θαρρῶν
2757 3771 3056 3840 ὲπάγγειλε
3086 3771 3250 3824 πᾶσιν
3275 3770 3471 3833 αὐτοῖς
3496 3769 3600 3841 τὴν
3633 3770 3745 3836 παρ’

2160 3863 2319 3936 ἡμῶν
2362 3857 2801 3930 εὐγνωμοσύνην,
2841 3859 2934 3912 καὶ
2965 3858 3065 3929 τὴν
3097 3857 3204 3910 τῶν
3252 3855 3472 3928 μισθῶν
3510 3854 3746 3922 amuli,-

2163 3970 2352 4028 ρωσιν.
2398 3950 2650 4022 Δώσομεν
2679 3950 2787 4021 γὰρ
2812 3947 3109 4012 ἀνελλιπῶς
3141 3946 3210 4000 τὰ
3237 3945 3444 4011 πάντα,
3476 3945 3578 3999 τοῦ
3628 3942 3744 3998 Θεσῦ

2161 4045 2248 4100 διὰ
2274 4044 2382 4099 τῶν
2412 4042 2522 4097 σῶν
2546 4040 2724 4111 εύχῶν
2759 4041 2852 4095 καὶ
2892 4041 3023 4110 ἡμῖν
3047 4039 3146 4108 τὴν
3181 4040 3338 4118 χεῖρα
3361 4037 3473 4115 τῇς
3504 4037 3746 4116 εύλογίσς

2163 4139 2488 4206 ἀνοίγοντος.

475 4229 691 4298 plenam
741 4229 976 4299 copiam.
1049 4227 1354 4288 Trademus
1401 4232 1550 4287 enim
1617 4231 1803 4288 omnia
1857 4233 2006 4288 nulla
2045 4251 2106 4293 re
2145 4236 2499 4296 deﬁcientes;
2559 4228 2692 4293 Deo,
2747 4241 2843 4297 per
2886 4233 3009 4281 tuas
3063 4237 3276 4296 preces,
3333 4221 3748 4278 benedictionis

475 4338 700 4378 manum
735 4323 893 4380 nobis
919 4324 1085 4379 etiam
1119 4335 1420 4383 reserante.

548 4445 594 4476 ιι
623 4442 646 4497 ι
673 4442 813 4498 Tim.
838 4461 910 4512 IV,
937 4444 988 4502 t.

553 4603 1078 4688 (QQAMtxpolodrgtx
1099 4602 1214 4686 Hoc
1244 4603 1436 4688 ipnhoc.
1468 4603 1589 4686 loco
1617 4604 1759 4688 valet
1795 4603 2052 4688 μικρολό-

480 4691 595 4742 γος.
624 4674 688 4747 Et
715 4674 1115 4747 quamvis’huic
1147 4675 1534 4747 signiﬁcationi
1589 4674 1826 4747 addatur
1857 4674 2051 4738 etiam,

482 4752 541 4796 ut
579 4745 720 4797 ratio
751 4747 968 4800 ineatur
994 4746 1061 4801 de
1089 4761 1149 4800 re
1179 4745 1507 4815 contempta,
1539 4745 1735 4814 pusilla
1762 4762 1777 4811 ;
1810 4752 2052 4798 attamen

479 4829 632 4880 cave,
667 4825 723 4870 ut
757 4816 845 4870 hic
877 4816 954 4870 ita
998 4817 1240 4886 explices
1270 4823 1325 4872 et
1355 4815 1629 4888 intelligas
1661 4829 1871 4874 voc-3m.
1904 4815 2055 4870 Con-

2161 4611 2270 4658 stat
2293 4602 2436 4658 enim
2469 4617 2564 4673 per
2585 4607 2754 4656 totam
2779 4599 3070 4671 epistolam
3109 4592 3407 4673 :e‘diﬁcium
3438 4609 3556 4650 non
3580 4597 3750 4673 solun

2162 4675 2322 4729 vilem
2371 4662 2486 4754 aut:
2511 4673 2763 4756 exiguam
2809 4662 2924 4727 rem
2983 4683 3092 4724 non
3134 4662 3290 4736 fore,
3339 4680 3548 4722 verum
3604 4669 3748 4736 longe

2163 4754 2724 4814 sumptuostsstmum.
