  <div class='ocr_page' id='page_1' title='image "/cluster/home/n/w/nwhite01/storage/ocr_20150623/46/hvd.32044014713994/556.png"; bbox 0 0 3822 6442; ppageno 0'>
   <div class='ocr_carea' id='block_1_1' title="bbox 52 329 199 385">
    <p class='ocr_par' dir='ltr' id='par_1_1' title="bbox 52 329 199 385">
     <span class='ocr_line' id='line_1_1' title="bbox 52 329 199 385; baseline -0.007 0"><span class='ocrx_word' id='word_1_1' title='bbox 52 329 199 385; x_wconf 74' lang='lat' dir='ltr'><strong><em>11m</em></strong></span> 
     </span>
    </p>
   </div>
   <div class='ocr_carea' id='block_1_2' title="bbox 596 437 1115 505">
    <p class='ocr_par' dir='ltr' id='par_1_2' title="bbox 596 437 1115 505">
     <span class='ocr_line' id='line_1_2' title="bbox 596 437 1115 505; baseline 0 -13"><span class='ocrx_word' id='word_1_2' title='bbox 596 437 943 492; x_wconf 66' lang='lat' dir='ltr'><strong><em>amarem</em></strong></span> <span class='ocrx_word' id='word_1_3' title='bbox 974 440 1115 505; x_wconf 63' lang='lat' dir='ltr'><strong><em>scr.</em></strong></span> 
     </span>
    </p>
   </div>
   <div class='ocr_carea' id='block_1_3' title="bbox 58 594 1931 663">
    <p class='ocr_par' dir='ltr' id='par_1_3' title="bbox 58 594 1931 663">
     <span class='ocr_line' id='line_1_3' title="bbox 58 594 1931 663; baseline -0.002 -14"><span class='ocrx_word' id='word_1_4' title='bbox 58 594 148 649; x_wconf 77' lang='lat' dir='ltr'><strong><em>Ea:</em></strong></span> <span class='ocrx_word' id='word_1_5' title='bbox 180 595 414 650; x_wconf 74' lang='lat' dir='ltr'><strong><em>editione</em></strong></span> <span class='ocrx_word' id='word_1_6' title='bbox 443 594 693 647; x_wconf 81' lang='lat' dir='ltr'><strong><em>Maurina</em></strong></span> <span class='ocrx_word' id='word_1_7' title='bbox 728 612 938 663; x_wconf 84' lang='lat' dir='ltr'><strong><em>operum</em></strong></span> <span class='ocrx_word' id='word_1_8' title='bbox 973 594 1028 647; x_wconf 86' lang='lat' dir='ltr'><strong><em>S.</em></strong></span> <span class='ocrx_word' id='word_1_9' title='bbox 1055 594 1294 663; x_wconf 65' lang='lat' dir='ltr'><strong><em>Gregorii</em></strong></span> <span class='ocrx_word' id='word_1_10' title='bbox 1331 594 1835 652; x_wconf 63' lang='lat' dir='ltr'><strong><em>NazianzeniJom.</em></strong></span> <span class='ocrx_word' id='word_1_11' title='bbox 1869 594 1931 663; x_wconf 85' lang='lat' dir='ltr'><strong><em>li.</em></strong></span> 
     </span>
    </p>
   </div>
   <div class='ocr_carea' id='block_1_4' title="bbox 131 662 1907 735">
    <p class='ocr_par' dir='ltr' id='par_1_4' title="bbox 131 662 1907 735">
     <span class='ocr_line' id='line_1_4' title="bbox 131 662 1907 735; baseline -0.001 -19"><span class='ocrx_word' id='word_1_12' title='bbox 131 668 248 721; x_wconf 71' lang='lat' dir='ltr'><strong><em>[nec</em></strong></span> <span class='ocrx_word' id='word_1_13' title='bbox 289 665 440 719; x_wconf 74' lang='lat' dir='ltr'><strong><em>liabet</em></strong></span> <span class='ocrx_word' id='word_1_14' title='bbox 470 681 484 717; x_wconf 89' lang='lat'><strong><em>:</em></strong></span> <span class='ocrx_word' id='word_1_15' title='bbox 522 662 765 733; x_wconf 68' lang='lat' dir='ltr'><strong><em>Epistula</em></strong></span> <span class='ocrx_word' id='word_1_16' title='bbox 788 668 856 717; x_wconf 84' lang='lat' dir='ltr'><strong><em>ad</em></strong></span> <span class='ocrx_word' id='word_1_17' title='bbox 884 662 1189 733; x_wconf 66' lang='lat' dir='ltr'><strong><em>[Cragi-iuni,</em></strong></span> <span class='ocrx_word' id='word_1_18' title='bbox 1221 682 1337 735; x_wconf 74' lang='lat' dir='ltr'><strong><em>qua:</em></strong></span> <span class='ocrx_word' id='word_1_19' title='bbox 1371 667 1506 718; x_wconf 84' lang='lat' dir='ltr'><strong><em>inter</em></strong></span> <span class='ocrx_word' id='word_1_20' title='bbox 1546 666 1813 717; x_wconf 86' lang='lat' dir='ltr'><strong><em>orationes</em></strong></span> 
     </span>
    </p>
   </div>
   <div class='ocr_carea' id='block_1_5' title="bbox 1201 318 2175 377">
    <p class='ocr_par' dir='ltr' id='par_1_5' title="bbox 1201 318 2175 377">
     <span class='ocr_line' id='line_1_5' title="bbox 1201 318 2175 377; baseline -0.001 -1"><span class='ocrx_word' id='word_1_21' title='bbox 1201 319 1585 377; x_wconf 65' lang='lat' dir='ltr'><strong><em>EPISTOLE.</em></strong></span> <span class='ocrx_word' id='word_1_22' title='bbox 1624 353 1692 361; x_wconf 89' lang='lat'><strong><em>—</em></strong></span> <span class='ocrx_word' id='word_1_23' title='bbox 1726 320 1945 377; x_wconf 75' lang='lat' dir='ltr'><strong><em>EPIST.</em></strong></span> <span class='ocrx_word' id='word_1_24' title='bbox 1989 318 2175 375; x_wconf 78' lang='lat' dir='ltr'><strong><em>XXVI.</em></strong></span> 
     </span>
    </p>
   </div>
   <div class='ocr_carea' id='block_1_6' title="bbox 3181 319 3318 376">
    <p class='ocr_par' dir='ltr' id='par_1_6' title="bbox 3181 319 3318 376">
     <span class='ocr_line' id='line_1_6' title="bbox 3181 319 3318 376; baseline 0 0"><span class='ocrx_word' id='word_1_25' title='bbox 3181 319 3318 376; x_wconf 71' lang='lat'><strong><em>“02</em></strong></span> 
     </span>
    </p>
   </div>
   <div class='ocr_carea' id='block_1_7' title="bbox 2260 434 2817 492">
    <p class='ocr_par' dir='ltr' id='par_1_7' title="bbox 2260 434 2817 492">
     <span class='ocr_line' id='line_1_7' title="bbox 2260 434 2817 492; baseline 0.005 -4"><span class='ocrx_word' id='word_1_26' title='bbox 2260 435 2597 492; x_wconf 85' lang='lat' dir='ltr'><strong><em>EPISTOLA</em></strong></span> <span class='ocrx_word' id='word_1_27' title='bbox 2628 434 2817 491; x_wconf 79' lang='lat' dir='ltr'><strong>XXVI.</strong></span> 
     </span>
    </p>
   </div>
   <div class='ocr_carea' id='block_1_8' title="bbox 2015 592 3322 663">
    <p class='ocr_par' dir='ltr' id='par_1_8' title="bbox 2015 592 3322 663">
     <span class='ocr_line' id='line_1_8' title="bbox 2015 592 3322 663; baseline 0.004 -17"><span class='ocrx_word' id='word_1_28' title='bbox 2015 635 2027 646; x_wconf 94' lang='lat'><strong><em>.</em></strong></span> <span class='ocrx_word' id='word_1_29' title='bbox 2054 593 2177 648; x_wconf 76' lang='lat'><strong><em>196.</em></strong></span> <span class='ocrx_word' id='word_1_30' title='bbox 2217 592 2292 663; x_wconf 64' lang='lat' dir='ltr'><strong><em>lie</em></strong></span> <span class='ocrx_word' id='word_1_31' title='bbox 2326 595 2424 646; x_wconf 81' lang='lat' dir='ltr'><strong><em>hac</em></strong></span> <span class='ocrx_word' id='word_1_32' title='bbox 2445 594 2671 663; x_wconf 79' lang='lat' dir='ltr'><strong><em>epistola</em></strong></span> <span class='ocrx_word' id='word_1_33' title='bbox 2701 592 2927 648; x_wconf 81' lang='lat' dir='ltr'><strong><em>domnus</em></strong></span> <span class='ocrx_word' id='word_1_34' title='bbox 2965 592 3322 651; x_wconf 76' lang='lat' dir='ltr'><strong><em>Clemencetus</em></strong></span> 
     </span>
    </p>
   </div>
   <div class='ocr_carea' id='block_1_9' title="bbox 1991 662 3323 734">
    <p class='ocr_par' dir='ltr' id='par_1_9' title="bbox 1991 662 3323 734">
     <span class='ocr_line' id='line_1_9' title="bbox 1991 662 3323 734; baseline 0.002 -19"><span class='ocrx_word' id='word_1_35' title='bbox 1991 665 2181 732; x_wconf 82' lang='lat' dir='ltr'><strong><em>regorti</em></strong></span> <span class='ocrx_word' id='word_1_36' title='bbox 2209 662 2479 717; x_wconf 64' lang='lat' dir='ltr'><strong><em>Nazianz.</em></strong></span> <span class='ocrx_word' id='word_1_37' title='bbox 2514 665 2643 716; x_wconf 85' lang='lat' dir='ltr'><strong><em>olim</em></strong></span> <span class='ocrx_word' id='word_1_38' title='bbox 2676 665 2764 729; x_wconf 79' lang='grc'><strong><em>45,</em></strong></span> <span class='ocrx_word' id='word_1_39' title='bbox 2794 681 2894 717; x_wconf 84' lang='lat' dir='ltr'><strong><em>non</em></strong></span> <span class='ocrx_word' id='word_1_40' title='bbox 2920 668 3195 734; x_wconf 86' lang='lat' dir='ltr'><strong><em>genuinus.</em></strong></span> <span class='ocrx_word' id='word_1_41' title='bbox 3231 668 3323 719; x_wconf 79' lang='lat' dir='ltr'><strong><em>sed</em></strong></span> 
     </span>
    </p>
   </div>
   <div class='ocr_carea' id='block_1_10' title="bbox 127 733 3323 806">
    <p class='ocr_par' dir='ltr' id='par_1_10' title="bbox 127 733 3323 806">
     <span class='ocr_line' id='line_1_10' title="bbox 127 733 3323 806; baseline 0 -17"><span class='ocrx_word' id='word_1_42' title='bbox 127 738 504 805; x_wconf 83' lang='lat' dir='ltr'><strong><em>supposititins</em></strong></span> <span class='ocrx_word' id='word_1_43' title='bbox 540 748 616 789; x_wconf 84' lang='lat' dir='ltr'><strong><em>est</em></strong></span> <span class='ocrx_word' id='word_1_44' title='bbox 650 737 806 803; x_wconf 79' lang='lat' dir='ltr'><strong><em>fetus.</em></strong></span> <span class='ocrx_word' id='word_1_45' title='bbox 841 735 947 789; x_wconf 85' lang='lat' dir='ltr'><strong><em>Fas</em></strong></span> <span class='ocrx_word' id='word_1_46' title='bbox 988 738 1055 787; x_wconf 78' lang='lat' dir='ltr'><strong><em>sit</em></strong></span> <span class='ocrx_word' id='word_1_47' title='bbox 1089 733 1261 788; x_wconf 75' lang='lat' dir='ltr'><strong><em>dicere</em></strong></span> <span class='ocrx_word' id='word_1_48' title='bbox 1286 753 1401 787; x_wconf 88' lang='lat' dir='ltr'><strong><em>cum</em></strong></span> <span class='ocrx_word' id='word_1_49' title='bbox 1458 736 1803 804; x_wconf 59' lang='lat' dir='ltr'><strong><em>Patavio“):</em></strong></span> <span class='ocrx_word' id='word_1_50' title='bbox 1850 733 1917 788; x_wconf 81' lang='lat' dir='ltr'><strong><em>Ut</em></strong></span> <span class='ocrx_word' id='word_1_51' title='bbox 1949 735 2093 806; x_wconf 84' lang='lat' dir='ltr'><strong><em>enim</em></strong></span> <span class='ocrx_word' id='word_1_52' title='bbox 2127 749 2439 806; x_wconf 75' lang='lat' dir='ltr'><strong><em>germanam</em></strong></span> <span class='ocrx_word' id='word_1_53' title='bbox 2468 750 2591 806; x_wconf 81' lang='lat' dir='ltr'><strong><em>esse</em></strong></span> <span class='ocrx_word' id='word_1_54' title='bbox 2627 750 2733 806; x_wconf 84' lang='lat' dir='ltr'><strong><em>non</em></strong></span> <span class='ocrx_word' id='word_1_55' title='bbox 2777 733 2980 806; x_wconf 82' lang='lat' dir='ltr'><strong><em>putem.</em></strong></span> <span class='ocrx_word' id='word_1_56' title='bbox 3021 737 3165 806; x_wconf 88' lang='lat' dir='ltr'><strong><em>cogit</em></strong></span> <span class='ocrx_word' id='word_1_57' title='bbox 3207 745 3323 791; x_wconf 87' lang='lat' dir='ltr'><strong><em>ttun</em></strong></span> 
     </span>
    </p>
   </div>
   <div class='ocr_carea' id='block_1_11' title="bbox 132 802 3322 878">
    <p class='ocr_par' dir='ltr' id='par_1_11' title="bbox 132 802 3322 878">
     <span class='ocr_line' id='line_1_11' title="bbox 132 802 3322 878; baseline -0 -18"><span class='ocrx_word' id='word_1_58' title='bbox 132 802 266 878; x_wconf 64' lang='lat' dir='ltr'><strong><em>styli</em></strong></span> <span class='ocrx_word' id='word_1_59' title='bbox 307 802 871 878; x_wconf 19' lang='lat' dir='ltr'><strong><em>dissimilitudoqtutn</em></strong></span> <span class='ocrx_word' id='word_1_60' title='bbox 906 807 1178 875; x_wconf 76' lang='lat' dir='ltr'><strong><em>pedestris</em></strong></span> <span class='ocrx_word' id='word_1_61' title='bbox 1214 805 1460 878; x_wconf 3' lang='lat' dir='ltr'><strong><em>illiusqac</em></strong></span> <span class='ocrx_word' id='word_1_62' title='bbox 1494 802 1736 878; x_wconf 79' lang='lat' dir='ltr'><strong><em>plebeius</em></strong></span> <span class='ocrx_word' id='word_1_63' title='bbox 1768 820 1969 866; x_wconf 87' lang='lat' dir='ltr'><strong><em>sermo,</em></strong></span> <span class='ocrx_word' id='word_1_64' title='bbox 2006 803 2341 878; x_wconf 78' lang='lat' dir='ltr'><strong><em>minimeque</em></strong></span> <span class='ocrx_word' id='word_1_65' title='bbox 2358 802 2684 878; x_wconf 53' lang='lat' dir='ltr'><strong><em>Ifiuzianzcni</em></strong></span> <span class='ocrx_word' id='word_1_66' title='bbox 2719 802 3042 878; x_wconf 72' lang='lat' dir='ltr'><strong><em>elegantiam</em></strong></span> <span class='ocrx_word' id='word_1_67' title='bbox 3069 802 3124 860; x_wconf 74' lang='lat' dir='ltr'><strong><em>et</em></strong></span> <span class='ocrx_word' id='word_1_68' title='bbox 3154 822 3322 873; x_wconf 77' lang='lat' dir='ltr'><strong><em>gran-</em></strong></span> 
     </span>
    </p>
   </div>
   <div class='ocr_carea' id='block_1_12' title="bbox 128 871 3322 944">
    <p class='ocr_par' dir='ltr' id='par_1_12' title="bbox 128 871 3322 944">
     <span class='ocr_line' id='line_1_12' title="bbox 128 871 3322 944; baseline -0.001 -13"><span class='ocrx_word' id='word_1_69' title='bbox 128 871 365 932; x_wconf 71' lang='lat' dir='ltr'><strong><em>ditatem</em></strong></span> <span class='ocrx_word' id='word_1_70' title='bbox 397 879 669 931; x_wconf 86' lang='lat' dir='ltr'><strong><em>redolens.</em></strong></span> <span class='ocrx_word' id='word_1_71' title='bbox 710 871 1079 929; x_wconf 51' lang='lat' dir='ltr'><strong><em>Tillemltntius</em></strong></span> <span class='ocrx_word' id='word_1_72' title='bbox 1126 892 1329 943; x_wconf 83' lang='lat' dir='ltr'><strong><em>quoque</em></strong></span> <span class='ocrx_word' id='word_1_73' title='bbox 1368 871 1505 927; x_wconf 77' lang='lat' dir='ltr'><strong><em>hanc</em></strong></span> <span class='ocrx_word' id='word_1_74' title='bbox 1536 874 1815 942; x_wconf 79' lang='lat' dir='ltr'><strong><em>epistolam</em></strong></span> <span class='ocrx_word' id='word_1_75' title='bbox 1864 890 1968 925; x_wconf 83' lang='lat' dir='ltr'><strong><em>non</em></strong></span> <span class='ocrx_word' id='word_1_76' title='bbox 2014 890 2129 926; x_wconf 82' lang='lat' dir='ltr'><strong><em>esse</em></strong></span> <span class='ocrx_word' id='word_1_77' title='bbox 2165 871 2407 944; x_wconf 69' lang='lat' dir='ltr'><strong><em>Gregorii</em></strong></span> <span class='ocrx_word' id='word_1_78' title='bbox 2447 874 2740 944; x_wconf 69' lang='lat' dir='ltr'><strong><em>existimat,</em></strong></span> <span class='ocrx_word' id='word_1_79' title='bbox 2778 871 2868 927; x_wconf 67' lang='lat' dir='ltr'><strong><em>acc</em></strong></span> <span class='ocrx_word' id='word_1_80' title='bbox 2906 871 3322 944; x_wconf 71' lang='lat' dir='ltr'><strong><em>eioqucntissimi</em></strong></span> 
     </span>
    </p>
   </div>
   <div class='ocr_carea' id='block_1_13' title="bbox 127 942 3322 1018">
    <p class='ocr_par' dir='ltr' id='par_1_13' title="bbox 127 942 3322 1018">
     <span class='ocr_line' id='line_1_13' title="bbox 127 942 3322 1018; baseline 0 -17"><span class='ocrx_word' id='word_1_81' title='bbox 127 949 333 1018; x_wconf 78' lang='lat' dir='ltr'><strong><em>stylum</em></strong></span> <span class='ocrx_word' id='word_1_82' title='bbox 376 948 898 1018; x_wconf 10' lang='lat' dir='ltr'><strong><em>oratoris‘redolere,</em></strong></span> <span class='ocrx_word' id='word_1_83' title='bbox 933 949 1045 1018; x_wconf 79' lang='lat' dir='ltr'><strong><em>imo</em></strong></span> <span class='ocrx_word' id='word_1_84' title='bbox 1072 942 1259 1018; x_wconf 73' lang='lat' dir='ltr'><strong><em>ineptis</em></strong></span> <span class='ocrx_word' id='word_1_85' title='bbox 1300 946 1595 1018; x_wconf 84' lang='lat' dir='ltr'><strong><em>rationibus</em></strong></span> <span class='ocrx_word' id='word_1_86' title='bbox 1623 946 1937 1018; x_wconf 56' lang='lat' dir='ltr'><strong><em>vocibusque</em></strong></span> <span class='ocrx_word' id='word_1_87' title='bbox 1951 943 2333 1018; x_wconf 24' lang='lat' dir='ltr'><strong><em>ipso‘indignis</em></strong></span> <span class='ocrx_word' id='word_1_88' title='bbox 2360 953 2603 1018; x_wconf 69' lang='lat' dir='ltr'><strong><em>scatere._</em></strong></span> <span class='ocrx_word' id='word_1_89' title='bbox 2633 942 2889 997; x_wconf 82' lang='lat' dir='ltr'><strong><em>Observat</em></strong></span> <span class='ocrx_word' id='word_1_90' title='bbox 2918 942 3106 999; x_wconf 80' lang='lat' dir='ltr'><strong><em>doctus</em></strong></span> <span class='ocrx_word' id='word_1_91' title='bbox 3133 944 3322 1018; x_wconf 60' lang='grc' dir='ltr'>ροισι.</span> 
     </span>
    </p>
   </div>
   <div class='ocr_carea' id='block_1_14' title="bbox 154 1012 3324 1087">
    <p class='ocr_par' dir='ltr' id='par_1_14' title="bbox 154 1012 3324 1087">
     <span class='ocr_line' id='line_1_14' title="bbox 154 1012 3324 1087; baseline -0.001 -16"><span class='ocrx_word' id='word_1_92' title='bbox 154 1012 214 1083; x_wconf 58' lang='grc' dir='ltr'><strong><em>εὶ]</em></strong></span> <span class='ocrx_word' id='word_1_93' title='bbox 256 1018 537 1087; x_wconf 81' lang='lat' dir='ltr'><strong><em>epistolam</em></strong></span> <span class='ocrx_word' id='word_1_94' title='bbox 565 1016 633 1070; x_wconf 72' lang='grc' dir='ltr'>ατί</span> <span class='ocrx_word' id='word_1_95' title='bbox 673 1018 956 1087; x_wconf 79' lang='lat' dir='ltr'><strong><em>Evagrium</em></strong></span> <span class='ocrx_word' id='word_1_96' title='bbox 983 1012 1243 1087; x_wconf 77' lang='lat' dir='ltr'><strong><em>TlteOIOgo</em></strong></span> <span class='ocrx_word' id='word_1_97' title='bbox 1279 1018 1439 1069; x_wconf 79' lang='lat' dir='ltr'><strong><em>tribui</em></strong></span> <span class='ocrx_word' id='word_1_98' title='bbox 1474 1016 1527 1087; x_wconf 68' lang='lat' dir='ltr'><strong><em>in</em></strong></span> <span class='ocrx_word' id='word_1_99' title='bbox 1555 1032 1656 1067; x_wconf 89' lang='lat' dir='ltr'><strong><em>ms.</em></strong></span> <span class='ocrx_word' id='word_1_100' title='bbox 1685 1012 1849 1087; x_wconf 82' lang='lat' dir='ltr'><strong><em>Regio</em></strong></span> <span class='ocrx_word' id='word_1_101' title='bbox 1876 1012 2012 1087; x_wconf 69' lang='lat'><strong><em>1789</em></strong></span> <span class='ocrx_word' id='word_1_102' title='bbox 2044 1015 2185 1087; x_wconf 77' lang='lat' dir='ltr'><strong><em>circa</em></strong></span> <span class='ocrx_word' id='word_1_103' title='bbox 2211 1015 2367 1081; x_wconf 79' lang='lat' dir='ltr'><strong><em>linem</em></strong></span> <span class='ocrx_word' id='word_1_104' title='bbox 2394 1012 2764 1087; x_wconf 45' lang='lat' dir='ltr'><strong><em>Quu’stionum</em></strong></span> <span class='ocrx_word' id='word_1_105' title='bbox 2799 1017 3093 1087; x_wconf 80' lang='lat' dir='ltr'><strong><em>Anastasii.</em></strong></span> <span class='ocrx_word' id='word_1_106' title='bbox 3132 1015 3324 1087; x_wconf 77' lang='lat' dir='ltr'><strong><em>Verum</em></strong></span> 
     </span>
    </p>
   </div>
   <div class='ocr_carea' id='block_1_15' title="bbox 124 1082 3324 1157">
    <p class='ocr_par' dir='ltr' id='par_1_15' title="bbox 124 1082 3324 1157">
     <span class='ocr_line' id='line_1_15' title="bbox 124 1082 3324 1157; baseline -0.001 -16"><span class='ocrx_word' id='word_1_107' title='bbox 124 1082 451 1143; x_wconf 40' lang='lat' dir='ltr'><strong><em>etin&#39;editis</em></strong></span> <span class='ocrx_word' id='word_1_108' title='bbox 470 1088 709 1157; x_wconf 79' lang='lat' dir='ltr'><strong><em>ejusdem</em></strong></span> <span class='ocrx_word' id='word_1_109' title='bbox 744 1082 1019 1157; x_wconf 68' lang='lat' dir='ltr'><strong><em>Anastasii</em></strong></span> <span class='ocrx_word' id='word_1_110' title='bbox 1047 1082 1667 1157; x_wconf 60' lang='lat' dir='ltr'><strong><em>Quwstionibusﬂasilio</em></strong></span> <span class='ocrx_word' id='word_1_111' title='bbox 1698 1082 2559 1157; x_wconf 36' lang='lat' dir='ltr'><strong><em>eademnadscribiturtmultoque</em></strong></span> <span class='ocrx_word' id='word_1_112' title='bbox 2586 1086 2751 1157; x_wconf 67' lang='lat' dir='ltr'><strong><em>etiam</em></strong></span> <span class='ocrx_word' id='word_1_113' title='bbox 2782 1085 3104 1153; x_wconf 73' lang='lat' dir='ltr'><strong><em>probabilius</em></strong></span> <span class='ocrx_word' id='word_1_114' title='bbox 3135 1087 3188 1139; x_wconf 86' lang='lat' dir='ltr'><strong><em>in</em></strong></span> <span class='ocrx_word' id='word_1_115' title='bbox 3220 1084 3324 1141; x_wconf 70' lang='lat' dir='ltr'><strong><em>ms.</em></strong></span> 
     </span>
    </p>
   </div>
   <div class='ocr_carea' id='block_1_16' title="bbox 128 1152 3324 1227">
    <p class='ocr_par' dir='ltr' id='par_1_16' title="bbox 128 1152 3324 1227">
     <span class='ocr_line' id='line_1_16' title="bbox 128 1152 3324 1227; baseline 0 -18"><span class='ocrx_word' id='word_1_116' title='bbox 128 1160 317 1212; x_wconf 81' lang='lat' dir='ltr'><strong><em>itidem</em></strong></span> <span class='ocrx_word' id='word_1_117' title='bbox 350 1152 507 1227; x_wconf 80' lang='lat' dir='ltr'><strong><em>Regio</em></strong></span> <span class='ocrx_word' id='word_1_118' title='bbox 542 1159 696 1219; x_wconf 67' lang='lat' dir='ltr'><strong><em>M72,</em></strong></span> <span class='ocrx_word' id='word_1_119' title='bbox 722 1159 946 1222; x_wconf 81' lang='lat' dir='ltr'><strong><em>itemque</em></strong></span> <span class='ocrx_word' id='word_1_120' title='bbox 976 1156 1220 1211; x_wconf 68' lang='lat' dir='ltr'><strong><em>Cazsareo</em></strong></span> <span class='ocrx_word' id='word_1_121' title='bbox 1258 1156 1397 1221; x_wconf 85' lang='lat' dir='ltr'><strong><em>apud</em></strong></span> <span class='ocrx_word' id='word_1_122' title='bbox 1428 1155 1767 1209; x_wconf 85' lang='lat' dir='ltr'><strong><em>Lambecium</em></strong></span> <span class='ocrx_word' id='word_1_123' title='bbox 1811 1154 1943 1227; x_wconf 83' lang='lat'><strong>706._</strong></span> <span class='ocrx_word' id='word_1_124' title='bbox 1966 1152 2216 1224; x_wconf 83' lang='lat' dir='ltr'><strong><em>Gregorio</em></strong></span> <span class='ocrx_word' id='word_1_125' title='bbox 2244 1152 2483 1223; x_wconf 64' lang='grc' dir='ltr'><strong><em>Νεμεαηο</em></strong></span> <span class='ocrx_word' id='word_1_126' title='bbox 2529 1152 2801 1217; x_wconf 71' lang='lat' dir='ltr'><strong><em>h‘ibuitur,</em></strong></span> <span class='ocrx_word' id='word_1_127' title='bbox 2827 1164 2877 1207; x_wconf 87' lang='lat' dir='ltr'><strong><em>et</em></strong></span> <span class='ocrx_word' id='word_1_128' title='bbox 2901 1165 3153 1225; x_wconf 83' lang='lat' dir='ltr'><strong><em>tanquam</em></strong></span> <span class='ocrx_word' id='word_1_129' title='bbox 3177 1156 3324 1213; x_wconf 76' lang='lat' dir='ltr'><strong><em>illius</em></strong></span> 
     </span>
    </p>
   </div>
   <div class='ocr_carea' id='block_1_17' title="bbox 126 1224 1995 1298">
    <p class='ocr_par' dir='ltr' id='par_1_17' title="bbox 126 1224 1995 1298">
     <span class='ocr_line' id='line_1_17' title="bbox 126 1224 1995 1298; baseline -0.002 -17"><span class='ocrx_word' id='word_1_130' title='bbox 126 1230 393 1283; x_wconf 76' lang='lat' dir='ltr'><strong><em>laudatur</em></strong></span> <span class='ocrx_word' id='word_1_131' title='bbox 424 1224 488 1281; x_wconf 82' lang='lat' dir='ltr'><strong><em>ab</em></strong></span> <span class='ocrx_word' id='word_1_132' title='bbox 526 1229 831 1298; x_wconf 84' lang='lat' dir='ltr'><strong><em>Eutltymio,</em></strong></span> <span class='ocrx_word' id='word_1_133' title='bbox 860 1228 1132 1298; x_wconf 69' lang='lat' dir='ltr'><strong><em>Panopliae</em></strong></span> <span class='ocrx_word' id='word_1_134' title='bbox 1160 1229 1333 1295; x_wconf 85' lang='lat' dir='ltr'><strong><em>prima</em></strong></span> <span class='ocrx_word' id='word_1_135' title='bbox 1357 1236 1530 1296; x_wconf 85' lang='lat' dir='ltr'><strong><em>parte,</em></strong></span> <span class='ocrx_word' id='word_1_136' title='bbox 1565 1227 1719 1280; x_wconf 84' lang='lat' dir='ltr'><strong><em>titulo</em></strong></span> <span class='ocrx_word' id='word_1_137' title='bbox 1749 1224 1995 1279; x_wconf 83' lang='lat' dir='ltr'><strong><em>secundo.</em></strong></span> 
     </span>
    </p>
   </div>
   <div class='ocr_carea' id='block_1_18' title="bbox 166 1388 1571 1461">
    <p class='ocr_par' dir='ltr' id='par_1_18' title="bbox 166 1388 1571 1461">
     <span class='ocr_line' id='line_1_18' title="bbox 166 1388 1571 1461; baseline 0.001 -17"><span class='ocrx_word' id='word_1_138' title='bbox 166 1390 327 1457; x_wconf 76' lang='grc' dir='ltr'>Πρὸς</span> <span class='ocrx_word' id='word_1_139' title='bbox 355 1388 647 1457; x_wconf 66' lang='grc' dir='ltr'>Εὐάγριον</span> <span class='ocrx_word' id='word_1_140' title='bbox 676 1388 962 1457; x_wconf 78' lang='grc' dir='ltr'><strong><em>μοναχὸν,</em></strong></span> <span class='ocrx_word' id='word_1_141' title='bbox 994 1388 1125 1456; x_wconf 75' lang='grc' dir='ltr'>περὶ</span> <span class='ocrx_word' id='word_1_142' title='bbox 1162 1390 1448 1457; x_wconf 81' lang='grc' dir='ltr'>Θεότητος</span> <span class='ocrx_word' id='word_1_143' title='bbox 1472 1392 1571 1461; x_wconf 77' lang='grc'>(5).</span> 
     </span>
    </p>
   </div>
   <div class='ocr_carea' id='block_1_19' title="bbox 128 1526 1651 1602">
    <p class='ocr_par' dir='ltr' id='par_1_19' title="bbox 128 1526 1651 1602">
     <span class='ocr_line' id='line_1_19' title="bbox 128 1526 1651 1602; baseline 0.013 -30"><span class='ocrx_word' id='word_1_144' title='bbox 128 1529 348 1597; x_wconf 64' lang='grc' dir='ltr'>Σφόδρα</span> <span class='ocrx_word' id='word_1_145' title='bbox 401 1545 460 1579; x_wconf 90' lang='grc' dir='ltr'><strong><em>τε</em></strong></span> <span class='ocrx_word' id='word_1_146' title='bbox 514 1526 778 1597; x_wconf 75' lang='grc' dir='ltr'>θαυμάζω</span> <span class='ocrx_word' id='word_1_147' title='bbox 827 1527 922 1579; x_wconf 72' lang='grc' dir='ltr'><strong><em>καὶ</em></strong></span> <span class='ocrx_word' id='word_1_148' title='bbox 971 1527 1090 1579; x_wconf 86' lang='grc' dir='ltr'>λίαν</span> <span class='ocrx_word' id='word_1_149' title='bbox 1136 1529 1504 1601; x_wconf 78' lang='grc' dir='ltr'>ἐκπλήττομαι</span> <span class='ocrx_word' id='word_1_150' title='bbox 1549 1533 1651 1602; x_wconf 75' lang='grc' dir='ltr'>τῆς</span> 
     </span>
    </p>
   </div>
   <div class='ocr_carea' id='block_1_20' title="bbox 46 1619 1648 1692">
    <p class='ocr_par' dir='ltr' id='par_1_20' title="bbox 46 1619 1648 1692">
     <span class='ocr_line' id='line_1_20' title="bbox 46 1619 1648 1692; baseline 0.002 -21"><span class='ocrx_word' id='word_1_151' title='bbox 46 1620 475 1691; x_wconf 76' lang='grc' dir='ltr'>νηφαλιὸτητος,</span> <span class='ocrx_word' id='word_1_152' title='bbox 518 1620 665 1680; x_wconf 84' lang='grc' dir='ltr'>ὅπως</span> <span class='ocrx_word' id='word_1_153' title='bbox 708 1619 963 1671; x_wconf 85' lang='grc' dir='ltr'><strong><em>τοιούτων</em></strong></span> <span class='ocrx_word' id='word_1_154' title='bbox 1008 1619 1381 1691; x_wconf 80' lang='grc' dir='ltr'><strong><em>θεωρημάτων</em></strong></span> <span class='ocrx_word' id='word_1_155' title='bbox 1415 1623 1508 1675; x_wconf 77' lang='grc' dir='ltr'><strong><em>καὶ</em></strong></span> <span class='ocrx_word' id='word_1_156' title='bbox 1556 1639 1648 1692; x_wconf 84' lang='grc' dir='ltr'><strong><em>τη-</em></strong></span> 
     </span>
    </p>
   </div>
   <div class='ocr_carea' id='block_1_21' title="bbox 48 1709 1650 1785">
    <p class='ocr_par' dir='ltr' id='par_1_21' title="bbox 48 1709 1650 1785">
     <span class='ocr_line' id='line_1_21' title="bbox 48 1709 1650 1785; baseline 0.001 -22"><span class='ocrx_word' id='word_1_157' title='bbox 48 1710 324 1763; x_wconf 86' lang='grc' dir='ltr'>λικούτων</span> <span class='ocrx_word' id='word_1_158' title='bbox 360 1709 637 1780; x_wconf 82' lang='grc' dir='ltr'><strong><em>ζητήσεων</em></strong></span> <span class='ocrx_word' id='word_1_159' title='bbox 667 1710 741 1779; x_wconf 71' lang='grc'>(4)</span> <span class='ocrx_word' id='word_1_160' title='bbox 769 1710 940 1773; x_wconf 80' lang='grc' dir='ltr'>αἴτιος</span> <span class='ocrx_word' id='word_1_161' title='bbox 966 1711 1309 1777; x_wconf 82' lang='grc' dir='ltr'>καθίστασαι,</span> <span class='ocrx_word' id='word_1_162' title='bbox 1347 1716 1463 1776; x_wconf 89' lang='grc' dir='ltr'>ταῖς</span> <span class='ocrx_word' id='word_1_163' title='bbox 1489 1715 1650 1785; x_wconf 69' lang='grc' dir='ltr'>ἀκριο</span> 
     </span>
    </p>
   </div>
   <div class='ocr_carea' id='block_1_22' title="bbox 47 1802 1651 1874">
    <p class='ocr_par' dir='ltr' id='par_1_22' title="bbox 47 1802 1651 1874">
     <span class='ocr_line' id='line_1_22' title="bbox 47 1802 1651 1874; baseline 0.003 -20"><span class='ocrx_word' id='word_1_164' title='bbox 47 1803 209 1854; x_wconf 81' lang='grc' dir='ltr'>ϐέσιν</span> <span class='ocrx_word' id='word_1_165' title='bbox 240 1802 318 1871; x_wconf 80' lang='grc'><strong><em>(5)</em></strong></span> <span class='ocrx_word' id='word_1_166' title='bbox 346 1804 698 1872; x_wconf 75' lang='grc' dir='ltr'>ἐρωτήσεσιν,</span> <span class='ocrx_word' id='word_1_167' title='bbox 735 1803 815 1865; x_wconf 82' lang='grc' dir='ltr'><strong><em>είς</em></strong></span> <span class='ocrx_word' id='word_1_168' title='bbox 858 1802 1100 1873; x_wconf 81' lang='grc' dir='ltr'>ἀνάγκην</span> <span class='ocrx_word' id='word_1_169' title='bbox 1149 1806 1297 1874; x_wconf 80' lang='grc' dir='ltr'>ἡμᾶς</span> <span class='ocrx_word' id='word_1_170' title='bbox 1342 1804 1435 1857; x_wconf 75' lang='grc' dir='ltr'>τοῦ</span> <span class='ocrx_word' id='word_1_171' title='bbox 1474 1805 1651 1874; x_wconf 83' lang='grc' dir='ltr'>λέγειν</span> 
     </span>
    </p>
   </div>
   <div class='ocr_carea' id='block_1_23' title="bbox 47 1894 1650 1968">
    <p class='ocr_par' dir='ltr' id='par_1_23' title="bbox 47 1894 1650 1968">
     <span class='ocr_line' id='line_1_23' title="bbox 47 1894 1650 1968; baseline 0.003 -22"><span class='ocrx_word' id='word_1_172' title='bbox 47 1896 152 1947; x_wconf 70' lang='grc' dir='ltr'><strong><em>καὶ</em></strong></span> <span class='ocrx_word' id='word_1_173' title='bbox 179 1894 420 1962; x_wconf 76' lang='grc' dir='ltr'>ἀγωνίαν</span> <span class='ocrx_word' id='word_1_174' title='bbox 450 1894 774 1958; x_wconf 82' lang='grc' dir='ltr'>ἀποδείξεως</span> <span class='ocrx_word' id='word_1_175' title='bbox 809 1896 1114 1965; x_wconf 84' lang='grc' dir='ltr'>περιιστάς,</span> <span class='ocrx_word' id='word_1_176' title='bbox 1146 1897 1443 1968; x_wconf 79' lang='grc' dir='ltr'>ἐρωτήσεις</span> <span class='ocrx_word' id='word_1_177' title='bbox 1480 1899 1650 1966; x_wconf 87' lang='grc' dir='ltr'>ἀναγ-</span> 
     </span>
    </p>
   </div>
   <div class='ocr_carea' id='block_1_24' title="bbox 47 1987 1653 2060">
    <p class='ocr_par' dir='ltr' id='par_1_24' title="bbox 47 1987 1653 2060">
     <span class='ocr_line' id='line_1_24' title="bbox 47 1987 1653 2060; baseline 0.002 -21"><span class='ocrx_word' id='word_1_178' title='bbox 47 1988 221 2051; x_wconf 81' lang='grc' dir='ltr'>καίας</span> <span class='ocrx_word' id='word_1_179' title='bbox 274 1988 367 2040; x_wconf 77' lang='grc' dir='ltr'>καὶ</span> <span class='ocrx_word' id='word_1_180' title='bbox 416 1987 719 2057; x_wconf 81' lang='grc' dir='ltr'>χρησίμους</span> <span class='ocrx_word' id='word_1_181' title='bbox 758 1989 890 2058; x_wconf 82' lang='grc' dir='ltr'>ἡμῖν</span> <span class='ocrx_word' id='word_1_182' title='bbox 935 1989 1176 2055; x_wconf 82' lang='grc' dir='ltr'>ἐπάγων.</span> <span class='ocrx_word' id='word_1_183' title='bbox 1226 1990 1383 2042; x_wconf 79' lang='grc' dir='ltr'>Πᾶσα</span> <span class='ocrx_word' id='word_1_184' title='bbox 1412 1990 1653 2060; x_wconf 85' lang='grc' dir='ltr'>δηλονότι</span> 
     </span>
    </p>
   </div>
   <div class='ocr_carea' id='block_1_25' title="bbox 47 2078 1652 2151">
    <p class='ocr_par' dir='ltr' id='par_1_25' title="bbox 47 2078 1652 2151">
     <span class='ocr_line' id='line_1_25' title="bbox 47 2078 1652 2151; baseline 0.003 -21"><span class='ocrx_word' id='word_1_185' title='bbox 47 2078 247 2132; x_wconf 77' lang='grc' dir='ltr'>λοιπὸν</span> <span class='ocrx_word' id='word_1_186' title='bbox 302 2079 538 2148; x_wconf 84' lang='grc' dir='ltr'><strong><em>ἀνάγκη,</em></strong></span> <span class='ocrx_word' id='word_1_187' title='bbox 583 2079 809 2132; x_wconf 81' lang='grc' dir='ltr'>κατόπιν</span> <span class='ocrx_word' id='word_1_188' title='bbox 850 2079 958 2131; x_wconf 87' lang='grc' dir='ltr'><strong><em>τῶν</em></strong></span> <span class='ocrx_word' id='word_1_189' title='bbox 1006 2082 1325 2151; x_wconf 77' lang='grc' dir='ltr'>ἐρωτήσεων</span> <span class='ocrx_word' id='word_1_190' title='bbox 1363 2083 1510 2151; x_wconf 80' lang='grc' dir='ltr'>ἡμᾶς</span> <span class='ocrx_word' id='word_1_191' title='bbox 1563 2083 1652 2135; x_wconf 77' lang='grc' dir='ltr'><strong><em>ὲνο</em></strong></span> 
     </span>
    </p>
   </div>
   <div class='ocr_carea' id='block_1_26' title="bbox 49 2168 1654 2241">
    <p class='ocr_par' dir='ltr' id='par_1_26' title="bbox 49 2168 1654 2241">
     <span class='ocr_line' id='line_1_26' title="bbox 49 2168 1654 2241; baseline 0.001 -19"><span class='ocrx_word' id='word_1_192' title='bbox 49 2173 254 2241; x_wconf 87' lang='grc' dir='ltr'>αργεῖς</span> <span class='ocrx_word' id='word_1_193' title='bbox 285 2168 553 2223; x_wconf 87' lang='grc' dir='ltr'>ποιεῖσθαι</span> <span class='ocrx_word' id='word_1_194' title='bbox 591 2169 689 2231; x_wconf 83' lang='grc' dir='ltr'>τὰς</span> <span class='ocrx_word' id='word_1_195' title='bbox 733 2170 1069 2241; x_wconf 82' lang='grc' dir='ltr'><strong><em>ἀποκρίσεις.</em></strong></span> <span class='ocrx_word' id='word_1_196' title='bbox 1104 2170 1215 2224; x_wconf 71' lang='grc' dir='ltr'><strong><em>Καὶ</em></strong></span> <span class='ocrx_word' id='word_1_197' title='bbox 1255 2171 1348 2223; x_wconf 79' lang='grc' dir='ltr'>νῦν</span> <span class='ocrx_word' id='word_1_198' title='bbox 1384 2173 1562 2224; x_wconf 86' lang='grc' dir='ltr'>τοίνυν</span> <span class='ocrx_word' id='word_1_199' title='bbox 1592 2172 1654 2225; x_wconf 83' lang='grc' dir='ltr'><strong><em>τὸ</em></strong></span> 
     </span>
    </p>
   </div>
   <div class='ocr_carea' id='block_1_27' title="bbox 50 2260 1655 2335">
    <p class='ocr_par' dir='ltr' id='par_1_27' title="bbox 50 2260 1655 2335">
     <span class='ocr_line' id='line_1_27' title="bbox 50 2260 1655 2335; baseline 0.002 -22"><span class='ocrx_word' id='word_1_200' title='bbox 50 2261 423 2333; x_wconf 83' lang='grc' dir='ltr'>προσενεχθὲν</span> <span class='ocrx_word' id='word_1_201' title='bbox 471 2260 733 2332; x_wconf 77' lang='grc' dir='ltr'>ἐρώτημα</span> <span class='ocrx_word' id='word_1_202' title='bbox 787 2262 938 2331; x_wconf 85' lang='grc' dir='ltr'><strong><em>παρά</em></strong></span> <span class='ocrx_word' id='word_1_203' title='bbox 985 2260 1078 2314; x_wconf 78' lang='grc' dir='ltr'>σοῦ</span> <span class='ocrx_word' id='word_1_204' title='bbox 1121 2263 1321 2314; x_wconf 86' lang='grc' dir='ltr'>τοιόνδε</span> <span class='ocrx_word' id='word_1_205' title='bbox 1387 2263 1481 2315; x_wconf 73' lang='grc' dir='ltr'><strong><em>καὶ</em></strong></span> <span class='ocrx_word' id='word_1_206' title='bbox 1525 2265 1655 2335; x_wconf 80' lang='grc' dir='ltr'>περὶ</span> 
     </span>
    </p>
   </div>
   <div class='ocr_carea' id='block_1_28' title="bbox 50 2348 1653 2425">
    <p class='ocr_par' dir='ltr' id='par_1_28' title="bbox 50 2348 1653 2425">
     <span class='ocr_line' id='line_1_28' title="bbox 50 2348 1653 2425; baseline 0.002 -20"><span class='ocrx_word' id='word_1_207' title='bbox 50 2354 213 2407; x_wconf 73' lang='grc' dir='ltr'>τοῦδε</span> <span class='ocrx_word' id='word_1_208' title='bbox 248 2348 336 2423; x_wconf 78' lang='grc' dir='ltr'>ἦν,</span> <span class='ocrx_word' id='word_1_209' title='bbox 366 2352 441 2416; x_wconf 83' lang='grc' dir='ltr'>ὥς</span> <span class='ocrx_word' id='word_1_210' title='bbox 475 2370 597 2406; x_wconf 88' lang='grc' dir='ltr'>τινα</span> <span class='ocrx_word' id='word_1_211' title='bbox 629 2352 827 2423; x_wconf 85' lang='grc' dir='ltr'>τρόπον</span> <span class='ocrx_word' id='word_1_212' title='bbox 855 2352 921 2406; x_wconf 82' lang='grc' dir='ltr'><strong><em>ἂν</em></strong></span> <span class='ocrx_word' id='word_1_213' title='bbox 948 2354 1033 2422; x_wconf 72' lang='grc' dir='ltr'>εἴη</span> <span class='ocrx_word' id='word_1_214' title='bbox 1071 2354 1281 2425; x_wconf 78' lang='grc' dir='ltr'>Πατρός</span> <span class='ocrx_word' id='word_1_215' title='bbox 1317 2372 1376 2407; x_wconf 90' lang='grc' dir='ltr'><strong><em>τε</em></strong></span> <span class='ocrx_word' id='word_1_216' title='bbox 1407 2356 1500 2409; x_wconf 78' lang='grc' dir='ltr'>καὶ</span> <span class='ocrx_word' id='word_1_217' title='bbox 1523 2355 1653 2408; x_wconf 79' lang='grc' dir='ltr'>Υίοῦ</span> 
     </span>
    </p>
   </div>
   <div class='ocr_carea' id='block_1_29' title="bbox 51 2442 1654 2516">
    <p class='ocr_par' dir='ltr' id='par_1_29' title="bbox 51 2442 1654 2516">
     <span class='ocr_line' id='line_1_29' title="bbox 51 2442 1654 2516; baseline 0.001 -18"><span class='ocrx_word' id='word_1_218' title='bbox 51 2446 157 2498; x_wconf 73' lang='grc' dir='ltr'><strong><em>καὶ</em></strong></span> <span class='ocrx_word' id='word_1_219' title='bbox 188 2444 346 2512; x_wconf 83' lang='grc' dir='ltr'>ἁγίου</span> <span class='ocrx_word' id='word_1_220' title='bbox 382 2443 695 2513; x_wconf 87' lang='grc' dir='ltr'>Πνεύματος</span> <span class='ocrx_word' id='word_1_221' title='bbox 727 2445 758 2513; x_wconf 81' lang='grc' dir='ltr'>ἡ</span> <span class='ocrx_word' id='word_1_222' title='bbox 795 2442 956 2511; x_wconf 82' lang='grc' dir='ltr'>φύσις</span> <span class='ocrx_word' id='word_1_223' title='bbox 987 2444 1075 2514; x_wconf 81' lang='grc' dir='ltr'><strong><em>(ἣν</em></strong></span> <span class='ocrx_word' id='word_1_224' title='bbox 1109 2444 1173 2497; x_wconf 78' lang='grc' dir='ltr'>ἄν</span> <span class='ocrx_word' id='word_1_225' title='bbox 1206 2462 1290 2507; x_wconf 89' lang='grc' dir='ltr'><strong><em>τις</em></strong></span> <span class='ocrx_word' id='word_1_226' title='bbox 1340 2445 1516 2516; x_wconf 80' lang='grc' dir='ltr'>ὀρθῶς</span> <span class='ocrx_word' id='word_1_227' title='bbox 1560 2448 1654 2499; x_wconf 84' lang='grc' dir='ltr'>ού-</span> 
     </span>
    </p>
   </div>
   <div class='ocr_carea' id='block_1_30' title="bbox 54 2535 1656 2609">
    <p class='ocr_par' dir='ltr' id='par_1_30' title="bbox 54 2535 1656 2609">
     <span class='ocr_line' id='line_1_30' title="bbox 54 2535 1656 2609; baseline 0 -18"><span class='ocrx_word' id='word_1_228' title='bbox 54 2540 189 2591; x_wconf 83' lang='grc' dir='ltr'>σίαν</span> <span class='ocrx_word' id='word_1_229' title='bbox 216 2537 414 2609; x_wconf 81' lang='grc' dir='ltr'>μᾶλλον</span> <span class='ocrx_word' id='word_1_230' title='bbox 439 2536 472 2607; x_wconf 79' lang='grc' dir='ltr'>ἣ</span> <span class='ocrx_word' id='word_1_231' title='bbox 496 2536 656 2605; x_wconf 86' lang='grc' dir='ltr'>φύσιν</span> <span class='ocrx_word' id='word_1_232' title='bbox 686 2535 919 2607; x_wconf 81' lang='grc' dir='ltr'>καλοίη),</span> <span class='ocrx_word' id='word_1_233' title='bbox 947 2536 1178 2607; x_wconf 82' lang='grc' dir='ltr'>πότερον</span> <span class='ocrx_word' id='word_1_234' title='bbox 1201 2537 1347 2608; x_wconf 83' lang='grc' dir='ltr'>ἁπλῆ</span> <span class='ocrx_word' id='word_1_235' title='bbox 1371 2554 1455 2601; x_wconf 87' lang='grc' dir='ltr'><strong><em>τις</em></strong></span> <span class='ocrx_word' id='word_1_236' title='bbox 1478 2538 1511 2609; x_wconf 83' lang='grc' dir='ltr'><strong>ἢ</strong></span> <span class='ocrx_word' id='word_1_237' title='bbox 1538 2539 1656 2591; x_wconf 82' lang='grc' dir='ltr'>σύν-</span> 
     </span>
    </p>
   </div>
   <div class='ocr_carea' id='block_1_31' title="bbox 52 2628 1652 2701">
    <p class='ocr_par' dir='ltr' id='par_1_31' title="bbox 52 2628 1652 2701">
     <span class='ocr_line' id='line_1_31' title="bbox 52 2628 1652 2701; baseline 0.002 -18"><span class='ocrx_word' id='word_1_238' title='bbox 52 2631 250 2693; x_wconf 83' lang='grc' dir='ltr'>θετος;</span> <span class='ocrx_word' id='word_1_239' title='bbox 277 2628 337 2682; x_wconf 84' lang='grc' dir='ltr'><strong><em>Εὶ</em></strong></span> <span class='ocrx_word' id='word_1_240' title='bbox 364 2630 463 2701; x_wconf 77' lang='grc' dir='ltr'><strong><em>μὲν</em></strong></span> <span class='ocrx_word' id='word_1_241' title='bbox 479 2628 587 2699; x_wconf 72' lang='grc' dir='ltr'><strong><em>γὰρ</em></strong></span> <span class='ocrx_word' id='word_1_242' title='bbox 614 2628 779 2698; x_wconf 73' lang='grc' dir='ltr'>ἁπλῆ,</span> <span class='ocrx_word' id='word_1_243' title='bbox 807 2628 922 2691; x_wconf 84' lang='grc' dir='ltr'><strong><em>πῶς</em></strong></span> <span class='ocrx_word' id='word_1_244' title='bbox 938 2629 1030 2680; x_wconf 79' lang='grc' dir='ltr'><strong><em>τὸν</em></strong></span> <span class='ocrx_word' id='word_1_245' title='bbox 1050 2630 1198 2698; x_wconf 85' lang='grc' dir='ltr'>τρεῖς</span> <span class='ocrx_word' id='word_1_246' title='bbox 1217 2628 1522 2694; x_wconf 81' lang='grc' dir='ltr'>ὲπιδέξεται</span> <span class='ocrx_word' id='word_1_247' title='bbox 1545 2632 1652 2686; x_wconf 85' lang='grc' dir='ltr'><strong><em>τῶν</em></strong></span> 
     </span>
    </p>
   </div>
   <div class='ocr_carea' id='block_1_32' title="bbox 52 2719 1722 2821">
    <p class='ocr_par' dir='ltr' id='par_1_32' title="bbox 52 2719 1722 2821">
     <span class='ocr_line' id='line_1_32' title="bbox 52 2719 1722 2821; baseline 0.001 -46"><span class='ocrx_word' id='word_1_248' title='bbox 52 2723 480 2795; x_wconf 81' lang='grc' dir='ltr'>προειρημένων</span> <span class='ocrx_word' id='word_1_249' title='bbox 526 2722 795 2793; x_wconf 84' lang='grc' dir='ltr'>ἀριθμόν;</span> <span class='ocrx_word' id='word_1_250' title='bbox 845 2720 919 2774; x_wconf 86' lang='grc' dir='ltr'><strong><em>Τὸ</em></strong></span> <span class='ocrx_word' id='word_1_251' title='bbox 963 2720 1071 2791; x_wconf 88' lang='grc' dir='ltr'><strong><em>γάρ</em></strong></span> <span class='ocrx_word' id='word_1_252' title='bbox 1119 2719 1345 2784; x_wconf 78' lang='grc' dir='ltr'>ἁπλοῦν,</span> <span class='ocrx_word' id='word_1_253' title='bbox 1381 2723 1651 2792; x_wconf 88' lang='grc' dir='ltr'>μονοειδὲς</span> <span class='ocrx_word' id='word_1_254' title='bbox 1682 2766 1722 2821; x_wconf 76' lang='grc' dir='ltr'><strong>Β</strong></span> 
     </span>
    </p>
   </div>
   <div class='ocr_carea' id='block_1_33' title="bbox 54 2812 1647 2886">
    <p class='ocr_par' dir='ltr' id='par_1_33' title="bbox 54 2812 1647 2886">
     <span class='ocr_line' id='line_1_33' title="bbox 54 2812 1647 2886; baseline 0 -17"><span class='ocrx_word' id='word_1_255' title='bbox 54 2818 159 2870; x_wconf 69' lang='grc' dir='ltr'><strong><em>καὶ</em></strong></span> <span class='ocrx_word' id='word_1_256' title='bbox 205 2815 526 2886; x_wconf 84' lang='grc' dir='ltr'>ἀνάριθμον.</span> <span class='ocrx_word' id='word_1_257' title='bbox 556 2816 629 2869; x_wconf 90' lang='grc' dir='ltr'>Τὸ</span> <span class='ocrx_word' id='word_1_258' title='bbox 667 2814 725 2868; x_wconf 81' lang='grc' dir='ltr'>δὲ</span> <span class='ocrx_word' id='word_1_259' title='bbox 761 2812 1014 2885; x_wconf 85' lang='grc' dir='ltr'>ἀριθμοῖς</span> <span class='ocrx_word' id='word_1_260' title='bbox 1057 2813 1382 2877; x_wconf 85' lang='grc' dir='ltr'>ύποπίπτον,</span> <span class='ocrx_word' id='word_1_261' title='bbox 1434 2816 1647 2886; x_wconf 81' lang='grc' dir='ltr'>ἀνάγκη</span> 
     </span>
    </p>
   </div>
   <div class='ocr_carea' id='block_1_34' title="bbox 51 2902 1649 2979">
    <p class='ocr_par' dir='ltr' id='par_1_34' title="bbox 51 2902 1649 2979">
     <span class='ocr_line' id='line_1_34' title="bbox 51 2902 1649 2979; baseline -0.003 -16"><span class='ocrx_word' id='word_1_262' title='bbox 51 2907 380 2979; x_wconf 72' lang='grc' dir='ltr'>τέμνεσθαι,</span> <span class='ocrx_word' id='word_1_263' title='bbox 428 2909 532 2961; x_wconf 82' lang='grc' dir='ltr'><strong><em>κᾶν</em></strong></span> <span class='ocrx_word' id='word_1_264' title='bbox 569 2906 644 2977; x_wconf 83' lang='grc' dir='ltr'><strong><em>μὴ</em></strong></span> <span class='ocrx_word' id='word_1_265' title='bbox 675 2904 929 2975; x_wconf 86' lang='grc' dir='ltr'>ἀριθμοῖς</span> <span class='ocrx_word' id='word_1_266' title='bbox 971 2902 1449 2975; x_wconf 88' lang='grc' dir='ltr'>ὑποϐάληται</span> <span class='ocrx_word' id='word_1_267' title='bbox 1492 2906 1554 2957; x_wconf 84' lang='grc' dir='ltr'>τὸ</span> <span class='ocrx_word' id='word_1_268' title='bbox 1592 2906 1649 2958; x_wconf 81' lang='grc' dir='ltr'>δὲ</span> 
     </span>
    </p>
   </div>
   <div class='ocr_carea' id='block_1_35' title="bbox 52 2995 1649 3070">
    <p class='ocr_par' dir='ltr' id='par_1_35' title="bbox 52 2995 1649 3070">
     <span class='ocr_line' id='line_1_35' title="bbox 52 2995 1649 3070; baseline -0.002 -18"><span class='ocrx_word' id='word_1_269' title='bbox 52 3000 423 3069; x_wconf 77' lang='grc' dir='ltr'>τεμνόμενον,</span> <span class='ocrx_word' id='word_1_270' title='bbox 452 2997 722 3070; x_wconf 78' lang='grc' dir='ltr'>ἐμπαθές·</span> <span class='ocrx_word' id='word_1_271' title='bbox 757 2995 926 3058; x_wconf 85' lang='grc' dir='ltr'>πάθος</span> <span class='ocrx_word' id='word_1_272' title='bbox 957 2995 1065 3065; x_wconf 85' lang='grc' dir='ltr'><strong><em>γὰρ</em></strong></span> <span class='ocrx_word' id='word_1_273' title='bbox 1106 2996 1138 3066; x_wconf 80' lang='grc' dir='ltr'>ἡ</span> <span class='ocrx_word' id='word_1_274' title='bbox 1178 2996 1339 3067; x_wconf 83' lang='grc' dir='ltr'>τομή.</span> <span class='ocrx_word' id='word_1_275' title='bbox 1384 2997 1446 3049; x_wconf 81' lang='grc' dir='ltr'>Εἰ</span> <span class='ocrx_word' id='word_1_276' title='bbox 1472 2995 1649 3050; x_wconf 85' lang='grc' dir='ltr'>τοίνυν</span> 
     </span>
    </p>
   </div>
   <div class='ocr_carea' id='block_1_36' title="bbox 54 3087 1648 3163">
    <p class='ocr_par' dir='ltr' id='par_1_36' title="bbox 54 3087 1648 3163">
     <span class='ocr_line' id='line_1_36' title="bbox 54 3087 1648 3163; baseline -0.003 -16"><span class='ocrx_word' id='word_1_277' title='bbox 54 3094 213 3163; x_wconf 77' lang='grc' dir='ltr'>ἀτελῆ</span> <span class='ocrx_word' id='word_1_278' title='bbox 245 3091 340 3145; x_wconf 78' lang='grc' dir='ltr'>τοῦ</span> <span class='ocrx_word' id='word_1_279' title='bbox 371 3091 692 3162; x_wconf 83' lang='grc' dir='ltr'>Κρεὶττονος</span> <span class='ocrx_word' id='word_1_280' title='bbox 735 3092 767 3159; x_wconf 86' lang='grc' dir='ltr'>ἡ</span> <span class='ocrx_word' id='word_1_281' title='bbox 809 3088 967 3157; x_wconf 83' lang='grc' dir='ltr'>φύσις</span> <span class='ocrx_word' id='word_1_282' title='bbox 998 3088 1097 3158; x_wconf 86' lang='grc'><strong><em>(7),</em></strong></span> <span class='ocrx_word' id='word_1_283' title='bbox 1130 3087 1355 3159; x_wconf 83' lang='grc' dir='ltr'>περιττὴ</span> <span class='ocrx_word' id='word_1_284' title='bbox 1387 3088 1494 3143; x_wconf 81' lang='grc' dir='ltr'><strong><em>τῶν</em></strong></span> <span class='ocrx_word' id='word_1_285' title='bbox 1529 3089 1648 3142; x_wconf 90' lang='grc' dir='ltr'>ὀνο-</span> 
     </span>
    </p>
   </div>
   <div class='ocr_carea' id='block_1_37' title="bbox 58 3177 1649 3256">
    <p class='ocr_par' dir='ltr' id='par_1_37' title="bbox 58 3177 1649 3256">
     <span class='ocr_line' id='line_1_37' title="bbox 58 3177 1649 3256; baseline -0.007 -16"><span class='ocrx_word' id='word_1_286' title='bbox 58 3187 258 3256; x_wconf 67' lang='grc' dir='ltr'>μάτων</span> <span class='ocrx_word' id='word_1_287' title='bbox 291 3186 324 3254; x_wconf 85' lang='grc' dir='ltr'>ἡ</span> <span class='ocrx_word' id='word_1_288' title='bbox 346 3184 499 3246; x_wconf 82' lang='grc' dir='ltr'>,θέσις</span> <span class='ocrx_word' id='word_1_289' title='bbox 525 3181 631 3253; x_wconf 86' lang='grc'><strong><em>(8)·</em></strong></span> <span class='ocrx_word' id='word_1_290' title='bbox 658 3181 705 3232; x_wconf 87' lang='grc' dir='ltr'><strong><em>εί</em></strong></span> <span class='ocrx_word' id='word_1_291' title='bbox 740 3180 795 3233; x_wconf 87' lang='grc' dir='ltr'>δὲ</span> <span class='ocrx_word' id='word_1_292' title='bbox 826 3178 935 3232; x_wconf 83' lang='grc' dir='ltr'>τῶν</span> <span class='ocrx_word' id='word_1_293' title='bbox 958 3179 1235 3248; x_wconf 85' lang='grc' dir='ltr'>ὀνομάτων</span> <span class='ocrx_word' id='word_1_294' title='bbox 1263 3177 1467 3248; x_wconf 82' lang='grc' dir='ltr'>ἀληθὴς</span> <span class='ocrx_word' id='word_1_295' title='bbox 1495 3180 1527 3248; x_wconf 82' lang='grc' dir='ltr'>ἠ</span> <span class='ocrx_word' id='word_1_296' title='bbox 1562 3177 1649 3230; x_wconf 81' lang='grc' dir='ltr'><strong><em>θέ-</em></strong></span> 
     </span>
    </p>
   </div>
   <div class='ocr_carea' id='block_1_38' title="bbox 58 3269 1648 3344">
    <p class='ocr_par' dir='ltr' id='par_1_38' title="bbox 58 3269 1648 3344">
     <span class='ocr_line' id='line_1_38' title="bbox 58 3269 1648 3344; baseline -0.004 -14"><span class='ocrx_word' id='word_1_297' title='bbox 58 3294 171 3338; x_wconf 74' lang='grc' dir='ltr'>σις,</span> <span class='ocrx_word' id='word_1_298' title='bbox 206 3278 299 3329; x_wconf 86' lang='grc' dir='ltr'><strong><em>καί</em></strong></span> <span class='ocrx_word' id='word_1_299' title='bbox 327 3276 407 3329; x_wconf 85' lang='grc' dir='ltr'>δεῖ</span> <span class='ocrx_word' id='word_1_300' title='bbox 437 3277 550 3334; x_wconf 80' lang='grc' dir='ltr'>τοῖς</span> <span class='ocrx_word' id='word_1_301' title='bbox 584 3272 811 3344; x_wconf 83' lang='grc' dir='ltr'>ὀνόμασι</span> <span class='ocrx_word' id='word_1_302' title='bbox 848 3269 1147 3333; x_wconf 87' lang='grc' dir='ltr'>πείθεσθαι,</span> <span class='ocrx_word' id='word_1_303' title='bbox 1180 3270 1240 3323; x_wconf 85' lang='grc' dir='ltr'>τὸ</span> <span class='ocrx_word' id='word_1_304' title='bbox 1272 3270 1539 3340; x_wconf 81' lang='grc' dir='ltr'>μονοειδὲς</span> <span class='ocrx_word' id='word_1_305' title='bbox 1572 3270 1648 3340; x_wconf 83' lang='grc'><strong><em>(9)</em></strong></span> 
     </span>
    </p>
   </div>
   <div class='ocr_carea' id='block_1_39' title="bbox 54 3357 1648 3433">
    <p class='ocr_par' dir='ltr' id='par_1_39' title="bbox 54 3357 1648 3433">
     <span class='ocr_line' id='line_1_39' title="bbox 54 3357 1648 3433; baseline -0.005 -10"><span class='ocrx_word' id='word_1_306' title='bbox 54 3372 157 3423; x_wconf 77' lang='grc' dir='ltr'><strong><em>καὶ</em></strong></span> <span class='ocrx_word' id='word_1_307' title='bbox 181 3367 385 3423; x_wconf 77' lang='grc' dir='ltr'>ἁπλοῦν</span> <span class='ocrx_word' id='word_1_308' title='bbox 406 3366 565 3429; x_wconf 77' lang='grc' dir='ltr'>εὐθὺς</span> <span class='ocrx_word' id='word_1_309' title='bbox 588 3364 829 3419; x_wconf 76' lang='grc' dir='ltr'>ἐκποδὼν</span> <span class='ocrx_word' id='word_1_310' title='bbox 858 3364 1083 3433; x_wconf 73' lang='grc' dir='ltr'>οἴχεται.</span> <span class='ocrx_word' id='word_1_311' title='bbox 1116 3361 1212 3424; x_wconf 91' lang='grc' dir='ltr'><strong><em>Τίς</em></strong></span> <span class='ocrx_word' id='word_1_312' title='bbox 1236 3357 1328 3415; x_wconf 77' lang='grc' dir='ltr'><strong><em>οὖν</em></strong></span> <span class='ocrx_word' id='word_1_313' title='bbox 1350 3362 1416 3416; x_wconf 75' lang='grc' dir='ltr'>ἂν</span> <span class='ocrx_word' id='word_1_314' title='bbox 1439 3363 1525 3432; x_wconf 80' lang='grc' dir='ltr'><strong><em>εἴη</em></strong></span> <span class='ocrx_word' id='word_1_315' title='bbox 1553 3361 1648 3415; x_wconf 80' lang='grc' dir='ltr'>τοῦ</span> 
     </span>
    </p>
   </div>
   <div class='ocr_carea' id='block_1_40' title="bbox 56 3447 1650 3533">
    <p class='ocr_par' dir='ltr' id='par_1_40' title="bbox 56 3447 1650 3533">
     <span class='ocr_line' id='line_1_40' title="bbox 56 3447 1650 3533; baseline -0.005 -19"><span class='ocrx_word' id='word_1_316' title='bbox 56 3463 394 3533; x_wconf 76' lang='grc' dir='ltr'>πράγματος</span> <span class='ocrx_word' id='word_1_317' title='bbox 424 3462 457 3531; x_wconf 84' lang='grc' dir='ltr'>ἠ</span> <span class='ocrx_word' id='word_1_318' title='bbox 492 3458 684 3529; x_wconf 85' lang='grc' dir='ltr'>φύσις;</span> <span class='ocrx_word' id='word_1_319' title='bbox 719 3456 902 3510; x_wconf 81' lang='grc' dir='ltr'>Ταῦτα</span> <span class='ocrx_word' id='word_1_320' title='bbox 934 3453 1070 3524; x_wconf 78' lang='grc' dir='ltr'>πρὸς</span> <span class='ocrx_word' id='word_1_321' title='bbox 1088 3455 1236 3524; x_wconf 75' lang='grc' dir='ltr'>ἡμᾶς</span> <span class='ocrx_word' id='word_1_322' title='bbox 1265 3454 1518 3523; x_wconf 70' lang='grc' dir='ltr'>ἔφασκες.</span> <span class='ocrx_word' id='word_1_323' title='bbox 1549 3447 1650 3506; x_wconf 81' lang='grc' dir='ltr'>Ὧν</span> 
     </span>
    </p>
   </div>
   <div class='ocr_carea' id='block_1_41' title="bbox 53 3547 1649 3623">
    <p class='ocr_par' dir='ltr' id='par_1_41' title="bbox 53 3547 1649 3623">
     <span class='ocr_line' id='line_1_41' title="bbox 53 3547 1649 3623; baseline -0.006 -15"><span class='ocrx_word' id='word_1_324' title='bbox 53 3555 165 3618; x_wconf 77' lang='grc' dir='ltr'><strong><em>τὰς</em></strong></span> <span class='ocrx_word' id='word_1_325' title='bbox 210 3552 511 3619; x_wconf 78' lang='grc' dir='ltr'>ἀποδείξεις</span> <span class='ocrx_word' id='word_1_326' title='bbox 551 3553 580 3605; x_wconf 91' lang='grc' dir='ltr'><strong><em>ό</em></strong></span> <span class='ocrx_word' id='word_1_327' title='bbox 617 3552 715 3622; x_wconf 80' lang='grc' dir='ltr'>τῆς</span> <span class='ocrx_word' id='word_1_328' title='bbox 753 3550 1007 3623; x_wconf 85' lang='grc' dir='ltr'>ἀληθείας</span> <span class='ocrx_word' id='word_1_329' title='bbox 1035 3548 1278 3622; x_wconf 87' lang='grc' dir='ltr'>ἀκριϐῶς</span> <span class='ocrx_word' id='word_1_330' title='bbox 1308 3547 1649 3618; x_wconf 84' lang='grc' dir='ltr'>παραστήσει</span> 
     </span>
    </p>
   </div>
   <div class='ocr_carea' id='block_1_42' title="bbox 52 3634 1651 3713">
    <p class='ocr_par' dir='ltr' id='par_1_42' title="bbox 52 3634 1651 3713">
     <span class='ocr_line' id='line_1_42' title="bbox 52 3634 1651 3713; baseline -0.008 -15"><span class='ocrx_word' id='word_1_331' title='bbox 52 3648 247 3713; x_wconf 73' lang='grc' dir='ltr'>λόγος,</span> <span class='ocrx_word' id='word_1_332' title='bbox 290 3643 353 3695; x_wconf 79' lang='grc' dir='ltr'><strong><em>ού</em></strong></span> <span class='ocrx_word' id='word_1_333' title='bbox 391 3642 625 3703; x_wconf 83' lang='grc' dir='ltr'>πίστεως</span> <span class='ocrx_word' id='word_1_334' title='bbox 668 3642 1055 3694; x_wconf 80' lang='grc' dir='ltr'>ἀναποδείκτου</span> <span class='ocrx_word' id='word_1_335' title='bbox 1108 3637 1410 3708; x_wconf 82' lang='grc' dir='ltr'>φαντασίαν</span> <span class='ocrx_word' id='word_1_336' title='bbox 1448 3634 1651 3707; x_wconf 79' lang='grc' dir='ltr'>ἀπορίᾳ</span> 
     </span>
    </p>
   </div>
   <div class='ocr_carea' id='block_1_43' title="bbox 54 3726 1644 3808">
    <p class='ocr_par' dir='ltr' id='par_1_43' title="bbox 54 3726 1644 3808">
     <span class='ocr_line' id='line_1_43' title="bbox 54 3726 1644 3808; baseline -0.008 -17"><span class='ocrx_word' id='word_1_337' title='bbox 54 3741 163 3808; x_wconf 83' lang='grc' dir='ltr'><strong><em>τῆς</em></strong></span> <span class='ocrx_word' id='word_1_338' title='bbox 213 3735 537 3801; x_wconf 79' lang='grc' dir='ltr'>ἀποδείξεως</span> <span class='ocrx_word' id='word_1_339' title='bbox 580 3733 791 3801; x_wconf 84' lang='grc' dir='ltr'>ἀλόγως</span> <span class='ocrx_word' id='word_1_340' title='bbox 824 3732 1235 3803; x_wconf 81' lang='grc' dir='ltr'>προϊσχόμενος,</span> <span class='ocrx_word' id='word_1_341' title='bbox 1287 3728 1409 3782; x_wconf 75' lang='grc' dir='ltr'>οὐδὲ</span> <span class='ocrx_word' id='word_1_342' title='bbox 1460 3726 1644 3798; x_wconf 86' lang='grc' dir='ltr'>μύθων</span> 
     </span>
    </p>
   </div>
   <div class='ocr_carea' id='block_1_44' title="bbox 54 3817 1650 3897">
    <p class='ocr_par' dir='ltr' id='par_1_44' title="bbox 54 3817 1650 3897">
     <span class='ocr_line' id='line_1_44' title="bbox 54 3817 1650 3897; baseline -0.009 -15"><span class='ocrx_word' id='word_1_343' title='bbox 54 3828 315 3882; x_wconf 77' lang='grc' dir='ltr'>παλαιῶν</span> <span class='ocrx_word' id='word_1_344' title='bbox 347 3825 669 3897; x_wconf 85' lang='grc' dir='ltr'>μαρτυρίαις</span> <span class='ocrx_word' id='word_1_345' title='bbox 694 3823 756 3876; x_wconf 88' lang='grc' dir='ltr'>τὸ</span> <span class='ocrx_word' id='word_1_346' title='bbox 786 3822 980 3892; x_wconf 84' lang='grc' dir='ltr'>σαθρὸν</span> <span class='ocrx_word' id='word_1_347' title='bbox 1003 3822 1101 3891; x_wconf 79' lang='grc' dir='ltr'>τῆς</span> <span class='ocrx_word' id='word_1_348' title='bbox 1128 3817 1502 3889; x_wconf 77' lang='grc' dir='ltr'>πεποιθήσεως</span> <span class='ocrx_word' id='word_1_349' title='bbox 1526 3818 1650 3870; x_wconf 82' lang='grc' dir='ltr'>ὲαυ-</span> 
     </span>
    </p>
   </div>
   <div class='ocr_carea' id='block_1_45' title="bbox 51 3908 1649 3987">
    <p class='ocr_par' dir='ltr' id='par_1_45' title="bbox 51 3908 1649 3987">
     <span class='ocr_line' id='line_1_45' title="bbox 51 3908 1649 3987; baseline -0.009 -12"><span class='ocrx_word' id='word_1_350' title='bbox 51 3921 157 3975; x_wconf 80' lang='grc' dir='ltr'>τοῦ</span> <span class='ocrx_word' id='word_1_351' title='bbox 192 3920 487 3975; x_wconf 83' lang='grc' dir='ltr'>καλύπτειν</span> <span class='ocrx_word' id='word_1_352' title='bbox 514 3914 871 3987; x_wconf 86' lang='grc' dir='ltr'>πειρώμενος,</span> <span class='ocrx_word' id='word_1_353' title='bbox 911 3913 1045 3967; x_wconf 87' lang='grc' dir='ltr'><strong><em>ἀλλά</em></strong></span> <span class='ocrx_word' id='word_1_354' title='bbox 1078 3913 1357 3984; x_wconf 77' lang='grc' dir='ltr'>ζητήσεως</span> <span class='ocrx_word' id='word_1_355' title='bbox 1389 3908 1649 3979; x_wconf 83' lang='grc' dir='ltr'>ἀκριϐοῦς</span> 
     </span>
    </p>
   </div>
   <div class='ocr_carea' id='block_1_46' title="bbox 53 4002 1649 4083">
    <p class='ocr_par' dir='ltr' id='par_1_46' title="bbox 53 4002 1649 4083">
     <span class='ocr_line' id='line_1_46' title="bbox 53 4002 1649 4083; baseline -0.011 -14"><span class='ocrx_word' id='word_1_356' title='bbox 53 4014 393 4083; x_wconf 85' lang='grc' dir='ltr'>κατανοήσει</span> <span class='ocrx_word' id='word_1_357' title='bbox 442 4010 534 4064; x_wconf 71' lang='grc' dir='ltr'><strong><em>καὶ</em></strong></span> <span class='ocrx_word' id='word_1_358' title='bbox 576 4006 852 4077; x_wconf 83' lang='grc' dir='ltr'>λογισμῶν</span> <span class='ocrx_word' id='word_1_359' title='bbox 890 4005 1141 4076; x_wconf 83' lang='grc' dir='ltr'>ὀρθότητι</span> <span class='ocrx_word' id='word_1_360' title='bbox 1180 4004 1278 4074; x_wconf 82' lang='grc' dir='ltr'>τὴν</span> <span class='ocrx_word' id='word_1_361' title='bbox 1320 4002 1412 4055; x_wconf 81' lang='grc' dir='ltr'>τοῦ</span> <span class='ocrx_word' id='word_1_362' title='bbox 1441 4003 1649 4073; x_wconf 72' lang='grc' dir='ltr'>θεωρή.</span> 
     </span>
    </p>
   </div>
   <div class='ocr_carea' id='block_1_47' title="bbox 56 4095 1436 4179">
    <p class='ocr_par' dir='ltr' id='par_1_47' title="bbox 56 4095 1436 4179">
     <span class='ocr_line' id='line_1_47' title="bbox 56 4095 1436 4179; baseline -0.01 -19"><span class='ocrx_word' id='word_1_363' title='bbox 56 4123 240 4179; x_wconf 85' lang='grc' dir='ltr'>ματος</span> <span class='ocrx_word' id='word_1_364' title='bbox 282 4105 544 4157; x_wconf 84' lang='grc' dir='ltr'>πίστωσιν</span> <span class='ocrx_word' id='word_1_365' title='bbox 582 4103 658 4163; x_wconf 83' lang='grc' dir='ltr'>εἰς</span> <span class='ocrx_word' id='word_1_366' title='bbox 684 4098 991 4169; x_wconf 79' lang='grc' dir='ltr'>τούμφανὲς</span> <span class='ocrx_word' id='word_1_367' title='bbox 1029 4095 1436 4168; x_wconf 85' lang='grc' dir='ltr'>προτιθέμενος.</span> 
     </span>
    </p>
   </div>
   <div class='ocr_carea' id='block_1_48' title="bbox 1947 1388 3137 1459">
    <p class='ocr_par' dir='ltr' id='par_1_48' title="bbox 1947 1388 3137 1459">
     <span class='ocr_line' id='line_1_48' title="bbox 1947 1388 3137 1459; baseline 0.005 -19"><span class='ocrx_word' id='word_1_368' title='bbox 1947 1390 2027 1441; x_wconf 83' lang='lat' dir='ltr'><strong><em>Ad</em></strong></span> <span class='ocrx_word' id='word_1_369' title='bbox 2066 1388 2346 1459; x_wconf 87' lang='lat' dir='ltr'><strong><em>Evagrium</em></strong></span> <span class='ocrx_word' id='word_1_370' title='bbox 2378 1392 2709 1456; x_wconf 84' lang='lat' dir='ltr'><strong><em>monac/tum,</em></strong></span> <span class='ocrx_word' id='word_1_371' title='bbox 2734 1390 2797 1444; x_wconf 87' lang='lat' dir='ltr'><strong><em>de</em></strong></span> <span class='ocrx_word' id='word_1_372' title='bbox 2834 1390 3137 1447; x_wconf 84' lang='lat' dir='ltr'><strong><em>Divinitate.</em></strong></span> 
     </span>
    </p>
   </div>
   <div class='ocr_carea' id='block_1_49' title="bbox 1823 1520 3328 1595">
    <p class='ocr_par' dir='ltr' id='par_1_49' title="bbox 1823 1520 3328 1595">
     <span class='ocr_line' id='line_1_49' title="bbox 1823 1520 3328 1595; baseline 0.005 -22"><span class='ocrx_word' id='word_1_373' title='bbox 1823 1520 2188 1578; x_wconf 77' lang='lat' dir='ltr'><strong><em>Vehementer</em></strong></span> <span class='ocrx_word' id='word_1_374' title='bbox 2222 1532 2275 1577; x_wconf 91' lang='lat' dir='ltr'><strong><em>te</em></strong></span> <span class='ocrx_word' id='word_1_375' title='bbox 2316 1526 2580 1595; x_wconf 87' lang='lat' dir='ltr'><strong><em>suspicio,</em></strong></span> <span class='ocrx_word' id='word_1_376' title='bbox 2616 1539 2679 1578; x_wconf 87' lang='lat' dir='ltr'><strong><em>ac</em></strong></span> <span class='ocrx_word' id='word_1_377' title='bbox 2710 1540 3061 1595; x_wconf 83' lang='lat' dir='ltr'><strong><em>summopere</em></strong></span> <span class='ocrx_word' id='word_1_378' title='bbox 3089 1526 3328 1595; x_wconf 89' lang='lat' dir='ltr'><strong><em>pruden-</em></strong></span> 
     </span>
    </p>
   </div>
   <div class='ocr_carea' id='block_1_50' title="bbox 1754 1616 3327 1688">
    <p class='ocr_par' dir='ltr' id='par_1_50' title="bbox 1754 1616 3327 1688">
     <span class='ocr_line' id='line_1_50' title="bbox 1754 1616 3327 1688; baseline 0.006 -20"><span class='ocrx_word' id='word_1_379' title='bbox 1754 1616 1885 1668; x_wconf 85' lang='lat' dir='ltr'><strong><em>tiam</em></strong></span> <span class='ocrx_word' id='word_1_380' title='bbox 1929 1623 2077 1669; x_wconf 87' lang='lat' dir='ltr'><strong><em>tuam</em></strong></span> <span class='ocrx_word' id='word_1_381' title='bbox 2132 1616 2395 1680; x_wconf 83' lang='lat' dir='ltr'><strong><em>admiror,</em></strong></span> <span class='ocrx_word' id='word_1_382' title='bbox 2456 1618 2549 1687; x_wconf 86' lang='lat' dir='ltr'><strong><em>qui</em></strong></span> <span class='ocrx_word' id='word_1_383' title='bbox 2615 1618 2819 1674; x_wconf 78' lang='lat' dir='ltr'><strong><em>talibus</em></strong></span> <span class='ocrx_word' id='word_1_384' title='bbox 2857 1620 3327 1688; x_wconf 82' lang='lat' dir='ltr'><strong><em>speculationibus</em></strong></span> 
     </span>
    </p>
   </div>
   <div class='ocr_carea' id='block_1_51' title="bbox 1753 1709 3329 1783">
    <p class='ocr_par' dir='ltr' id='par_1_51' title="bbox 1753 1709 3329 1783">
     <span class='ocr_line' id='line_1_51' title="bbox 1753 1709 3329 1783; baseline 0.006 -21"><span class='ocrx_word' id='word_1_385' title='bbox 1753 1709 2033 1778; x_wconf 87' lang='lat' dir='ltr'><strong><em>tantisque</em></strong></span> <span class='ocrx_word' id='word_1_386' title='bbox 2065 1710 2465 1778; x_wconf 67' lang='lat' dir='ltr'><strong><em>quaestionibus</em></strong></span> <span class='ocrx_word' id='word_1_387' title='bbox 2494 1726 2719 1766; x_wconf 83' lang='lat' dir='ltr'><strong><em>causam</em></strong></span> <span class='ocrx_word' id='word_1_388' title='bbox 2760 1712 2994 1781; x_wconf 63' lang='lat' dir='ltr'><strong><em>praebes,</em></strong></span> <span class='ocrx_word' id='word_1_389' title='bbox 3025 1729 3123 1783; x_wconf 89' lang='lat' dir='ltr'><strong><em>per</em></strong></span> <span class='ocrx_word' id='word_1_390' title='bbox 3161 1730 3329 1771; x_wconf 82' lang='lat' dir='ltr'><strong><em>accu-</em></strong></span> 
     </span>
    </p>
   </div>
   <div class='ocr_carea' id='block_1_52' title="bbox 1751 1799 3324 1870">
    <p class='ocr_par' dir='ltr' id='par_1_52' title="bbox 1751 1799 3324 1870">
     <span class='ocr_line' id='line_1_52' title="bbox 1751 1799 3324 1870; baseline 0.006 -19"><span class='ocrx_word' id='word_1_391' title='bbox 1751 1809 1903 1853; x_wconf 81' lang='lat' dir='ltr'><strong><em>ratas</em></strong></span> <span class='ocrx_word' id='word_1_392' title='bbox 1940 1799 2400 1870; x_wconf 80' lang='lat' dir='ltr'><strong><em>interrogationes</em></strong></span> <span class='ocrx_word' id='word_1_393' title='bbox 2458 1802 2618 1857; x_wconf 90' lang='lat' dir='ltr'><strong><em>nobis</em></strong></span> <span class='ocrx_word' id='word_1_394' title='bbox 2657 1802 2876 1857; x_wconf 89' lang='lat' dir='ltr'><strong><em>dicendi</em></strong></span> <span class='ocrx_word' id='word_1_395' title='bbox 2935 1805 3324 1861; x_wconf 87' lang='lat' dir='ltr'><strong><em>necessitatem</em></strong></span> 
     </span>
    </p>
   </div>
   <div class='ocr_carea' id='block_1_53' title="bbox 1752 1891 3327 1964">
    <p class='ocr_par' dir='ltr' id='par_1_53' title="bbox 1752 1891 3327 1964">
     <span class='ocr_line' id='line_1_53' title="bbox 1752 1891 3327 1964; baseline 0.006 -20"><span class='ocrx_word' id='word_1_396' title='bbox 1752 1906 1814 1945; x_wconf 86' lang='lat' dir='ltr'><strong><em>ac</em></strong></span> <span class='ocrx_word' id='word_1_397' title='bbox 1844 1891 2188 1961; x_wconf 84' lang='lat' dir='ltr'><strong><em>probationis</em></strong></span> <span class='ocrx_word' id='word_1_398' title='bbox 2212 1892 2457 1948; x_wconf 89' lang='lat' dir='ltr'><strong><em>laborem</em></strong></span> <span class='ocrx_word' id='word_1_399' title='bbox 2481 1895 2791 1964; x_wconf 84' lang='lat' dir='ltr'><strong><em>imponens.</em></strong></span> <span class='ocrx_word' id='word_1_400' title='bbox 2823 1894 2951 1950; x_wconf 91' lang='lat' dir='ltr'><strong><em>dum</em></strong></span> <span class='ocrx_word' id='word_1_401' title='bbox 2985 1900 3327 1955; x_wconf 74' lang='lat' dir='ltr'><strong><em>necessarias</em></strong></span> 
     </span>
    </p>
   </div>
   <div class='ocr_carea' id='block_1_54' title="bbox 1752 1982 3328 2052">
    <p class='ocr_par' dir='ltr' id='par_1_54' title="bbox 1752 1982 3328 2052">
     <span class='ocr_line' id='line_1_54' title="bbox 1752 1982 3328 2052; baseline 0.004 -17"><span class='ocrx_word' id='word_1_402' title='bbox 1752 1991 1917 2052; x_wconf 85' lang='lat' dir='ltr'><strong><em>atque</em></strong></span> <span class='ocrx_word' id='word_1_403' title='bbox 1945 1982 2106 2037; x_wconf 87' lang='lat' dir='ltr'><strong><em>utiles</em></strong></span> <span class='ocrx_word' id='word_1_404' title='bbox 2133 1984 2466 2052; x_wconf 67' lang='lat' dir='ltr'><strong><em>quaestiones</em></strong></span> <span class='ocrx_word' id='word_1_405' title='bbox 2496 1984 2551 2037; x_wconf 91' lang='lat' dir='ltr'><strong><em>in</em></strong></span> <span class='ocrx_word' id='word_1_406' title='bbox 2582 1984 2822 2039; x_wconf 90' lang='lat' dir='ltr'><strong><em>medium</em></strong></span> <span class='ocrx_word' id='word_1_407' title='bbox 2865 1984 3047 2041; x_wconf 74' lang='lat' dir='ltr'><strong><em>aﬁ‘ers.</em></strong></span> <span class='ocrx_word' id='word_1_408' title='bbox 3086 1987 3328 2043; x_wconf 86' lang='lat' dir='ltr'><strong><em>Proinde</em></strong></span> 
     </span>
    </p>
   </div>
   <div class='ocr_carea' id='block_1_55' title="bbox 1752 2073 3325 2146">
    <p class='ocr_par' dir='ltr' id='par_1_55' title="bbox 1752 2073 3325 2146">
     <span class='ocr_line' id='line_1_55' title="bbox 1752 2073 3325 2146; baseline 0.004 -18"><span class='ocrx_word' id='word_1_409' title='bbox 1752 2074 1913 2129; x_wconf 90' lang='lat' dir='ltr'><strong><em>nobis</em></strong></span> <span class='ocrx_word' id='word_1_410' title='bbox 1936 2075 2161 2129; x_wconf 88' lang='lat' dir='ltr'><strong><em>omnino</em></strong></span> <span class='ocrx_word' id='word_1_411' title='bbox 2203 2073 2518 2129; x_wconf 78' lang='lat' dir='ltr'><strong><em>faciendum</em></strong></span> <span class='ocrx_word' id='word_1_412' title='bbox 2549 2085 2655 2140; x_wconf 89' lang='lat' dir='ltr'><strong><em>est,</em></strong></span> <span class='ocrx_word' id='word_1_413' title='bbox 2691 2083 2753 2129; x_wconf 91' lang='lat' dir='ltr'><strong><em>ut</em></strong></span> <span class='ocrx_word' id='word_1_414' title='bbox 2778 2077 3149 2146; x_wconf 72' lang='lat' dir='ltr'><strong><em>quaestionum</em></strong></span> <span class='ocrx_word' id='word_1_415' title='bbox 3199 2090 3325 2134; x_wconf 86' lang='lat' dir='ltr'><strong><em>tua—</em></strong></span> 
     </span>
    </p>
   </div>
   <div class='ocr_carea' id='block_1_56' title="bbox 1751 2166 3325 2243">
    <p class='ocr_par' dir='ltr' id='par_1_56' title="bbox 1751 2166 3325 2243">
     <span class='ocr_line' id='line_1_56' title="bbox 1751 2166 3325 2243; baseline 0.006 -25"><span class='ocrx_word' id='word_1_416' title='bbox 1751 2180 1874 2219; x_wconf 87' lang='lat' dir='ltr'><strong><em>rum</em></strong></span> <span class='ocrx_word' id='word_1_417' title='bbox 1903 2166 2152 2238; x_wconf 74' lang='lat' dir='ltr'><strong><em>vestigiis</em></strong></span> <span class='ocrx_word' id='word_1_418' title='bbox 2176 2167 2505 2232; x_wconf 76' lang='lat' dir='ltr'><strong><em>btereamus,</em></strong></span> <span class='ocrx_word' id='word_1_419' title='bbox 2537 2182 2745 2238; x_wconf 88' lang='lat' dir='ltr'><strong><em>easque</em></strong></span> <span class='ocrx_word' id='word_1_420' title='bbox 2769 2170 2921 2225; x_wconf 88' lang='lat' dir='ltr'><strong><em>claro</em></strong></span> <span class='ocrx_word' id='word_1_421' title='bbox 2946 2176 3000 2225; x_wconf 93' lang='lat' dir='ltr'><strong><em>et</em></strong></span> <span class='ocrx_word' id='word_1_422' title='bbox 3028 2172 3325 2243; x_wconf 87' lang='lat' dir='ltr'><strong><em>perspicuo</em></strong></span> 
     </span>
    </p>
   </div>
   <div class='ocr_carea' id='block_1_57' title="bbox 1752 2259 3326 2334">
    <p class='ocr_par' dir='ltr' id='par_1_57' title="bbox 1752 2259 3326 2334">
     <span class='ocr_line' id='line_1_57' title="bbox 1752 2259 3326 2334; baseline 0.004 -22"><span class='ocrx_word' id='word_1_423' title='bbox 1752 2272 2023 2326; x_wconf 84' lang='lat' dir='ltr'><strong><em>responso</em></strong></span> <span class='ocrx_word' id='word_1_424' title='bbox 2045 2259 2408 2329; x_wconf 81' lang='lat' dir='ltr'><strong><em>explicemus.</em></strong></span> <span class='ocrx_word' id='word_1_425' title='bbox 2435 2260 2677 2326; x_wconf 60' lang='lat' dir='ltr'><strong><em>Quaestio</em></strong></span> <span class='ocrx_word' id='word_1_426' title='bbox 2709 2261 2875 2332; x_wconf 78' lang='lat' dir='ltr'><strong><em>igitur</em></strong></span> <span class='ocrx_word' id='word_1_427' title='bbox 2905 2271 3010 2318; x_wconf 90' lang='lat' dir='ltr'><strong><em>ate</em></strong></span> <span class='ocrx_word' id='word_1_428' title='bbox 3045 2264 3326 2334; x_wconf 87' lang='lat' dir='ltr'><strong><em>proposita</em></strong></span> 
     </span>
    </p>
   </div>
   <div class='ocr_carea' id='block_1_58' title="bbox 1752 2353 3326 2427">
    <p class='ocr_par' dir='ltr' id='par_1_58' title="bbox 1752 2353 3326 2427">
     <span class='ocr_line' id='line_1_58' title="bbox 1752 2353 3326 2427; baseline 0.003 -19"><span class='ocrx_word' id='word_1_429' title='bbox 1752 2360 1871 2408; x_wconf 88' lang='lat' dir='ltr'><strong><em>erat</em></strong></span> <span class='ocrx_word' id='word_1_430' title='bbox 1907 2353 2222 2423; x_wconf 85' lang='lat' dir='ltr'><strong><em>hujusmodi</em></strong></span> <span class='ocrx_word' id='word_1_431' title='bbox 2253 2372 2267 2407; x_wconf 90' lang='lat'><strong>:</strong></span> <span class='ocrx_word' id='word_1_432' title='bbox 2309 2353 2558 2420; x_wconf 87' lang='lat' dir='ltr'><strong><em>Quonam</em></strong></span> <span class='ocrx_word' id='word_1_433' title='bbox 2583 2356 2748 2410; x_wconf 90' lang='lat' dir='ltr'><strong><em>modo</em></strong></span> <span class='ocrx_word' id='word_1_434' title='bbox 2776 2371 2900 2412; x_wconf 91' lang='lat' dir='ltr'><strong><em>esse</em></strong></span> <span class='ocrx_word' id='word_1_435' title='bbox 2935 2364 3100 2427; x_wconf 89' lang='lat' dir='ltr'><strong><em>queat</em></strong></span> <span class='ocrx_word' id='word_1_436' title='bbox 3146 2358 3326 2414; x_wconf 84' lang='lat' dir='ltr'><strong><em>Patris</em></strong></span> 
     </span>
    </p>
   </div>
   <div class='ocr_carea' id='block_1_59' title="bbox 1752 2438 3327 2517">
    <p class='ocr_par' dir='ltr' id='par_1_59' title="bbox 1752 2438 3327 2517">
     <span class='ocr_line' id='line_1_59' title="bbox 1752 2438 3327 2517; baseline 0.004 -21"><span class='ocrx_word' id='word_1_437' title='bbox 1752 2450 1805 2496; x_wconf 88' lang='lat' dir='ltr'><strong><em>et</em></strong></span> <span class='ocrx_word' id='word_1_438' title='bbox 1852 2438 1979 2495; x_wconf 89' lang='lat' dir='ltr'><strong><em>Filii</em></strong></span> <span class='ocrx_word' id='word_1_439' title='bbox 2036 2450 2092 2497; x_wconf 90' lang='lat' dir='ltr'><strong><em>et</em></strong></span> <span class='ocrx_word' id='word_1_440' title='bbox 2132 2439 2377 2510; x_wconf 88' lang='lat' dir='ltr'><strong><em>Spiritus</em></strong></span> <span class='ocrx_word' id='word_1_441' title='bbox 2423 2444 2601 2498; x_wconf 88' lang='lat' dir='ltr'><strong><em>sancti</em></strong></span> <span class='ocrx_word' id='word_1_442' title='bbox 2653 2452 2852 2499; x_wconf 86' lang='lat' dir='ltr'><strong><em>natura</em></strong></span> <span class='ocrx_word' id='word_1_443' title='bbox 2890 2447 3096 2517; x_wconf 89' lang='lat' dir='ltr'><strong><em>(quam</em></strong></span> <span class='ocrx_word' id='word_1_444' title='bbox 3142 2455 3327 2504; x_wconf 88' lang='lat' dir='ltr'><strong><em>tamen</em></strong></span> 
     </span>
    </p>
   </div>
   <div class='ocr_carea' id='block_1_60' title="bbox 1752 2532 3329 2609">
    <p class='ocr_par' dir='ltr' id='par_1_60' title="bbox 1752 2532 3329 2609">
     <span class='ocr_line' id='line_1_60' title="bbox 1752 2532 3329 2609; baseline 0.006 -23"><span class='ocrx_word' id='word_1_445' title='bbox 1752 2532 2053 2587; x_wconf 84' lang='lat' dir='ltr'><strong><em>essentiam</em></strong></span> <span class='ocrx_word' id='word_1_446' title='bbox 2086 2533 2312 2598; x_wconf 89' lang='lat' dir='ltr'><strong><em>rectius,</em></strong></span> <span class='ocrx_word' id='word_1_447' title='bbox 2344 2547 2511 2603; x_wconf 89' lang='lat' dir='ltr'><strong><em>quam</em></strong></span> <span class='ocrx_word' id='word_1_448' title='bbox 2541 2542 2815 2602; x_wconf 89' lang='lat' dir='ltr'><strong><em>naturam,</em></strong></span> <span class='ocrx_word' id='word_1_449' title='bbox 2847 2539 3124 2609; x_wconf 85' lang='lat' dir='ltr'><strong><em>quispiam</em></strong></span> <span class='ocrx_word' id='word_1_450' title='bbox 3157 2555 3329 2596; x_wconf 82' lang='lat' dir='ltr'><strong><em>voca-</em></strong></span> 
     </span>
    </p>
   </div>
   <div class='ocr_carea' id='block_1_61' title="bbox 1751 2625 3325 2701">
    <p class='ocr_par' dir='ltr' id='par_1_61' title="bbox 1751 2625 3325 2701">
     <span class='ocr_line' id='line_1_61' title="bbox 1751 2625 3325 2701; baseline 0.005 -22"><span class='ocrx_word' id='word_1_451' title='bbox 1751 2625 1971 2697; x_wconf 85' lang='lat' dir='ltr'><strong><em>verit),</em></strong></span> <span class='ocrx_word' id='word_1_452' title='bbox 1999 2625 2234 2696; x_wconf 77' lang='lat' dir='ltr'><strong><em>simplex</em></strong></span> <span class='ocrx_word' id='word_1_453' title='bbox 2283 2641 2352 2680; x_wconf 89' lang='lat' dir='ltr'><strong><em>an</em></strong></span> <span class='ocrx_word' id='word_1_454' title='bbox 2401 2628 2753 2697; x_wconf 83' lang='lat' dir='ltr'><strong><em>composita?</em></strong></span> <span class='ocrx_word' id='word_1_455' title='bbox 2784 2627 2841 2683; x_wconf 88' lang='lat' dir='ltr'><strong><em>Si</em></strong></span> <span class='ocrx_word' id='word_1_456' title='bbox 2888 2630 3033 2685; x_wconf 90' lang='lat' dir='ltr'><strong><em>enim</em></strong></span> <span class='ocrx_word' id='word_1_457' title='bbox 3069 2632 3325 2701; x_wconf 88' lang='lat' dir='ltr'><strong><em>simplex,</em></strong></span> 
     </span>
    </p>
   </div>
   <div class='ocr_carea' id='block_1_62' title="bbox 1752 2716 3328 2787">
    <p class='ocr_par' dir='ltr' id='par_1_62' title="bbox 1752 2716 3328 2787">
     <span class='ocr_line' id='line_1_62' title="bbox 1752 2716 3328 2787; baseline 0.005 -18"><span class='ocrx_word' id='word_1_458' title='bbox 1752 2716 2028 2786; x_wconf 90' lang='lat' dir='ltr'><strong><em>quomodo</em></strong></span> <span class='ocrx_word' id='word_1_459' title='bbox 2058 2716 2355 2772; x_wconf 83' lang='lat' dir='ltr'><strong><em>ternarium</em></strong></span> <span class='ocrx_word' id='word_1_460' title='bbox 2380 2732 2593 2783; x_wconf 89' lang='lat' dir='ltr'><strong><em>eorum,</em></strong></span> <span class='ocrx_word' id='word_1_461' title='bbox 2617 2734 2740 2787; x_wconf 76' lang='lat' dir='ltr'><strong><em>qua:</em></strong></span> <span class='ocrx_word' id='word_1_462' title='bbox 2775 2726 2902 2774; x_wconf 89' lang='lat' dir='ltr'><strong><em>ante</em></strong></span> <span class='ocrx_word' id='word_1_463' title='bbox 2927 2720 3190 2783; x_wconf 80' lang='lat' dir='ltr'><strong><em>diximus.</em></strong></span> <span class='ocrx_word' id='word_1_464' title='bbox 3223 2738 3328 2777; x_wconf 90' lang='lat' dir='ltr'><strong><em>nu-</em></strong></span> 
     </span>
    </p>
   </div>
   <div class='ocr_carea' id='block_1_63' title="bbox 1754 2809 3325 2882">
    <p class='ocr_par' dir='ltr' id='par_1_63' title="bbox 1754 2809 3325 2882">
     <span class='ocr_line' id='line_1_63' title="bbox 1754 2809 3325 2882; baseline 0.004 -17"><span class='ocrx_word' id='word_1_465' title='bbox 1754 2825 1965 2866; x_wconf 87' lang='lat' dir='ltr'><strong><em>merum</em></strong></span> <span class='ocrx_word' id='word_1_466' title='bbox 2017 2811 2293 2882; x_wconf 84' lang='lat' dir='ltr'><strong><em>recipiet?</em></strong></span> <span class='ocrx_word' id='word_1_467' title='bbox 2332 2810 2468 2865; x_wconf 84' lang='lat' dir='ltr'><strong><em>Nam</em></strong></span> <span class='ocrx_word' id='word_1_468' title='bbox 2526 2809 2673 2882; x_wconf 89' lang='lat' dir='ltr'><strong><em>quod</em></strong></span> <span class='ocrx_word' id='word_1_469' title='bbox 2729 2812 2960 2882; x_wconf 78' lang='lat' dir='ltr'><strong><em>simplex</em></strong></span> <span class='ocrx_word' id='word_1_470' title='bbox 3005 2822 3110 2878; x_wconf 89' lang='lat' dir='ltr'><strong><em>est,</em></strong></span> <span class='ocrx_word' id='word_1_471' title='bbox 3156 2815 3325 2872; x_wconf 83' lang='lat' dir='ltr'><strong><em>unius</em></strong></span> 
     </span>
    </p>
   </div>
   <div class='ocr_carea' id='block_1_64' title="bbox 1752 2901 3328 2973">
    <p class='ocr_par' dir='ltr' id='par_1_64' title="bbox 1752 2901 3328 2973">
     <span class='ocr_line' id='line_1_64' title="bbox 1752 2901 3328 2973; baseline 0.003 -16"><span class='ocrx_word' id='word_1_472' title='bbox 1752 2901 1897 2957; x_wconf 89' lang='lat' dir='ltr'><strong><em>modi</em></strong></span> <span class='ocrx_word' id='word_1_473' title='bbox 1926 2910 2031 2963; x_wconf 90' lang='lat' dir='ltr'><strong><em>est.</em></strong></span> <span class='ocrx_word' id='word_1_474' title='bbox 2067 2902 2394 2972; x_wconf 90' lang='lat' dir='ltr'><strong><em>numerique</em></strong></span> <span class='ocrx_word' id='word_1_475' title='bbox 2421 2917 2619 2973; x_wconf 89' lang='lat' dir='ltr'><strong><em>expers</em></strong></span> <span class='ocrx_word' id='word_1_476' title='bbox 2650 2921 2663 2957; x_wconf 95' lang='lat'><strong>:</strong></span> <span class='ocrx_word' id='word_1_477' title='bbox 2719 2905 2864 2973; x_wconf 91' lang='lat' dir='ltr'><strong><em>quod</em></strong></span> <span class='ocrx_word' id='word_1_478' title='bbox 2913 2911 3097 2960; x_wconf 88' lang='lat' dir='ltr'><strong><em>autem</em></strong></span> <span class='ocrx_word' id='word_1_479' title='bbox 3133 2906 3189 2960; x_wconf 92' lang='lat' dir='ltr'><strong><em>in</em></strong></span> <span class='ocrx_word' id='word_1_480' title='bbox 3220 2921 3328 2962; x_wconf 89' lang='lat' dir='ltr'><strong><em>nu-</em></strong></span> 
     </span>
    </p>
   </div>
   <div class='ocr_carea' id='block_1_65' title="bbox 1754 2994 3327 3058">
    <p class='ocr_par' dir='ltr' id='par_1_65' title="bbox 1754 2994 3327 3058">
     <span class='ocr_line' id='line_1_65' title="bbox 1754 2994 3327 3058; baseline 0.004 -11"><span class='ocrx_word' id='word_1_481' title='bbox 1754 3008 1939 3050; x_wconf 80' lang='lat' dir='ltr'><strong><em>meros</em></strong></span> <span class='ocrx_word' id='word_1_482' title='bbox 1977 2994 2143 3058; x_wconf 84' lang='lat' dir='ltr'><strong><em>cadit,</em></strong></span> <span class='ocrx_word' id='word_1_483' title='bbox 2180 2995 2355 3051; x_wconf 80' lang='lat' dir='ltr'><strong><em>scindi</em></strong></span> <span class='ocrx_word' id='word_1_484' title='bbox 2394 3009 2622 3049; x_wconf 89' lang='lat' dir='ltr'><strong><em>necesse</em></strong></span> <span class='ocrx_word' id='word_1_485' title='bbox 2666 3001 2773 3058; x_wconf 89' lang='lat' dir='ltr'><strong><em>est.</em></strong></span> <span class='ocrx_word' id='word_1_486' title='bbox 2818 2996 3037 3052; x_wconf 88' lang='lat' dir='ltr'><strong><em>etiamsi</em></strong></span> <span class='ocrx_word' id='word_1_487' title='bbox 3078 2999 3327 3054; x_wconf 85' lang='lat' dir='ltr'><strong><em>numeris</em></strong></span> 
     </span>
    </p>
   </div>
   <div class='ocr_carea' id='block_1_66' title="bbox 1751 3085 3323 3157">
    <p class='ocr_par' dir='ltr' id='par_1_66' title="bbox 1751 3085 3323 3157">
     <span class='ocr_line' id='line_1_66' title="bbox 1751 3085 3323 3157; baseline 0.004 -19"><span class='ocrx_word' id='word_1_488' title='bbox 1751 3086 1975 3140; x_wconf 89' lang='lat' dir='ltr'><strong><em>minime</em></strong></span> <span class='ocrx_word' id='word_1_489' title='bbox 2006 3085 2353 3155; x_wconf 87' lang='lat' dir='ltr'><strong><em>subjiciatur.</em></strong></span> <span class='ocrx_word' id='word_1_490' title='bbox 2382 3085 2535 3152; x_wconf 80' lang='lat' dir='ltr'><strong><em>Quod</em></strong></span> <span class='ocrx_word' id='word_1_491' title='bbox 2564 3099 2726 3155; x_wconf 88' lang='lat' dir='ltr'><strong><em>porro</em></strong></span> <span class='ocrx_word' id='word_1_492' title='bbox 2754 3086 3051 3153; x_wconf 88' lang='lat' dir='ltr'><strong><em>scinditur,</em></strong></span> <span class='ocrx_word' id='word_1_493' title='bbox 3079 3089 3323 3157; x_wconf 85' lang='lat' dir='ltr'><strong><em>passioni</em></strong></span> 
     </span>
    </p>
   </div>
   <div class='ocr_carea' id='block_1_67' title="bbox 1750 3177 3324 3248">
    <p class='ocr_par' dir='ltr' id='par_1_67' title="bbox 1750 3177 3324 3248">
     <span class='ocr_line' id='line_1_67' title="bbox 1750 3177 3324 3248; baseline 0.003 -16"><span class='ocrx_word' id='word_1_494' title='bbox 1750 3177 1944 3247; x_wconf 89' lang='lat' dir='ltr'><strong><em>utique</em></strong></span> <span class='ocrx_word' id='word_1_495' title='bbox 1974 3178 2270 3232; x_wconf 83' lang='lat' dir='ltr'><strong><em>obnoxium</em></strong></span> <span class='ocrx_word' id='word_1_496' title='bbox 2298 3198 2312 3234; x_wconf 91' lang='lat'><strong>:</strong></span> <span class='ocrx_word' id='word_1_497' title='bbox 2338 3178 2510 3233; x_wconf 88' lang='lat' dir='ltr'><strong><em>sectio</em></strong></span> <span class='ocrx_word' id='word_1_498' title='bbox 2530 3177 2675 3232; x_wconf 91' lang='lat' dir='ltr'><strong><em>enim</em></strong></span> <span class='ocrx_word' id='word_1_499' title='bbox 2700 3181 2885 3248; x_wconf 84' lang='lat' dir='ltr'><strong><em>passio</em></strong></span> <span class='ocrx_word' id='word_1_500' title='bbox 2910 3188 3015 3236; x_wconf 75' lang='lat' dir='ltr'><strong><em>est.</em></strong></span> <span class='ocrx_word' id='word_1_501' title='bbox 3054 3180 3324 3247; x_wconf 84' lang='lat' dir='ltr'><strong><em>Quocirca</em></strong></span> 
     </span>
    </p>
   </div>
   <div class='ocr_carea' id='block_1_68' title="bbox 1752 3267 3327 3340">
    <p class='ocr_par' dir='ltr' id='par_1_68' title="bbox 1752 3267 3327 3340">
     <span class='ocr_line' id='line_1_68' title="bbox 1752 3267 3327 3340; baseline 0.003 -17"><span class='ocrx_word' id='word_1_502' title='bbox 1752 3268 1797 3324; x_wconf 90' lang='lat' dir='ltr'><strong><em>si</em></strong></span> <span class='ocrx_word' id='word_1_503' title='bbox 1818 3268 2045 3338; x_wconf 81' lang='lat' dir='ltr'><strong><em>simplex</em></strong></span> <span class='ocrx_word' id='word_1_504' title='bbox 2062 3267 2165 3323; x_wconf 88' lang='lat' dir='ltr'><strong><em>‘Dei</em></strong></span> <span class='ocrx_word' id='word_1_505' title='bbox 2181 3277 2380 3323; x_wconf 83' lang='lat' dir='ltr'><strong><em>natura</em></strong></span> <span class='ocrx_word' id='word_1_506' title='bbox 2412 3280 2514 3336; x_wconf 90' lang='lat' dir='ltr'><strong><em>est,</em></strong></span> <span class='ocrx_word' id='word_1_507' title='bbox 2546 3286 2952 3340; x_wconf 75' lang='lat' dir='ltr'><strong><em>supervacanea</em></strong></span> <span class='ocrx_word' id='word_1_508' title='bbox 2974 3271 3136 3327; x_wconf 81' lang='lat' dir='ltr'><strong><em>fuerit</em></strong></span> <span class='ocrx_word' id='word_1_509' title='bbox 3156 3275 3327 3327; x_wconf 83' lang='lat' dir='ltr'><strong><em>nomi-</em></strong></span> 
     </span>
    </p>
   </div>
   <div class='ocr_carea' id='block_1_69' title="bbox 1752 3359 3327 3435">
    <p class='ocr_par' dir='ltr' id='par_1_69' title="bbox 1752 3359 3327 3435">
     <span class='ocr_line' id='line_1_69' title="bbox 1752 3359 3327 3435; baseline 0.004 -22"><span class='ocrx_word' id='word_1_510' title='bbox 1752 3374 1882 3413; x_wconf 90' lang='lat' dir='ltr'><strong><em>num</em></strong></span> <span class='ocrx_word' id='word_1_511' title='bbox 1910 3359 2261 3427; x_wconf 82' lang='lat' dir='ltr'><strong><em>caustitutio;</em></strong></span> <span class='ocrx_word' id='word_1_512' title='bbox 2292 3361 2377 3414; x_wconf 85' lang='lat' dir='ltr'><strong><em>sin</em></strong></span> <span class='ocrx_word' id='word_1_513' title='bbox 2400 3370 2577 3415; x_wconf 90' lang='lat' dir='ltr'><strong><em>autem</em></strong></span> <span class='ocrx_word' id='word_1_514' title='bbox 2610 3376 2734 3417; x_wconf 85' lang='lat' dir='ltr'><strong><em>vera</em></strong></span> <span class='ocrx_word' id='word_1_515' title='bbox 2749 3371 2834 3418; x_wconf 91' lang='lat' dir='ltr'><strong><em>est</em></strong></span> <span class='ocrx_word' id='word_1_516' title='bbox 2857 3363 3141 3418; x_wconf 90' lang='lat' dir='ltr'><strong><em>nominum</em></strong></span> <span class='ocrx_word' id='word_1_517' title='bbox 3177 3367 3327 3435; x_wconf 81' lang='lat' dir='ltr'><strong><em>posi-</em></strong></span> 
     </span>
    </p>
   </div>
   <div class='ocr_carea' id='block_1_70' title="bbox 1753 3449 3323 3523">
    <p class='ocr_par' dir='ltr' id='par_1_70' title="bbox 1753 3449 3323 3523">
     <span class='ocr_line' id='line_1_70' title="bbox 1753 3449 3323 3523; baseline 0.008 -21"><span class='ocrx_word' id='word_1_518' title='bbox 1753 3449 1852 3513; x_wconf 89' lang='lat' dir='ltr'><strong><em>tio,</em></strong></span> <span class='ocrx_word' id='word_1_519' title='bbox 1882 3450 2307 3520; x_wconf 88' lang='lat' dir='ltr'><strong><em>nominibusque</em></strong></span> <span class='ocrx_word' id='word_1_520' title='bbox 2334 3452 2470 3521; x_wconf 85' lang='lat' dir='ltr'><strong><em>ipsis</em></strong></span> <span class='ocrx_word' id='word_1_521' title='bbox 2506 3454 2805 3523; x_wconf 91' lang='lat' dir='ltr'><strong><em>parendum</em></strong></span> <span class='ocrx_word' id='word_1_522' title='bbox 2836 3464 2941 3517; x_wconf 90' lang='lat' dir='ltr'><strong><em>est.</em></strong></span> <span class='ocrx_word' id='word_1_523' title='bbox 2983 3456 3150 3511; x_wconf 89' lang='lat' dir='ltr'><strong><em>unius</em></strong></span> <span class='ocrx_word' id='word_1_524' title='bbox 3176 3457 3323 3514; x_wconf 89' lang='lat' dir='ltr'><strong><em>modi</em></strong></span> 
     </span>
    </p>
   </div>
   <div class='ocr_carea' id='block_1_71' title="bbox 1753 3544 3324 3615">
    <p class='ocr_par' dir='ltr' id='par_1_71' title="bbox 1753 3544 3324 3615">
     <span class='ocr_line' id='line_1_71' title="bbox 1753 3544 3324 3615; baseline 0.005 -19"><span class='ocrx_word' id='word_1_525' title='bbox 1753 3545 1890 3598; x_wconf 89' lang='lat' dir='ltr'><strong><em>ratio</em></strong></span> <span class='ocrx_word' id='word_1_526' title='bbox 1908 3559 1971 3599; x_wconf 86' lang='lat' dir='ltr'><strong><em>ac</em></strong></span> <span class='ocrx_word' id='word_1_527' title='bbox 1988 3544 2313 3614; x_wconf 81' lang='lat' dir='ltr'><strong><em>simplicitas</em></strong></span> <span class='ocrx_word' id='word_1_528' title='bbox 2332 3545 2515 3601; x_wconf 89' lang='lat' dir='ltr'><strong><em>statim</em></strong></span> <span class='ocrx_word' id='word_1_529' title='bbox 2543 3562 2577 3602; x_wconf 90' lang='lat' dir='ltr'><strong><em>e</em></strong></span> <span class='ocrx_word' id='word_1_530' title='bbox 2604 3547 2782 3602; x_wconf 89' lang='lat' dir='ltr'><strong><em>medio</em></strong></span> <span class='ocrx_word' id='word_1_531' title='bbox 2802 3548 3043 3603; x_wconf 89' lang='lat' dir='ltr'><strong><em>tolletur.</em></strong></span> <span class='ocrx_word' id='word_1_532' title='bbox 3059 3548 3324 3615; x_wconf 70' lang='lat' dir='ltr'><strong><em>Quaenam</em></strong></span> 
     </span>
    </p>
   </div>
   <div class='ocr_carea' id='block_1_72' title="bbox 1752 3637 3323 3709">
    <p class='ocr_par' dir='ltr' id='par_1_72' title="bbox 1752 3637 3323 3709">
     <span class='ocr_line' id='line_1_72' title="bbox 1752 3637 3323 3709; baseline 0.004 -19"><span class='ocrx_word' id='word_1_533' title='bbox 1752 3637 1917 3708; x_wconf 83' lang='lat' dir='ltr'><strong><em>igitur</em></strong></span> <span class='ocrx_word' id='word_1_534' title='bbox 1934 3638 2099 3707; x_wconf 86' lang='lat' dir='ltr'><strong><em>hujus</em></strong></span> <span class='ocrx_word' id='word_1_535' title='bbox 2117 3638 2191 3694; x_wconf 93' lang='lat' dir='ltr'><strong><em>rei</em></strong></span> <span class='ocrx_word' id='word_1_536' title='bbox 2207 3646 2401 3694; x_wconf 83' lang='lat' dir='ltr'><strong><em>natura</em></strong></span> <span class='ocrx_word' id='word_1_537' title='bbox 2418 3647 2502 3695; x_wconf 90' lang='lat' dir='ltr'><strong><em>est</em></strong></span> <span class='ocrx_word' id='word_1_538' title='bbox 2520 3640 2545 3694; x_wconf 87' lang='lat'><strong>?</strong></span> <span class='ocrx_word' id='word_1_539' title='bbox 2560 3638 2684 3696; x_wconf 82' lang='lat' dir='ltr'><strong><em>Haec</em></strong></span> <span class='ocrx_word' id='word_1_540' title='bbox 2703 3640 2767 3696; x_wconf 90' lang='lat' dir='ltr'><strong><em>ad</em></strong></span> <span class='ocrx_word' id='word_1_541' title='bbox 2786 3656 2885 3697; x_wconf 90' lang='lat' dir='ltr'><strong><em>nos</em></strong></span> <span class='ocrx_word' id='word_1_542' title='bbox 2904 3641 3149 3698; x_wconf 82' lang='lat' dir='ltr'><strong><em>dicebas.</em></strong></span> <span class='ocrx_word' id='word_1_543' title='bbox 3170 3641 3323 3709; x_wconf 87' lang='lat' dir='ltr'><strong><em>Quo-</em></strong></span> 
     </span>
    </p>
   </div>
   <div class='ocr_carea' id='block_1_73' title="bbox 1752 3730 3324 3791">
    <p class='ocr_par' dir='ltr' id='par_1_73' title="bbox 1752 3730 3324 3791">
     <span class='ocr_line' id='line_1_73' title="bbox 1752 3730 3324 3791; baseline 0.004 -7"><span class='ocrx_word' id='word_1_544' title='bbox 1752 3746 1873 3785; x_wconf 89' lang='lat' dir='ltr'><strong><em>rum</em></strong></span> <span class='ocrx_word' id='word_1_545' title='bbox 1931 3730 2431 3789; x_wconf 86' lang='lat' dir='ltr'><strong><em>demonstrationes</em></strong></span> <span class='ocrx_word' id='word_1_546' title='bbox 2489 3735 2739 3790; x_wconf 77' lang='lat' dir='ltr'><strong><em>veritatis</em></strong></span> <span class='ocrx_word' id='word_1_547' title='bbox 2796 3735 3049 3790; x_wconf 87' lang='lat' dir='ltr'><strong><em>doctrina</em></strong></span> <span class='ocrx_word' id='word_1_548' title='bbox 3128 3745 3324 3791; x_wconf 83' lang='lat' dir='ltr'><strong><em>exacte</em></strong></span> 
     </span>
    </p>
   </div>
   <div class='ocr_carea' id='block_1_74' title="bbox 1752 3822 3321 3894">
    <p class='ocr_par' dir='ltr' id='par_1_74' title="bbox 1752 3822 3321 3894">
     <span class='ocr_line' id='line_1_74' title="bbox 1752 3822 3321 3894; baseline 0.001 -16"><span class='ocrx_word' id='word_1_549' title='bbox 1752 3823 2039 3889; x_wconf 81' lang='lat' dir='ltr'><strong><em>ostendet,</em></strong></span> <span class='ocrx_word' id='word_1_550' title='bbox 2088 3839 2197 3877; x_wconf 91' lang='lat' dir='ltr'><strong><em>non</em></strong></span> <span class='ocrx_word' id='word_1_551' title='bbox 2237 3822 2384 3889; x_wconf 90' lang='lat' dir='ltr'><strong><em>ﬁdei,</em></strong></span> <span class='ocrx_word' id='word_1_552' title='bbox 2422 3839 2543 3894; x_wconf 70' lang='lat' dir='ltr'><strong><em>quas</em></strong></span> <span class='ocrx_word' id='word_1_553' title='bbox 2594 3825 3064 3881; x_wconf 85' lang='lat' dir='ltr'><strong><em>demonstratione</em></strong></span> <span class='ocrx_word' id='word_1_554' title='bbox 3113 3835 3321 3892; x_wconf 86' lang='lat' dir='ltr'><strong><em>careat,</em></strong></span> 
     </span>
    </p>
   </div>
   <div class='ocr_carea' id='block_1_75' title="bbox 1754 3914 3323 3987">
    <p class='ocr_par' dir='ltr' id='par_1_75' title="bbox 1754 3914 3323 3987">
     <span class='ocr_line' id='line_1_75' title="bbox 1754 3914 3323 3987; baseline 0.003 -19"><span class='ocrx_word' id='word_1_555' title='bbox 1754 3914 1972 3970; x_wconf 86' lang='lat' dir='ltr'><strong><em>inanem</em></strong></span> <span class='ocrx_word' id='word_1_556' title='bbox 1999 3914 2291 3984; x_wconf 88' lang='lat' dir='ltr'><strong><em>quamdam</em></strong></span> <span class='ocrx_word' id='word_1_557' title='bbox 2334 3916 2573 3985; x_wconf 88' lang='lat' dir='ltr'><strong><em>speciem</em></strong></span> <span class='ocrx_word' id='word_1_558' title='bbox 2618 3924 2841 3986; x_wconf 86' lang='lat' dir='ltr'><strong><em>propter</em></strong></span> <span class='ocrx_word' id='word_1_559' title='bbox 2874 3925 3323 3987; x_wconf 83' lang='lat' dir='ltr'><strong><em>argumentorum</em></strong></span> 
     </span>
    </p>
   </div>
   <div class='ocr_carea' id='block_1_76' title="bbox 1751 4006 3321 4078">
    <p class='ocr_par' dir='ltr' id='par_1_76' title="bbox 1751 4006 3321 4078">
     <span class='ocr_line' id='line_1_76' title="bbox 1751 4006 3321 4078; baseline 0.001 -17"><span class='ocrx_word' id='word_1_560' title='bbox 1751 4006 1993 4076; x_wconf 89' lang='lat' dir='ltr'><strong><em>inopiam</em></strong></span> <span class='ocrx_word' id='word_1_561' title='bbox 2022 4008 2189 4062; x_wconf 90' lang='lat' dir='ltr'><strong><em>stulte</em></strong></span> <span class='ocrx_word' id='word_1_562' title='bbox 2218 4007 2590 4078; x_wconf 56' lang='lat' dir='ltr'><strong><em>praetendens,</em></strong></span> <span class='ocrx_word' id='word_1_563' title='bbox 2622 4021 2723 4063; x_wconf 91' lang='lat' dir='ltr'><strong><em>nec</em></strong></span> <span class='ocrx_word' id='word_1_564' title='bbox 2741 4015 2983 4063; x_wconf 86' lang='lat' dir='ltr'><strong><em>veterum</em></strong></span> <span class='ocrx_word' id='word_1_565' title='bbox 3009 4007 3321 4063; x_wconf 79' lang='lat' dir='ltr'><strong><em>fabularum</em></strong></span> 
     </span>
    </p>
   </div>
   <div class='ocr_carea' id='block_1_77' title="bbox 1755 4099 3321 4170">
    <p class='ocr_par' dir='ltr' id='par_1_77' title="bbox 1755 4099 3321 4170">
     <span class='ocr_line' id='line_1_77' title="bbox 1755 4099 3321 4170; baseline 0.001 -18"><span class='ocrx_word' id='word_1_566' title='bbox 1755 4101 2089 4155; x_wconf 88' lang='lat' dir='ltr'><strong><em>testimoniis</em></strong></span> <span class='ocrx_word' id='word_1_567' title='bbox 2110 4100 2487 4170; x_wconf 85' lang='lat' dir='ltr'><strong><em>persuasionis</em></strong></span> <span class='ocrx_word' id='word_1_568' title='bbox 2519 4114 2632 4155; x_wconf 86' lang='lat' dir='ltr'><strong><em>suae</em></strong></span> <span class='ocrx_word' id='word_1_569' title='bbox 2667 4099 3097 4156; x_wconf 87' lang='lat' dir='ltr'><strong><em>imbecillitatem</em></strong></span> <span class='ocrx_word' id='word_1_570' title='bbox 3130 4100 3321 4155; x_wconf 85' lang='lat' dir='ltr'><strong><em>occul-</em></strong></span> 
     </span>
    </p>
   </div>
   <div class='ocr_carea' id='block_1_78' title="bbox 50 4191 3343 4268">
    <p class='ocr_par' dir='ltr' id='par_1_78' title="bbox 50 4191 3343 4268">
     <span class='ocr_line' id='line_1_78' title="bbox 50 4191 3343 4268; baseline -0.002 -10"><span class='ocrx_word' id='word_1_571' title='bbox 50 4216 184 4258; x_wconf 86' lang='lat' dir='ltr'><strong><em>tare</em></strong></span> <span class='ocrx_word' id='word_1_572' title='bbox 226 4201 475 4264; x_wconf 88' lang='lat' dir='ltr'><strong><em>studens,</em></strong></span> <span class='ocrx_word' id='word_1_573' title='bbox 506 4212 695 4252; x_wconf 87' lang='lat' dir='ltr'><strong><em>verum</em></strong></span> <span class='ocrx_word' id='word_1_574' title='bbox 726 4210 826 4264; x_wconf 85' lang='lat' dir='ltr'><strong><em>per</em></strong></span> <span class='ocrx_word' id='word_1_575' title='bbox 858 4206 1133 4249; x_wconf 65' lang='lat' dir='ltr'><strong><em>accuratae</em></strong></span> <span class='ocrx_word' id='word_1_576' title='bbox 1158 4207 1221 4246; x_wconf 88' lang='lat' dir='ltr'><strong><em>ac</em></strong></span> <span class='ocrx_word' id='word_1_577' title='bbox 1262 4191 1521 4261; x_wconf 81' lang='lat' dir='ltr'><strong><em>perfectae</em></strong></span> <span class='ocrx_word' id='word_1_578' title='bbox 1554 4193 1931 4262; x_wconf 88' lang='lat' dir='ltr'><strong><em>inquisitionis</em></strong></span> <span class='ocrx_word' id='word_1_579' title='bbox 1991 4196 2403 4268; x_wconf 88' lang='lat' dir='ltr'><strong><em>perceptionem</em></strong></span> <span class='ocrx_word' id='word_1_580' title='bbox 2464 4203 2521 4252; x_wconf 90' lang='lat' dir='ltr'><strong><em>et</em></strong></span> <span class='ocrx_word' id='word_1_581' title='bbox 2578 4197 2847 4252; x_wconf 85' lang='lat' dir='ltr'><strong><em>rationum</em></strong></span> <span class='ocrx_word' id='word_1_582' title='bbox 2909 4196 3343 4264; x_wconf 85' lang='lat' dir='ltr'><strong><em>rectitudinem,‘</em></strong></span> 
     </span>
    </p>
   </div>
   <div class='ocr_carea' id='block_1_79' title="bbox 50 4285 1987 4361">
    <p class='ocr_par' dir='ltr' id='par_1_79' title="bbox 50 4285 1987 4361">
     <span class='ocr_line' id='line_1_79' title="bbox 50 4285 1987 4361; baseline -0.003 -9"><span class='ocrx_word' id='word_1_583' title='bbox 50 4292 423 4352; x_wconf 85' lang='lat' dir='ltr'><strong><em>theorematis</em></strong></span> <span class='ocrx_word' id='word_1_584' title='bbox 488 4291 655 4361; x_wconf 89' lang='lat' dir='ltr'><strong><em>hujus</em></strong></span> <span class='ocrx_word' id='word_1_585' title='bbox 712 4288 1188 4343; x_wconf 86' lang='lat' dir='ltr'><strong><em>conﬁrmationem</em></strong></span> <span class='ocrx_word' id='word_1_586' title='bbox 1254 4285 1309 4340; x_wconf 89' lang='lat' dir='ltr'><strong><em>in</em></strong></span> <span class='ocrx_word' id='word_1_587' title='bbox 1382 4294 1633 4355; x_wconf 90' lang='lat' dir='ltr'><strong><em>apertum</em></strong></span> <span class='ocrx_word' id='word_1_588' title='bbox 1676 4290 1987 4359; x_wconf 82' lang='lat' dir='ltr'><strong><em>proferens.</em></strong></span> 
     </span>
    </p>
   </div>
   <div class='ocr_carea' id='block_1_80' title="bbox 133 4378 1635 4458">
    <p class='ocr_par' dir='ltr' id='par_1_80' title="bbox 133 4378 1635 4458">
     <span class='ocr_line' id='line_1_80' title="bbox 133 4378 1635 4458; baseline -0.005 -16"><span class='ocrx_word' id='word_1_589' title='bbox 133 4390 273 4455; x_wconf 75' lang='grc' dir='ltr'>’Ἄγε</span> <span class='ocrx_word' id='word_1_590' title='bbox 331 4386 395 4458; x_wconf 82' lang='grc' dir='ltr'>δὴ</span> <span class='ocrx_word' id='word_1_591' title='bbox 457 4385 640 4438; x_wconf 77' lang='grc' dir='ltr'>λοιπὸν</span> <span class='ocrx_word' id='word_1_592' title='bbox 705 4385 834 4454; x_wconf 80' lang='grc' dir='ltr'>ἡμῖν</span> <span class='ocrx_word' id='word_1_593' title='bbox 899 4383 929 4435; x_wconf 90' lang='grc' dir='ltr'><strong><em>ὀ</em></strong></span> <span class='ocrx_word' id='word_1_594' title='bbox 998 4380 1152 4449; x_wconf 88' lang='grc' dir='ltr'>λόγος</span> <span class='ocrx_word' id='word_1_595' title='bbox 1212 4378 1457 4433; x_wconf 79' lang='grc' dir='ltr'>ἐντεῦθεν</span> <span class='ocrx_word' id='word_1_596' title='bbox 1518 4380 1635 4435; x_wconf 84' lang='grc' dir='ltr'>θια-</span> 
     </span>
    </p>
   </div>
   <div class='ocr_carea' id='block_1_81' title="bbox 1756 4378 3321 4458">
    <p class='ocr_par' dir='ltr' id='par_1_81' title="bbox 1821 4384 3321 4458">
     <span class='ocr_line' id='line_1_81' title="bbox 1821 4384 3321 4458; baseline -0.001 -18"><span class='ocrx_word' id='word_1_597' title='bbox 1821 4387 1935 4458; x_wconf 84' lang='lat' dir='ltr'><strong><em>Age</em></strong></span> <span class='ocrx_word' id='word_1_598' title='bbox 1974 4386 2162 4458; x_wconf 87' lang='lat' dir='ltr'><strong><em>igitur,</em></strong></span> <span class='ocrx_word' id='word_1_599' title='bbox 2207 4386 2337 4442; x_wconf 89' lang='lat' dir='ltr'><strong><em>hinc</em></strong></span> <span class='ocrx_word' id='word_1_600' title='bbox 2381 4386 2810 4457; x_wconf 87' lang='lat' dir='ltr'><strong><em>disputationem</em></strong></span> <span class='ocrx_word' id='word_1_601' title='bbox 2851 4384 3224 4455; x_wconf 86' lang='lat' dir='ltr'><strong><em>auspicemur,</em></strong></span> <span class='ocrx_word' id='word_1_602' title='bbox 3265 4392 3321 4440; x_wconf 88' lang='lat' dir='ltr'><strong><em>et</em></strong></span> 
     </span>
    </p>
   </div>
   <div class='ocr_carea' id='block_1_82' title="bbox 50 4472 1641 4548">
    <p class='ocr_par' dir='ltr' id='par_1_82' title="bbox 50 4472 1641 4548">
     <span class='ocr_line' id='line_1_82' title="bbox 50 4472 1641 4548; baseline -0.008 -11"><span class='ocrx_word' id='word_1_603' title='bbox 50 4481 271 4537; x_wconf 79' lang='grc' dir='ltr'>σευὲτω</span> <span class='ocrx_word' id='word_1_604' title='bbox 317 4478 452 4548; x_wconf 84' lang='grc' dir='ltr'>(ω),</span> <span class='ocrx_word' id='word_1_605' title='bbox 501 4477 597 4530; x_wconf 74' lang='grc' dir='ltr'><strong><em>καὶ</em></strong></span> <span class='ocrx_word' id='word_1_606' title='bbox 646 4475 760 4535; x_wconf 85' lang='grc' dir='ltr'><strong><em>πῶς</em></strong></span> <span class='ocrx_word' id='word_1_607' title='bbox 827 4474 1002 4527; x_wconf 82' lang='grc' dir='ltr'>δεῖτὸ</span> <span class='ocrx_word' id='word_1_608' title='bbox 1046 4473 1196 4525; x_wconf 84' lang='grc' dir='ltr'>Θεῖον</span> <span class='ocrx_word' id='word_1_609' title='bbox 1243 4472 1641 4544; x_wconf 87' lang='grc' dir='ltr'>ὑπολαμϐάνειν</span> 
     </span>
    </p>
   </div>
   <div class='ocr_carea' id='block_1_83' title="bbox 49 4566 1639 4647">
    <p class='ocr_par' dir='ltr' id='par_1_83' title="bbox 49 4566 1639 4647">
     <span class='ocr_line' id='line_1_83' title="bbox 49 4566 1639 4647; baseline -0.005 -19"><span class='ocrx_word' id='word_1_610' title='bbox 49 4574 339 4647; x_wconf 76' lang='grc' dir='ltr'>φασκέτω,</span> <span class='ocrx_word' id='word_1_611' title='bbox 382 4571 607 4641; x_wconf 84' lang='grc' dir='ltr'>πότερον</span> <span class='ocrx_word' id='word_1_612' title='bbox 656 4567 878 4631; x_wconf 82' lang='grc' dir='ltr'>ἁπλοῦν,</span> <span class='ocrx_word' id='word_1_613' title='bbox 919 4567 953 4637; x_wconf 80' lang='grc' dir='ltr'>ἦ</span> <span class='ocrx_word' id='word_1_614' title='bbox 996 4567 1302 4637; x_wconf 82' lang='grc' dir='ltr'>τριπλεκές.</span> <span class='ocrx_word' id='word_1_615' title='bbox 1340 4566 1493 4619; x_wconf 76' lang='grc' dir='ltr'>Οὕτω</span> <span class='ocrx_word' id='word_1_616' title='bbox 1533 4569 1639 4638; x_wconf 84' lang='grc' dir='ltr'><strong><em>γὰρ</em></strong></span> 
     </span>
    </p>
   </div>
   <div class='ocr_carea' id='block_1_84' title="bbox 46 4659 1640 4740">
    <p class='ocr_par' dir='ltr' id='par_1_84' title="bbox 46 4659 1640 4740">
     <span class='ocr_line' id='line_1_84' title="bbox 46 4659 1640 4740; baseline -0.006 -20"><span class='ocrx_word' id='word_1_617' title='bbox 46 4670 214 4740; x_wconf 67' lang='grc' dir='ltr'>ἡμᾶς</span> <span class='ocrx_word' id='word_1_618' title='bbox 259 4666 354 4719; x_wconf 79' lang='grc' dir='ltr'><strong><em>καὶ</em></strong></span> <span class='ocrx_word' id='word_1_619' title='bbox 397 4663 575 4732; x_wconf 76' lang='grc' dir='ltr'>λέγειν</span> <span class='ocrx_word' id='word_1_620' title='bbox 625 4663 659 4732; x_wconf 81' lang='grc' dir='ltr'><strong>ἡ</strong></span> <span class='ocrx_word' id='word_1_621' title='bbox 705 4661 812 4713; x_wconf 83' lang='grc' dir='ltr'>τῶν</span> <span class='ocrx_word' id='word_1_622' title='bbox 847 4661 1123 4730; x_wconf 87' lang='grc' dir='ltr'>ὀνομάτων</span> <span class='ocrx_word' id='word_1_623' title='bbox 1160 4660 1376 4730; x_wconf 78' lang='grc' dir='ltr'>τριττὺς</span> <span class='ocrx_word' id='word_1_624' title='bbox 1419 4659 1511 4711; x_wconf 67' lang='grc' dir='ltr'>καὶ</span> <span class='ocrx_word' id='word_1_625' title='bbox 1550 4675 1640 4711; x_wconf 77' lang='grc' dir='ltr'>πι-</span> 
     </span>
    </p>
   </div>
   <div class='ocr_carea' id='block_1_85' title="bbox 48 4750 1637 4828">
    <p class='ocr_par' dir='ltr' id='par_1_85' title="bbox 48 4750 1637 4828">
     <span class='ocr_line' id='line_1_85' title="bbox 48 4750 1637 4828; baseline -0.007 -12"><span class='ocrx_word' id='word_1_626' title='bbox 48 4761 276 4817; x_wconf 82' lang='grc' dir='ltr'>στεύειν</span> <span class='ocrx_word' id='word_1_627' title='bbox 325 4756 597 4828; x_wconf 79' lang='grc' dir='ltr'>βιάζεται,</span> <span class='ocrx_word' id='word_1_628' title='bbox 658 4754 753 4808; x_wconf 74' lang='grc' dir='ltr'>καὶ</span> <span class='ocrx_word' id='word_1_629' title='bbox 806 4752 1015 4817; x_wconf 78' lang='grc' dir='ltr'>τούτοις</span> <span class='ocrx_word' id='word_1_630' title='bbox 1054 4750 1494 4823; x_wconf 77' lang='grc' dir='ltr'>ἀποχρησάμενοί</span> <span class='ocrx_word' id='word_1_631' title='bbox 1524 4750 1637 4822; x_wconf 77' lang='lat' dir='ltr'><strong><em>(li)</em></strong></span> 
     </span>
    </p>
   </div>
   <div class='ocr_carea' id='block_1_86' title="bbox 128 4952 1627 5031">
    <p class='ocr_par' dir='ltr' id='par_1_86' title="bbox 128 4952 1627 5031">
     <span class='ocr_line' id='line_1_86' title="bbox 128 4952 1627 5031; baseline -0.006 -16"><span class='ocrx_word' id='word_1_632' title='bbox 128 4963 214 5031; x_wconf 81' lang='grc' dir='ltr'>(Ι)</span> <span class='ocrx_word' id='word_1_633' title='bbox 254 4962 440 5015; x_wconf 86' lang='lat' dir='ltr'><strong><em>Petav.</em></strong></span> <span class='ocrx_word' id='word_1_634' title='bbox 471 4958 681 5031; x_wconf 68' lang='lat' dir='ltr'><strong><em>tom._i.</em></strong></span> <span class='ocrx_word' id='word_1_635' title='bbox 715 4956 897 5024; x_wconf 89' lang='lat' dir='ltr'><strong><em>Dogm.</em></strong></span> <span class='ocrx_word' id='word_1_636' title='bbox 927 4955 1161 5031; x_wconf 83' lang='lat' dir='ltr'><strong><em>th_e_ol._c.</em></strong></span> <span class='ocrx_word' id='word_1_637' title='bbox 1195 4952 1298 5031; x_wconf 62' lang='lat'><strong><em>6,_§</em></strong></span> <span class='ocrx_word' id='word_1_638' title='bbox 1336 4953 1391 5013; x_wconf 77' lang='lat'><strong><em>5,</em></strong></span> <span class='ocrx_word' id='word_1_639' title='bbox 1425 4968 1477 5031; x_wconf 84' lang='lat' dir='ltr'><strong><em>p.</em></strong></span> <span class='ocrx_word' id='word_1_640' title='bbox 1506 4953 1627 5006; x_wconf 77' lang='grc'><strong>157.</strong></span> 
     </span>
    </p>
   </div>
   <div class='ocr_carea' id='block_1_87' title="bbox 128 4963 1631 5154">
    <p class='ocr_par' dir='ltr' id='par_1_87' title="bbox 128 4963 1631 5154">
     <span class='ocr_line' id='line_1_87' title="bbox 128 4963 1627 5031; baseline -0.006 -16"><span class='ocrx_word' id='word_1_641' title='bbox 128 4965 179 5031; x_wconf 86' lang='lat' dir='ltr'><strong><em>(l</em></strong></span> <span class='ocrx_word' id='word_1_642' title='bbox 254 4963 440 5015; x_wconf 85' lang='lat' dir='ltr'><strong><em>Petav.</em></strong></span> <span class='ocrx_word' id='word_1_643' title='bbox 471 4967 604 5012; x_wconf 91' lang='lat' dir='ltr'><strong><em>tom.</em></strong></span> <span class='ocrx_word' id='word_1_644' title='bbox 638 4963 681 5010; x_wconf 93' lang='grc'><strong><em>1.</em></strong></span> <span class='ocrx_word' id='word_1_645' title='bbox 715 4963 897 5024; x_wconf 89' lang='lat' dir='ltr'><strong><em>Dogm.</em></strong></span> <span class='ocrx_word' id='word_1_646' title='bbox 927 4963 1085 5009; x_wconf 88' lang='lat' dir='ltr'><strong><em>theot.</em></strong></span> <span class='ocrx_word' id='word_1_647' title='bbox 1109 4969 1161 5008; x_wconf 92' lang='lat' dir='ltr'><strong><em>c.</em></strong></span> <span class='ocrx_word' id='word_1_648' title='bbox 1195 4963 1298 5023; x_wconf 75' lang='lat'><strong><em>6.§</em></strong></span> <span class='ocrx_word' id='word_1_649' title='bbox 1336 4963 1391 5013; x_wconf 71' lang='grc'>5,</span> <span class='ocrx_word' id='word_1_650' title='bbox 1425 4968 1477 5019; x_wconf 90' lang='lat' dir='ltr'><strong><em>p.</em></strong></span> <span class='ocrx_word' id='word_1_651' title='bbox 1506 4963 1627 5006; x_wconf 69' lang='lat'><strong><em>157.</em></strong></span> 
     </span>
     <span class='ocr_line' id='line_1_88' title="bbox 128 4963 1631 5095; baseline -0.007 -11"><span class='ocrx_word' id='word_1_652' title='bbox 128 4963 215 5095; x_wconf 46' lang='grc'><strong><em>(21</em></strong></span> <span class='ocrx_word' id='word_1_653' title='bbox 258 5031 414 5086; x_wconf 80' lang='lat' dir='ltr'><strong><em>Tom.</em></strong></span> <span class='ocrx_word' id='word_1_654' title='bbox 460 5029 545 5091; x_wconf 90' lang='lat' dir='ltr'><strong><em>Ill,</em></strong></span> <span class='ocrx_word' id='word_1_655' title='bbox 602 5026 926 5081; x_wconf 73' lang='lat' dir='ltr'><strong><em>Monumcnt.</em></strong></span> <span class='ocrx_word' id='word_1_656' title='bbox 969 5024 1169 5079; x_wconf 85' lang='lat' dir='ltr'><strong><em>Eccles.</em></strong></span> <span class='ocrx_word' id='word_1_657' title='bbox 1227 5023 1395 5077; x_wconf 80' lang='lat' dir='ltr'><strong><em>erc.</em></strong></span> <span class='ocrx_word' id='word_1_658' title='bbox 1434 5024 1485 5076; x_wconf 90' lang='lat' dir='ltr'><strong><em>in</em></strong></span> <span class='ocrx_word' id='word_1_659' title='bbox 1520 5032 1631 5076; x_wconf 88' lang='lat' dir='ltr'><strong><em>not.</em></strong></span> 
     </span>
     <span class='ocr_line' id='line_1_89' title="bbox 149 5103 280 5154; baseline -0.008 0"><span class='ocrx_word' id='word_1_660' title='bbox 149 5103 280 5154; x_wconf 53' lang='lat'><strong><em>5.30.</em></strong></span> 
     </span>
    </p>
   </div>
   <div class='ocr_carea' id='block_1_88' title="bbox 48 5125 280 5177">
    <p class='ocr_par' dir='ltr' id='par_1_88' title="bbox 48 5125 280 5177">
     <span class='ocr_line' id='line_1_90' title="bbox 48 5125 280 5177; baseline 0 0"><span class='ocrx_word' id='word_1_661' title='bbox 48 5125 103 5177; x_wconf 77' lang='lat' dir='ltr'><strong><em>P~</em></strong></span> <span class='ocrx_word' id='word_1_662' title='bbox 149 5125 280 5177; x_wconf 51' lang='lat'><strong><em>&#39;79&quot;:</em></strong></span> 
     </span>
    </p>
   </div>
   <div class='ocr_carea' id='block_1_89' title="bbox 125 5162 1636 5243">
    <p class='ocr_par' dir='ltr' id='par_1_89' title="bbox 125 5162 1636 5243">
     <span class='ocr_line' id='line_1_91' title="bbox 125 5162 1636 5243; baseline -0.009 -16"><span class='ocrx_word' id='word_1_663' title='bbox 125 5176 212 5243; x_wconf 76' lang='lat'><strong><em>(3)</em></strong></span> <span class='ocrx_word' id='word_1_664' title='bbox 242 5170 722 5243; x_wconf 13' lang='lat' dir='ltr'><strong><em>rﬂepleedrnwc.</em></strong></span> <span class='ocrx_word' id='word_1_665' title='bbox 763 5166 919 5220; x_wconf 84' lang='lat' dir='ltr'><strong><em>Colb.</em></strong></span> <span class='ocrx_word' id='word_1_666' title='bbox 963 5166 997 5217; x_wconf 83' lang='grc'><strong>5</strong></span> <span class='ocrx_word' id='word_1_667' title='bbox 1055 5165 1203 5220; x_wconf 88' lang='lat' dir='ltr'><strong><em>addit</em></strong></span> <span class='ocrx_word' id='word_1_668' title='bbox 1260 5162 1505 5236; x_wconf 80' lang='grc' dir='ltr'>μαθητὴν</span> <span class='ocrx_word' id='word_1_669' title='bbox 1549 5164 1636 5215; x_wconf 76' lang='grc' dir='ltr'><strong><em>αὺ-</em></strong></span> 
     </span>
    </p>
   </div>
   <div class='ocr_carea' id='block_1_90' title="bbox 43 5242 748 5307">
    <p class='ocr_par' dir='ltr' id='par_1_90' title="bbox 43 5242 748 5307">
     <span class='ocr_line' id='line_1_92' title="bbox 43 5242 748 5307; baseline -0.013 -7"><span class='ocrx_word' id='word_1_670' title='bbox 43 5246 175 5299; x_wconf 71' lang='grc' dir='ltr'>τοῦ.</span> <span class='ocrx_word' id='word_1_671' title='bbox 215 5242 531 5307; x_wconf 79' lang='lat' dir='ltr'><strong><em>discipulum</em></strong></span> <span class='ocrx_word' id='word_1_672' title='bbox 573 5256 748 5294; x_wconf 85' lang='lat' dir='ltr'><strong><em>suum.</em></strong></span> 
     </span>
    </p>
   </div>
   <div class='ocr_carea' id='block_1_91' title="bbox 121 5304 1637 5381">
    <p class='ocr_par' dir='ltr' id='par_1_91' title="bbox 121 5304 1637 5381">
     <span class='ocr_line' id='line_1_93' title="bbox 121 5304 1637 5381; baseline -0.005 -16"><span class='ocrx_word' id='word_1_673' title='bbox 121 5313 210 5381; x_wconf 70' lang='grc'>(4)</span> <span class='ocrx_word' id='word_1_674' title='bbox 258 5304 637 5381; x_wconf 16' lang='grc' dir='ltr'>Τηλικεύτωνί</span> <span class='ocrx_word' id='word_1_675' title='bbox 700 5307 1023 5377; x_wconf 80' lang='grc' dir='ltr'>ζητήσεων.</span> <span class='ocrx_word' id='word_1_676' title='bbox 1086 5305 1245 5376; x_wconf 83' lang='lat' dir='ltr'><strong><em>Apud</em></strong></span> <span class='ocrx_word' id='word_1_677' title='bbox 1294 5304 1531 5359; x_wconf 84' lang='lat' dir='ltr'><strong><em>Montac.</em></strong></span> <span class='ocrx_word' id='word_1_678' title='bbox 1583 5312 1637 5359; x_wconf 91' lang='lat' dir='ltr'><strong><em>et</em></strong></span> 
     </span>
    </p>
   </div>
   <div class='ocr_carea' id='block_1_92' title="bbox 46 5380 780 5449">
    <p class='ocr_par' dir='ltr' id='par_1_92' title="bbox 46 5380 780 5449">
     <span class='ocr_line' id='line_1_94' title="bbox 46 5380 780 5449; baseline -0.011 -11"><span class='ocrx_word' id='word_1_679' title='bbox 46 5380 253 5438; x_wconf 75' lang='lat' dir='ltr'><strong><em>Morel.</em></strong></span> <span class='ocrx_word' id='word_1_680' title='bbox 297 5380 579 5449; x_wconf 79' lang='grc' dir='ltr'>ζητήσεων</span> <span class='ocrx_word' id='word_1_681' title='bbox 609 5380 780 5433; x_wconf 81' lang='lat' dir='ltr'><strong><em>deest.</em></strong></span> 
     </span>
    </p>
   </div>
   <div class='ocr_carea' id='block_1_93' title="bbox 122 5444 1636 5523">
    <p class='ocr_par' dir='ltr' id='par_1_93' title="bbox 122 5444 1636 5523">
     <span class='ocr_line' id='line_1_95' title="bbox 122 5444 1636 5523; baseline -0.006 -18"><span class='ocrx_word' id='word_1_682' title='bbox 122 5452 209 5523; x_wconf 77' lang='grc'><strong><em>(5)</em></strong></span> <span class='ocrx_word' id='word_1_683' title='bbox 256 5444 392 5516; x_wconf 83' lang='grc' dir='ltr'>Ταῗς</span> <span class='ocrx_word' id='word_1_684' title='bbox 420 5444 746 5519; x_wconf 66' lang='grc' dir='ltr'>ἀκριϐέσιν.</span> <span class='ocrx_word' id='word_1_685' title='bbox 794 5448 918 5502; x_wconf 85' lang='lat' dir='ltr'><strong><em>Par.</em></strong></span> <span class='ocrx_word' id='word_1_686' title='bbox 971 5464 1010 5511; x_wconf 87' lang='lat' dir='ltr'><strong><em>I,</em></strong></span> <span class='ocrx_word' id='word_1_687' title='bbox 1052 5449 1170 5509; x_wconf 89' lang='grc' dir='ltr'>ταῖς</span> <span class='ocrx_word' id='word_1_688' title='bbox 1216 5444 1490 5508; x_wconf 77' lang='grc' dir='ltr'>ἀσεϐέσιν,</span> <span class='ocrx_word' id='word_1_689' title='bbox 1546 5460 1636 5509; x_wconf 87' lang='lat' dir='ltr'><strong><em>per</em></strong></span> 
     </span>
    </p>
   </div>
   <div class='ocr_carea' id='block_1_94' title="bbox 44 5538 276 5576">
    <p class='ocr_par' dir='ltr' id='par_1_94' title="bbox 44 5538 276 5576">
     <span class='ocr_line' id='line_1_96' title="bbox 44 5538 276 5576; baseline -0.013 0"><span class='ocrx_word' id='word_1_690' title='bbox 44 5538 276 5576; x_wconf 69' lang='lat' dir='ltr'><strong><em>animas.</em></strong></span> 
     </span>
    </p>
   </div>
   <div class='ocr_carea' id='block_1_95' title="bbox 126 5540 1263 5657">
    <p class='ocr_par' dir='ltr' id='par_1_95' title="bbox 126 5540 1263 5657">
     <span class='ocr_line' id='line_1_97' title="bbox 126 5540 1263 5657; baseline -0.006 -12"><span class='ocrx_word' id='word_1_691' title='bbox 126 5540 675 5657; x_wconf 53' lang='grc' dir='ltr'>ῗϐῗδ⁹.Υποϐἀ.1ηται.</span> <span class='ocrx_word' id='word_1_692' title='bbox 705 5587 834 5657; x_wconf 83' lang='lat' dir='ltr'><strong><em>Reg.</em></strong></span> <span class='ocrx_word' id='word_1_693' title='bbox 867 5576 1263 5657; x_wconf 43' lang='grc' dir='ltr'>ὑποϐἀλ-λ-ηταιξ</span> 
     </span>
    </p>
   </div>
   <div class='ocr_carea' id='block_1_96' title="bbox 126 5597 1632 5733">
    <p class='ocr_par' dir='ltr' id='par_1_96' title="bbox 126 5597 1632 5733">
     <span class='ocr_line' id='line_1_98' title="bbox 157 5597 1255 5657; baseline -0.006 -12"><span class='ocrx_word' id='word_1_694' title='bbox 157 5597 212 5651; x_wconf 85' lang='lat'><strong><em>6)</em></strong></span> <span class='ocrx_word' id='word_1_695' title='bbox 253 5597 675 5655; x_wconf 73' lang='grc' dir='ltr'>’Υποόά.1ηται.</span> <span class='ocrx_word' id='word_1_696' title='bbox 705 5597 834 5657; x_wconf 66' lang='lat' dir='ltr'><strong><em>“eg.</em></strong></span> <span class='ocrx_word' id='word_1_697' title='bbox 867 5597 1255 5652; x_wconf 77' lang='grc' dir='ltr'>ὑποϐὰλληται.</span> 
     </span>
     <span class='ocr_line' id='line_1_99' title="bbox 126 5597 1632 5733; baseline -0.006 -20"><span class='ocrx_word' id='word_1_698' title='bbox 126 5597 213 5733; x_wconf 55' lang='grc' dir='ltr'><strong><em>ἒἹ)</em></strong></span> <span class='ocrx_word' id='word_1_699' title='bbox 248 5660 359 5733; x_wconf 76' lang='grc' dir='ltr'><strong><em>Τοῦ</em></strong></span> <span class='ocrx_word' id='word_1_700' title='bbox 380 5662 729 5733; x_wconf 74' lang='grc' dir='ltr'>Κρείττονος</span> <span class='ocrx_word' id='word_1_701' title='bbox 762 5660 1030 5733; x_wconf 46' lang='grc' dir='ltr'>ἡφύσις.</span> <span class='ocrx_word' id='word_1_702' title='bbox 1056 5654 1632 5733; x_wconf 33' lang='grc' dir='ltr'>μείὶρνὶἰξμργσδιαιια</span> 
     </span>
    </p>
   </div>
   <div class='ocr_carea' id='block_1_97' title="bbox 46 5725 1632 5800">
    <p class='ocr_par' dir='ltr' id='par_1_97' title="bbox 46 5725 1632 5800">
     <span class='ocr_line' id='line_1_100' title="bbox 46 5725 1632 5800; baseline -0.009 -8"><span class='ocrx_word' id='word_1_703' title='bbox 46 5725 243 5793; x_wconf 70' lang='lat' dir='ltr'><strong><em>tiaris,</em></strong></span> <span class='ocrx_word' id='word_1_704' title='bbox 276 5725 530 5800; x_wconf 80' lang='lat' dir='ltr'><strong><em>dignioris</em></strong></span> <span class='ocrx_word' id='word_1_705' title='bbox 562 5725 1230 5800; x_wconf 68' lang='lat' dir='ltr'><strong><em>natura.Vertttn,inquit</em></strong></span> <span class='ocrx_word' id='word_1_706' title='bbox 1264 5726 1378 5777; x_wconf 85' lang='lat' dir='ltr'><strong><em>Bill.</em></strong></span> <span class='ocrx_word' id='word_1_707' title='bbox 1402 5767 1414 5787; x_wconf 94' lang='lat'><strong><em>,</em></strong></span> <span class='ocrx_word' id='word_1_708' title='bbox 1444 5726 1547 5780; x_wconf 80' lang='lat' dir='ltr'><strong><em>hoc.</em></strong></span> <span class='ocrx_word' id='word_1_709' title='bbox 1579 5725 1632 5778; x_wconf 87' lang='lat' dir='ltr'><strong><em>in</em></strong></span> 
     </span>
    </p>
   </div>
   <div class='ocr_carea' id='block_1_98' title="bbox 44 5798 1632 5873">
    <p class='ocr_par' dir='ltr' id='par_1_98' title="bbox 44 5798 1632 5873">
     <span class='ocr_line' id='line_1_101' title="bbox 44 5798 1632 5873; baseline -0.008 -12"><span class='ocrx_word' id='word_1_710' title='bbox 44 5808 188 5863; x_wconf 75' lang='lat' dir='ltr'><strong><em>loco</em></strong></span> <span class='ocrx_word' id='word_1_711' title='bbox 214 5801 305 5855; x_wconf 82' lang='grc' dir='ltr'>τοῦ</span> <span class='ocrx_word' id='word_1_712' title='bbox 336 5798 652 5873; x_wconf 78' lang='grc' dir='ltr'>Κρείττονος</span> <span class='ocrx_word' id='word_1_713' title='bbox 686 5801 903 5855; x_wconf 85' lang='lat' dir='ltr'><strong><em>nomine</em></strong></span> <span class='ocrx_word' id='word_1_714' title='bbox 944 5798 1282 5852; x_wconf 79' lang='lat' dir='ltr'><strong><em>divinitatem</em></strong></span> <span class='ocrx_word' id='word_1_715' title='bbox 1317 5811 1632 5871; x_wconf 72' lang='lat' dir='ltr'><strong><em>summum-</em></strong></span> 
     </span>
    </p>
   </div>
   <div class='ocr_carea' id='block_1_99' title="bbox 1751 4475 3321 4546">
    <p class='ocr_par' dir='ltr' id='par_1_99' title="bbox 1751 4475 3321 4546">
     <span class='ocr_line' id='line_1_102' title="bbox 1751 4475 3321 4546; baseline 0 -16"><span class='ocrx_word' id='word_1_716' title='bbox 1751 4477 2030 4545; x_wconf 90' lang='lat' dir='ltr'><strong><em>quomodo</em></strong></span> <span class='ocrx_word' id='word_1_717' title='bbox 2059 4476 2307 4531; x_wconf 83' lang='lat' dir='ltr'><strong><em>divinum</em></strong></span> <span class='ocrx_word' id='word_1_718' title='bbox 2339 4492 2546 4533; x_wconf 90' lang='lat' dir='ltr'><strong><em>numen</em></strong></span> <span class='ocrx_word' id='word_1_719' title='bbox 2592 4475 2771 4546; x_wconf 87' lang='lat' dir='ltr'><strong><em>accipi</em></strong></span> <span class='ocrx_word' id='word_1_720' title='bbox 2822 4475 3035 4539; x_wconf 89' lang='lat' dir='ltr'><strong><em>debeat,</em></strong></span> <span class='ocrx_word' id='word_1_721' title='bbox 3074 4491 3321 4546; x_wconf 86' lang='lat' dir='ltr'><strong><em>expona-</em></strong></span> 
     </span>
    </p>
   </div>
   <div class='ocr_carea' id='block_1_100' title="bbox 1749 4567 3319 4640">
    <p class='ocr_par' dir='ltr' id='par_1_100' title="bbox 1749 4567 3319 4640">
     <span class='ocr_line' id='line_1_103' title="bbox 1749 4567 3319 4640; baseline 0.001 -19"><span class='ocrx_word' id='word_1_722' title='bbox 1749 4584 1893 4630; x_wconf 87' lang='lat' dir='ltr'><strong><em>mus,</em></strong></span> <span class='ocrx_word' id='word_1_723' title='bbox 1921 4569 2228 4639; x_wconf 87' lang='lat' dir='ltr'><strong><em>simplexne</em></strong></span> <span class='ocrx_word' id='word_1_724' title='bbox 2259 4584 2328 4624; x_wconf 89' lang='lat' dir='ltr'><strong><em>an</em></strong></span> <span class='ocrx_word' id='word_1_725' title='bbox 2362 4569 2586 4639; x_wconf 85' lang='lat' dir='ltr'><strong><em>triplex.</em></strong></span> <span class='ocrx_word' id='word_1_726' title='bbox 2624 4567 2717 4623; x_wconf 88' lang='lat' dir='ltr'><strong><em>Sic</em></strong></span> <span class='ocrx_word' id='word_1_727' title='bbox 2746 4568 2892 4623; x_wconf 90' lang='lat' dir='ltr'><strong><em>enim</em></strong></span> <span class='ocrx_word' id='word_1_728' title='bbox 2942 4570 3042 4624; x_wconf 82' lang='lat' dir='ltr'><strong><em>nos</em></strong></span> <span class='ocrx_word' id='word_1_729' title='bbox 3074 4579 3129 4623; x_wconf 92' lang='lat' dir='ltr'><strong><em>et</em></strong></span> <span class='ocrx_word' id='word_1_730' title='bbox 3169 4571 3319 4640; x_wconf 90' lang='lat' dir='ltr'><strong><em>loqui</em></strong></span> 
     </span>
    </p>
   </div>
   <div class='ocr_carea' id='block_1_101' title="bbox 1748 4660 3321 4732">
    <p class='ocr_par' dir='ltr' id='par_1_101' title="bbox 1748 4660 3321 4732">
     <span class='ocr_line' id='line_1_104' title="bbox 1748 4660 3321 4732; baseline 0.002 -16"><span class='ocrx_word' id='word_1_731' title='bbox 1748 4668 1800 4716; x_wconf 91' lang='lat' dir='ltr'><strong><em>et</em></strong></span> <span class='ocrx_word' id='word_1_732' title='bbox 1835 4660 2066 4716; x_wconf 86' lang='lat' dir='ltr'><strong><em>credere</em></strong></span> <span class='ocrx_word' id='word_1_733' title='bbox 2099 4661 2385 4716; x_wconf 87' lang='lat' dir='ltr'><strong><em>nominum</em></strong></span> <span class='ocrx_word' id='word_1_734' title='bbox 2418 4661 2595 4716; x_wconf 90' lang='lat' dir='ltr'><strong><em>ternio</em></strong></span> <span class='ocrx_word' id='word_1_735' title='bbox 2624 4660 2788 4732; x_wconf 89' lang='lat' dir='ltr'><strong><em>cogit,</em></strong></span> <span class='ocrx_word' id='word_1_736' title='bbox 2830 4668 2993 4731; x_wconf 87' lang='lat' dir='ltr'><strong><em>atque</em></strong></span> <span class='ocrx_word' id='word_1_737' title='bbox 3035 4661 3124 4717; x_wconf 89' lang='lat' dir='ltr'><strong><em>his</em></strong></span> <span class='ocrx_word' id='word_1_738' title='bbox 3160 4664 3321 4721; x_wconf 83' lang='lat' dir='ltr'><strong><em>abusi</em></strong></span> 
     </span>
    </p>
   </div>
   <div class='ocr_carea' id='block_1_102' title="bbox 1748 4752 3321 4824">
    <p class='ocr_par' dir='ltr' id='par_1_102' title="bbox 1748 4752 3321 4824">
     <span class='ocr_line' id='line_1_105' title="bbox 1748 4752 3321 4824; baseline 0.003 -18"><span class='ocrx_word' id='word_1_739' title='bbox 1748 4753 1999 4808; x_wconf 86' lang='lat' dir='ltr'><strong><em>nonnulli</em></strong></span> <span class='ocrx_word' id='word_1_740' title='bbox 2037 4753 2292 4809; x_wconf 83' lang='lat' dir='ltr'><strong><em>homines</em></strong></span> <span class='ocrx_word' id='word_1_741' title='bbox 2319 4753 2535 4808; x_wconf 89' lang='lat' dir='ltr'><strong><em>inﬁrma</em></strong></span> <span class='ocrx_word' id='word_1_742' title='bbox 2566 4753 2836 4824; x_wconf 89' lang='lat' dir='ltr'><strong><em>planeque</em></strong></span> <span class='ocrx_word' id='word_1_743' title='bbox 2857 4752 3085 4808; x_wconf 88' lang='lat' dir='ltr'><strong><em>rancida</em></strong></span> <span class='ocrx_word' id='word_1_744' title='bbox 3129 4765 3183 4809; x_wconf 89' lang='lat' dir='ltr'><strong><em>et</em></strong></span> <span class='ocrx_word' id='word_1_745' title='bbox 3216 4756 3321 4810; x_wconf 87' lang='lat' dir='ltr'><strong><em>ob-</em></strong></span> 
     </span>
    </p>
   </div>
   <div class='ocr_carea' id='block_1_103' title="bbox 1740 4951 3316 5022">
    <p class='ocr_par' dir='ltr' id='par_1_103' title="bbox 1740 4951 3316 5022">
     <span class='ocr_line' id='line_1_106' title="bbox 1740 4951 3316 5022; baseline -0.001 -17"><span class='ocrx_word' id='word_1_746' title='bbox 1740 4967 1847 5022; x_wconf 91' lang='lat' dir='ltr'><strong><em>que</em></strong></span> <span class='ocrx_word' id='word_1_747' title='bbox 1884 4967 2084 5006; x_wconf 90' lang='lat' dir='ltr'><strong><em>numen</em></strong></span> <span class='ocrx_word' id='word_1_748' title='bbox 2127 4951 2419 5021; x_wconf 86' lang='lat' dir='ltr'><strong><em>signiﬁcat.</em></strong></span> <span class='ocrx_word' id='word_1_749' title='bbox 2454 4952 2863 5020; x_wconf 86' lang='lat' dir='ltr'><strong><em>principemque</em></strong></span> <span class='ocrx_word' id='word_1_750' title='bbox 2906 4951 3316 5022; x_wconf 18' lang='lat' dir='ltr'><strong><em>ethprimariam</em></strong></span> 
     </span>
    </p>
   </div>
   <div class='ocr_carea' id='block_1_104' title="bbox 1740 5020 3321 5091">
    <p class='ocr_par' dir='ltr' id='par_1_104' title="bbox 1740 5020 3321 5091">
     <span class='ocr_line' id='line_1_107' title="bbox 1740 5020 3321 5091; baseline -0.002 -15"><span class='ocrx_word' id='word_1_751' title='bbox 1740 5020 2056 5081; x_wconf 84' lang='lat' dir='ltr'><strong><em>essentiam.</em></strong></span> <span class='ocrx_word' id='word_1_752' title='bbox 2096 5020 2556 5091; x_wconf 87' lang='lat' dir='ltr'><strong><em>quemadmodum</em></strong></span> <span class='ocrx_word' id='word_1_753' title='bbox 2596 5022 2871 5091; x_wconf 86' lang='lat' dir='ltr'><strong><em>plerisque</em></strong></span> <span class='ocrx_word' id='word_1_754' title='bbox 2901 5020 3026 5074; x_wconf 87' lang='lat' dir='ltr'><strong><em>aliis</em></strong></span> <span class='ocrx_word' id='word_1_755' title='bbox 3052 5021 3187 5075; x_wconf 77' lang='lat' dir='ltr'><strong><em>locis</em></strong></span> <span class='ocrx_word' id='word_1_756' title='bbox 3218 5020 3321 5074; x_wconf 80' lang='lat' dir='ltr'><strong><em>hu-</em></strong></span> 
     </span>
    </p>
   </div>
   <div class='ocr_carea' id='block_1_105' title="bbox 1736 5092 2147 5161">
    <p class='ocr_par' dir='ltr' id='par_1_105' title="bbox 1736 5092 2147 5161">
     <span class='ocr_line' id='line_1_108' title="bbox 1736 5092 2147 5161; baseline 0.002 -16"><span class='ocrx_word' id='word_1_757' title='bbox 1736 5092 1829 5161; x_wconf 90' lang='lat' dir='ltr'><strong><em>jus</em></strong></span> <span class='ocrx_word' id='word_1_758' title='bbox 1858 5099 2147 5146; x_wconf 87' lang='lat' dir='ltr'><strong><em>tractatus.</em></strong></span> 
     </span>
    </p>
   </div>
   <div class='ocr_carea' id='block_1_106' title="bbox 1814 5160 3318 5231">
    <p class='ocr_par' dir='ltr' id='par_1_106' title="bbox 1814 5160 3318 5231">
     <span class='ocr_line' id='line_1_109' title="bbox 1814 5160 3318 5231; baseline -0.003 -14"><span class='ocrx_word' id='word_1_759' title='bbox 1814 5163 1892 5231; x_wconf 84' lang='lat'><strong><em>(8)</em></strong></span> <span class='ocrx_word' id='word_1_760' title='bbox 1927 5160 2175 5229; x_wconf 76' lang='grc' dir='ltr'>Περιττὴ</span> <span class='ocrx_word' id='word_1_761' title='bbox 2222 5160 2339 5215; x_wconf 83' lang='grc' dir='ltr'>τῶν</span> <span class='ocrx_word' id='word_1_762' title='bbox 2389 5160 2695 5229; x_wconf 80' lang='grc' dir='ltr'>ὀνομάτων</span> <span class='ocrx_word' id='word_1_763' title='bbox 2738 5163 2776 5228; x_wconf 74' lang='grc' dir='ltr'>ἡ</span> <span class='ocrx_word' id='word_1_764' title='bbox 2826 5160 3015 5224; x_wconf 82' lang='grc' dir='ltr'>θέσις.</span> <span class='ocrx_word' id='word_1_765' title='bbox 3055 5160 3318 5231; x_wconf 48' lang='lat' dir='ltr'><strong><em>superva-</em></strong></span> 
     </span>
    </p>
   </div>
   <div class='ocr_carea' id='block_1_107' title="bbox 1741 5228 3319 5299">
    <p class='ocr_par' dir='ltr' id='par_1_107' title="bbox 1741 5228 3319 5299">
     <span class='ocr_line' id='line_1_110' title="bbox 1741 5228 3319 5299; baseline -0.001 -14"><span class='ocrx_word' id='word_1_766' title='bbox 1741 5228 1905 5286; x_wconf 77' lang='lat' dir='ltr'><strong><em>cauea</em></strong></span> <span class='ocrx_word' id='word_1_767' title='bbox 1954 5234 2114 5299; x_wconf 70' lang='lat' dir='ltr'><strong><em>fuerit</em></strong></span> <span class='ocrx_word' id='word_1_768' title='bbox 2165 5228 2457 5293; x_wconf 76' lang='lat' dir='ltr'><strong><em>nominum,</em></strong></span> <span class='ocrx_word' id='word_1_769' title='bbox 2494 5228 2679 5285; x_wconf 81' lang='lat' dir='ltr'><strong><em>Patris</em></strong></span> <span class='ocrx_word' id='word_1_770' title='bbox 2725 5232 2925 5286; x_wconf 75' lang='lat' dir='ltr'><strong><em>scilicet</em></strong></span> <span class='ocrx_word' id='word_1_771' title='bbox 2969 5238 3019 5282; x_wconf 85' lang='lat' dir='ltr'><strong><em>et</em></strong></span> <span class='ocrx_word' id='word_1_772' title='bbox 3074 5228 3208 5284; x_wconf 84' lang='lat' dir='ltr'><strong><em>Filii</em></strong></span> <span class='ocrx_word' id='word_1_773' title='bbox 3255 5248 3319 5284; x_wconf 84' lang='lat' dir='ltr'><strong><em>ac</em></strong></span> 
     </span>
    </p>
   </div>
   <div class='ocr_carea' id='block_1_108' title="bbox 1744 5302 2521 5371">
    <p class='ocr_par' dir='ltr' id='par_1_108' title="bbox 1744 5302 2521 5371">
     <span class='ocr_line' id='line_1_111' title="bbox 1744 5302 2521 5371; baseline -0.003 -14"><span class='ocrx_word' id='word_1_774' title='bbox 1744 5302 1975 5371; x_wconf 84' lang='lat' dir='ltr'><strong><em>Spiritus</em></strong></span> <span class='ocrx_word' id='word_1_775' title='bbox 2002 5302 2173 5354; x_wconf 84' lang='lat' dir='ltr'><strong><em>sancti</em></strong></span> <span class='ocrx_word' id='word_1_776' title='bbox 2194 5304 2521 5355; x_wconf 82' lang='lat' dir='ltr'><strong><em>constitutio.</em></strong></span> 
     </span>
    </p>
   </div>
   <div class='ocr_carea' id='block_1_109' title="bbox 1807 5368 2955 5441">
    <p class='ocr_par' dir='ltr' id='par_1_109' title="bbox 1807 5368 2955 5441">
     <span class='ocr_line' id='line_1_112' title="bbox 1807 5368 2955 5441; baseline 0.001 -15"><span class='ocrx_word' id='word_1_777' title='bbox 1807 5374 1884 5439; x_wconf 87' lang='lat'><strong><em>(9)</em></strong></span> <span class='ocrx_word' id='word_1_778' title='bbox 1924 5371 2333 5441; x_wconf 82' lang='grc' dir='ltr'>Τὸμονοειδὲς.</span> <span class='ocrx_word' id='word_1_779' title='bbox 2390 5372 2549 5425; x_wconf 87' lang='lat' dir='ltr'><strong><em>Bill.:</em></strong></span> <span class='ocrx_word' id='word_1_780' title='bbox 2586 5368 2955 5441; x_wconf 76' lang='lat' dir='ltr'><strong><em>Uniforntitas.</em></strong></span> 
     </span>
    </p>
   </div>
   <div class='ocr_carea' id='block_1_110' title="bbox 1810 5439 3318 5511">
    <p class='ocr_par' dir='ltr' id='par_1_110' title="bbox 1810 5439 3318 5511">
     <span class='ocr_line' id='line_1_113' title="bbox 1810 5439 3318 5511; baseline -0.003 -15"><span class='ocrx_word' id='word_1_781' title='bbox 1810 5443 1921 5509; x_wconf 85' lang='grc'>(10)</span> <span class='ocrx_word' id='word_1_782' title='bbox 1954 5439 2311 5503; x_wconf 76' lang='grc' dir='ltr'>Θὶασευέτω,</span> <span class='ocrx_word' id='word_1_783' title='bbox 2355 5442 2533 5511; x_wconf 88' lang='lat' dir='ltr'><strong><em>inquit</em></strong></span> <span class='ocrx_word' id='word_1_784' title='bbox 2568 5440 2835 5503; x_wconf 86' lang='lat' dir='ltr'><strong><em>Combef..</em></strong></span> <span class='ocrx_word' id='word_1_785' title='bbox 2870 5440 3026 5511; x_wconf 86' lang='lat' dir='ltr'><strong><em>quasi</em></strong></span> <span class='ocrx_word' id='word_1_786' title='bbox 3042 5455 3139 5511; x_wconf 89' lang='lat' dir='ltr'><strong><em>pro</em></strong></span> <span class='ocrx_word' id='word_1_787' title='bbox 3161 5439 3318 5511; x_wconf 72' lang='grc' dir='ltr'>ἐξαρ-</span> 
     </span>
    </p>
   </div>
   <div class='ocr_carea' id='block_1_111' title="bbox 1740 5511 3034 5582">
    <p class='ocr_par' dir='ltr' id='par_1_111' title="bbox 1740 5511 3034 5582">
     <span class='ocr_line' id='line_1_114' title="bbox 1740 5511 3034 5582; baseline 0 -17"><span class='ocrx_word' id='word_1_788' title='bbox 1740 5512 1902 5582; x_wconf 79' lang='grc' dir='ltr'>χὲτω,</span> <span class='ocrx_word' id='word_1_789' title='bbox 1946 5511 2145 5567; x_wconf 75' lang='lat' dir='ltr'><strong><em>Budan</em></strong></span> <span class='ocrx_word' id='word_1_790' title='bbox 2185 5523 2410 5566; x_wconf 89' lang='lat' dir='ltr'><strong><em>auctore</em></strong></span> <span class='ocrx_word' id='word_1_791' title='bbox 2440 5513 2734 5582; x_wconf 71' lang='lat' dir='ltr'><strong><em>pompatico</em></strong></span> <span class='ocrx_word' id='word_1_792' title='bbox 2762 5514 3034 5582; x_wconf 83' lang='lat' dir='ltr'><strong><em>procedat.</em></strong></span> 
     </span>
    </p>
   </div>
   <div class='ocr_carea' id='block_1_112' title="bbox 1811 5578 3313 5649">
    <p class='ocr_par' dir='ltr' id='par_1_112' title="bbox 1811 5578 3313 5649">
     <span class='ocr_line' id='line_1_115' title="bbox 1811 5578 3313 5649; baseline -0.001 -13"><span class='ocrx_word' id='word_1_793' title='bbox 1811 5583 1920 5649; x_wconf 81' lang='grc'><strong>(11)</strong></span> <span class='ocrx_word' id='word_1_794' title='bbox 1960 5585 2191 5645; x_wconf 76' lang='grc' dir='ltr'>Τούτοις</span> <span class='ocrx_word' id='word_1_795' title='bbox 2236 5578 2771 5649; x_wconf 47' lang='grc' dir='ltr'>ἀποχρησάμενοίί</span> <span class='ocrx_word' id='word_1_796' title='bbox 2797 5580 3089 5637; x_wconf 81' lang='lat' dir='ltr'><strong><em>Sabelliani</em></strong></span> <span class='ocrx_word' id='word_1_797' title='bbox 3122 5578 3313 5636; x_wconf 76' lang='lat' dir='ltr'><strong><em>videli—</em></strong></span> 
     </span>
    </p>
   </div>
   <div class='ocr_carea' id='block_1_113' title="bbox 1739 5649 3311 5721">
    <p class='ocr_par' dir='ltr' id='par_1_113' title="bbox 1739 5649 3311 5721">
     <span class='ocr_line' id='line_1_116' title="bbox 1739 5649 3311 5721; baseline 0 -14"><span class='ocrx_word' id='word_1_798' title='bbox 1739 5664 1856 5710; x_wconf 85' lang='lat' dir='ltr'><strong><em>cet.</em></strong></span> <span class='ocrx_word' id='word_1_799' title='bbox 1895 5654 2069 5721; x_wconf 80' lang='lat' dir='ltr'><strong><em>inquit</em></strong></span> <span class='ocrx_word' id='word_1_800' title='bbox 2111 5654 2267 5713; x_wconf 83' lang='lat' dir='ltr'><strong><em>Bill.,</em></strong></span> <span class='ocrx_word' id='word_1_801' title='bbox 2303 5654 2396 5721; x_wconf 90' lang='lat' dir='ltr'><strong><em>qui</em></strong></span> <span class='ocrx_word' id='word_1_802' title='bbox 2445 5654 2515 5705; x_wconf 84' lang='lat' dir='ltr'><strong><em>ob</em></strong></span> <span class='ocrx_word' id='word_1_803' title='bbox 2550 5653 2691 5705; x_wconf 86' lang='lat' dir='ltr'><strong><em>hanc</em></strong></span> <span class='ocrx_word' id='word_1_804' title='bbox 2726 5666 2950 5715; x_wconf 82' lang='lat' dir='ltr'><strong><em>causam</em></strong></span> <span class='ocrx_word' id='word_1_805' title='bbox 3001 5649 3311 5708; x_wconf 70' lang='lat' dir='ltr'><strong><em>divinitatis</em></strong></span> 
     </span>
    </p>
   </div>
   <div class='ocr_carea' id='block_1_114' title="bbox 1739 5724 2545 5779">
    <p class='ocr_par' dir='ltr' id='par_1_114' title="bbox 1739 5724 2545 5779">
     <span class='ocr_line' id='line_1_117' title="bbox 1739 5724 2545 5779; baseline -0.002 -1"><span class='ocrx_word' id='word_1_806' title='bbox 1739 5730 2167 5778; x_wconf 77' lang='lat' dir='ltr'><strong><em>contractionem</em></strong></span> <span class='ocrx_word' id='word_1_807' title='bbox 2207 5724 2545 5779; x_wconf 76' lang='lat' dir='ltr'><strong><em>invexcrunt.</em></strong></span> 
     </span>
    </p>
   </div>
  </div>
