3822 6402
48 305 221 367 1333
1240 323 1621 380 EPISTOLAE.
1653 360 1718 368 -—
1757 330 1969 388 EPIST.
2029 333 2217 394 XXVI.
3211 341 3354 402 “('6

44 434 276 500 ἀνάξια
309 439 620 494 παντάπασι
671 438 778 491 τῶν
826 439 984 494 θείων
1030 443 1149 505 ταῖς
1193 443 1403 498 ἑαυτῶν
1446 447 1619 500 ὲννοία

1779 473 1898 511 nem
1932 461 2246 515 necessario
2278 478 2379 518 nos
2417 463 2741 533 proveliens.
2773 463 2974 520 Verum
3008 463 3230 534 quidam
3267 480 3362 520 es-

44 525 408 594 δοξάζουσιν.

1779 550 2012 604 sentiam
2049 552 2209 607 simul
2245 568 2369 608 cum
2413 556 2730 612 nominibus
2762 571 2952 613 crasse
2989 555 3160 611 dividi
3193 564 3359 626 atque

1777 639 2040 710 distingui
2065 642 2466 714 existimantes,
2497 645 2718 718 indigna
2746 661 2976 718 prorsus
3011 646 3176 702 rebus
3214 646 3358 702 divi-

1779 733 1861 784 uis
1897 731 1952 785 in
1984 733 2183 787 animis
2216 735 2330 789 suis
2357 738 2618 792 sentiunt.

1848 821 2142 880 Sciendum
2163 835 2248 881 cst
2263 821 2526 898 deinceps
2549 830 2726 894 nobis,
2750 831 2844 901 qui
2870 832 3152 887 veritatem
3179 847 3352 904 agno-

1773 914 2004 982 scimus,
2033 917 2180 987 quod
2221 919 2406 974 divina
2438 929 2491 976 et
2526 923 2758 993 simplex
2801 923 2898 980 Dei
2929 925 3165 979 essentia
3203 925 3350 980 indi-

1773 1007 1935 1061 vidua
1975 1009 2248 1078 uniusque
2279 1009 2421 1064 modi
2453 1019 2536 1067 est
2564 1029 2577 1075 ;
2623 1020 2880 1068 cmterum
2908 1013 2973 1068 ad
3007 1015 3201 1069 salutis
3233 1016 3354 1068 aui-

1772 1115 1981 1151 marutn
2028 1110 2341 1154 nostrarum
2385 1102 2699 1170 utilitatem,
2734 1105 3082 1173 partitionem
3131 1121 3351 1176 quoque

1770 1199 1990 1259 propter
2020 1192 2415 1261 appellationes
2446 1196 2632 1250 subire
2675 1196 2913 1260 videtur,
2948 1197 3350 1268 divisionisque

1770 1282 2079 1336 necessitati
2111 1281 2332 1352 subjici,
2361 1291 2418 1337 ut
2436 1284 2548 1351 jam
2565 1299 2593 1337 a
2615 1285 2776 1340 nobis
2794 1286 3000 1341 dictum
3021 1297 3123 1341 est.
3144 1288 3348 1354 Quem-

1769 1373 2060 1427 admodum
2093 1374 2236 1428 enim
2292 1375 2495 1440 anima,
2548 1392 2671 1446 quae
2701 1377 2768 1432 de
2795 1393 2986 1432 eorum
3015 1393 3211 1449 genere
3237 1385 3345 1443 est,

1769 1478 1892 1532 quae
1940 1463 2298 1535 intelligentia
2340 1468 2741 1536 percipiuntur,
2778 1469 3036 1538 quamvis
3077 1470 3345 1524 inﬁnitam

1768 1553 2161 1625 cogitationum
2193 1556 2600 1612 multitudinem
2629 1561 2828 1629 pariat,
2863 1569 3043 1615 tamen
3071 1577 3171 1616 nec
3195 1560 3346 1631 cogi-

1769 1645 2034 1699 tationum
2077 1646 2330 1716 passione
2361 1648 2646 1716 dividitur,
2681 1667 2780 1706 nec
2827 1653 3220 1724 cogitationum
3247 1669 3343 1723 pe-

137 804 361 859 Εἱδέναι
392 806 447 859 δὲ
476 807 764 860 ἀκόλουθον
794 811 938 879 ἡμᾶς
964 811 1090 874 τοὺς
1123 812 1217 881 τῆς
1261 813 1517 884 ἀληθείας
1547 819 1666 870 ἐπι-

43 897 378 966 γνώμονας,
413 900 488 962 ὼς
529 901 830 970 ἀδιαίρετός
875 905 991 955 ἐστι
1035 906 1127 957 καὶ
1166 907 1440 978 μονοειδὴς
1469 910 1500 979 ἡ
1545 909 1664 961 θεία

43 1004 110 1037 τε
175 987 276 1040 καὶ
324 990 532 1060 ἀμερὴς
574 991 667 1042 τοῦ
716 993 1036 1062 Κρείττονος
1077 997 1263 1050 οὐσία·
1317 999 1452 1070 πρὸς
1503 999 1558 1054 δὲ
1603 1001 1664 1054 τὸ

42 1081 340 1150 χρήσιμον
379 1082 478 1152 τῆς
525 1081 796 1154 ἡμετέρας
843 1085 952 1138 τῶν
1000 1087 1186 1158 ψυχῶν
1232 1090 1522 1161 σωτηρίας,
1569 1092 1663 1144 καὶ

44 1171 392 1240 μερίζεσθαι
442 1177 561 1238 ταῖς
606 1177 921 1246 ὀνομασίαις
972 1179 1151 1242 δοκεῖ,
1205 1182 1296 1234 καὶ
1346 1183 1662 1254 διαιρέσεως

38 1264 278 1333 ἀνάγκῃ
322 1265 644 1332 ὑφίστασθαι
677 1268 816 1338 (22),
840 1265 1021 1334 καθὼς
1059 1271 1288 1345 ἔφαμεν.
1327 1276 1420 1328 Ὃν
1462 1276 1661 1346 τρόπον

38 1355 165 1446 γὰρ
201 1358 236 1425 ἡ
263 1356 408 1428 ψυχὴ
432 1360 594 1430 νοητή
626 1377 708 1424 τις
741 1362 1079 1434 ὑπάρχουσα,
1105 1369 1389 1437 νοημάτων
1418 1371 1660 1446 ἀπείρων

37 1445 393 1498 ἁποκυῖσκει
435 1447 656 1520 πλῆθος,
689 1451 837 1520 ὅμως
879 1451 999 1508 οὔτε
1057 1459 1324 1528 νοήματος
1370 1445 1659 1534 διαιρεῖται

39 1535 244 1600 πάθει,
276 1537 398 1591 οὔτε
437 1539 529 1592 τοῦ
579 1542 815 1612 πλήθοκ
844 1545 951 1598 τῶν
980 1550 1267 1618 νοημάτων
1301 1551 1446 1624 ψυχὴ
1478 1555 1565 1608 διὰ
1593 1557 1666 1611 sit”

37 1626 345 1690 φθάσαντα
396 1634 666 1703 πτωχεύει
717 1638 867 1702 ποτὲ,
915 1639 1286 1713 πλουσιωτέρα
1339 1644 1392 1698 δὲ
1437 1648 1657 1716 μᾶλλον,

37 1723 70 1790 ἦ
119 1725 436 1796 πενεστέρα
461 1727 699 1794 γίνεται⁹
730 1729 788 1780 ὃν
816 1731 1012 1800 τρόπον
1041 1732 1096 1785 δὲ
1141 1735 1233 1786 καὶ
1268 1735 1296 1786 ὀ
1326 1741 1620 1810 προφορικδ

1768 1737 1947 1803 nuria,
1970 1747 2194 1808 prepter
2212 1755 2273 1795 ea
2296 1757 2415 1811 quae
2434 1753 2856 1812 praecesserunt,
2878 1762 3114 1816 unquam
3142 1745 3343 1815 premi-

34 1816 238 1868 οὑτοσὶ
277 1817 372 1870 καὶ
405 1819 581 1882 κοινὸς
611 1817 812 1874 ἅπασιν
847 1824 974 1894 ἡμῖν
1007 1824 1184 1893 λόγος,
1213 1827 1517 1897 ἀδιαίρετος
1551 1836 1620 1902 μέ

1757 1841 1864 1894 tur,
1897 1832 2030 1902 quin
2061 1832 2228 1889 ditior
2262 1835 2462 1903 ponus,
2496 1852 2660 1900 quam
2713 1837 3007 1908 pauperior
3050 1837 3289 1892 efﬁcitur
3323 1855 3337 1892 :

38 1907 169 1959 ἐστι
209 1909 316 1979 τῆς
347 1914 858 1982 προσενεγκαμένης
887 1913 996 1986 (‘23)
1032 1916 1228 1988 ψυχῆς,
1260 1921 1354 1973 καὶ
1403 1925 1521 1986 ταῖς
1550 1924 1651 1993 ψυ-

37 2000 173 2064 χαῖς
203 1998 262 2050 δὲ
295 1998 401 2051 τῶν
427 2000 791 2072 ἀκροωμένων
823 2004 974 2057 οὐδὲν
1011 2000 1172 2076 ἦττον
1199 2010 1256 2061 ὲν
1291 2010 1474 2082 ταύτῷ
1512 2011 1645 2066 καθα

40 2088 291 2153 εσταται,
345 2092 603 2164 κάκείνης
653 2093 727 2165 μὴ
771 2097 1136 2169 χωριζόμενος
1168 2101 1279 2170 (24)
1321 2104 1414 2158 καὶ
1441 2104 1648 2170 τούτοις

37 2180 464 2254 εὑρισκόμενος,
499 2184 691 2240 ἕνωσιν
717 2187 773 2241 δὲ
805 2190 1005 2260 μᾶλλον
1034 2191 1065 2262 ἦ
1089 2192 1350 2267 διαίρεσιν
1380 2195 1558 2251 αὐτῶν
1585 2215 1646 2250 τε

37 2273 138 2324 καὶ
191 2275 305 2331 τῶν
348 2277 629 2348 ἡμετέρων
671 2281 858 2352 ψυχῶν
906 2285 1298 2357 ἐργαζόμενος·
1352 2289 1493 2344 οὕτω
1551 2309 1642 2362 μοι

36 2364 155 2416 νόει
202 2367 299 2420 καὶ
344 2368 433 2421 τὸν
490 2367 615 2424 Ῡίὸν
661 2372 754 2425 τοῦ
802 2373 1011 2445 Πατρὸς
1046 2377 1120 2447 μὴ
1161 2379 1496 2450 χωρισθέντα
1529 2380 1642 2435 πώ-

37 2473 203 2519 ποτε,
263 2459 356 2513 καὶ
401 2461 588 2515 τούτου
631 2462 688 2518 δὲ
739 2460 899 2519 πάλιν
949 2467 1010 2520 ea
1070 2469 1291 2542 Πνεῦμα
1344 2473 1406 2526 τὸ
1459 2474 1636 2538 ἅγιον,

35 2551 250 2620 ὁμοίως
278 2553 333 2608 ἐν
359 2553 435 2624 τῷ
464 2555 538 2626 νῴ
568 2557 663 2628 τὴν
686 2553 1000 2630 ἐνθύμησιν.

124 2736 220 2800 Ὠς
256 2736 362 2808 γὰρ
404 2737 504 2791 οὐκ
536 2737 648 2792 ἔστι
684 2739 884 2810 μεταξὺ
915 2741 1005 2795 νοῦ
1043 2743 1136 2797 καὶ
1164 2743 1512 2816 ἐνθυμήσεως
1538 2751 1635 2804 καὶ

33 2829 226 2899 ψυχῆς
264 2829 525 2900 διαίρεσιν
554 2829 906 2903 ὲπινοηθῆναί
959 2845 1082 2887 τινα
1109 2834 1199 2888 ταὶ
1221 2837 1430 2907 τομήν·
1461 2837 1634 2905 οὓτως

36 2919 166 2984 οῦδὲ
197 2919 292 2972 τοῦ
324 2920 476 2987 ἁγίου
508 2921 840 2992 Πνεύματος,
871 2923 964 2976 καὶ
991 2924 1084 2977 τοῦ
1113 2924 1382 2996 Σωτῆρος,
1416 2928 1509 2984 καὶ
1537 2927 1631 2981 τοῦ

37 3009 287 3080 Πατρὸς,
305 3010 363 3062 ὲν
388 3009 537 3080 μέσῳ
556 3011 780 3082 τομὴνῆ
804 3013 1067 3084 διαίρεσιν
1095 3017 1450 3088 ἐπινοηθῆναί
1475 3037 1627 3072 ποτεο

35 3098 178 3151 διότι
209 3097 319 3152 τῶν
367 3100 592 3171 νοητῶν,
633 3099 706 3166 ὡς
741 3101 969 3174 ἔφαμεν,
997 3105 1092 3158 καὶ
1130 3105 1290 3159 θείων
1323 3109 1620 3180 ἀδιαίρετος

1752 3111 2026 3182 :ogitanda
2071 3121 2157 3180 est
2203 3130 2218 3166 :

34 3192 68 3260 ἡ
113 3189 304 3261 φύσις.
347 3191 418 3245 Ἦ
451 3193 546 3246 καὶ
567 3193 626 3246 ὃν
655 3194 856 3266 τρόπον
883 3195 979 3266 οὐχ
1009 3192 1118 3250 οἷόν
1146 3215 1207 3250 τε
1243 3199 1403 3252 πάλιν
1434 3202 1635 3270 ὁμοίως

38 3283 100 3334 ἐν
133 3283 288 3353 μέσῳ
310 3283 512 3338 κύκλου
539 3285 664 3355 (~25);
690 3287 796 3341 καὶ-
813 3286 914 3356 τῆς
942 3287 1170 3350 ἀκτῖνος,
1193 3288 1464 3362 διαίρεσιν
1481 3293 1635 3366 εὑρέ-

40 3373 199 3438 σθαι,
253 3373 342 3427 διὰ
381 3375 444 3428 τὸ
476 3376 686 3440 ἀπαθὲς
735 3377 831 3430 καὶ
873 3375 1164 3448 ἀσώματον
1209 3381 1418 3436 ἁπλοῦν
1448 3395 1505 3436 τε
1539 3387 1634 3440 καὶ

37 3457 272 3537 ἀμερεῖς,
304 3465 418 3519 ἀλλ’
449 3469 481 3537 ἡ
513 3468 611 3538 μὲν
640 3470 794 3533 ἀκτὶς
827 3470 1094 3540 συνῆπται
1123 3471 1200 3543 τῷ
1235 3472 1636 3547 κύκλῳ,,τοῦ⁴μο

37 3557 222 3609 sul-tv:
241 3557 312 3612 δὲτ
339 3560 366 3611 ό
399 3558 632 3624 κύκλος,
673 3553 785 3614 οἷόν
827 3577 914 3624 τις
960 3561 1240 3633 ὀφθαλμὸς
1261 3603 1290 3630 ,ι
1322 3567 1632 3637 ποταμηδὸν

39 3651 332 3721 ἐπιχεῖ-τῷ
385 3655 556 3706 navet
583 3653 684 3718 τὰς
731 3653 954 3719 ἀκτῖνας
981 3697 996 3722 ,
1053 3657 1476 3730 κατακλυσμοὺς
1519 3659 1630 3713 ῶσ-

39 3761 148 3814 ¹περ
200 3744 354 3807 τινὰς
399 3745 576 3813 φωτὸς
619 3746 750 3816 ἡμῖν
799 3745 1194 3818 ἐργαςόμενος,
1250 3750 1354 3803 καὶ·
1403 3750 1630 3818 πελαγί-

41 3838 151 3900 (om
177 3836 391 3909 ἀθρόως
419 3837 518 3908 τὴν
537 3839 892 3911 διακόσμησιν
921 3841 1032 3911 (26)
1052 3858 1065 3872 ο
1089 3841 1230 3896 οὕτω
1250 3843 1314 3914 δὴ
1344 3844 1439 3896 καὶ
1465 3844 1630 3898 οἱονεί

37 3943 188 3992 τινες
230 3929 324 3982 τοῦ
358 3930 570 4002 Πατρδς
623 3932 838 3995 ἀκτῖνες
887 3933 1271 4005 ἀπεστάλησαν
1317 3934 1403 4004 ἐφ’
1459 3936 1627 4005 ἡμᾶς,

38 4024 66 4075 ὃ
112 4040 177 4075 τε
221 4022 504 4094 φεγγώδης
552 4023 786 4094 Ἰησοῦς,
845 4025 938 4078 καὶ
987 4025 1048 4079 τὸ
1086 4026 1310 4098 Πνεῦμα
1345 4027 1407 4080 τὺ
1449 4027 1624 4097 ἅγιον.

39 4114 260 4186 Ὠσπερ
287 4115 396 4186 γὰρ
426 4116 482 4168 αἱ
501 4114 596 4168 τοῦ
623 4116 799 4184 φωτὸς
815 4117 1034 4180 ἀκτῖνες
1059 4116 1351 4189 ἀὲμέριστον
1397 4118 1617 4190 ἔχουσαι

38 4207 186 4262 κατά
218 4207 378 4278 φύσιν
414 4208 514 4279 τὴν
545 4208 683 4279 πρὸς
725 4208 960 4279 ἀλλήλας
991 4210 1197 4280 σχέσιν,
1225 4209 1351 4264 οὔτε
1387 4212 1482 4267 τοῦ
1515 4231 1626 4283 φω-

37 4301 127 4364 τὸς
157 4298 504 4371 χωρίζονται,
538 4299 661 4353 οὕτε
687 4299 931 4371 ἀλλήλων
959 4302 1376 4373 ἀποτέμνονται,
1399 4305 1493 4359 καὶ
1524 4307 1626 4376 μέ-

38 4409 162 4460 χρις
191 4389 350 4460 ἡμῶν
389 4390 490 4461 τὴν
522 4391 680 4462 χάριν
708 4392 802 4446 τοῦ
838 4393 1015 4460 φωτὸς
1045 4395 1432 4451 ἀποστέλλουσι
1459 4414 1474 4429 ο
1533 4400 1625 4453 τὸν

1753 1926 2214 1996 quemadmodum
2248 1927 2474 1998 insuper
2496 1930 2701 1984 vocalis
2737 1931 2825 1984 bic
2858 1945 3039 1984 sermo
3071 1929 3340 2001 nobisque

1752 2014 2010 2069 omnibus
2044 2017 2380 2081 communis,
2419 2017 2630 2072 etiamsi
2667 2034 2696 2071 a
2741 2029 2967 2088 parente
3006 2021 3187 2099 anima
3236 2020 3339 2074 mi-

1754 2107 1898 2159 nime
1943 2106 2244 2172 dividatur,
2289 2107 2650 2166 niliiloseuius
2679 2118 2856 2164 tamen
2899 2111 2950 2164 iu
2995 2111 3334 2166 audientium

1749 2214 1969 2267 quoque
1997 2198 2196 2252 animis
2225 2199 2388 2254 simul
2415 2209 2522 2263 est,
2550 2216 2650 2254 uec
2679 2201 2744 2255 ab
2767 2217 2831 2256 ea
2865 2202 3148 2272 seiunctus
3171 2212 3336 2272 atque

1748 2297 2061 2360 separatus,
2091 2297 2145 2345 et
2173 2290 2226 2344 in
2263 2290 2373 2346 illis
2400 2291 2688 2355 inventus,
2722 2294 2831 2346 imo
2869 2295 3122 2350 unionem
3152 2297 3334 2364 potius

1747 2398 1910 2452 quam
1946 2382 2272 2436 divisionem
2310 2400 2501 2438 eorum
2545 2385 2966 2456 animarumque
3016 2395 3332 2441 nostrarum

1751 2469 1997 2529 efﬁciens
2017 2490 2033 2528 ι
2052 2475 2129 2528 sic
2149 2486 2203 2528 tu
2229 2491 2448 2546 quoque
2477 2476 2708 2548 cogites,
2740 2475 2936 2532 Filium
2964 2494 2991 2531 a
3013 2477 3171 2534 Patre
3196 2496 3334 2533 nun-

1745 2581 1908 2634 quam
1942 2575 2252 2636 separatum
2285 2573 2428 2630 esse,
2475 2583 2574 2624 nec
2604 2583 2798 2624 rursus
2827 2570 2894 2622 ab
2933 2569 3036 2624 hoc
3067 2569 3329 2639 Spiritum

1744 2663 2024 2717 sanetum,
2060 2655 2251 2710 eodem
2293 2655 2454 2709 modo
2481 2670 2590 2724 quo
2616 2656 3001 2724 cegitationem
3033 2657 3085 2709 iu
3128 2668 3328 2710 mente.

1816 2741 1884 2799 Ut
1916 2747 2059 2800 enim
2110 2746 2252 2799 inter
2293 2755 2530 2801 mentem
2578 2754 2631 2800 et
2680 2746 3070 2816 cogitationem
3119 2755 3174 2800 ct
3209 2747 3331 2800 ani-

1736 2853 1880 2892 mam
1913 2839 2056 2893 nulla
2090 2833 2288 2892 divisio
2328 2843 2422 2892 aut
2455 2838 2628 2892 sectio
2649 2840 2947 2910 excogitari
2991 2847 3168 2908 potest
3199 2859 3211 2892 :
3245 2839 3328 2894 sic

1736 2946 1912 3000 neque
1957 2930 2101 2984 inter
2157 2927 2420 2998 Spiritum
2469 2937 2719 2983 sanctum
2773 2937 2828 2983 ct
2880 2929 3219 2982 Salvatorem
3271 2939 3325 2982 et

1735 3019 1952 3075 Patrem
1991 3022 2100 3076 ulla
2130 3036 2371 3092 unquam
2391 3020 2562 3076 sectio
2590 3031 2680 3074 aut
2712 3020 2908 3075 divisio
2942 3021 3339 3075 intercessisse‘

2266 3110 2523 3183 quoniam
2576 3111 2943 3183 spiritualium
3003 3121 3062 3166 et
3107 3113 3322 3168 divino-

1737 3219 1882 3268 rum,
1916 3213 1975 3258 ut
2009 3199 2272 3269 di‘ximus,
2299 3193 2586 3260 divisionis
2614 3214 2811 3274 expers
2845 3213 3044 3259 natura
3073 3215 3176 3260 est.
3216 3203 3332 3260 Διιι-

1735 3295 1930 3360 etiam,
1955 3295 2412 3366 queihadmodum
2444 3297 2595 3350 inted
2620 3297 2808 3350 orbem
2836 3304 2898 3349 et
2919 3297 3157 3359 radium,
3193 3312 3319 3365 pro-

1734 3397 1856 3459 pter
1911 3386 2406 3460 impassibllitatem
2460 3387 2820 3458 corporisque
2875 3389 3204 3443 vacuitatem
3265 3393 3333 3442 ρι’

1734 3479 2140 3550 simplicitatem
2197 3486 2362 3549 atque
2406 3477 2867 3542 individuitatcm,
2919 3475 3069 3533 nulla
3119 3480 3320 3534 divisio

1732 3571 1975 3640 reperiri
2009 3576 2207 3641 potest,
2255 3582 2442 3626 verum
2485 3579 2546 3624 ut
2593 3570 2783 3626 radius
2821 3571 2939 3626 orbi
2991 3571 3334 3641 coniunctus-

1730 3670 1834 3727 est,
1869 3664 1947 3718 ita
1974 3669 2169 3718 rursiie
2199 3663 2372 3728 orbis;
2423 3665 2567 3717 oculi
2612 3662 2914 3732 cujusdam
2950 3663 3151 3727 instar,
3189 3665 3317 3718 uni-

1733 3753 1998 3810 versitati'
2035 3755 2220 3811 radios
2251 3763 2383 3810 suos
2413 3755 2656 3810 muninis
2700 3755 2756 3810 in
2792 3763 2998 3810 morem
3052 3755 3315 3821 infundit,

1733 3845 1870 3899 lucis
1918 3845 2077 3900 nobis
2120 3847 2268 3901 velut
2318 3846 2702 3902 inundationes
2740 3847 3002 3916 quasdam
3047 3847 3313 3914 efﬁciens,

1731 3936 2102 4002 mundumque
2153 3941 2375 4003 repente
2428 3935 2669 3989 obrucns
2707 3953 2719 3989 :
2755 3934 2916 3988 haud‘
2950 3947 3110 3990 secus
3148 3935 3311 3990 etiam

1729 4025 1910 4081 Patris
1936 4029 2080 4081 velut
2114 4026 2250 4080 radii
2277 4026 2496 4097 quidam
2533 4025 2598 4079 ad
2629 4041 2730 4081 nos
2757 4025 2981 4081 demissi
3017 4039 3164 4090 sunt,
3196 4037 3309 4082 tum

1728 4107 2062 4188 splendida?
2089 4107 2270 4183 Iesus,
2316 4123 2442 4172 tum
2477 4109 2715 4186 Spiritus
2765 4129 3006 4174 sanctus.
3047 4119 3115 4174 Ut
3163 4121 3308 4174 enim

1728 4209 1866 4264 lucis
1893 4210 2053 4273 radii,
2087 4216 2333 4263 mutuam
2373 4209 2694 4264 relationem
2741 4217 2938 4264 natura
2972 4211 3308 4266 individuam

1727 4300 2028 4363 liabentes,-
2061 4315 2168 4355 nec
2197 4316 2242 4353 ar
2280 4301 2404 4356 luce
2437 4300 2849 4371 disjunguntur,
2887 4317 2987 4356 nec
3023 4319 3052 4356 a
3087 4319 3143 4358 se
3174 4303 3310 4358 invi-

1730 4407 1846 4447 cem
1877 4391 2288 4455 discinduntur,
2335 4393 2583 4462 lucisque
2625 4393 2948 4449 beneﬁcium
2983 4395 3050 4450 ad
3091 4412 3194 4452 nos
3226 4414 3310 4454 us-

38 4482 204 4534 αύτὸν
225 4480 425 4552 τρόπον
453 4483 594 4535 καὶὸ
613 4481 802 4553 Σωτὴρ
829 4483 858 4534 ό
885 4483 1166 4555 ἡμέτερος,
1204 4486 1380 4540 καὶτὸ
1395 4487 1620 4560 Πνεῦμα

1752 4500 1836 4553 lue
1877 4484 2160 4553 trajiciunt
2188 4503 2202 4539 :
2233 4483 2423 4538 eodem
2474 4484 2635 4538 modo
2672 4483 2922 4539 Salvator
2953 4502 3172 4559 quoque
3210 4504 3310 4544 no-

35 4574 96 4625 τὺ
129 4575 376 4645 ἇγιον,ή
424 4573 640 4646 δίδυμος
685 4575 777 4628 τοῦ
810 4575 1022 4646 Πατρός
1061 4577 1240 4642 ἀκτὶς,
1286 4580 1380 4633 καὶ
1428 4582 1620 4652 μέχρις

41 4667 197 4735 ἡμῶν
224 4666 548 4720 διακονεῖται
572 4665 670 4737 τῆς
686 4667 940 4738 ἀληθείας
971 4669 1031 4721 τὸ
1063 4668 1199 4738 φῶς,
1224 4673 1318 4724 καὶ
1351 4671 1429 4742 τῷ
1444 4674 1617 4744 Πατρὶ

38 4763 363 4830 συνήνωται.

109 4852 210 4902 Ὃν
239 4850 295 4902 δὲ
333 4850 531 4922 τρόπον
555 4850 699 4904 κάπό
719 4867 860 4913 τινος
886 4849 1092 4903 ὑδάτων
1108 4853 1296 4922 πηγῆς
1320 4854 1617 4924 νεκταριῶ-

33 4939 116 5002 δες
150 4938 402 5006 ἀφθόνως
435 4939 766 5010 προϊεμένης
801 4938 976 5009 ὕδωρ,
1017 4941 1304 5012 συμϐαίνει
1341 4943 1520 5014 ῥεῦμά
1562 4961 1614 4999 τι.

37 5032 382 5104 παμπληθὲς.
413 5033 506 5086 καὶ
539 5032 752 5104 ῥεῖθρον
786 5035 1177 5106 ἀκατάσχετον,
1223 5037 1303 5100 είς
1334 5038 1613 5107 ποταμοὺς

32 5123 122 5178 δύο
157 5122 248 5194 τῷ
287 5122 519 5194 ῥεύματι
559 5121 873 5194 τέμνεσθαι,
921 5124 1052 5195 μίαν
1089 5125 1308 5191 eam;
1332 5125 1611 5197 ὀφθαλμοῦ

103 5301 220 5390 (ἐξ)
246 5299 536 5390 ,Ἀγάτκῃ
589 5303 978 5390 ύφίσταςθαι.
1013 5303 1300 5370 Monac...
1327 5305 1518 5362 Morel.
1558 5313 1615 5361 et

32 5370 280 5427 Coinbel’.
316 5372 562 5442 ἀνάγκην
591 5370 938 5442 ὑφίστασθαι.

89 5440 217 5520 ,(25)
247 5440 836 5514 Προσενετκαμένης.
871 5443 1028 5502 Colb.
1059 5442 1113 5512 ἆ
1136 5445 1191 5510 6,
1222 5445 1614 5520 9,προενεγκα-

355 5583 770 5670 χωριζόμενος.
785 5584 886 5637 Bill
897 5624 910 5638 .
935 5601 1044 5670 non
1055 5589 1229 5651 :bane,
1240 5589 1434 5670 inquit
1445 5587 1582 5643 Com
1595 5616 1614 5629 -

40 5650 169 5716 beli,
207 5650 488 5708 distinctus
546 5650 701 5721 (itque
729 5650 734 5651 ν
759 5668 1060 5724 separatus,
1096 5650 1254 5725 (μιθεὶ
1306 5650 1420 5714 hate
1448 5675 1614 5730 syno-

39 5736 201 5807 pyma
223 5725 523 5807 gregarius
546 5726 763 5788 habeat,
797 5736 890 5807 aut
914 5743 1015 5807 vos
1049 5727 1280 5807 id_sonet
1308 5747 1319 5782 :
1353 5729 1613 5786 diﬁ‘erunt

39 5789 152 5850 haec
183 5789 476 5866 plurimum
512 5797 566 5850 in
597 5796 939 5853 accuratiore
977 5797 1265 5870 theologia-

1725 4580 1838 4628 ster
1883 4581 1938 4630 et
1983 4573 2220 4644 Spiritus
2260 4584 2506 4639 sanctus,
2559 4575 2808 4644 geminus
2851 4576 2940 4630 ille
2999 4575 3176 4632 Patris
3218 4595 3310 4633 ra-

1725 4665 1870 4732 dius,
1915 4665 2078 4719 simul
2127 4674 2182 4720 et
2224 4664 2290 4718 ad
2333 4680 2433 4720 nos
2457 4681 2630 4735 usque
2662 4667 2904 4722 veritatis
2939 4666 3113 4722 lucem
3151 4669 3310 4724 mini-

1723 4766 1926 4823 strant,
1951 4768 2005 4814 et
2035 4756 2181 4811 Patri
2217 4757 2356 4811 uniti
2387 4764 2539 4812 sunt.

1795 4849 2267 4916 Quemadmodum
2318 4849 2502 4902 etiam
2543 4849 2612 4904 ab
2667 4865 2778 4903 uno
2833 4865 3098 4920 aquarum
3159 4850 3308 4907 fonto

1721 4951 2028 4998 nectaream
2075 4957 2274 5012 aquam
2325 4956 2541 4998 summa
2577 4942 2734 5012 copia
2778 4951 3054 5012 egerente,
3097 4941 3303 4999 ﬂuxum

1719 5033 2010 5104 quemdam
2074 5048 2470 5103 permagnum,
2543 5048 2607 5088 ac
2661 5032 2987 5101 proﬂuvium
3043 5033 3306 5089 eﬂrenato

1723 5128 1960 5199 quodam
1989 5126 2474 5196 impetmcurretrs,
2505 5123 2914 5196 ipsorﬁtnu-in'
2941 5122 3054 5182 duo
3078 5126 3304 5182 ﬁumina

1794 5304 1910 5374 (25)
1945 5305 2050 5358 Ἐν
2067 5303 2238 5374 μέσῳ
2251 5305 2508 5358 κύκλου.
2537 5302 2744 5358 Natant
2765 5302 3003 5358 Montac.
3034 5310 3089 5358 et
3112 5301 3301 5359 Morel.

1719 5391 1820 5445 pro
1857 5374 2058 5428 κύκλου
2094 5373 2362 5445 Savilium
2395 5391 2462 5428 ex
2493 5374 2818 5445 conjectura
2851 5374 3048 5445 legisse
3083 5374 3260 5445 ἡλίου.

1793 5445 1906 5516 (26)
1935 5443 2278 5516 ,Πελαγίζων
2315 5443 2540 5516 ἀθρόως
2573 5443 2686 5511 τὴν
2723 5443 3151 5516 διακόσμησιν.
3187 5443 3305 5499 lloc

1720 5513 1866 5579 loco,
1897 5515 1972 5569 ait
1996 5513 2144 5578 Βίης,
2179 5514 2539 5584 διακόσμησις
2568 5514 2832 5568 mundum
2867 5513 3013 5567 hunc
3050 5523 3302 5582 aspecta-

1722 5587 1883 5642 bilem
1927 5585 2226 5654 signiﬁcat,
2274 5585 2734 5654 quemadmodum
2781 5585 2926 5651 apud
2979 5585 3320 5654 Dionysium-

1719 5641 2105 5726 Areopagivtain
2159 5641 2305 5725 δαιρὲ
2362 5670 2463 5724 pro
2513 5655 2720 5724 angelis
2753 5641 3059 5726 accipitur.
3098 5641 3302 5726 Verum

1721 5670 1933 5726 Areopa
1976 5670 2105 5709 nam
2159 5671 2305 5725 saepe
2362 5670 2463 5724 pro
2513 5670 2720 5724 angens
2771 5670 2885 5708 acet
2932 5670 3059 5708 lllll'.
3106 5670 3301 5709 verum

1721 5673 2001 5781 CombeE:
2039 5725 2412 5796 Digeumnque
2444 5741 2621 5780 rerum
2655 5724 2843 5779 molem
2887 5670 3001 5779 xire
3031 5724 3202 5796 pelagi
3244 5725 3301 5778 in

1725 5813 1919 5853 morem
1954 5807 2160 5867 repente
2190 5799 2436 5850 obrueus.
