3822 6402
485 225 627 284 H07

1733 225 1795 282 S.
1835 222 2159 283 GREGORII
2195 220 2490 279 NYSSENI

3628 218 3760 276 μεθ

483 341 661 398 scindi
693 341 982 414 contingit,
1008 341 1156 414 quod
1202 341 1274 398 ab
1301 357 1411 398 uno
1436 344 1658 414 quidem
1703 345 1868 401 fontis
1907 345 2068 400 oculo

2194 342 2269 412 τῆς
2303 345 2483 413 πηγῆς
2509 340 2606 411 τὴν
2648 339 2777 412 ῥοὴν
2807 337 2866 406 ἐξ
2906 339 3078 410 ἀρχῆς
3105 337 3335 408 ἐσχηκός
3361 357 3376 370 ·
3412 338 3676 411 δίρῥυτος
3709 340 3759 390 δὲ

483 433 720 502 primum
752 441 1090 498 manaverat,
1128 447 1342 498 verum,
1379 432 1561 490 ﬂuviis
1591 436 1773 506 specie
1818 436 1892 489 ita
1927 450 2061 489 con-

483 523 757 587 formatis,
809 522 1017 594 duplici
1086 523 1235 578 ﬂuxu
1283 524 1550 592 decurrit,
1603 542 1703 580 nec
1757 536 1935 581 tamen
1992 541 2059 580 ex

481 611 796 681 huiusmodi
823 611 1099 669 divisione
1143 614 1478 669 incommodi
1518 615 1821 686 quidquam
1870 623 1924 670 et
1969 615 2062 669 de-

484 699 749 766 trimenti,
799 711 1067 774 quantum
1109 705 1176 759 ad
1232 705 1551 772 essentiam,
1595 707 1796 776 accipit
1841 708 2058 778 (etenim

482 791 767 847 ﬂuminum
812 795 917 849 situ
967 795 1039 847 ita
1090 794 1416 866 proﬂuvium
1450 796 1732 863 dividitur,
1783 806 1842 851 ut
1895 814 2058 852 unam

482 890 666 939 tamen
697 892 860 955 atque
888 886 1134 940 eamdem
1163 885 1415 943 humoris
1437 888 1752 958 qualitatem
1780 891 2058 958 obtineat;

481 975 734 1046 quamvis
789 976 932 1031 enim
989 985 1216 1048 uterque
1266 979 1707 1049 supradictorum
1770 981 2058 1036 ﬂuviorum

481 1067 674 1138 procul
703 1075 857 1123 extra
894 1070 1160 1124 terminos
1193 1069 1346 1135 ferri,
1393 1071 1663 1141 longoque
1709 1073 1995 1128 intervallo
2029 1089 2058 1126 a

484 1155 636 1212 fonte
669 1158 875 1213 distare
901 1159 1170 1225 videatur,
1205 1160 1537 1231 principium
1579 1170 1762 1216 tamen
1794 1163 1859 1218 ad
1892 1163 2061 1220 fontis

483 1248 902 1316 perpetuitatem
941 1263 1064 1302 cum
1095 1259 1321 1318 parente
1356 1265 1453 1304 sua
1498 1250 1854 1318 conjunctnm
1897 1261 2061 1320 atque

486 1338 700 1393 unitum
753 1338 1015 1408 habet):
1063 1340 1207 1395 haud
1260 1340 1514 1396 dissimili
1575 1343 1737 1397 modo
1791 1345 2058 1398 bonorum

487 1444 706 1499 quoque
734 1431 977 1484 omnium
1003 1430 1169 1495 Deus,
1205 1432 1294 1486 ille
1322 1433 1572 1488 veritatis
1609 1442 1812 1502 rector,
1852 1445 1906 1490 et
1939 1435 2061 1490 Sal-

485 1504 692 1578 va‘toris
721 1521 904 1588 Pater,
935 1524 1109 1595 prima
1147 1525 1238 1578 illa
1267 1525 1390 1580 vita:
1431 1540 1618 1588 causa.
1657 1535 1713 1582 et
1758 1528 1925 1598 stirps
1962 1529 2064 1582 im-

487 1615 861 1681 mortalitatis,
895 1616 986 1671 ille
1018 1619 1366 1688 sempiterna:
1392 1619 1514 1673 vitae
1551 1619 1695 1685 fons,
1731 1621 1896 1675 biﬂua
1926 1635 2062 1692 qua-

2168 431 2276 484 τῶν
2304 429 2562 500 ποταμῶν
2597 427 3075 499 σχηματισθέντων
3127 432 3239 492 τοῖς
3287 429 3497 490 εἴδεσι,
3563 428 3759 497 βλαϐὲν

2166 521 2224 574 δὲ
2255 522 2404 591 ὅμως
2429 520 2580 574 οὐδὲν
2610 522 2689 584 είς
2731 520 2830 591 τὴν
2855 520 3044 573 οὐσίαν
3071 520 3135 572 ὲκ
3163 521 3262 590 τῆς
3291 519 3622 589 διαιρέσεως
3663 521 3758 586 (τῇ

2171 615 2268 684 μὲν
2292 614 2398 682 γὰρ
2430 613 2540 666 τῶν
2568 613 2829 683 ποταμῶν
2858 613 3004 666 θέσει
3027 613 3087 665 τὺ
3118 612 3328 682 ῥεῖθρον
3348 613 3636 684 διῄρηται.
3666 614 3760 677 τήν

2167 707 2224 759 δὲ
2252 705 2346 758 τοῦ
2377 705 2552 776 χυμοῦ
2575 706 2836 774 ποιότητα
2870 705 2998 775 μίαν
3019 706 3110 757 καὶ
3135 704 3234 774 τὴν
3257 705 3428 773 αὐτὴν
3455 703 3758 771 κέκτηται·

2168 796 2269 850 κᾶν
2297 797 2405 868 γὰρ
2436 795 2968 866 ἀποτερματίζεσθαι
3003 795 3192 867 πόρρω
3222 813 3323 847 που
3353 795 3464 846 τῶν
3498 795 3760 861 ποταμίῖνν

2165 887 2395 952 ἕκαστος
2432 887 2540 941 τῶν
2569 887 2978 960 προειρημένων
3005 887 3132 956 δοκῇ
3159 926 3174 949 ,
3204 887 3298 938 καὶ
3322 886 3423 955 τῆς
3446 886 3636 954 πηγῆς
3661 886 3761 950 ﬁl?-

2162 981 2382 1034 εστάναι
2396 980 2632 1052 μακρὰν,
2646 978 2743 1050 τὴν
2761 978 2888 1047 γοῦν
2904 979 3076 1049 ἀρχὴν
3091 981 3158 1049 τῇ
3179 979 3343 1049 μητρὶ
3362 979 3501 1048 πρὸς
3518 977 3760 1045 coam-as-

2163 1072 2257 1134 κὲς
2291 1070 2390 1141 τῆς
2422 1071 2606 1142 πηγῆς
2644 1071 3028 1141 συνηνωμένην
3057 1069 3208 1140 ἓχει)·
3233 1068 3637 1140 παραπλησίως
3671 1065 3759 1119 οὖν

2160 1164 2253 1217 καὶ
2272 1165 2298 1216 ὁ
2313 1163 2421 1217 τῶν
2444 1163 2663 1230 ἀγαθῶν
2683 1164 2935 1216 ἁπάντων
2951 1161 3103 1225 Θεὸς,
3115 1165 3142 1215 ὀ
3158 1165 3252 1230 τῆς
3268 1160 3534 1229 ἀληθείας
3553 1159 3760 1228 1:913:1-

2161 1271 2262 1316 νις,
2277 1255 2369 1307 καὶ
2382 1253 2474 1308 τοῦ
2489 1253 2641 1323 Σωτῆ
2651 1270 2738 1324 ρος
2758 1253 2964 1325 Πατὴρ,
2980 1253 3041 1305 τὸ
3057 1254 3268 1324 πρῶτον
3286 1252 3456 1304 αἴτιον
3474 1251 3572 1320 τῆς
3592 1251 3758 1318 ζωῆς,

2161 1347 2330 1400 καὶτὸ
2349 1348 2446 1417 τῆς
2465 1346 2761 1408 ἀθανασίας
2781 1345 2965 1414 φυτὸν,
2982 1346 3016 1415 ὴ
3033 1344 3130 1414 τῆς
3157 1343 3411 1409 ἀειζωῖας
3433 1343 3613 1411 πηγὴ,
3644 1342 3758 1411 6ίρ-

2165 1438 2323 1510 ρυτόν
2343 1455 2466 1492 τινα
2494 1436 2589 1490 τοῦ
2626 1454 2687 1490 τε
2724 1435 2853 1490 Υἱοῦ
2884 1436 3094 1489 καὶτοῦ
3123 1436 3277 1504 ἀγίου
3305 1433 3450 1489 Πνεύ
3460 1451 3635 1504 ματος
3664 1435 3757 1503 τὴν

2162 1530 2356 1602 νοητὴν
2389 1533 2465 1595 είς
2497 1532 2645 1602 ἡμᾶς
2671 1529 2994 1592 ἀποστείλας
3012 1529 3169 1600 χάριν
3197 1528 3330 1600 (27),
3359 1526 3475 1580 οὖτ⁸
3510 1525 3676 1587 αὑτός
3709 1542 3758 1575 τι

2164 1621 2431 1677 πέπονθεν
2461 1623 2540 1687 είς
2560 1622 2656 1693 τὴν
2684 1621 2871 1675 οὐσίαν
2905 1621 3120 1692 βλαϐεὶς
3151 1619 3232 1689 (ού
3259 1621 3366 1690 γὰρ
3399 1617 3636 1689 μείωσιν
3665 1619 3759 1669 ὑπ-

487 1706 610 1761 dam
647 1717 701 1762 et
744 1708 904 1763 bifida
954 1709 1076 1764 Filii
1121 1721 1175 1766 et
1220 1709 1458 1782 Spiritus
1491 1713 1666 1767 sancti
1707 1713 2062 1770 intellectuali

2194 1733 2302 1787 om
2324 1716 2444 1770 τινὰ
2467 1716 2554 1769 διὰ
2570 1715 2666 1787 τὴν
2689 1717 2768 1780 είς
2788 1718 2936 1785 ἡμᾶς
2957 1715 3178 1769 ἐκείνων
3195 1713 3425 1784 ἄφιξιν).
3439 1713 3545 1766 καὶ
3567 1711 3757 1780 μέχρις

488 1797 555 1852 ad
608 1815 708 1855 nos
765 1801 934 1856 missa
985 1801 1184 1872 gratia,
1234 1817 1337 1858 nec
1388 1803 1505 1872 ipse
1554 1805 1848 1860 essentiam
1906 1822 2062 1861 suam

487 1892 786 1962 quidquam
838 1893 974 1949 laesit
1006 1894 1126 1964 (nec
1172 1893 1324 1950 enim
1359 1896 1430 1950 ob
1464 1895 1682 1951 illorum
1729 1897 1795 1951 ad
1837 1913 1938 1954 nos
1969 1899 2067 1953 ad-

487 1992 711 2038 ventum
745 1983 1186 2040 imminutionem
1219 1985 1385 2039 ullam
1425 1986 1637 2059 subiit),
1691 1994 1744 2042 et
1776 1987 1829 2041 lii
1861 1989 1927 2043 ad
1964 2005 2066 2045 nos

2173 1808 2329 1880 ἡμῶν
2352 1807 2777 1880 προσεχώρησαν
2799 1806 2934 1877 (28),
2957 1805 3157 1860 καὶτοῦ
3181 1805 3395 1877 Πατρδς
3422 1802 3584 1856 οὐδὲν
3602 1798 3757 1874 ἦττον

2171 1899 2463 1972 ἀχώριστοι
2487 1899 2911 1970 καθεστήκασιν.
2965 1897 3201 1969 ’Δμερὴς
3237 1897 3347 1968 γὰρ
3373 1938 3389 1959 ,
3431 1896 3516 1956 ὡς
3555 1895 3758 1963 ἔφαμεν

2172 1990 2232 2058 ἐξ
2262 1991 2457 2061 ἀρχῆς,
2493 1991 2526 2061 ἡ
2551 1988 2659 2043 τῶν
2693 1987 3015 2060 κρειττόνων
3047 1987 3207 2057 φύσις
3238 1988 3375 2056 (29).

490 2089 665 2146 usque
695 2084 1100 2146 processerunt,
1135 2090 1236 2131 nec
1279 2083 1462 2131 tamen
1501 2091 1532 2130 a
1562 2075 1727 2133 Patre
1753 2078 1864 2133 ullo
1895 2081 2058 2134 modo
2099 2091 2442 2152 separantur.
2480 2079 2762 2135 lndividua
2799 2078 2968 2141 enim,
3033 2087 3090 2131 ut
3135 2077 3374 2132 diximus
3423 2076 3500 2131 ab
3572 2073 3752 2136 initio,

490 2167 856 2239 spiritualium
896 2174 1091 2222 natura
1115 2175 1220 2223 est.

558 2261 826 2325 Plurima,
858 2261 942 2316 vir
971 2260 1317 2328 cbarissime,
1353 2261 1584 2318 invcniri
1614 2271 1888 2334 poterant,
1921 2264 2062 2319 mul-

491 2367 657 2426 toque
684 2354 862 2426 plura,
892 2369 1057 2425 quam
1095 2369 1217 2424 quae
1247 2356 1555 2422 attulimus,
1602 2356 1670 2411 ad
1713 2357 1934 2414 unionis
1959 2357 2061 2414 Pa-

489 2446 591 2501 tris
628 2452 683 2500 et
706 2443 827 2498 Filii
873 2451 929 2500 et
957 2443 1200 2515 Spiritus
1238 2447 1412 2502 sancti
1450 2462 1708 2518 perquam
1738 2450 2063 2504 necessariae

488 2535 820 2590 luculentam
852 2533 1404 2602 demonstrationem,
1437 2552 1546 2608 quo
1585 2538 1846 2593 nimirum
1897 2541 2060 2596 modo

486 2641 552 2681 ea
599 2625 920 2697 accipienda
973 2627 1046 2684 sit
1096 2645 1109 2682 :
1157 2627 1253 2683 sed
1295 2629 1553 2698 quoniam
1603 2637 1660 2684 et
1721 2631 1817 2685 tibi
1861 2637 1913 2686 et
1983 2634 2062 2687 tui

488 2719 760 2775 similibus
809 2718 970 2776 facile
1011 2728 1096 2776 est
1145 2735 1211 2776 ex
1238 2722 1431 2792 paucis
1473 2721 1708 2792 plurima
1751 2725 2059 2794 percipere,

487 2811 696 2867 idcirco
723 2813 1047 2884 quaestionis
1089 2813 1253 2882 bujus
1287 2815 1598 2870 tractationi
1624 2813 1784 2870 finem
1830 2815 1918 2872 hic
1961 2815 2063 2872 im-

486 2919 692 2976 ponere
710 2918 924 2976 aquum
956 2919 1081 2960 esse
1105 2903 1437 2959 existimavi.

562 3084 678 3160 (27)
713 3087 832 3155 Τὴν
857 3087 1154 3160 νοητὴν...
1188 3088 1390 3160 χάριν.
1421 3087 1702 3146 Combei.:
1738 3087 1872 3156 Qua:
1895 3098 2066 3144 mente

488 3157 829 3228 intelligitur,
856 3157 1110 3227 spiritali.

563 3225 683 3300 (εεῑ
708 3225 1208 3300 Προσεχώρηᾳαν.
1233 3227 1458 3300 Legisse
1485 3227 1706 3300 videtur
1729 3226 2068 3300 Montacutio

490 3295 800 3371 Bil‘ibaldus
851 3295 1438 3371 πῷσεκῲρησενξεοᾱ
1478 3299 1604 3371 sine
1645 3299 2066 3371 causa‘dictum

494 3368 565 3439 ab
595 3367 688 3421 illo
719 3377 824 3436 est,
853 3367 1032 3439 inquit
1061 3367 1247 3427 Morel.
1276 3369 1368 3424 Sic
1401 3370 1546 3423 enim
1581 3369 1746 3424 vertit
1775 3367 2026 3424 Bilibald.
2053 3387 2068 3424 :

494 3436 992 3509 Propterisloru'm
1024 3439 1092 3492 ad
1125 3456 1219 3494 nos
1245 3455 1407 3508 usque
1451 3455 1740 3494 accessum.
1779 3440 1856 3509 [ta
1887 3440 2072 3509 potius

496 3507 848 3581 scribendum
866 3518 1022 3581 esset
1049 3510 1144 3581 καὶ
1179 3506 1372 3581 μέχρις
1395 3511 1428 3580 ἡ
1439 3509 1554 3580 μῶν
1593 3506 1998 3581 προσχιῢρησιν.

564 3577 676 3648 (29)
695 3579 996 3647 Ἀμερὴς...
1013 3578 1134 3634 τῶν
1147 3577 1498 3648 κρειττόνων
1517 3577 1720 3648 φύσις.
1737 3577 1899 3634 Haud
1926 3594 2074 3645 raro,

494 3646 571 3702 ait
585 3646 854 3716 COmbef.,
879 3649 1086 3708 Graecis
1112 3646 1478 3720 sb'er'inov,
1511 3646 1651 3706 Deus
1675 3667 1695 3716 ;
1715 3649 1784 3704 τὰ
1799 3650 2069 3721 Κρείττω,

2090 3131 2134 3192 C

2239 2261 2476 2316 Πλεῖστα
2511 2260 2608 2331 μὲν
2638 2255 2750 2325 οὗν,
2787 2252 2833 2312 ὦ
2863 2256 3176 2329 τιμιώτατε,
3207 2257 3438 2311 δυνατὸν
3473 2253 3551 2328 ἦν
3588 2259 3760 2329 εύρτὶν

2168 2354 2265 2408 καὶ
2295 2352 2514 2407 πλείονα
2541 2352 2653 2406 τῶν
2691 2351 3030 2423 εἰρημένων,
3064 2349 3201 2419 πρὸς
3235 2349 3525 2414 ἀπόδειξιν
3557 2351 3760 2422 ἐναργῆ

2167 2447 2269 2518 τῆς
2301 2446 2737 2516 ἀναγκαιοτάτης
2758 2444 2970 2515 Πατρὸς
2997 2445 3092 2497 καὶ
3114 2443 3244 2496 Υίοῦ
3271 2446 3366 2497 καὶ
3399 2444 3570 2513 ἁγίου
3587 2444 3760 2498 Ilvati-

2172 2554 2340 2610 ματος
2371 2535 2615 2597 ὲνὼσεως
2640 2533 2777 2603 (30),
2805 2533 2865 2586 δν
2903 2533 3101 2603 τρόπον
3131 2532 3273 2602 ἔχειν
3301 2534 3484 2604 αὐτὴν
3518 2532 3759 2602 ὑπολαμ-

2169 2631 2354 2685 ϐάνειν
2392 2630 2503 2684 δεῖ·
2546 2628 2660 2681 ἀλλ’
2698 2624 2888 2697 ’ἐπειδὴ
2923 2625 3004 2680 σοί
3052 2643 3111 2679 τε
3156 2627 3249 2680 καὶ
3280 2629 3399 2689 τοῖς
3446 2627 3543 2679 σοὶ
3590 2644 3756 2697 παρα-

2169 2722 2414 2796 πλησίοις
2441 2723 2570 2793 ῥᾷον
2608 2719 2667 2784 ἐξ
2694 2720 2887 2789 ὀλίγων
2917 2721 2985 2774 τὰ
3013 2719 3239 2773 πλεῖστα
3282 2719 3754 2790 καταμανθάνειν,

2167 2814 2357 2868 τούτου
2397 2814 2555 2884 χάριν
2597 2811 2833 2866 ἐνταῦθα
2877 2813 2969 2865 τὸν
3011 2814 3137 2884 περὶ
3185 2810 3378 2865 τούτου
3417 2813 3628 2882 στῆσαι
3678 2807 3757 2864 te}

2175 2907 2527 2979 θεωρήματος
2556 2904 2762 2958 δίκαιον
2793 2903 2978 2977 ᾠήθην
3017 2903 3194 2973 λόγον.

2211 3089 2373 3143 lurali
2403 3102 2634 3143 numero
2664 3102 2933 3158 nusquam
2965 3085 3233 3142 invenies.
3261 3084 3576 3158 Perperam
3605 3086 3760 3156 igitur

2219 3159 2295 3229 ill.
2331 3158 2440 3213 τῶν
2467 3157 2813 3229 κρειττόνων,
2849 3159 3041 3229 summi
3084 3157 3315 3229 numinis
3344 3166 3600 3218 natura;
3648 3173 3758 3229 ver-

2169 3228 2396 3284 tendum
2439 3227 2620 3299 potius
2647 3228 2754 3281 τῶν
2781 3227 3129 3300 κρειττᾴνων,
3164 3228 3215 3282 id
3246 3235 3351 3292 est,
3392 3229 3512 3281 τῶν
3540 3227 3757 3300 νοητῶν,

2173 3297 2564 3370 spiritualium,
2623 3306 2684 3352 ut
2729 3297 2917 3354 revera
2964 3297 3102 3352 dixit
3151 3300 3458 3370 s_uperius,_
3500 3298 3758 3370 mentium

2172 3366 2457 3443 nempect
2492 3383 2682 3423 eorum
2713 3384 2837 3440 quae
2869 3377 3050 3424 mente
3102 3366 3654 3438 sola'percipiuntur
3684 3368 3756 3420 in-

2173 3440 2348 3495 divisa
2381 3440 2598 3494 natura.

2248 3509 2361 3581 (50)
2401 3508 2726 3581 Ἐνώσεως.
2759 3508 2878 3581 Sic_
2895 3509 3179 3581 legendum
3223 3506 3475 3581 videtur.
3528 3505 3592 3581 l_n
3627 3505 3754 3560 Edit.

2175 3576 2516 3650 ἐρωτήσεως,
2547 3580 2821 3648 vertitque
2853 3576 3012 3633 Billl:
3049 3577 3371 3644 Quauiom's
3421 3577 3494 3650 de
3525 3576 3693 3632 Patre
3714 3584 3757 3630 ιι

2234 3647 2405 3704 ἱίίοέι
2435 3647 2642 3719 Spiritu
2668 3651 2853 3705 sancto
2880 3665 3131 3720 perquam
3169 3647 3519 3702 necessariae.

527 3855 3755 3894 Μ

1190 4030 1822 4141 FBAGMEN
1831 4030 2003 4138 ΤΑ

2127 4031 2307 4136 EX
2421 4031 3056 4139 OPERIBUS

1421 4258 1500 4336 s.
1554 4255 2050 4338 GBEGOBII
2113 4254 2743 4334 DEPERDITIS
2777 4239 2890 4310 (ί).

2110 4590 2154 4643 Ι.

850 4707 1276 4779 Supplementum
1320 4717 1493 4765 textus
1517 4707 1795 4779 Orationis
1827 4709 2092 4763 adversus

2135 4708 2485 4770 iornicarios.
2514 4725 2579 4763 ex
2609 4709 2868 4763 Vaticano
2897 4710 3074 4763 codice
3107 4723 3253 4762 num.
3281 4706 3416 4760 445.

1306 4781 1444 4852 quod
1479 4781 1534 4833 in
1563 4778 1708 4833 edita
1739 4779 2033 4849 Appendice
2067 4796 2284 4850 operum
2325 4780 2553 4836 stsem
2586 4779 2940 4834 desideratur.

1114 4897 1322 4966 'Apud
1381 4895 1823 4952 Zacacmuu
1863 4897 2089 4954 Collect.

2139 4899 2384 4956 Monum.
2425 4899 2574 4956 Eccl.
2621 4898 2740 4965 Gr.,
2793 4915 2914 4970 pag.
2945 4899 3072 4955 552.

569 5050 758 5108 Perire
805 5051 938 5108 sinit
991 5051 1139 5107 hunc
1179 5051 1346 5108 Deus.
1406 5051 1675 5124 Optabam
1725 5068 1755 5107 a
1807 5055 1964 5111 vobis
2009 5070 2077 5110 ne

2249 5058 2463 5130 Φθείρει
2487 5056 2675 5110 τοῦτον
2693 5057 2723 5109 ὁ
2749 5056 2904 5121 Θεός.
2941 5055 3273 5126 Ἐϐουλόμην
3296 5053 3458 5123 ὑμῶν
3482 5054 3623 5126 μηδὲ
3644 5053 3760 5122 agr);

446 5101 1044 5214 )pai'unip‘er'quidem
1084 5144 1349 5216 disjungi.
1379 5101 1522 5212 Quid
1545 5147 1690 5201 enim
1729 5147 1958 5204 suavius
1986 5165 2076 5219 pa-

499 5243 664 5291 terna
703 5237 1130 5294 conversatione
1149 5238 1346 5294 amatis
1372 5238 1538 5294 ﬁliis?
1567 5238 1674 5294 Sed
1707 5241 1966 5310 quoniam
1988 5241 2074 5295 in-

501 5325 642 5380 vitat
672 5325 740 5380 ad
767 5341 970 5398 agones
1005 5328 1227 5399 pietatis
1270 5328 1434 5393 ratio,
1477 5345 1702 5385 necesse
1733 5337 1816 5385 est
1851 5331 1918 5385 ad
1966 5341 2080 5386 sta-

504 5415 595 5470 dia
637 5432 880 5484 currere,
926 5419 1226 5489 assumptis
1267 5417 1532 5474 Ecclesia:
1557 5434 1782 5491 precum
1813 5419 2075 5490 adjutori-
2102 5447 2114 5463 ι

506 5513 633 5570 bus.
660 5514 1050 5571 Verumtamen
1081 5516 1185 5572 hoc
1208 5517 1430 5587 postulo
1463 5531 1492 5569 a
1535 5517 1805 5570 charitate
1854 5524 2036 5572 vestra
2063 5534 2075 5569 :

598 5690 683 5766 (1)
715 5690 969 5752 Galland.
1005 5693 1147 5750 Bibl.
1176 5693 1352 5766 Palr.,
1387 5693 1478 5762 VI,
1511 5693 1637 5748 708.

2189 5148 2383 5221 μικρὸν
2424 5147 2859 5217 διαζεύγνυσθαι.
2916 5147 2982 5200 Τί
3032 5146 3141 5219 γὰρ
3185 5145 3530 5218 γλυκύτερον
3568 5144 3754 5212 πατρὸς

2189 5238 2472 5302 συνουσίας
2529 5237 2910 5308 ἀγαπωμένων
2958 5235 3128 5300 υίῶν;
3194 5235 3334 5288 Ἀλλ’
3380 5236 3577 5304 ἐπειδὴ

2188 5331 2325 5402 πρὸς
2354 5331 2571 5400 ἀγῶνας
2598 5331 2698 5401 τῆς
2721 5328 3000 5392 εὐσεϐείας
3023 5329 3052 5381 ὁ
3073 5327 3249 5396 λόγος,
3273 5328 3354 5380 δεῖ
3381 5327 3620 5398 δραμεῖν
3643 5324 3752 5394 πρὸς

2189 5422 2258 5476 τὰ
2293 5423 2614 5494 σκάμματα,
2659 5423 2762 5492 τῆς
2807 5420 3129 5492 Ἐκκλησίας
3159 5418 3333 5490 εὐχῶν
3368 5416 3751 5490 συνεργοὺςει·

2189 5516 2446 5587 ληφὸτας.
2491 5515 2634 5572 Ἀλλ’
2668 5517 2845 5570 ἐκεῖνο
2870 5511 3169 5568 παρακαλῶ
3193 5511 3292 5584 τὴν
3326 5511 3607 5583 ὑμετέραν
3635 5506 3747 5576 ἀτά-
