3822 6442
72 310 216 369 lt?!)

1478 327 1920 384 FRAGMENTA.

3196 340 3331 397 11εο

64 452 180 506 πην
205 455 218 466 ·
257 435 557 491 Φυλάττετε
604 440 702 509 τὴν
747 442 1203 516 ἐκκλησιαστικὴν
1236 446 1509 513 εὐταξίαν,
1540 451 1641 504 κᾶν
1670 459 1713 512 Α
1744 452 1756 504 '.

1761 452 1991 507 l‘uemini
2020 452 2457 508 ecclesiasticam
2489 454 2837 527 disciplinam
2866 474 2878 510 :
2914 457 3132 512 tametsi
3158 460 3333 514 turbae

64 544 213 589 τινες
250 528 495 598 ταραχὰς
540 531 998 602 παρεμϐάλλωσι,
1058 538 1244 590 νικᾶτε
1298 541 1649 612 μακροθυμίᾳ

58 615 166 699 τὰς
200 620 446 688 ταραχάς
466 636 483 655 ο
521 621 675 676 ἔσται
703 626 810 695 γὰρ
843 628 943 679 οὐκ
986 628 1068 690 είς
1106 628 1324 701 μακρὰν
1355 631 1463 683 τῶν
1488 631 1650 702 θορύ-

60 708 179 761 ϐων
198 709 501 782 διόρθωσις.
532 717 623 785 Μὴ
652 719 982 789 ταράττεσθε
1006 722 1237 792 φήμαις,
1261 722 1334 793 μὴ
1358 724 1648 795 φλυαρίαις

64 803 463 872 παρακινεῖσθε
484 845 498 869 ,
532 807 647 861 ἀλλ’
678 809 843 880 εὐχὰς
872 812 1004 881 ἡμῖν
1038 813 1367 883 συνοπόρους
1398 815 1475 884 (2)
1507 816 1649 884 πέμ-

59 889 208 956 ψατε
233 932 248 955 ,
298 892 385 947 ἵνα
414 898 535 957 ταῖς
565 896 752 967 εὐχαῖς
794 898 948 969 ὑμῶν
978 900 1375 972 δυναμὼμενοι,
1407 905 1648 974 εἴπωμεν

61 984 124 1034 ὲν
159 985 320 1037 παντὶ
346 985 540 1057 καιρῷ,
568 990 721 1060 παρὰ
751 990 852 1061 τῆς
874 990 1023 1054 θείας
1055 993 1405 1064 βοηθούμενοι
1434 996 1614 1065 ἰσχύος
1632 1015 1645 1027 ·

61 1074 275 1129 ιιάντα
319 1079 511 1147 ἰσχύω
535 1080 607 1133 ἐν
652 1080 731 1146 τῷ
787 1082 1225 1152 ἐνδυναμοῦντί
1251 1103 1329 1153 με
1377 1086 1609 1154 Χριστῷ
1633 1106 1647 1120 ο

61 1166 145 1236 τῷ
174 1169 206 1238 ἡ
232 1169 359 1235 δόξα
390 1173 469 1236 εὶς
496 1174 621 1237 τούς
644 1174 845 1239 αίώνας
874 1176 982 1229 τῶν
1013 1176 1246 1233 αἰώνων.
1289 1179 1483 1250 Ἀμήν.

1750 544 2000 614 quaedam
2043 545 2387 612 oboriantur,
2434 547 2640 603 vincite
2686 547 3101 618 longanimitate
3133 548 3333 617 hujus-

1753 637 1898 691 modi
1936 639 2158 702 turbas;
2191 638 2333 693 haud
2370 641 2514 693 enim
2558 641 2634 693 ita
2676 642 2849 695 multo
2889 651 3012 712 post
3041 642 3333 712 quiescent

1751 728 2022 785 tumultus
2048 728 2124 783 hi.
2159 728 2236 785 Ne
2274 732 2591 786 terreamini
2627 734 2969 795 rumoribus,
3026 749 3130 789 neu
3172 734 3333 789 vanis

1751 821 2211 874 commoveamini
2234 821 2572 892 garritibus;
2607 824 2700 878 sed
2722 825 3067 880 orationibus
3090 841 3191 881 nos
3231 842 3331 894 op-

1757 911 2010 981 portunis
2058 912 2340 979 deducite,
2385 930 2493 984 quo
2532 916 2784 985 precibus
2822 917 3025 972 vestris
3065 917 3330 980 roborati,

1758 1001 2006 1058 dicamus
2034 1003 2182 1058 omni
2217 1013 2460 1074 tempore
2488 1005 2671 1059 divina
2705 1006 2875 1075 adjuti
2914 1007 3117 1060 virtute
3155 1024 3168 1060 :
3200 1006 3331 1062 0m-

1759 1094 1849 1147 m'a
1881 1110 2097 1162 possum
2139 1096 2192 1149 in
2237 1112 2313 1159 eo,
2341 1097 2431 1166 qui
2465 1112 2545 1150 me
2573 1097 2864 1166 coufortat,
2904 1095 3118 1150 Christo
3146 1097 3162 1128 ¹
3192 1113 3207 1149 :
3241 1096 3331 1149 cui

1760 1194 1843 1239 est
1875 1186 2050 1256 gloria
2081 1188 2133 1240 in
2172 1188 2371 1243 szecula
2405 1189 2758 1243 saeculorum.
2792 1188 2985 1243 Amen.

1120 1406 1206 1461 Ea:
1230 1425 1469 1466 sermone
1500 1412 1552 1465 in
1582 1411 1899 1471 Orationem
1927 1415 2289 1473 Dominicam.

749 1521 898 1591 Apud
931 1523 1092 1578 Mica.
1134 1523 1392 1589 LEQUIEN.
1434 1527 1701 1584 Dissertat
1745 1531 1765 1585 Ι
1805 1530 2081 1597 Damasc.,
2112 1534 2139 1605 ᾗ
2165 1550 2332 1600 xum,
2371 1550 2493 1607 pag.
2534 1552 2667 1591 xxu.

136 1640 208 1693 Ὀ
244 1657 304 1693 τε
335 1639 444 1712 γὰρ
485 1639 613 1704 Υἱὸς
656 1641 720 1694 ὲκ
756 1640 850 1694 τοῦ
905 1642 1119 1713 Πατρὸς
1162 1643 1412 1713 ἐξῆλθεν,
1468 1643 1651 1709 καθώς

1829 1646 1964 1702 Nam
1995 1656 2050 1704 et
2085 1648 2260 1705 Filius
2305 1651 2473 1705 exivit
2513 1667 2542 1705 a
2590 1650 2774 1716 Patre,
2818 1658 2877 1705 ut
2908 1651 2985 1705 ait
3020 1652 3331 1723 Scriptura,

63 1749 234 1801 φησιν
286 1733 319 1802 ή
363 1731 589 1802 Γραφὴ,
637 1731 825 1785 καὶτὸ
872 1732 1102 1804 Πνεῦμα
1145 1735 1209 1787 ὲκ
1251 1734 1344 1788 τοῦ
1376 1735 1510 1789 Θεοῦ
1557 1736 1652 1789 καὶ

1761 1748 1811 1796 et
1843 1740 2083 1810 Spiritus
2115 1757 2180 1796 ex
2220 1741 2330 1796 Deo
2360 1750 2412 1798 et
2441 1742 2602 1797 Patre
2629 1742 2897 1812 procedit.
2926 1741 3031 1797 Sed
3068 1745 3335 1813 quemad-

60 1824 220 1895 παρὰ
251 1826 462 1896 Πατρὸς
493 1825 872 1897 ἐκπορεύεται.
938 1826 1076 1879 Ἀλλ’
1110 1827 1301 1900 ὥσπερ
1323 1828 1384 1881 τὸ
1411 1828 1539 1883 ἄνευ
1570 1830 1655 1883 αἱ·
1686 1814 1726 1869 Β

1761 1832 1976 1891 modum
2021 1834 2141 1888 sine
2179 1833 2453 1903 principio
2485 1849 2629 1895 esse,
2670 1848 2795 1887 eum
2823 1833 2894 1887 sit
2920 1833 3100 1890 Patris
3133 1836 3331 1900 solius,

60 1916 187 1979 τίας
234 1913 403 1982 εῖναι,
441 1917 607 1988 μόνου
659 1916 752 1970 τοῦ
789 1918 1001 1989 Ματρὸς
1047 1918 1127 1983 ὃν,
1181 1920 1260 1990 τῷ
1297 1920 1413 1995 Υίῷ
1460 1921 1554 1975 καὶ
1576 1920 1652 1991 τῷ

62 2007 351 2076 Πνεύματι
382 2008 784 2079 ὲναρμοσθῆναι
809 2011 868 2063 οὐ
902 2009 1150 2080 δύναται,
1168 2012 1311 2065 οὕτω
1332 2012 1393 2066 τδ
1416 2013 1654 2084 ἔμπαλιν

60 2103 127 2155 τὸ
161 2104 219 2169 ἐξ
246 2104 426 2168 αἰτίας
457 2101 599 2158 εἶναι
618 2145 631 2169 ,
688 2106 824 2177 ὅπερ
849 2105 980 2160 ἴδιόν
1011 2108 1130 2160 ἐστι
1156 2106 1251 2161 τοῦ
1276 2107 1403 2161 Υίοῦ
1434 2109 1527 2162 καὶ
1557 2108 1651 2162 τοῦ

62 2194 409 2264 Πνεύματος,
440 2194 516 2265 τῷ
539 2196 710 2266 Πατρὶ
732 2195 1172 2268 ἐπιθεωρηθῆναι
1201 2197 1363 2267 φύσιν
1388 2199 1489 2251 οὐκ
1516 2197 1652 2268 ἔχει.

60 2285 269 2339 Κοινοῦ
320 2286 375 2339 δὲ
424 2286 576 2350 ὄντος
606 2285 684 2357 τῷ
714 2285 828 2357 Υἱῷ
871 2288 965 2340 καὶ
1005 2287 1083 2358 τῷ
1113 2288 1394 2358 Πνεύματι
1430 2289 1523 2342 τοῦ
1572 2288 1649 2360 μὴ

61 2379 385 2449 ἀγεννήτως
428 2375 602 2444 εἶναι,
633 2377 710 2443 ὡς
761 2378 828 2433 ἂν
871 2379 944 2450 μή
991 2396 1075 2443 τις
1120 2379 1380 2451 σύγχυσις
1421 2380 1549 2452 περὶ
1592 2382 1655 2436 τὸ

63 2472 430 2541 ὑποκείμενον
478 2470 815 2542 θεωρηθείη,
851 2472 1012 2524 πάλιν
1068 2470 1217 2524 ἔστιν
1276 2473 1509 2541 ἄμικτον
1557 2472 1655 2543 τὴν

64 2566 123 2615 ὲν
165 2566 282 2626 τοῖς
327 2561 610 2633 ίδιὼμασιν
644 2563 821 2617 αὐτῶν
864 2563 1124 2636 διαφορὰν
1161 2564 1437 2637 ἐξευρεῖν,
1479 2564 1555 2629 ὼς
1588 2564 1656 2618 ἂν

65 2655 165 2706 καὶ
196 2653 262 2706 τὸ
287 2653 464 2709 κοινὸν
490 2653 809 2726 φυλαχθείη,
844 2656 938 2709 καὶ
966 2656 1027 2708 τὸ
1060 2656 1193 2709 ἴδιον
1228 2655 1303 2726 μὴ
1336 2654 1652 2725 συγχυθείη.

77 2746 136 2797 '0
158 2747 271 2817 γὰρ
302 2746 595 2818 μονογενὴς
610 2746 737 2810 Υἱὸς
770 2749 835 2801 ὲκ
854 2747 947 2801 τοῦ
968 2748 1177 2819 Πατρδς
1200 2747 1351 2821 παρὰ
1372 2747 1472 2818 τῆς
1493 2747 1656 2815 ἁγίας

65 2839 294 2909 Γραφῆς
327 2840 674 2910 ὀνομάζεται,
729 2842 824 2894 καὶ
856 2841 1018 2913 μέχρι
1041 2841 1233 2894 τούτου
1260 2840 1288 2892 ὁ
1316 2840 1473 2908 λόγος
1505 2840 1657 2911 ἵστη-

66 2949 155 2983 σιν
187 2930 336 3002 αὐτῷ
366 2931 426 2984 τὸ
461 2933 675 3004 ἰδίωμα.
707 2933 780 2987 Τὸ
799 2934 856 2988 δὲ
888 2933 1042 3002 ἅγιον
1071 2932 1297 3004 Πνεῦμα
1336 2934 1431 2986 καὶ
1461 2934 1526 2986 ὲκ
1557 2931 1651 2986 τοῦ

65 3024 286 3096 Harpe;
324 3024 577 3094 λέγεται,
615 3025 715 3079 καὶ
748 3026 817 3079 ἐκ
860 3025 967 3079 τοῦ
1000 3025 1137 3079 Υιοῦ
1166 3021 1320 3080 εἶναι
1367 3042 1655 3099 προσμαρ-

64 3118 337 3186 τυρεῖται.
380 3119 450 3170 El
503 3118 609 3188 γάρ
659 3135 750 3183 τις
782 3118 1027 3187 Πνεῦμα
1056 3117 1317 3186 Χριστοῦ
1359 3120 1471 3173 οὐκ
1506 3119 1654 3187 ἔχει,

66 3208 275 3279 φησὶν,
322 3204 499 3275 οὗτος
550 3211 660 3263 οὐκ
708 3210 881 3264 ἔστιν
925 3210 1132 3264 αὐτοῦ.
1197 3207 1409 3264 Οὐκοῦν
1448 3210 1510 3263 τὸ
1557 3204 1707 3280 μὲνξ

66 3301 305 3371 Πνεῦμα
352 3304 415 3355 ὲκ
463 3301 555 3355 τοῦ
598 3301 756 3371 Θεοῦ,
805 3304 899 3358 καὶ
957 3303 1092 3357 Θεοῦ
1128 3302 1352 3373 Πνεῦμά
1374 3303 1541 3356 ἐστιν.
1602 3302 1662 3356 '0

64 3390 125 3443 δὲ
160 3390 290 3454 Υἱὸς
336 3392 400 3444 ὲκ
434 3390 569 3445 Θεοῦ
620 3391 728 3456 ὢν,
777 3392 961 3446 οὐκέτι
1011 3392 1107 3445 καὶ
1139 3391 1488 3463 Πνεύματος,
1534 3390 1658 3445 οὔτε

64 3484 241 3546 ἐστὶν,
269 3482 392 3536 οὔτε
424 3483 661 3553 λέγεται·
688 3485 808 3539 οὐδὲ
843 3485 1171 3558 ἀναστρέφει
1203 3487 1236 3557 ἡ
1270 3484 1494 3556 σχετικὴ
1526 3484 1658 3538 ἁκο-

64 3575 259 3630 λουθία
288 3576 450 3649 αὕτη.
966 3594 969 3597 ·
1204 3596 1207 3605 λ

1755 1922 1895 1977 Filio
1919 1931 1973 1977 et
1999 1921 2233 1994 Spiritui
2273 1931 2465 1978 sancto
2499 1922 2795 1977 convenire
2835 1938 2943 1976 non
2988 1932 3201 1993 potest:
3250 1926 3333 1979 sic

1753 2023 1947 2070 contra
1982 2030 2012 2069 a
2046 2015 2319 2085 principio
2347 2030 2495 2081 esse,
2528 2015 2674 2084 quod
2705 2023 2791 2071 est
2820 2017 3100 2085 preprium
3134 2016 3255 2070 Filii
3278 2026 3333 2070 et

1757 2106 2019 2177 Spiritus,
2051 2108 2107 2161 in
2143 2105 2311 2161 Patre
2343 2106 2680 2161 considerari
2716 2115 2914 2160 natura
2958 2123 3067 2161 non
3103 2108 3329 2177 patitur.

1753 2197 1874 2253 Jam
1905 2214 2030 2253 cum
2075 2197 2215 2253 Filio
2244 2206 2299 2253 et
2330 2197 2562 2269 Spiritui
2593 2206 2787 2253 saneto
2815 2213 3106 2253 commune
3139 2200 3230 2261 sit,
3272 2208 3335 2254 ut

1754 2307 1865 2347 non
1904 2291 2146 2362 ingenito
2191 2291 2355 2346 modo
2381 2290 2679 2355 exsistant,
2725 2305 2794 2345 ne
2828 2306 2933 2360 qua
2988 2292 3039 2343 in
3085 2292 3335 2359 subjecto

1755 2383 2014 2441 confusio
2054 2390 2372 2453 spectetur:
2420 2398 2614 2439 rursus
2655 2382 3230 2438 incommunicabilem
3281 2383 3336 2436 in

1754 2491 1945 2531 eorum
1980 2475 2414 2546 preprietatibus
2448 2473 2814 2529 diﬂerentiam
2850 2474 3097 2527 invenire
3132 2488 3334 2543 possu-

1756 2583 1879 2622 mus
1902 2606 1917 2631 ,
1961 2575 2021 2621 ut
2070 2576 2124 2621 et
2158 2565 2303 2635 quod
2335 2580 2630 2621 commune
2659 2575 2741 2622 est
2787 2574 3061 2631 servetur,
3098 2574 3151 2619 et
3189 2565 3336 2635 quod

1757 2658 2041 2729 proprium
2069 2665 2155 2714 est
2183 2673 2293 2713 non
2334 2658 2729 2713 confundatur.
2772 2658 2988 2712 Etenim
3020 2659 3339 2727 unigenitus

1759 2749 1931 2805 Filius
1951 2765 2017 2804 ex
2041 2749 2203 2805 Patre
2230 2750 2286 2805 in
2308 2749 2595 2821 Scriptora
2630 2765 2785 2805 sacra
2812 2750 3037 2812 dicitur,
3067 2762 3120 2804 et
3148 2750 3339 2803 hacte-

1758 2856 1865 2897 nus
1900 2843 2022 2912 ejus
2061 2843 2455 2912 proprietatem
2499 2842 2646 2898 illius
2693 2842 2946 2896 doctrina
3001 2841 3214 2896 detinit.
3269 2841 3339 2893 At

1760 2934 1998 3005 Spiritus
2047 2944 2273 2990 sanctus
2323 2946 2375 2990 et
2419 2949 2485 2991 ex
2529 2934 2693 2990 Patre
2738 2935 2959 2998 dicitur,
3005 2943 3055 2987 et
3095 2949 3160 2987 ex
3197 2931 3339 2985 Filio

1757 3043 1871 3083 esse
1904 3026 2242 3097 perhibetur.
2290 3025 2351 3081 Si
2392 3027 2508 3097 quis
2554 3026 2723 3088 enim,
2754 3027 2852 3087 ait,
2888 3024 3145 3091 Spiritum
3185 3022 3340 3079 Chri—

1759 3120 1828 3174 sti
1854 3136 1959 3174 non
2002 3119 2176 3183 habet,
2212 3118 2295 3172 hic
2349 3136 2451 3173 non
2496 3128 2574 3172 est
2616 3118 2782 3185 ipsius
2811 3120 2852 3172 ¹.
2902 3117 3069 3187 Igitur
3099 3115 3339 3185 Spiritus

1760 3210 1851 3280 qui
1883 3226 1947 3264 ex
1978 3208 2089 3264 Deo
2120 3217 2227 3272 est,
2266 3208 2432 3264 etiam
2487 3208 2581 3263 Dei
2626 3208 2862 3280 Spiritus
2893 3216 2998 3263 est.
3036 3209 3103 3261 At
3141 3207 3339 3269 Filius,

1758 3318 1882 3357 cum
1915 3316 1980 3357 ex
2014 3300 2123 3357 Deo
2149 3302 2247 3365 sit,
2283 3316 2393 3355 non
2422 3300 2533 3370 jam
2578 3307 2763 3355 tamen
2786 3299 2956 3356 Filius
2980 3299 3220 3370 Spiritus
3246 3305 3340 3352 aut

1759 3401 1868 3461 est,
1918 3403 2013 3449 aut
2051 3393 2258 3449 dicitur
2290 3413 2303 3449 :
2334 3408 2511 3465 neque
2563 3394 2679 3449 haec
2733 3392 2964 3449 relativa
3013 3393 3340 3449 consecutio

1760 3484 2124 3541 convertitur.

1584 3714 1585 3717 η
1666 3686 1754 3743 ΙΙΙ.

962 3803 1043 3857 Ea:
1072 3820 1311 3859 sermone
1340 3803 1392 3858 in
1417 3802 1552 3857 illud
1582 3819 1599 3856 :
1634 3800 1734 3857 Hic
1760 3810 1845 3857 est
1873 3800 2048 3856 Filius
2074 3816 2227 3858 meus
2246 3801 2499 3858 dilectus.

658 3919 812 3990 Apud
840 3917 898 3974 S.
933 3917 1178 3974 Joannem
1210 3917 1571 3975 Danascsueu
1597 3933 1663 3973 ex
1694 3916 1852 3973 Sacr.
1889 3916 2145 3972 Parallel.
2182 3926 2311 3972 tom.
2344 3914 2431 3981 II,
2470 3930 2594 3986 pag.
2630 3914 2753 3972 773.

138 4034 212 4087 Τί
232 4033 294 4087 τδ
320 4033 595 4089 πιστεύειν
615 4032 865 4105 ἀφέντες,
884 4033 1200 4105 τεχνολογοῦ
1208 4050 1308 4104 μεν
1325 4034 1425 4104 τὴν
1450 4033 1653 4102 πίστιν,

64 4129 166 4184 καὶ
195 4126 512 4200 πληροῦμεν
541 4127 639 4200 τὴν
666 4126 962 4199 ἐπιθυμίαν
993 4126 1088 4180 τοῦ
1119 4126 1297 4181 κοινοῦ
1325 4125 1654 4197 δυσμενοῦς;

62 4220 445 4289 Αεγισάμενος
460 4219 570 4291 γὰρ
590 4220 619 4273 ὁ
640 4218 904 4282 διάϐολος,
926 4218 954 4270 ὁ
980 4217 1157 4282 κοινὸς
1179 4219 1279 4289 τῆς
1300 4217 1396 4272 ἀνθ
1407 4217 1654 4288 ρωπότη-

62 4332 164 4378 τας
206 4311 444 4383 λυμεὼν,
475 4312 556 4365 ὅτι
590 4311 830 4384 γαλήνης
861 4312 918 4364 ὲν
953 4312 1085 4381 ἡμῖν
1115 4308 1562 4380 πολιτευομένης,
1587 4308 1657 4363 τὰ

61 4407 172 4477 τῆς
218 4404 498 4468 εὐσεϐείας
536 4402 723 4467 ἀνθεῖ,
781 4402 883 4477 τῆς
928 4402 1166 4465 πίστεως
1213 4400 1271 4454 δὲ
1319 4400 1652 4471 κρατούσης,

63 4495 278 4561 εὐζωῖα
312 4497 532 4566 κρατεῖ,
583 4493 726 4562 φίλοι
757 4509 816 4545 τε
860 4491 954 4545 τοῦ
985 4490 1328 4562 Δημιουργοῦ
1370 4490 1653 4561 γινόμεθα,

1834 4032 1979 4099 Quid
2015 4041 2121 4098 est,
2160 4031 2307 4105 quod
2340 4031 2570 4087 dimissa
2618 4030 2725 4085 ﬁde
2766 4028 3097 4084 artiﬁciosos
3131 4029 3198 4085 de
3242 4030 3348 4085 ﬁde

1764 4140 2048 4182 sermones
2066 4125 2357 4189 nectimus,
2387 4130 2443 4179 et
2471 4122 2781 4177 communis
2814 4120 2988 4175 hostis
3006 4119 3353 4175 desiderium

1764 4217 2101 4288 implemus?
2126 4215 2391 4271 Diabolus
2417 4213 2690 4283 siquidem
2718 4212 3077 4267 humanitatis
3095 4226 3349 4265 commu-

1764 4310 1852 4364 nis
1882 4309 2103 4363 vitiator
2134 4306 2239 4361 hoc
2271 4320 2460 4361 secum
2484 4311 2769 4374 reputans,
2801 4302 2946 4374 quod
2982 4304 3027 4357 si
3062 4301 3346 4372 tranquilli

1764 4414 2012 4471 agamus,
2042 4397 2239 4468 religio
2269 4395 2497 4463 ﬂoreat;
2532 4394 2904 4449 invalescente
2938 4408 3069 4449 vero
3111 4392 3233 4458 ﬁde,
3267 4396 3351 4446 vi-
3390 4403 3395 4409 ‘

1760 4490 2011 4544 vaciores
2054 4488 2249 4542 ﬁamus
2294 4495 2348 4541 et
2384 4486 2543 4541 amici
2572 4484 2887 4540 Conditoris
2920 4483 3239 4545 evadamus,
3280 4500 3349 4541 ne

64 4590 158 4642 ἵνα
194 4588 270 4658 μὴ
305 4564 652 4656 ἐπέλθωμεν,
684 4583 805 4638 ὅθεν
830 4583 1037 4647 ἐκεῖνος
1078 4581 1354 4648 ἐξέπεσεν,
1394 4583 1557 4653 ὁρᾷτε
1603 4581 1657 4634 τί
1688 4564 1733 4618 Ῑ)

1763 4580 1894 4634 illuc
1922 4578 2068 4633 unde
2097 4577 2301 4633 excidit
2326 4574 2733 4646 perveniamus,
2766 4572 2947 4628 videte
2988 4571 3118 4641 quid
3148 4571 3344 4641 egerit,

63 4680 368 4750 πεποίηκε,
404 4678 500 4731 καὶ
527 4677 647 4742 πῶς
675 4675 1001 4749 πανούργως
1039 4675 1130 4729 τὸν
1158 4673 1279 4727 καθ’
1315 4674 1462 4743 ἡμᾶς
1494 4674 1661 4745 ὲρῤα-

64 4771 299 4842 ψῴδηκε
336 4768 591 4839 πόλεμον.
634 4767 693 4820 Ὀ
735 4766 1158 4839 μηχανορῥάφος
1187 4764 1295 4817 τῶν
1322 4762 1531 4831 κακῶν,
1565 4764 1661 4816 καὶ

64 4861 239 4930 σοφὸς
277 4861 335 4913 ἐν
363 4859 632 4924 ἀπάταις,
686 4858 780 4911 καὶ
815 4857 1059 4920 ποικίλος
1101 4858 1158 4909 ὲν
1188 4855 1531 4921 ἐπιϐουλαῖς,
1564 4857 1658 4909 καὶ

64 4954 329 5016 πλούσιος
358 4953 416 5005 ὲν
455 4954 569 5015 τοῖς
612 4951 803 5012 κακοῖς
840 4948 1220 5021 μηχανήμασι,
1253 4947 1657 5017 παρασκευάζει

59 5048 221 5109 τινὰς
266 5046 325 5099 ἐν
370 5045 718 5116 προσχήματι
750 5042 850 5113 τῆς
895 5041 1175 5103 εὐσεϐείας
1222 5039 1653 5112 στρατεύσασθαι

61 5140 215 5194 κατὰ
244 5137 349 5208 τῆς
382 5138 641 5203 πίστεως,
664 5136 759 5189 καὶ
789 5137 923 5188 πᾶσι
948 5136 1060 5198 τοῖς
1091 5133 1341 5187 εὐσεϐέσι
1381 5132 1449 5185 δι’
1476 5132 1654 5185 αὐτῶν

60 5234 305 5303 ἄκαιρον
336 5229 690 5299 φιλονεικίαν,
739 5229 832 5282 κα)⁵
863 5226 1204 5299 ψυχοφθόρον
1250 5225 1470 5279 ἐνέϐαλε
1501 5226 1655 5277 πόλε-

61 5341 207 5390 μον,
261 5322 356 5375 καὶ
410 5322 509 5392 τῆς
553 5320 877 5389 Ἑκκλησίας
944 5320 1012 5372 τὰ
1056 5318 1191 5389 μέλη
1239 5320 1360 5371 κατ’
1409 5317 1655 5389 ἀλλήλων

60 5414 423 5484 ἐστράτευσε.
455 5413 784 5484 Στρέψωμεν
809 5412 990 5465 τοίνυν
1016 5412 1154 5465 κατὰ
1173 5411 1270 5478 τῆς
1297 5409 1460 5463 αὐτοῦ
1488 5427 1656 5479 κεφα-

61 5507 167 5579 λῆς
203 5506 364 5559 τοῦτο
406 5506 471 5578 δὴ
519 5505 580 5558 τὸ
612 5505 805 5575 σοφὸν,
860 5506 954 5559 καὶ
983 5504 1081 5575 τὴν
1124 5504 1464 5575 εὐφροσύνην
1489 5504 1651 5557 αὐτοῦ

138 5648 164 5679 ³
193 5645 429 5716 Philipp.
460 5662 534 5709 ιν,
566 5646 649 5700 15.
726 5645 746 5675 ⁸
790 5642 945 5698 Rom.
988 5658 1105 5705 vm,
1144 5641 1199 5696 9.

1760 4682 1816 4729 et
1845 4687 2008 4744 quam
2030 4679 2211 4727 astute
2242 4670 2443 4725 bellum
2475 4668 2769 4723 adversum
2796 4680 2899 4720 nos
2921 4664 3207 4721 struxerit.
3235 4664 3349 4717 Ma-

1760 4766 1941 4821 lorum
1997 4763 2352 4817 machinator
2389 4760 2500 4824 ille,
2545 4758 2800 4827 dolisque
2844 4772 3035 4828 sagax,
3092 4762 3344 4809 versutus

1760 4858 1815 4912 in
1844 4856 2086 4920 insidiis,
2126 4863 2180 4910 et
2222 4852 2483 4924 pessimis
2517 4850 2731 4906 artibus
2774 4850 3045 4918 locuples,
3077 4844 3345 4915 quosdam

1760 4948 2048 5012 subornat,
2090 4946 2185 5015 qui
2220 4952 2503 5013 assumpta
2552 4942 2779 5012 pietatis
2824 4940 3010 5010 specie
3054 4937 3181 4991 ﬁdei
3229 4936 3346 4989 bel-

1760 5042 1873 5094 lum
1898 5039 2143 5094 inferant
2175 5056 2187 5091 :
2214 5050 2517 5105 omnesque
2546 5032 2831 5105 religionis
2873 5031 3115 5085 cultores
3150 5029 3343 5081 horum

1758 5132 2072 5202 importuna
2104 5130 2458 5185 contentione
2487 5129 2540 5183 in
2574 5126 2872 5197 perniciem
2906 5123 3213 5177 animarum
3254 5122 3340 5174 in-

1758 5224 1901 5279 festo
1926 5224 2126 5295 prtelio
2161 5222 2435 5284 adoritur,
2465 5237 2576 5291 quo
2596 5218 2857 5273 Ecclesiae
2882 5214 3126 5273 membra
3150 5228 3347 5268 manus

1757 5317 1903 5371 inter
1935 5332 1995 5372 se
2024 5325 2341 5371 conserant.
2384 5313 2752 5379 Quamobrem
2793 5310 2847 5364 in
2895 5314 3060 5377 caput
3108 5306 3345 5376 improbi

1761 5411 2086 5482 sapientiam
2130 5410 2273 5464 hanc.
2318 5416 2730 5467 convertamus,
2786 5402 3021 5472 ejusque
3077 5399 3344 5470 gaudium

1760 5506 1816 5560 in
1848 5502 2093 5559 dolorem
2143 5510 2199 5557 et
2238 5502 2448 5556 luctum
2501 5495 2787 5555 solaminis
2833 5501 3113 5564 expertem
3165 5497 3346 5546 mute-

138 5784 227 5856 (‘2)
256 5786 332 5841 Ex
365 5787 683 5857 conjectura
715 5786 817 5841 viri
861 5784 1010 5841 docti
1036 5790 1089 5840 et
1112 5779 1427 5853 interpretis
1471 5777 1756 5851 legendum

1788 5776 2004 5835 vitklur
2044 5774 2479 5848 συνοδοιπόρους.
