  <div class='ocr_page' id='page_1' title='image "/cluster/home/n/w/nwhite01/storage/ocr_20150623/46/hvd.32044014713994/563.png"; bbox 0 0 3822 6394; ppageno 0'>
   <div class='ocr_carea' id='block_1_1' title="bbox 441 267 585 329">
    <p class='ocr_par' dir='ltr' id='par_1_1' title="bbox 441 267 585 329">
     <span class='ocr_line' id='line_1_1' title="bbox 441 267 585 329; baseline 0.021 -3"><span class='ocrx_word' id='word_1_1' title='bbox 441 267 585 329; x_wconf 68' lang='grc'><strong>1115</strong></span> 
     </span>
    </p>
   </div>
   <div class='ocr_carea' id='block_1_2' title="bbox 997 386 1470 444">
    <p class='ocr_par' dir='ltr' id='par_1_2' title="bbox 997 386 1470 444">
     <span class='ocr_line' id='line_1_2' title="bbox 997 386 1470 444; baseline 0.006 -3"><span class='ocrx_word' id='word_1_2' title='bbox 997 386 1079 441; x_wconf 80' lang='lat' dir='ltr'><strong>Ea:</strong></span> <span class='ocrx_word' id='word_1_3' title='bbox 1106 388 1284 442; x_wconf 82' lang='lat' dir='ltr'><strong>eodem</strong></span> <span class='ocrx_word' id='word_1_4' title='bbox 1314 388 1470 444; x_wconf 88' lang='lat' dir='ltr'><strong>libro.</strong></span> 
     </span>
    </p>
   </div>
   <div class='ocr_carea' id='block_1_3' title="bbox 515 499 2022 571">
    <p class='ocr_par' dir='ltr' id='par_1_3' title="bbox 515 499 2022 571">
     <span class='ocr_line' id='line_1_3' title="bbox 515 499 2022 571; baseline 0.001 -18"><span class='ocrx_word' id='word_1_5' title='bbox 515 499 586 553; x_wconf 87' lang='lat' dir='ltr'><strong>Et</strong></span> <span class='ocrx_word' id='word_1_6' title='bbox 614 500 751 553; x_wconf 73' lang='lat' dir='ltr'><strong>dixit</strong></span> <span class='ocrx_word' id='word_1_7' title='bbox 775 499 912 554; x_wconf 88' lang='lat' dir='ltr'><strong>Deus</strong></span> <span class='ocrx_word' id='word_1_8' title='bbox 935 514 953 552; x_wconf 84' lang='lat'><strong>.&#39;</strong></span> <span class='ocrx_word' id='word_1_9' title='bbox 993 499 1196 564; x_wconf 85' lang='lat' dir='ltr'><strong>Venite,</strong></span> <span class='ocrx_word' id='word_1_10' title='bbox 1223 499 1626 564; x_wconf 76' lang='lat' dir='ltr'><strong>descendemus,</strong></span> <span class='ocrx_word' id='word_1_11' title='bbox 1650 512 1700 555; x_wconf 91' lang='lat' dir='ltr'><strong>et</strong></span> <span class='ocrx_word' id='word_1_12' title='bbox 1727 502 2022 571; x_wconf 81' lang='lat' dir='ltr'><strong>confunda-</strong></span> 
     </span>
    </p>
   </div>
   <div class='ocr_carea' id='block_1_4' title="bbox 442 591 2026 661">
    <p class='ocr_par' dir='ltr' id='par_1_4' title="bbox 442 591 2026 661">
     <span class='ocr_line' id='line_1_4' title="bbox 442 591 2026 661; baseline 0.002 -16"><span class='ocrx_word' id='word_1_13' title='bbox 442 609 558 646; x_wconf 86' lang='lat' dir='ltr'><strong>mus</strong></span> <span class='ocrx_word' id='word_1_14' title='bbox 581 592 817 661; x_wconf 83' lang='lat' dir='ltr'><strong>linguam</strong></span> <span class='ocrx_word' id='word_1_15' title='bbox 840 608 1021 645; x_wconf 88' lang='lat' dir='ltr'><strong>eorunt</strong></span> <span class='ocrx_word' id='word_1_16' title='bbox 1055 594 1118 647; x_wconf 85' lang='lat'><strong>&quot;.</strong></span> <span class='ocrx_word' id='word_1_17' title='bbox 1149 591 1285 646; x_wconf 91' lang='lat' dir='ltr'><strong>Illud</strong></span> <span class='ocrx_word' id='word_1_18' title='bbox 1308 593 1476 660; x_wconf 88' lang='lat' dir='ltr'><strong>enim,</strong></span> <span class='ocrx_word' id='word_1_19' title='bbox 1518 593 1722 660; x_wconf 77' lang='lat' dir='ltr'><strong>Venite,</strong></span> <span class='ocrx_word' id='word_1_20' title='bbox 1755 596 1894 650; x_wconf 91' lang='lat' dir='ltr'><strong>duos</strong></span> <span class='ocrx_word' id='word_1_21' title='bbox 1916 595 2026 650; x_wconf 89' lang='lat' dir='ltr'><strong>sal-</strong></span> 
     </span>
    </p>
   </div>
   <div class='ocr_carea' id='block_1_5' title="bbox 443 682 2026 759">
    <p class='ocr_par' dir='ltr' id='par_1_5' title="bbox 443 682 2026 759">
     <span class='ocr_line' id='line_1_5' title="bbox 443 682 2026 759; baseline 0.004 -21"><span class='ocrx_word' id='word_1_22' title='bbox 443 694 551 739; x_wconf 97' lang='lat' dir='ltr'><strong>tem</strong></span> <span class='ocrx_word' id='word_1_23' title='bbox 589 682 886 753; x_wconf 89' lang='lat' dir='ltr'><strong>signiﬁcat.</strong></span> <span class='ocrx_word' id='word_1_24' title='bbox 937 682 1001 736; x_wconf 90' lang='lat' dir='ltr'><strong>Et</strong></span> <span class='ocrx_word' id='word_1_25' title='bbox 1049 699 1191 738; x_wconf 90' lang='lat' dir='ltr'><strong>unus</strong></span> <span class='ocrx_word' id='word_1_26' title='bbox 1221 692 1305 739; x_wconf 90' lang='lat' dir='ltr'><strong>est</strong></span> <span class='ocrx_word' id='word_1_27' title='bbox 1330 725 1344 748; x_wconf 93' lang='lat'><strong>,</strong></span> <span class='ocrx_word' id='word_1_28' title='bbox 1381 685 1472 754; x_wconf 90' lang='lat' dir='ltr'><strong>qui</strong></span> <span class='ocrx_word' id='word_1_29' title='bbox 1506 685 1768 756; x_wconf 73' lang='lat' dir='ltr'><strong>loquitur.</strong></span> <span class='ocrx_word' id='word_1_30' title='bbox 1810 687 1885 742; x_wconf 84' lang='lat' dir='ltr'><strong>Ex</strong></span> <span class='ocrx_word' id='word_1_31' title='bbox 1917 705 2026 759; x_wconf 92' lang='lat' dir='ltr'><strong>quo</strong></span> 
     </span>
    </p>
   </div>
   <div class='ocr_carea' id='block_1_6' title="bbox 442 773 2025 850">
    <p class='ocr_par' dir='ltr' id='par_1_6' title="bbox 442 773 2025 850">
     <span class='ocr_line' id='line_1_6' title="bbox 442 773 2025 850; baseline 0.002 -20"><span class='ocrx_word' id='word_1_32' title='bbox 442 776 686 832; x_wconf 83' lang='lat' dir='ltr'><strong>Trinitas</strong></span> <span class='ocrx_word' id='word_1_33' title='bbox 719 774 962 846; x_wconf 82' lang='lat' dir='ltr'><strong>perfecta</strong></span> <span class='ocrx_word' id='word_1_34' title='bbox 1009 773 1343 831; x_wconf 89' lang='lat' dir='ltr'><strong>declaratur.</strong></span> <span class='ocrx_word' id='word_1_35' title='bbox 1381 777 1534 842; x_wconf 87' lang='lat' dir='ltr'><strong>Quod</strong></span> <span class='ocrx_word' id='word_1_36' title='bbox 1583 789 1758 832; x_wconf 88' lang='lat' dir='ltr'><strong>autem</strong></span> <span class='ocrx_word' id='word_1_37' title='bbox 1797 796 1890 836; x_wconf 90' lang='lat' dir='ltr'><strong>eos</strong></span> <span class='ocrx_word' id='word_1_38' title='bbox 1931 782 2025 850; x_wconf 89' lang='lat' dir='ltr'><strong>qui</strong></span> 
     </span>
    </p>
   </div>
   <div class='ocr_carea' id='block_1_7' title="bbox 441 866 2028 940">
    <p class='ocr_par' dir='ltr' id='par_1_7' title="bbox 441 866 2028 940">
     <span class='ocr_line' id='line_1_7' title="bbox 441 866 2028 940; baseline 0.004 -21"><span class='ocrx_word' id='word_1_39' title='bbox 441 866 685 935; x_wconf 82' lang='lat' dir='ltr'><strong>ejusdem</strong></span> <span class='ocrx_word' id='word_1_40' title='bbox 714 866 1001 935; x_wconf 74' lang='lat' dir='ltr'><strong>potestatis</strong></span> <span class='ocrx_word' id='word_1_41' title='bbox 1023 874 1078 920; x_wconf 87' lang='lat' dir='ltr'><strong>et</strong></span> <span class='ocrx_word' id='word_1_42' title='bbox 1106 867 1360 921; x_wconf 64' lang='lat' dir='ltr'><strong>essentne</strong></span> <span class='ocrx_word' id='word_1_43' title='bbox 1387 877 1516 922; x_wconf 91' lang='lat' dir='ltr'><strong>sunt</strong></span> <span class='ocrx_word' id='word_1_44' title='bbox 1539 909 1552 932; x_wconf 92' lang='lat'><strong>,</strong></span> <span class='ocrx_word' id='word_1_45' title='bbox 1587 870 1917 940; x_wconf 85' lang='lat' dir='ltr'><strong>alloquatur,</strong></span> <span class='ocrx_word' id='word_1_46' title='bbox 1943 888 2028 925; x_wconf 76' lang='lat' dir='ltr'><strong>ve-</strong></span> 
     </span>
    </p>
   </div>
   <div class='ocr_carea' id='block_1_8' title="bbox 437 957 2024 1030">
    <p class='ocr_par' dir='ltr' id='par_1_8' title="bbox 437 957 2024 1030">
     <span class='ocr_line' id='line_1_8' title="bbox 437 957 2024 1030; baseline 0.004 -19"><span class='ocrx_word' id='word_1_47' title='bbox 437 959 553 1011; x_wconf 86' lang='lat' dir='ltr'><strong>nite</strong></span> <span class='ocrx_word' id='word_1_48' title='bbox 575 958 854 1029; x_wconf 87' lang='lat' dir='ltr'><strong>inquiens,</strong></span> <span class='ocrx_word' id='word_1_49' title='bbox 885 966 939 1011; x_wconf 86' lang='lat' dir='ltr'><strong>et</strong></span> <span class='ocrx_word' id='word_1_50' title='bbox 961 958 1064 1011; x_wconf 87' lang='lat' dir='ltr'><strong>hoc</strong></span> <span class='ocrx_word' id='word_1_51' title='bbox 1095 957 1381 1027; x_wconf 78' lang='lat' dir='ltr'><strong>faciamus,</strong></span> <span class='ocrx_word' id='word_1_52' title='bbox 1411 959 1568 1014; x_wconf 81' lang='lat' dir='ltr'><strong>facile</strong></span> <span class='ocrx_word' id='word_1_53' title='bbox 1597 971 1840 1030; x_wconf 87' lang='lat' dir='ltr'><strong>apparet.</strong></span> <span class='ocrx_word' id='word_1_54' title='bbox 1870 962 2024 1028; x_wconf 82' lang='lat' dir='ltr'><strong>Quod</strong></span> 
     </span>
    </p>
   </div>
   <div class='ocr_carea' id='block_1_9' title="bbox 443 1045 2028 1118">
    <p class='ocr_par' dir='ltr' id='par_1_9' title="bbox 443 1045 2028 1118">
     <span class='ocr_line' id='line_1_9' title="bbox 443 1045 2028 1118; baseline 0.004 -20"><span class='ocrx_word' id='word_1_55' title='bbox 443 1045 490 1098; x_wconf 88' lang='lat' dir='ltr'><strong>si</strong></span> <span class='ocrx_word' id='word_1_56' title='bbox 549 1045 773 1116; x_wconf 85' lang='lat' dir='ltr'><strong>angelos</strong></span> <span class='ocrx_word' id='word_1_57' title='bbox 821 1045 1104 1101; x_wconf 91' lang='lat' dir='ltr'><strong>ministros</strong></span> <span class='ocrx_word' id='word_1_58' title='bbox 1151 1047 1445 1101; x_wconf 90' lang='lat' dir='ltr'><strong>allocutum</strong></span> <span class='ocrx_word' id='word_1_59' title='bbox 1490 1049 1862 1118; x_wconf 86' lang='lat' dir='ltr'><strong>responderis,</strong></span> <span class='ocrx_word' id='word_1_60' title='bbox 1914 1051 2028 1106; x_wconf 90' lang='lat' dir='ltr'><strong>sive</strong></span> 
     </span>
    </p>
   </div>
   <div class='ocr_carea' id='block_1_10' title="bbox 436 1131 2024 1206">
    <p class='ocr_par' dir='ltr' id='par_1_10' title="bbox 436 1131 2024 1206">
     <span class='ocr_line' id='line_1_10' title="bbox 436 1131 2024 1206; baseline 0.007 -25"><span class='ocrx_word' id='word_1_61' title='bbox 436 1141 636 1184; x_wconf 83' lang='lat' dir='ltr'><strong>omnes</strong></span> <span class='ocrx_word' id='word_1_62' title='bbox 661 1171 675 1194; x_wconf 90' lang='lat'><strong>,</strong></span> <span class='ocrx_word' id='word_1_63' title='bbox 704 1132 848 1201; x_wconf 90' lang='lat' dir='ltr'><strong>quod</strong></span> <span class='ocrx_word' id='word_1_64' title='bbox 895 1131 1196 1186; x_wconf 91' lang='lat' dir='ltr'><strong>absurdum</strong></span> <span class='ocrx_word' id='word_1_65' title='bbox 1238 1146 1318 1188; x_wconf 84' lang='lat' dir='ltr'><strong>est</strong></span> <span class='ocrx_word' id='word_1_66' title='bbox 1341 1175 1356 1199; x_wconf 91' lang='lat'><strong>,</strong></span> <span class='ocrx_word' id='word_1_67' title='bbox 1395 1135 1509 1190; x_wconf 90' lang='lat' dir='ltr'><strong>sive</strong></span> <span class='ocrx_word' id='word_1_68' title='bbox 1538 1151 1742 1206; x_wconf 86' lang='lat' dir='ltr'><strong>paucos</strong></span> <span class='ocrx_word' id='word_1_69' title='bbox 1777 1137 1982 1192; x_wconf 78' lang='lat' dir='ltr'><strong>dixeris</strong></span> <span class='ocrx_word' id='word_1_70' title='bbox 2010 1178 2024 1198; x_wconf 88' lang='lat'><strong>.</strong></span> 
     </span>
    </p>
   </div>
   <div class='ocr_carea' id='block_1_11' title="bbox 443 1217 2032 1290">
    <p class='ocr_par' dir='ltr' id='par_1_11' title="bbox 443 1217 2032 1290">
     <span class='ocr_line' id='line_1_11' title="bbox 443 1217 2032 1290; baseline 0.006 -20"><span class='ocrx_word' id='word_1_71' title='bbox 443 1232 571 1270; x_wconf 85' lang='lat' dir='ltr'><strong>cum</strong></span> <span class='ocrx_word' id='word_1_72' title='bbox 619 1217 670 1271; x_wconf 90' lang='lat' dir='ltr'><strong>id</strong></span> <span class='ocrx_word' id='word_1_73' title='bbox 716 1219 866 1272; x_wconf 93' lang='lat' dir='ltr'><strong>nullo</strong></span> <span class='ocrx_word' id='word_1_74' title='bbox 902 1218 1202 1288; x_wconf 70' lang='lat' dir='ltr'><strong>Scriptum</strong></span> <span class='ocrx_word' id='word_1_75' title='bbox 1248 1223 1562 1278; x_wconf 88' lang='lat' dir='ltr'><strong>testimonio</strong></span> <span class='ocrx_word' id='word_1_76' title='bbox 1605 1223 1801 1279; x_wconf 80' lang='lat' dir='ltr'><strong>fultum</strong></span> <span class='ocrx_word' id='word_1_77' title='bbox 1833 1226 1939 1290; x_wconf 89' lang='lat' dir='ltr'><strong>sit,</strong></span> <span class='ocrx_word' id='word_1_78' title='bbox 1973 1237 2032 1280; x_wconf 92' lang='lat' dir='ltr'><strong>ut</strong></span> 
     </span>
    </p>
   </div>
   <div class='ocr_carea' id='block_1_12' title="bbox 445 1303 1127 1375">
    <p class='ocr_par' dir='ltr' id='par_1_12' title="bbox 445 1303 1127 1375">
     <span class='ocr_line' id='line_1_12' title="bbox 445 1303 1127 1375; baseline 0.006 -19"><span class='ocrx_word' id='word_1_79' title='bbox 445 1303 644 1358; x_wconf 66' lang='lat' dir='ltr'><strong>falsum</strong></span> <span class='ocrx_word' id='word_1_80' title='bbox 675 1306 1127 1375; x_wconf 85' lang='lat' dir='ltr'><strong>improbabimus.</strong></span> 
     </span>
    </p>
   </div>
   <div class='ocr_carea' id='block_1_13' title="bbox 519 1412 2030 1492">
    <p class='ocr_par' dir='ltr' id='par_1_13' title="bbox 519 1412 2030 1492">
     <span class='ocr_line' id='line_1_13' title="bbox 519 1412 2030 1492; baseline 0.009 -28"><span class='ocrx_word' id='word_1_81' title='bbox 519 1412 806 1478; x_wconf 83' lang='lat' dir='ltr'><strong>Quomodo</strong></span> <span class='ocrx_word' id='word_1_82' title='bbox 838 1413 1080 1482; x_wconf 85' lang='lat' dir='ltr'><strong>loquitur</strong></span> <span class='ocrx_word' id='word_1_83' title='bbox 1113 1413 1290 1471; x_wconf 84' lang='lat' dir='ltr'><strong>Deus?</strong></span> <span class='ocrx_word' id='word_1_84' title='bbox 1318 1417 1469 1474; x_wconf 89' lang='lat' dir='ltr'><strong>Eone</strong></span> <span class='ocrx_word' id='word_1_85' title='bbox 1510 1419 1672 1474; x_wconf 93' lang='lat' dir='ltr'><strong>modo</strong></span> <span class='ocrx_word' id='word_1_86' title='bbox 1715 1435 1824 1491; x_wconf 90' lang='lat' dir='ltr'><strong>quo</strong></span> <span class='ocrx_word' id='word_1_87' title='bbox 1855 1422 2030 1492; x_wconf 86' lang='lat' dir='ltr'><strong>loqui-</strong></span> 
     </span>
    </p>
   </div>
   <div class='ocr_carea' id='block_1_14' title="bbox 449 1504 2027 1575">
    <p class='ocr_par' dir='ltr' id='par_1_14' title="bbox 449 1504 2027 1575">
     <span class='ocr_line' id='line_1_14' title="bbox 449 1504 2027 1575; baseline 0.008 -19"><span class='ocrx_word' id='word_1_88' title='bbox 449 1519 574 1557; x_wconf 89' lang='lat' dir='ltr'><strong>mur</strong></span> <span class='ocrx_word' id='word_1_89' title='bbox 625 1504 763 1560; x_wconf 86' lang='lat' dir='ltr'><strong>nos?</strong></span> <span class='ocrx_word' id='word_1_90' title='bbox 804 1505 1035 1575; x_wconf 88' lang='lat' dir='ltr'><strong>Impium</strong></span> <span class='ocrx_word' id='word_1_91' title='bbox 1082 1507 1156 1560; x_wconf 86' lang='lat' dir='ltr'><strong>sit</strong></span> <span class='ocrx_word' id='word_1_92' title='bbox 1200 1509 1273 1562; x_wconf 89' lang='lat' dir='ltr'><strong>ita</strong></span> <span class='ocrx_word' id='word_1_93' title='bbox 1313 1513 1537 1565; x_wconf 89' lang='lat' dir='ltr'><strong>sentire.</strong></span> <span class='ocrx_word' id='word_1_94' title='bbox 1568 1511 1704 1566; x_wconf 86' lang='lat' dir='ltr'><strong>Nam</strong></span> <span class='ocrx_word' id='word_1_95' title='bbox 1739 1516 2027 1569; x_wconf 81' lang='lat' dir='ltr'><strong>consilium</strong></span> 
     </span>
    </p>
   </div>
   <div class='ocr_carea' id='block_1_15' title="bbox 452 1594 2030 1673">
    <p class='ocr_par' dir='ltr' id='par_1_15' title="bbox 452 1594 2030 1673">
     <span class='ocr_line' id='line_1_15' title="bbox 452 1594 2030 1673; baseline 0.008 -27"><span class='ocrx_word' id='word_1_96' title='bbox 452 1594 694 1648; x_wconf 88' lang='lat' dir='ltr'><strong>divinum</strong></span> <span class='ocrx_word' id='word_1_97' title='bbox 722 1638 736 1661; x_wconf 90' lang='lat'><strong>,</strong></span> <span class='ocrx_word' id='word_1_98' title='bbox 767 1604 821 1650; x_wconf 84' lang='lat' dir='ltr'><strong>et</strong></span> <span class='ocrx_word' id='word_1_99' title='bbox 853 1597 1062 1665; x_wconf 89' lang='lat' dir='ltr'><strong>primus</strong></span> <span class='ocrx_word' id='word_1_100' title='bbox 1093 1598 1185 1652; x_wconf 89' lang='lat' dir='ltr'><strong>ille</strong></span> <span class='ocrx_word' id='word_1_101' title='bbox 1217 1601 1416 1653; x_wconf 87' lang='lat' dir='ltr'><strong>mentis</strong></span> <span class='ocrx_word' id='word_1_102' title='bbox 1448 1602 1803 1673; x_wconf 87' lang='lat' dir='ltr'><strong>intelligentis</strong></span> <span class='ocrx_word' id='word_1_103' title='bbox 1851 1616 2030 1660; x_wconf 91' lang='lat' dir='ltr'><strong>motus</strong></span> 
     </span>
    </p>
   </div>
   <div class='ocr_carea' id='block_1_16' title="bbox 448 1687 2031 1765">
    <p class='ocr_par' dir='ltr' id='par_1_16' title="bbox 448 1687 2031 1765">
     <span class='ocr_line' id='line_1_16' title="bbox 448 1687 2031 1765; baseline 0.006 -26"><span class='ocrx_word' id='word_1_104' title='bbox 448 1696 536 1740; x_wconf 90' lang='lat' dir='ltr'><strong>est</strong></span> <span class='ocrx_word' id='word_1_105' title='bbox 560 1702 743 1741; x_wconf 89' lang='lat' dir='ltr'><strong>sermo</strong></span> <span class='ocrx_word' id='word_1_106' title='bbox 773 1687 888 1754; x_wconf 89' lang='lat' dir='ltr'><strong>Dei,</strong></span> <span class='ocrx_word' id='word_1_107' title='bbox 916 1705 1077 1760; x_wconf 82' lang='lat' dir='ltr'><strong>quem</strong></span> <span class='ocrx_word' id='word_1_108' title='bbox 1111 1691 1192 1744; x_wconf 91' lang='lat' dir='ltr'><strong>sic</strong></span> <span class='ocrx_word' id='word_1_109' title='bbox 1223 1692 1448 1760; x_wconf 83' lang='lat' dir='ltr'><strong>exponit</strong></span> <span class='ocrx_word' id='word_1_110' title='bbox 1476 1702 1531 1747; x_wconf 90' lang='lat' dir='ltr'><strong>et</strong></span> <span class='ocrx_word' id='word_1_111' title='bbox 1563 1695 1818 1764; x_wconf 82' lang='lat' dir='ltr'><strong>exprimit</strong></span> <span class='ocrx_word' id='word_1_112' title='bbox 1844 1695 2031 1765; x_wconf 81' lang='lat' dir='ltr'><strong>Scrip-</strong></span> 
     </span>
    </p>
   </div>
   <div class='ocr_carea' id='block_1_17' title="bbox 450 1778 2021 1854">
    <p class='ocr_par' dir='ltr' id='par_1_17' title="bbox 450 1778 2021 1854">
     <span class='ocr_line' id='line_1_17' title="bbox 450 1778 2021 1854; baseline 0.005 -24"><span class='ocrx_word' id='word_1_113' title='bbox 450 1785 593 1843; x_wconf 88' lang='lat' dir='ltr'><strong>tura,</strong></span> <span class='ocrx_word' id='word_1_114' title='bbox 627 1785 686 1830; x_wconf 92' lang='lat' dir='ltr'><strong>ut</strong></span> <span class='ocrx_word' id='word_1_115' title='bbox 714 1778 1022 1849; x_wconf 90' lang='lat' dir='ltr'><strong>signiﬁcet,</strong></span> <span class='ocrx_word' id='word_1_116' title='bbox 1062 1778 1228 1834; x_wconf 89' lang='lat' dir='ltr'><strong>Deum</strong></span> <span class='ocrx_word' id='word_1_117' title='bbox 1271 1796 1379 1834; x_wconf 90' lang='lat' dir='ltr'><strong>non</strong></span> <span class='ocrx_word' id='word_1_118' title='bbox 1417 1783 1578 1837; x_wconf 89' lang='lat' dir='ltr'><strong>modo</strong></span> <span class='ocrx_word' id='word_1_119' title='bbox 1609 1799 1902 1854; x_wconf 69' lang='lat' dir='ltr'><strong>procreare</strong></span> <span class='ocrx_word' id='word_1_120' title='bbox 1929 1785 2021 1838; x_wconf 90' lang='lat' dir='ltr'><strong>ho-</strong></span> 
     </span>
    </p>
   </div>
   <div class='ocr_carea' id='block_1_18' title="bbox 448 1870 2028 1946">
    <p class='ocr_par' dir='ltr' id='par_1_18' title="bbox 448 1870 2028 1946">
     <span class='ocr_line' id='line_1_18' title="bbox 448 1870 2028 1946; baseline 0.007 -24"><span class='ocrx_word' id='word_1_121' title='bbox 448 1870 648 1923; x_wconf 86' lang='lat' dir='ltr'><strong>minem</strong></span> <span class='ocrx_word' id='word_1_122' title='bbox 695 1871 978 1937; x_wconf 91' lang='lat' dir='ltr'><strong>voluisse,</strong></span> <span class='ocrx_word' id='word_1_123' title='bbox 1042 1873 1136 1928; x_wconf 89' lang='lat' dir='ltr'><strong>sed</strong></span> <span class='ocrx_word' id='word_1_124' title='bbox 1179 1874 1416 1944; x_wconf 83' lang='lat' dir='ltr'><strong>alicujus</strong></span> <span class='ocrx_word' id='word_1_125' title='bbox 1470 1891 1636 1946; x_wconf 81' lang='lat' dir='ltr'><strong>Opera</strong></span> <span class='ocrx_word' id='word_1_126' title='bbox 1691 1878 1742 1932; x_wconf 90' lang='lat' dir='ltr'><strong>id</strong></span> <span class='ocrx_word' id='word_1_127' title='bbox 1791 1879 2028 1934; x_wconf 89' lang='lat' dir='ltr'><strong>voluisse</strong></span> 
     </span>
    </p>
   </div>
   <div class='ocr_carea' id='block_1_19' title="bbox 449 1961 2093 2035">
    <p class='ocr_par' dir='ltr' id='par_1_19' title="bbox 449 1961 2093 2035">
     <span class='ocr_line' id='line_1_19' title="bbox 449 1961 2093 2035; baseline 0.008 -21"><span class='ocrx_word' id='word_1_128' title='bbox 449 1971 726 2030; x_wconf 56' lang='lat' dir='ltr'><strong>praestare.</strong></span> <span class='ocrx_word' id='word_1_129' title='bbox 757 1961 976 2017; x_wconf 83' lang='lat' dir='ltr'><strong>Poterat</strong></span> <span class='ocrx_word' id='word_1_130' title='bbox 1007 1965 1151 2018; x_wconf 87' lang='lat' dir='ltr'><strong>enim</strong></span> <span class='ocrx_word' id='word_1_131' title='bbox 1184 1975 1240 2020; x_wconf 88' lang='lat' dir='ltr'><strong>ut</strong></span> <span class='ocrx_word' id='word_1_132' title='bbox 1275 1967 1342 2021; x_wconf 89' lang='lat' dir='ltr'><strong>ab</strong></span> <span class='ocrx_word' id='word_1_133' title='bbox 1366 1968 1520 2022; x_wconf 90' lang='lat' dir='ltr'><strong>initio</strong></span> <span class='ocrx_word' id='word_1_134' title='bbox 1555 1968 1703 2035; x_wconf 84' lang='lat' dir='ltr'><strong>fecit,</strong></span> <span class='ocrx_word' id='word_1_135' title='bbox 1739 1972 1818 2026; x_wconf 90' lang='lat' dir='ltr'><strong>sic</strong></span> <span class='ocrx_word' id='word_1_136' title='bbox 1845 1973 2027 2026; x_wconf 89' lang='lat' dir='ltr'><strong>omnia</strong></span> <span class='ocrx_word' id='word_1_137' title='bbox 2091 1971 2093 1973; x_wconf 74' lang='grc'><strong>’</strong></span> 
     </span>
    </p>
   </div>
   <div class='ocr_carea' id='block_1_20' title="bbox 449 2053 2027 2126">
    <p class='ocr_par' dir='ltr' id='par_1_20' title="bbox 449 2053 2027 2126">
     <span class='ocr_line' id='line_1_20' title="bbox 449 2053 2027 2126; baseline 0.008 -19"><span class='ocrx_word' id='word_1_138' title='bbox 449 2055 724 2125; x_wconf 84' lang='lat' dir='ltr'><strong>persequi.</strong></span> <span class='ocrx_word' id='word_1_139' title='bbox 754 2053 820 2107; x_wconf 84' lang='lat' dir='ltr'><strong>In</strong></span> <span class='ocrx_word' id='word_1_140' title='bbox 846 2057 1106 2126; x_wconf 74' lang='lat' dir='ltr'><strong>principio</strong></span> <span class='ocrx_word' id='word_1_141' title='bbox 1134 2058 1256 2126; x_wconf 78' lang='lat' dir='ltr'><strong>fecit</strong></span> <span class='ocrx_word' id='word_1_142' title='bbox 1281 2059 1419 2114; x_wconf 86' lang='lat' dir='ltr'><strong>Deus</strong></span> <span class='ocrx_word' id='word_1_143' title='bbox 1451 2063 1638 2115; x_wconf 73' lang='lat' dir='ltr'><strong>caelum</strong></span> <span class='ocrx_word' id='word_1_144' title='bbox 1663 2072 1711 2116; x_wconf 90' lang='lat' dir='ltr'><strong>et</strong></span> <span class='ocrx_word' id='word_1_145' title='bbox 1743 2073 1936 2117; x_wconf 85' lang='lat' dir='ltr'><strong>terram</strong></span> <span class='ocrx_word' id='word_1_146' title='bbox 1963 2066 2027 2120; x_wconf 82' lang='lat'><strong>&quot;.</strong></span> 
     </span>
    </p>
   </div>
   <div class='ocr_carea' id='block_1_21' title="bbox 452 2145 2032 2220">
    <p class='ocr_par' dir='ltr' id='par_1_21' title="bbox 452 2145 2032 2220">
     <span class='ocr_line' id='line_1_21' title="bbox 452 2145 2032 2220; baseline 0.009 -23"><span class='ocrx_word' id='word_1_147' title='bbox 452 2145 656 2201; x_wconf 71' lang='lat' dir='ltr'><strong>Deinde</strong></span> <span class='ocrx_word' id='word_1_148' title='bbox 711 2147 840 2202; x_wconf 81' lang='lat' dir='ltr'><strong>fecit</strong></span> <span class='ocrx_word' id='word_1_149' title='bbox 895 2149 1105 2213; x_wconf 88' lang='lat' dir='ltr'><strong>lucem,</strong></span> <span class='ocrx_word' id='word_1_150' title='bbox 1156 2158 1348 2220; x_wconf 87' lang='lat' dir='ltr'><strong>postea</strong></span> <span class='ocrx_word' id='word_1_151' title='bbox 1400 2153 1823 2209; x_wconf 89' lang='lat' dir='ltr'><strong>ﬁrmamentum.</strong></span> <span class='ocrx_word' id='word_1_152' title='bbox 1875 2155 2032 2213; x_wconf 84' lang='lat' dir='ltr'><strong>Nunc</strong></span> 
     </span>
    </p>
   </div>
   <div class='ocr_carea' id='block_1_22' title="bbox 451 2237 2030 2317">
    <p class='ocr_par' dir='ltr' id='par_1_22' title="bbox 451 2237 2030 2317">
     <span class='ocr_line' id='line_1_22' title="bbox 451 2237 2030 2317; baseline 0.009 -27"><span class='ocrx_word' id='word_1_153' title='bbox 451 2248 632 2291; x_wconf 88' lang='lat' dir='ltr'><strong>autem</strong></span> <span class='ocrx_word' id='word_1_154' title='bbox 674 2237 847 2293; x_wconf 89' lang='lat' dir='ltr'><strong>Deum</strong></span> <span class='ocrx_word' id='word_1_155' title='bbox 893 2242 1050 2310; x_wconf 90' lang='lat' dir='ltr'><strong>quasi</strong></span> <span class='ocrx_word' id='word_1_156' title='bbox 1098 2242 1503 2312; x_wconf 70' lang='lat' dir='ltr'><strong>praecipientem</strong></span> <span class='ocrx_word' id='word_1_157' title='bbox 1547 2253 1600 2300; x_wconf 90' lang='lat' dir='ltr'><strong>et</strong></span> <span class='ocrx_word' id='word_1_158' title='bbox 1630 2247 2030 2317; x_wconf 77' lang='lat' dir='ltr'><strong>colloquentem</strong></span> 
     </span>
    </p>
   </div>
   <div class='ocr_carea' id='block_1_23' title="bbox 451 2331 2030 2406">
    <p class='ocr_par' dir='ltr' id='par_1_23' title="bbox 451 2331 2030 2406">
     <span class='ocr_line' id='line_1_23' title="bbox 451 2331 2030 2406; baseline 0.006 -22"><span class='ocrx_word' id='word_1_159' title='bbox 451 2331 718 2386; x_wconf 86' lang='lat' dir='ltr'><strong>inducens</strong></span> <span class='ocrx_word' id='word_1_160' title='bbox 750 2346 873 2386; x_wconf 88' lang='lat' dir='ltr'><strong>eum</strong></span> <span class='ocrx_word' id='word_1_161' title='bbox 906 2333 1128 2402; x_wconf 89' lang='lat' dir='ltr'><strong>quicum</strong></span> <span class='ocrx_word' id='word_1_162' title='bbox 1169 2335 1441 2405; x_wconf 88' lang='lat' dir='ltr'><strong>loquitur,</strong></span> <span class='ocrx_word' id='word_1_163' title='bbox 1475 2337 1640 2393; x_wconf 90' lang='lat' dir='ltr'><strong>tacite</strong></span> <span class='ocrx_word' id='word_1_164' title='bbox 1671 2337 2030 2406; x_wconf 88' lang='lat' dir='ltr'><strong>demonstrat,</strong></span> 
     </span>
    </p>
   </div>
   <div class='ocr_carea' id='block_1_24' title="bbox 453 2422 2033 2496">
    <p class='ocr_par' dir='ltr' id='par_1_24' title="bbox 453 2422 2033 2496">
     <span class='ocr_line' id='line_1_24' title="bbox 453 2422 2033 2496; baseline 0.009 -22"><span class='ocrx_word' id='word_1_165' title='bbox 453 2436 562 2476; x_wconf 88' lang='lat' dir='ltr'><strong>non</strong></span> <span class='ocrx_word' id='word_1_166' title='bbox 618 2422 764 2489; x_wconf 81' lang='lat' dir='ltr'><strong>quod</strong></span> <span class='ocrx_word' id='word_1_167' title='bbox 796 2423 954 2478; x_wconf 86' lang='lat' dir='ltr'><strong>nobis</strong></span> <span class='ocrx_word' id='word_1_168' title='bbox 982 2425 1349 2495; x_wconf 78' lang='lat' dir='ltr'><strong>cognitionem</strong></span> <span class='ocrx_word' id='word_1_169' title='bbox 1385 2427 1666 2496; x_wconf 84' lang='lat' dir='ltr'><strong>invideat,</strong></span> <span class='ocrx_word' id='word_1_170' title='bbox 1703 2430 1798 2487; x_wconf 85' lang='lat' dir='ltr'><strong>sed</strong></span> <span class='ocrx_word' id='word_1_171' title='bbox 1843 2441 1901 2486; x_wconf 92' lang='lat' dir='ltr'><strong>ut</strong></span> <span class='ocrx_word' id='word_1_172' title='bbox 1932 2448 2033 2489; x_wconf 88' lang='lat' dir='ltr'><strong>nos</strong></span> 
     </span>
    </p>
   </div>
   <div class='ocr_carea' id='block_1_25' title="bbox 454 2513 2036 2594">
    <p class='ocr_par' dir='ltr' id='par_1_25' title="bbox 454 2513 2036 2594">
     <span class='ocr_line' id='line_1_25' title="bbox 454 2513 2036 2594; baseline 0.009 -28"><span class='ocrx_word' id='word_1_173' title='bbox 454 2513 604 2569; x_wconf 90' lang='lat' dir='ltr'><strong>illius</strong></span> <span class='ocrx_word' id='word_1_174' title='bbox 635 2516 821 2570; x_wconf 88' lang='lat' dir='ltr'><strong>arcani</strong></span> <span class='ocrx_word' id='word_1_175' title='bbox 853 2517 1111 2572; x_wconf 87' lang='lat' dir='ltr'><strong>incendat</strong></span> <span class='ocrx_word' id='word_1_176' title='bbox 1137 2519 1460 2590; x_wconf 86' lang='lat' dir='ltr'><strong>cupiditate,</strong></span> <span class='ocrx_word' id='word_1_177' title='bbox 1493 2522 1654 2592; x_wconf 89' lang='lat' dir='ltr'><strong>cujus</strong></span> <span class='ocrx_word' id='word_1_178' title='bbox 1685 2525 1916 2594; x_wconf 90' lang='lat' dir='ltr'><strong>vestigia</strong></span> <span class='ocrx_word' id='word_1_179' title='bbox 1951 2526 2036 2580; x_wconf 92' lang='lat' dir='ltr'><strong>in-</strong></span> 
     </span>
    </p>
   </div>
   <div class='ocr_carea' id='block_1_26' title="bbox 453 2606 2036 2686">
    <p class='ocr_par' dir='ltr' id='par_1_26' title="bbox 453 2606 2036 2686">
     <span class='ocr_line' id='line_1_26' title="bbox 453 2606 2036 2686; baseline 0.009 -26"><span class='ocrx_word' id='word_1_180' title='bbox 453 2606 621 2671; x_wconf 90' lang='lat' dir='ltr'><strong>dicat,</strong></span> <span class='ocrx_word' id='word_1_181' title='bbox 645 2617 698 2662; x_wconf 87' lang='lat' dir='ltr'><strong>et</strong></span> <span class='ocrx_word' id='word_1_182' title='bbox 721 2609 928 2663; x_wconf 78' lang='lat' dir='ltr'><strong>semina</strong></span> <span class='ocrx_word' id='word_1_183' title='bbox 948 2611 1195 2681; x_wconf 67' lang='lat' dir='ltr'><strong>quaedam</strong></span> <span class='ocrx_word' id='word_1_184' title='bbox 1214 2612 1457 2682; x_wconf 90' lang='lat' dir='ltr'><strong>subjicit.</strong></span> <span class='ocrx_word' id='word_1_185' title='bbox 1481 2613 1693 2669; x_wconf 87' lang='lat' dir='ltr'><strong>Etenim</strong></span> <span class='ocrx_word' id='word_1_186' title='bbox 1713 2631 1832 2686; x_wconf 60' lang='lat' dir='ltr'><strong>qua:</strong></span> <span class='ocrx_word' id='word_1_187' title='bbox 1852 2617 2036 2674; x_wconf 86' lang='lat' dir='ltr'><strong>labore</strong></span> 
     </span>
    </p>
   </div>
   <div class='ocr_carea' id='block_1_27' title="bbox 452 2703 2036 2781">
    <p class='ocr_par' dir='ltr' id='par_1_27' title="bbox 452 2703 2036 2781">
     <span class='ocr_line' id='line_1_27' title="bbox 452 2703 2036 2781; baseline 0.009 -30"><span class='ocrx_word' id='word_1_188' title='bbox 452 2711 606 2768; x_wconf 84' lang='lat' dir='ltr'><strong>parta</strong></span> <span class='ocrx_word' id='word_1_189' title='bbox 639 2710 804 2762; x_wconf 90' lang='lat' dir='ltr'><strong>sunt,</strong></span> <span class='ocrx_word' id='word_1_190' title='bbox 846 2715 970 2755; x_wconf 88' lang='lat' dir='ltr'><strong>cum</strong></span> <span class='ocrx_word' id='word_1_191' title='bbox 1021 2703 1208 2758; x_wconf 76' lang='lat' dir='ltr'><strong>laetitia</strong></span> <span class='ocrx_word' id='word_1_192' title='bbox 1263 2706 1598 2776; x_wconf 88' lang='lat' dir='ltr'><strong>percipimus</strong></span> <span class='ocrx_word' id='word_1_193' title='bbox 1642 2708 2036 2781; x_wconf 78' lang='lat' dir='ltr'><strong>diligenterque</strong></span> 
     </span>
    </p>
   </div>
   <div class='ocr_carea' id='block_1_28' title="bbox 452 2791 2038 2871">
    <p class='ocr_par' dir='ltr' id='par_1_28' title="bbox 452 2791 2038 2871">
     <span class='ocr_line' id='line_1_28' title="bbox 452 2791 2038 2871; baseline 0.007 -27"><span class='ocrx_word' id='word_1_194' title='bbox 452 2803 863 2848; x_wconf 86' lang='lat' dir='ltr'><strong>conservamus.</strong></span> <span class='ocrx_word' id='word_1_195' title='bbox 903 2791 1035 2858; x_wconf 75' lang='lat' dir='ltr'><strong>Qua:</strong></span> <span class='ocrx_word' id='word_1_196' title='bbox 1065 2809 1195 2850; x_wconf 90' lang='lat' dir='ltr'><strong>vero</strong></span> <span class='ocrx_word' id='word_1_197' title='bbox 1225 2793 1388 2851; x_wconf 80' lang='lat' dir='ltr'><strong>facile</strong></span> <span class='ocrx_word' id='word_1_198' title='bbox 1415 2812 1823 2868; x_wconf 75' lang='lat' dir='ltr'><strong>comparamus,</strong></span> <span class='ocrx_word' id='word_1_199' title='bbox 1855 2799 2038 2871; x_wconf 89' lang='lat' dir='ltr'><strong>despi-</strong></span> 
     </span>
    </p>
   </div>
   <div class='ocr_carea' id='block_1_29' title="bbox 451 2885 2034 2962">
    <p class='ocr_par' dir='ltr' id='par_1_29' title="bbox 451 2885 2034 2962">
     <span class='ocr_line' id='line_1_29' title="bbox 451 2885 2034 2962; baseline 0.006 -25"><span class='ocrx_word' id='word_1_200' title='bbox 451 2898 580 2938; x_wconf 88' lang='lat' dir='ltr'><strong>cere</strong></span> <span class='ocrx_word' id='word_1_201' title='bbox 607 2895 660 2940; x_wconf 92' lang='lat' dir='ltr'><strong>et</strong></span> <span class='ocrx_word' id='word_1_202' title='bbox 693 2885 966 2956; x_wconf 77' lang='lat' dir='ltr'><strong>negligere</strong></span> <span class='ocrx_word' id='word_1_203' title='bbox 1003 2889 1418 2943; x_wconf 90' lang='lat' dir='ltr'><strong>consuevimus.</strong></span> <span class='ocrx_word' id='word_1_204' title='bbox 1465 2889 1653 2961; x_wconf 87' lang='lat' dir='ltr'><strong>Itaque</strong></span> <span class='ocrx_word' id='word_1_205' title='bbox 1684 2893 1770 2946; x_wconf 85' lang='lat' dir='ltr'><strong>via</strong></span> <span class='ocrx_word' id='word_1_206' title='bbox 1800 2893 2034 2962; x_wconf 88' lang='lat' dir='ltr'><strong>quadam</strong></span> 
     </span>
    </p>
   </div>
   <div class='ocr_carea' id='block_1_30' title="bbox 451 2976 2038 3052">
    <p class='ocr_par' dir='ltr' id='par_1_30' title="bbox 451 2976 2038 3052">
     <span class='ocr_line' id='line_1_30' title="bbox 451 2976 2038 3052; baseline 0.005 -22"><span class='ocrx_word' id='word_1_207' title='bbox 451 2985 507 3030; x_wconf 90' lang='lat' dir='ltr'><strong>et</strong></span> <span class='ocrx_word' id='word_1_208' title='bbox 542 2976 735 3031; x_wconf 91' lang='lat' dir='ltr'><strong>ordine</strong></span> <span class='ocrx_word' id='word_1_209' title='bbox 766 2992 868 3033; x_wconf 88' lang='lat' dir='ltr'><strong>nos</strong></span> <span class='ocrx_word' id='word_1_210' title='bbox 896 2977 964 3031; x_wconf 89' lang='lat' dir='ltr'><strong>ad</strong></span> <span class='ocrx_word' id='word_1_211' title='bbox 994 2977 1274 3049; x_wconf 89' lang='lat' dir='ltr'><strong>Unigeniti</strong></span> <span class='ocrx_word' id='word_1_212' title='bbox 1310 2980 1727 3052; x_wconf 82' lang='lat' dir='ltr'><strong>intelligentiam</strong></span> <span class='ocrx_word' id='word_1_213' title='bbox 1773 2983 1926 3039; x_wconf 90' lang='lat' dir='ltr'><strong>ducit</strong></span> <span class='ocrx_word' id='word_1_214' title='bbox 1983 2992 2038 3040; x_wconf 89' lang='lat' dir='ltr'><strong>et</strong></span> 
     </span>
    </p>
   </div>
   <div class='ocr_carea' id='block_1_31' title="bbox 453 3067 2112 3147">
    <p class='ocr_par' dir='ltr' id='par_1_31' title="bbox 453 3067 2112 3147">
     <span class='ocr_line' id='line_1_31' title="bbox 453 3067 2112 3147; baseline 0.008 -27"><span class='ocrx_word' id='word_1_215' title='bbox 453 3067 644 3121; x_wconf 88' lang='lat' dir='ltr'><strong>allicit.</strong></span> <span class='ocrx_word' id='word_1_216' title='bbox 670 3067 835 3138; x_wconf 84' lang='lat' dir='ltr'><strong>Atqui</strong></span> <span class='ocrx_word' id='word_1_217' title='bbox 857 3071 1152 3134; x_wconf 83' lang='lat' dir='ltr'><strong>sermonis,</strong></span> <span class='ocrx_word' id='word_1_218' title='bbox 1182 3071 1274 3140; x_wconf 92' lang='lat' dir='ltr'><strong>qui</strong></span> <span class='ocrx_word' id='word_1_219' title='bbox 1305 3086 1404 3142; x_wconf 89' lang='lat' dir='ltr'><strong>per</strong></span> <span class='ocrx_word' id='word_1_220' title='bbox 1433 3087 1618 3129; x_wconf 91' lang='lat' dir='ltr'><strong>vocem</strong></span> <span class='ocrx_word' id='word_1_221' title='bbox 1641 3073 1880 3141; x_wconf 78' lang='lat' dir='ltr'><strong>eﬁertur,</strong></span> <span class='ocrx_word' id='word_1_222' title='bbox 1904 3091 2038 3132; x_wconf 84' lang='lat' dir='ltr'><strong>usus</strong></span> <span class='ocrx_word' id='word_1_223' title='bbox 2063 3084 2112 3147; x_wconf 84' lang='lat' dir='ltr'>c</span> 
     </span>
    </p>
   </div>
   <div class='ocr_carea' id='block_1_32' title="bbox 454 3163 2032 3239">
    <p class='ocr_par' dir='ltr' id='par_1_32' title="bbox 454 3163 2032 3239">
     <span class='ocr_line' id='line_1_32' title="bbox 454 3163 2032 3239; baseline 0.007 -27"><span class='ocrx_word' id='word_1_224' title='bbox 454 3175 564 3212; x_wconf 90' lang='lat' dir='ltr'><strong>non</strong></span> <span class='ocrx_word' id='word_1_225' title='bbox 601 3167 719 3214; x_wconf 86' lang='lat' dir='ltr'><strong>erat</strong></span> <span class='ocrx_word' id='word_1_226' title='bbox 748 3163 1100 3219; x_wconf 87' lang='lat' dir='ltr'><strong>necessarius</strong></span> <span class='ocrx_word' id='word_1_227' title='bbox 1138 3172 1348 3218; x_wconf 82' lang='lat' dir='ltr'><strong>naturae</strong></span> <span class='ocrx_word' id='word_1_228' title='bbox 1397 3165 1475 3219; x_wconf 92' lang='lat' dir='ltr'><strong>illi</strong></span> <span class='ocrx_word' id='word_1_229' title='bbox 1507 3167 1758 3237; x_wconf 86' lang='lat' dir='ltr'><strong>corporis</strong></span> <span class='ocrx_word' id='word_1_230' title='bbox 1799 3167 2032 3239; x_wconf 81' lang='lat' dir='ltr'><strong>experti,</strong></span> 
     </span>
    </p>
   </div>
   <div class='ocr_carea' id='block_1_33' title="bbox 453 3255 2037 3332">
    <p class='ocr_par' dir='ltr' id='par_1_33' title="bbox 453 3255 2037 3332">
     <span class='ocr_line' id='line_1_33' title="bbox 453 3255 2037 3332; baseline 0.006 -24"><span class='ocrx_word' id='word_1_231' title='bbox 453 3268 579 3308; x_wconf 88' lang='lat' dir='ltr'><strong>cum</strong></span> <span class='ocrx_word' id='word_1_232' title='bbox 599 3264 782 3323; x_wconf 86' lang='lat' dir='ltr'><strong>posset</strong></span> <span class='ocrx_word' id='word_1_233' title='bbox 798 3255 1033 3325; x_wconf 83' lang='lat' dir='ltr'><strong>cogitata</strong></span> <span class='ocrx_word' id='word_1_234' title='bbox 1055 3257 1172 3312; x_wconf 89' lang='lat' dir='ltr'><strong>sine</strong></span> <span class='ocrx_word' id='word_1_235' title='bbox 1197 3258 1374 3313; x_wconf 87' lang='lat' dir='ltr'><strong>verbis</strong></span> <span class='ocrx_word' id='word_1_236' title='bbox 1397 3259 1562 3314; x_wconf 88' lang='lat' dir='ltr'><strong>simul</strong></span> <span class='ocrx_word' id='word_1_237' title='bbox 1586 3261 1768 3332; x_wconf 90' lang='lat' dir='ltr'><strong>agenti</strong></span> <span class='ocrx_word' id='word_1_238' title='bbox 1787 3277 2037 3318; x_wconf 88' lang='lat' dir='ltr'><strong>commu-</strong></span> 
     </span>
    </p>
   </div>
   <div class='ocr_carea' id='block_1_34' title="bbox 453 3347 2034 3420">
    <p class='ocr_par' dir='ltr' id='par_1_34' title="bbox 453 3347 2034 3420">
     <span class='ocr_line' id='line_1_34' title="bbox 453 3347 2034 3420; baseline 0.006 -19"><span class='ocrx_word' id='word_1_239' title='bbox 453 3347 660 3402; x_wconf 88' lang='lat' dir='ltr'><strong>nicare.</strong></span> <span class='ocrx_word' id='word_1_240' title='bbox 689 3347 805 3402; x_wconf 83' lang='lat' dir='ltr'><strong>Vox</strong></span> <span class='ocrx_word' id='word_1_241' title='bbox 830 3348 978 3403; x_wconf 86' lang='lat' dir='ltr'><strong>enim</strong></span> <span class='ocrx_word' id='word_1_242' title='bbox 1009 3357 1236 3420; x_wconf 89' lang='lat' dir='ltr'><strong>pr0pter</strong></span> <span class='ocrx_word' id='word_1_243' title='bbox 1265 3351 1537 3415; x_wconf 88' lang='lat' dir='ltr'><strong>auditum,</strong></span> <span class='ocrx_word' id='word_1_244' title='bbox 1561 3360 1616 3407; x_wconf 90' lang='lat' dir='ltr'><strong>et</strong></span> <span class='ocrx_word' id='word_1_245' title='bbox 1635 3352 1856 3409; x_wconf 88' lang='lat' dir='ltr'><strong>auditus</strong></span> <span class='ocrx_word' id='word_1_246' title='bbox 1883 3355 2034 3412; x_wconf 86' lang='lat' dir='ltr'><strong>vocis</strong></span> 
     </span>
    </p>
   </div>
   <div class='ocr_carea' id='block_1_35' title="bbox 454 3438 2036 3517">
    <p class='ocr_par' dir='ltr' id='par_1_35' title="bbox 454 3438 2036 3517">
     <span class='ocr_line' id='line_1_35' title="bbox 454 3438 2036 3517; baseline 0.006 -24"><span class='ocrx_word' id='word_1_247' title='bbox 454 3445 537 3493; x_wconf 89' lang='lat' dir='ltr'><strong>est</strong></span> <span class='ocrx_word' id='word_1_248' title='bbox 558 3439 752 3508; x_wconf 86' lang='lat' dir='ltr'><strong>gratia.</strong></span> <span class='ocrx_word' id='word_1_249' title='bbox 779 3438 884 3494; x_wconf 91' lang='lat' dir='ltr'><strong>Ubi</strong></span> <span class='ocrx_word' id='word_1_250' title='bbox 911 3448 1093 3494; x_wconf 89' lang='lat' dir='ltr'><strong>autem</strong></span> <span class='ocrx_word' id='word_1_251' title='bbox 1126 3457 1225 3496; x_wconf 91' lang='lat' dir='ltr'><strong>nec</strong></span> <span class='ocrx_word' id='word_1_252' title='bbox 1260 3456 1355 3498; x_wconf 89' lang='lat' dir='ltr'><strong>aer</strong></span> <span class='ocrx_word' id='word_1_253' title='bbox 1400 3453 1504 3512; x_wconf 90' lang='lat' dir='ltr'><strong>est,</strong></span> <span class='ocrx_word' id='word_1_254' title='bbox 1542 3459 1646 3500; x_wconf 91' lang='lat' dir='ltr'><strong>nec</strong></span> <span class='ocrx_word' id='word_1_255' title='bbox 1690 3445 1900 3517; x_wconf 91' lang='lat' dir='ltr'><strong>lingua,</strong></span> <span class='ocrx_word' id='word_1_256' title='bbox 1933 3461 2036 3502; x_wconf 90' lang='lat' dir='ltr'><strong>nec</strong></span> 
     </span>
    </p>
   </div>
   <div class='ocr_carea' id='block_1_36' title="bbox 456 3531 2039 3602">
    <p class='ocr_par' dir='ltr' id='par_1_36' title="bbox 456 3531 2039 3602">
     <span class='ocr_line' id='line_1_36' title="bbox 456 3531 2039 3602; baseline 0.008 -19"><span class='ocrx_word' id='word_1_257' title='bbox 456 3531 753 3595; x_wconf 79' lang='lat' dir='ltr'><strong>aures,‘nec</strong></span> <span class='ocrx_word' id='word_1_258' title='bbox 777 3532 1016 3602; x_wconf 71' lang='lat' dir='ltr'><strong>obliquae</strong></span> <span class='ocrx_word' id='word_1_259' title='bbox 1035 3533 1140 3588; x_wconf 73' lang='lat' dir='ltr'><strong>illae</strong></span> <span class='ocrx_word' id='word_1_260' title='bbox 1159 3534 1376 3588; x_wconf 88' lang='lat' dir='ltr'><strong>aurium</strong></span> <span class='ocrx_word' id='word_1_261' title='bbox 1399 3537 1627 3602; x_wconf 64' lang='lat' dir='ltr'><strong>semitae,</strong></span> <span class='ocrx_word' id='word_1_262' title='bbox 1643 3553 1808 3596; x_wconf 86' lang='lat' dir='ltr'><strong>sonos</strong></span> <span class='ocrx_word' id='word_1_263' title='bbox 1828 3539 1895 3595; x_wconf 89' lang='lat' dir='ltr'><strong>ad</strong></span> <span class='ocrx_word' id='word_1_264' title='bbox 1918 3557 2039 3596; x_wconf 83' lang='lat' dir='ltr'><strong>sen-</strong></span> 
     </span>
    </p>
   </div>
   <div class='ocr_carea' id='block_1_37' title="bbox 455 3627 2037 3702">
    <p class='ocr_par' dir='ltr' id='par_1_37' title="bbox 455 3627 2037 3702">
     <span class='ocr_line' id='line_1_37' title="bbox 455 3627 2037 3702; baseline 0.002 -18"><span class='ocrx_word' id='word_1_265' title='bbox 455 3643 579 3684; x_wconf 89' lang='lat' dir='ltr'><strong>sum</strong></span> <span class='ocrx_word' id='word_1_266' title='bbox 600 3627 766 3698; x_wconf 90' lang='lat' dir='ltr'><strong>quiin</strong></span> <span class='ocrx_word' id='word_1_267' title='bbox 789 3630 968 3698; x_wconf 85' lang='lat' dir='ltr'><strong>capite</strong></span> <span class='ocrx_word' id='word_1_268' title='bbox 988 3637 1072 3686; x_wconf 92' lang='lat' dir='ltr'><strong>est</strong></span> <span class='ocrx_word' id='word_1_269' title='bbox 1088 3630 1474 3702; x_wconf 90' lang='lat' dir='ltr'><strong>perducentes,</strong></span> <span class='ocrx_word' id='word_1_270' title='bbox 1490 3633 1563 3686; x_wconf 92' lang='lat' dir='ltr'><strong>ibi</strong></span> <span class='ocrx_word' id='word_1_271' title='bbox 1584 3633 1756 3688; x_wconf 88' lang='lat' dir='ltr'><strong>verba</strong></span> <span class='ocrx_word' id='word_1_272' title='bbox 1779 3649 1887 3688; x_wconf 93' lang='lat' dir='ltr'><strong>non</strong></span> <span class='ocrx_word' id='word_1_273' title='bbox 1907 3641 2037 3690; x_wconf 91' lang='lat' dir='ltr'><strong>sunt</strong></span> 
     </span>
    </p>
   </div>
   <div class='ocr_carea' id='block_1_38' title="bbox 454 3721 2038 3794">
    <p class='ocr_par' dir='ltr' id='par_1_38' title="bbox 454 3721 2038 3794">
     <span class='ocr_line' id='line_1_38' title="bbox 454 3721 2038 3794; baseline 0.003 -18"><span class='ocrx_word' id='word_1_274' title='bbox 454 3721 769 3776; x_wconf 87' lang='lat' dir='ltr'><strong>necessaria</strong></span> <span class='ocrx_word' id='word_1_275' title='bbox 791 3760 806 3785; x_wconf 93' lang='lat'><strong>,</strong></span> <span class='ocrx_word' id='word_1_276' title='bbox 857 3721 950 3777; x_wconf 86' lang='lat' dir='ltr'><strong>sed</strong></span> <span class='ocrx_word' id='word_1_277' title='bbox 996 3739 1062 3778; x_wconf 82' lang='lat' dir='ltr'><strong>ex</strong></span> <span class='ocrx_word' id='word_1_278' title='bbox 1092 3723 1230 3794; x_wconf 92' lang='lat' dir='ltr'><strong>ipsis</strong></span> <span class='ocrx_word' id='word_1_279' title='bbox 1255 3723 1470 3792; x_wconf 87' lang='lat' dir='ltr'><strong>cordis,</strong></span> <span class='ocrx_word' id='word_1_280' title='bbox 1503 3733 1563 3779; x_wconf 91' lang='lat' dir='ltr'><strong>ut</strong></span> <span class='ocrx_word' id='word_1_281' title='bbox 1592 3725 1667 3778; x_wconf 91' lang='lat' dir='ltr'><strong>ita</strong></span> <span class='ocrx_word' id='word_1_282' title='bbox 1703 3725 1904 3794; x_wconf 86' lang='lat' dir='ltr'><strong>dicam,</strong></span> <span class='ocrx_word' id='word_1_283' title='bbox 1941 3733 2038 3781; x_wconf 87' lang='lat' dir='ltr'><strong>aut</strong></span> 
     </span>
    </p>
   </div>
   <div class='ocr_carea' id='block_1_39' title="bbox 457 3815 2037 3887">
    <p class='ocr_par' dir='ltr' id='par_1_39' title="bbox 457 3815 2037 3887">
     <span class='ocr_line' id='line_1_39' title="bbox 457 3815 2037 3887; baseline 0.003 -17"><span class='ocrx_word' id='word_1_284' title='bbox 457 3815 626 3870; x_wconf 88' lang='lat' dir='ltr'><strong>animi</strong></span> <span class='ocrx_word' id='word_1_285' title='bbox 647 3815 965 3871; x_wconf 90' lang='lat' dir='ltr'><strong>notionibus</strong></span> <span class='ocrx_word' id='word_1_286' title='bbox 981 3815 1342 3885; x_wconf 83' lang='lat' dir='ltr'><strong>cogitationes</strong></span> <span class='ocrx_word' id='word_1_287' title='bbox 1361 3817 1645 3887; x_wconf 87' lang='lat' dir='ltr'><strong>pateﬁunt.</strong></span> <span class='ocrx_word' id='word_1_288' title='bbox 1665 3817 2037 3885; x_wconf 87' lang='lat' dir='ltr'><strong>Quamobrem</strong></span> 
     </span>
    </p>
   </div>
   <div class='ocr_carea' id='block_1_40' title="bbox 458 3908 2040 3980">
    <p class='ocr_par' dir='ltr' id='par_1_40' title="bbox 458 3908 2040 3980">
     <span class='ocr_line' id='line_1_40' title="bbox 458 3908 2040 3980; baseline 0.001 -17"><span class='ocrx_word' id='word_1_289' title='bbox 458 3908 742 3978; x_wconf 85' lang='lat' dir='ltr'><strong>Scriptura</strong></span> <span class='ocrx_word' id='word_1_290' title='bbox 774 3908 1054 3979; x_wconf 84' lang='lat' dir='ltr'><strong>sapienter</strong></span> <span class='ocrx_word' id='word_1_291' title='bbox 1078 3917 1133 3964; x_wconf 91' lang='lat' dir='ltr'><strong>et</strong></span> <span class='ocrx_word' id='word_1_292' title='bbox 1161 3909 1317 3974; x_wconf 88' lang='lat' dir='ltr'><strong>scite,</strong></span> <span class='ocrx_word' id='word_1_293' title='bbox 1345 3919 1405 3963; x_wconf 89' lang='lat' dir='ltr'><strong>ut</strong></span> <span class='ocrx_word' id='word_1_294' title='bbox 1431 3909 1696 3974; x_wconf 81' lang='lat' dir='ltr'><strong>diximus,</strong></span> <span class='ocrx_word' id='word_1_295' title='bbox 1729 3911 1872 3966; x_wconf 90' lang='lat' dir='ltr'><strong>banc</strong></span> <span class='ocrx_word' id='word_1_296' title='bbox 1902 3910 2040 3980; x_wconf 86' lang='lat' dir='ltr'><strong>ﬁgu-</strong></span> 
     </span>
    </p>
   </div>
   <div class='ocr_carea' id='block_1_41' title="bbox 455 4003 2036 4074">
    <p class='ocr_par' dir='ltr' id='par_1_41' title="bbox 455 4003 2036 4074">
     <span class='ocr_line' id='line_1_41' title="bbox 455 4003 2036 4074; baseline 0.003 -20"><span class='ocrx_word' id='word_1_297' title='bbox 455 4015 575 4054; x_wconf 85' lang='lat' dir='ltr'><strong>ram</strong></span> <span class='ocrx_word' id='word_1_298' title='bbox 601 4009 851 4072; x_wconf 86' lang='lat' dir='ltr'><strong>usurpat,</strong></span> <span class='ocrx_word' id='word_1_299' title='bbox 882 4008 941 4054; x_wconf 91' lang='lat' dir='ltr'><strong>ut</strong></span> <span class='ocrx_word' id='word_1_300' title='bbox 963 4009 1196 4056; x_wconf 85' lang='lat' dir='ltr'><strong>mentem</strong></span> <span class='ocrx_word' id='word_1_301' title='bbox 1219 4010 1464 4058; x_wconf 88' lang='lat' dir='ltr'><strong>nostram</strong></span> <span class='ocrx_word' id='word_1_302' title='bbox 1489 4003 1554 4058; x_wconf 90' lang='lat' dir='ltr'><strong>ad</strong></span> <span class='ocrx_word' id='word_1_303' title='bbox 1588 4019 1880 4074; x_wconf 89' lang='lat' dir='ltr'><strong>personam</strong></span> <span class='ocrx_word' id='word_1_304' title='bbox 1911 4019 2036 4059; x_wconf 89' lang='lat' dir='ltr'><strong>cum</strong></span> 
     </span>
    </p>
   </div>
   <div class='ocr_carea' id='block_1_42' title="bbox 456 4093 1902 4166">
    <p class='ocr_par' dir='ltr' id='par_1_42' title="bbox 456 4093 1902 4166">
     <span class='ocr_line' id='line_1_42' title="bbox 456 4093 1902 4166; baseline 0.005 -24"><span class='ocrx_word' id='word_1_305' title='bbox 456 4107 562 4162; x_wconf 83' lang='lat' dir='ltr'><strong>qua</strong></span> <span class='ocrx_word' id='word_1_306' title='bbox 586 4108 771 4149; x_wconf 79' lang='lat' dir='ltr'><strong>sermo</strong></span> <span class='ocrx_word' id='word_1_307' title='bbox 809 4093 1139 4159; x_wconf 88' lang='lat' dir='ltr'><strong>instituitur,</strong></span> <span class='ocrx_word' id='word_1_308' title='bbox 1172 4095 1608 4166; x_wconf 88' lang='lat' dir='ltr'><strong>investigandam</strong></span> <span class='ocrx_word' id='word_1_309' title='bbox 1639 4095 1902 4166; x_wconf 89' lang='lat' dir='ltr'><strong>impellat.</strong></span> 
     </span>
    </p>
   </div>
   <div class='ocr_carea' id='block_1_43' title="bbox 1001 4205 1487 4264">
    <p class='ocr_par' dir='ltr' id='par_1_43' title="bbox 1001 4205 1487 4264">
     <span class='ocr_line' id='line_1_43' title="bbox 1001 4205 1487 4264; baseline 0.006 -4"><span class='ocrx_word' id='word_1_310' title='bbox 1001 4205 1087 4260; x_wconf 76' lang='lat' dir='ltr'><strong>Ex</strong></span> <span class='ocrx_word' id='word_1_311' title='bbox 1118 4205 1300 4262; x_wconf 88' lang='lat' dir='ltr'><strong>eodem</strong></span> <span class='ocrx_word' id='word_1_312' title='bbox 1330 4207 1487 4264; x_wconf 84' lang='lat' dir='ltr'><strong>libro.</strong></span> 
     </span>
    </p>
   </div>
   <div class='ocr_carea' id='block_1_44' title="bbox 527 4319 2035 4392">
    <p class='ocr_par' dir='ltr' id='par_1_44' title="bbox 527 4319 2035 4392">
     <span class='ocr_line' id='line_1_44' title="bbox 527 4319 2035 4392; baseline 0.001 -18"><span class='ocrx_word' id='word_1_313' title='bbox 527 4321 789 4392; x_wconf 82' lang='lat' dir='ltr'><strong>Apparuit</strong></span> <span class='ocrx_word' id='word_1_314' title='bbox 835 4331 1010 4375; x_wconf 89' lang='lat' dir='ltr'><strong>autem</strong></span> <span class='ocrx_word' id='word_1_315' title='bbox 1055 4320 1140 4374; x_wconf 84' lang='lat' dir='ltr'><strong>illi</strong></span> <span class='ocrx_word' id='word_1_316' title='bbox 1182 4319 1327 4374; x_wconf 89' lang='lat' dir='ltr'><strong>Deus</strong></span> <span class='ocrx_word' id='word_1_317' title='bbox 1368 4320 1437 4373; x_wconf 89' lang='lat' dir='ltr'><strong>ad</strong></span> <span class='ocrx_word' id='word_1_318' title='bbox 1475 4337 1726 4390; x_wconf 84' lang='lat' dir='ltr'><strong>quercum</strong></span> <span class='ocrx_word' id='word_1_319' title='bbox 1760 4320 2035 4385; x_wconf 78' lang='lat' dir='ltr'><strong>Mambre,</strong></span> 
     </span>
    </p>
   </div>
   <div class='ocr_carea' id='block_1_45' title="bbox 1689 266 2455 328">
    <p class='ocr_par' dir='ltr' id='par_1_45' title="bbox 1689 266 2455 328">
     <span class='ocr_line' id='line_1_45' title="bbox 1689 266 2455 328; baseline 0.009 -7"><span class='ocrx_word' id='word_1_320' title='bbox 1689 267 1748 322; x_wconf 78' lang='lat' dir='ltr'><strong>S.</strong></span> <span class='ocrx_word' id='word_1_321' title='bbox 1791 266 2122 325; x_wconf 79' lang='lat' dir='ltr'><strong>CREGORII</strong></span> <span class='ocrx_word' id='word_1_322' title='bbox 2157 270 2455 328; x_wconf 77' lang='lat' dir='ltr'><strong>NYSSENI</strong></span> 
     </span>
    </p>
   </div>
   <div class='ocr_carea' id='block_1_46' title="bbox 2050 387 3721 461">
    <p class='ocr_par' dir='ltr' id='par_1_46' title="bbox 2050 387 3721 461">
     <span class='ocr_line' id='line_1_46' title="bbox 2050 387 3721 461; baseline 0.002 -17"><span class='ocrx_word' id='word_1_323' title='bbox 2050 395 2090 450; x_wconf 77' lang='grc' dir='ltr'><strong>Α</strong></span> <span class='ocrx_word' id='word_1_324' title='bbox 2121 389 2485 445; x_wconf 85' lang='lat' dir='ltr'><strong>divinitatem.</strong></span> <span class='ocrx_word' id='word_1_325' title='bbox 2534 387 2691 456; x_wconf 91' lang='lat' dir='ltr'><strong>Quod</strong></span> <span class='ocrx_word' id='word_1_326' title='bbox 2738 391 2782 446; x_wconf 86' lang='lat' dir='ltr'><strong>si</strong></span> <span class='ocrx_word' id='word_1_327' title='bbox 2833 405 3002 444; x_wconf 90' lang='lat' dir='ltr'><strong>unum</strong></span> <span class='ocrx_word' id='word_1_328' title='bbox 3054 387 3276 461; x_wconf 89' lang='lat' dir='ltr'><strong>quidem</strong></span> <span class='ocrx_word' id='word_1_329' title='bbox 3325 407 3455 446; x_wconf 86' lang='lat' dir='ltr'><strong>esse</strong></span> <span class='ocrx_word' id='word_1_330' title='bbox 3511 391 3721 447; x_wconf 78' lang='lat' dir='ltr'><strong>dixeris</strong></span> 
     </span>
    </p>
   </div>
   <div class='ocr_carea' id='block_1_47' title="bbox 3579 270 3718 328">
    <p class='ocr_par' dir='ltr' id='par_1_47' title="bbox 3579 270 3718 328">
     <span class='ocr_line' id='line_1_47' title="bbox 3579 270 3718 328; baseline -0.007 -1"><span class='ocrx_word' id='word_1_331' title='bbox 3579 270 3718 328; x_wconf 71' lang='lat'><strong>“16</strong></span> 
     </span>
    </p>
   </div>
   <div class='ocr_carea' id='block_1_48' title="bbox 2129 480 3720 555">
    <p class='ocr_par' dir='ltr' id='par_1_48' title="bbox 2129 480 3720 555">
     <span class='ocr_line' id='line_1_48' title="bbox 2129 480 3720 555; baseline 0.003 -22"><span class='ocrx_word' id='word_1_332' title='bbox 2129 480 2332 544; x_wconf 87' lang='lat' dir='ltr'><strong>Deum,</strong></span> <span class='ocrx_word' id='word_1_333' title='bbox 2375 483 2598 552; x_wconf 88' lang='lat' dir='ltr'><strong>angelos</strong></span> <span class='ocrx_word' id='word_1_334' title='bbox 2647 491 2830 537; x_wconf 87' lang='lat' dir='ltr'><strong>autem</strong></span> <span class='ocrx_word' id='word_1_335' title='bbox 2888 483 3050 550; x_wconf 90' lang='lat' dir='ltr'><strong>duos,</strong></span> <span class='ocrx_word' id='word_1_336' title='bbox 3093 484 3372 555; x_wconf 85' lang='lat' dir='ltr'><strong>quomodo</strong></span> <span class='ocrx_word' id='word_1_337' title='bbox 3421 494 3720 554; x_wconf 84' lang='lat' dir='ltr'><strong>potuerunt</strong></span> 
     </span>
    </p>
   </div>
   <div class='ocr_carea' id='block_1_49' title="bbox 2129 573 2886 629">
    <p class='ocr_par' dir='ltr' id='par_1_49' title="bbox 2129 573 2886 629">
     <span class='ocr_line' id='line_1_49' title="bbox 2129 573 2886 629; baseline -0.001 0"><span class='ocrx_word' id='word_1_338' title='bbox 2129 589 2253 629; x_wconf 91' lang='lat' dir='ltr'><strong>cum</strong></span> <span class='ocrx_word' id='word_1_339' title='bbox 2290 573 2522 629; x_wconf 86' lang='lat' dir='ltr'><strong>Domino</strong></span> <span class='ocrx_word' id='word_1_340' title='bbox 2553 575 2886 629; x_wconf 85' lang='lat' dir='ltr'><strong>considere?</strong></span> 
     </span>
    </p>
   </div>
   <div class='ocr_carea' id='block_1_50' title="bbox 2679 686 3166 743">
    <p class='ocr_par' dir='ltr' id='par_1_50' title="bbox 2679 686 3166 743">
     <span class='ocr_line' id='line_1_50' title="bbox 2679 686 3166 743; baseline 0.004 -2"><span class='ocrx_word' id='word_1_341' title='bbox 2679 686 2763 741; x_wconf 77' lang='lat' dir='ltr'><strong>Ea:</strong></span> <span class='ocrx_word' id='word_1_342' title='bbox 2796 688 2975 741; x_wconf 88' lang='lat' dir='ltr'><strong>eodem</strong></span> <span class='ocrx_word' id='word_1_343' title='bbox 3009 688 3166 743; x_wconf 86' lang='lat' dir='ltr'><strong>libro.</strong></span> 
     </span>
    </p>
   </div>
   <div class='ocr_carea' id='block_1_51' title="bbox 2203 774 3720 845">
    <p class='ocr_par' dir='ltr' id='par_1_51' title="bbox 2203 774 3720 845">
     <span class='ocr_line' id='line_1_51' title="bbox 2203 774 3720 845; baseline 0.001 -17"><span class='ocrx_word' id='word_1_344' title='bbox 2203 774 2458 830; x_wconf 78' lang='lat' dir='ltr'><strong>Dominus</strong></span> <span class='ocrx_word' id='word_1_345' title='bbox 2488 777 2624 845; x_wconf 83' lang='lat' dir='ltr'><strong>pluit</strong></span> <span class='ocrx_word' id='word_1_346' title='bbox 2653 793 2808 842; x_wconf 89' lang='lat' dir='ltr'><strong>super</strong></span> <span class='ocrx_word' id='word_1_347' title='bbox 2833 776 3119 832; x_wconf 87' lang='lat' dir='ltr'><strong>Sodomam</strong></span> <span class='ocrx_word' id='word_1_348' title='bbox 3141 789 3188 832; x_wconf 91' lang='lat' dir='ltr'><strong>et</strong></span> <span class='ocrx_word' id='word_1_349' title='bbox 3217 779 3579 834; x_wconf 82' lang='lat' dir='ltr'><strong>Gomorrham</strong></span> <span class='ocrx_word' id='word_1_350' title='bbox 3605 781 3720 833; x_wconf 81' lang='lat' dir='ltr'><strong>sul-</strong></span> 
     </span>
    </p>
   </div>
   <div class='ocr_carea' id='block_1_52' title="bbox 2129 867 3719 942">
    <p class='ocr_par' dir='ltr' id='par_1_52' title="bbox 2129 867 3719 942">
     <span class='ocr_line' id='line_1_52' title="bbox 2129 867 3719 942; baseline 0.004 -24"><span class='ocrx_word' id='word_1_351' title='bbox 2129 867 2265 935; x_wconf 87' lang='lat' dir='ltr'><strong>plmr</strong></span> <span class='ocrx_word' id='word_1_352' title='bbox 2300 877 2349 920; x_wconf 91' lang='lat' dir='ltr'><strong>et</strong></span> <span class='ocrx_word' id='word_1_353' title='bbox 2403 869 2572 937; x_wconf 85' lang='lat' dir='ltr'><strong>ignem</strong></span> <span class='ocrx_word' id='word_1_354' title='bbox 2621 886 2652 922; x_wconf 88' lang='lat' dir='ltr'><strong>a</strong></span> <span class='ocrx_word' id='word_1_355' title='bbox 2699 869 2926 924; x_wconf 88' lang='lat' dir='ltr'><strong>Domino</strong></span> <span class='ocrx_word' id='word_1_356' title='bbox 2966 875 3030 925; x_wconf 86' lang='lat' dir='ltr'><strong>de</strong></span> <span class='ocrx_word' id='word_1_357' title='bbox 3069 871 3197 925; x_wconf 77' lang='lat' dir='ltr'><strong>cwlo</strong></span> <span class='ocrx_word' id='word_1_358' title='bbox 3221 873 3283 927; x_wconf 79' lang='grc'><strong>¹⁶.</strong></span> <span class='ocrx_word' id='word_1_359' title='bbox 3326 872 3461 938; x_wconf 69' lang='lat' dir='ltr'><strong>Quae</strong></span> <span class='ocrx_word' id='word_1_360' title='bbox 3497 874 3719 942; x_wconf 82' lang='lat' dir='ltr'><strong>quidem</strong></span> 
     </span>
    </p>
   </div>
   <div class='ocr_carea' id='block_1_53' title="bbox 2129 960 3716 1033">
    <p class='ocr_par' dir='ltr' id='par_1_53' title="bbox 2129 960 3716 1033">
     <span class='ocr_line' id='line_1_53' title="bbox 2129 960 3716 1033; baseline 0.003 -22"><span class='ocrx_word' id='word_1_361' title='bbox 2129 961 2294 1013; x_wconf 80' lang='lat' dir='ltr'><strong>verba</strong></span> <span class='ocrx_word' id='word_1_362' title='bbox 2326 969 2379 1013; x_wconf 88' lang='lat' dir='ltr'><strong>et</strong></span> <span class='ocrx_word' id='word_1_363' title='bbox 2402 960 2541 1015; x_wconf 92' lang='lat' dir='ltr'><strong>duas</strong></span> <span class='ocrx_word' id='word_1_364' title='bbox 2566 961 2806 1016; x_wconf 88' lang='lat' dir='ltr'><strong>indicant</strong></span> <span class='ocrx_word' id='word_1_365' title='bbox 2839 979 3129 1033; x_wconf 85' lang='lat' dir='ltr'><strong>personas,</strong></span> <span class='ocrx_word' id='word_1_366' title='bbox 3155 974 3210 1019; x_wconf 88' lang='lat' dir='ltr'><strong>et</strong></span> <span class='ocrx_word' id='word_1_367' title='bbox 3231 966 3374 1020; x_wconf 89' lang='lat' dir='ltr'><strong>idem</strong></span> <span class='ocrx_word' id='word_1_368' title='bbox 3399 967 3716 1027; x_wconf 82' lang='lat' dir='ltr'><strong>consilium,</strong></span> 
     </span>
    </p>
   </div>
   <div class='ocr_carea' id='block_1_54' title="bbox 2130 1050 3719 1123">
    <p class='ocr_par' dir='ltr' id='par_1_54' title="bbox 2130 1050 3719 1123">
     <span class='ocr_line' id='line_1_54' title="bbox 2130 1050 3719 1123; baseline 0.005 -19"><span class='ocrx_word' id='word_1_369' title='bbox 2130 1050 2506 1120; x_wconf 61' lang='lat' dir='ltr'><strong>ecqualemque</strong></span> <span class='ocrx_word' id='word_1_370' title='bbox 2527 1051 2809 1106; x_wconf 88' lang='lat' dir='ltr'><strong>declarant</strong></span> <span class='ocrx_word' id='word_1_371' title='bbox 2829 1062 3177 1123; x_wconf 84' lang='lat' dir='ltr'><strong>potestatem.</strong></span> <span class='ocrx_word' id='word_1_372' title='bbox 3206 1055 3350 1112; x_wconf 88' lang='lat' dir='ltr'><strong>Duas</strong></span> <span class='ocrx_word' id='word_1_373' title='bbox 3377 1066 3570 1112; x_wconf 86' lang='lat' dir='ltr'><strong>autem</strong></span> <span class='ocrx_word' id='word_1_374' title='bbox 3593 1072 3719 1111; x_wconf 82' lang='lat' dir='ltr'><strong>cou-</strong></span> 
     </span>
    </p>
   </div>
   <div class='ocr_carea' id='block_1_55' title="bbox 2141 1143 3720 1214">
    <p class='ocr_par' dir='ltr' id='par_1_55' title="bbox 2141 1143 3720 1214">
     <span class='ocr_line' id='line_1_55' title="bbox 2141 1143 3720 1214; baseline 0.003 -18"><span class='ocrx_word' id='word_1_375' title='bbox 2141 1143 2390 1212; x_wconf 87' lang='lat' dir='ltr'><strong>sequitur</strong></span> <span class='ocrx_word' id='word_1_376' title='bbox 2418 1143 2600 1208; x_wconf 86' lang='lat' dir='ltr'><strong>tertia,</strong></span> <span class='ocrx_word' id='word_1_377' title='bbox 2629 1146 2887 1214; x_wconf 86' lang='lat' dir='ltr'><strong>quoniam</strong></span> <span class='ocrx_word' id='word_1_378' title='bbox 2913 1155 3102 1202; x_wconf 89' lang='lat' dir='ltr'><strong>mutuo</strong></span> <span class='ocrx_word' id='word_1_379' title='bbox 3134 1148 3276 1202; x_wconf 89' lang='lat' dir='ltr'><strong>inter</strong></span> <span class='ocrx_word' id='word_1_380' title='bbox 3304 1164 3362 1203; x_wconf 87' lang='lat' dir='ltr'><strong>se</strong></span> <span class='ocrx_word' id='word_1_381' title='bbox 3393 1148 3618 1202; x_wconf 89' lang='lat' dir='ltr'><strong>vinculo</strong></span> <span class='ocrx_word' id='word_1_382' title='bbox 3648 1149 3720 1200; x_wconf 90' lang='lat' dir='ltr'><strong>ita</strong></span> 
     </span>
    </p>
   </div>
   <div class='ocr_carea' id='block_1_56' title="bbox 2131 1234 3400 1309">
    <p class='ocr_par' dir='ltr' id='par_1_56' title="bbox 2131 1234 3400 1309">
     <span class='ocr_line' id='line_1_56' title="bbox 2131 1234 3400 1309; baseline 0.005 -23"><span class='ocrx_word' id='word_1_383' title='bbox 2131 1234 2445 1304; x_wconf 77' lang='lat' dir='ltr'><strong>conjuncta:</strong></span> <span class='ocrx_word' id='word_1_384' title='bbox 2472 1243 2623 1302; x_wconf 90' lang='lat' dir='ltr'><strong>sunt,</strong></span> <span class='ocrx_word' id='word_1_385' title='bbox 2650 1246 2708 1290; x_wconf 90' lang='lat' dir='ltr'><strong>ut</strong></span> <span class='ocrx_word' id='word_1_386' title='bbox 2738 1238 2984 1307; x_wconf 87' lang='lat' dir='ltr'><strong>separari</strong></span> <span class='ocrx_word' id='word_1_387' title='bbox 3015 1254 3125 1294; x_wconf 89' lang='lat' dir='ltr'><strong>non</strong></span> <span class='ocrx_word' id='word_1_388' title='bbox 3158 1240 3400 1309; x_wconf 80' lang='lat' dir='ltr'><strong>possint.</strong></span> 
     </span>
    </p>
   </div>
   <div class='ocr_carea' id='block_1_57' title="bbox 2645 1350 3136 1406">
    <p class='ocr_par' dir='ltr' id='par_1_57' title="bbox 2645 1350 3136 1406">
     <span class='ocr_line' id='line_1_57' title="bbox 2645 1350 3136 1406; baseline 0.012 -6"><span class='ocrx_word' id='word_1_389' title='bbox 2645 1383 2653 1400; x_wconf 68' lang='grc' dir='ltr'>ι</span> <span class='ocrx_word' id='word_1_390' title='bbox 2716 1350 3136 1406; x_wconf 87' lang='lat' dir='ltr'><strong>Deuteronomii.</strong></span> 
     </span>
    </p>
   </div>
   <div class='ocr_carea' id='block_1_58' title="bbox 2205 1438 3720 1509">
    <p class='ocr_par' dir='ltr' id='par_1_58' title="bbox 2205 1438 3720 1509">
     <span class='ocr_line' id='line_1_58' title="bbox 2205 1438 3720 1509; baseline 0.002 -17"><span class='ocrx_word' id='word_1_391' title='bbox 2205 1438 2367 1502; x_wconf 79' lang='lat' dir='ltr'><strong>Audi.</strong></span> <span class='ocrx_word' id='word_1_392' title='bbox 2395 1439 2570 1494; x_wconf 89' lang='lat' dir='ltr'><strong>Israel</strong></span> <span class='ocrx_word' id='word_1_393' title='bbox 2600 1456 2619 1492; x_wconf 90' lang='lat'><strong><em>:</em></strong></span> <span class='ocrx_word' id='word_1_394' title='bbox 2652 1440 2908 1496; x_wconf 85' lang='lat' dir='ltr'><strong>Dominus</strong></span> <span class='ocrx_word' id='word_1_395' title='bbox 2944 1443 3080 1496; x_wconf 86' lang='lat' dir='ltr'><strong>Deus</strong></span> <span class='ocrx_word' id='word_1_396' title='bbox 3113 1454 3256 1509; x_wconf 87' lang='lat' dir='ltr'><strong>tuus,</strong></span> <span class='ocrx_word' id='word_1_397' title='bbox 3296 1442 3562 1497; x_wconf 82' lang='lat' dir='ltr'><strong>Dominus</strong></span> <span class='ocrx_word' id='word_1_398' title='bbox 3591 1461 3720 1496; x_wconf 78' lang='lat' dir='ltr'><strong>unus</strong></span> 
     </span>
    </p>
   </div>
   <div class='ocr_carea' id='block_1_59' title="bbox 2132 1530 3724 1607">
    <p class='ocr_par' dir='ltr' id='par_1_59' title="bbox 2132 1530 3724 1607">
     <span class='ocr_line' id='line_1_59' title="bbox 2132 1530 3724 1607; baseline 0.002 -21"><span class='ocrx_word' id='word_1_399' title='bbox 2132 1543 2208 1586; x_wconf 85' lang='lat' dir='ltr'><strong>est</strong></span> <span class='ocrx_word' id='word_1_400' title='bbox 2234 1532 2297 1587; x_wconf 85' lang='lat'><strong>&quot;.</strong></span> <span class='ocrx_word' id='word_1_401' title='bbox 2324 1530 2458 1588; x_wconf 91' lang='lat' dir='ltr'><strong>Illud</strong></span> <span class='ocrx_word' id='word_1_402' title='bbox 2483 1532 2765 1599; x_wconf 85' lang='lat' dir='ltr'><strong>Dominus,</strong></span> <span class='ocrx_word' id='word_1_403' title='bbox 2800 1544 2856 1588; x_wconf 91' lang='lat' dir='ltr'><strong>et</strong></span> <span class='ocrx_word' id='word_1_404' title='bbox 2881 1532 3045 1596; x_wconf 89' lang='lat' dir='ltr'><strong>Deus.</strong></span> <span class='ocrx_word' id='word_1_405' title='bbox 3065 1543 3139 1598; x_wconf 89' lang='lat' dir='ltr'><strong>et,</strong></span> <span class='ocrx_word' id='word_1_406' title='bbox 3169 1535 3432 1590; x_wconf 78' lang='lat' dir='ltr'><strong>Dominus</strong></span> <span class='ocrx_word' id='word_1_407' title='bbox 3458 1546 3580 1592; x_wconf 86' lang='lat' dir='ltr'><strong>tres</strong></span> <span class='ocrx_word' id='word_1_408' title='bbox 3606 1553 3724 1607; x_wconf 85' lang='lat' dir='ltr'><strong>per-</strong></span> 
     </span>
    </p>
   </div>
   <div class='ocr_carea' id='block_1_60' title="bbox 2135 1622 3722 1691">
    <p class='ocr_par' dir='ltr' id='par_1_60' title="bbox 2135 1622 3722 1691">
     <span class='ocr_line' id='line_1_60' title="bbox 2135 1622 3722 1691; baseline 0.001 -15"><span class='ocrx_word' id='word_1_409' title='bbox 2135 1636 2304 1676; x_wconf 85' lang='lat' dir='ltr'><strong>sonas</strong></span> <span class='ocrx_word' id='word_1_410' title='bbox 2336 1623 2598 1677; x_wconf 79' lang='lat' dir='ltr'><strong>ostendit.</strong></span> <span class='ocrx_word' id='word_1_411' title='bbox 2648 1622 2788 1677; x_wconf 93' lang='lat' dir='ltr'><strong>Illud</strong></span> <span class='ocrx_word' id='word_1_412' title='bbox 2827 1632 3032 1687; x_wconf 86' lang='lat' dir='ltr'><strong>autem,</strong></span> <span class='ocrx_word' id='word_1_413' title='bbox 3069 1622 3217 1678; x_wconf 81' lang='lat' dir='ltr'><strong>Unus</strong></span> <span class='ocrx_word' id='word_1_414' title='bbox 3242 1636 3341 1691; x_wconf 78' lang='lat' dir='ltr'><strong>est,</strong></span> <span class='ocrx_word' id='word_1_415' title='bbox 3373 1626 3722 1681; x_wconf 82' lang='lat' dir='ltr'><strong>divinitatem</strong></span> 
     </span>
    </p>
   </div>
   <div class='ocr_carea' id='block_1_61' title="bbox 2134 1721 2702 1769">
    <p class='ocr_par' dir='ltr' id='par_1_61' title="bbox 2134 1721 2702 1769">
     <span class='ocr_line' id='line_1_61' title="bbox 2134 1721 2702 1769; baseline 0.004 -2"><span class='ocrx_word' id='word_1_416' title='bbox 2134 1721 2186 1766; x_wconf 86' lang='lat' dir='ltr'><strong>et</strong></span> <span class='ocrx_word' id='word_1_417' title='bbox 2225 1721 2476 1768; x_wconf 85' lang='lat' dir='ltr'><strong>naturam</strong></span> <span class='ocrx_word' id='word_1_418' title='bbox 2512 1730 2702 1769; x_wconf 84' lang='lat' dir='ltr'><strong>unam.</strong></span> 
     </span>
    </p>
   </div>
   <div class='ocr_carea' id='block_1_62' title="bbox 2328 1827 3525 1896">
    <p class='ocr_par' dir='ltr' id='par_1_62' title="bbox 2328 1827 3525 1896">
     <span class='ocr_line' id='line_1_62' title="bbox 2328 1827 3525 1896; baseline 0.004 -15"><span class='ocrx_word' id='word_1_419' title='bbox 2328 1827 2573 1896; x_wconf 83' lang='lat' dir='ltr'><strong>Davidis,</strong></span> <span class='ocrx_word' id='word_1_420' title='bbox 2601 1839 2650 1884; x_wconf 89' lang='lat' dir='ltr'><strong>et</strong></span> <span class='ocrx_word' id='word_1_421' title='bbox 2680 1829 2802 1892; x_wconf 86' lang='lat' dir='ltr'><strong>Job,</strong></span> <span class='ocrx_word' id='word_1_422' title='bbox 2835 1841 2887 1884; x_wconf 89' lang='lat' dir='ltr'><strong>et</strong></span> <span class='ocrx_word' id='word_1_423' title='bbox 2912 1827 3214 1894; x_wconf 69' lang='lat' dir='ltr'><strong>Zacltariie,</strong></span> <span class='ocrx_word' id='word_1_424' title='bbox 3239 1841 3287 1883; x_wconf 91' lang='lat' dir='ltr'><strong>et</strong></span> <span class='ocrx_word' id='word_1_425' title='bbox 3326 1829 3525 1886; x_wconf 68' lang='lat' dir='ltr'><strong>Isaiie.</strong></span> 
     </span>
    </p>
   </div>
   <div class='ocr_carea' id='block_1_63' title="bbox 2205 1938 3728 2007">
    <p class='ocr_par' dir='ltr' id='par_1_63' title="bbox 2205 1938 3728 2007">
     <span class='ocr_line' id='line_1_63' title="bbox 2205 1938 3728 2007; baseline 0.003 -15"><span class='ocrx_word' id='word_1_426' title='bbox 2205 1938 2271 1992; x_wconf 86' lang='lat' dir='ltr'><strong>In</strong></span> <span class='ocrx_word' id='word_1_427' title='bbox 2297 1939 2406 1994; x_wconf 87' lang='lat' dir='ltr'><strong>Deo</strong></span> <span class='ocrx_word' id='word_1_428' title='bbox 2438 1939 2670 1994; x_wconf 79' lang='lat' dir='ltr'><strong>laudabo</strong></span> <span class='ocrx_word' id='word_1_429' title='bbox 2704 1943 2916 1994; x_wconf 83' lang='lat' dir='ltr'><strong>verbum</strong></span> <span class='ocrx_word' id='word_1_430' title='bbox 2941 1983 2956 2007; x_wconf 91' lang='lat'><strong>,</strong></span> <span class='ocrx_word' id='word_1_431' title='bbox 3006 1941 3059 1994; x_wconf 88' lang='lat' dir='ltr'><strong>in</strong></span> <span class='ocrx_word' id='word_1_432' title='bbox 3095 1940 3320 1994; x_wconf 88' lang='lat' dir='ltr'><strong>Domino</strong></span> <span class='ocrx_word' id='word_1_433' title='bbox 3346 1942 3596 1996; x_wconf 83' lang='lat' dir='ltr'><strong>laudabo</strong></span> <span class='ocrx_word' id='word_1_434' title='bbox 3622 1962 3728 1998; x_wconf 85' lang='lat' dir='ltr'><strong>ser-</strong></span> 
     </span>
    </p>
   </div>
   <div class='ocr_carea' id='block_1_64' title="bbox 2133 2033 3730 2104">
    <p class='ocr_par' dir='ltr' id='par_1_64' title="bbox 2133 2033 3730 2104">
     <span class='ocr_line' id='line_1_64' title="bbox 2133 2033 3730 2104; baseline 0.002 -19"><span class='ocrx_word' id='word_1_435' title='bbox 2133 2050 2337 2087; x_wconf 89' lang='lat' dir='ltr'><strong>monem</strong></span> <span class='ocrx_word' id='word_1_436' title='bbox 2367 2049 2386 2087; x_wconf 90' lang='lat'><strong><em>:</em></strong></span> <span class='ocrx_word' id='word_1_437' title='bbox 2412 2035 2465 2087; x_wconf 87' lang='lat' dir='ltr'><strong>in</strong></span> <span class='ocrx_word' id='word_1_438' title='bbox 2494 2034 2600 2088; x_wconf 88' lang='lat' dir='ltr'><strong>Deo</strong></span> <span class='ocrx_word' id='word_1_439' title='bbox 2641 2034 2870 2102; x_wconf 80' lang='lat' dir='ltr'><strong>speravi,</strong></span> <span class='ocrx_word' id='word_1_440' title='bbox 2889 2049 2997 2087; x_wconf 88' lang='lat' dir='ltr'><strong>non</strong></span> <span class='ocrx_word' id='word_1_441' title='bbox 3027 2033 3215 2086; x_wconf 81' lang='lat' dir='ltr'><strong>timebo</strong></span> <span class='ocrx_word' id='word_1_442' title='bbox 3237 2035 3363 2100; x_wconf 87' lang='lat' dir='ltr'><strong>quid</strong></span> <span class='ocrx_word' id='word_1_443' title='bbox 3395 2035 3576 2104; x_wconf 80' lang='lat' dir='ltr'><strong>faciat</strong></span> <span class='ocrx_word' id='word_1_444' title='bbox 3607 2039 3730 2089; x_wconf 74' lang='lat' dir='ltr'><strong>milii</strong></span> 
     </span>
    </p>
   </div>
   <div class='ocr_carea' id='block_1_65' title="bbox 2132 2120 3726 2191">
    <p class='ocr_par' dir='ltr' id='par_1_65' title="bbox 2132 2120 3726 2191">
     <span class='ocr_line' id='line_1_65' title="bbox 2132 2120 3726 2191; baseline 0.002 -17"><span class='ocrx_word' id='word_1_445' title='bbox 2132 2123 2286 2175; x_wconf 84' lang='lat' dir='ltr'><strong>homo</strong></span> <span class='ocrx_word' id='word_1_446' title='bbox 2308 2122 2371 2177; x_wconf 73' lang='grc' dir='ltr'><strong>η.</strong></span> <span class='ocrx_word' id='word_1_447' title='bbox 2397 2121 2463 2175; x_wconf 92' lang='lat' dir='ltr'><strong>Et</strong></span> <span class='ocrx_word' id='word_1_448' title='bbox 2490 2138 2710 2176; x_wconf 88' lang='lat' dir='ltr'><strong>rursum</strong></span> <span class='ocrx_word' id='word_1_449' title='bbox 2737 2141 2750 2177; x_wconf 86' lang='lat'>:</span> <span class='ocrx_word' id='word_1_450' title='bbox 2779 2120 3010 2175; x_wconf 84' lang='lat' dir='ltr'><strong>lmmola</strong></span> <span class='ocrx_word' id='word_1_451' title='bbox 3034 2120 3144 2176; x_wconf 90' lang='lat' dir='ltr'><strong>Deo</strong></span> <span class='ocrx_word' id='word_1_452' title='bbox 3165 2124 3504 2191; x_wconf 81' lang='lat' dir='ltr'><strong>sacriﬁcium</strong></span> <span class='ocrx_word' id='word_1_453' title='bbox 3532 2125 3726 2182; x_wconf 73' lang='lat' dir='ltr'><strong>laudis.</strong></span> 
     </span>
    </p>
   </div>
   <div class='ocr_carea' id='block_1_66' title="bbox 2133 2212 3730 2277">
    <p class='ocr_par' dir='ltr' id='par_1_66' title="bbox 2133 2212 3730 2277">
     <span class='ocr_line' id='line_1_66' title="bbox 2133 2212 3730 2277; baseline 0 -11"><span class='ocrx_word' id='word_1_454' title='bbox 2133 2225 2179 2266; x_wconf 88' lang='lat' dir='ltr'><strong>et</strong></span> <span class='ocrx_word' id='word_1_455' title='bbox 2211 2212 2370 2266; x_wconf 85' lang='lat' dir='ltr'><strong>redde</strong></span> <span class='ocrx_word' id='word_1_456' title='bbox 2399 2212 2677 2267; x_wconf 84' lang='lat' dir='ltr'><strong>Altissimo</strong></span> <span class='ocrx_word' id='word_1_457' title='bbox 2707 2221 2826 2266; x_wconf 85' lang='lat' dir='ltr'><strong>vota</strong></span> <span class='ocrx_word' id='word_1_458' title='bbox 2851 2225 2966 2277; x_wconf 90' lang='lat' dir='ltr'><strong>tua,</strong></span> <span class='ocrx_word' id='word_1_459' title='bbox 2998 2221 3049 2266; x_wconf 88' lang='lat' dir='ltr'><strong>et</strong></span> <span class='ocrx_word' id='word_1_460' title='bbox 3075 2213 3258 2266; x_wconf 85' lang='lat' dir='ltr'><strong>invoca</strong></span> <span class='ocrx_word' id='word_1_461' title='bbox 3290 2230 3378 2266; x_wconf 89' lang='lat' dir='ltr'><strong>me</strong></span> <span class='ocrx_word' id='word_1_462' title='bbox 3417 2216 3472 2266; x_wconf 89' lang='lat' dir='ltr'><strong>in</strong></span> <span class='ocrx_word' id='word_1_463' title='bbox 3513 2213 3602 2268; x_wconf 81' lang='lat' dir='ltr'><strong>die</strong></span> <span class='ocrx_word' id='word_1_464' title='bbox 3639 2217 3730 2266; x_wconf 84' lang='lat' dir='ltr'><strong>tri-</strong></span> 
     </span>
    </p>
   </div>
   <div class='ocr_carea' id='block_1_67' title="bbox 2134 2303 3727 2368">
    <p class='ocr_par' dir='ltr' id='par_1_67' title="bbox 2134 2303 3727 2368">
     <span class='ocr_line' id='line_1_67' title="bbox 2134 2303 3727 2368; baseline 0 -11"><span class='ocrx_word' id='word_1_465' title='bbox 2134 2303 2424 2358; x_wconf 87' lang='lat' dir='ltr'><strong>bulationis</strong></span> <span class='ocrx_word' id='word_1_466' title='bbox 2471 2313 2576 2358; x_wconf 82' lang='lat' dir='ltr'><strong>tua:</strong></span> <span class='ocrx_word' id='word_1_467' title='bbox 2615 2304 2681 2360; x_wconf 80' lang='lat'><strong>&quot;.</strong></span> <span class='ocrx_word' id='word_1_468' title='bbox 2730 2305 2796 2358; x_wconf 88' lang='lat' dir='ltr'><strong>Et</strong></span> <span class='ocrx_word' id='word_1_469' title='bbox 2844 2320 3062 2359; x_wconf 90' lang='lat' dir='ltr'><strong>rursum</strong></span> <span class='ocrx_word' id='word_1_470' title='bbox 3103 2322 3116 2358; x_wconf 91' lang='lat'>:</span> <span class='ocrx_word' id='word_1_471' title='bbox 3166 2303 3301 2358; x_wconf 79' lang='lat' dir='ltr'><strong>Vivit</strong></span> <span class='ocrx_word' id='word_1_472' title='bbox 3344 2303 3649 2368; x_wconf 78' lang='lat' dir='ltr'><strong>Dominus,</strong></span> <span class='ocrx_word' id='word_1_473' title='bbox 3685 2318 3727 2359; x_wconf 81' lang='lat' dir='ltr'><strong>et</strong></span> 
     </span>
    </p>
   </div>
   <div class='ocr_carea' id='block_1_68' title="bbox 2135 2395 3722 2460">
    <p class='ocr_par' dir='ltr' id='par_1_68' title="bbox 2135 2395 3722 2460">
     <span class='ocr_line' id='line_1_68' title="bbox 2135 2395 3722 2460; baseline 0.001 -12"><span class='ocrx_word' id='word_1_474' title='bbox 2135 2395 2439 2450; x_wconf 87' lang='lat' dir='ltr'><strong>benedictus</strong></span> <span class='ocrx_word' id='word_1_475' title='bbox 2480 2395 2657 2460; x_wconf 84' lang='lat' dir='ltr'><strong>Deus,</strong></span> <span class='ocrx_word' id='word_1_476' title='bbox 2689 2405 2738 2450; x_wconf 92' lang='lat' dir='ltr'><strong>et</strong></span> <span class='ocrx_word' id='word_1_477' title='bbox 2784 2397 3051 2450; x_wconf 72' lang='lat' dir='ltr'><strong>exaltetur</strong></span> <span class='ocrx_word' id='word_1_478' title='bbox 3079 2396 3219 2450; x_wconf 90' lang='lat' dir='ltr'><strong>Deus</strong></span> <span class='ocrx_word' id='word_1_479' title='bbox 3262 2396 3461 2450; x_wconf 84' lang='lat' dir='ltr'><strong>salutis</strong></span> <span class='ocrx_word' id='word_1_480' title='bbox 3508 2414 3640 2450; x_wconf 70' lang='lat' dir='ltr'><strong>mete</strong></span> <span class='ocrx_word' id='word_1_481' title='bbox 3667 2399 3722 2449; x_wconf 79' lang='lat'><strong>”.</strong></span> 
     </span>
    </p>
   </div>
   <div class='ocr_carea' id='block_1_69' title="bbox 2133 2487 3724 2553">
    <p class='ocr_par' dir='ltr' id='par_1_69' title="bbox 2133 2487 3724 2553">
     <span class='ocr_line' id='line_1_69' title="bbox 2133 2487 3724 2553; baseline 0.002 -12"><span class='ocrx_word' id='word_1_482' title='bbox 2133 2487 2267 2543; x_wconf 91' lang='lat' dir='ltr'><strong>Item</strong></span> <span class='ocrx_word' id='word_1_483' title='bbox 2299 2508 2312 2543; x_wconf 93' lang='lat'>:</span> <span class='ocrx_word' id='word_1_484' title='bbox 2339 2487 2405 2542; x_wconf 88' lang='lat' dir='ltr'><strong>In</strong></span> <span class='ocrx_word' id='word_1_485' title='bbox 2434 2489 2633 2543; x_wconf 87' lang='lat' dir='ltr'><strong>lumine</strong></span> <span class='ocrx_word' id='word_1_486' title='bbox 2659 2499 2748 2543; x_wconf 87' lang='lat' dir='ltr'><strong>tuo</strong></span> <span class='ocrx_word' id='word_1_487' title='bbox 2773 2491 3058 2544; x_wconf 84' lang='lat' dir='ltr'><strong>videbimus</strong></span> <span class='ocrx_word' id='word_1_488' title='bbox 3089 2491 3260 2543; x_wconf 83' lang='lat' dir='ltr'><strong>lumen</strong></span> <span class='ocrx_word' id='word_1_489' title='bbox 3283 2491 3350 2542; x_wconf 81' lang='lat'><strong>&quot;.</strong></span> <span class='ocrx_word' id='word_1_490' title='bbox 3389 2488 3512 2544; x_wconf 81' lang='lat' dir='ltr'><strong>Hoc</strong></span> <span class='ocrx_word' id='word_1_491' title='bbox 3537 2499 3646 2553; x_wconf 90' lang='lat' dir='ltr'><strong>cst,</strong></span> <span class='ocrx_word' id='word_1_492' title='bbox 3681 2493 3724 2544; x_wconf 87' lang='lat' dir='ltr'><strong>in</strong></span> 
     </span>
    </p>
   </div>
   <div class='ocr_carea' id='block_1_70' title="bbox 2134 2578 3720 2652">
    <p class='ocr_par' dir='ltr' id='par_1_70' title="bbox 2134 2578 3720 2652">
     <span class='ocr_line' id='line_1_70' title="bbox 2134 2578 3720 2652; baseline 0.001 -20"><span class='ocrx_word' id='word_1_493' title='bbox 2134 2578 2274 2634; x_wconf 89' lang='lat' dir='ltr'><strong>Filio</strong></span> <span class='ocrx_word' id='word_1_494' title='bbox 2309 2588 2402 2634; x_wconf 90' lang='lat' dir='ltr'><strong>tuo</strong></span> <span class='ocrx_word' id='word_1_495' title='bbox 2431 2580 2741 2636; x_wconf 85' lang='lat' dir='ltr'><strong>videbimus</strong></span> <span class='ocrx_word' id='word_1_496' title='bbox 2773 2581 3042 2652; x_wconf 89' lang='lat' dir='ltr'><strong>Spiritum</strong></span> <span class='ocrx_word' id='word_1_497' title='bbox 3076 2587 3332 2636; x_wconf 80' lang='lat' dir='ltr'><strong>sanctum</strong></span> <span class='ocrx_word' id='word_1_498' title='bbox 3363 2599 3378 2634; x_wconf 87' lang='lat'>:</span> <span class='ocrx_word' id='word_1_499' title='bbox 3405 2595 3511 2651; x_wconf 89' lang='lat' dir='ltr'><strong>per</strong></span> <span class='ocrx_word' id='word_1_500' title='bbox 3550 2582 3720 2651; x_wconf 86' lang='lat' dir='ltr'><strong>ipsum</strong></span> 
     </span>
    </p>
   </div>
   <div class='ocr_carea' id='block_1_71' title="bbox 2135 2670 3719 2741">
    <p class='ocr_par' dir='ltr' id='par_1_71' title="bbox 2135 2670 3719 2741">
     <span class='ocr_line' id='line_1_71' title="bbox 2135 2670 3719 2741; baseline -0.003 -14"><span class='ocrx_word' id='word_1_501' title='bbox 2135 2673 2281 2727; x_wconf 88' lang='lat' dir='ltr'><strong>enim</strong></span> <span class='ocrx_word' id='word_1_502' title='bbox 2328 2671 2501 2726; x_wconf 89' lang='lat' dir='ltr'><strong>multo</strong></span> <span class='ocrx_word' id='word_1_503' title='bbox 2550 2672 2758 2727; x_wconf 90' lang='lat' dir='ltr'><strong>clarius</strong></span> <span class='ocrx_word' id='word_1_504' title='bbox 2800 2671 3017 2727; x_wconf 83' lang='lat' dir='ltr'><strong>Patrem</strong></span> <span class='ocrx_word' id='word_1_505' title='bbox 3061 2681 3116 2727; x_wconf 90' lang='lat' dir='ltr'><strong>et</strong></span> <span class='ocrx_word' id='word_1_506' title='bbox 3153 2670 3427 2741; x_wconf 89' lang='lat' dir='ltr'><strong>Spiritum</strong></span> <span class='ocrx_word' id='word_1_507' title='bbox 3472 2679 3719 2727; x_wconf 77' lang='lat' dir='ltr'><strong>sanctum</strong></span> 
     </span>
    </p>
   </div>
   <div class='ocr_carea' id='block_1_72' title="bbox 2136 2762 3723 2835">
    <p class='ocr_par' dir='ltr' id='par_1_72' title="bbox 2136 2762 3723 2835">
     <span class='ocr_line' id='line_1_72' title="bbox 2136 2762 3723 2835; baseline -0.003 -15"><span class='ocrx_word' id='word_1_508' title='bbox 2136 2766 2519 2835; x_wconf 86' lang='lat' dir='ltr'><strong>cognovimus.</strong></span> <span class='ocrx_word' id='word_1_509' title='bbox 2565 2763 2734 2818; x_wconf 81' lang='lat' dir='ltr'><strong>Multa</strong></span> <span class='ocrx_word' id='word_1_510' title='bbox 2785 2772 3048 2835; x_wconf 71' lang='lat' dir='ltr'><strong>praeterea</strong></span> <span class='ocrx_word' id='word_1_511' title='bbox 3096 2764 3475 2835; x_wconf 87' lang='lat' dir='ltr'><strong>reperiemus,</strong></span> <span class='ocrx_word' id='word_1_512' title='bbox 3526 2762 3723 2832; x_wconf 81' lang='lat' dir='ltr'><strong>quibus</strong></span> 
     </span>
    </p>
   </div>
   <div class='ocr_carea' id='block_1_73' title="bbox 2139 2855 3724 2926">
    <p class='ocr_par' dir='ltr' id='par_1_73' title="bbox 2139 2855 3724 2926">
     <span class='ocr_line' id='line_1_73' title="bbox 2139 2855 3724 2926; baseline -0.002 -14"><span class='ocrx_word' id='word_1_513' title='bbox 2139 2865 2332 2912; x_wconf 87' lang='lat' dir='ltr'><strong>sancta</strong></span> <span class='ocrx_word' id='word_1_514' title='bbox 2361 2855 2921 2912; x_wconf 87' lang='lat' dir='ltr'><strong>Trinitasindicatur.</strong></span> <span class='ocrx_word' id='word_1_515' title='bbox 2952 2857 3202 2926; x_wconf 87' lang='lat' dir='ltr'><strong>Hymnus</strong></span> <span class='ocrx_word' id='word_1_516' title='bbox 3237 2857 3404 2911; x_wconf 89' lang='lat' dir='ltr'><strong>etiam</strong></span> <span class='ocrx_word' id='word_1_517' title='bbox 3439 2857 3724 2926; x_wconf 75' lang='lat' dir='ltr'><strong>angelicas</strong></span> 
     </span>
    </p>
   </div>
   <div class='ocr_carea' id='block_1_74' title="bbox 2141 2945 3725 3014">
    <p class='ocr_par' dir='ltr' id='par_1_74' title="bbox 2141 2945 3725 3014">
     <span class='ocr_line' id='line_1_74' title="bbox 2141 2945 3725 3014; baseline 0 -14"><span class='ocrx_word' id='word_1_518' title='bbox 2141 2947 2235 3003; x_wconf 87' lang='lat' dir='ltr'><strong>ille</strong></span> <span class='ocrx_word' id='word_1_519' title='bbox 2255 2987 2270 3013; x_wconf 93' lang='lat'><strong>,</strong></span> <span class='ocrx_word' id='word_1_520' title='bbox 2318 2948 2580 3014; x_wconf 88' lang='lat' dir='ltr'><strong>Sanctus,</strong></span> <span class='ocrx_word' id='word_1_521' title='bbox 2609 2958 2828 3002; x_wconf 86' lang='lat' dir='ltr'><strong>sanctus</strong></span> <span class='ocrx_word' id='word_1_522' title='bbox 2850 2985 2863 3010; x_wconf 94' lang='lat'><strong>,</strong></span> <span class='ocrx_word' id='word_1_523' title='bbox 2895 2956 3112 3000; x_wconf 87' lang='lat' dir='ltr'><strong>sanctus</strong></span> <span class='ocrx_word' id='word_1_524' title='bbox 3151 2945 3413 3000; x_wconf 87' lang='lat' dir='ltr'><strong>Dominus</strong></span> <span class='ocrx_word' id='word_1_525' title='bbox 3437 2949 3486 2978; x_wconf 83' lang='lat'><strong>&quot;</strong></span> <span class='ocrx_word' id='word_1_526' title='bbox 3515 2986 3532 3010; x_wconf 89' lang='lat'><strong>,</strong></span> <span class='ocrx_word' id='word_1_527' title='bbox 3570 2959 3725 3001; x_wconf 70' lang='lat' dir='ltr'><strong>terna:</strong></span> 
     </span>
    </p>
   </div>
   <div class='ocr_carea' id='block_1_75' title="bbox 2142 3039 3720 3109">
    <p class='ocr_par' dir='ltr' id='par_1_75' title="bbox 2142 3039 3720 3109">
     <span class='ocr_line' id='line_1_75' title="bbox 2142 3039 3720 3109; baseline -0.003 -13"><span class='ocrx_word' id='word_1_528' title='bbox 2142 3040 2457 3097; x_wconf 88' lang='lat' dir='ltr'><strong>sanctitatis</strong></span> <span class='ocrx_word' id='word_1_529' title='bbox 2485 3040 2858 3096; x_wconf 86' lang='lat' dir='ltr'><strong>celebratione</strong></span> <span class='ocrx_word' id='word_1_530' title='bbox 2889 3046 3002 3094; x_wconf 88' lang='lat' dir='ltr'><strong>tres</strong></span> <span class='ocrx_word' id='word_1_531' title='bbox 3043 3054 3310 3109; x_wconf 89' lang='lat' dir='ltr'><strong>personas</strong></span> <span class='ocrx_word' id='word_1_532' title='bbox 3341 3039 3720 3100; x_wconf 85' lang='lat' dir='ltr'><strong>demonstrat.</strong></span> 
     </span>
    </p>
   </div>
   <div class='ocr_carea' id='block_1_76' title="bbox 2141 3132 3724 3196">
    <p class='ocr_par' dir='ltr' id='par_1_76' title="bbox 2141 3132 3724 3196">
     <span class='ocr_line' id='line_1_76' title="bbox 2141 3132 3724 3196; baseline -0.004 -6"><span class='ocrx_word' id='word_1_533' title='bbox 2141 3134 2311 3190; x_wconf 88' lang='lat' dir='ltr'><strong>semel</strong></span> <span class='ocrx_word' id='word_1_534' title='bbox 2337 3141 2521 3190; x_wconf 86' lang='lat' dir='ltr'><strong>autem</strong></span> <span class='ocrx_word' id='word_1_535' title='bbox 2553 3132 2847 3188; x_wconf 88' lang='lat' dir='ltr'><strong>Dominum</strong></span> <span class='ocrx_word' id='word_1_536' title='bbox 2873 3132 3192 3196; x_wconf 89' lang='lat' dir='ltr'><strong>nominans,</strong></span> <span class='ocrx_word' id='word_1_537' title='bbox 3222 3133 3449 3187; x_wconf 90' lang='lat' dir='ltr'><strong>unicam</strong></span> <span class='ocrx_word' id='word_1_538' title='bbox 3482 3133 3724 3188; x_wconf 74' lang='lat' dir='ltr'><strong>declarat</strong></span> 
     </span>
    </p>
   </div>
   <div class='ocr_carea' id='block_1_77' title="bbox 2137 3223 3725 3296">
    <p class='ocr_par' dir='ltr' id='par_1_77' title="bbox 2137 3223 3725 3296">
     <span class='ocr_line' id='line_1_77' title="bbox 2137 3223 3725 3296; baseline -0.003 -14"><span class='ocrx_word' id='word_1_539' title='bbox 2137 3226 2508 3282; x_wconf 87' lang='lat' dir='ltr'><strong>divinitatem.</strong></span> <span class='ocrx_word' id='word_1_540' title='bbox 2551 3224 2760 3281; x_wconf 78' lang='lat' dir='ltr'><strong>Verum</strong></span> <span class='ocrx_word' id='word_1_541' title='bbox 2797 3225 2974 3280; x_wconf 91' lang='lat' dir='ltr'><strong>multo</strong></span> <span class='ocrx_word' id='word_1_542' title='bbox 3009 3223 3420 3296; x_wconf 86' lang='lat' dir='ltr'><strong>signiﬁcantius</strong></span> <span class='ocrx_word' id='word_1_543' title='bbox 3447 3224 3634 3279; x_wconf 85' lang='lat' dir='ltr'><strong>David</strong></span> <span class='ocrx_word' id='word_1_544' title='bbox 3669 3225 3725 3279; x_wconf 82' lang='lat' dir='ltr'><strong>de</strong></span> 
     </span>
    </p>
   </div>
   <div class='ocr_carea' id='block_1_78' title="bbox 2136 3315 3722 3388">
    <p class='ocr_par' dir='ltr' id='par_1_78' title="bbox 2136 3315 3722 3388">
     <span class='ocr_line' id='line_1_78' title="bbox 2136 3315 3722 3388; baseline -0.003 -14"><span class='ocrx_word' id='word_1_545' title='bbox 2136 3319 2298 3375; x_wconf 86' lang='lat' dir='ltr'><strong>Patre</strong></span> <span class='ocrx_word' id='word_1_546' title='bbox 2311 3327 2366 3376; x_wconf 92' lang='lat' dir='ltr'><strong>et</strong></span> <span class='ocrx_word' id='word_1_547' title='bbox 2386 3317 2528 3374; x_wconf 84' lang='lat' dir='ltr'><strong>Filio</strong></span> <span class='ocrx_word' id='word_1_548' title='bbox 2557 3318 2822 3388; x_wconf 86' lang='lat' dir='ltr'><strong>loquitur,</strong></span> <span class='ocrx_word' id='word_1_549' title='bbox 2845 3332 2912 3373; x_wconf 83' lang='lat' dir='ltr'><strong>ex</strong></span> <span class='ocrx_word' id='word_1_550' title='bbox 2932 3331 3163 3386; x_wconf 85' lang='lat' dir='ltr'><strong>persona</strong></span> <span class='ocrx_word' id='word_1_551' title='bbox 3188 3315 3370 3371; x_wconf 88' lang='lat' dir='ltr'><strong>Patris</strong></span> <span class='ocrx_word' id='word_1_552' title='bbox 3405 3317 3476 3370; x_wconf 85' lang='lat' dir='ltr'><strong>ad</strong></span> <span class='ocrx_word' id='word_1_553' title='bbox 3503 3315 3722 3378; x_wconf 81' lang='lat' dir='ltr'><strong>Filium,</strong></span> 
     </span>
    </p>
   </div>
   <div class='ocr_carea' id='block_1_79' title="bbox 2139 3406 3726 3480">
    <p class='ocr_par' dir='ltr' id='par_1_79' title="bbox 2139 3406 3726 3480">
     <span class='ocr_line' id='line_1_79' title="bbox 2139 3406 3726 3480; baseline -0.004 -15"><span class='ocrx_word' id='word_1_554' title='bbox 2139 3409 2226 3465; x_wconf 81' lang='lat' dir='ltr'><strong>Ea:</strong></span> <span class='ocrx_word' id='word_1_555' title='bbox 2253 3417 2423 3476; x_wconf 90' lang='lat' dir='ltr'><strong>utero,</strong></span> <span class='ocrx_word' id='word_1_556' title='bbox 2455 3408 2744 3477; x_wconf 87' lang='lat' dir='ltr'><strong>inquiens,</strong></span> <span class='ocrx_word' id='word_1_557' title='bbox 2783 3408 2935 3480; x_wconf 80' lang='lat' dir='ltr'><strong>genui</strong></span> <span class='ocrx_word' id='word_1_558' title='bbox 2965 3419 3014 3464; x_wconf 90' lang='lat' dir='ltr'><strong>te</strong></span> <span class='ocrx_word' id='word_1_559' title='bbox 3046 3407 3114 3462; x_wconf 78' lang='grc'><strong>³³.</strong></span> <span class='ocrx_word' id='word_1_560' title='bbox 3156 3406 3263 3462; x_wconf 87' lang='lat' dir='ltr'><strong>Per</strong></span> <span class='ocrx_word' id='word_1_561' title='bbox 3293 3417 3516 3462; x_wconf 89' lang='lat' dir='ltr'><strong>uterum</strong></span> <span class='ocrx_word' id='word_1_562' title='bbox 3551 3418 3726 3476; x_wconf 84' lang='lat' dir='ltr'><strong>pater-</strong></span> 
     </span>
    </p>
   </div>
   <div class='ocr_carea' id='block_1_80' title="bbox 2138 3499 3722 3570">
    <p class='ocr_par' dir='ltr' id='par_1_80' title="bbox 2138 3499 3722 3570">
     <span class='ocr_line' id='line_1_80' title="bbox 2138 3499 3722 3570; baseline -0.003 -12"><span class='ocrx_word' id='word_1_563' title='bbox 2138 3516 2268 3558; x_wconf 90' lang='lat' dir='ltr'><strong>nam</strong></span> <span class='ocrx_word' id='word_1_564' title='bbox 2310 3501 2468 3557; x_wconf 87' lang='lat' dir='ltr'><strong>decet</strong></span> <span class='ocrx_word' id='word_1_565' title='bbox 2509 3499 2807 3557; x_wconf 84' lang='lat' dir='ltr'><strong>essentiam</strong></span> <span class='ocrx_word' id='word_1_566' title='bbox 2851 3508 2906 3556; x_wconf 89' lang='lat' dir='ltr'><strong>et</strong></span> <span class='ocrx_word' id='word_1_567' title='bbox 2953 3507 3206 3555; x_wconf 87' lang='lat' dir='ltr'><strong>naturam</strong></span> <span class='ocrx_word' id='word_1_568' title='bbox 3251 3499 3509 3570; x_wconf 85' lang='lat' dir='ltr'><strong>intelligi.</strong></span> <span class='ocrx_word' id='word_1_569' title='bbox 3561 3499 3722 3564; x_wconf 88' lang='lat' dir='ltr'><strong>Quem</strong></span> 
     </span>
    </p>
   </div>
   <div class='ocr_carea' id='block_1_81' title="bbox 2138 3593 3725 3665">
    <p class='ocr_par' dir='ltr' id='par_1_81' title="bbox 2138 3593 3725 3665">
     <span class='ocr_line' id='line_1_81' title="bbox 2138 3593 3725 3665; baseline -0.002 -17"><span class='ocrx_word' id='word_1_570' title='bbox 2138 3604 2320 3650; x_wconf 86' lang='lat' dir='ltr'><strong>autem</strong></span> <span class='ocrx_word' id='word_1_571' title='bbox 2342 3593 2549 3665; x_wconf 89' lang='lat' dir='ltr'><strong>poteris</strong></span> <span class='ocrx_word' id='word_1_572' title='bbox 2572 3593 2741 3648; x_wconf 89' lang='lat' dir='ltr'><strong>alium</strong></span> <span class='ocrx_word' id='word_1_573' title='bbox 2767 3593 2890 3648; x_wconf 91' lang='lat' dir='ltr'><strong>sine</strong></span> <span class='ocrx_word' id='word_1_574' title='bbox 2907 3600 3154 3663; x_wconf 89' lang='lat' dir='ltr'><strong>tempore</strong></span> <span class='ocrx_word' id='word_1_575' title='bbox 3174 3593 3420 3664; x_wconf 88' lang='lat' dir='ltr'><strong>genitum</strong></span> <span class='ocrx_word' id='word_1_576' title='bbox 3447 3593 3725 3648; x_wconf 72' lang='lat' dir='ltr'><strong>invenire?</strong></span> 
     </span>
    </p>
   </div>
   <div class='ocr_carea' id='block_1_82' title="bbox 2138 3682 3725 3757">
    <p class='ocr_par' dir='ltr' id='par_1_82' title="bbox 2138 3682 3725 3757">
     <span class='ocr_line' id='line_1_82' title="bbox 2138 3682 3725 3757; baseline -0.003 -18"><span class='ocrx_word' id='word_1_577' title='bbox 2138 3685 2215 3740; x_wconf 82' lang='lat' dir='ltr'><strong>Ex</strong></span> <span class='ocrx_word' id='word_1_578' title='bbox 2247 3701 2481 3757; x_wconf 88' lang='lat' dir='ltr'><strong>persona</strong></span> <span class='ocrx_word' id='word_1_579' title='bbox 2528 3693 2714 3741; x_wconf 88' lang='lat' dir='ltr'><strong>autem</strong></span> <span class='ocrx_word' id='word_1_580' title='bbox 2745 3682 2904 3750; x_wconf 87' lang='lat' dir='ltr'><strong>Filii,</strong></span> <span class='ocrx_word' id='word_1_581' title='bbox 2954 3683 3247 3750; x_wconf 86' lang='lat' dir='ltr'><strong>Dominus,</strong></span> <span class='ocrx_word' id='word_1_582' title='bbox 3276 3685 3567 3754; x_wconf 85' lang='lat' dir='ltr'><strong>inquiens,</strong></span> <span class='ocrx_word' id='word_1_583' title='bbox 3597 3684 3725 3737; x_wconf 65' lang='lat' dir='ltr'><strong>dixit</strong></span> 
     </span>
    </p>
   </div>
   <div class='ocr_carea' id='block_1_83' title="bbox 2138 3776 3724 3850">
    <p class='ocr_par' dir='ltr' id='par_1_83' title="bbox 2138 3776 3724 3850">
     <span class='ocr_line' id='line_1_83' title="bbox 2138 3776 3724 3850; baseline 0 -17"><span class='ocrx_word' id='word_1_584' title='bbox 2138 3778 2207 3833; x_wconf 72' lang='lat' dir='ltr'><strong>ad</strong></span> <span class='ocrx_word' id='word_1_585' title='bbox 2238 3795 2318 3834; x_wconf 86' lang='lat' dir='ltr'><strong>me</strong></span> <span class='ocrx_word' id='word_1_586' title='bbox 2345 3797 2363 3834; x_wconf 91' lang='lat'><strong><em>:</em></strong></span> <span class='ocrx_word' id='word_1_587' title='bbox 2391 3776 2438 3831; x_wconf 81' lang='lat' dir='ltr'><em>F</em></span> <span class='ocrx_word' id='word_1_588' title='bbox 2440 3779 2564 3833; x_wconf 89' lang='lat' dir='ltr'><strong>ilius</strong></span> <span class='ocrx_word' id='word_1_589' title='bbox 2593 3795 2740 3834; x_wconf 88' lang='lat' dir='ltr'><strong>meus</strong></span> <span class='ocrx_word' id='word_1_590' title='bbox 2760 3796 2814 3834; x_wconf 88' lang='lat' dir='ltr'><strong>es</strong></span> <span class='ocrx_word' id='word_1_591' title='bbox 2844 3787 2922 3844; x_wconf 86' lang='lat' dir='ltr'><strong>tu,</strong></span> <span class='ocrx_word' id='word_1_592' title='bbox 2947 3796 3041 3849; x_wconf 85' lang='lat' dir='ltr'><strong>ego</strong></span> <span class='ocrx_word' id='word_1_593' title='bbox 3070 3781 3223 3834; x_wconf 83' lang='lat' dir='ltr'><strong>hodie</strong></span> <span class='ocrx_word' id='word_1_594' title='bbox 3243 3782 3400 3850; x_wconf 86' lang='lat' dir='ltr'><strong>genui</strong></span> <span class='ocrx_word' id='word_1_595' title='bbox 3425 3790 3475 3834; x_wconf 89' lang='lat' dir='ltr'><strong>te</strong></span> <span class='ocrx_word' id='word_1_596' title='bbox 3500 3781 3573 3836; x_wconf 76' lang='lat'><strong>“.</strong></span> <span class='ocrx_word' id='word_1_597' title='bbox 3596 3779 3724 3834; x_wconf 87' lang='lat' dir='ltr'><strong>Illud</strong></span> 
     </span>
    </p>
   </div>
   <div class='ocr_carea' id='block_1_84' title="bbox 2139 3871 3722 3944">
    <p class='ocr_par' dir='ltr' id='par_1_84' title="bbox 2139 3871 3722 3944">
     <span class='ocr_line' id='line_1_84' title="bbox 2139 3871 3722 3944; baseline -0.004 -16"><span class='ocrx_word' id='word_1_598' title='bbox 2139 3872 2284 3928; x_wconf 90' lang='lat' dir='ltr'><strong>enim</strong></span> <span class='ocrx_word' id='word_1_599' title='bbox 2314 3911 2331 3938; x_wconf 93' lang='lat'><strong>,</strong></span> <span class='ocrx_word' id='word_1_600' title='bbox 2377 3871 2532 3926; x_wconf 87' lang='lat' dir='ltr'><strong>hodie</strong></span> <span class='ocrx_word' id='word_1_601' title='bbox 2569 3873 2724 3942; x_wconf 85' lang='lat' dir='ltr'><strong>genui</strong></span> <span class='ocrx_word' id='word_1_602' title='bbox 2766 3880 2852 3938; x_wconf 89' lang='lat' dir='ltr'><strong>te,</strong></span> <span class='ocrx_word' id='word_1_603' title='bbox 2905 3880 3089 3926; x_wconf 89' lang='lat' dir='ltr'><strong>ortum</strong></span> <span class='ocrx_word' id='word_1_604' title='bbox 3130 3872 3251 3941; x_wconf 83' lang='lat' dir='ltr'><strong>ejus</strong></span> <span class='ocrx_word' id='word_1_605' title='bbox 3282 3871 3336 3926; x_wconf 91' lang='lat' dir='ltr'><strong>in</strong></span> <span class='ocrx_word' id='word_1_606' title='bbox 3371 3880 3637 3944; x_wconf 87' lang='lat' dir='ltr'><strong>tempore</strong></span> <span class='ocrx_word' id='word_1_607' title='bbox 3670 3889 3722 3926; x_wconf 83' lang='lat' dir='ltr'><strong>ex</strong></span> 
     </span>
    </p>
   </div>
   <div class='ocr_carea' id='block_1_85' title="bbox 2139 3962 3721 4036">
    <p class='ocr_par' dir='ltr' id='par_1_85' title="bbox 2139 3962 3721 4036">
     <span class='ocr_line' id='line_1_85' title="bbox 2139 3962 3721 4036; baseline -0.001 -18"><span class='ocrx_word' id='word_1_608' title='bbox 2139 3963 2352 4032; x_wconf 85' lang='lat' dir='ltr'><strong>virgine</strong></span> <span class='ocrx_word' id='word_1_609' title='bbox 2377 3963 2674 4034; x_wconf 89' lang='lat' dir='ltr'><strong>signiﬁcat.</strong></span> <span class='ocrx_word' id='word_1_610' title='bbox 2709 3962 2898 4028; x_wconf 84' lang='lat' dir='ltr'><strong>Genui,</strong></span> <span class='ocrx_word' id='word_1_611' title='bbox 2927 3979 3029 4035; x_wconf 93' lang='lat' dir='ltr'><strong>pro</strong></span> <span class='ocrx_word' id='word_1_612' title='bbox 3060 3979 3125 4017; x_wconf 91' lang='lat' dir='ltr'><strong>eo</strong></span> <span class='ocrx_word' id='word_1_613' title='bbox 3159 3963 3304 4033; x_wconf 81' lang='lat' dir='ltr'><strong>quod</strong></span> <span class='ocrx_word' id='word_1_614' title='bbox 3343 3972 3454 4027; x_wconf 88' lang='lat' dir='ltr'><strong>est,</strong></span> <span class='ocrx_word' id='word_1_615' title='bbox 3493 3973 3553 4021; x_wconf 88' lang='lat' dir='ltr'><strong>te</strong></span> <span class='ocrx_word' id='word_1_616' title='bbox 3581 3965 3721 4036; x_wconf 85' lang='lat' dir='ltr'><strong>gigni</strong></span> 
     </span>
    </p>
   </div>
   <div class='ocr_carea' id='block_1_86' title="bbox 2139 4051 3724 4124">
    <p class='ocr_par' dir='ltr' id='par_1_86' title="bbox 2139 4051 3724 4124">
     <span class='ocr_line' id='line_1_86' title="bbox 2139 4051 3724 4124; baseline 0.001 -18"><span class='ocrx_word' id='word_1_617' title='bbox 2139 4052 2276 4106; x_wconf 88' lang='lat' dir='ltr'><strong>mihi</strong></span> <span class='ocrx_word' id='word_1_618' title='bbox 2324 4053 2571 4122; x_wconf 88' lang='lat' dir='ltr'><strong>placuit,</strong></span> <span class='ocrx_word' id='word_1_619' title='bbox 2607 4053 2695 4108; x_wconf 90' lang='lat' dir='ltr'><strong>vel</strong></span> <span class='ocrx_word' id='word_1_620' title='bbox 2725 4053 3030 4124; x_wconf 87' lang='lat' dir='ltr'><strong>procreavi.</strong></span> <span class='ocrx_word' id='word_1_621' title='bbox 3073 4051 3214 4106; x_wconf 86' lang='lat' dir='ltr'><strong>Huic</strong></span> <span class='ocrx_word' id='word_1_622' title='bbox 3249 4063 3434 4108; x_wconf 89' lang='lat' dir='ltr'><strong>autem</strong></span> <span class='ocrx_word' id='word_1_623' title='bbox 3473 4069 3724 4123; x_wconf 68' lang='lat' dir='ltr'><strong>persona:</strong></span> 
     </span>
    </p>
   </div>
   <div class='ocr_carea' id='block_1_87' title="bbox 2139 4141 3728 4216">
    <p class='ocr_par' dir='ltr' id='par_1_87' title="bbox 2139 4141 3728 4216">
     <span class='ocr_line' id='line_1_87' title="bbox 2139 4141 3728 4216; baseline 0.001 -20"><span class='ocrx_word' id='word_1_624' title='bbox 2139 4141 2259 4198; x_wconf 88' lang='lat' dir='ltr'><strong>Filii</strong></span> <span class='ocrx_word' id='word_1_625' title='bbox 2285 4145 2538 4216; x_wconf 87' lang='lat' dir='ltr'><strong>congruit</strong></span> <span class='ocrx_word' id='word_1_626' title='bbox 2554 4145 2721 4200; x_wconf 91' lang='lat' dir='ltr'><strong>etiam</strong></span> <span class='ocrx_word' id='word_1_627' title='bbox 2751 4145 2888 4202; x_wconf 90' lang='lat' dir='ltr'><strong>illud</strong></span> <span class='ocrx_word' id='word_1_628' title='bbox 2917 4145 3270 4202; x_wconf 89' lang='lat' dir='ltr'><strong>Salomonis:</strong></span> <span class='ocrx_word' id='word_1_629' title='bbox 3296 4145 3572 4202; x_wconf 79' lang='lat' dir='ltr'><strong>Dominus</strong></span> <span class='ocrx_word' id='word_1_630' title='bbox 3593 4163 3728 4200; x_wconf 55' lang='lat' dir='ltr'><strong>etes.</strong></span> 
     </span>
    </p>
   </div>
   <div class='ocr_carea' id='block_1_88' title="bbox 2141 4237 3726 4309">
    <p class='ocr_par' dir='ltr' id='par_1_88' title="bbox 2141 4237 3726 4309">
     <span class='ocr_line' id='line_1_88' title="bbox 2141 4237 3726 4309; baseline 0.002 -19"><span class='ocrx_word' id='word_1_631' title='bbox 2141 4237 2212 4290; x_wconf 78' lang='lat' dir='ltr'><strong>vit</strong></span> <span class='ocrx_word' id='word_1_632' title='bbox 2245 4254 2326 4292; x_wconf 89' lang='lat' dir='ltr'><strong>me</strong></span> <span class='ocrx_word' id='word_1_633' title='bbox 2347 4239 2427 4303; x_wconf 76' lang='lat'><strong>&quot;,</strong></span> <span class='ocrx_word' id='word_1_634' title='bbox 2455 4246 2511 4294; x_wconf 89' lang='lat' dir='ltr'><strong>et</strong></span> <span class='ocrx_word' id='word_1_635' title='bbox 2542 4253 2664 4308; x_wconf 64' lang='lat' dir='ltr'><strong>quae</strong></span> <span class='ocrx_word' id='word_1_636' title='bbox 2696 4249 3026 4308; x_wconf 78' lang='lat' dir='ltr'><strong>sequuntur.</strong></span> <span class='ocrx_word' id='word_1_637' title='bbox 3065 4238 3271 4295; x_wconf 91' lang='lat' dir='ltr'><strong>Deinde</strong></span> <span class='ocrx_word' id='word_1_638' title='bbox 3301 4240 3536 4309; x_wconf 88' lang='lat' dir='ltr'><strong>subjicit</strong></span> <span class='ocrx_word' id='word_1_639' title='bbox 3561 4258 3576 4294; x_wconf 90' lang='lat'><strong>:</strong></span> <span class='ocrx_word' id='word_1_640' title='bbox 3601 4242 3726 4294; x_wconf 74' lang='lat' dir='ltr'><strong>Ante</strong></span> 
     </span>
    </p>
   </div>
   <div class='ocr_carea' id='block_1_89' title="bbox 2141 4329 3722 4401">
    <p class='ocr_par' dir='ltr' id='par_1_89' title="bbox 2141 4329 3722 4401">
     <span class='ocr_line' id='line_1_89' title="bbox 2141 4329 3722 4401; baseline 0.001 -17"><span class='ocrx_word' id='word_1_641' title='bbox 2141 4346 2320 4384; x_wconf 87' lang='lat' dir='ltr'><strong>omnes</strong></span> <span class='ocrx_word' id='word_1_642' title='bbox 2359 4329 2517 4385; x_wconf 90' lang='lat' dir='ltr'><strong>colles</strong></span> <span class='ocrx_word' id='word_1_643' title='bbox 2551 4340 2765 4401; x_wconf 78' lang='lat' dir='ltr'><strong>generat</strong></span> <span class='ocrx_word' id='word_1_644' title='bbox 2791 4348 2870 4386; x_wconf 90' lang='lat' dir='ltr'><strong>me</strong></span> <span class='ocrx_word' id='word_1_645' title='bbox 2895 4333 2959 4385; x_wconf 80' lang='lat'><strong>&quot;.</strong></span> <span class='ocrx_word' id='word_1_646' title='bbox 2987 4331 3128 4387; x_wconf 87' lang='lat' dir='ltr'><strong>Illud</strong></span> <span class='ocrx_word' id='word_1_647' title='bbox 3161 4333 3306 4388; x_wconf 88' lang='lat' dir='ltr'><strong>enim</strong></span> <span class='ocrx_word' id='word_1_648' title='bbox 3334 4373 3349 4396; x_wconf 92' lang='lat'><strong>,</strong></span> <span class='ocrx_word' id='word_1_649' title='bbox 3386 4333 3594 4386; x_wconf 71' lang='lat' dir='ltr'><strong>creauit</strong></span> <span class='ocrx_word' id='word_1_650' title='bbox 3631 4351 3722 4394; x_wconf 76' lang='lat' dir='ltr'><strong>me,</strong></span> 
     </span>
    </p>
   </div>
   <div class='ocr_carea' id='block_1_90' title="bbox 458 4413 3725 4492">
    <p class='ocr_par' dir='ltr' id='par_1_90' title="bbox 458 4413 3725 4492">
     <span class='ocr_line' id='line_1_90' title="bbox 458 4413 3725 4492; baseline 0.003 -24"><span class='ocrx_word' id='word_1_651' title='bbox 458 4413 664 4469; x_wconf 84' lang='lat' dir='ltr'><strong>sedente</strong></span> <span class='ocrx_word' id='word_1_652' title='bbox 694 4415 804 4482; x_wconf 86' lang='lat' dir='ltr'><strong>ipso</strong></span> <span class='ocrx_word' id='word_1_653' title='bbox 834 4414 888 4467; x_wconf 88' lang='lat' dir='ltr'><strong>in</strong></span> <span class='ocrx_word' id='word_1_654' title='bbox 914 4413 1048 4468; x_wconf 86' lang='lat' dir='ltr'><strong>ostio</strong></span> <span class='ocrx_word' id='word_1_655' title='bbox 1074 4414 1404 4468; x_wconf 86' lang='lat' dir='ltr'><strong>tabernaculi</strong></span> <span class='ocrx_word' id='word_1_656' title='bbox 1431 4415 1514 4467; x_wconf 89' lang='lat' dir='ltr'><strong>sui</strong></span> <span class='ocrx_word' id='word_1_657' title='bbox 1555 4415 1609 4467; x_wconf 91' lang='lat' dir='ltr'><strong>in</strong></span> <span class='ocrx_word' id='word_1_658' title='bbox 1641 4416 1877 4469; x_wconf 88' lang='lat' dir='ltr'><strong>meridie.</strong></span> <span class='ocrx_word' id='word_1_659' title='bbox 1932 4414 2033 4470; x_wconf 78' lang='lat' dir='ltr'><strong>Su-</strong></span> <span class='ocrx_word' id='word_1_660' title='bbox 2067 4421 2111 4479; x_wconf 83' lang='grc' dir='ltr'><strong>ι)</strong></span> <span class='ocrx_word' id='word_1_661' title='bbox 2139 4433 2322 4477; x_wconf 78' lang='lat' dir='ltr'><strong>ortum</strong></span> <span class='ocrx_word' id='word_1_662' title='bbox 2369 4422 2522 4477; x_wconf 88' lang='lat' dir='ltr'><strong>illius</strong></span> <span class='ocrx_word' id='word_1_663' title='bbox 2565 4422 2620 4477; x_wconf 91' lang='lat' dir='ltr'><strong>in</strong></span> <span class='ocrx_word' id='word_1_664' title='bbox 2670 4430 2918 4492; x_wconf 88' lang='lat' dir='ltr'><strong>tempore</strong></span> <span class='ocrx_word' id='word_1_665' title='bbox 2964 4423 3264 4477; x_wconf 84' lang='lat' dir='ltr'><strong>humanum</strong></span> <span class='ocrx_word' id='word_1_666' title='bbox 3311 4423 3620 4492; x_wconf 86' lang='lat' dir='ltr'><strong>signiﬁcat.</strong></span> <span class='ocrx_word' id='word_1_667' title='bbox 3668 4429 3725 4477; x_wconf 79' lang='lat' dir='ltr'><strong>At</strong></span> 
     </span>
    </p>
   </div>
   <div class='ocr_carea' id='block_1_91' title="bbox 457 4506 2038 4576">
    <p class='ocr_par' dir='ltr' id='par_1_91' title="bbox 457 4506 2038 4576">
     <span class='ocr_line' id='line_1_91' title="bbox 457 4506 2038 4576; baseline 0.001 -15"><span class='ocrx_word' id='word_1_668' title='bbox 457 4508 684 4576; x_wconf 87' lang='lat' dir='ltr'><strong>spiciens</strong></span> <span class='ocrx_word' id='word_1_669' title='bbox 712 4515 888 4560; x_wconf 90' lang='lat' dir='ltr'><strong>autem</strong></span> <span class='ocrx_word' id='word_1_670' title='bbox 917 4508 1080 4561; x_wconf 85' lang='lat' dir='ltr'><strong>oculis</strong></span> <span class='ocrx_word' id='word_1_671' title='bbox 1108 4507 1218 4560; x_wconf 84' lang='lat' dir='ltr'><strong>suis</strong></span> <span class='ocrx_word' id='word_1_672' title='bbox 1246 4506 1394 4560; x_wconf 85' lang='lat' dir='ltr'><strong>uidit.</strong></span> <span class='ocrx_word' id='word_1_673' title='bbox 1430 4506 1500 4561; x_wconf 85' lang='lat' dir='ltr'><strong>Et</strong></span> <span class='ocrx_word' id='word_1_674' title='bbox 1529 4518 1643 4563; x_wconf 76' lang='grc' dir='ltr'><strong>εει-ε</strong></span> <span class='ocrx_word' id='word_1_675' title='bbox 1673 4518 1776 4563; x_wconf 85' lang='lat' dir='ltr'><strong>tres</strong></span> <span class='ocrx_word' id='word_1_676' title='bbox 1805 4510 1903 4562; x_wconf 84' lang='lat' dir='ltr'><strong>uiri</strong></span> <span class='ocrx_word' id='word_1_677' title='bbox 1933 4518 2038 4562; x_wconf 91' lang='lat' dir='ltr'><strong>ste-</strong></span> 
     </span>
    </p>
   </div>
   <div class='ocr_carea' id='block_1_92' title="bbox 460 4599 2032 4667">
    <p class='ocr_par' dir='ltr' id='par_1_92' title="bbox 460 4599 2032 4667">
     <span class='ocr_line' id='line_1_92' title="bbox 460 4599 2032 4667; baseline 0.001 -15"><span class='ocrx_word' id='word_1_678' title='bbox 460 4608 634 4653; x_wconf 88' lang='lat' dir='ltr'><strong>terunt</strong></span> <span class='ocrx_word' id='word_1_679' title='bbox 665 4614 821 4667; x_wconf 87' lang='lat' dir='ltr'><strong>super</strong></span> <span class='ocrx_word' id='word_1_680' title='bbox 843 4614 982 4661; x_wconf 85' lang='lat' dir='ltr'><strong>eum,</strong></span> <span class='ocrx_word' id='word_1_681' title='bbox 1009 4607 1058 4652; x_wconf 89' lang='lat' dir='ltr'><strong>et</strong></span> <span class='ocrx_word' id='word_1_682' title='bbox 1088 4599 1266 4652; x_wconf 86' lang='lat' dir='ltr'><strong>uidens</strong></span> <span class='ocrx_word' id='word_1_683' title='bbox 1299 4601 1533 4652; x_wconf 85' lang='lat' dir='ltr'><strong>cucurrit</strong></span> <span class='ocrx_word' id='word_1_684' title='bbox 1559 4600 1612 4652; x_wconf 89' lang='lat' dir='ltr'><strong>in</strong></span> <span class='ocrx_word' id='word_1_685' title='bbox 1635 4615 1912 4653; x_wconf 87' lang='lat' dir='ltr'><strong>occursum</strong></span> <span class='ocrx_word' id='word_1_686' title='bbox 1937 4601 2032 4664; x_wconf 84' lang='lat' dir='ltr'><strong>eis,</strong></span> 
     </span>
    </p>
   </div>
   <div class='ocr_carea' id='block_1_93' title="bbox 456 4690 2036 4761">
    <p class='ocr_par' dir='ltr' id='par_1_93' title="bbox 456 4690 2036 4761">
     <span class='ocr_line' id='line_1_93' title="bbox 456 4690 2036 4761; baseline -0.002 -14"><span class='ocrx_word' id='word_1_687' title='bbox 456 4702 507 4747; x_wconf 84' lang='lat' dir='ltr'><strong>et</strong></span> <span class='ocrx_word' id='word_1_688' title='bbox 537 4691 778 4745; x_wconf 86' lang='lat' dir='ltr'><strong>adoravit</strong></span> <span class='ocrx_word' id='word_1_689' title='bbox 801 4706 956 4760; x_wconf 88' lang='lat' dir='ltr'><strong>super</strong></span> <span class='ocrx_word' id='word_1_690' title='bbox 989 4700 1207 4756; x_wconf 87' lang='lat' dir='ltr'><strong>terram,</strong></span> <span class='ocrx_word' id='word_1_691' title='bbox 1227 4699 1275 4743; x_wconf 89' lang='lat' dir='ltr'><strong>et</strong></span> <span class='ocrx_word' id='word_1_692' title='bbox 1296 4690 1432 4743; x_wconf 74' lang='lat' dir='ltr'><strong>dixit</strong></span> <span class='ocrx_word' id='word_1_693' title='bbox 1457 4707 1475 4744; x_wconf 91' lang='lat'><strong><em>:</em></strong></span> <span class='ocrx_word' id='word_1_694' title='bbox 1502 4691 1750 4755; x_wconf 88' lang='lat' dir='ltr'><strong>Domine,</strong></span> <span class='ocrx_word' id='word_1_695' title='bbox 1776 4692 1823 4746; x_wconf 91' lang='lat' dir='ltr'><strong>si</strong></span> <span class='ocrx_word' id='word_1_696' title='bbox 1852 4693 2036 4761; x_wconf 86' lang='lat' dir='ltr'><strong>utique</strong></span> 
     </span>
    </p>
   </div>
   <div class='ocr_carea' id='block_1_94' title="bbox 458 4782 2033 4852">
    <p class='ocr_par' dir='ltr' id='par_1_94' title="bbox 458 4782 2033 4852">
     <span class='ocr_line' id='line_1_94' title="bbox 458 4782 2033 4852; baseline 0.001 -17"><span class='ocrx_word' id='word_1_697' title='bbox 458 4784 628 4837; x_wconf 86' lang='lat' dir='ltr'><strong>inueni</strong></span> <span class='ocrx_word' id='word_1_698' title='bbox 655 4782 887 4852; x_wconf 88' lang='lat' dir='ltr'><strong>gratiam</strong></span> <span class='ocrx_word' id='word_1_699' title='bbox 908 4798 1087 4835; x_wconf 85' lang='lat' dir='ltr'><strong>coram</strong></span> <span class='ocrx_word' id='word_1_700' title='bbox 1118 4789 1185 4845; x_wconf 87' lang='lat' dir='ltr'><strong>te,</strong></span> <span class='ocrx_word' id='word_1_701' title='bbox 1212 4797 1274 4835; x_wconf 84' lang='lat' dir='ltr'><strong>ne</strong></span> <span class='ocrx_word' id='word_1_702' title='bbox 1299 4790 1540 4835; x_wconf 86' lang='lat' dir='ltr'><strong>transeas</strong></span> <span class='ocrx_word' id='word_1_703' title='bbox 1563 4798 1769 4835; x_wconf 80' lang='lat' dir='ltr'><strong>servum</strong></span> <span class='ocrx_word' id='word_1_704' title='bbox 1799 4793 1945 4835; x_wconf 89' lang='lat' dir='ltr'><strong>tuum</strong></span> <span class='ocrx_word' id='word_1_705' title='bbox 1970 4783 2033 4836; x_wconf 72' lang='lat'><strong>“.</strong></span> 
     </span>
    </p>
   </div>
   <div class='ocr_carea' id='block_1_95' title="bbox 458 4873 2036 4947">
    <p class='ocr_par' dir='ltr' id='par_1_95' title="bbox 458 4873 2036 4947">
     <span class='ocr_line' id='line_1_95' title="bbox 458 4873 2036 4947; baseline -0.001 -17"><span class='ocrx_word' id='word_1_706' title='bbox 458 4876 526 4930; x_wconf 88' lang='lat' dir='ltr'><strong>Et</strong></span> <span class='ocrx_word' id='word_1_707' title='bbox 581 4878 742 4947; x_wconf 89' lang='lat' dir='ltr'><strong>paulo</strong></span> <span class='ocrx_word' id='word_1_708' title='bbox 779 4886 902 4946; x_wconf 87' lang='lat' dir='ltr'><strong>post</strong></span> <span class='ocrx_word' id='word_1_709' title='bbox 927 4876 970 4906; x_wconf 84' lang='grc'>¹⁸</span> <span class='ocrx_word' id='word_1_710' title='bbox 1003 4893 1016 4929; x_wconf 89' lang='lat'><strong>:</strong></span> <span class='ocrx_word' id='word_1_711' title='bbox 1056 4873 1206 4928; x_wconf 72' lang='lat' dir='ltr'><strong>Dixit</strong></span> <span class='ocrx_word' id='word_1_712' title='bbox 1239 4883 1414 4927; x_wconf 81' lang='lat' dir='ltr'><strong>autem</strong></span> <span class='ocrx_word' id='word_1_713' title='bbox 1450 4873 1518 4927; x_wconf 87' lang='lat' dir='ltr'><strong>ad</strong></span> <span class='ocrx_word' id='word_1_714' title='bbox 1555 4891 1676 4928; x_wconf 80' lang='lat' dir='ltr'><strong>eum</strong></span> <span class='ocrx_word' id='word_1_715' title='bbox 1708 4890 1726 4929; x_wconf 89' lang='lat'><em>:</em></span> <span class='ocrx_word' id='word_1_716' title='bbox 1765 4873 1862 4926; x_wconf 86' lang='lat' dir='ltr'><strong>Ubi</strong></span> <span class='ocrx_word' id='word_1_717' title='bbox 1896 4873 2036 4928; x_wconf 88' lang='lat' dir='ltr'><strong>Sara</strong></span> 
     </span>
    </p>
   </div>
   <div class='ocr_carea' id='block_1_96' title="bbox 457 4967 2037 5038">
    <p class='ocr_par' dir='ltr' id='par_1_96' title="bbox 457 4967 2037 5038">
     <span class='ocr_line' id='line_1_96' title="bbox 457 4967 2037 5038; baseline -0.003 -14"><span class='ocrx_word' id='word_1_718' title='bbox 457 4987 595 5026; x_wconf 70' lang='lat' dir='ltr'><strong>uxor</strong></span> <span class='ocrx_word' id='word_1_719' title='bbox 625 4973 757 5026; x_wconf 83' lang='lat' dir='ltr'><strong>tua?</strong></span> <span class='ocrx_word' id='word_1_720' title='bbox 792 4967 886 5024; x_wconf 89' lang='lat' dir='ltr'><strong>Ille</strong></span> <span class='ocrx_word' id='word_1_721' title='bbox 914 4976 1094 5023; x_wconf 87' lang='lat' dir='ltr'><strong>autem</strong></span> <span class='ocrx_word' id='word_1_722' title='bbox 1126 4968 1466 5038; x_wconf 85' lang='lat' dir='ltr'><strong>respondens</strong></span> <span class='ocrx_word' id='word_1_723' title='bbox 1494 4968 1635 5023; x_wconf 81' lang='lat' dir='ltr'><strong>dixit</strong></span> <span class='ocrx_word' id='word_1_724' title='bbox 1668 4985 1681 5020; x_wconf 90' lang='lat'>:</span> <span class='ocrx_word' id='word_1_725' title='bbox 1707 4969 1842 5022; x_wconf 83' lang='lat' dir='ltr'><strong>Ecce</strong></span> <span class='ocrx_word' id='word_1_726' title='bbox 1871 4968 1923 5020; x_wconf 88' lang='lat' dir='ltr'><strong>in</strong></span> <span class='ocrx_word' id='word_1_727' title='bbox 1953 4977 2037 5020; x_wconf 87' lang='lat' dir='ltr'><strong>ta-</strong></span> 
     </span>
    </p>
   </div>
   <div class='ocr_carea' id='block_1_97' title="bbox 459 5059 2036 5131">
    <p class='ocr_par' dir='ltr' id='par_1_97' title="bbox 459 5059 2036 5131">
     <span class='ocr_line' id='line_1_97' title="bbox 459 5059 2036 5131; baseline -0.002 -13"><span class='ocrx_word' id='word_1_728' title='bbox 459 5064 761 5118; x_wconf 85' lang='lat' dir='ltr'><strong>bernaculo.</strong></span> <span class='ocrx_word' id='word_1_729' title='bbox 799 5060 862 5114; x_wconf 89' lang='lat' dir='ltr'><strong>Et</strong></span> <span class='ocrx_word' id='word_1_730' title='bbox 893 5061 1008 5124; x_wconf 88' lang='lat' dir='ltr'><strong>ait,</strong></span> <span class='ocrx_word' id='word_1_731' title='bbox 1053 5059 1328 5114; x_wconf 83' lang='lat' dir='ltr'><strong>Revertens</strong></span> <span class='ocrx_word' id='word_1_732' title='bbox 1366 5061 1570 5114; x_wconf 84' lang='lat' dir='ltr'><strong>ueniam</strong></span> <span class='ocrx_word' id='word_1_733' title='bbox 1611 5060 1680 5113; x_wconf 89' lang='lat' dir='ltr'><strong>ad</strong></span> <span class='ocrx_word' id='word_1_734' title='bbox 1712 5071 1759 5114; x_wconf 88' lang='lat' dir='ltr'><strong>te</strong></span> <span class='ocrx_word' id='word_1_735' title='bbox 1783 5101 1798 5125; x_wconf 95' lang='lat'><strong>,</strong></span> <span class='ocrx_word' id='word_1_736' title='bbox 1833 5070 1888 5116; x_wconf 83' lang='lat' dir='ltr'><strong>et</strong></span> <span class='ocrx_word' id='word_1_737' title='bbox 1916 5076 2036 5131; x_wconf 73' lang='lat' dir='ltr'><strong>qua:</strong></span> 
     </span>
    </p>
   </div>
   <div class='ocr_carea' id='block_1_98' title="bbox 460 5152 2037 5226">
    <p class='ocr_par' dir='ltr' id='par_1_98' title="bbox 460 5152 2037 5226">
     <span class='ocr_line' id='line_1_98' title="bbox 460 5152 2037 5226; baseline -0.002 -14"><span class='ocrx_word' id='word_1_738' title='bbox 460 5163 788 5226; x_wconf 83' lang='lat' dir='ltr'><strong>sequuntur.</strong></span> <span class='ocrx_word' id='word_1_739' title='bbox 840 5153 979 5209; x_wconf 87' lang='lat' dir='ltr'><strong>Ecce</strong></span> <span class='ocrx_word' id='word_1_740' title='bbox 1025 5153 1290 5224; x_wconf 89' lang='lat' dir='ltr'><strong>scriptum</strong></span> <span class='ocrx_word' id='word_1_741' title='bbox 1353 5161 1438 5207; x_wconf 90' lang='lat' dir='ltr'><strong>est</strong></span> <span class='ocrx_word' id='word_1_742' title='bbox 1492 5152 1661 5208; x_wconf 87' lang='lat' dir='ltr'><strong>Deum</strong></span> <span class='ocrx_word' id='word_1_743' title='bbox 1714 5155 2037 5224; x_wconf 89' lang='lat' dir='ltr'><strong>apparuisse</strong></span> 
     </span>
    </p>
   </div>
   <div class='ocr_carea' id='block_1_99' title="bbox 458 5243 2037 5315">
    <p class='ocr_par' dir='ltr' id='par_1_99' title="bbox 458 5243 2037 5315">
     <span class='ocr_line' id='line_1_99' title="bbox 458 5243 2037 5315; baseline -0.001 -14"><span class='ocrx_word' id='word_1_744' title='bbox 458 5247 774 5312; x_wconf 84' lang='lat' dir='ltr'><strong>Abraham;</strong></span> <span class='ocrx_word' id='word_1_745' title='bbox 811 5253 924 5301; x_wconf 85' lang='lat' dir='ltr'><strong>tres</strong></span> <span class='ocrx_word' id='word_1_746' title='bbox 963 5253 1144 5300; x_wconf 86' lang='lat' dir='ltr'><strong>autem</strong></span> <span class='ocrx_word' id='word_1_747' title='bbox 1190 5243 1365 5300; x_wconf 84' lang='lat' dir='ltr'><strong>fuisse</strong></span> <span class='ocrx_word' id='word_1_748' title='bbox 1407 5245 1501 5315; x_wconf 89' lang='lat' dir='ltr'><strong>qui</strong></span> <span class='ocrx_word' id='word_1_749' title='bbox 1548 5254 1938 5315; x_wconf 88' lang='lat' dir='ltr'><strong>apparuerunt.</strong></span> <span class='ocrx_word' id='word_1_750' title='bbox 1970 5246 2037 5300; x_wconf 88' lang='lat' dir='ltr'><strong>Et</strong></span> 
     </span>
    </p>
   </div>
   <div class='ocr_carea' id='block_1_100' title="bbox 457 5339 2033 5404">
    <p class='ocr_par' dir='ltr' id='par_1_100' title="bbox 457 5339 2033 5404">
     <span class='ocr_line' id='line_1_100' title="bbox 457 5339 2033 5404; baseline -0.002 -9"><span class='ocrx_word' id='word_1_751' title='bbox 457 5354 584 5395; x_wconf 88' lang='lat' dir='ltr'><strong>cum</strong></span> <span class='ocrx_word' id='word_1_752' title='bbox 620 5340 734 5394; x_wconf 83' lang='lat' dir='ltr'><strong>sint</strong></span> <span class='ocrx_word' id='word_1_753' title='bbox 763 5347 910 5402; x_wconf 91' lang='lat' dir='ltr'><strong>tres,</strong></span> <span class='ocrx_word' id='word_1_754' title='bbox 941 5353 1124 5393; x_wconf 87' lang='lat' dir='ltr'><strong>sermo</strong></span> <span class='ocrx_word' id='word_1_755' title='bbox 1151 5353 1275 5392; x_wconf 91' lang='lat' dir='ltr'><strong>cum</strong></span> <span class='ocrx_word' id='word_1_756' title='bbox 1308 5353 1418 5392; x_wconf 91' lang='lat' dir='ltr'><strong>uno</strong></span> <span class='ocrx_word' id='word_1_757' title='bbox 1446 5346 1661 5392; x_wconf 88' lang='lat' dir='ltr'><strong>tantum</strong></span> <span class='ocrx_word' id='word_1_758' title='bbox 1689 5339 2033 5404; x_wconf 90' lang='lat' dir='ltr'><strong>instituitur,</strong></span> 
     </span>
    </p>
   </div>
   <div class='ocr_carea' id='block_1_101' title="bbox 457 5432 2032 5498">
    <p class='ocr_par' dir='ltr' id='par_1_101' title="bbox 457 5432 2032 5498">
     <span class='ocr_line' id='line_1_101' title="bbox 457 5432 2032 5498; baseline -0.003 -10"><span class='ocrx_word' id='word_1_759' title='bbox 457 5443 518 5488; x_wconf 91' lang='lat' dir='ltr'><strong>ut</strong></span> <span class='ocrx_word' id='word_1_760' title='bbox 564 5436 778 5487; x_wconf 90' lang='lat' dir='ltr'><strong>constet</strong></span> <span class='ocrx_word' id='word_1_761' title='bbox 822 5432 1044 5486; x_wconf 87' lang='lat' dir='ltr'><strong>omnino</strong></span> <span class='ocrx_word' id='word_1_762' title='bbox 1067 5470 1083 5496; x_wconf 88' lang='lat'><strong>,</strong></span> <span class='ocrx_word' id='word_1_763' title='bbox 1115 5445 1281 5486; x_wconf 88' lang='lat' dir='ltr'><strong>unam</strong></span> <span class='ocrx_word' id='word_1_764' title='bbox 1315 5445 1438 5486; x_wconf 89' lang='lat' dir='ltr'><strong>esse</strong></span> <span class='ocrx_word' id='word_1_765' title='bbox 1480 5433 1644 5486; x_wconf 88' lang='lat' dir='ltr'><strong>trium</strong></span> <span class='ocrx_word' id='word_1_766' title='bbox 1678 5445 2032 5498; x_wconf 79' lang='lat' dir='ltr'><strong>personarum</strong></span> 
     </span>
    </p>
   </div>
   <div class='ocr_carea' id='block_1_102' title="bbox 535 5611 949 5674">
    <p class='ocr_par' dir='ltr' id='par_1_102' title="bbox 535 5611 949 5674">
     <span class='ocr_line' id='line_1_102' title="bbox 535 5611 949 5674; baseline 0.007 -8"><span class='ocrx_word' id='word_1_767' title='bbox 535 5613 578 5643; x_wconf 72' lang='grc' dir='ltr'>η</span> <span class='ocrx_word' id='word_1_768' title='bbox 618 5611 754 5666; x_wconf 88' lang='lat' dir='ltr'><strong>Gen.</strong></span> <span class='ocrx_word' id='word_1_769' title='bbox 792 5629 870 5674; x_wconf 74' lang='lat' dir='ltr'><strong>xv.</strong></span> <span class='ocrx_word' id='word_1_770' title='bbox 894 5615 949 5669; x_wconf 92' lang='lat'><strong>7.</strong></span> 
     </span>
    </p>
   </div>
   <div class='ocr_carea' id='block_1_103' title="bbox 463 5681 914 5746">
    <p class='ocr_par' dir='ltr' id='par_1_103' title="bbox 463 5681 914 5746">
     <span class='ocr_line' id='line_1_103' title="bbox 463 5681 914 5746; baseline 0.011 -12"><span class='ocrx_word' id='word_1_771' title='bbox 463 5681 505 5713; x_wconf 78' lang='grc'><strong>¹⁸</strong></span> <span class='ocrx_word' id='word_1_772' title='bbox 534 5682 678 5736; x_wconf 88' lang='lat' dir='ltr'><strong>Psal.</strong></span> <span class='ocrx_word' id='word_1_773' title='bbox 713 5700 801 5746; x_wconf 74' lang='grc' dir='ltr'><strong>ιν,</strong></span> <span class='ocrx_word' id='word_1_774' title='bbox 828 5685 914 5740; x_wconf 89' lang='lat' dir='ltr'><strong>Il.</strong></span> 
     </span>
    </p>
   </div>
   <div class='ocr_carea' id='block_1_104' title="bbox 460 5749 919 5824">
    <p class='ocr_par' dir='ltr' id='par_1_104' title="bbox 460 5749 919 5824">
     <span class='ocr_line' id='line_1_104' title="bbox 460 5749 919 5824; baseline 0.002 -15"><span class='ocrx_word' id='word_1_775' title='bbox 460 5749 507 5785; x_wconf 70' lang='grc'><strong>³³⁵</strong></span> <span class='ocrx_word' id='word_1_776' title='bbox 544 5750 693 5810; x_wconf 83' lang='lat' dir='ltr'><strong>I‘sal.</strong></span> <span class='ocrx_word' id='word_1_777' title='bbox 746 5769 822 5824; x_wconf 87' lang='lat' dir='ltr'><strong>II,</strong></span> <span class='ocrx_word' id='word_1_778' title='bbox 869 5757 919 5810; x_wconf 90' lang='lat'><strong>7.</strong></span> 
     </span>
    </p>
   </div>
   <div class='ocr_carea' id='block_1_105' title="bbox 1028 5615 2032 5679">
    <p class='ocr_par' dir='ltr' id='par_1_105' title="bbox 1028 5615 2032 5679">
     <span class='ocr_line' id='line_1_105' title="bbox 1028 5615 2032 5679; baseline 0.002 -9"><span class='ocrx_word' id='word_1_779' title='bbox 1028 5615 1072 5647; x_wconf 83' lang='grc'><strong>¹³</strong></span> <span class='ocrx_word' id='word_1_780' title='bbox 1110 5615 1245 5674; x_wconf 86' lang='lat' dir='ltr'><strong>Gen.</strong></span> <span class='ocrx_word' id='word_1_781' title='bbox 1275 5617 1390 5679; x_wconf 70' lang='lat'><strong>1,1.</strong></span> <span class='ocrx_word' id='word_1_782' title='bbox 1470 5617 1514 5650; x_wconf 68' lang='grc'><strong>¹⁸</strong></span> <span class='ocrx_word' id='word_1_783' title='bbox 1542 5616 1676 5672; x_wconf 82' lang='lat' dir='ltr'><strong>Gen.</strong></span> <span class='ocrx_word' id='word_1_784' title='bbox 1712 5634 1868 5677; x_wconf 80' lang='lat' dir='ltr'><strong>xvtn.</strong></span> <span class='ocrx_word' id='word_1_785' title='bbox 1916 5619 2032 5672; x_wconf 76' lang='lat' dir='ltr'><strong>l-5.</strong></span> 
     </span>
    </p>
   </div>
   <div class='ocr_carea' id='block_1_106' title="bbox 1031 5756 1570 5825">
    <p class='ocr_par' dir='ltr' id='par_1_106' title="bbox 1031 5756 1570 5825">
     <span class='ocr_line' id='line_1_106' title="bbox 1031 5756 1570 5825; baseline 0.004 -13"><span class='ocrx_word' id='word_1_786' title='bbox 1031 5759 1075 5790; x_wconf 81' lang='grc'><strong>²⁵</strong></span> <span class='ocrx_word' id='word_1_787' title='bbox 1116 5756 1277 5814; x_wconf 86' lang='lat' dir='ltr'><strong>Prov.</strong></span> <span class='ocrx_word' id='word_1_788' title='bbox 1307 5775 1440 5825; x_wconf 78' lang='lat' dir='ltr'><strong>vin,</strong></span> <span class='ocrx_word' id='word_1_789' title='bbox 1481 5761 1570 5814; x_wconf 73' lang='lat'><strong>22.</strong></span> 
     </span>
    </p>
   </div>
   <div class='ocr_carea' id='block_1_107' title="bbox 995 5685 2060 5753">
    <p class='ocr_par' dir='ltr' id='par_1_107' title="bbox 995 5685 2060 5753">
     <span class='ocr_line' id='line_1_107' title="bbox 995 5685 2060 5753; baseline 0.004 -15"><span class='ocrx_word' id='word_1_790' title='bbox 995 5686 1036 5717; x_wconf 74' lang='grc'><strong>⁸⁸</strong></span> <span class='ocrx_word' id='word_1_791' title='bbox 1057 5685 1203 5741; x_wconf 80' lang='lat' dir='ltr'><strong>Psal.</strong></span> <span class='ocrx_word' id='word_1_792' title='bbox 1233 5705 1380 5750; x_wconf 78' lang='lat' dir='ltr'><strong>xux,</strong></span> <span class='ocrx_word' id='word_1_793' title='bbox 1415 5690 1497 5743; x_wconf 74' lang='lat' dir='ltr'><strong>Li.</strong></span> <span class='ocrx_word' id='word_1_794' title='bbox 1577 5689 1620 5718; x_wconf 86' lang='grc'><strong>²⁰</strong></span> <span class='ocrx_word' id='word_1_795' title='bbox 1645 5688 1786 5743; x_wconf 82' lang='lat' dir='ltr'><strong>Psal.</strong></span> <span class='ocrx_word' id='word_1_796' title='bbox 1816 5705 1946 5744; x_wconf 69' lang='lat' dir='ltr'><strong>nn.</strong></span> <span class='ocrx_word' id='word_1_797' title='bbox 1971 5689 2060 5753; x_wconf 73' lang='grc'><strong>47,</strong></span> 
     </span>
    </p>
   </div>
   <div class='ocr_carea' id='block_1_108' title="bbox 1686 5757 3143 5828">
    <p class='ocr_par' dir='ltr' id='par_1_108' title="bbox 1686 5757 3143 5828">
     <span class='ocr_line' id='line_1_108' title="bbox 1686 5757 3143 5828; baseline -0.002 -14"><span class='ocrx_word' id='word_1_798' title='bbox 1686 5763 1730 5793; x_wconf 81' lang='grc'>²⁶</span> <span class='ocrx_word' id='word_1_799' title='bbox 1772 5760 1908 5816; x_wconf 87' lang='lat' dir='ltr'><strong>ibid.</strong></span> <span class='ocrx_word' id='word_1_800' title='bbox 1938 5761 2028 5814; x_wconf 76' lang='grc'><strong>25.</strong></span> <span class='ocrx_word' id='word_1_801' title='bbox 2107 5762 2151 5795; x_wconf 68' lang='grc'><strong>²¹</strong></span> <span class='ocrx_word' id='word_1_802' title='bbox 2174 5760 2320 5817; x_wconf 81' lang='lat' dir='ltr'><strong>I’sal.</strong></span> <span class='ocrx_word' id='word_1_803' title='bbox 2346 5775 2519 5828; x_wconf 59' lang='grc' dir='ltr'><strong>χχιιι,</strong></span> <span class='ocrx_word' id='word_1_804' title='bbox 2542 5761 2594 5815; x_wconf 84' lang='grc'><strong>6.</strong></span> <span class='ocrx_word' id='word_1_805' title='bbox 2672 5760 2719 5794; x_wconf 86' lang='grc'><strong>²⁸</strong></span> <span class='ocrx_word' id='word_1_806' title='bbox 2749 5759 2896 5816; x_wconf 88' lang='lat' dir='ltr'><strong>Psal.</strong></span> <span class='ocrx_word' id='word_1_807' title='bbox 2923 5774 3031 5826; x_wconf 80' lang='lat' dir='ltr'><strong>cvi,</strong></span> <span class='ocrx_word' id='word_1_808' title='bbox 3057 5757 3143 5813; x_wconf 78' lang='lat'><strong>‘20.</strong></span> 
     </span>
    </p>
   </div>
   <div class='ocr_carea' id='block_1_109' title="bbox 2140 4514 3726 4581">
    <p class='ocr_par' dir='ltr' id='par_1_109' title="bbox 2140 4514 3726 4581">
     <span class='ocr_line' id='line_1_109' title="bbox 2140 4514 3726 4581; baseline 0.001 -13"><span class='ocrx_word' id='word_1_809' title='bbox 2140 4514 2298 4581; x_wconf 74' lang='lat' dir='ltr'><strong>illud,</strong></span> <span class='ocrx_word' id='word_1_810' title='bbox 2328 4523 2450 4568; x_wconf 85' lang='lat' dir='ltr'><strong>ante</strong></span> <span class='ocrx_word' id='word_1_811' title='bbox 2479 4531 2660 4570; x_wconf 88' lang='lat' dir='ltr'><strong>omnes</strong></span> <span class='ocrx_word' id='word_1_812' title='bbox 2683 4514 2867 4581; x_wconf 86' lang='lat' dir='ltr'><strong>colles,</strong></span> <span class='ocrx_word' id='word_1_813' title='bbox 2888 4515 3122 4570; x_wconf 87' lang='lat' dir='ltr'><strong>alterum</strong></span> <span class='ocrx_word' id='word_1_814' title='bbox 3156 4515 3308 4568; x_wconf 90' lang='lat' dir='ltr'><strong>illum</strong></span> <span class='ocrx_word' id='word_1_815' title='bbox 3331 4515 3650 4576; x_wconf 68' lang='lat' dir='ltr'><strong>ccelestem.</strong></span> <span class='ocrx_word' id='word_1_816' title='bbox 3681 4525 3726 4570; x_wconf 84' lang='lat' dir='ltr'><strong>et</strong></span> 
     </span>
    </p>
   </div>
   <div class='ocr_carea' id='block_1_110' title="bbox 2140 4605 3721 4676">
    <p class='ocr_par' dir='ltr' id='par_1_110' title="bbox 2140 4605 3721 4676">
     <span class='ocr_line' id='line_1_110' title="bbox 2140 4605 3721 4676; baseline 0.003 -16"><span class='ocrx_word' id='word_1_817' title='bbox 2140 4607 2262 4661; x_wconf 88' lang='lat' dir='ltr'><strong>sine</strong></span> <span class='ocrx_word' id='word_1_818' title='bbox 2283 4615 2555 4676; x_wconf 86' lang='lat' dir='ltr'><strong>tempore,</strong></span> <span class='ocrx_word' id='word_1_819' title='bbox 2588 4615 2644 4661; x_wconf 90' lang='lat' dir='ltr'><strong>et</strong></span> <span class='ocrx_word' id='word_1_820' title='bbox 2669 4615 2798 4660; x_wconf 90' lang='lat' dir='ltr'><strong>ante</strong></span> <span class='ocrx_word' id='word_1_821' title='bbox 2837 4606 3041 4661; x_wconf 65' lang='lat' dir='ltr'><strong>sacula</strong></span> <span class='ocrx_word' id='word_1_822' title='bbox 3066 4606 3329 4662; x_wconf 89' lang='lat' dir='ltr'><strong>declarat.</strong></span> <span class='ocrx_word' id='word_1_823' title='bbox 3364 4605 3503 4660; x_wconf 88' lang='lat' dir='ltr'><strong>Item</strong></span> <span class='ocrx_word' id='word_1_824' title='bbox 3533 4605 3721 4664; x_wconf 79' lang='lat' dir='ltr'><strong>David.</strong></span> 
     </span>
    </p>
   </div>
   <div class='ocr_carea' id='block_1_111' title="bbox 2151 4697 3721 4769">
    <p class='ocr_par' dir='ltr' id='par_1_111' title="bbox 2151 4697 3721 4769">
     <span class='ocr_line' id='line_1_111' title="bbox 2151 4697 3721 4769; baseline -0.001 -17"><span class='ocrx_word' id='word_1_825' title='bbox 2151 4697 2318 4754; x_wconf 84' lang='lat' dir='ltr'><strong>Verbo</strong></span> <span class='ocrx_word' id='word_1_826' title='bbox 2339 4738 2354 4761; x_wconf 89' lang='lat'><strong>.</strong></span> <span class='ocrx_word' id='word_1_827' title='bbox 2391 4699 2608 4769; x_wconf 89' lang='lat' dir='ltr'><strong>inquit,</strong></span> <span class='ocrx_word' id='word_1_828' title='bbox 2642 4697 2858 4753; x_wconf 90' lang='lat' dir='ltr'><strong>Domini</strong></span> <span class='ocrx_word' id='word_1_829' title='bbox 2889 4699 3005 4752; x_wconf 78' lang='lat' dir='ltr'><strong>caeli</strong></span> <span class='ocrx_word' id='word_1_830' title='bbox 3037 4698 3238 4766; x_wconf 75' lang='lat' dir='ltr'><strong>ﬁrmati</strong></span> <span class='ocrx_word' id='word_1_831' title='bbox 3277 4707 3426 4761; x_wconf 87' lang='lat' dir='ltr'><strong>sunt,</strong></span> <span class='ocrx_word' id='word_1_832' title='bbox 3455 4709 3508 4752; x_wconf 86' lang='lat' dir='ltr'><strong>et</strong></span> <span class='ocrx_word' id='word_1_833' title='bbox 3539 4702 3721 4767; x_wconf 68' lang='lat' dir='ltr'><strong>spiritu</strong></span> 
     </span>
    </p>
   </div>
   <div class='ocr_carea' id='block_1_112' title="bbox 2141 4787 3724 4860">
    <p class='ocr_par' dir='ltr' id='par_1_112' title="bbox 2141 4787 3724 4860">
     <span class='ocr_line' id='line_1_112' title="bbox 2141 4787 3724 4860; baseline -0.001 -18"><span class='ocrx_word' id='word_1_834' title='bbox 2141 4790 2250 4842; x_wconf 90' lang='lat' dir='ltr'><strong>oris</strong></span> <span class='ocrx_word' id='word_1_835' title='bbox 2286 4787 2400 4857; x_wconf 85' lang='lat' dir='ltr'><strong>ejus</strong></span> <span class='ocrx_word' id='word_1_836' title='bbox 2435 4789 2605 4842; x_wconf 85' lang='lat' dir='ltr'><strong>ontnis</strong></span> <span class='ocrx_word' id='word_1_837' title='bbox 2641 4788 2808 4842; x_wconf 83' lang='lat' dir='ltr'><strong>uirtus</strong></span> <span class='ocrx_word' id='word_1_838' title='bbox 2839 4805 3019 4841; x_wconf 88' lang='lat' dir='ltr'><strong>eorum</strong></span> <span class='ocrx_word' id='word_1_839' title='bbox 3043 4788 3085 4819; x_wconf 78' lang='grc'><strong>⁸⁷</strong></span> <span class='ocrx_word' id='word_1_840' title='bbox 3107 4827 3124 4853; x_wconf 87' lang='grc'><em>,</em></span> <span class='ocrx_word' id='word_1_841' title='bbox 3157 4787 3452 4842; x_wconf 87' lang='lat' dir='ltr'><strong>Dominum</strong></span> <span class='ocrx_word' id='word_1_842' title='bbox 3493 4792 3724 4860; x_wconf 78' lang='lat' dir='ltr'><strong>appellat</strong></span> 
     </span>
    </p>
   </div>
   <div class='ocr_carea' id='block_1_113' title="bbox 2143 4877 3723 4948">
    <p class='ocr_par' dir='ltr' id='par_1_113' title="bbox 2143 4877 3723 4948">
     <span class='ocr_line' id='line_1_113' title="bbox 2143 4877 3723 4948; baseline -0.002 -14"><span class='ocrx_word' id='word_1_843' title='bbox 2143 4879 2360 4934; x_wconf 85' lang='lat' dir='ltr'><strong>Patrem</strong></span> <span class='ocrx_word' id='word_1_844' title='bbox 2403 4898 2416 4932; x_wconf 88' lang='lat'>:</span> <span class='ocrx_word' id='word_1_845' title='bbox 2460 4877 2703 4933; x_wconf 79' lang='lat' dir='ltr'><strong>Verbum</strong></span> <span class='ocrx_word' id='word_1_846' title='bbox 2752 4888 2932 4933; x_wconf 89' lang='lat' dir='ltr'><strong>autem</strong></span> <span class='ocrx_word' id='word_1_847' title='bbox 2966 4877 3167 4934; x_wconf 89' lang='lat' dir='ltr'><strong>Filium</strong></span> <span class='ocrx_word' id='word_1_848' title='bbox 3203 4878 3415 4948; x_wconf 87' lang='lat' dir='ltr'><strong>ipsius,</strong></span> <span class='ocrx_word' id='word_1_849' title='bbox 3464 4881 3723 4948; x_wconf 85' lang='lat' dir='ltr'><strong>quoniam</strong></span> 
     </span>
    </p>
   </div>
   <div class='ocr_carea' id='block_1_114' title="bbox 2142 4971 3720 5036">
    <p class='ocr_par' dir='ltr' id='par_1_114' title="bbox 2142 4971 3720 5036">
     <span class='ocr_line' id='line_1_114' title="bbox 2142 4971 3720 5036; baseline 0.001 -9"><span class='ocrx_word' id='word_1_850' title='bbox 2142 4972 2219 5027; x_wconf 89' lang='lat' dir='ltr'><strong>ita</strong></span> <span class='ocrx_word' id='word_1_851' title='bbox 2252 4987 2312 5027; x_wconf 89' lang='lat' dir='ltr'><strong>se</strong></span> <span class='ocrx_word' id='word_1_852' title='bbox 2338 4971 2646 5028; x_wconf 82' lang='lat' dir='ltr'><strong>habetcum</strong></span> <span class='ocrx_word' id='word_1_853' title='bbox 2677 4971 2858 5036; x_wconf 87' lang='lat' dir='ltr'><strong>Patre,</strong></span> <span class='ocrx_word' id='word_1_854' title='bbox 2882 4980 2944 5026; x_wconf 93' lang='lat' dir='ltr'><strong>ut</strong></span> <span class='ocrx_word' id='word_1_855' title='bbox 2975 4979 3159 5027; x_wconf 90' lang='lat' dir='ltr'><strong>mente</strong></span> <span class='ocrx_word' id='word_1_856' title='bbox 3181 4972 3407 5026; x_wconf 89' lang='lat' dir='ltr'><strong>verbum</strong></span> <span class='ocrx_word' id='word_1_857' title='bbox 3435 4981 3493 5026; x_wconf 90' lang='lat' dir='ltr'><strong>et</strong></span> <span class='ocrx_word' id='word_1_858' title='bbox 3529 4974 3720 5028; x_wconf 81' lang='lat' dir='ltr'><strong>oratio.</strong></span> 
     </span>
    </p>
   </div>
   <div class='ocr_carea' id='block_1_115' title="bbox 2142 5061 3719 5132">
    <p class='ocr_par' dir='ltr' id='par_1_115' title="bbox 2142 5061 3719 5132">
     <span class='ocr_line' id='line_1_115' title="bbox 2142 5061 3719 5132; baseline -0.001 -16"><span class='ocrx_word' id='word_1_859' title='bbox 2142 5078 2255 5116; x_wconf 88' lang='lat' dir='ltr'><strong>non</strong></span> <span class='ocrx_word' id='word_1_860' title='bbox 2301 5063 2479 5116; x_wconf 90' lang='lat' dir='ltr'><strong>solum</strong></span> <span class='ocrx_word' id='word_1_861' title='bbox 2525 5069 2752 5132; x_wconf 90' lang='lat' dir='ltr'><strong>propter</strong></span> <span class='ocrx_word' id='word_1_862' title='bbox 2782 5070 2968 5116; x_wconf 89' lang='lat' dir='ltr'><strong>ortum</strong></span> <span class='ocrx_word' id='word_1_863' title='bbox 3003 5062 3097 5131; x_wconf 89' lang='lat' dir='ltr'><strong>qui</strong></span> <span class='ocrx_word' id='word_1_864' title='bbox 3144 5061 3264 5116; x_wconf 91' lang='lat' dir='ltr'><strong>sine</strong></span> <span class='ocrx_word' id='word_1_865' title='bbox 3293 5061 3404 5114; x_wconf 88' lang='lat' dir='ltr'><strong>ulla</strong></span> <span class='ocrx_word' id='word_1_866' title='bbox 3457 5062 3567 5114; x_wconf 83' lang='lat' dir='ltr'><strong>fuit</strong></span> <span class='ocrx_word' id='word_1_867' title='bbox 3595 5061 3719 5114; x_wconf 78' lang='lat' dir='ltr'><strong>alle-</strong></span> 
     </span>
    </p>
   </div>
   <div class='ocr_carea' id='block_1_116' title="bbox 2143 5153 3717 5224">
    <p class='ocr_par' dir='ltr' id='par_1_116' title="bbox 2143 5153 3717 5224">
     <span class='ocr_line' id='line_1_116' title="bbox 2143 5153 3717 5224; baseline -0.001 -17"><span class='ocrx_word' id='word_1_868' title='bbox 2143 5155 2355 5219; x_wconf 87' lang='lat' dir='ltr'><strong>ctione,</strong></span> <span class='ocrx_word' id='word_1_869' title='bbox 2401 5169 2589 5210; x_wconf 90' lang='lat' dir='ltr'><strong>verum</strong></span> <span class='ocrx_word' id='word_1_870' title='bbox 2639 5155 2804 5210; x_wconf 89' lang='lat' dir='ltr'><strong>etiam</strong></span> <span class='ocrx_word' id='word_1_871' title='bbox 2845 5165 3066 5224; x_wconf 89' lang='lat' dir='ltr'><strong>propter</strong></span> <span class='ocrx_word' id='word_1_872' title='bbox 3093 5153 3552 5223; x_wconf 87' lang='lat' dir='ltr'><strong>conjunctionem</strong></span> <span class='ocrx_word' id='word_1_873' title='bbox 3602 5168 3717 5206; x_wconf 79' lang='lat' dir='ltr'><strong>cum</strong></span> 
     </span>
    </p>
   </div>
   <div class='ocr_carea' id='block_1_117' title="bbox 2144 5243 3713 5316">
    <p class='ocr_par' dir='ltr' id='par_1_117' title="bbox 2144 5243 3713 5316">
     <span class='ocr_line' id='line_1_117' title="bbox 2144 5243 3713 5316; baseline -0.003 -16"><span class='ocrx_word' id='word_1_874' title='bbox 2144 5245 2326 5310; x_wconf 80' lang='lat' dir='ltr'><strong>Patre,</strong></span> <span class='ocrx_word' id='word_1_875' title='bbox 2361 5253 2417 5302; x_wconf 91' lang='lat' dir='ltr'><strong>et</strong></span> <span class='ocrx_word' id='word_1_876' title='bbox 2452 5245 2582 5316; x_wconf 88' lang='lat' dir='ltr'><strong>quia</strong></span> <span class='ocrx_word' id='word_1_877' title='bbox 2616 5247 2950 5300; x_wconf 86' lang='lat' dir='ltr'><strong>voluntatem</strong></span> <span class='ocrx_word' id='word_1_878' title='bbox 2999 5245 3121 5315; x_wconf 86' lang='lat' dir='ltr'><strong>ejus</strong></span> <span class='ocrx_word' id='word_1_879' title='bbox 3150 5245 3422 5299; x_wconf 90' lang='lat' dir='ltr'><strong>enuntiat.</strong></span> <span class='ocrx_word' id='word_1_880' title='bbox 3456 5243 3713 5314; x_wconf 86' lang='lat' dir='ltr'><strong>Spiritum</strong></span> 
     </span>
    </p>
   </div>
   <div class='ocr_carea' id='block_1_118' title="bbox 2145 5335 3712 5410">
    <p class='ocr_par' dir='ltr' id='par_1_118' title="bbox 2145 5335 3712 5410">
     <span class='ocr_line' id='line_1_118' title="bbox 2145 5335 3712 5410; baseline -0.004 -17"><span class='ocrx_word' id='word_1_881' title='bbox 2145 5354 2274 5394; x_wconf 90' lang='lat' dir='ltr'><strong>vero</strong></span> <span class='ocrx_word' id='word_1_882' title='bbox 2325 5348 2487 5393; x_wconf 89' lang='lat' dir='ltr'><strong>vocat</strong></span> <span class='ocrx_word' id='word_1_883' title='bbox 2529 5338 2799 5410; x_wconf 88' lang='lat' dir='ltr'><strong>Spiritum</strong></span> <span class='ocrx_word' id='word_1_884' title='bbox 2841 5345 3118 5393; x_wconf 87' lang='lat' dir='ltr'><strong>sanctum.</strong></span> <span class='ocrx_word' id='word_1_885' title='bbox 3153 5336 3286 5390; x_wconf 88' lang='lat' dir='ltr'><strong>Item</strong></span> <span class='ocrx_word' id='word_1_886' title='bbox 3325 5336 3396 5392; x_wconf 89' lang='lat' dir='ltr'><strong>de</strong></span> <span class='ocrx_word' id='word_1_887' title='bbox 3445 5335 3631 5390; x_wconf 72' lang='lat' dir='ltr'><strong>Verbo</strong></span> <span class='ocrx_word' id='word_1_888' title='bbox 3673 5343 3712 5388; x_wconf 78' lang='lat' dir='ltr'><strong>ct</strong></span> 
     </span>
    </p>
   </div>
   <div class='ocr_carea' id='block_1_119' title="bbox 2143 5429 3706 5500">
    <p class='ocr_par' dir='ltr' id='par_1_119' title="bbox 2143 5429 3706 5500">
     <span class='ocr_line' id='line_1_119' title="bbox 2143 5429 3706 5500; baseline -0.004 -16"><span class='ocrx_word' id='word_1_889' title='bbox 2143 5431 2281 5487; x_wconf 87' lang='lat' dir='ltr'><strong>Filio</strong></span> <span class='ocrx_word' id='word_1_890' title='bbox 2314 5451 2329 5488; x_wconf 89' lang='lat'><strong>:</strong></span> <span class='ocrx_word' id='word_1_891' title='bbox 2365 5431 2516 5486; x_wconf 80' lang='lat' dir='ltr'><strong>Misit</strong></span> <span class='ocrx_word' id='word_1_892' title='bbox 2547 5433 2755 5487; x_wconf 83' lang='lat' dir='ltr'><strong>uerbum</strong></span> <span class='ocrx_word' id='word_1_893' title='bbox 2787 5448 2939 5486; x_wconf 88' lang='lat' dir='ltr'><strong>suum</strong></span> <span class='ocrx_word' id='word_1_894' title='bbox 2960 5471 2976 5496; x_wconf 92' lang='lat'><strong>,</strong></span> <span class='ocrx_word' id='word_1_895' title='bbox 3006 5431 3213 5500; x_wconf 86' lang='lat' dir='ltr'><strong>inquit,</strong></span> <span class='ocrx_word' id='word_1_896' title='bbox 3249 5439 3296 5484; x_wconf 93' lang='lat' dir='ltr'><strong>et</strong></span> <span class='ocrx_word' id='word_1_897' title='bbox 3324 5431 3534 5484; x_wconf 74' lang='lat' dir='ltr'><strong>sanauit</strong></span> <span class='ocrx_word' id='word_1_898' title='bbox 3557 5429 3706 5483; x_wconf 61' lang='lat' dir='ltr'><strong>eos”.</strong></span> 
     </span>
    </p>
   </div>
   <div class='ocr_carea' id='block_1_120' title="bbox 3268 5614 3707 5676">
    <p class='ocr_par' dir='ltr' id='par_1_120' title="bbox 3268 5614 3707 5676">
     <span class='ocr_line' id='line_1_120' title="bbox 3268 5614 3707 5676; baseline 0.002 -9"><span class='ocrx_word' id='word_1_899' title='bbox 3268 5616 3310 5647; x_wconf 85' lang='lat'>&quot;</span> <span class='ocrx_word' id='word_1_900' title='bbox 3352 5614 3513 5668; x_wconf 84' lang='lat' dir='ltr'><strong>Deut.</strong></span> <span class='ocrx_word' id='word_1_901' title='bbox 3547 5632 3632 5676; x_wconf 74' lang='lat' dir='ltr'><strong>vn.</strong></span> <span class='ocrx_word' id='word_1_902' title='bbox 3663 5616 3707 5671; x_wconf 68' lang='grc' dir='ltr'><strong>ἑ.</strong></span> 
     </span>
    </p>
   </div>
   <div class='ocr_carea' id='block_1_121' title="bbox 2145 5615 3706 5743">
    <p class='ocr_par' dir='ltr' id='par_1_121' title="bbox 2145 5615 3706 5743">
     <span class='ocr_line' id='line_1_121' title="bbox 2145 5615 3706 5688; baseline -0.003 -15"><span class='ocrx_word' id='word_1_903' title='bbox 2145 5621 2187 5650; x_wconf 86' lang='grc'><strong>¹⁵</strong></span> <span class='ocrx_word' id='word_1_904' title='bbox 2226 5618 2361 5673; x_wconf 89' lang='lat' dir='ltr'><strong>ibid.</strong></span> <span class='ocrx_word' id='word_1_905' title='bbox 2388 5617 2470 5688; x_wconf 80' lang='lat'><strong>[9,</strong></span> <span class='ocrx_word' id='word_1_906' title='bbox 2523 5618 2610 5674; x_wconf 88' lang='lat' dir='ltr'><strong>I0.</strong></span> <span class='ocrx_word' id='word_1_907' title='bbox 2689 5620 2732 5650; x_wconf 84' lang='lat'>&quot;</span> <span class='ocrx_word' id='word_1_908' title='bbox 2772 5617 2908 5672; x_wconf 87' lang='lat' dir='ltr'><strong>Gen.</strong></span> <span class='ocrx_word' id='word_1_909' title='bbox 2943 5633 3029 5672; x_wconf 79' lang='lat' dir='ltr'><strong>xix</strong></span> <span class='ocrx_word' id='word_1_910' title='bbox 3054 5658 3069 5682; x_wconf 83' lang='lat'><strong>,</strong></span> <span class='ocrx_word' id='word_1_911' title='bbox 3098 5615 3190 5670; x_wconf 72' lang='grc'><strong>24.</strong></span> <span class='ocrx_word' id='word_1_912' title='bbox 3268 5616 3310 5647; x_wconf 81' lang='grc'><strong>¹⁷</strong></span> <span class='ocrx_word' id='word_1_913' title='bbox 3352 5615 3513 5668; x_wconf 84' lang='lat' dir='ltr'><strong>Deut.</strong></span> <span class='ocrx_word' id='word_1_914' title='bbox 3547 5632 3632 5676; x_wconf 74' lang='lat' dir='ltr'><strong>vn.</strong></span> <span class='ocrx_word' id='word_1_915' title='bbox 3663 5616 3706 5671; x_wconf 68' lang='grc' dir='ltr'><strong>ἑ.</strong></span> 
     </span>
     <span class='ocr_line' id='line_1_122' title="bbox 2145 5685 3706 5743; baseline 0 -1"><span class='ocrx_word' id='word_1_916' title='bbox 2145 5691 2180 5721; x_wconf 87' lang='grc'><strong>¹¹</strong></span> <span class='ocrx_word' id='word_1_917' title='bbox 2222 5689 2368 5743; x_wconf 87' lang='lat' dir='ltr'><strong>Psal.</strong></span> <span class='ocrx_word' id='word_1_918' title='bbox 2403 5705 2583 5743; x_wconf 84' lang='lat' dir='ltr'><strong>xxxv.</strong></span> <span class='ocrx_word' id='word_1_919' title='bbox 2623 5690 2710 5743; x_wconf 81' lang='grc'><strong>10.</strong></span> <span class='ocrx_word' id='word_1_920' title='bbox 2787 5690 2832 5720; x_wconf 82' lang='grc'><strong>²¹</strong></span> <span class='ocrx_word' id='word_1_921' title='bbox 2874 5689 2978 5743; x_wconf 88' lang='lat' dir='ltr'><strong>Isa.</strong></span> <span class='ocrx_word' id='word_1_922' title='bbox 3013 5704 3097 5743; x_wconf 85' lang='lat' dir='ltr'><strong>vt.</strong></span> <span class='ocrx_word' id='word_1_923' title='bbox 3138 5687 3193 5740; x_wconf 70' lang='grc' dir='ltr'><strong>ὃ.</strong></span> <span class='ocrx_word' id='word_1_924' title='bbox 3269 5687 3316 5719; x_wconf 75' lang='grc'><strong>⁸⁸</strong></span> <span class='ocrx_word' id='word_1_925' title='bbox 3353 5685 3706 5743; x_wconf 74' lang='lat' dir='ltr'><strong>Psal.cnx.3.</strong></span> 
     </span>
    </p>
   </div>
   <div class='ocr_carea' id='block_1_122' title="bbox 2138 5687 3193 5751">
    <p class='ocr_par' dir='ltr' id='par_1_122' title="bbox 2138 5687 3193 5751">
     <span class='ocr_line' id='line_1_123' title="bbox 2138 5687 3193 5751; baseline -0.003 -8"><span class='ocrx_word' id='word_1_926' title='bbox 2138 5691 2180 5721; x_wconf 86' lang='grc'>²¹</span> <span class='ocrx_word' id='word_1_927' title='bbox 2222 5689 2368 5743; x_wconf 87' lang='lat' dir='ltr'><strong>Psal.</strong></span> <span class='ocrx_word' id='word_1_928' title='bbox 2403 5705 2583 5751; x_wconf 81' lang='lat' dir='ltr'><strong>xxxv,</strong></span> <span class='ocrx_word' id='word_1_929' title='bbox 2623 5690 2710 5743; x_wconf 82' lang='grc'><strong>10.</strong></span> <span class='ocrx_word' id='word_1_930' title='bbox 2787 5690 2832 5720; x_wconf 82' lang='grc'><strong>²¹</strong></span> <span class='ocrx_word' id='word_1_931' title='bbox 2874 5689 2978 5743; x_wconf 88' lang='lat' dir='ltr'><strong>Isa.</strong></span> <span class='ocrx_word' id='word_1_932' title='bbox 3013 5704 3097 5750; x_wconf 83' lang='lat' dir='ltr'><strong>vt,</strong></span> <span class='ocrx_word' id='word_1_933' title='bbox 3138 5687 3193 5740; x_wconf 70' lang='grc' dir='ltr'><strong>ὃ.</strong></span> 
     </span>
    </p>
   </div>
  </div>
