3822 6404
95 265 255 325 1117

1527 276 1971 337 FRAGMENTA.

3253 276 3392 335 1118

96 390 280 447 Pater
318 390 580 447 nimirum
613 392 764 449 misit
793 392 1019 458 Filium,
1052 401 1106 449 et
1134 397 1348 449 sanavit
1385 397 1710 465 ignorantiae
1739 408 1785 463 Α
1813 401 2039 455 salvabit
2094 416 2187 452 nos
2214 400 2281 454 ⁸ο.
2332 398 2579 455 Allerens
2620 407 2806 455 autem
2856 397 3076 469 signum
3122 397 3390 453 adventus

97 484 315 539 morbo
344 484 684 541 laborantes.
725 485 791 538 At
812 486 878 541 de
911 486 1117 557 Spiritu
1149 500 1363 553 sancto,
1391 488 1594 552 Mittes,
1621 492 1704 544 in-

97 578 271 646 quit,
314 578 559 644 spiritum
598 585 787 643 tuum,
829 588 879 633 et
928 579 1290 643 creabantur,
1336 596 1477 635 nova
1518 583 1705 651 utique

99 672 402 726 creatione
433 689 446 724 :
479 681 528 724 et
552 674 825 725 renovabis
851 672 1042 741 faciem
1072 682 1228 729 teme
1254 676 1320 739 ”,
1360 690 1481 744 qua:
1512 690 1707 731 conse-

102 763 239 815 nuit
265 762 319 815 in
342 762 608 832 peccatis.
635 760 823 834 Neque
845 779 976 819 vero
1003 767 1287 821 vocalibus
1320 766 1705 823 instrumentis

102 856 467 909 enuntiatum
500 856 604 911 hoc
633 856 877 911 Verbum
926 858 981 911 in
1014 873 1139 911 aera
1175 857 1507 913 dill‘unditur
1536 870 1701 930 atque

104 948 462 1003 dissolvitur.
519 948 611 1002 Sic
657 949 803 1003 enim
832 949 977 1005 alibi
1022 949 1159 1004 dicit
1202 967 1215 1003 :
1276 950 1340 1004 In
1408 952 1660 1007 saxulum
1688 991 1704 1014 ,

103 1040 380 1106 Domine,
446 1040 673 1095 Verbum
717 1051 862 1096 tuum
904 1056 1173 1112 permanet
1210 1046 1266 1097 in
1318 1045 1447 1099 caelo
1482 1047 1548 1099 ³ο.
1596 1045 1705 1099 Nec

108 1134 364 1205 Spiritus
415 1134 509 1190 ille
554 1135 802 1204 spirandi
843 1136 1230 1191 instrumentis
1265 1137 1577 1209 expellitur,
1614 1146 1707 1189 aut

106 1228 401 1297 Spargitur
441 1237 497 1283 et
525 1226 851 1297 dissipatur.
884 1226 1009 1281 Hac
1041 1228 1185 1281 enim
1217 1227 1548 1298 corporibus
1573 1242 1707 1283 con-

106 1315 363 1385 tingunt.
397 1313 758 1387 PerSpicuum
808 1316 976 1385 igitur
1009 1325 1114 1381 est,
1143 1314 1408 1382 Verbum,
1438 1328 1491 1372 et
1530 1315 1706 1387 Spiri-

105 1413 237 1457 tum
296 1406 349 1458 in
395 1420 493 1459 sua
546 1414 843 1475 utrumque
881 1407 1148 1462 exsistere
1194 1423 1464 1478 persona,
1492 1416 1547 1462 et
1585 1423 1709 1463 esse

106 1503 410 1561 :eternum,
444 1506 500 1553 et
535 1510 865 1553 creatorem.
900 1498 1171 1555 Praeterea
1211 1498 1314 1554 Job
1348 1500 1486 1554 dicit
1517 1520 1529 1555 :
1570 1500 1708 1554 Vivit

108 1588 286 1644 Deus.
313 1590 401 1660 qui
419 1592 493 1643 ita
516 1590 890 1660 mejudicavit,
915 1600 965 1645 et
986 1590 1331 1661 Omnipotens
1356 1593 1446 1656 qui
1464 1608 1708 1645 amaram

109 1681 351 1734 reddidit
375 1684 610 1735 animam
639 1699 830 1748 meam,
860 1693 909 1737 et
938 1682 1171 1751 Spiritus
1200 1683 1300 1737 Dei
1331 1684 1458 1736 milii
1482 1684 1534 1737 in
1562 1684 1708 1737 nari-

109 1772 216 1826 bus
248 1774 491 1826 circumit
513 1774 578 1826 ⁸¹.
618 1774 682 1828 Et
716 1772 1013 1831 Zacharias
1049 1774 1323 1846 (Aggzeus)
1369 1792 1433 1829 ex
1471 1791 1704 1845 persona

108 1862 217 1917 Dei
256 1872 311 1917 et
344 1863 526 1919 Patris
564 1885 578 1921 :
621 1865 729 1937 Ego
756 1868 1049 1929 vobiscum,
1085 1867 1286 1937 inquit,
1318 1884 1457 1931 sunt,
1491 1877 1539 1920 et
1581 1866 1706 1920 Ver-

109 1955 244 2007 bam
284 1972 450 2008 meum
476 1997 489 2014 .
526 1967 576 2010 et
617 1955 848 2025 Spiritus
879 1974 1024 2012 meus
1056 1958 1118 2010 ³².
1160 1958 1223 2011 Ει
1254 1956 1458 2022 Isaias,
1510 1955 1667 2010 Nunc
1689 1999 1704 2021 ,

110 2049 329 2120 inquit,
358 2049 615 2104 Dominus
648 2052 794 2105 misit
818 2068 918 2117 me,
953 2063 1001 2105 et
1027 2050 1261 2119 Spiritus
1292 2051 1427 2120 ejus.

515 2204 524 2223 ι
602 2162 686 2217 Ex
721 2162 932 2228 Genesi,
967 2174 1016 2219 et
1046 2164 1222 2219 Isaia.

194 2277 347 2330 Dixit
389 2275 559 2330 Iacob
608 2276 677 2329 ad
719 2275 856 2331 duas
888 2293 1079 2331 uxores
1108 2294 1235 2331 suas
1262 2292 1279 2331 :
1312 2276 1379 2329 Et
1409 2277 1545 2330 dixit
1580 2276 1708 2329 milii

115 2370 345 2440 angelus
389 2368 483 2422 Dei
515 2371 566 2422 in
601 2372 802 2424 somnis
837 2385 856 2423 :
901 2368 1021 2423 Vidi
1057 2386 1395 2439 qua'cumque
1439 2370 1563 2438 fecit
1616 2368 1711 2421 tibi

120 2461 322 2515 Laban
347 2461 413 2525 “,
451 2470 507 2517 et
537 2476 658 2532 quae
688 2472 1019 2532 sequuntur.
1052 2461 1280 2528 Deinde,
1319 2460 1455 2533 Ego,
1489 2461 1709 2531 inquit,

122 2570 251 2606 sum
287 2550 424 2606 Deus
450 2592 464 2617 ,
499 2552 590 2622 qui
618 2553 843 2621 apparui
874 2552 970 2605 tibi
1002 2552 1055 2605 in
1092 2553 1204 2606 loco
1241 2552 1355 2607 Dei.
1393 2553 1449 2607 Si
1482 2553 1710 2623 angelus

116 2654 247 2700 erat
284 2660 431 2701 unus
482 2660 512 2699 e
569 2661 801 2700 numero
853 2645 1289 2700 ministrantium
1339 2655 1707 2716 potestatum,

119 2737 407 2808 quomodo
429 2752 489 2792 se
511 2737 693 2806 ipsum
720 2737 962 2807 appellat
979 2736 1147 2792 Deum
1167 2738 1189 2791 ?
1210 2737 1293 2791 An
1318 2738 1511 2809 utique
1538 2737 1712 2793 Filius

122 2839 251 2883 erat
272 2870 287 2893 ,
321 2830 414 2901 qui
444 2828 539 2885 Dei
581 2838 636 2885 et
663 2829 846 2885 Patris
875 2839 961 2886 est
998 2832 1258 2901 angelus,
1289 2831 1396 2886 hoc
1426 2839 1534 2895 est,
1568 2847 1713 2886 nun-

125 2924 264 2985 tius,
307 2930 363 2975 ut
396 2921 596 2975 mentis
621 2920 783 2975 index
809 2928 894 2977 est
925 2920 1149 2975 verbum
1178 2929 1232 2975 et
1260 2920 1481 2975 sermo?
1512 2919 1712 2975 mentis

133 3015 286 3067 enim
313 3024 365 3067 et
387 3014 556 3067 animi
582 3028 805 3069 sensum
835 3013 1059 3067 indicat.
1099 3012 1228 3067 Post
1247 3013 1541 3066 humanam
1564 3012 1711 3066 enim

1804 493 1927 559 ejus
1960 492 2013 544 in
2057 506 2224 544 carne
2265 492 2550 561 subiungit
2583 491 2625 522 “
2663 510 2677 545 :
2718 490 2866 544 Tunc
2899 493 3208 559 aperientur
3248 491 3389 545 oculi

1805 601 2085 650 carcerum,
2108 593 2157 637 et
2190 599 2344 636 aures
2365 583 2643 637 surdorum
2676 583 2912 636 audient.
2950 582 3096 636 Tunc
3123 582 3299 647 saliet,
3330 592 3387 634 ut

1806 695 2008 743 cervus,
2033 677 2278 737 claudus,
2309 688 2356 731 et
2385 677 2583 731 diserta
2605 677 2705 730 erit
2730 677 2910 745 lingua
2934 675 3227 728 bulborum.
3256 674 3390 739 Quae

1806 770 2025 839 quidem
2059 771 2242 823 omnia
2278 785 2336 823 re
2360 770 2475 838 ipsa
2499 766 2738 837 perlecta
2765 768 3057 821 humanam
3076 781 3292 822 carnem
3319 766 3389 821 ab

1807 860 1902 914 illo
1921 869 2257 929 assumptam
2298 859 2501 913 indicio
2527 859 2838 913 certissimo
2876 866 3166 913 testantur.
3215 858 3388 914 Idem-

1805 969 1914 1024 que
1949 968 2147 1008 rursus
2182 953 2259 1005 ait
2290 970 2302 1006 :
2340 949 2463 1006 Non
2491 951 2713 1021 legatus,
2744 967 2848 1003 non
2880 950 3122 1020 angelus,
3158 950 3252 1004 sed
3278 951 3390 1017 ipse

1808 1046 2066 1099 Dominus
2099 1045 2324 1099 servavit
2354 1061 2461 1099 eos.
2488 1042 2721 1112 Legatus
2741 1042 2884 1097 enim
2911 1051 2997 1097 est
3021 1044 3385 1105 intercessor,

1807 1138 1989 1206 qualis
2027 1137 2128 1191 fuit
2154 1137 2356 1204 Moses,
2386 1144 2441 1191 et
2470 1136 2515 1191 si
2547 1136 2674 1207 quis
2706 1136 2847 1191 alius
2879 1144 3005 1206 Post
3036 1135 3261 1191 Mosem.
3298 1138 3375 1188 Ac

1809 1245 1907 1300 per
1945 1231 2152 1300 legatos
2182 1230 2403 1299 quidem
2453 1238 2620 1300 atque
2663 1230 2889 1299 angelos
2928 1227 3083 1281 multi
3135 1242 3389 1296 saepenu-

1810 1336 1961 1375 mero
1995 1322 2198 1375 servati
2230 1327 2382 1386 sunt,
2414 1330 2473 1374 ut
2497 1321 2577 1374 illi
2613 1334 2750 1389 quos
2782 1319 2866 1373 vel
2902 1318 3085 1374 Moses
3112 1318 3196 1373 vel
3223 1316 3389 1373 lesus

1807 1410 1955 1466 Nave
1988 1412 2133 1467 ﬁlius
2154 1450 2169 1475 ,
2204 1421 2257 1466 ct
2289 1411 2380 1465 alii
2413 1410 2686 1481 ejusmodi
2730 1420 2992 1466 rexerunt
3025 1418 3079 1464 et
3116 1410 3391 1480 guberna-

1812 1511 1960 1556 runt.
2002 1502 2066 1556 Et
2100 1503 2191 1572 qui
2240 1502 2465 1557 fuerunt
2512 1502 2615 1558 sub
2650 1500 2882 1557 Etechia
2905 1502 2973 1567 δ’,
3005 1516 3117 1569 quo
3165 1500 3389 1571 quidem

1811 1607 2054 1667 tempore
2080 1598 2306 1666 angelus
2336 1611 2444 1649 una
2472 1604 2631 1651 nocte
2660 1604 2881 1650 centum
2907 1594 3190 1664 octOginta
3222 1595 3386 1663 quin—

1811 1706 1915 1759 que
1961 1691 2129 1743 millia
2176 1690 2528 1760 Assyriorum
2579 1687 2801 1742 delevit.
2856 1686 2980 1741 Htec
3014 1686 3263 1756 profecto
3298 1686 3393 1740 Dei

1810 1781 2305 1853 peregrinationem
2336 1779 2645 1835 clarissime
2675 1777 3040 1849 patefaciunt.

2516 1912 2701 1968 Isaite.

1881 2030 2041 2084 Dabit
2070 2028 2325 2083 Dominus
2354 2028 2463 2095 ipse
2484 2026 2627 2081 vobis
2660 2026 2891 2095 signant.
2923 2023 3056 2079 Ecce
3088 2026 3235 2097 virgo
3266 2044 3393 2081 con-

1810 2125 1985 2193 cipiet,
2020 2135 2068 2177 et
2098 2123 2269 2191 pariet
2299 2122 2474 2191 ﬁlium
2495 2120 2562 2172 ⁸³.
2597 2119 2792 2175 Omnis
2826 2121 2971 2174 enim
2999 2136 3119 2190 qua:
3149 2120 3314 2175 fetum
3337 2122 3392 2175 in

1811 2225 1969 2272 utero
2013 2217 2194 2286 gerit,
2236 2230 2349 2268 non
2396 2219 2481 2269 est
2527 2213 2698 2281 virgo.
2750 2211 2877 2266 Haec
2920 2220 3100 2267 autem
3141 2212 3308 2267 fetum
3338 2216 3395 2267 in

1813 2320 1968 2366 utero
1999 2324 2198 2380 gerens
2214 2308 2319 2363 erit
2348 2309 2525 2379 virgo.
2557 2305 2714 2373 Quod
2740 2306 2960 2377 quidem
2988 2315 3045 2360 ut
3071 2307 3400 2361 admirabile

1811 2401 2192 2458 testimonium
2221 2408 2388 2471 atque
2417 2398 2684 2455 indicium
2712 2398 3061 2470 proponitur.

2471 2534 2746 2607 Ejusdem.

1882 2653 2171 2723 Antequam
2220 2652 2355 2705 sciat
2400 2666 2530 2719 puer
2579 2651 2772 2705 bonum
2822 2657 2917 2702 aut
2944 2650 3145 2701 malum
3168 2648 3250 2712 “,
3279 2647 3398 2703 dis-

1813 2743 2007 2799 suadet
2034 2742 2241 2797 malitia
2287 2740 2492 2809 eligere
2523 2740 2750 2793 bonum.
2800 2739 3029 2794 Cuinam
3074 2754 3245 2808 puero
3283 2738 3406 2792 haec

1821 2835 1975 2891 dices
2004 2832 2344 2889 convenire?
2383 2831 2548 2887 Solus
2575 2830 2831 2887 Christus
2857 2842 3152 2900 peccatum,
3196 2830 3399 2901 inquit,

1814 2944 1919 2980 non
1942 2926 2084 2995 fecit,
2115 2940 2205 2979 nec
2230 2925 2467 2979 inventus
2492 2931 2569 2977 est
2589 2922 2741 2975 dolus
2768 2923 2822 2975 in
2848 2938 2943 2975 ore
2968 2921 3083 2990 ejus
3103 2921 3179 2987 ";
3210 2920 3261 2974 id
3292 2929 3400 2986 est,

1817 3035 1994 3089 neque
2030 3035 2089 3073 re
2128 3032 2305 3087 neque
2356 3016 2544 3070 verbis
2596 3014 2865 3085 peccavit.
2918 3015 3165 3068 Aliorum
3214 3022 3403 3069 autem

125 3118 358 3158 carnem
401 3110 744 3173 assumptam
780 3103 1044 3158 nuntians
1076 3104 1239 3158 nobis
1272 3101 1457 3158 Patris
1489 3117 1711 3164 nomen,

1829 3114 2063 3171 omnium
2092 3111 2293 3176 nullus,
2331 3111 2532 3181 inquit,
2557 3127 2726 3180 purus
2751 3127 2783 3164 a
2812 3109 3025 3163 macula
3052 3108 3118 3163 “.

131 3194 439 3260 Nuntiavi,
487 3195 699 3265 inquit,
742 3211 929 3249 nomen
977 3204 1126 3249 tuum
1177 3194 1479 3248 hominibus
1531 3194 1597 3249 ³⁸.
1651 3192 1719 3247 Ει

130 3286 315 3357 magni
339 3286 548 3340 consilii
570 3285 797 3355 Angelus
824 3293 1054 3340 vocatur
1080 3285 1151 3340 ab
1176 3284 1315 3339 Isaia
1336 3326 1352 3351 ,
1388 3294 1443 3339 et
1493 3302 1715 3355 magnus

129 3377 508 3441 consiliarius,
538 3382 592 3431 et
624 3375 767 3429 Deus
796 3375 976 3445 fortis,
1007 3383 1055 3428 et
1082 3382 1265 3443 potens
1291 3372 1356 3426 ³⁸.
1389 3372 1525 3439 Quis
1551 3388 1717 3441 porro

129 3470 496 3526 consiliarius
553 3468 686 3533 Dei,
737 3467 841 3524 nisi
882 3467 976 3538 qui
1016 3466 1264 3537 ejusdem
1312 3476 1397 3521 est
1441 3466 1715 3529 essentiae,

130 3562 493 3633 ejusdemque
523 3558 811 3630 potestatis
838 3565 895 3613 et
923 3557 1211 3628 dignitatis
1243 3559 1472 3628 :equalis
1505 3558 1716 3614 Filius?

133 3654 443 3711 Consilium
476 3652 841 3720 voluntasque
886 3648 1067 3704 Patris
1110 3658 1194 3705 est
1243 3650 1526 3705 hominum
1569 3654 1721 3708 salus

133 3764 236 3820 per
259 3745 575 3815 evangelica
600 3743 877 3797 mandata.
905 3741 1087 3797 Patris
1114 3758 1243 3808 vero
1265 3742 1458 3798 etFilii
1487 3746 1723 3799 consilio

136 3840 334 3896 eadem
361 3839 620 3893 voluntas
650 3835 1018 3907 signiﬁcatur.
1048 3834 1206 3901 Quod
1231 3844 1412 3891 autem
1438 3836 1611 3892 Filius
1634 3837 1721 3892 hic

136 3941 199 3988 et
238 3931 381 3986 Deus
406 3944 627 3985 carnem
659 3929 957 3982 humanam
995 3927 1270 3990 induerit,
1302 3928 1546 3983 ostendit
1581 3929 1721 3984 idem

138 4024 335 4087 Isaias,
363 4021 525 4087 Puer,
550 4020 828 4090 inquiens,
862 4030 1019 4073 natus
1050 4029 1128 4074 est
1163 4021 1311 4074 nobis
1331 4060 1346 4085 ,
1382 4029 1431 4073 et
1458 4020 1604 4088 ﬁlius
1626 4021 1724 4072 da-

142 4129 229 4170 tus
246 4126 323 4169 est
346 4116 495 4169 nobis
520 4115 587 4169 ".
612 4113 841 4182 Propter
875 4126 977 4166 nos
998 4111 1143 4166 enim
1171 4122 1337 4167 natus
1359 4120 1444 4167 est
1469 4126 1604 4181 puer
1635 4111 1725 4165 ille

143 4206 353 4270 Filius,
386 4214 441 4261 et
480 4206 769 4261 nobiscum
800 4214 1054 4259 versatus
1091 4213 1195 4259 est.
1226 4202 1361 4257 Nam
1398 4203 1465 4258 de
1507 4204 1602 4259 illo
1630 4204 1725 4273 qui

150 4316 276 4356 vere
319 4298 493 4353 Filius
537 4306 642 4360 est,
692 4310 804 4350 non
854 4304 1035 4350 autem
1068 4294 1136 4349 de
1168 4294 1413 4363 quolibet
1450 4294 1563 4348 lilio
1613 4294 1727 4349 haec

143 4391 401 4465 praedixit
420 4389 707 4461 propheta.
729 4388 791 4442 Et
820 4403 960 4457 opus
984 4388 1087 4443 hoc
1106 4397 1165 4442 ut
1184 4386 1567 4441 admirandum
1589 4401 1727 4456 prae—

145 4488 317 4543 dicat.
350 4484 489 4551 Quid
520 4490 702 4538 autem
757 4481 1169 4547 admirandum,
1201 4495 1325 4535 eum
1371 4481 1463 4549 qui
1511 4480 1726 4548 simpli-

147 4582 289 4635 citer
336 4577 480 4631 lilius
509 4574 615 4638 sit,
651 4588 884 4643 puerum
926 4573 1117 4629 nasci?
1145 4573 1509 4638 Quamobrem
1540 4580 1591 4625 ct
1620 4571 1729 4624 cla-

146 4672 297 4725 riora
335 4667 594 4736 deinceps
626 4664 901 4735 subjecit,
955 4672 1015 4717 ut
1062 4662 1404 4716 divinitatem
1446 4660 1628 4722 illius,
1678 4670 1733 4714 et

148 4757 515 4816 diﬂ‘erentiam
562 4757 706 4811 inter
757 4771 883 4812 eum
925 4762 979 4810 et
1005 4755 1248 4823 reliquos
1274 4752 1369 4823 qui
1408 4752 1735 4823 simpliciter

153 4854 250 4907 lilii
281 4860 430 4915 sunt,
459 4849 753 4904 indicaret.

672 4959 906 5027 Baruch,
938 4968 987 5013 et
1024 4957 1207 5013 Isaiaz.

231 5080 335 5135 llic
359 5087 439 5133 est
468 5077 605 5132 Deus
628 5084 806 5130 noster
835 5091 854 5128 :
884 5084 933 5127 et
964 5090 1067 5128 non
1096 5073 1452 5129 testimabitur
1480 5073 1615 5126 alius
1639 5075 1736 5125 ad-

156 5188 335 5227 versus
375 5187 494 5224 eum
535 5169 599 5222 ³⁸.
637 5166 843 5222 Deinde
876 5166 1029 5220 addit
1069 5166 1111 5197 ³⁹
1142 5189 1154 5220 ;
1188 5164 1315 5219 Post
1356 5164 1467 5218 liwc
1498 5166 1549 5217 in
1582 5165 1736 5217 terris

156 5267 303 5319 risus
355 5274 477 5323 est.
519 5272 567 5316 et
612 5276 731 5313 cum
779 5258 1077 5312 hominibus
1137 5267 1471 5313 conversatus
1525 5268 1621 5310 est.
1673 5256 1740 5309 Et

156 5354 369 5419 Isaias,
399 5351 565 5417 Ecce,
596 5351 815 5421 inquit,
851 5350 991 5403 Deus
1045 5359 1243 5403 noster.
1283 5348 1403 5419 Ipse
1456 5349 1640 5415 veniet,
1689 5359 1737 5403 et

237 5513 283 5546 ¹⁹
322 5509 471 5567 Psal.
523 5511 639 5571 crit,
686 5507 775 5562 '50.
890 5506 934 5538 ’°
961 5507 1099 5562 Psal.
1132 5524 1320 5570 cxvm,
1352 5509 1439 5563 89.

167 5585 213 5617 “
250 5583 386 5638 Gen.
434 5596 583 5635 xxxi.
636 5579 793 5633 ιι-15,
872 5579 918 5611 ³⁸
942 5578 1103 5633 Joan.
1140 5596 1273 5641 xvn,
1314 5582 1366 5633 6.

172 5670 337 5716 xxxv,
368 5652 421 5706 4.
496 5651 539 5683 δί
578 5650 711 5705 ibid.
737 5650 864 5715 5-6;
906 5650 1011 5704 Isa.
1064 5666 1237 5705 Lxm.
1280 5650 1311 5703 9
1342 5650 1495 5717 juxta
1546 5649 1707 5703 LXX.

170 5725 216 5758 "
256 5723 392 5780 ibid.
446 5721 534 5778 I6.
610 5719 698 5773 “I
736 5719 841 5775 Pet.
901 5720 975 5787 II,
1010 5720 1104 5775 22.
1182 5719 1406 5776 “Prov.
1446 5737 1549 5787 xx,
1589 5722 1641 5775 9.

1538 5509 1578 5540 ³¹
1620 5507 1722 5563 Job
1764 5524 1935 5569 xxvn,
1970 5508 2024 5570 9,
2078 5509 2132 5562 3.

1448 5578 1613 5633 "Isa.
1642 5596 1715 5633 Ix.
1738 5580 1790 5632 6.
1896 5580 1937 5610 ³⁷
1964 5580 2098 5632 Ibid.

1814 5651 1855 5680 η
1894 5651 1963 5683 ιν
2021 5651 2131 5683 “an
2185 5666 2303 5683 ισηιο
2360 5651 2401 5683 ll
2463 5651 2617 5683 Pus-ul
2670 5662 2769 5683 τιον

1814 5651 1855 5680 δ’
1894 5648 1963 5702 IV
2021 5650 2153 5718 Iieg.
2185 5666 2304 5711 xix;
2360 5649 2401 5701 II
2462 5648 2639 5699 Paral.
2670 5660 2841 5699 xxx”.
2956 5648 3000 5673 "
3039 5648 3118 5695 lsa

1720 5720 1947 5775 "Mich.
1995 5722 2125 5785 ηεξ.
2204 5723 2246 5753 ’⁸⁸
2272 5721 2403 5774 ibid,
2484 5719 2527 5749 ⁸⁹
2571 5717 2703 5771 Dan.
2747 5733 2818 5770 vn
2848 5756 2861 5781 ,
2898 5716 2997 5779 15,
3034 5716 3120 5768 Ii.

2483 3246 2746 3302 Hic/uete.

1894 3365 1963 3420 Et
1993 3376 2049 3419 tu
2074 3363 2360 3425 Bethleem,
2386 3371 2528 3415 terra
2545 3360 2576 3413 J
2585 3359 2715 3425 uda,
2747 3376 3075 3431 nequaquam
3107 3358 3328 3411 minima
3351 3374 3406 3412 es

1821 3464 1875 3514 in
1908 3457 2234 3530 principibus
2255 3454 2421 3509 Iuda.
2451 3453 2536 3507 Ea:
2564 3462 2610 3507 te
2634 3454 2773 3507 enim
2801 3452 2930 3505 mihi
2966 3451 3130 3505 exibit
3156 3450 3287 3515 dux,
3318 3451 3414 3519 qui

1823 3561 1966 3623 regat
1996 3549 2245 3620 populum
2282 3564 2453 3603 meum
2479 3545 2739 3601 Israelem
2769 3545 2836 3600 ".
2884 3542 3089 3598 Verum
3133 3551 3193 3596 ut
3221 3552 3410 3598 osten-

1822 3644 1977 3698 deret
2023 3642 2171 3696 hunc
2218 3654 2329 3694 non
2381 3653 2505 3694 esse
2548 3636 2826 3691 hominem
2870 3634 3081 3690 nudum
3110 3642 3165 3689 et
3190 3634 3407 3693 solum,

1824 3735 1920 3791 sed
1953 3747 2077 3788 cum
2114 3730 2223 3786 Deo
2250 3728 2636 3799 coniunctum,
2688 3724 2892 3795 adjecit
2927 3740 2941 3777 :
2976 3722 3163 3776 Exitus
3189 3723 3302 3792 ejus
3344 3723 3412 3775 ab

1832 3826 1988 3881 initio
2007 3865 2022 3889 ,
2058 3841 2089 3877 a
2123 3823 2309 3877 diebus
2338 3820 2523 3875 swculi
2545 3819 2609 3871 ⁵⁸.
2640 3818 2904 3871 Actiones
2926 3855 2939 3878 ,
2971 3816 3167 3884 inquit,
3195 3814 3314 3882 ejus
3343 3813 3413 3866 ad

1824 3918 2169 3975 divinitatem
2219 3914 2559 3985 pertinentes
2580 3951 2593 3975 ,
2620 3910 2706 3965 vel
2750 3918 2909 3963 ortus
2936 3907 3058 3977 ejus
3079 3946 3093 3971 ,
3126 3907 3194 3960 ab
3222 3907 3406 3969 initio,

1825 4024 1889 4065 ex
1923 4007 2112 4064 saeculi
2154 4004 2474 4067 intervallo,
2501 4002 2606 4056 hoc
2635 4009 2756 4064 est,
2791 4000 2860 4053 ab
2896 3998 3046 4053 omni
3075 3997 3407 4051 mternitate.

1827 4098 2129 4154 Zorobabel
2166 4104 2347 4150 autem
2382 4094 2659 4163 Babylone
2694 4099 2858 4147 natus
2880 4098 2986 4145 est.
3017 4088 3181 4143 Vides
3214 4088 3410 4155 exqui-

1826 4191 2091 4248 sitissime
2126 4188 2451 4242 subductam
2492 4184 2763 4239 rationem
2802 4181 2870 4236 ad
2898 4182 3079 4236 locum
3118 4195 3318 4250 usque,
3355 4180 3409 4232 in

1826 4297 1937 4353 quo
1965 4289 2130 4336 natus
2164 4286 2250 4334 est
2276 4276 2555 4333 Christus.

2516 4407 2727 4463 Daniel.

1918 4526 2167 4581 Videbam
2211 4526 2264 4578 in
2311 4524 2506 4578 visione
2548 4523 2750 4585 noctis,
2793 4530 2842 4575 et
2884 4536 2998 4574 ecce
3042 4536 3158 4574 cum
3194 4516 3416 4572 nubibus

1840 4621 1957 4676 caeli
2006 4619 2160 4690 quasi
2192 4618 2367 4671 Filius
2412 4615 2641 4668 hominis
2664 4613 2919 4677 veniebat,
2947 4622 2996 4666 et
3031 4612 3101 4666 ad
3134 4612 3420 4681 Antiquam

1840 4713 2043 4766 dierum
2076 4710 2316 4770 accessit,
2348 4717 2396 4761 et
2425 4706 2492 4760 ad
2522 4708 2639 4776 ejus
2666 4714 3001 4771 conspectum
3033 4702 3295 4757 adductus
3318 4712 3418 4762 est,

1842 4815 1889 4856 et
1923 4803 2081 4855 datus
2127 4809 2203 4853 est
2248 4799 2333 4852 illi
2384 4798 2552 4850 Itonor
2591 4806 2638 4849 et
2682 4796 2964 4864 imperium
3002 4804 3050 4847 et
3091 4809 3341 4864 regnum;
3372 4802 3420 4845 et

1846 4910 2022 4946 omnes
2054 4890 2254 4961 populi,
2294 4888 2463 4942 tribus
2486 4931 2499 4951 ,
2533 4888 2729 4958 lingua:
2767 4889 2998 4940 serviunt
3042 4885 3142 4939 illi.
3177 4885 3420 4938 Potestas

1840 4984 1957 5052 ejus
1997 4992 2227 5050 potestas
2267 4980 2585 5048 sempiterna
2623 4995 2740 5047 qua:
2800 4996 2904 5032 non
2946 4976 3324 5044 pertransibit,
3374 4988 3421 5029 et

1847 5091 2063 5144 regnum
2092 5073 2240 5126 illius
2275 5090 2379 5125 non
2406 5080 2665 5125 evertetur
2687 5071 2753 5122 ‘9.
2790 5070 2995 5138 Ecquis
3022 5076 3105 5122 est
3138 5069 3226 5120 hic
3262 5069 3423 5137 quasi

1845 5164 1991 5219 ﬁlius
2026 5162 2285 5223 hominis,
2315 5161 2408 5230 qui
2440 5170 2763 5230 potestatem
2795 5160 2995 5228 accipit
3026 5158 3333 5211 absolutam
3372 5160 3425 5212 in

1846 5272 2037 5312 omnes
2059 5271 2119 5308 ac
2151 5254 2577 5323 sempiternam?
2606 5255 2781 5307 llomo
2802 5252 3023 5321 quidem
3052 5250 3277 5305 omnino
3304 5252 3427 5303 nul-

1846 5350 1970 5413 lus,
2016 5348 2112 5404 sed
2160 5348 2279 5419 ipse
2324 5346 2470 5402 Deus
2501 5354 2555 5401 ct
2589 5347 2755 5400 homo
2797 5344 3073 5399 Christus.
3117 5343 3194 5399 De
3226 5360 3337 5412 quo
3374 5350 3428 5396 et

2235 5508 2278 5539 ³³
2320 5508 2453 5577 Agg.
2508 5524 2568 5571 ιι,
2610 5504 2761 5577 Βηϐ.

2202 5579 2244 5609 ³⁸
2274 5576 2486 5631 Bm-irch
2515 5593 2596 5640 Ill,
2632 5576 2718 5629 56.

2840 5504 2887 5534 ³³
2928 5502 3030 5557 Isa.
3072 5518 3240 5555 vatn
3266 5542 3279 5560 ,
3340 5500 3421 5555 16.

2817 5575 2860 5606 ³⁸
2896 5574 3027 5627 ibid.
3058 5574 3147 5629 58.
3234 5574 3279 5604 ⁴⁰
3321 5572 3425 5627 Isa.

2956 5644 3000 5673 "
3038 5642 3139 5695 Isa.
3177 5661 3276 5707 vn,
3336 5642 3425 5698 14.

1896 5580 1937 5610 ³τ
1964 5580 2098 5632 Ibid.
