3822 6424
400 267 544 323 1H9

1638 271 1694 328 5.
1735 267 2063 327 GREGORI!
2101 266 2398 326 NYSSENI

3549 267 3692 320 ΗΞΟ

400 387 572 442 David
602 387 775 445 Deum
815 399 871 445 et
906 388 1122 446 Patrem
1153 391 1234 446 sic
1265 391 1569 462 alloquitur
1599 411 1611 446 :
1641 391 1800 456 Deus,
1826 392 1976 461 judi—
2002 395 2052 453 Α
2077 388 2302 444 Christo
2335 389 2488 444 dices
2529 387 2872 444 convenire?
2901 387 3101 444 Eadem
3145 402 3244 458 per
3277 384 3480 442 lsaiam
3513 385 3588 439 de
3626 403 3690 439 se

398 481 546 532 ciunt
573 490 722 533 tuum
747 479 873 550 Regi
905 481 996 546 da,
1032 492 1081 534 et
1107 482 1383 551 justitiam
1419 493 1564 537 tuam
1598 486 1709 553 ﬁlia
1737 485 1886 556 Regis
1909 485 1977 540 ‘°.

397 570 653 626 Christus
687 574 832 626 enim
864 581 919 628 et
947 575 1025 628 uti
1068 575 1208 631 Dens
1239 575 1352 631 Rex
1382 586 1488 640 est,
1519 587 1572 632 et
1606 579 1750 634 ﬁlius
1791 577 1977 648 Regis.

397 657 464 714 Et
495 663 572 715 uti
609 662 774 719 homo
805 663 987 721 factus
1015 674 1102 721 cst
1136 665 1246 721 Rex
1268 706 1282 727 ,
1316 677 1372 722 et
1399 669 1542 724 ﬁlius
1571 669 1745 739 regis,
1789 687 1983 740 nempe

397 749 645 807 Dnvidis.
683 752 761 808 Ex
790 770 900 824 quo
930 766 1142 826 postea,
1173 757 1317 811 Data
1351 769 1449 823 est,
1487 760 1692 828 inquit,
1726 761 1856 814 mihi
1880 778 1985 814 om-

398 844 482 896 nis
503 853 735 912 potestas
783 847 838 900 in
881 849 1012 901 cazlo
1039 859 1090 902 et
1121 851 1174 902 in
1210 859 1354 904 terra
1393 852 1462 905 ".
1489 852 1571 906 Ad
1603 868 1767 922 quem
1800 851 1980 916 Pater,

398 946 726 1006 postquam,
758 946 816 991 ut
848 938 1032 1000 homo,
1075 948 1404 1010 potestatem
1437 943 1651 1013 accepit
1674 983 1689 1007 ,
1721 941 1873 1010 Sede,
1904 944 1987 996 in-

399 1029 536 1096 quit,
569 1046 602 1082 a
631 1029 833 1084 dextris
857 1033 1007 1086 meis.
1039 1031 1192 1086 Dixit
1223 1035 1368 1088 enim
1395 1075 1409 1098 ,
1443 1043 1502 1088 ut
1533 1037 1609 1089 ait
1645 1035 1837 1100 David,
1873 1036 1982 1090 Do-

398 1123 571 1176 minus
603 1122 831 1177 Domino
859 1141 974 1178 meo
994 1141 1013 1175 .ο
1043 1124 1178 1180 Sede
1208 1143 1242 1179 a
1270 1126 1472 1181 dextris
1507 1129 1634 1182 meis
1657 1170 1670 1192 ,
1709 1129 1870 1184 donec
1895 1146 1989 1199 po-

399 1231 524 1266 nam
578 1215 821 1270 inimicos
884 1227 1002 1270 tuos
1066 1217 1359 1272 scabellum
1413 1219 1606 1288 pedum
1663 1231 1873 1275 tuorum
1915 1223 1985 1277 “.

400 1307 635 1374 Quinam
676 1319 808 1364 sunt
846 1310 900 1364 hi
935 1310 1046 1365 duo
1093 1310 1313 1367 Domini
1346 1314 1522 1384 ipsius
1567 1314 1828 1380 Davidis,
1881 1319 1988 1372 nisi

401 1401 503 1456 hos
531 1403 913 1459 concesseris?
944 1405 1012 1456 At
1037 1419 1160 1458 cum
1198 1405 1434 1461 dixisset
1462 1405 1632 1460 David
1665 1425 1676 1460 :
1707 1407 1869 1470 Deus,
1897 1410 1992 1478 ju-

401 1495 600 1548 dicium
625 1505 772 1549 tuum
804 1496 932 1567 Regi
965 1496 1069 1562 da,
1097 1506 1152 1553 et
1180 1514 1302 1569 qua:
1337 1509 1682 1569 sequuntur,
1716 1502 1988 1571 subjecit,

401 1588 660 1657 quoniam
691 1600 812 1644 ante
843 1591 1007 1645 solem
1037 1600 1319 1661 permanet
1344 1609 1534 1647 nomen
1558 1594 1673 1663 ejus
1698 1594 1766 1660 ⁸³,
1792 1610 1991 1649 nomen

403 1680 537 1734 illud
562 1681 748 1752 utique
771 1682 915 1751 quod
946 1683 1101 1739 illum
1127 1683 1319 1751 Deum,
1347 1693 1442 1740 aut
1472 1684 1675 1741 Filium
1703 1686 1843 1758 (Dei)
1869 1702 1990 1742 esse

403 1771 767 1828 demonstrat.
820 1772 1050 1845 Semper
1081 1776 1228 1831 enim
1263 1785 1564 1848 utrumque
1609 1777 1733 1834 fuit.
1784 1777 1990 1848 Ecquis

405 1863 572 1934 igitur
596 1863 870 1934 ejusmodi
902 1863 1039 1931 Rex,
1076 1867 1200 1926 nisi.
1225 1867 1358 1928 hic?
1392 1869 1492 1924 Cui
1530 1870 1846 1925 servierunt
1873 1885 1994 1925 om-

405 1971 505 2011 nes
524 1967 734 2030 gentes,
752 1958 860 2017 nisi
882 1957 1134 2016 Christo?
1154 1961 1336 2026 Quem
1353 1961 1464 2020 nisi
1485 1962 1763 2020 Christum
1788 1963 1992 2019 collau-

403 2047 648 2114 darunt,
707 2049 1040 2123 beatumque
1101 2053 1582 2124 praedicaverunt?
1647 2053 1744 2112 Sin
1812 2056 1998 2112 adhuc

404 2138 584 2209 ipsum
612 2151 922 2212 exspectas,
947 2143 1130 2214 quoad
1155 2154 1459 2216 praecurrat
1481 2147 1630 2204 Elias
1649 2189 1665 2214 ,
1689 2147 2008 2206 secundum,

410 2229 722 2288 Scrvatoris
751 2231 1079 2290 descensum
1105 2248 1418 2306 exspeCIas,
1441 2251 1566 2292 cum
1599 2238 1778 2295 aderit
1804 2238 1995 2294 mundi

407 2322 554 2379 linis.
587 2323 722 2378 Nam
755 2326 1024 2388 curntluo
1064 2327 1175 2384 sint
1207 2327 1414 2386 Christi
1460 2330 1762 2388 descensus
1789 2372 1806 2397 ,
1852 2349 2012 2390 unus.

406 2430 530 2471 cum
555 2417 622 2471 ad
647 2426 898 2473 naturam
920 2421 1216 2475 humanam
1242 2423 1634 2476 assumendam
1659 2424 1831 2488 venit,
1859 2425 1998 2478 alter

406 2520 532 2560 cum
559 2507 741 2562 veniet
764 2508 830 2562 ad
853 2509 1218 2578 judicandum
1237 2511 1428 2566 orbem
1453 2512 1773 2568 universum
1797 2527 1812 2564 :
1845 2514 1998 2582 prior

405 2598 530 2667 jam»
572 2598 712 2663 fuit.
759 2601 930 2669 cujus.
958 2617 1272 2671 praecursor
1336 2612 1608 2673 tanquam
1661 2605 1801 2660 alter
1853 2604 1998 2660 Elias

407 2688 886 2760 Joannesexstitit
911 2711 938 2761 ;_
983 2695 1256 2764 posterior
1285 2696 1414 2760 erit,
1444 2707 1505 2752 et
1532 2696 1702 2752 Eliam
1736 2706 2016 2768 tanquam

410 2781 640 2840 alterum
662 2781 932 2842 Joannem
959 2785 1189 2842 habebit.
1204 2801 1628 2857 praecursorem.
1654 2787 1830 2843 Ambo
1852 2789 2010 2844 enim.

409 2884 540 2932 sunt.
579 2875 829 2946 ejusdem
871 2875 1149 2947 Spiritus,
1192 2887 1246 2936 et
1293 2879 1542 2950 ejusdem
1595 2881 1789 2951 gratim
1837 2891 2002 2952 atque

410 2966 658 3034 virtutis,
686 2975 963 3039 quatenus
993 2968 1275 3028 Christum
1316 2981 1685 3042 prtecurrunt.

484 3099 698 3156 Unotus
748 3100 839 3156 ille
879 3111 934 3156 et
986 3100 1220 3158 Messias
1257 3118 1422 3178 quem
1476 3106 1849 3174 exspectatis,

412 3207 586 3262 purus
640 3192 826 3256 homo,
888 3208 956 3247 an
1007 3191 1150 3265 Deus
1180 3201 1252 3249 et.
1289 3195 1488 3250 homo?
1538 3193 1674 3249 Nam
1733 3197 1779 3251 si
1829 3213 2000 3266 purus

416 3283 580 3341 homo
609 3291 716 3352 est,
754 3299 863 3338 non
903 3293 988 3339 cst
1022 3283 1114 3340 ille
1154 3300 1315 3356 quem
1363 3285 1750 3357 praedixerunt.
1777 3289 2003 3358 prophe-

417 3388 504 3442 tzr,
533 3377 624 3447 qui
648 3377 802 3448 signa
834 3379 884 3432 ei
913 3377 1221 3434 divinitatis
1249 3378 1660 3450 adjunxerunt,
1685 3388 1744 3434 ut
1768 3381 1945 3451 ipsum
1971 3398 2004 3438 a

417 3469 574 3534 puris
615 3477 669 3524 et
702 3471 869 3526 meris
921 3471 1240 3529 horninibus
1279 3481 1642 3543 separarent:
1687 3489 1786 3529 vos
1819 3482 2003 3530 autem

421 3575 453 3614 a
486 3561 690 3631 quibus
728 3562 853 3614 aliis
880 3562 1152 3619 didicistis
1183 3571 1343 3620 notas
1374 3571 1428 3620 et
1456 3565 1612 3636 signa
1635 3565 1815 3630 illius,
1836 3583 2003 3637 quem

418 3653 787 3720 exspectatis?
820 3651 915 3708 Sin
949 3654 1092 3710 Deus
1124 3663 1207 3712 cst
1237 3664 1291 3711 et
1319 3656 1521 3722 homo,
1543 3673 1727 3713 nonne
1751 3657 2004 3714 animad-

418 3744 659 3810 vertitis,
701 3761 801 3801 vos
835 3747 998 3801 aliam
1041 3749 1353 3804 divinitatis.
1386 3765 1674 3819 personam
1717 3751 2007 3808 conﬁteri?

419 3835 608 3906 Neque
640 3838 787 3893 enim
819 3839 1016 3894 dicetis
1042 3841 1193 3898 hunc
1226 3857 1348 3899 esse
1382 3841 1619 3900 Patrem.
1649 3841 1808 3912 Nam,
1839 3843 2017 3911 Puer,

421 3937 622 4008 inquit,
647 3948 813 3996 natus;
834 3949 912 3996 est
946 3940 1194 4007 nobis“,
1223 3939 1432 4008 Filius,
1456 3956 1568 3996 non
1608 3941 2018 3999 autem.Pater..

417 4027 537 4086 1am
595 4029 847 4095 Mess-ias,
900 4038 956 4086 et
1007 4031 1304 4096 Christus,
1346 4041 1406 4087 et
1453 4041 1668 4090 unctus,
1705 4034 1846 4089 idem
1897 4044 2003 4091 cst.

420 4168 433 4179 .
454 4123 730 4192 ntelligite,
760 4124 1068 4192 insipientes
1094 4125 1150 4178 in
1173 4125 1481 4194 populo,.et.
1502 4124 1677 4190 stulti,
1713 4126 2004 4195 aliquando

429 4215 600 4282 capite
626 4217 694 4267 ⁵⁵.
735 4215 796 4268 Et
830 4215 1002 4272 Isaias
1033 4232 1134 4271 vos
1165 4217 1688 4291 alloquitur,.Cau:i,
1724 4218 2020 4288 inquiens,.

418 4307 683 4371 inspicite,
715 4318 762 4361 et
797 4308 968 4373 surdi,
997 4309 1178 4363 audite
1200 4310 1269 4363 ".
1306 4310 1534 4365 Ultrone
1568 4310 1698 4363 caeci
1736 4311 1894 4371 estis,
1934 4325 2003 4365 an

418 4395 646 4448 omnino
683 4397 940 4451 sensibus
979 4398 1228 4454 caretis?
1265 4397 1562 4470 Ecquando
1613 4399 1780 4467 igitur
1823 4402 2004 4454 nomi-

418 4501 551 4543 num
602 4488 1011 4558 amhiguitates,
1063 4498 1160 4545 aut
1200 4491 1508 4546 verborum
1541 4491 2000 4561 signiﬁcationes,

420 4584 518 4633 aut
570 4577 890 4634 dictionum
937 4579 1306 4648 proprietates
1357 4578 1738 4648 distinguetis,
1797 4578 2014 4648 quibus

419 4666 627 4727 veritas
645 4669 1154 4739 comprehenditur
1167 4672 1194 4723 ’ἰ

731 4821 812 4876 De
834 4820 1033 4880 Christi
1066 4823 1483 4879 cruciatibuset
1499 4830 1687 4878 morte.

493 4954 664 5012 David
691 4973 757 5013 ex
787 4971 1022 5027 persona
1048 4957 1276 5024 Christi,
1313 4958 1635 5022 Concilium,
1661 4958 1861 5029 inquit,
1890 4974 2007 5011 nra-

423 5047 738 5118 lignantium
789 5047 992 5103 obsedit
1041 5065 1141 5104 me.
1182 5049 1454 5104 Foderunt
1517 5067 1707 5104 manus
1755 5066 1919 5116 meas,
1957 5057 2010 5102 et

420 5141 574 5210 pedes
605 5157 768 5207 meos,
812 5141 1277 5198 dinumeraverunt
1309 5146 1488 5198 omnia
1536 5161 1660 5198 ossa
1695 5159 1831 5198 mea.
1866 5141 2011 5197 Divi-

421 5245 600 5288 serunt
643 5235 745 5290 sibi
789 5237 1095 5290 vestimenta
1137 5253 1273 5303 mea,
1315 5245 1364 5290 et
1407 5251 1563 5304 super
1607 5244 1797 5289 vestem
1838 5252 2010 5288 meam

423 5327 680 5384 miserunt
721 5337 914 5382 sortem
937 5329 1008 5383 ".
1057 5327 1185 5384 Haec
1230 5344 1360 5384 cum
1392 5329 1498 5382 illis
1534 5344 1660 5398 qua:
1704 5336 2016 5382 narrantur

423 5417 478 5471 in
515 5417 826 5490 Evangeliis
857 5422 1017 5491 plane
1048 5420 1432 5492 congruentia,
1497 5421 1718 5476 cuinam
1752 5419 1868 5483 alii,
1898 5419 2003 5474 nisi

495 5596 540 5628 '°
584 5594 728 5651 Psal.
774 5612 922 5664 Lxxt,
955 5599 1010 5652 ἓ.
1085 5598 1351 5656 “Matth.
1389 5615 1579 5664 xxvnt,
1622 5597 1707 5654 l8.
1785 5599 1828 5630 ⁵³
1867 5598 2012 5654 Psal.

495 5683 582 5721 ut.
614 5667 666 5721 8.
741 5668 788 5699 5“
819 5667 922 5721 Isa.
954 5687 1084 5721 xm.
1121 5671 1206 5721 18.
1318 5671 1362 5702 "
1387 5670 1534 5721 l’sal.
1576 5685 1688 5721 xxr.
1725 5668 1814 5721 ΓΙ.
1859 5668 1940 5721 18.

2115 5597 2244 5659 τ,,1.
2319 5594 2417 5646 ³³]

2120 5668 2222 5721 Isa.
2273 5683 2324 5721 L.
2379 5665 2417 5718 6

2142 5683 2222 5722 Sil.
2273 5683 2324 5729 ι,
2379 5683 2432 5718 υ.

833 5742 876 5772 ⁶²
919 5741 1052 5797 ibid.
1088 5742 1142 5797 9.
1219 5742 1264 5774 ⁸³
1306 5741 1452 5796 Psal.
1484 5756 1574 5806 xv,
1604 5740 1690 5808 10,
1729 5741 1814 5794 ll.
1881 5741 1940 5818 εδ
1983 5740 2123 5796 Osce
2159 5754 2232 5804 vt,
2271 5739 2322 5792 5.

428 5681 582 5729 xcut,
614 5667 666 5722 8.
741 5668 788 5699 ⁸⁸⁵
819 5667 922 5723 Isa.
954 5687 1084 5734 xm,
1121 5671 1206 5725 18.

1318 5670 1534 5725 "Psal.
1576 5685 1688 5734 χχι,
1725 5668 1814 5733 Π,
1859 5668 1940 5723 18.

432 5736 476 5768 ⁸⁸
509 5737 643 5794 ibid.
698 5741 751 5796 5.

2083 483 2337 553 ιιτωάἱχίι
2387 481 2643 537 Christus
2691 479 2971 536 :Dorsum
3027 498 3201 535 meum
3253 481 3688 549 percutientibns

2081 575 2306 643 praebui,
2356 592 2514 645 genas
2563 572 2896 633 vellentibus,
2952 583 3003 626 et
3043 573 3238 642 faciem
3286 573 3350 624 ab
3383 571 3692 640 ignominia

2084 669 2482 738 conspuentium
2511 684 2616 721 non
2658 667 2822 720 averti
2849 665 2913 718 ⁵⁸.
2951 665 3015 718 lit
3051 681 3274 720 rursum
3325 663 3501 716 David
3533 683 3548 716 ;
3583 662 3692 714 De-

2084 759 2294 823 derunt,
2336 760 2536 830 inquit,
2587 760 2641 813 in
2683 775 2861 812 escam
2909 775 3076 812 meant
3107 759 3200 828 fel,
3239 768 3287 812 et
3327 759 3384 810 in
3428 758 3526 810 siti
3567 773 3688 809 mea

2085 863 2399 918 notaverunt
2439 869 2518 905 me
2560 861 2705 905 aceto
2727 852 2794 904 ".
2827 849 2983 918 Quod
3028 853 3077 907 si
3131 853 3248 906 haec
3282 851 3564 920 intelliges
3613 850 3687 902 dc

2089 945 2291 1015 populo
2322 944 2376 996 in
2408 943 2732 1012 captivitate
2755 942 3086 1007 constituto,
3124 955 3249 994 cum
3275 948 3500 994 constet
3533 954 3686 999 eum,

2091 1037 2214 1090 licet
2251 1035 2358 1088 alia
2396 1034 2569 1088 multa
2607 1033 2917 1102 pertulerit,
2966 1031 3282 1103 huiusmodi
3327 1042 3520 1085 tamen
3570 1045 3682 1083 non

2091 1128 2263 1184 fuisse
2313 1127 2981 1197 perpessumzsententia
3017 1136 3111 1180 tua
3157 1126 3318 1180 facile
3367 1124 3680 1179 refelletur.

2092 1220 2318 1276 Mortem
2364 1220 2540 1290 ipsius
2582 1219 2841 1289 praedixit
2872 1217 3067 1284 Isaias,
3099 1227 3157 1271 ut
3188 1219 3326 1278 ovis,
3384 1216 3680 1286 inquiens.

2091 1313 2160 1366 ad
2204 1313 2516 1366 occisionem
2563 1311 2750 1364 ductus
2787 1320 2865 1364 est
2909 1311 2976 1365 ⁸⁸.
3031 1307 3233 1366 Verum
3279 1318 3336 1361 ut
3371 1323 3683 1378 cognosce-

2092 1417 2181 1458 res
2209 1417 2328 1457 eam
2365 1401 2526 1456 nobis
2575 1401 2743 1455 inisse
2782 1401 3105 1466 salutarem,
3142 1416 3338 1455 rursus
3370 1400 3549 1461 idem,
3589 1397 3687 1450 Li-

2093 1511 2234 1556 vore,
2273 1493 2474 1562 inquit,
2529 1493 2642 1562 ejus
2682 1493 2862 1546 sanati
2892 1509 3069 1546 omnes
3095 1509 3277 1546 sumus
3303 1493 3368 1546 “.
3412 1489 3482 1545 Ut
3515 1490 3689 1543 intel-

2095 1590 2292 1659 ligeres
2325 1595 2505 1643 autem
2542 1587 2612 1642 ob
2635 1586 2757 1656 ejus
2793 1596 3024 1640 mortem
3054 1583 3367 1640 Jud:eorum
3407 1600 3587 1653 genus
3614 1584 3687 1634 ad

2071 1681 2321 1749 exitium
2368 1680 2707 1749 pervenisse,
2755 1678 3013 1749 subjecit,
3057 1678 3123 1732 Et
3163 1679 3300 1732 dabo
3351 1678 3554 1746 impios
3587 1693 3694 1744 pro

2099 1771 2213 1839 ejus
2263 1770 2539 1838 sepultura
2558 1771 2626 1825 θ’.
2667 1770 2810 1838 Quid
2845 1769 3339 1842 enimjludreorum
3400 1771 3694 1839 impietaze

2103 1863 2450 1934 ﬂagitiosius,
2495 1863 2588 1933 qui
2628 1879 2762 1918 eum
2802 1879 2832 1916 a
2873 1880 2983 1933 quo
3026 1871 3137 1918 tam
3192 1863 3360 1917 multa
3412 1862 3694 1918 beneﬁcis

2103 1963 2450 2025 acceperant,
2482 1953 2880 2010 interfecerunt
2896 1954 2944 2008 ‘2‘

2523 2112 2613 2167 De.
2629 2112 2828 2168 Christi
2858 2115 3257 2168 resurrectione.

2177 2244 2301 2300 Non
2345 2247 2630 2314 relinques,
2683 2247 2864 2316 inquit
2915 2245 3104 2310 David,
3151 2249 3380 2300 animam
3419 2267 3590 2301 meam
3635 2252 3690 2304 in

2105 2338 2312 2407 inferno
2332 2380 2345 2403 ,
2391 2355 2482 2392 nec
2515 2339 2666 2393 dabis
2698 2349 2940 2393 sanctum
2983 2349 3131 2392 tuum
3171 2341 3352 2395 videre
3383 2344 3690 2410 corruptis-

2105 2447 2220 2484 nem
2243 2431 2309 2496 ⁸⁸,
2364 2447 2584 2502 nempe,
2632 2431 2906 2500 corporis.
2958 2431 3183 2498 Deinde,
3239 2429 3436 2496 Notos,
3479 2435 3690 2502 inquit,

2105 2523 2286 2594 fecisti
2309 2525 2442 2577 mihi
2470 2523 2584 2578 dies
2624 2526 2761 2578 vitat.
2795 2522 2968 2580 Oseas
3011 2525 3184 2578 multo
3219 2526 3426 2580 clarius
3455 2544 3469 2579 :
3505 2525 3573 2579 Et
3601 2545 3690 2581 sa-

2106 2615 2251 2669 nabit
2296 2633 2393 2670 nos
2417 2627 2548 2684 post
2577 2616 2710 2678 dies,
2741 2617 2794 2670 in
2828 2615 2914 2670 die
2953 2617 3131 2680 tertia,
3165 2625 3213 2670 et
3247 2633 3604 2686 resurgemus,
3641 2630 3690 2670 et

2106 2709 2331 2762 viventes
2362 2710 2416 2763 in
2449 2717 2726 2778 conspectu
2758 2710 2872 2775 ejus
2891 2708 2954 2764 “.
2995 2707 3117 2761 Haec
3149 2716 3330 2762 autem
3373 2709 3523 2763 dit-ta
3559 2718 3691 2763 sunt

2106 2817 2172 2856 cx
2200 2816 2434 2871 persona
2467 2815 2656 2856 eorum
2689 2799 2780 2870 qui
2813 2801 3174 2864 dormierunt,
3200 2814 3434 2870 quorum
3453 2815 3690 2870 corpora

2107 2907 2233 2946 cum
2271 2893 2494 2948 Christo
2541 2900 2906 2947 surrexerunt
2950 2891 3112 2946 tertio
3150 2891 3238 2946 die
3265 2908 3376 2963 quo
3425 2907 3691 2948 surrexe-

2111 2983 2181 3035 rit
2224 2982 2342 3051 ipse
2368 3021 2384 3047 ,
2442 2991 2503 3036 et'
2548 2990 2920 3052 apparuerunt
2951 2981 3153 3047 multis,
3220 2992 3286 3036 ut
3330 2980 3690 3051 Era’n‘geliun

1913 3111 2009 3160 est
2031 3099 2075 3160 α
2110 3073 2356 3129 docet”.
2385 3073 2526 3140 Quin
2558 3075 2724 3129 etiam
2755 3071 3030 3144 Iosephus
3056 3071 3316 3129 Hebrmus
3363 3077 3420 3130 in
3460 3091 3599 3130 xvnt
3631 3077 3696 3130 li-

2107 3167 2207 3221 bro
2240 3165 2317 3220 De
2361 3168 2676 3238 antiquitate
2713 3165 3025 3223 Judteorum
3071 3167 3151 3223 de
3189 3165 3412 3223 Christo
3451 3169 3696 3240 [equitat

2107 3258 2175 3312 ad
2219 3257 2367 3314 hunc
2416 3260 2677 3314 modum:
2711 3257 2836 3314 Fuit
2889 3259 3071 3314 eodem
3109 3269 3336 3328 tempore
3375 3258 3567 3325 Iesus,
3620 3264 3696 3317 vir

2105 3351 2336 3420 sapiens,
2366 3353 2413 3406 si
2443 3361 2618 3406 tamen
2644 3368 2763 3407 eum
2796 3353 3062 3423 appellare
3091 3355 3259 3408 virum
3301 3353 3387 3423 [as
3419 3365 3525 3409 est.
3563 3354 3695 3408 Erat

2105 3444 2243 3497 enim
2284 3445 2612 3498 mirabilium
2663 3460 2880 3512 operum
2923 3448 3158 3516 effector,
3195 3456 3244 3500 et
3294 3446 3486 3500 doctor
3527 3449 3696 3503 homi-

2106 3551 2231 3589 num
2262 3537 2350 3605 qui
2374 3552 2492 3589 cum
2521 3536 2790 3606 voluptate
2813 3553 2928 3608 qua:
2950 3555 3072 3592 vera
3099 3547 3243 3600 sunt,
3272 3538 3692 3607 amplectuntur.

2105 3624 2183 3678 Ac
2211 3625 2404 3679 multos
2433 3625 2643 3696 quidem
2673 3635 2784 3680 tum
2808 3641 2874 3681 ex
2903 3624 3136 3693 Judwis,
3173 3637 3280 3681 tum
3307 3643 3370 3680 ex
3400 3628 3532 3682 aliis
3567 3645 3692 3698 geu-

2109 3717 2246 3770 tibus
2280 3716 2529 3787 adjunxit
2554 3718 2674 3773 sibi.
2708 3719 2811 3772 Hic
2843 3717 3255 3776 erat'CItristus.
3290 3719 3463 3786 Quem
3497 3732 3696 3776 nostra

2106 3810 2276 3880 gentis
2298 3809 2626 3880 principibus
2668 3813 3042 3866 accusantibus
3092 3830 3124 3866 a
3165 3811 3338 3866 Pilato
3371 3813 3692 3868 damnatum

2107 3900 2262 3953 στυοὶ-
2302 3900 2590 3970 aﬂixerunt‘
2629 3898 2829 3956 Iudici.
2879 3899 2992 3955 Nec
3034 3909 3205 3954 tamen
3253 3901 3344 3970 qui
3388 3917 3515 3954 eum
3551 3904 3693 3970 prius

2105 3991 2426 4056 dilexerant,
2465 3991 2767 4046 doctrinam
2798 3994 2966 4062 ipsius
2993 3993 3328 4062 promulgare
3349 3994 3690 4048 destiterunt.

2109 4082 2286 4138 Tertio
2319 4099 2543 4152 namque
2565 4092 2684 4152 post
2721 4082 2806 4137 die
2838 4098 2892 4137 se
2926 4098 3118 4137 rursus
3140 4083 3388 4137 viventem
3427 4083 3544 4138 illis
3574 4099 3694 4136 con-

2106 4177 2447 4246 spiciendum
2487 4175 2749 4245 prrebuit‘,
2801 4191 2920 4229 cum
2951 4184 3002 4229 et
3047 4175 3164 4230 lucc
3209 4184 3259 4228 et
3317 4175 3430 4228 alia
3476 4175 3546 4229 de
3585 4175 3692 4244 ipso

2106 4267 2516 4322 innumerabilia
2553 4267 2719 4320 divini
2747 4265 3013 4336 propheta:
3047 4264 3441 4335 praedixissent.

2529 4381 2607 4436 De
2643 4380 2886 4436 Ecclesia
2915 4396 2980 4436 ea:
3009 4380 3274 4452 gentibus.

2179 4492 2409 4558 Lwtare,
2465 4477 2720 4559 solitudo,
2760 4494 2965 4548 sitiens.
3034 4490 3286 4550 Exsultet
3337 4489 3600 4555 solitudo,
3650 4499 3693 4542 et

2111 4588 2299 4657 ﬂoreat
2329 4587 2484 4657 quasi
2513 4588 2708 4640 lilium.
2755 4585 2818 4640 Et
2848 4587 2964 4640 loca
2995 4583 3694 4642 desertaJordanisexsub

2115 4679 2332 4743 tabunt,
2370 4685 2420 4731 et
2456 4677 2632 4748 gloria
2659 4675 2852 4731 Libani
2880 4677 3009 4732 data
3057 4685 3132 4732 est
3158 4675 3228 4738 ei,
3275 4682 3325 4728 et
3359 4672 3532 4728 Itonor
3558 4671 3693 4728 Cu-

2115 4770 2238 4824 meli
2256 4771 2324 4824 “.
2354 4769 2478 4825 litec
2512 4785 2675 4825 sensu
2708 4769 2931 4839 quidem
2962 4782 3065 4822 nec
3096 4766 3400 4822 factasunt
3428 4780 3691 4835 unquam,

2117 4877 2294 4932 neque
2325 4863 2473 4916 ﬁent.
2510 4861 2648 4927 Quis
2668 4862 2823 4916 enim
2851 4860 3204 4916 solitudinem
3244 4870 3298 4912 et
3322 4859 3443 4913 loca
3480 4856 3690 4914 deserta

2115 4955 2318 5025 deligat
2355 4953 2421 5008 ad
2468 4952 2849 5016 habitandum,
2884 4951 2991 5005 nisi
3023 4950 3162 5006 forte
3203 4948 3554 5004 Christianos
3583 4963 3691 5002 mo-

2116 5043 2618 5101 nachos-dixeris?”
2654 5043 2866 5112 Spiritu
2903 5050 3085 5096 autem
3129 5041 3292 5112 plane
3321 5040 3687 5110 contigerunt.

2115 5137 2250 5192 Nam
2279 5137 2520 5208 gentium
2553 5134 2800 5190 Ecclesia
2839 5133 3024 5188 nullos
3068 5140 3225 5186 antea
3280 5130 3497 5185 fructus
3527 5129 3689 5184 fereno

2111 5232 2250 5285 tium
2288 5237 2408 5284 erat
2440 5227 2690 5298 quaedam
2737 5225 2904 5280 veluti
2948 5223 3213 5291 solitudo,
3270 5222 3340 5277 in'
3375 5236 3502 5292 qua
3529 5220 3687 5292 dege-

2107 5323 2242 5378 bant
2282 5321 2540 5376 vitiorum
2593 5317 2742 5374 lerat.
2791 5315 2918 5371 Haec
2967 5313 3063 5369 Dei
3118 5311 3508 5384 cognitionem
3547 5311 3687 5366 salu-

2105 5428 2324 5486 temque
2369 5412 2570 5473 sitiens
2607 5411 2829 5465 laetatur
2881 5416 2938 5463 et
2974 5407 3213 5463 exsultat
3257 5412 3313 5460 et
3344 5403 3530 5467 ﬂoret,
3583 5402 3683 5458 l’ru-

2319 5595 2368 5627 ³³
2410 5591 2556 5649 Psal.
2592 5607 2742 5656 uti,
2774 5590 2864 5644 l7.
2985 5587 3032 5619 ⁸⁵
3061 5585 3162 5640 Isa.
3191 5600 3268 5644 ix.
3306 5583 3360 5656 6.-
3472 5582 3517 5618 ⁸⁸
3549 5579 3678 5656 Psal.

2535 5665 2581 5700 ⁸⁸
2631 5651 2776 5716 Psal.
2816 5674 3005 5723 vatn,
3047 5657 3138 5712 22.
3244 5657 3288 5685 "
3331 5654 3434 5708 Isa.
3482 5667 3598 5723 uti.
3632 5651 3676 5704 7;

2399 5736 2444 5768 “
2472 5733 2661 5790 Matth.
2698 5747 2869 5800 xxvn,
2903 5719 3001 5785 53.⁷
3069 5729 3112 5760 ⁸⁸
3143 5727 3250 5783 lsa.
3277 5739 3442 5786 xxxv,
3481 5723 3532 5787 l,
3562 5719 3613 5776 2.
