3822 6462
139 323 276 378 SIBI

1560 323 2004 382 FRAGMENTA.

3267 325 3404 382 “2‘2

134 454 326 500 ctuum
370 444 780 515 pulchritudine
828 453 882 500 et
938 447 1206 502 suavitate
1251 446 1528 502 decorata.
1580 447 1714 501 Data
1750 447 2082 506 AJeremias
2136 448 2263 502 item
2317 441 2693 517 pronuntiavit
2739 443 2827 501 his
2871 444 3098 502 verbis:
3132 442 3267 498 Ecce
3315 461 3404 499 ve-

133 545 437 592 autemest
484 537 565 592 illi
603 539 778 606 gloria
828 537 1044 601 Libani,
1085 538 1189 592 hoc
1229 549 1333 601 est,
1368 539 1577 608 antiqui
1615 554 1713 607 po-

133 629 249 696 puli
282 644 445 698 quem
483 636 539 682 et
579 627 890 684 Carmelum
921 639 1103 695 vocat,
1130 629 1216 682 cui
1247 629 1419 700 gloria
1454 637 1509 683 et
1537 630 1715 682 honor

131 730 220 775 est
253 722 453 793 pietas,
493 722 684 792 religio
719 732 773 776 et
809 722 1051 775 amicitia
1085 720 1201 785 Dei,
1242 733 1291 776 et
1329 719 1518 791 gloria:
1555 719 1714 791 legis-

132 829 242 882 que
302 814 647 878 sublimitas,
707 822 760 868 et
827 813 1140 867 divinorum
1217 828 1503 867 munerum
1561 814 1715 880 copia

133 914 301 974 atque
345 909 646 975 gratiarum
697 905 1053 959 abundantia.
1089 905 1152 958 Et
1191 921 1409 959 rursum
1445 924 1456 959 :
1487 903 1715 965 Ltetare,

131 999 358 1065 sterilis,
391 1016 508 1068 quae
538 1016 641 1052 non
673 999 842 1065 paris,
873 1014 1086 1066 erumpe
1130 1010 1177 1051 et
1215 999 1417 1057 clama,
1463 1013 1579 1067 qua'
1613 1012 1717 1048 nou

129 1093 394 1158 parturis,
439 1093 689 1162 quoniam
739 1091 894 1144 multi
947 1101 1066 1144 sunt
1118 1091 1220 1160 filii
1264 1092 1430 1158 magis
1476 1090 1716 1152 desertae,

129 1200 298 1251 quatit
333 1182 574 1235 [tabentis
623 1182 792 1235 vitum
819 1182 886 1234 ⁸⁷.
926 1181 1143 1234 Sterilis
1179 1181 1324 1234 enim
1374 1189 1492 1234 erat
1533 1179 1720 1232 Eccle—

133 1274 218 1326 sia
265 1287 428 1342 quam
459 1273 832 1333 ostendimus,
867 1286 970 1325 nec
1003 1270 1146 1323 ullos
1201 1278 1330 1324 ante
1373 1267 1582 1322 ferebat
1611 1268 1722 1321 vir-

133 1375 312 1418 tutum
350 1363 586 1420 I'ructus.
627 1361 754 1417 Post
777 1372 987 1424 autem,
1026 1361 1282 1431 pietatem
1313 1368 1366 1413 ct
1401 1360 1719 1427 religionem

131 1458 407 1527 amplexa,
444 1457 739 1510 multorum
765 1455 910 1509 facta
935 1463 1020 1508 cst
1046 1454 1282 1507 ﬁliorum
1313 1461 1506 1518 mater,
1534 1449 1722 1504 Judai-

128 1565 368 1619 eamque
400 1561 738 1619 synagogam
774 1547 935 1615 cujus
973 1554 1132 1599 antea
1167 1545 1252 1599 vir
1280 1553 1396 1597 erat
1429 1542 1592 1605 Deus,
1629 1543 1721 1611 qui

126 1656 256 1694 eam
300 1641 558 1709 diligebat
596 1646 652 1693 et
698 1638 1038 1707 providentia
1094 1651 1192 1690 sua
1234 1635 1453 1690 fovebat
1494 1650 1557 1689 ac
1605 1644 1723 1688 tue-

133 1734 324 1799 batur,
358 1734 440 1786 vel
477 1733 641 1786 etiam
675 1733 779 1794 lex,
813 1731 947 1784 vicit
971 1729 1331 1786 fecunditate.
1383 1727 1626 1783 Rursum
1656 1723 1750 1782 ex'

1817 541 1968 594 uiuat
2022 539 2156 606 dies,
2196 540 2322 592 dicit
2370 537 2646 600 Dominus.
2692 546 2743 592 et
2776 537 2967 607 feriant
3008 538 3273 593 vobiscum
3309 539 3406 608 fa:-

1817 631 1916 685 dus
1960 648 2170 695 novum,
2221 649 2324 684 non
2366 629 2650 684 secundum
2694 630 2829 683 illud
2878 630 3048 699 [tellus
3095 632 3233 700 quod
3276 631 3406 685 inibi

1819 741 1937 777 cum
1975 723 2216 794 patribus
2247 724 2453 788 reatris,
2488 739 2592 792 qua
2623 722 2708 775 die
2740 739 2958 774 manum
3001 739 3182 776 eorum
3217 739 3407 792 appre-

1818 816 1976 868 hendi
2022 824 2077 868 ut
2113 814 2386 868 educerent
2433 830 2521 868 eos
2569 814 2634 866 de
2680 823 2821 867 terra
2865 811 3122 884 Egypti;
3154 815 3404 884 quoniam

1821 907 1904 960 illi
1948 907 2117 964 [trdus
2165 923 2336 960 meum
2391 924 2495 960 non
2546 906 2917 969 observarunt,
2972 914 3021 960 et
3066 922 3160 976 ego
3201 907 3405 976 neglexi

1816 1017 1906 1053 eos
1927 1000 1996 1054 ⁷³.
2029 998 2155 1053 Ilico
2186 1007 2238 1051 et
2282 999 2366 1052 his
2400 998 2604 1052 similia
2654 999 2888 1052 obscure
2920 998 3121 1051 tradita
3156 1011 3307 1058 sunt.
3339 1016 3408 1054 ne

1821 1089 2139 1145 delerentur
2171 1090 2319 1143 libri.
2354 1087 2488 1141 Nam
2530 1089 2624 1157 qui
2661 1087 2940 1142 Christum
2974 1097 3321 1157 prtesentem,
3350 1099 3409 1144 et

1822 1199 1912 1238 res
1946 1181 2302 1237 admirabiles
2343 1181 2686 1242 ellicientem,
2721 1188 2776 1234 et
2815 1180 3127 1234 certissima
3155 1181 3408 1237 divinita-

1824 1277 1894 1332 tis
1934 1291 2052 1332 sua:
2090 1276 2411 1329 atl'erentrm
2443 1273 2645 1326 indicia
2687 1280 3018 1327 contuentes
3058 1287 3167 1325 non
3221 1289 3409 1329 susce-

1824 1377 2044 1440 perunt,
2089 1369 2182 1423 sed
2223 1377 2457 1437 egerunt
2515 1366 2569 1418 in
2621 1380 2840 1420 crucem
2866 1407 2884 1431 ,
2919 1365 2976 1419 hi
3020 1365 3234 1420 scilicet
3276 1381 3408 1434 pro-

1825 1462 2028 1532 phetiis
2075 1461 2453 1529 peperrissrnt
2505 1459 2571 1513 de
2623 1459 2744 1528 ipso
2789 1458 3165 1525 loquentibus.
3221 1461 3266 1514 si
3313 1475 3410 1516 eas

1829 1553 1976 1606 nulla
2012 1558 2298 1604 ‘contectas
2351 1550 2570 1614 umbra,
2607 1549 2701 1604 sed
2731 1556 2958 1618 apertas
3003 1565 3068 1604 ac
3100 1550 3275 1606 nudas
3319 1568 3409 1605 ac—

1825 1646 2122 1713 cepissent.

1895 1735 2014 1788 .lam
2046 1749 2174 1788 vero
2199 1748 2298 1786 nos
2328 1735 2529 1788 Christi
2556 1735 2776 1788 nomine
2811 1737 3142 1805 appellatum
3171 1735 3235 1790 iri
3271 1751 3409 1804 prae-

133 1841 372 1896 persona
418 1824 512 1880 Dei
553 1833 607 1880 et
649 1825 830 1878 Patris
873 1822 1071 1877 Filium
1106 1830 1159 1878 et
1212 1821 1384 1876 Deum
1436 1821 1722 1890 alloquens
1754 1797 1796 1852 Β
1829 1827 1960 1879 dixit
1991 1825 2182 1886 Isaias.
2235 1825 2352 1890 Vos,
2389 1827 2666 1896 inquiens,
2717 1828 2862 1881 tollet
2899 1838 3186 1896 erertetque
3222 1827 3408 1880 Domi-

136 1923 223 1974 sic
270 1921 345 1974 ait
396 1917 571 1974 Isaias
606 1938 619 1972 :
652 1917 786 1970 Ecce
829 1916 947 1970 dedi
983 1927 1031 1970 te
1069 1917 1122 1969 in
1163 1914 1333 1984 fwdus
1363 1915 1619 1986 gentium,
1666 1923 1725 1965 ut

136 2024 339 2066 terram
384 2011 702 2075 constituas,
758 2008 1063 2062 solitudinis
1124 2008 1385 2075 suscipias
1438 2005 1724 2060 ha‘redita-

134 2119 244 2157 rem
268 2105 334 2166 ⁸⁸,
371 2111 424 2157 et
454 2118 572 2173 qua:
601 2109 927 2171 sequuntur.
957 2098 1111 2165 Quod
1140 2100 1304 2153 etiam
1342 2113 1437 2168 per
1463 2095 1722 2150 Davidem

136 2195 282 2249 Filio
315 2195 588 2266 pollicitus
617 2203 724 2254 est,
768 2191 832 2245 Et
855 2191 1014 2256 dabo,
1047 2189 1325 2260 inquiens,
1359 2199 1533 2258 gentes
1561 2189 1726 2241 ha're-

130 2292 361 2344 ditatem
407 2287 640 2341 luant“.
678 2288 755 2340 Ac
797 2287 915 2354 ipse
944 2285 1166 2355 quidem
1199 2282 1372 2337 David
1408 2281 1620 2336 Patrem
1658 2281 1722 2335 ad

137 2385 248 2436 hoc
278 2382 620 2444 hortabatur,
649 2377 943 2441 Constitue,
978 2377 1256 2448 inquiens,
1281 2374 1532 2438 Domine,
1570 2374 1727 2444 legis-

141 2477 369 2528 laterent
409 2489 564 2542 super
602 2489 688 2527 eos
724 2473 796 2524 ⁷⁸.
845 2472 913 2524 At
949 2470 1116 2526 Isaias
1155 2486 1220 2524 ex
1257 2469 1421 2538 hujus
1451 2468 1727 2538 legislatu-

134 2571 218 2623 ris
252 2583 484 2638 persona
513 2610 527 2632 ,
560 2565 692 2629 Lex,
729 2565 931 2634 inquit,
961 2563 1258 2633 egredietur
1293 2576 1325 2614 a
1359 2576 1439 2614 me
1473 2561 1526 2612 in
1558 2559 1726 2612 lucem

131 2663 392 2731 gentium,
417 2669 465 2714 et
487 2660 543 2711 in
577 2657 792 2710 brachio
822 2674 934 2711 meo
969 2665 1146 2727 gentes
1173 2653 1453 2724 sperabunt
1473 2653 1538 2705 τί.
1570 2655 1728 2717 Quae-

136 2767 267 2806 nam
295 2752 400 2806 alia
435 2764 518 2805 est
553 2751 660 2812 lex,
696 2759 892 2819 prmter
917 2748 1295 2816 evangelicam
1317 2786 1332 2811 ,
1369 2761 1491 2815 quae
1538 2752 1727 2814 gentes

140 2846 198 2896 in
242 2843 562 2912 ignorantia:
589 2841 830 2895 tenebris
871 2840 1196 2893 aberrantes
1223 2834 1564 2890 illustravit?
1591 2831 1726 2886 Nam

139 2936 229 2986 lex
261 2933 480 3003 quidem
508 2931 748 2985 Mosaiea
778 2930 966 2984 multis
994 2928 1106 2997 jam
1135 2927 1294 2982 annis
1327 2932 1724 2980 antecesserat.

137 3023 263 3076 .lam
295 3024 362 3077 de
400 3037 546 3075 novo
586 3020 865 3089 Evangelii
907 3024 1239 3072 testamento
1286 3031 1509 3070 rursum
1556 3014 1727 3069 Isaias

135 3123 270 3168 ante
309 3115 525 3168 locutus
552 3124 637 3167 est
669 3131 680 3166 :
709 3111 792 3164 Ea:
822 3109 977 3174 Sion,
1024 3109 1302 3179 inquiens,
1330 3106 1492 3161 exibit
1538 3107 1643 3167 lex,
1679 3115 1726 3159 et

135 3222 315 3259 sermo
349 3205 563 3258 Domini
602 3219 667 3258 ea:
706 3202 1006 3257 Jerusalem
1029 3203 1096 3254 ".
1133 3200 1416 3270 Siquidem
1456 3198 1724 3252 Dominus

138 3305 332 3353 noster
365 3294 524 3351 Jesus
550 3296 804 3349 Christus
844 3308 990 3347 nunc
1025 3293 1082 3346 in
1117 3301 1300 3346 monte
1350 3290 1486 3344 Sion
1529 3288 1726 3344 sedens

137 3397 198 3444 et
239 3387 468 3451 docens,
503 3401 652 3442 nunc
682 3387 738 3441 in
769 3387 993 3442 civitate
1021 3383 1326 3440 Jerusalem
1360 3395 1611 3444 versans,
1657 3379 1728 3434 le-

136 3497 265 3552 gem
327 3488 382 3537 et
431 3480 740 3535 doctrinam
795 3479 1167 3548 evangelicum
1227 3473 1473 3528 tradidit.
1540 3471 1728 3542 Neque

138 3573 294 3627 enim
319 3573 389 3628 de
423 3571 659 3626 Mosaica
691 3572 808 3641 lege
853 3569 1119 3639 propheta
1148 3580 1295 3622 nunc
1323 3565 1591 3633 loquitur.
1622 3563 1726 3628 Qui

139 3666 292 3720 enim
331 3665 387 3719 id
421 3664 538 3720 ﬁeri
586 3663 792 3735 queat?
830 3675 956 3717 cum
1007 3673 1072 3716 ea
1127 3675 1237 3715 non
1274 3660 1328 3714 in
1362 3659 1492 3713 Sion
1544 3673 1643 3712 nec
1674 3657 1729 3710 in

136 3759 474 3825 Jerusalem,
519 3760 614 3813 sed
652 3756 706 3810 in
760 3763 944 3812 monte
989 3754 1119 3808 Sina
1172 3754 1336 3809 fuerit
1385 3753 1514 3816 lata,
1559 3751 1731 3805 multo

142 3859 443 3921 antequam
472 3857 636 3904 natus
666 3859 812 3904 esset
843 3847 1013 3903 Isaias
1032 3889 1047 3912 ,
1076 3843 1535 3916 quemadmodum
1565 3856 1732 3897 evan-

143 3945 323 4013 gelica
363 3941 536 3996 multo
562 3950 687 4012 post
733 3942 910 4010 ipsum
957 3937 1153 3993 Isaiam
1207 3945 1452 4005 tempore
1483 3933 1731 4004 promul-

142 4046 272 4104 gata
305 4035 448 4089 fuit?
470 4033 814 4104 Quapropter
855 4032 1102 4102 apposite
1130 4030 1290 4094 dixit,
1349 4027 1549 4080 Exibit.
1582 4026 1733 4092 Quo-

144 4130 298 4182 niam
330 4129 554 4198 antiqua
594 4127 682 4182 lex
710 4127 822 4196 jam
872 4125 1105 4180 exierat.
1151 4120 1263 4176 Hoc
1295 4129 1473 4174 autem
1517 4125 1732 4186 tempus

1827 1936 1946 1973 nus.
2001 1918 2122 1972 Illis
2164 1928 2340 1972 autem
2396 1919 2483 1987 qui
2521 1920 2743 1972 servient
2795 1922 2944 1982 milii,
2995 1937 3182 1973 novum
3224 1935 3410 1973 nomen

1826 2013 2092 2076 imponet,
2155 2009 2292 2078 quod
2353 2010 2407 2062 in
2458 2011 2703 2063 universa
2771 2021 2918 2063 terra
2973 2007 3406 2063 Celebrabitur".

1827 2101 2083 2172 Idemque
2132 2119 2344 2165 rursus,
2403 2100 2685 2163 Videbunt,
2723 2100 2924 2170 inquit,
2962 2111 3137 2171 gentes
3183 2101 3410 2171 gloriam

1828 2206 1996 2256 ruant,
2033 2205 2080 2248 et
2123 2211 2300 2249 omnes
2331 2209 2473 2264 reges
2493 2193 2788 2262 justitiam.
2833 2189 2901 2245 Et
2933 2192 3412 2247 vocabiturnomeu

1827 2301 2038 2350 norum,
2095 2287 2233 2356 quod
2299 2288 2410 2351 ipse
2475 2285 2733 2338 Dominus
2779 2285 3144 2354 pronuntiabit
3166 2285 3234 2338 ⁷⁵.
3296 2281 3413 2338 Hoc

1827 2379 2166 2434 Oseasitem
2199 2381 2471 2450 prmdixit,
2516 2377 2583 2432 Et
2606 2382 2729 2446 erit,
2773 2379 3054 2450 inquiens,
3103 2380 3156 2432 in
3185 2379 3414 2432 novissi-

1828 2470 1925 2521 mis
1983 2471 2300 2535 temporibus
2363 2486 2551 2522 nomen
2605 2469 2720 2538 ejus
2773 2469 2979 2522 illustre
3040 2471 3093 2522 in
3159 2472 3404 2524 universa

1829 2572 1990 2615 terra.
2043 2561 2108 2614 Et
2149 2563 2358 2614 nomine
2389 2561 2535 2614 illius
2569 2561 2724 2614 multi
2751 2562 2933 2630 populi
2980 2561 3410 2628 appellabuntur.

1828 2653 1896 2705 Et
1931 2655 2075 2706 ibunt
2109 2655 2164 2707 in
2201 2655 2299 2707 viis
2329 2653 2464 2722 ejus,
2493 2664 2540 2706 et
2573 2655 2736 2707 vivent
2765 2655 2820 2706 in
2858 2655 2984 2721 ipsis
3008 2653 3077 2706 ".

2473 2742 2752 2811 Ejusdem.
3119 2727 3123 2730 ”

1902 2834 1966 2888 Et
2001 2837 2054 2887 in
2105 2843 2153 2888 te
2212 2834 2589 2903 precabantur.
2635 2836 2901 2900 Quoniam
2956 2837 3011 2888 in
3058 2845 3106 2889 te
3153 2835 3413 2890 Dominus

1827 2936 1924 2979 est.
1971 2925 2036 2978 Et
2086 2944 2188 2980 non
2226 2939 2303 2981 est
2348 2926 2491 2980 Deus
2543 2938 2737 2995 pra’tcr
2779 2938 2846 2981 te.
2893 2926 2962 2980 Et
3018 2944 3121 2980 non
3171 2929 3416 2998 cognovi-

1829 3036 1945 3072 mus
1966 3021 2030 3073 ⁷⁷.
2065 3018 2202 3073 Illud
2234 3030 2282 3073 et
2321 3021 2678 3088 precabantur
2710 3021 2762 3072 in
2800 3032 2868 3081 te,
2900 3021 3287 3090 prmsignilicat
3319 3036 3416 3076 eos

1757 3140 1799 3198 ρ
1833 3113 1927 3180 qui
1981 3113 2338 3166 crediderunt
2387 3112 2441 3165 in
2485 3110 2786 3167 Christum.
2844 3111 2976 3165 Illud
3024 3121 3232 3174 autem,
3269 3112 3416 3176 Quo-

1833 3204 1978 3256 niam
2025 3203 2160 3255 inte
2211 3201 2350 3256 Deus
2375 3211 2474 3266 est,
2521 3203 2573 3255 in
2617 3218 2785 3256 carne
2820 3211 3102 3271 assumpta
3145 3217 3417 3272 praemon-

1833 3302 1972 3348 strat
1995 3293 2358 3347 divinitatem.
2387 3293 2456 3346 At
2492 3294 2647 3357 illud,
2685 3293 2762 3347 Tu
2793 3296 2928 3348 enim
2959 3311 3012 3348 es
3041 3294 3199 3360 Deus,
3231 3303 3280 3347 et
3315 3310 3417 3347 non

1833 3386 2204 3454 cognovimus,
2270 3385 2686 3440 excusationem
2739 3386 2944 3440 indicat
2991 3386 3304 3441 Judazorum
3360 3387 3418 3442 in

1830 3477 2044 3547 judicio
2074 3477 2283 3539 futuro,
2318 3493 2442 3547 quae
2474 3479 2640 3531 stulta
2673 3488 2840 3548 atque
2869 3479 3052 3534 inanis
3079 3479 3203 3534 erit.

1906 3565 1964 3620 Si
2005 3565 2266 3621 Christus
2317 3567 2583 3635 impostor
2619 3567 2742 3628 fuit,
2788 3569 3066 3637 quomodo
3113 3583 3236 3639 quae
3276 3583 3419 3639 prae-

1836 3661 1996 3724 dixit,
2045 3668 2244 3715 eventu
2278 3661 2634 3730 comprobata
2688 3669 2818 3716 sunt
2851 3663 3080 3717 omnia?
3121 3663 3268 3718 Utea
3300 3679 3421 3733 qua:

1837 3751 1905 3804 ad
1955 3750 2139 3819 templi
2186 3750 2644 3816 destructionem,
2678 3768 2800 3822 qua:
2845 3753 2912 3807 ad
2954 3755 3230 3809 civitatem
3269 3753 3423 3809 Jero-

1840 3841 2176 3911 solymorum
2210 3841 2630 3910 expugnandam
2664 3844 3122 3913 everterulamqnc
3145 3854 3198 3899 et
3229 3846 3294 3899 ad
3338 3847 3422 3899 in-

1840 3931 2210 3984 ternecionem
2236 3928 2570 3993 Iudaeorum,
2598 3947 2827 4001 quaeque
2852 3934 2918 3986 ad
2943 3936 3244 4004 discipulos
3265 3951 3421 4000 Suos,

1839 4033 1894 4079 et
1930 4023 1996 4077 ad
2048 4039 2136 4078 res
2185 4022 2540 4077 admirandas
2574 4037 2714 4092 quas
2752 4026 2808 4078 in
2860 4029 3082 4082 nomine
3119 4044 3220 4083 suo
3263 4036 3425 4083 erant

1843 4118 2069 4177 facturi,
2106 4117 2436 4186 pertinentia
2467 4118 2855 4187 praenuntiavit
2877 4119 2902 4171 ?

1410 4256 1558 4312 Idem
1587 4256 1668 4310 tit.
1701 4256 1756 4321 9,
1799 4271 1919 4324 pag.
1957 4253 2025 4306 50
2053 4269 2160 4321 seq.

726 4404 810 4457 Ea:
846 4405 981 4457 libro
1009 4402 1098 4471 qui
1133 4401 1416 4454 GREGUBIO
1445 4396 1638 4469 Nysaee
1671 4395 1910 4466 pontiﬁci
1942 4392 2250 4456 ascribitur,
2286 4391 2360 4444 De
2392 4392 2712 4462 cognitione
2742 4389 2853 4448 Dei.

227 4543 296 4598 Et
327 4545 570 4606 tenebra',
599 4543 776 4612 inquit
807 4541 1008 4603 Moses.
1038 4553 1190 4596 erant
1224 4559 1379 4610 super
1401 4540 1732 4612 abyssum",
1773 4544 1813 4596 ι)
1844 4540 2161 4596 struuntur,
2209 4531 2429 4586 evenire
2487 4533 2796 4588 consuevit.
2857 4535 2926 4587 At
2985 4535 3180 4593 harant
3225 4539 3430 4596 divisio

151 4635 237 4692 Ex
290 4652 399 4706 quo
448 4635 722 4690 malitiose
765 4634 856 4689 isti
905 4635 1303 4689 ratiocinantes
1350 4634 1540 4688 dicunt
1590 4642 1741 4686 tene-

150 4731 291 4784 bras
311 4726 504 4792 fuisse,
535 4744 768 4797 quarmn
795 4726 1042 4782 ell‘ectrix
1067 4743 1228 4782 causa
1257 4728 1330 4782 sit
1351 4729 1550 4781 malum
1582 4728 1738 4797 prin-

142 4823 388 4892 1ripium.
425 4819 653 4888 Deinde,
689 4822 758 4873 Et
779 4821 957 4874 divisit
981 4817 1123 4874 Deus
1159 4822 1294 4875 inter
1329 4821 1501 4875 lucem
1525 4831 1743 4875 et.tcne—

152 4913 284 4966 bras
305 4914 371 4964 '”.
427 4911 483 4965 Si
525 4912 616 4965 lux
663 4921 766 4975 est,
805 4922 858 4965 et
891 4914 1132 4968 tenebrae
1176 4922 1325 4978 sunt,
1369 4929 1510 4984 quas
1551 4929 1581 4966 a
1618 4917 1740 4968 luce

150 5005 444 5074 sejunctas
493 5002 774 5073 intelligis.
835 5001 960 5057 “180
1001 5003 1330 5059 tenebricosi
1380 5004 1496 5071 isti,
1530 5004 1625 5075 qui
1682 5004 1736 5058 in

154 5098 282 5150 fuce
315 5094 638 5149 catcutiunt.
683 5093 794 5148 Nos
841 5103 1024 5149 autem
1057 5095 1296 5150 dicimus
1335 5096 1592 5152 tenebras
1625 5113 1736 5151 non

151 5201 281 5241 esse
329 5194 580 5239 naturam
621 5187 812 5250 ullam,
864 5186 957 5241 sed
992 5188 1274 5252 accidens,
1324 5197 1379 5243 et
1412 5189 1548 5242 nihil
1592 5189 1737 5243 aliud

152 5273 270 5328 nisi
293 5273 438 5328 lucis
464 5274 793 5329 absentiam.
827 5275 1038 5331 Etenim
1066 5293 1191 5331 cum
1229 5280 1428 5333 cmlum
1463 5280 1622 5334 initio
1657 5281 1741 5334 in-

152 5367 476 5419 volveretur
508 5381 697 5419 eorum
729 5382 849 5436 qua:
877 5368 1084 5422 circum
1125 5379 1282 5422 erant
1314 5371 1553 5439 objectu,
1590 5379 1742 5426 tene-

153 5454 274 5509 brat
308 5451 662 5509 exstiterunt.
705 5454 858 5521 Quod
891 5456 1053 5511 etiam
1103 5473 1252 5511 nunc
1291 5457 1346 5510 in
1397 5457 1465 5510 iis
1495 5473 1617 5528 qua:
1647 5461 1748 5514 ob-

235 5636 277 5666 ⁸⁷
307 5637 414 5689 Isa.
448 5651 558 5700 Liv,
590 5637 640 5691 I.
747 5636 793 5667 ⁸⁸
824 5639 927 5692 Isa.
971 5652 1094 5699 ιιι,
1143 5639 1196 5690 6.

159 5707 214 5737 ’³
240 5706 439 5759 Jercm.
471 5723 622 5766 uxr.
667 5707 755 5767 51,
792 5708 880 5760 52.

157 5792 290 5839 xu,
326 5777 414 5840 14,
447 5777 533 5832 15.
609 5779 658 5809 ⁷³
678 5778 811 5832 Gen.
841 5794 879 5846 ι,
927 5778 984 5834 2.
1045 5780 1087 5813 ⁷³
1119 5780 1248 5834 ibid.
1285 5781 1337 5834 ι.

1311 5638 1354 5670 ⁸⁵
1389 5638 1533 5694 Psal.
1575 5658 1634 5708 II,
1668 5643 1722 5697 8.

1827 5644 1873 5674 "°
1921 5641 2064 5697 Psnl.
2109 5660 2188 5706 nt,
2233 5645 2325 5698 21.

958 5711 1002 5739 ⁷⁸
1044 5709 1149 5783 Isa.
1181 5724 1313 5783 μιν,
1354 5711 1442 5776 15,
1482 5713 1567 5776 16,
1627 5731 1737 5769 sec.
1781 5711 1942 5767 LXX.
1982 5716 2026 5745 ⁷⁵
2061 5715 2160 5771 Isa.
2201 5731 2336 5783 LXII,
2366 5717 2423 5774 ‘2.

1848 4632 1930 4676 est
1974 4621 2210 4691 spatium
2266 4621 2420 4688 illud,
2461 4623 2604 4692 quod
2643 4624 2784 4678 lucis
2821 4626 3068 4682 absentia
3105 4629 3423 4688 demetitur.

1844 4717 1974 4783 Quae
2022 4717 2244 4787 quidem
2274 4717 2417 4773 lucis
2463 4719 2712 4774 absentia
2748 4728 2801 4774 et
2836 4723 3066 4791 privatio
3091 4737 3176 4778 est
3213 4726 3430 4782 habitus

1841 4809 2249 4879 quodammodo
2284 4821 2338 4862 et
2379 4811 2618 4864 essentia
2667 4811 3038 4868 tenebrarum.
3087 4813 3428 4886 Principium

1843 4910 2025 4955 autem
2053 4903 2270 4968 gnatum
2318 4919 2425 4956 non
2470 4912 2574 4958 est.
2616 4903 2751 4958 Nam
2790 4908 2835 4960 si
2869 4907 3010 4964 Deus
3050 4919 3156 4975 est,
3199 4928 3305 4965 non
3339 4921 3427 4968 est

1842 4993 2071 5058 malum,
2106 4994 2209 5048 hoc
2245 5001 2352 5056 est,
2384 4994 2526 5050 Deus
2561 4998 2742 5052 nialns
2766 5009 2874 5052 non
2902 5009 3004 5055 est.
3039 4997 3174 5055 Nam
3209 5003 3252 5057 si
3285 5003 3428 5059 Deus

1843 5093 1952 5148 cst,
2006 5101 2113 5139 non
2155 5095 2238 5140 est
2278 5091 2475 5151 malus,
2527 5103 2656 5142 cum
2711 5091 2974 5144 bonitatis
3013 5093 3084 5147 sit
3130 5093 3254 5149 l'ons
3290 5107 3303 5148 :
3340 5097 3428 5150 sin

1845 5172 2044 5247 malus.
2093 5201 2202 5239 non
2235 5196 2320 5240 est
2367 5185 2526 5241 Deus.
2565 5187 2856 5252 Quomodo
2893 5190 3041 5244 enim
3092 5191 3233 5248 Deus
3271 5193 3430 5247 inali-

1846 5275 1942 5340 tia,
1989 5285 2084 5329 aut
2127 5286 2406 5346 peccatum
2456 5294 2578 5333 esse
2630 5282 2848 5350 potest?
2895 5281 3031 5345 Quae
3083 5282 3325 5352 quidem,
3382 5286 3429 5342 si

1851 5366 1997 5423 Deus
2031 5378 2135 5434 est,
2170 5370 2352 5422 omnia
2383 5382 2616 5440 pereunt
2655 5380 2710 5426 et
2737 5380 3080 5428 evertuntur.

2425 5647 2468 5677 '”
2509 5646 2612 5700 Isa.
2665 5660 2738 5708 LI,
2794 5644 2846 5706 4,
2883 5647 2936 5699 5.
3038 5646 3084 5677 ⁷¹
3129 5645 3232 5700 Isa.
3281 5661 3340 5708 ιι,
3375 5645 3429 5702 5.

2506 5721 2551 5757 ’³⁸⁵
2583 5719 2722 5773 Osee
2756 5735 2790 5782 ι,
2841 5732 2900 5782 ιι,
2946 5719 3171 5788 passim.
3249 5718 3291 5750 ⁷⁷
3320 5718 3431 5773 Isa.
