3822 6396
419 284 559 342 «ηδ

1033 397 1116 451 Ex
1145 399 1348 456 eodem.

486 515 736 582 Quonam
757 520 917 583 pacto
940 511 1049 566 duo
1074 520 1301 581 possunt
1329 526 1451 564 esse
1473 506 1760 579 principia,
1787 509 1988 560 bonum

418 621 612 668 unum,
669 605 902 656 alterum
949 601 1190 656 malum?
1240 601 1446 654 Bonum
1499 598 1644 652 enim
1689 604 1745 650 et
1786 598 1988 648 malum

414 696 701 749 contraria
743 704 892 759 sunt,
943 710 1110 764 seque
1143 693 1382 748 vicissim
1416 691 1760 752 interimunt,
1803 696 1858 742 et
1891 701 1990 741 ne-

416 798 626 858 queunt
667 791 826 844 simul
862 790 1186 844 consistere.
1225 786 1412 852 Quare
1445 794 1540 839 aut
1583 785 1640 838 in
1686 790 1840 852 parte
1869 781 1991 834 uni-

420 881 706 936 versitatis
741 881 973 936 alterum
1014 878 1141 943 erit,
1174 885 1228 932 et
1271 877 1339 931 ab
1378 890 1438 930 ea
1475 871 1989 934 circumscribctur,

420 981 516 1027 aut
571 988 695 1028 sese
740 973 1061 1040 contingent
1102 977 1402 1037 mutuoque
1447 973 1803 1034 corrumpent
1832 1005 1846 1029 ,
1897 969 1991 1016 aut

419 1064 563 1118 inter
598 1065 688 1117 illa
726 1063 964 1118 medium
994 1061 1213 1129 aliquod
1244 1058 1567 1122 intercedet,
1597 1066 1763 1125 atque
1788 1056 1861 1108 ita
1885 1055 1991 1108 tria

415 1159 529 1226 jam
584 1165 750 1211 erunt
790 1155 1081 1226 principia.
1130 1153 1398 1206 Praeterea
1449 1159 1542 1204 aut
1570 1165 1703 1219 pace
1743 1155 1987 1210 utentur,

419 1249 566 1318 quod
624 1249 826 1301 malum
881 1263 988 1300 non
1055 1251 1392 1316 potestzaut
1445 1242 1783 1313 pugnabunt,
1845 1238 1991 1309 quod

421 1341 623 1394 bonum
659 1346 895 1393 recusat.
931 1337 1064 1391 Nam
1095 1337 1226 1390 illud
1267 1335 1485 1405 quidem
1537 1334 1584 1388 si
1619 1340 1806 1387 utatur
1836 1345 1988 1400 pace,

420 1447 529 1483 non
557 1432 661 1483 erit
705 1428 1322 1494 bonum.Quamobrem
1368 1441 1475 1479 non
1522 1432 1652 1480 sunt
1694 1423 1802 1478 duo
1836 1423 1990 1492 prin-

418 1522 582 1589 cipia,
616 1519 915 1588 praesertim
941 1520 1080 1571 inter
1113 1531 1170 1570 se
1193 1516 1471 1569 contraria
1503 1522 1557 1569 et
1579 1513 1987 1573 inimicissima,

420 1612 516 1665 sed
571 1627 762 1673 unum,
795 1609 974 1678 'idque
1020 1607 1244 1661 bonum.
1303 1606 1503 1660 Malum
1561 1608 1708 1662 enim
1757 1623 1866 1662 non
1908 1615 1994 1661 est

420 1705 774 1775 principium,
809 1705 903 1758 sed
933 1704 1171 1775 privatio
1193 1712 1248 1758 et
1275 1703 1502 1758 amissio
1529 1702 1682 1758 boni.

1045 1817 1129 1872 Ex
1167 1817 1369 1872 eodem.

493 1937 551 1992 Si
580 1937 688 1992 duo
735 1945 863 1993 sunt
892 1934 1002 2002 dei,
1044 1935 1223 1990 bonus
1259 1934 1479 2005 quidem
1525 1949 1690 1998 unus,
1729 1932 1864 1987 alter
1893 1946 1994 1985 au-

421 2040 532 2086 tem
571 2031 748 2085 malus
787 2049 800 2084 :
832 2028 981 2083 aliud
1029 2027 1306 2082 habebunt
1334 2025 1688 2096 principium.
1739 2021 1997 2075 Binarius

419 2123 566 2178 enim
620 2137 881 2177 numerus
927 2135 1035 2174 non
1083 2126 1262 2190 potest
1306 2134 1432 2174 esse
1479 2116 1836 2187 principium,
1873 2128 1996 2168 cum

424 2216 539 2284 ipse
581 2216 648 2267 ah
705 2213 912 2267 unitate
959 2211 1229 2282 principio
1282 2210 1683 2280 proliciscatur.
1737 2207 1892 2272 Quod
1949 2206 1997 2261 si

423 2306 754 2377 principium
804 2320 911 2358 non
963 2312 1109 2366 sunt,
1161 2320 1228 2358 ne
1272 2302 1357 2356 dei
1395 2301 1614 2372 quidem
1671 2307 1832 2354 erunt
1881 2314 2000 2352 om-

423 2400 576 2453 nino.
628 2398 898 2465 Quoniam
948 2397 1112 2468 igitur
1161 2395 1346 2449 unitas
1396 2405 1480 2449 est
1526 2409 1705 2448 rerum
1751 2393 1998 2446 omnium

422 2491 778 2561 principium,
804 2506 946 2544 unus
979 2490 1168 2560 utique
1195 2495 1250 2544 et
1282 2488 1427 2542 Deus
1455 2493 1542 2542 est
1572 2501 1753 2541 rerum
1782 2494 1995 2549 auctor,

419 2591 474 2636 et
501 2581 723 2637 eﬁector
745 2583 1010 2636 omnium.

1049 2691 1132 2745 Ex
1163 2691 1362 2746 eodem.

496 2815 551 2868 Si
579 2815 776 2868 bonum
815 2827 910 2883 per
938 2826 998 2865 se
1025 2820 1128 2872 est,
1165 2811 1368 2865 malum
1403 2823 1512 2864 non
1553 2818 1656 2864 est.
1693 2807 1752 2861 Si
1794 2807 1995 2862 malum

420 2923 517 2979 per
549 2922 609 2960 se
649 2916 754 2968 est,
790 2920 898 2958 non
929 2912 1012 2958 est
1056 2903 1281 2957 bonum.
1311 2900 1438 2956 Haec
1482 2908 1566 2955 est
1595 2901 1740 2955 enim
1777 2909 1998 2953 contra-

420 3013 632 3053 norum
706 2997 884 3051 medio
937 2998 1238 3051 carentium
1302 2993 1444 3047 ratio
1503 3002 1668 3063 atque
1729 2991 1996 3046 conditio.

422 3091 617 3157 Qualia
658 3097 785 3144 sunt
833 3089 1087 3143 valetudo
1132 3095 1187 3141 et
1244 3085 1530 3158 aegritudo,
1561 3086 1671 3140 vita
1723 3096 1776 3140 et
1821 3101 1990 3139 mors.
2022 3072 2064 3130 (ἶ

421 3182 539 3235 Non
571 3181 735 3249 igitur
769 3178 910 3233 Deus
945 3180 1144 3233 malus.

1054 3311 1138 3365 Ex
1169 3313 1368 3367 eodem.

495 3427 640 3481 Deus
673 3427 851 3481 bonus
881 3427 1124 3481 essentia
1153 3435 1206 3480 ct
1235 3435 1430 3481 natura
1463 3427 1762 3480 bonitatem
1808 3426 1994 3490 habet,

424 3519 604 3572 malus
639 3517 903 3571 bonitatis
935 3517 1294 3585 privationem
1337 3527 1393 3570 ut
1440 3517 1682 3570 habitmn
1711 3517 1994 3572 obtinebit.

423 3611 711 3676 Quomodo
743 3617 922 3662 autem
963 3607 1145 3672 'Deus,
1190 3609 1281 3677 qui
1323 3623 1390 3662 eo
1442 3618 1649 3662 tantum
1698 3619 1804 3674 est,
1853 3609 1998 3678 quod

421 3701 628 3768 deﬁcit,
669 3710 841 3764 caret,
879 3715 990 3754 non
1019 3701 1354 3769 assequitur,
1394 3709 1448 3754 et
1476 3716 1582 3755 non
1606 3703 1728 3758 est?

1020 3835 1103 3885 Ea:
1135 3831 1336 3886 eodem.

496 3945 555 4000 Si
592 3946 722 4008 duo,
757 3954 851 4000 aut
882 3953 994 4001 tres
1039 3947 1292 4016 pluresve
1322 3954 1507 4002 essent
1540 3947 1650 4012 dei,
1687 3963 1812 4003 cum
1849 3948 2000 4004 aliud

423 4039 530 4093 alio
571 4039 732 4093 modo
758 4049 811 4094 et
853 4039 1070 4095 diversa
1120 4041 1334 4097 ratione
1368 4052 1622 4112 ageretur
1653 4050 1708 4098 et
1746 4058 1998 4099 movere-

421 4142 535 4197 tur,
563 4133 800 4188 mundus
823 4133 938 4203 jam
971 4133 1182 4203 pridem
1210 4134 1600 4193 intercidisset.
1630 4136 1788 4192 Nunc
1813 4146 2000 4192 autem

421 4241 548 4280 cum
602 4226 785 4279 omnia
827 4226 1040 4282 ratione
1085 4237 1236 4283 certa
1285 4236 1340 4284 et
1387 4230 1569 4286 stabili
1620 4246 1839 4302 semper
1889 4247 2001 4286 mo-

422 4327 657 4372 veantur
686 4326 740 4372 et
776 4318 1159 4388 disponantur,
1197 4320 1355 4376 ﬁrma
1383 4321 1496 4377 ham
1524 4334 1700 4394 ,atque
1739 4332 2000 4395 perpetua

1637 277 1696 330 S.
1737 273 2064 332 GREGORII
2105 271 2399 327 NYSSEM

3545 269 3682 325 H’u

2719 383 2802 436 Ea:
2844 383 3042 438 eodem.

2164 479 2221 531 Si
2259 478 2522 532 mundum
2551 477 2697 530 hunc
2723 478 2928 531 bonum
2960 489 3084 530 esse
3109 473 3477 537 conﬁtemini,
3506 471 3680 528 Deum

2091 579 2274 624 autem
2307 579 2360 623 et
2410 568 2624 622 Patrem
2663 568 2866 620 malum
2900 581 3008 621 non
3058 567 3288 637 hujusce
3323 565 3519 619 mundi
3554 562 3682 617 etre-

2091 670 2333 727 ctorem;
2362 663 2466 714 erit
2495 661 2684 729 utique
2722 657 2959 712 mundus
2990 658 3127 712 alter
3150 658 3328 712 malus
3366 672 3398 710 a
3441 657 3549 711 deo
3587 656 3706 709 illo‘

2091 752 2380 807 confectus
2406 752 2569 803 malo.
2599 751 2763 818 Atqui
2796 748 3034 804 mundus
3067 749 3378 804 istiusmodi
3413 763 3528 800 non
3553 759 3633 800 est
3663 766 3675 799 :

2091 858 2160 898 ne
2196 842 2342 897 Deus
2386 843 2554 911 igitur
2583 843 2802 910 quidem
2846 843 3047 895 malus.
3100 841 3232 894 [Nam
3280 840 3423 895 Deus
3473 840 3679 909 princi-

2092 937 2242 1006 pium
2269 944 2374 995 est.
2404 935 2767 1005 eﬁ'ectrixque
2798 951 2987 989 causa.
3025 934 3204 1000 Quare
3230 949 3354 987 cum
3385 949 3498 986 non
3534 931 3678 986 exsi-

2091 1039 2241 1085 stant
2275 1045 2395 1099 qua!
2434 1045 2464 1082 a
2513 1029 2783 1098 principio
2818 1029 3011 1082 eﬂ‘ecta
3045 1036 3101 1080 et
3152 1027 3376 1080 condita
3433 1027 3572 1085 sint,
3609 1041 3678 1078 ne

2092 1123 2425 1194 principium
2458 1121 2675 1192 quidem
2707 1130 2813 1187 est,
2842 1137 2943 1176 nec
2983 1119 3128 1176 Deus
3165 1122 3331 1190 igitur
3356 1119 3566 1172 malus.

2713 1235 2798 1290 Ex
2846 1236 3048 1291 eodem.

2165 1350 2407 1416 Veteris,
2467 1351 2752 1422 inquiunt,
2800 1348 3140 1405 Testamenti
3187 1348 3330 1404 Deus
3358 1365 3470 1402 non
3502 1364 3569 1402 ea
3590 1359 3676 1402 est

2095 1443 2447 1512 providentia
2503 1453 2557 1497 et
2615 1443 2847 1496 scientia
2882 1458 3002 1509 qua:
3037 1443 3216 1494 omnia
3247 1443 3675 1510 complectatur.

2095 1534 2399 1603 lnterrogat
2456 1535 2601 1588 enim
2637 1533 2834 1595 Adam,
2895 1531 3016 1596 Ubi,
3076 1533 3352 1601 inquiens,
3394 1548 3448 1585 es
3479 1532 3572 1581 ὀἳ
3610 1528 3676 1583 Et

2093 1627 2250 1692 Cain,
2291 1626 2390 1680 Ubi
2417 1637 2518 1690 est,
2567 1627 2845 1696 inquiens,
2880 1627 3048 1694 frater
3087 1635 3204 1679 tuus
3248 1625 3335 1678 “1'
3385 1624 3451 1677 Et
3500 1624 3679 1677 Abra-

2025 1731 2071 1788 Β
2102 1720 2247 1785 ham,
2282 1717 2381 1773 Ubi
2412 1729 2512 1784 est,
2553 1719 2834 1789 inquiens,
2864 1718 3007 1774 Sara
3037 1735 3172 1772 uxor
3208 1727 3301 1771 tua
3327 1719 3370 1749 ⁸³
3397 1718 3421 1770 ?
3460 1716 3530 1769 Et
3566 1719 3676 1770 alia

2100 1815 2271 1866 multa
2339 1812 2406 1866 ad
2472 1813 2723 1867 euuuiem
2777 1812 3024 1867 modum.
3089 1811 3185 1866 His
3245 1809 3676 1881 respondemus,

2099 1904 2370 1972 ejusmodi
2425 1904 2764 1974 interrogata
2802 1921 2910 1958 non
2951 1905 3020 1958 ab
3075 1904 3406 1973 ignorantia.
3443 1901 3543 1956 sed
3579 1916 3680 1970 po-

2101 1998 2210 2051 tius
2258 2012 2288 2050 a
2341 1996 2657 2067 cognitione
2713 1996 3021 2066 proﬁcisci.
3085 1995 3203 2050 Nisi
3264 1996 3411 2050 enim
3464 2009 3680 2064 cogno-

2101 2090 2269 2145 visset
2303 2098 2356 2144 et
2385 2091 2556 2144 Adam
2588 2100 2641 2144 et
2681 2089 2816 2144 Cain
2853 2104 3140 2159 peccasse,
3172 2104 3284 2143 non
3332 2103 3432 2144 eos
3489 2087 3680 2142 conti-

2100 2197 2210 2236 nuo
2253 2181 2678 2252 interrogasset.
2737 2181 3076 2252 Cognovisse
3113 2190 3320 2246 autem,
3356 2196 3423 2234 ex
3455 2180 3527 2234 iis
3556 2194 3681 2249 qua:

2100 2283 2412 2345 sequuntur
2471 2274 2826 2344 perspicuum
2891 2280 2996 2328 est.
3059 2271 3152 2326 Sic
3195 2272 3340 2326 enim
3369 2271 3682 2340 alloquitur

2100 2369 2271 2423 Adam
2329 2367 2484 2436 prius
2524 2382 2688 2437 quam
2739 2367 2831 2422 ille
2878 2382 2939 2422 se
2995 2365 3303 2421 comedisse
3362 2363 3675 2419 fateretur:

2105 2461 2297 2532 Ecquis
2328 2459 2584 2514 indicavit
2617 2460 2715 2512 tibi
2743 2469 2790 2513 te
2820 2461 3020 2512 nudum
3054 2474 3184 2519 esse.
3227 2458 3331 2511 nisi
3379 2462 3522 2527 quod
3549 2473 3578 2510 e
3611 2457 3681 2508 li-

2099 2570 2199 2626 gno
2245 2554 2308 2606 de
2337 2569 2440 2622 quo
2488 2551 2601 2606 solo
2629 2552 2856 2621 pra'cepi
2907 2552 3002 2604 tibi
3053 2568 3115 2606 ne
3147 2550 3463 2614 comedam,
3496 2567 3679 2603 come-

2098 2647 2228 2700 disti
2276 2646 2362 2700 "?
2409 2644 2542 2700 Cain
2583 2659 2736 2708 vero,
2773 2643 2865 2714 qui
2888 2644 3195 2699 conabatur
3212 2644 3406 2712 etipse
3428 2643 3679 2704 latitare,

2099 2739 2392 2810 compellat
2459 2738 2547 2794 his
2595 2737 2823 2794 verbis:
2891 2737 3003 2792 Vox
3045 2737 3317 2804 sanguinis
3370 2735 3567 2805 fratris
3598 2736 3680 2786 tui

2099 2836 2296 2886 clamat
2369 2831 2438 2884 ad
2509 2847 2588 2884 me
2636 2830 2703 2882 “.
2773 2828 2899 2884 Hmc
2966 2843 3077 2884 non
3147 2827 3450 2898 ignorantis
3515 2836 3678 2886 sunt.

2101 2926 2195 2982 sed
2226 2929 2386 2996 plane
2409 2932 2464 2979 et
2495 2923 2788 2993 perspicue
2819 2921 3231 2992 cognoscentis,
3262 2920 3354 2989 qui
3391 2934 3456 2973 ea
3484 2921 3680 2988 specie

2103 3015 2551 3088 interrOgationis
2587 3013 2704 3068 vult
2754 3014 2823 3068 iis
2865 3013 2961 3082 qui
3007 3019 3390 3082 peccaverant,
3441 3025 3681 3079 persua-

2097 3112 2225 3164 dere
2260 3119 2316 3162 ut
2365 3107 2724 3176 resipiscant,
2758 3120 2884 3158 cum
2916 3119 2977 3159 se
3008 3103 3385 3172 deprehensos
3416 3101 3682 3156 animad-

2100 3208 2332 3256 vertant.
2370 3196 2444 3251 Ea
2479 3199 2608 3252 item
2667 3195 2833 3251 verba
2864 3214 2876 3248 :
2936 3193 3038 3247 Ubi
3067 3204 3146 3248 est
3176 3191 3311 3247 Sara
3360 3207 3502 3246 uxor
3534 3204 3630 3245 tua
3661 3196 3684 3245 .’

2097 3292 2385 3346 declarant
2425 3305 2550 3344 eum
2600 3303 2710 3342 non
2762 3288 3052 3355 ignorare,
3108 3285 3385 3338 Abraham
3443 3299 3681 3338 uxorem

2100 3385 2326 3445 habere,
2391 3396 2622 3450 eamque
2663 3378 2852 3434 vocari
2895 3376 3110 3431 Saram.
3162 3376 3264 3442 Qui
3319 3384 3508 3430 autem
3565 3375 3686 3431 haec

2097 3477 2222 3540 scit,
2268 3475 2314 3528 is
2346 3473 2594 3542 proiecto
2627 3487 2738 3526 non
2770 3477 2891 3524 erat
2926 3469 3167 3532 nescius,
3199 3467 3290 3524 ubi
3321 3477 3470 3522 esset
3513 3468 3681 3521 Sara.

2099 3566 2286 3636 Neque
2345 3567 2513 3629 enim,
2548 3578 2674 3618 cum
2727 3561 2863 3616 Sara
2894 3571 3019 3632 post
3047 3561 3248 3616 ostium
3283 3567 3476 3624 staret,
3522 3560 3685 3613 risis-

2100 3667 2291 3727 setque
2323 3657 2464 3710 clam
2499 3654 2727 3709 audiens
2762 3670 2822 3710 se
2855 3662 3085 3708 matrem
3118 3653 3254 3716 fore,
3287 3651 3687 3716 dixisset,Cur

2101 3750 2221 3802 risit
2245 3749 2386 3803 Sara
2418 3750 2465 3779 ⁸⁸
2490 3748 2514 3800 ?
2543 3747 2692 3802 risus
2730 3747 2895 3801 etiam
2932 3759 3154 3800 causam
3193 3745 3456 3814 subjecit,
3487 3761 3686 3801 secum

2007 3909 2010 3912 ἢ
2101 3842 2216 3910 ipsa
2243 3840 2496 3910 inquiens
2518 3859 2530 3894 :
2554 3839 2765 3894 Verene
2785 3839 2991 3908 pariam
3008 3838 3032 3892 ?
3048 3837 3171 3892 llaec
3187 3840 3332 3893 enim
3352 3839 3511 3894 illius
3529 3848 3685 3901 sunt,

2100 3935 2192 4003 qui
2247 3948 2344 3987 cor
2391 3932 2553 3987 etiam
2598 3939 2763 4001 atque
2815 3931 3060 3984 animum
3108 3930 3280 3986 novit.
3311 3929 3688 4001 Interrogavit

2101 4034 2281 4080 autem
2308 4066 2321 4088 ,
2363 4024 2463 4078 Ubi
2511 4033 2588 4079 est
2643 4024 2782 4079 Sara
2831 4040 2967 4076 uxor
3021 4033 3112 4077 tua
3138 4026 3164 4080 2’
3207 4039 3274 4078 eo
3312 4025 3596 4088 consilio,
3630 4035 3689 4079 ut

2100 4119 2372 4172 Abraham
2430 4133 2770 4188 cognoscens
2827 4132 2886 4172 se
2931 4125 3055 4171 ante
3109 4130 3445 4186 cognoscere
3473 4127 3534 4172 et
3576 4133 3689 4173 om-

2101 4212 2190 4265 nia
2233 4211 2400 4274 scire,
2431 4211 2535 4265 sibi
2574 4221 2634 4264 ut
2674 4209 3046 4280 pnestantiori
3095 4217 3338 4273 vacaret,
3395 4216 3454 4263 et
3503 4213 3689 4266 omni-

2103 4306 2206 4360 bus
2230 4321 2351 4376 qua:
2377 4304 2636 4374 deinceps
2661 4304 2974 4358 dicerentur
2991 4301 3148 4356 ﬁdem
3174 4302 3482 4357 adhiberet.
3503 4303 3690 4373 Atque

426 4424 610 4465 rerum
641 4413 884 4464 omnium
909 4413 1277 4481 concinnitas,
1305 4424 1360 4470 et
1385 4416 1541 4483 ordo,
1573 4425 1628 4471 et
1664 4394 1991 4484 moderatio,

2103 4403 2273 4456 etiam
2311 4401 2468 4462 illud,
2503 4398 2648 4470 quod
2679 4399 2747 4452 de
2777 4397 3016 4452 Sodoma
3047 4405 3103 4452 et
3123 4394 3433 4451 Gomorrba
3470 4395 3687 4451 dictum

426 4511 482 4558 et
533 4506 881 4559 conservatio
938 4520 1102 4560 unam
1165 4509 1522 4581 eamdemque
1577 4512 1817 4566 clamant
1876 4527 1998 4568 esse

424 4610 672 4660 causam,
717 4613 888 4652 unum
932 4609 1237 4667 auctorem,
1274 4618 1304 4656 a
1331 4619 1439 4674 quo
1469 4613 1524 4659 et
1564 4614 1850 4676 procreata
1883 4607 1998 4662 sint

421 4689 610 4742 omnia
632 4697 688 4743 et
710 4700 971 4760 regantur
1002 4700 1056 4746 et
1086 4706 1500 4752 conserventur.

1047 4826 1131 4880 Ea:
1168 4829 1364 4884 eodem.

491 4936 550 4993 Si
584 4938 766 4994 malus
787 4946 841 4994 et
872 4939 1142 4997 scelestus
1173 4951 1258 4998 est
1289 4944 1378 4998 hic
1402 4945 1640 5002 mundus
1665 4945 1916 5010 inferior,
1941 4955 1996 5002 et

419 5043 518 5083 vos
567 5029 830 5083 nimirum
879 5031 1009 5085 mali
1064 5033 1418 5104 scelestique,
1478 5037 1682 5107 quippe
1729 5039 1822 5108 qui
1869 5054 1998 5109 pars

420 5120 544 5175 sitis
569 5121 766 5190 ipsius.
800 5120 961 5188 Quod
991 5124 1036 5178 si
1067 5133 1269 5180 natura
1303 5128 1441 5182 estis
1478 5128 1710 5198 improbi
1747 5139 1801 5185 et
1840 5133 1994 5198 mali,

418 5211 626 5268 veritas
651 5229 762 5267 non
793 5215 948 5270 adest
982 5217 1160 5272 vobis.
1196 5218 1412 5274 Veritas
1434 5222 1578 5275 enim
1602 5222 1806 5276 bonum
1837 5225 1995 5294 plane

416 5311 522 5360 est.
557 5304 768 5361 Bonum
807 5316 893 5364 est
936 5309 1173 5364 alienum
1220 5325 1251 5363 a
1296 5312 1462 5367 malo.
1490 5310 1610 5367 1am
1641 5315 1735 5384 qui
1766 5316 1998 5371 veritate

417 5407 628 5461 carent,
660 5413 849 5452 eorum
890 5398 1136 5456 doctrina
1178 5401 1313 5458 falsa
1346 5404 1500 5459 nullo
1535 5406 1713 5461 solido
1744 5408 2001 5464 innititur

420 5487 801 5544 fundamento.

487 5673 534 5706 '°
565 5672 696 5730 Gen.
730 5692 808 5736 Ill.
843 5677 896 5731 9.

497 5680 927 5756 ff_(§en;.ttl.‘9.n
952 5680 1015 5756 A'f
1053 5680 1186 5756 Gen.
1226 5699 1299 5748 ιν,
1347 5683 1388 5738 9.

417 5745 465 5778 "
494 5746 627 5800 ibid.
661 5748 752 5804 2|.

824 5749 867 5780 ’τ
895 5750 1025 5805 ibid.
1059 5751 1149 5806 20.

2099 4499 2185 4548 est
2214 4510 2228 4546 :
2283 4490 2609 4544 Descendam
2663 4497 2711 4542 et
2758 4488 2936 4556 videbo
2972 4495 3151 4542 utrum
3177 4505 3232 4542 re
3264 4489 3379 4556 ipsa
3407 4505 3533 4558 quae
3563 4489 3686 4543 cla~

2102 4600 2217 4638 mor
2267 4583 2501 4650 ipsorum
2549 4580 2749 4633 indicat
2816 4579 3226 4646 compleverint,
3298 4595 3366 4631 an
3417 4595 3528 4631 non
3560 4619 3576 4643 ,
3629 4587 3687 4632 ut

2100 4678 2264 4732 sciam
2307 4675 2376 4738 “,
2427 4673 2561 4743 quid
2607 4673 2755 4726 aliud
2815 4671 3114 4741 signiﬁcat,
3163 4670 3270 4725 nisi
3318 4684 3384 4723 eo
3447 4670 3687 4724 consilio

2102 4769 2274 4823 Deum
2336 4769 2414 4822 ita
2460 4769 2706 4820 locutum
2756 4779 2901 4827 esse,
2937 4772 2996 4818 ut
3040 4777 3143 4817 nos
3178 4761 3444 4826 erudiret,
3475 4776 3550 4816 ne
3581 4778 3689 4814 un-

2101 4876 2266 4931 quam
2302 4859 2610 4931 prtecipites
2660 4859 2938 4911 irruamus
2968 4855 3036 4910 ad
3067 4853 3360 4923 irroganda
3389 4852 3687 4922 supplicia,

2105 4961 2395 5023 propterea
2450 4950 2596 5022 quod
2641 4949 2954 5019 aliquorum
2997 4946 3202 5016 ﬂagitia
3250 4945 3686 5015 prospiciamus,

2105 5045 2200 5102 sed
2237 5053 2643 5115 exspectemus,
2687 5050 2747 5096 ut
2779 5056 2838 5097 re
2886 5041 3006 5110 ipsa
3041 5037 3286 5108 perfecta
3343 5036 3498 5092 sint?
3551 5036 3685 5090 Nam

2105 5137 2152 5192 si
2212 5152 2322 5191 non
2383 5137 2756 5206 cognovisset,
2817 5131 3094 5202 quomodo
3145 5129 3415 5201 potuisset
3451 5128 3681 5182 dicere:

2106 5228 2327 5285 Clamor
2378 5227 2730 5283 Sodomorum
2785 5237 2833 5279 et
2875 5221 3182 5278 Gomorrhoz
3205 5221 3341 5275 venit
3374 5219 3446 5271 ad
3487 5234 3573 5272 me
3600 5219 3644 5247 "
3668 5217 3685 5268 ἲ

2105 5324 2297 5387 Terra,
2350 5322 2552 5391 inquit,
2595 5321 2820 5386 clamat,
2857 5317 3025 5373 etiam
3080 5323 3208 5371 ante
3258 5329 3370 5368 res.
3431 5311 3498 5366 Et
3555 5313 3684 5382 ipsae

2101 5432 2190 5471 res
2236 5415 2614 5470 vociferantur
2659 5421 2711 5468 et
2743 5413 3005 5466 clamant.
3037 5409 3220 5463 Multae
3249 5415 3379 5463 sunt
3408 5405 3680 5475 ejusmodi

2101 5509 2569 5578 interrogationes
2600 5521 2711 5561 non
2752 5505 2932 5560 solum
2966 5503 3021 5557 in
3061 5500 3264 5565 Veteri,
3297 5500 3392 5555 sed
3426 5500 3594 5553 etiam
3630 5499 3680 5550 in

1475 5685 1521 5717 “
1555 5687 1689 5743 Gen.
1742 5706 1895 5756 xvm,
1935 5693 1987 5747 9.
2037 5691 2084 5725 ⁵³
2125 5691 2261 5748 Gen.
2307 5691 2518 5763 tua“.
2557 5690 2641 5752 ,3‘
2669 5690 2806 5746 Gen.
2862 5706 2914 5745 Iv
2970 5690 3054 5746 {0.
3131 5691 3175 5723 "
3222 5688 3358 5770 Gen.
3398 5701 3558 5750 mn,
3595 5683 3680 5743 £5.
