3822 6414
89 275 269 336 “35
1548 282 1681 335 FBA

1796 281 1990 336 EN'I'A.
3252 281 3394 340 1126

83 395 278 455 Novo
310 397 694 470 Testamento,
734 419 857 476 qua:
907 412 1089 458 tamen
1143 418 1338 457 omnes
1385 403 1777 472 lttystct'itttttA
1811 402 2035 468 inquit,
2098 415 2269 454 meum
2317 401 2525 469 justum
2574 411 2652 455 est
2709 401 2777 455 ⁸⁹.
2838 397 2994 467 Quod
3026 405 3210 454 autem
3248 414 3392 454 unus

83 496 430 556 continent,
465 503 517 547 et
550 494 758 564 aliquid
799 495 949 548 aliud
984 505 1173 565 agunt.
1231 492 1365 547 Nam
1423 492 1515 546 Dei
1577 508 1694 562 pro-
1809 507 1970 564 atque
2010 495 2153 550 idem
2209 495 2280 549 sit
2334 494 2546 550 Veteris
2582 510 2645 548 ac
2677 493 2813 548 Novi
2849 492 3188 547 Testamenti
3222 490 3391 555 Deus,

81 583 298 651 prium
353 593 437 638 est
484 597 686 640 cuncta
738 598 1196 659 cognoscere;ct
1229 588 1322 658 qui
1378 587 1562 641 omnia
1592 603 1701 640 non
1809 585 2066 656 pra-dixit
2120 583 2409 649 Jeretnias,
2462 583 2613 646 Ecce,
2670 583 2948 654 inquiens,
2991 582 3102 635 dies
3161 583 3391 644 veniunt,

83 671 281 730 habet
312 676 553 746 cognita,
589 694 698 732 non
726 690 810 734 est
841 680 1005 734 Dens.
1806 677 1936 729 dicit
1989 673 2271 736 Dominus,
2323 683 2371 727 et
2420 674 2741 726 constituam
2797 673 2938 725 vobis
2999 670 3392 724 Testamentum

1808 783 2021 832 novum,
2057 783 2160 819 non
2203 775 2260 818 ut
2298 764 2690 819 Testamentum
2724 764 2860 817 illud
2898 763 3038 834 quod
3066 781 3184 818 cum
3222 763 3394 831 patri-

750 811 834 866 Eo:
861 814 1063 868 eodem.

166 946 475 1013 Quomodo
521 950 710 1005 dicitis
757 951 984 1021 Antiqui
1043 949 1390 1005 'l‘estamenti
1425 950 1704 1021 legislato-

83 1057 221 1096 rem
257 1043 494 1112 justum,
524 1042 660 1098 Novi
694 1054 878 1098 autem
917 1045 1145 1106 bonum,
1182 1053 1349 1112 atque
1375 1044 1498 1097 ideo
1534 1059 1701 1096 tuuuu

84 1135 166 1188 ab
215 1137 332 1189 alio
359 1135 640 1190 diversum
678 1153 802 1191 esse
850 1136 1228 1191 ecutentlitis‘!
1270 1135 1405 1188 Nam
1457 1136 1503 1190 si
1555 1136 1703 1205 quod

77 1223 320 1291 justum
379 1233 486 1291 est,
547 1227 748 1280 bonum
790 1235 915 1293 est;
949 1227 1134 1296 justus
1188 1228 1295 1282 erit
1347 1227 1522 1280 bonus
1579 1241 1701 1280 om-

84 1314 265 1368 nino.
322 1313 511 1386 Neque
561 1320 706 1372 eriim
765 1320 1051 1372 contraria
1091 1327 1220 1373 sunt
1263 1318 1470 1387 justum
1510 1326 1563 1372 et
1609 1318 1703 1371 bo-

84 1424 238 1462 num
274 1426 288 1463 :
350 1409 448 1465 sed
490 1409 643 1479 justo
693 1419 965 1480 repugnat
1001 1411 1290 1479 injustum,
1323 1419 1378 1465 et
1403 1410 1546 1463 bono
1589 1424 1704 1462 ma-

84 1500 214 1552 lum
275 1499 625 1555 adversatur.
687 1499 962 1556 Praeterea
1024 1503 1072 1558 si
1146 1502 1350 1555 malum
1408 1501 1697 1571 iniustum,

83 1593 312 1647 bonum
364 1596 551 1664 utique
598 1594 834 1664 justum,
883 1603 938 1651 et
988 1595 1167 1650 bonus
1226 1595 1687 1664 omninojustus.
1739 1627 1748 1636 ο

86 1687 245 1740 Cum
292 1697 474 1743 autem
518 1689 944 1744 innumerabilia
975 1690 1086 1746 sint
1115 1690 1458 1757 testimonia,
1499 1691 1700 1761 quibus

1809 864 1904 914 bus
1970 862 2158 915 t‘estris‘
2197 861 2468 924 constitui,
2518 877 2617 928 quo
2643 860 2728 913 die
2755 876 2969 912 manum
2997 875 3180 914 eorum
3204 873 3393 927 appre-

1806 953 1987 1015 hendi,
2025 952 2376 1006 uteducerem
2418 968 2504 1006 eos
2550 967 2614 1005 ex
2653 950 2910 1022 AEgypto.
2947 949 3088 1016 Quia
3134 951 3236 1019 ipsi
3286 967 3390 1004 non

1807 1052 2118 1097 manserunt
2175 1043 2229 1096 in
2289 1042 2625 1097 Testamento
2669 1059 2802 1096 meo.
2859 1042 2928 1094 Et
2969 1059 3061 1112 ego
3092 1043 3296 1112 neglexi
3325 1041 3388 1094 il-

1808 1136 1887 1189 los
1915 1136 1983 1190 ὀ.
2021 1134 2086 1187 Et
2117 1135 2232 1203 ipse
2264 1141 2378 1188 tum
2413 1133 2664 1204 Antiqui,
2716 1143 2832 1188 tum
2870 1132 3004 1187 Novi
3049 1134 3388 1188 Testamenti

1805 1238 1997 1282 auctor
2026 1228 2306 1284 Christus.
2343 1225 2466 1280 Non
2504 1228 2641 1291 veni,
2671 1227 2872 1297 inquit,
2910 1235 2969 1279 ut
3012 1225 3172 1296 legem
3218 1227 3386 1280 solre-

1805 1341 1938 1383 rem.
1991 1322 2079 1377 sed
2119 1332 2176 1376 ut
2232 1339 2349 1376 eam
2402 1323 2675 1389 implerem
2735 1325 2804 1377 ⁹¹.
2849 1322 2964 1376 Hoc
3002 1332 3107 1389 est,
3145 1330 3203 1375 ut
3238 1322 3384 1375 illam

1803 1425 2028 1486 propter
2070 1415 2425 1470 llebrteorum
2463 1416 2935 1485 imperfectionem
2986 1414 3384 1485 imperfectam,

1804 1507 2013 1577 majore
2065 1507 2302 1576 quadam
2341 1515 2394 1562 et
2453 1507 2590 1561 viris
2644 1514 2986 1578 congruente
3039 1505 3385 1576 philosophia

1802 1601 2122 1672 perticerem
2175 1609 2231 1656 et
2278 1600 2646 1656 absolverem.
2681 1599 2777 1654 llla
2809 1601 2952 1654 enim
2984 1608 3102 1654 erat
3133 1597 3386 1668 pwdago-

1803 1709 1900 1761 gus
1945 1694 2012 1757 θ’,
2048 1692 2141 1762 qui
2173 1692 2239 1745 ad
2273 1691 2625 1762 Evangelium
2669 1692 3085 1762 suscipiendum
3122 1690 3384 1744 institue-

87 1779 330 1836 Veteris
379 1781 721 1837 Testamenti
763 1781 910 1839 Deus
951 1799 1076 1838 esse
1124 1783 1438 1839 declaratur
1481 1784 1694 1848 bonus,
1734 1770 1774 1824 Β
1807 1786 1917 1838 hat.
1948 1785 2069 1838 llaec
2099 1791 2281 1837 autem
2314 1793 2398 1838 est
2427 1793 2732 1854 praeceptor
2777 1784 2915 1854 ipse,
2949 1783 3045 1853 qui
3069 1782 3226 1836 docet
3254 1796 3378 1850 per-

82 1888 200 1943 cgo
245 1890 414 1926 unum
450 1874 720 1928 duntaxat
756 1876 809 1929 in
850 1875 1030 1930 medio
1061 1876 1327 1931 all‘eram:
1387 1876 1561 1944 Dicat,
1619 1877 1698 1930 in-

83 1966 249 2035 quit,
281 1964 478 2032 Israel,
529 1969 782 2038 quoniam
815 1970 980 2024 bonus
1033 1969 1128 2034 ‘3';
1180 1979 1234 2026 et
1288 1971 1380 2041 qui
1437 1971 1696 2040 deinceps

81 2069 437 2128 sequuntur,
469 2061 582 2115 duo
619 2062 893 2116 versiculi.
938 2059 1118 2118 Unum
1173 2064 1326 2129 item,
1391 2079 1502 2133 quo
1557 2061 1695 2117 Novi

85 2151 442 2210 Testamenti
473 2152 618 2210 Deus
651 2155 842 2225 justus
896 2157 1230 2212 ostenditur.
1291 2155 1359 2209 Et
1397 2155 1691 2225 judicium,

1805 1877 2052 1932 fectiora.
2112 1875 2176 1927 Et
2213 1875 2304 1929 illa
2341 1875 2564 1945 quidem
2609 1891 2844 1945 corpora
2875 1874 3232 1938 informabat,
3267 1873 3385 1927 hac

1803 1979 1985 2024 autem
2043 1970 2260 2023 animos
2317 1968 2523 2022 erudit.
2581 1965 2752 2021 Vetus
2807 1981 2938 2037 ergo
2997 1973 3083 2022 est
3129 1965 3384 2019 ministra

1804 2073 1994 2113 novae:
2041 2059 2108 2112 ad
2164 2073 2361 2112 novam
2417 2058 2566 2111 enim
2622 2057 2776 2110 ducit
2831 2066 2886 2111 et.
2946 2055 3089 2110 viam
3138 2055 3384 2110 ostendit

1803 2162 1855 2205 et
1891 2160 2066 2221 parat.

1691 2263 1798 2319 Vll.

1356 2379 1497 2434 Ibid.
1542 2381 1621 2433 tit.
1664 2381 1751 2444 ll,
1801 2395 1924 2448 pag.
1956 2379 2126 2448 7sqq.

842 2495 1109 2552 Gusoonu
1143 2493 1336 2566 Nyssa:
1375 2495 1647 2564 pontiﬁcis
1680 2509 1749 2550 ea:
1786 2493 2042 2549 Oratione
2085 2499 2278 2546 contra
2326 2489 2646 2545 Ablabium.

163 2631 312 2688 Cum
365 2639 422 2686 et
475 2629 690 2686 Patrem
729 2629 898 2687 Deum
947 2633 1049 2704 (5),
1102 2632 1384 2701 etFilium
1417 2632 1692 2697 Deum,et

89 2723 375 2795 Spiritum
433 2732 686 2779 sanctum
718 2724 891 2780 Deum
941 2739 1064 2780 esse
1098 2724 1391 2788 fateamur,
1438 2739 1538 2780 cur
1582 2740 1692 2780 non

86 2822 344 2875 dicimus
399 2829 512 2876 tres
571 2821 727 2883 deos,
759 2820 854 2874 sed
887 2835 1056 2874 unum
1085 2820 1255 2876 Deum
1285 2821 1308 2875 ?
1336 2819 1603 2885 Primum,
1635 2827 1694 2874 ut

89 2908 251 2976 quod
310 2908 364 2961 in
416 2916 673 2978 promptu
706 2917 789 2963 est
831 2909 1288 2979 respondeamus,
1321 2926 1388 2966 ne
1424 2911 1693 2981 multipli-

87 3018 218 3058 cem
276 3000 506 3056 deorum
542 3001 760 3056 turbam
807 3015 837 3056 a
885 3001 1094 3058 Graecis
1118 3003 1410 3056 conlictam
1447 3002 1690 3056 introdu-

88 3109 318 3149 camus.
377 3092 610 3159 Deinde,
667 3092 715 3148 si
765 3093 900 3164 quid
932 3094 1242 3165 elegantius
1284 3095 1567 3165 magisque
1603 3110 1690 3148 re-

1795 2615 2046 2668 homines
2098 2612 2486 2682 appellamus:
2520 2609 2792 2680 siquidem
2854 2609 3040 2676 homo,
3094 2619 3147 2665 et
3198 2611 3384 2666 huma-

1794 2707 1943 2762 nitas
2002 2707 2326 2760 universum
2369 2704 2632 2773 quiddam
2697 2701 3029 2773 signiﬁcant,
3083 2705 3229 2772 quod
3265 2705 3382 2758 sin-

1796 2802 2010 2871 gularia
2077 2799 2500 2868 complectatur.
2545 2796 2752 2853 Deinde
2800 2797 2931 2851 illud
2983 2797 3244 2869 adjuugo,
3277 2815 3380 2852 no-

1796 2912 1920 2949 men
1955 2894 2059 2949 lioc
2091 2893 2168 2949 rei
2201 2901 2456 2947 naturain
2495 2893 2780 2962 explicare
2810 2909 2824 2958 ;
2856 2892 2907 2945 in
2943 2889 3220 2947 Trinitate
3247 2908 3380 2948 vero

1795 3001 1920 3056 qua:
1967 2992 2150 3038 creata
2193 2999 2302 3038 non
2335 2990 2446 3046 est,
2492 2983 2701 3037 nullum
2737 2981 2968 3037 inveniri
3003 2998 3200 3037 nomen
3227 2984 3379 3054 qttod

1795 3079 1916 3149 ejus
1951 3085 2210 3131 naturam
2244 3075 2507 3130 declaret.
2539 3075 2609 3127 At
2648 3089 2772 3136 cur,
2801 3090 2924 3152 eum
2963 3091 3231 3144 personas
3255 3077 3377 3131 sin-

88 3187 385 3240 conditum
444 3185 740 3240 dicendum
801 3195 886 3241 est
919 3225 933 3249 ,
995 3186 1261 3257 quoniam
1330 3201 1531 3242 nomen
1561 3185 1685 3251 hoc,
1715 3189 1756 3247 C
1792 3173 1949 3245 aulas
2001 3170 2341 3241 appellemus
2391 3168 2581 3230 Dem":
2619 3184 2727 3222 "0"
2763 3168 2928 3222 etiam
2963 3183 3152 3223 earum
3189 3168 3378 3238 Singu’

88 3277 267 3343 Deus,
312 3278 584 3333 actionem
639 3277 916 3348 signiﬁcat
957 3295 971 3330 :
1035 3293 1066 3333 a
1128 3279 1297 3334 verbo
1343 3279 1490 3334 enim
1542 3278 1685 3332 θέειν

89 3371 402 3426 deductum
461 3381 566 3436 est,
603 3371 748 3441 quod
800 3369 1007 3442 passim
1066 3377 1295 3439 currat;
1346 3371 1431 3426 vel
1461 3371 1685 3426 averbo

91 3463 372 3529 θεᾶσθαι,
412 3464 558 3534 quod
609 3469 804 3520 cernat
849 3465 1076 3530 omnia;
1110 3465 1196 3520 vel
1225 3480 1254 3517 a
1289 3464 1460 3519 verbo
1489 3463 1683 3529 αἴθειν,

87 3559 247 3628 quod
305 3558 716 3628 improbitatem
771 3565 968 3614 exurat
1019 3573 1085 3612 ac
1141 3557 1352 3628 perdat.
1406 3556 1684 3624 Quemad-

92 3651 326 3706 modum
361 3651 530 3720 igitur
564 3665 908 3720 unaquzeque
948 3665 1187 3720 persona
1223 3649 1382 3704 talem
1411 3650 1682 3703 actionem

90 3741 406 3810 perfectam
455 3740 644 3803 habet,
682 3740 765 3796 sic
796 3756 996 3794 nomen
1022 3742 1290 3794 actionem
1335 3741 1480 3793 illam
1509 3739 1684 3810 signi-

92 3833 276 3888 ﬁcans
309 3833 542 3900 obtinet,
578 3841 635 3888 ut
664 3843 717 3887 et
743 3833 816 3888 sit
845 3840 900 3888 et
925 3833 1234 3903 appelletur
1266 3833 1432 3886 Deus.
1468 3830 1682 3885 Rursus

90 3925 565 3996 quemadmodum
606 3941 716 3980 una
769 3934 935 3996 atque
989 3923 1455 3980 incommutabilis
1487 3923 1540 3976 in
1586 3922 1684 3976 tri-

87 4019 200 4074 bus
254 4026 342 4074 est
388 4019 552 4081 actio,
584 4017 666 4073 sic
715 4016 880 4072 etiam
909 4024 994 4071 est
1016 4029 1124 4069 una
1147 4013 1408 4068 divinitas
1442 4019 1498 4066 et
1535 4027 1680 4066 unus

92 4109 244 4166 Deus
294 4109 351 4163 in
385 4109 564 4163 tribus
613 4107 888 4178 personis.
916 4105 984 4158 At
1015 4106 1184 4166 enim,
1220 4101 1460 4171 inquies.
1486 4097 1684 4154 Petrus

88 4214 144 4256 et
184 4200 395 4256 Paulus
433 4207 488 4254 et
519 4195 763 4254 Joannes
796 4204 907 4251 tres
939 4210 1189 4266 persona:
1244 4209 1370 4249 cum
1417 4192 1550 4254 sint,
1598 4191 1684 4245 di-

90 4303 303 4348 cuntur
353 4293 519 4349 etiam
570 4299 680 4347 tres
715 4291 985 4344 homines.
1034 4286 1383 4359 Respondeo,
1441 4286 1678 4357 primum

90 4403 197 4444 nos
252 4395 308 4442 et
355 4387 444 4441 hie
500 4385 654 4440 abuti
711 4385 952 4440 hominis
987 4381 1272 4444 vocabulo,
1305 4393 1431 4434 cum
1468 4393 1532 4433 eo
1566 4387 1680 4433 tres

200 4565 250 4596 ⁸⁸
294 4563 436 4619 Psal.
469 4577 634 4624 cxvn,
670 4564 721 4618 Ι.

163 4717 508 4790 (5Ιΰιιηιᾼρί
542 4714 991 4790 Patrem__Deum,
1024 4722 1142 4790 etc.
1176 4714 1447 4790 Obseryat
1478 4707 1672 4790 Fabrif

89 4782 232 4845 eius
251 4789 390 4844 Bibl.
426 4787 515 4842 Gr.
556 4797 692 4842 tom.
721 4785 858 4849 V'lll,
884 4799 1007 4855 pag.
1042 4787 1168 4849 £65,
1205 4798 1328 4856 quin
1353 4782 1441 4856 hic
1474 4784 1672 4856 reeitat

89 4859 457 4934 Euthymius,
505 4873 614 4914 non
659 4851 980 4914 exstare'itf
1019 4851 1292 4920 oratione,
1341 4852 1417 4907 De
1447 4869 1504 4906 eo
1532 4851 1671 4922 quod

799 4560 843 4592 "
874 4557 1036 4614 Joan.
1069 4575 1123 4624 v,
1148 4558 1237 4615 50.
1281 4559 1358 4602 ο⁹⁰
1382 4557 1493 4613 Jer.
1533 4571 1684 4620 mu,
1713 4556 1801 4620 31,
1835 4555 1924 4609 5‘2.
1967 4555 2010 4588 "
2043 4552 2232 4608 Matth.
2275 4569 2328 4619 v,
2360 4552 2412 4606 7.

1793 3268 1875 3322 las
1902 3265 2258 3319 Divinitatem
2290 3260 2636 3331 appellamus
2667 3260 2690 3312 ?
2716 3258 2988 3326 Quoniam
3013 3259 3376 3329 quemadmo-

1793 3360 1922 3411 dum
1958 3357 2087 3409 licet
2135 3353 2302 3409 homo
2347 3360 2401 3407 et
2426 3350 2739 3407 humanitas
2768 3350 2976 3421 pariter
3002 3350 3069 3405 de
3102 3351 3375 3406 universis

1793 3453 2068 3514 dicantur,
2122 3465 2233 3504 non
2282 3458 2463 3503 tamen
2506 3461 2662 3516 aeque
2693 3445 2958 3498 dicuntur
2999 3443 3067 3500 de
3098 3444 3371 3515 singulis:

1794 3545 2054 3601 Socrates
2080 3541 2224 3597 enim
2263 3539 2428 3592 homo
2452 3536 2562 3592 dici
2604 3543 2804 3606 potest.
2839 3534 3153 3590 humanitas
3192 3543 3372 3588 autem

1792 3649 2136 3706 nequaquam
2182 3637 2358 3702 potest
2403 3647 2418 3683 :
2460 3629 2540 3684 sic
2589 3629 2756 3681 etiam
2802 3625 2942 3681 Deus
2989 3633 3043 3680 et
3096 3624 3372 3679 Divinitas

1788 3728 2012 3783 habent.
2064 3725 2208 3780 Deus
2249 3723 2395 3779 enim
2445 3727 2697 3792 agentem
2756 3719 3064 3789 signiﬁcat;
3103 3715 3372 3770 Divinitas

1785 3829 1966 3875 autem
1999 3821 2292 3874 actionem.
2316 3815 2508 3869 Trium
2539 3828 2670 3868 vero
2702 3827 3062 3882 personarum
3088 3810 3237 3863 nulla
3263 3820 3370 3875 est,

1783 3930 1905 3982 qua:
1935 3913 2004 3968 sit
2035 3911 2213 3976 actio;
2255 3908 2348 3964 sed
2384 3923 2554 3978 agens
2597 3905 2782 3976 potius
2819 3912 2904 3958 est
2933 3917 3272 3972 unaquaeque
3300 3903 3370 3955 il-

1782 4003 1980 4056 larum.
2017 4001 2260 4056 Dicimus
2305 4007 2482 4052 tamen
2517 3997 2854 4050 divinitatem
2890 3992 3066 4047 Patris
3115 3999 3170 4047 et
3225 3992 3368 4045 divi-

1778 4097 2004 4150 nitatem
2060 4094 2184 4148 Filii
2237 4101 2292 4148 et
2326 4090 2671 4146 divinitatem
2711 4086 2888 4142 sancti
2925 4085 3185 4158 Spiritus.
3221 4085 3366 4140 sicut

1784 4189 2181 4244 humanitatem
2228 4184 2476 4240 Socratis
2518 4191 2571 4237 et
2627 4180 2926 4236 essentiam
2975 4188 3030 4233 et
3088 4185 3363 4241 naturam,

1783 4290 1837 4339 et
1877 4283 1922 4337 si
1955 4281 2084 4352 quid
2121 4278 2269 4333 aliud
2302 4287 2385 4333 est
2414 4277 2665 4347 personis
2695 4288 3006 4328 commune.

2493 4553 2538 4584 "
2562 4549 2680 4607 Gal.
2722 4565 2806 4612 nr,
2840 4549 2931 4602 21.

1779 4727 1879 4764 non
1901 4708 2193 4779 putandum
2242 4711 2312 4763 sit
2358 4719 2458 4762 tres
2499 4708 2636 4779 deos
2656 4706 2770 4779 dici
2804 4715 3061 4779 oportere,
3096 4701 3160 4755 ad
3192 4700 3359 4779 Abla—

1780 4775 1952 4842 binm,
1999 4796 2120 4849 quae
2163 4782 2404 4834 occurrit
2449 4788 2580 4849 tom.
2627 4777 2728 4838 Ill,
2765 4776 3174 4849 paingfiscqq.
3207 4775 3354 4849 edit.

1779 4850 1958 4910 Paris.
1989 4843 2143 4906 “338.
2171 4849 2423 4921 (llnjuse.
2457 4848 2665 4903 Patrol.
2701 4857 2739 4902 t.
2765 4843 2934 4912 XLV,
2965 4848 3113 4902 circa
3146 4843 3292 4914 init.)
