  <div class='ocr_page' id='page_1' title='image "/cluster/home/n/w/nwhite01/storage/ocr_20150623/46/hvd.32044014713994/570.png"; bbox 0 0 3822 6404; ppageno 0'>
   <div class='ocr_carea' id='block_1_1' title="bbox 13 323 160 382">
    <p class='ocr_par' dir='ltr' id='par_1_1' title="bbox 13 323 160 382">
     <span class='ocr_line' id='line_1_1' title="bbox 13 323 160 382; baseline 0 0"><span class='ocrx_word' id='word_1_1' title='bbox 13 329 25 382; x_wconf 89' lang='grc' dir='ltr'><strong>ι</strong></span> <span class='ocrx_word' id='word_1_2' title='bbox 43 323 160 382; x_wconf 69' lang='lat'><strong>1‘29</strong></span> 
     </span>
    </p>
   </div>
   <div class='ocr_carea' id='block_1_2' title="bbox 1180 319 2148 375">
    <p class='ocr_par' dir='ltr' id='par_1_2' title="bbox 1180 319 2148 375">
     <span class='ocr_line' id='line_1_2' title="bbox 1180 319 2148 375; baseline -0.001 -1"><span class='ocrx_word' id='word_1_3' title='bbox 1180 321 1242 374; x_wconf 83' lang='lat' dir='ltr'><strong>IN</strong></span> <span class='ocrx_word' id='word_1_4' title='bbox 1284 320 1445 375; x_wconf 83' lang='lat' dir='ltr'><strong>DIEM</strong></span> <span class='ocrx_word' id='word_1_5' title='bbox 1485 319 1812 374; x_wconf 74' lang='lat' dir='ltr'><strong>NATALEM</strong></span> <span class='ocrx_word' id='word_1_6' title='bbox 1850 319 2148 375; x_wconf 77' lang='lat' dir='ltr'><strong>CHRISTI.</strong></span> 
     </span>
    </p>
   </div>
   <div class='ocr_carea' id='block_1_3' title="bbox 3158 325 3296 382">
    <p class='ocr_par' dir='ltr' id='par_1_3' title="bbox 3158 325 3296 382">
     <span class='ocr_line' id='line_1_3' title="bbox 3158 325 3296 382; baseline 0.022 -3"><span class='ocrx_word' id='word_1_7' title='bbox 3158 325 3296 382; x_wconf 69' lang='lat'><strong>“30</strong></span> 
     </span>
    </p>
   </div>
   <div class='ocr_carea' id='block_1_4' title="bbox 13 439 1611 509">
    <p class='ocr_par' dir='ltr' id='par_1_4' title="bbox 13 439 1610 509">
     <span class='ocr_line' id='line_1_4' title="bbox 13 439 1610 509; baseline 0.019 -17"><span class='ocrx_word' id='word_1_8' title='bbox 13 446 73 492; x_wconf 68' lang='grc' dir='ltr'>τὰ</span> <span class='ocrx_word' id='word_1_9' title='bbox 107 442 413 509; x_wconf 83' lang='grc' dir='ltr'>στόματα,</span> <span class='ocrx_word' id='word_1_10' title='bbox 466 442 560 492; x_wconf 71' lang='grc' dir='ltr'><strong>καὶ</strong></span> <span class='ocrx_word' id='word_1_11' title='bbox 610 440 974 509; x_wconf 73' lang='grc' dir='ltr'>κατεσιγάσθη</span> <span class='ocrx_word' id='word_1_12' title='bbox 1026 439 1176 509; x_wconf 72' lang='grc' dir='ltr'><strong>φωνὴ</strong></span> <span class='ocrx_word' id='word_1_13' title='bbox 1216 439 1610 507; x_wconf 63' lang='grc' dir='ltr'><strong>ἀγαλλιάσεωῖ’</strong></span> 
     </span>
    </p>
   </div>
   <div class='ocr_carea' id='block_1_5' title="bbox 1721 439 3299 509">
    <p class='ocr_par' dir='ltr' id='par_1_5' title="bbox 1721 439 3299 506">
     <span class='ocr_line' id='line_1_5' title="bbox 1721 439 3299 506; baseline 0.003 -13"><span class='ocrx_word' id='word_1_14' title='bbox 1721 448 1829 506; x_wconf 92' lang='lat' dir='ltr'><strong>rat,</strong></span> <span class='ocrx_word' id='word_1_15' title='bbox 1858 448 1913 495; x_wconf 92' lang='lat' dir='ltr'><strong>et</strong></span> <span class='ocrx_word' id='word_1_16' title='bbox 1949 440 2069 495; x_wconf 91' lang='lat' dir='ltr'><strong>dies</strong></span> <span class='ocrx_word' id='word_1_17' title='bbox 2102 439 2274 495; x_wconf 90' lang='lat' dir='ltr'><strong>festos</strong></span> <span class='ocrx_word' id='word_1_18' title='bbox 2304 440 2704 496; x_wconf 76' lang='lat' dir='ltr'><strong>celebrantium</strong></span> <span class='ocrx_word' id='word_1_19' title='bbox 2741 457 3051 497; x_wconf 92' lang='lat' dir='ltr'><strong>consensus</strong></span> <span class='ocrx_word' id='word_1_20' title='bbox 3092 444 3299 497; x_wconf 84' lang='lat' dir='ltr'><strong>distra-</strong></span> 
     </span>
    </p>
   </div>
   <div class='ocr_carea' id='block_1_6' title="bbox 13 530 1614 602">
    <p class='ocr_par' dir='ltr' id='par_1_6' title="bbox 13 530 1614 602">
     <span class='ocr_line' id='line_1_6' title="bbox 13 530 1614 602; baseline 0 -19"><span class='ocrx_word' id='word_1_21' title='bbox 13 534 105 585; x_wconf 75' lang='grc' dir='ltr'><strong>καὶ</strong></span> <span class='ocrx_word' id='word_1_22' title='bbox 133 530 452 601; x_wconf 80' lang='grc' dir='ltr'><strong>διεσπάσθη</strong></span> <span class='ocrx_word' id='word_1_23' title='bbox 480 531 589 583; x_wconf 84' lang='grc' dir='ltr'>τῶν</span> <span class='ocrx_word' id='word_1_24' title='bbox 614 532 975 602; x_wconf 77' lang='grc' dir='ltr'><strong>ἑορταζόντων</strong></span> <span class='ocrx_word' id='word_1_25' title='bbox 996 534 1027 601; x_wconf 79' lang='grc' dir='ltr'>ἡ</span> <span class='ocrx_word' id='word_1_26' title='bbox 1061 532 1367 599; x_wconf 77' lang='grc' dir='ltr'><strong>συμφωνία,</strong></span> <span class='ocrx_word' id='word_1_27' title='bbox 1391 530 1493 600; x_wconf 82' lang='grc' dir='ltr'>τῆς</span> <span class='ocrx_word' id='word_1_28' title='bbox 1518 532 1614 585; x_wconf 86' lang='grc' dir='ltr'>άν-</span> 
     </span>
    </p>
   </div>
   <div class='ocr_carea' id='block_1_7' title="bbox 13 622 1617 695">
    <p class='ocr_par' dir='ltr' id='par_1_7' title="bbox 13 622 1617 695">
     <span class='ocr_line' id='line_1_7' title="bbox 13 622 1617 695; baseline 0.001 -21"><span class='ocrx_word' id='word_1_29' title='bbox 13 624 317 695; x_wconf 72' lang='grc' dir='ltr'>θρωπίνης</span> <span class='ocrx_word' id='word_1_30' title='bbox 338 623 567 686; x_wconf 80' lang='grc' dir='ltr'><strong>κτίσεως</strong></span> <span class='ocrx_word' id='word_1_31' title='bbox 593 623 652 675; x_wconf 90' lang='grc' dir='ltr'><strong>ού</strong></span> <span class='ocrx_word' id='word_1_32' title='bbox 673 622 1135 695; x_wconf 75' lang='grc' dir='ltr'>συνεορταξούσης</span> <span class='ocrx_word' id='word_1_33' title='bbox 1163 625 1227 693; x_wconf 81' lang='grc' dir='ltr'>τῇ</span> <span class='ocrx_word' id='word_1_34' title='bbox 1261 623 1617 695; x_wconf 84' lang='grc' dir='ltr'>ὑπερκοσμίῳ</span> 
     </span>
    </p>
   </div>
   <div class='ocr_carea' id='block_1_8' title="bbox 13 710 1611 786">
    <p class='ocr_par' dir='ltr' id='par_1_8' title="bbox 13 710 1611 786">
     <span class='ocr_line' id='line_1_8' title="bbox 13 710 1611 786; baseline -0.001 -18"><span class='ocrx_word' id='word_1_35' title='bbox 13 716 214 785; x_wconf 72' lang='grc' dir='ltr'>φύσει,</span> <span class='ocrx_word' id='word_1_36' title='bbox 255 715 344 769; x_wconf 86' lang='grc' dir='ltr'><strong>διὰ</strong></span> <span class='ocrx_word' id='word_1_37' title='bbox 376 714 563 768; x_wconf 87' lang='grc' dir='ltr'>τοῦτον</span> <span class='ocrx_word' id='word_1_38' title='bbox 605 710 769 786; x_wconf 83' lang='grc' dir='ltr'>ἦλθον</span> <span class='ocrx_word' id='word_1_39' title='bbox 817 715 874 767; x_wconf 86' lang='grc' dir='ltr'>αἱ</span> <span class='ocrx_word' id='word_1_40' title='bbox 900 714 1009 767; x_wconf 85' lang='grc' dir='ltr'>τῶν</span> <span class='ocrx_word' id='word_1_41' title='bbox 1034 714 1328 786; x_wconf 82' lang='grc' dir='ltr'><strong>προφητῶν</strong></span> <span class='ocrx_word' id='word_1_42' title='bbox 1357 715 1451 768; x_wconf 72' lang='grc' dir='ltr'><strong>καὶ</strong></span> <span class='ocrx_word' id='word_1_43' title='bbox 1478 716 1611 767; x_wconf 87' lang='grc' dir='ltr'>ἀπο-</span> 
     </span>
    </p>
   </div>
   <div class='ocr_carea' id='block_1_9' title="bbox 14 784 1618 877">
    <p class='ocr_par' dir='ltr' id='par_1_9' title="bbox 14 784 1618 877">
     <span class='ocr_line' id='line_1_9' title="bbox 14 784 1618 877; baseline -0.002 -16"><span class='ocrx_word' id='word_1_44' title='bbox 14 784 239 862; x_wconf 78' lang='grc' dir='ltr'>στόλων</span> <span class='ocrx_word' id='word_1_45' title='bbox 288 807 587 875; x_wconf 70' lang='grc' dir='ltr'><strong>σάλπιγγες</strong></span> <span class='ocrx_word' id='word_1_46' title='bbox 607 784 720 871; x_wconf 62' lang='grc' dir='ltr'><strong>,ἀς</strong></span> <span class='ocrx_word' id='word_1_47' title='bbox 761 805 1049 876; x_wconf 82' lang='grc' dir='ltr'><strong>κερατίνας</strong></span> <span class='ocrx_word' id='word_1_48' title='bbox 1136 784 1318 876; x_wconf 83' lang='grc' dir='ltr'>Νόμος</span> <span class='ocrx_word' id='word_1_49' title='bbox 1346 807 1500 877; x_wconf 79' lang='grc' dir='ltr'>φησὶ,</span> <span class='ocrx_word' id='word_1_50' title='bbox 1528 804 1618 859; x_wconf 79' lang='grc' dir='ltr'><strong>διὰ</strong></span> 
     </span>
    </p>
   </div>
   <div class='ocr_carea' id='block_1_10' title="bbox 13 897 1619 972">
    <p class='ocr_par' dir='ltr' id='par_1_10' title="bbox 13 897 1619 972">
     <span class='ocr_line' id='line_1_10' title="bbox 13 897 1619 972; baseline -0.002 -17"><span class='ocrx_word' id='word_1_51' title='bbox 13 902 69 954; x_wconf 81' lang='grc' dir='ltr'><strong>τὸ</strong></span> <span class='ocrx_word' id='word_1_52' title='bbox 102 898 265 955; x_wconf 76' lang='grc' dir='ltr'>εἶναι</span> <span class='ocrx_word' id='word_1_53' title='bbox 293 901 473 954; x_wconf 82' lang='grc' dir='ltr'>αὐτῶν</span> <span class='ocrx_word' id='word_1_54' title='bbox 501 900 600 972; x_wconf 85' lang='grc' dir='ltr'>τὴν</span> <span class='ocrx_word' id='word_1_55' title='bbox 628 899 970 971; x_wconf 83' lang='grc' dir='ltr'>κατασκευὴν</span> <span class='ocrx_word' id='word_1_56' title='bbox 1002 899 1067 951; x_wconf 75' lang='grc' dir='ltr'>ὲκ</span> <span class='ocrx_word' id='word_1_57' title='bbox 1098 898 1193 951; x_wconf 88' lang='grc' dir='ltr'><strong>τοῦ</strong></span> <span class='ocrx_word' id='word_1_58' title='bbox 1224 897 1478 968; x_wconf 82' lang='grc' dir='ltr'><strong>ἀληθινοῦ</strong></span> <span class='ocrx_word' id='word_1_59' title='bbox 1522 916 1619 969; x_wconf 78' lang='grc' dir='ltr'>μο-</span> 
     </span>
    </p>
   </div>
   <div class='ocr_carea' id='block_1_11' title="bbox 14 990 1616 1064">
    <p class='ocr_par' dir='ltr' id='par_1_11' title="bbox 14 990 1616 1064">
     <span class='ocr_line' id='line_1_11' title="bbox 14 990 1616 1064; baseline -0.001 -19"><span class='ocrx_word' id='word_1_60' title='bbox 14 993 359 1064; x_wconf 63' lang='grc' dir='ltr'>ωκέρωτος.</span> <span class='ocrx_word' id='word_1_61' title='bbox 408 993 474 1048; x_wconf 80' lang='grc' dir='ltr'>Δί</span> <span class='ocrx_word' id='word_1_62' title='bbox 523 992 665 1047; x_wconf 87' lang='grc' dir='ltr'>κατὰ</span> <span class='ocrx_word' id='word_1_63' title='bbox 710 993 811 1063; x_wconf 80' lang='grc' dir='ltr'>τὴν</span> <span class='ocrx_word' id='word_1_64' title='bbox 860 990 952 1045; x_wconf 90' lang='grc' dir='ltr'><strong>τοῦ</strong></span> <span class='ocrx_word' id='word_1_65' title='bbox 1001 991 1315 1062; x_wconf 87' lang='grc' dir='ltr'>Πνεύματος</span> <span class='ocrx_word' id='word_1_66' title='bbox 1354 990 1616 1061; x_wconf 83' lang='grc' dir='ltr'>δύναμιν,</span> 
     </span>
    </p>
   </div>
   <div class='ocr_carea' id='block_1_12' title="bbox 14 1082 1617 1157">
    <p class='ocr_par' dir='ltr' id='par_1_12' title="bbox 14 1082 1617 1157">
     <span class='ocr_line' id='line_1_12' title="bbox 14 1082 1617 1157; baseline -0.002 -19"><span class='ocrx_word' id='word_1_67' title='bbox 14 1084 289 1139; x_wconf 73' lang='grc' dir='ltr'>σύντονον</span> <span class='ocrx_word' id='word_1_68' title='bbox 332 1086 425 1139; x_wconf 79' lang='grc' dir='ltr'><strong>τὸν</strong></span> <span class='ocrx_word' id='word_1_69' title='bbox 472 1086 573 1157; x_wconf 81' lang='grc' dir='ltr'>τῆς</span> <span class='ocrx_word' id='word_1_70' title='bbox 616 1084 875 1155; x_wconf 81' lang='grc' dir='ltr'><strong>ἀληθείας</strong></span> <span class='ocrx_word' id='word_1_71' title='bbox 918 1085 1129 1155; x_wconf 73' lang='grc' dir='ltr'>ἤχησαν</span> <span class='ocrx_word' id='word_1_72' title='bbox 1158 1083 1334 1151; x_wconf 90' lang='grc' dir='ltr'>λόγον,</span> <span class='ocrx_word' id='word_1_73' title='bbox 1385 1083 1472 1135; x_wconf 88' lang='grc' dir='ltr'>ἶνα</span> <span class='ocrx_word' id='word_1_74' title='bbox 1520 1082 1617 1152; x_wconf 82' lang='grc' dir='ltr'><strong>τῆς</strong></span> 
     </span>
    </p>
   </div>
   <div class='ocr_carea' id='block_1_13' title="bbox 14 1173 1621 1248">
    <p class='ocr_par' dir='ltr' id='par_1_13' title="bbox 14 1173 1621 1248">
     <span class='ocr_line' id='line_1_13' title="bbox 14 1173 1621 1248; baseline -0.001 -20"><span class='ocrx_word' id='word_1_75' title='bbox 14 1178 196 1248; x_wconf 78' lang='grc' dir='ltr'>ἀκοῆς</span> <span class='ocrx_word' id='word_1_76' title='bbox 221 1177 335 1231; x_wconf 82' lang='grc' dir='ltr'>τῶν</span> <span class='ocrx_word' id='word_1_77' title='bbox 359 1177 464 1231; x_wconf 81' lang='grc' dir='ltr'>ὑπὸ</span> <span class='ocrx_word' id='word_1_78' title='bbox 492 1181 591 1247; x_wconf 83' lang='grc' dir='ltr'>τῆς</span> <span class='ocrx_word' id='word_1_79' title='bbox 618 1176 892 1247; x_wconf 81' lang='grc' dir='ltr'>ἁμαρτίας</span> <span class='ocrx_word' id='word_1_80' title='bbox 921 1175 1399 1246; x_wconf 82' lang='grc' dir='ltr'>ὲμπεφραγμένων</span> <span class='ocrx_word' id='word_1_81' title='bbox 1423 1173 1621 1227; x_wconf 85' lang='grc' dir='ltr'>διανοι-</span> 
     </span>
    </p>
   </div>
   <div class='ocr_carea' id='block_1_14' title="bbox 14 1265 1619 1340">
    <p class='ocr_par' dir='ltr' id='par_1_14' title="bbox 14 1265 1619 1340">
     <span class='ocr_line' id='line_1_14' title="bbox 14 1265 1619 1340; baseline -0.001 -20"><span class='ocrx_word' id='word_1_82' title='bbox 14 1268 279 1339; x_wconf 81' lang='grc' dir='ltr'>χθείσης,</span> <span class='ocrx_word' id='word_1_83' title='bbox 334 1270 431 1340; x_wconf 89' lang='grc' dir='ltr'><strong>μία</strong></span> <span class='ocrx_word' id='word_1_84' title='bbox 458 1269 681 1339; x_wconf 85' lang='grc' dir='ltr'>γένηται</span> <span class='ocrx_word' id='word_1_85' title='bbox 717 1269 1005 1338; x_wconf 87' lang='grc' dir='ltr'>σύμφωνος</span> <span class='ocrx_word' id='word_1_86' title='bbox 1045 1266 1227 1339; x_wconf 79' lang='grc' dir='ltr'>ἑορτὴ.</span> <span class='ocrx_word' id='word_1_87' title='bbox 1276 1266 1362 1321; x_wconf 83' lang='grc' dir='ltr'><strong>διὰ</strong></span> <span class='ocrx_word' id='word_1_88' title='bbox 1386 1265 1481 1320; x_wconf 92' lang='grc' dir='ltr'><strong>τοῦ</strong></span> <span class='ocrx_word' id='word_1_89' title='bbox 1514 1284 1619 1318; x_wconf 89' lang='grc' dir='ltr'>πυ-</span> 
     </span>
    </p>
   </div>
   <div class='ocr_carea' id='block_1_15' title="bbox 14 1358 1620 1434">
    <p class='ocr_par' dir='ltr' id='par_1_15' title="bbox 14 1358 1620 1434">
     <span class='ocr_line' id='line_1_15' title="bbox 14 1358 1620 1434; baseline -0.001 -21"><span class='ocrx_word' id='word_1_90' title='bbox 14 1362 251 1431; x_wconf 86' lang='grc' dir='ltr'>κασμοῦ</span> <span class='ocrx_word' id='word_1_91' title='bbox 279 1362 379 1433; x_wconf 81' lang='grc' dir='ltr'>τῆς</span> <span class='ocrx_word' id='word_1_92' title='bbox 402 1362 776 1434; x_wconf 77' lang='grc' dir='ltr'><strong>σκηνοπηγίας</strong></span> <span class='ocrx_word' id='word_1_93' title='bbox 802 1363 901 1431; x_wconf 88' lang='grc' dir='ltr'>τῆς</span> <span class='ocrx_word' id='word_1_94' title='bbox 930 1361 1079 1415; x_wconf 90' lang='grc' dir='ltr'>κάτω</span> <span class='ocrx_word' id='word_1_95' title='bbox 1108 1361 1340 1423; x_wconf 77' lang='grc' dir='ltr'><strong>κτίσεως</strong></span> <span class='ocrx_word' id='word_1_96' title='bbox 1363 1359 1499 1430; x_wconf 77' lang='grc' dir='ltr'>πρὸς</span> <span class='ocrx_word' id='word_1_97' title='bbox 1520 1358 1620 1421; x_wconf 81' lang='grc' dir='ltr'>τὰς</span> 
     </span>
    </p>
   </div>
   <div class='ocr_carea' id='block_1_16' title="bbox 14 1448 1621 1524">
    <p class='ocr_par' dir='ltr' id='par_1_16' title="bbox 14 1448 1621 1524">
     <span class='ocr_line' id='line_1_16' title="bbox 14 1448 1621 1524; baseline -0.003 -20"><span class='ocrx_word' id='word_1_98' title='bbox 14 1454 328 1523; x_wconf 78' lang='grc' dir='ltr'>ὲξεχούσας</span> <span class='ocrx_word' id='word_1_99' title='bbox 377 1454 472 1507; x_wconf 78' lang='grc' dir='ltr'>καὶ</span> <span class='ocrx_word' id='word_1_100' title='bbox 517 1451 962 1524; x_wconf 76' lang='grc' dir='ltr'>προϐεσλημένας</span> <span class='ocrx_word' id='word_1_101' title='bbox 1004 1450 1131 1521; x_wconf 73' lang='grc' dir='ltr'>περὶ</span> <span class='ocrx_word' id='word_1_102' title='bbox 1170 1450 1230 1502; x_wconf 76' lang='grc' dir='ltr'>τὸ</span> <span class='ocrx_word' id='word_1_103' title='bbox 1270 1449 1382 1503; x_wconf 77' lang='grc' dir='ltr'><strong>ἀνω</strong></span> <span class='ocrx_word' id='word_1_104' title='bbox 1432 1448 1621 1501; x_wconf 88' lang='grc' dir='ltr'>θυσια-</span> 
     </span>
    </p>
   </div>
   <div class='ocr_carea' id='block_1_17' title="bbox 17 1538 1619 1616">
    <p class='ocr_par' dir='ltr' id='par_1_17' title="bbox 17 1538 1619 1616">
     <span class='ocr_line' id='line_1_17' title="bbox 17 1538 1619 1616; baseline -0.004 -18"><span class='ocrx_word' id='word_1_105' title='bbox 17 1548 261 1616; x_wconf 82' lang='grc' dir='ltr'>στήριον</span> <span class='ocrx_word' id='word_1_106' title='bbox 289 1546 548 1616; x_wconf 87' lang='grc' dir='ltr'>δυνάμεις</span> <span class='ocrx_word' id='word_1_107' title='bbox 589 1542 993 1614; x_wconf 86' lang='grc' dir='ltr'>συνυπηχοῦσα.</span> <span class='ocrx_word' id='word_1_108' title='bbox 1046 1542 1128 1597; x_wconf 89' lang='grc' dir='ltr'><strong>Τά</strong></span> <span class='ocrx_word' id='word_1_109' title='bbox 1156 1544 1264 1613; x_wconf 74' lang='grc' dir='ltr'><strong>γάρ</strong></span> <span class='ocrx_word' id='word_1_110' title='bbox 1289 1541 1496 1612; x_wconf 82' lang='grc' dir='ltr'>κέρατα</span> <span class='ocrx_word' id='word_1_111' title='bbox 1526 1538 1619 1593; x_wconf 88' lang='grc' dir='ltr'><strong>τοῦ</strong></span> 
     </span>
    </p>
   </div>
   <div class='ocr_carea' id='block_1_18' title="bbox 15 1630 1621 1709">
    <p class='ocr_par' dir='ltr' id='par_1_18' title="bbox 15 1630 1621 1709">
     <span class='ocr_line' id='line_1_18' title="bbox 15 1630 1621 1709; baseline -0.004 -18"><span class='ocrx_word' id='word_1_112' title='bbox 15 1638 230 1709; x_wconf 79' lang='grc' dir='ltr'>νοητοῦ</span> <span class='ocrx_word' id='word_1_113' title='bbox 279 1636 665 1708; x_wconf 84' lang='grc' dir='ltr'>θυσιαστηρίου</span> <span class='ocrx_word' id='word_1_114' title='bbox 715 1638 771 1690; x_wconf 75' lang='lat' dir='ltr'><strong>ai</strong></span> <span class='ocrx_word' id='word_1_115' title='bbox 816 1634 1254 1707; x_wconf 75' lang='grc' dir='ltr'>προϐεϐλημέναι</span> <span class='ocrx_word' id='word_1_116' title='bbox 1302 1650 1360 1686; x_wconf 87' lang='grc' dir='ltr'><strong>τε</strong></span> <span class='ocrx_word' id='word_1_117' title='bbox 1407 1633 1502 1686; x_wconf 62' lang='grc' dir='ltr'><strong>καὶ¹</strong></span> <span class='ocrx_word' id='word_1_118' title='bbox 1534 1630 1621 1696; x_wconf 78' lang='grc' dir='ltr'><strong>ἐξ·</strong></span> 
     </span>
    </p>
   </div>
   <div class='ocr_carea' id='block_1_19' title="bbox 20 1724 1618 1799">
    <p class='ocr_par' dir='ltr' id='par_1_19' title="bbox 20 1724 1618 1799">
     <span class='ocr_line' id='line_1_19' title="bbox 20 1724 1618 1799; baseline -0.004 -18"><span class='ocrx_word' id='word_1_119' title='bbox 20 1729 261 1797; x_wconf 83' lang='grc' dir='ltr'>έχουσαι</span> <span class='ocrx_word' id='word_1_120' title='bbox 293 1730 392 1799; x_wconf 77' lang='grc' dir='ltr'>τῆς</span> <span class='ocrx_word' id='word_1_121' title='bbox 418 1728 607 1797; x_wconf 78' lang='grc' dir='ltr'>νοερᾶς</span> <span class='ocrx_word' id='word_1_122' title='bbox 642 1726 855 1795; x_wconf 87' lang='grc' dir='ltr'>φύσεως</span> <span class='ocrx_word' id='word_1_123' title='bbox 875 1726 1142 1795; x_wconf 82' lang='grc' dir='ltr'><strong>Δυνάμεις</strong></span> <span class='ocrx_word' id='word_1_124' title='bbox 1164 1724 1527 1795; x_wconf 76' lang='grc' dir='ltr'>είσὶν,Ἀρχαί</span> <span class='ocrx_word' id='word_1_125' title='bbox 1560 1739 1618 1774; x_wconf 85' lang='grc' dir='ltr'><strong>τε</strong></span> 
     </span>
    </p>
   </div>
   <div class='ocr_carea' id='block_1_20' title="bbox 1718 532 3300 597">
    <p class='ocr_par' dir='ltr' id='par_1_20' title="bbox 1718 532 3300 597">
     <span class='ocr_line' id='line_1_20' title="bbox 1718 532 3300 597; baseline 0.003 -12"><span class='ocrx_word' id='word_1_126' title='bbox 1718 542 1839 588; x_wconf 88' lang='lat' dir='ltr'><strong>ctus</strong></span> <span class='ocrx_word' id='word_1_127' title='bbox 1859 540 2000 597; x_wconf 90' lang='lat' dir='ltr'><strong>erat,</strong></span> <span class='ocrx_word' id='word_1_128' title='bbox 2024 548 2148 587; x_wconf 91' lang='lat' dir='ltr'><strong>cum</strong></span> <span class='ocrx_word' id='word_1_129' title='bbox 2176 532 2416 587; x_wconf 88' lang='lat' dir='ltr'><strong>humana</strong></span> <span class='ocrx_word' id='word_1_130' title='bbox 2448 542 2646 587; x_wconf 89' lang='lat' dir='ltr'><strong>natura</strong></span> <span class='ocrx_word' id='word_1_131' title='bbox 2677 548 2801 588; x_wconf 88' lang='lat' dir='ltr'><strong>cum</strong></span> <span class='ocrx_word' id='word_1_132' title='bbox 2835 533 3118 589; x_wconf 81' lang='lat' dir='ltr'><strong>beatorum</strong></span> <span class='ocrx_word' id='word_1_133' title='bbox 3145 550 3300 589; x_wconf 89' lang='lat' dir='ltr'><strong>men-</strong></span> 
     </span>
    </p>
   </div>
   <div class='ocr_carea' id='block_1_21' title="bbox 1718 623 3300 687">
    <p class='ocr_par' dir='ltr' id='par_1_21' title="bbox 1718 623 3300 687">
     <span class='ocr_line' id='line_1_21' title="bbox 1718 623 3300 687; baseline 0 -10"><span class='ocrx_word' id='word_1_134' title='bbox 1718 623 1856 677; x_wconf 88' lang='lat' dir='ltr'><strong>tium</strong></span> <span class='ocrx_word' id='word_1_135' title='bbox 1890 632 2087 677; x_wconf 88' lang='lat' dir='ltr'><strong>natura</strong></span> <span class='ocrx_word' id='word_1_136' title='bbox 2116 625 2170 678; x_wconf 91' lang='lat' dir='ltr'><strong>in</strong></span> <span class='ocrx_word' id='word_1_137' title='bbox 2201 623 2537 679; x_wconf 87' lang='lat' dir='ltr'><strong>celebrando</strong></span> <span class='ocrx_word' id='word_1_138' title='bbox 2568 640 2677 678; x_wconf 90' lang='lat' dir='ltr'><strong>non</strong></span> <span class='ocrx_word' id='word_1_139' title='bbox 2712 624 3058 687; x_wconf 90' lang='lat' dir='ltr'><strong>conveniret,</strong></span> <span class='ocrx_word' id='word_1_140' title='bbox 3086 624 3300 679; x_wconf 89' lang='lat' dir='ltr'><strong>idcirco</strong></span> 
     </span>
    </p>
   </div>
   <div class='ocr_carea' id='block_1_22' title="bbox 1719 715 3300 787">
    <p class='ocr_par' dir='ltr' id='par_1_22' title="bbox 1719 715 3300 787">
     <span class='ocr_line' id='line_1_22' title="bbox 1719 715 3300 787; baseline 0.003 -20"><span class='ocrx_word' id='word_1_141' title='bbox 1719 726 1994 770; x_wconf 90' lang='lat' dir='ltr'><strong>venerunt</strong></span> <span class='ocrx_word' id='word_1_142' title='bbox 2018 715 2411 786; x_wconf 90' lang='lat' dir='ltr'><strong>prophetarum</strong></span> <span class='ocrx_word' id='word_1_143' title='bbox 2450 724 2503 770; x_wconf 87' lang='lat' dir='ltr'><strong>et</strong></span> <span class='ocrx_word' id='word_1_144' title='bbox 2533 718 2913 787; x_wconf 74' lang='lat' dir='ltr'><strong>apostolorum</strong></span> <span class='ocrx_word' id='word_1_145' title='bbox 2942 718 3136 781; x_wconf 53' lang='lat' dir='ltr'><strong>turbae,</strong></span> <span class='ocrx_word' id='word_1_146' title='bbox 3160 734 3300 787; x_wconf 85' lang='lat' dir='ltr'><strong>quas</strong></span> 
     </span>
    </p>
   </div>
   <div class='ocr_carea' id='block_1_23' title="bbox 1719 805 3301 881">
    <p class='ocr_par' dir='ltr' id='par_1_23' title="bbox 1719 805 3301 881">
     <span class='ocr_line' id='line_1_23' title="bbox 1719 805 3301 881; baseline 0.003 -20"><span class='ocrx_word' id='word_1_147' title='bbox 1719 805 1832 862; x_wconf 78' lang='lat' dir='ltr'><strong>Lex</strong></span> <span class='ocrx_word' id='word_1_148' title='bbox 1866 822 2103 863; x_wconf 86' lang='lat' dir='ltr'><strong>corneas</strong></span> <span class='ocrx_word' id='word_1_149' title='bbox 2132 817 2314 873; x_wconf 88' lang='lat' dir='ltr'><strong>vocat,</strong></span> <span class='ocrx_word' id='word_1_150' title='bbox 2342 810 2471 881; x_wconf 87' lang='lat' dir='ltr'><strong>quia</strong></span> <span class='ocrx_word' id='word_1_151' title='bbox 2496 826 2562 864; x_wconf 78' lang='lat' dir='ltr'><strong>ex</strong></span> <span class='ocrx_word' id='word_1_152' title='bbox 2594 825 2724 866; x_wconf 92' lang='lat' dir='ltr'><strong>vero</strong></span> <span class='ocrx_word' id='word_1_153' title='bbox 2748 810 3001 865; x_wconf 90' lang='lat' dir='ltr'><strong>unicorni</strong></span> <span class='ocrx_word' id='word_1_154' title='bbox 3033 811 3301 867; x_wconf 74' lang='lat' dir='ltr'><strong>confecta:</strong></span> 
     </span>
    </p>
   </div>
   <div class='ocr_carea' id='block_1_24' title="bbox 1718 898 3299 969">
    <p class='ocr_par' dir='ltr' id='par_1_24' title="bbox 1718 898 3299 969">
     <span class='ocr_line' id='line_1_24' title="bbox 1718 898 3299 969; baseline 0.004 -16"><span class='ocrx_word' id='word_1_155' title='bbox 1718 908 1870 954; x_wconf 90' lang='lat' dir='ltr'><strong>sunt.</strong></span> <span class='ocrx_word' id='word_1_156' title='bbox 1894 899 1984 954; x_wconf 77' lang='lat' dir='ltr'><strong>Ha:</strong></span> <span class='ocrx_word' id='word_1_157' title='bbox 2013 898 2220 969; x_wconf 80' lang='lat' dir='ltr'><strong>Spiritu</strong></span> <span class='ocrx_word' id='word_1_158' title='bbox 2250 910 2444 956; x_wconf 90' lang='lat' dir='ltr'><strong>sancto</strong></span> <span class='ocrx_word' id='word_1_159' title='bbox 2467 902 2666 956; x_wconf 68' lang='lat' dir='ltr'><strong>inflata:</strong></span> <span class='ocrx_word' id='word_1_160' title='bbox 2695 903 3017 957; x_wconf 87' lang='lat' dir='ltr'><strong>continuum</strong></span> <span class='ocrx_word' id='word_1_161' title='bbox 3049 903 3299 959; x_wconf 76' lang='lat' dir='ltr'><strong>veritatis</strong></span> 
     </span>
    </p>
   </div>
   <div class='ocr_carea' id='block_1_25' title="bbox 1721 992 3298 1064">
    <p class='ocr_par' dir='ltr' id='par_1_25' title="bbox 1721 992 3298 1064">
     <span class='ocr_line' id='line_1_25' title="bbox 1721 992 3298 1064; baseline 0 -18"><span class='ocrx_word' id='word_1_162' title='bbox 1721 1006 1917 1046; x_wconf 91' lang='lat' dir='ltr'><strong>sonum</strong></span> <span class='ocrx_word' id='word_1_163' title='bbox 1951 992 2327 1060; x_wconf 89' lang='lat' dir='ltr'><strong>protulerunt,</strong></span> <span class='ocrx_word' id='word_1_164' title='bbox 2355 1001 2416 1047; x_wconf 91' lang='lat' dir='ltr'><strong>ut</strong></span> <span class='ocrx_word' id='word_1_165' title='bbox 2443 993 2674 1047; x_wconf 84' lang='lat' dir='ltr'><strong>auribus</strong></span> <span class='ocrx_word' id='word_1_166' title='bbox 2701 1009 2919 1057; x_wconf 90' lang='lat' dir='ltr'><strong>eorum,</strong></span> <span class='ocrx_word' id='word_1_167' title='bbox 2947 996 3041 1064; x_wconf 89' lang='lat' dir='ltr'><strong>qui</strong></span> <span class='ocrx_word' id='word_1_168' title='bbox 3070 1002 3298 1064; x_wconf 83' lang='lat' dir='ltr'><strong>propter</strong></span> 
     </span>
    </p>
   </div>
   <div class='ocr_carea' id='block_1_26' title="bbox 1720 1084 3297 1156">
    <p class='ocr_par' dir='ltr' id='par_1_26' title="bbox 1720 1084 3297 1156">
     <span class='ocr_line' id='line_1_26' title="bbox 1720 1084 3297 1156; baseline -0.001 -17"><span class='ocrx_word' id='word_1_169' title='bbox 1720 1091 2011 1155; x_wconf 85' lang='lat' dir='ltr'><strong>peccatum</strong></span> <span class='ocrx_word' id='word_1_170' title='bbox 2048 1084 2479 1147; x_wconf 82' lang='lat' dir='ltr'><strong>obsurduerant,</strong></span> <span class='ocrx_word' id='word_1_171' title='bbox 2512 1085 2823 1155; x_wconf 80' lang='lat' dir='ltr'><strong>patefactis,</strong></span> <span class='ocrx_word' id='word_1_172' title='bbox 2856 1102 2953 1156; x_wconf 92' lang='lat' dir='ltr'><strong>per</strong></span> <span class='ocrx_word' id='word_1_173' title='bbox 2983 1085 3297 1140; x_wconf 89' lang='lat' dir='ltr'><strong>condensa-</strong></span> 
     </span>
    </p>
   </div>
   <div class='ocr_carea' id='block_1_27' title="bbox 1720 1176 3297 1246">
    <p class='ocr_par' dir='ltr' id='par_1_27' title="bbox 1720 1176 3297 1246">
     <span class='ocr_line' id='line_1_27' title="bbox 1720 1176 3297 1246; baseline -0.001 -15"><span class='ocrx_word' id='word_1_174' title='bbox 1720 1178 1925 1231; x_wconf 90' lang='lat' dir='ltr'><strong>tionem</strong></span> <span class='ocrx_word' id='word_1_175' title='bbox 1960 1176 2305 1232; x_wconf 85' lang='lat' dir='ltr'><strong>tabernaculi</strong></span> <span class='ocrx_word' id='word_1_176' title='bbox 2336 1176 2619 1231; x_wconf 87' lang='lat' dir='ltr'><strong>inferioris</strong></span> <span class='ocrx_word' id='word_1_177' title='bbox 2655 1191 2779 1230; x_wconf 89' lang='lat' dir='ltr'><strong>cum</strong></span> <span class='ocrx_word' id='word_1_178' title='bbox 2820 1176 3038 1231; x_wconf 76' lang='lat' dir='ltr'><strong>eximiis</strong></span> <span class='ocrx_word' id='word_1_179' title='bbox 3076 1184 3133 1231; x_wconf 88' lang='lat' dir='ltr'><strong>et</strong></span> <span class='ocrx_word' id='word_1_180' title='bbox 3162 1190 3297 1246; x_wconf 74' lang='lat' dir='ltr'><strong>pra:-</strong></span> 
     </span>
    </p>
   </div>
   <div class='ocr_carea' id='block_1_28' title="bbox 1721 1268 3297 1338">
    <p class='ocr_par' dir='ltr' id='par_1_28' title="bbox 1721 1268 3297 1338">
     <span class='ocr_line' id='line_1_28' title="bbox 1721 1268 3297 1338; baseline -0.001 -15"><span class='ocrx_word' id='word_1_181' title='bbox 1721 1270 1999 1324; x_wconf 87' lang='lat' dir='ltr'><strong>stantibus</strong></span> <span class='ocrx_word' id='word_1_182' title='bbox 2039 1269 2148 1324; x_wconf 91' lang='lat' dir='ltr'><strong>illis</strong></span> <span class='ocrx_word' id='word_1_183' title='bbox 2180 1268 2504 1333; x_wconf 79' lang='lat' dir='ltr'><strong>virtutibus,</strong></span> <span class='ocrx_word' id='word_1_184' title='bbox 2531 1284 2656 1337; x_wconf 65' lang='lat' dir='ltr'><strong>qum</strong></span> <span class='ocrx_word' id='word_1_185' title='bbox 2690 1268 2757 1322; x_wconf 86' lang='lat' dir='ltr'><strong>ad</strong></span> <span class='ocrx_word' id='word_1_186' title='bbox 2799 1268 2972 1323; x_wconf 87' lang='lat' dir='ltr'><strong>altare</strong></span> <span class='ocrx_word' id='word_1_187' title='bbox 2996 1283 3297 1338; x_wconf 88' lang='lat' dir='ltr'><strong>supernum</strong></span> 
     </span>
    </p>
   </div>
   <div class='ocr_carea' id='block_1_29' title="bbox 1722 1358 3293 1425">
    <p class='ocr_par' dir='ltr' id='par_1_29' title="bbox 1722 1358 3293 1425">
     <span class='ocr_line' id='line_1_29' title="bbox 1722 1358 3293 1425; baseline -0.003 -10"><span class='ocrx_word' id='word_1_188' title='bbox 1722 1368 1932 1425; x_wconf 83' lang='lat' dir='ltr'><strong>astant,</strong></span> <span class='ocrx_word' id='word_1_189' title='bbox 1961 1362 2375 1423; x_wconf 90' lang='lat' dir='ltr'><strong>concinentem,</strong></span> <span class='ocrx_word' id='word_1_190' title='bbox 2409 1375 2517 1414; x_wconf 92' lang='lat' dir='ltr'><strong>una</strong></span> <span class='ocrx_word' id='word_1_191' title='bbox 2552 1358 2883 1415; x_wconf 86' lang='lat' dir='ltr'><strong>solemnitas</strong></span> <span class='ocrx_word' id='word_1_192' title='bbox 2900 1358 3293 1413; x_wconf 86' lang='lat' dir='ltr'><strong>celebraretur.</strong></span> 
     </span>
    </p>
   </div>
   <div class='ocr_carea' id='block_1_30' title="bbox 1722 1449 3300 1508">
    <p class='ocr_par' dir='ltr' id='par_1_30' title="bbox 1722 1449 3300 1508">
     <span class='ocr_line' id='line_1_30' title="bbox 1722 1449 3300 1508; baseline -0.003 -1"><span class='ocrx_word' id='word_1_193' title='bbox 1722 1452 1904 1507; x_wconf 81' lang='lat' dir='ltr'><strong>Divini</strong></span> <span class='ocrx_word' id='word_1_194' title='bbox 1950 1452 2099 1508; x_wconf 89' lang='lat' dir='ltr'><strong>enim</strong></span> <span class='ocrx_word' id='word_1_195' title='bbox 2133 1452 2285 1507; x_wconf 85' lang='lat' dir='ltr'><strong>illius</strong></span> <span class='ocrx_word' id='word_1_196' title='bbox 2330 1452 2524 1505; x_wconf 86' lang='lat' dir='ltr'><strong>altaris</strong></span> <span class='ocrx_word' id='word_1_197' title='bbox 2566 1465 2777 1505; x_wconf 84' lang='lat' dir='ltr'><strong>cornua</strong></span> <span class='ocrx_word' id='word_1_198' title='bbox 2828 1457 2958 1503; x_wconf 91' lang='lat' dir='ltr'><strong>sunt</strong></span> <span class='ocrx_word' id='word_1_199' title='bbox 2998 1449 3215 1503; x_wconf 78' lang='lat' dir='ltr'><strong>eximia:</strong></span> <span class='ocrx_word' id='word_1_200' title='bbox 3245 1459 3300 1502; x_wconf 90' lang='lat' dir='ltr'><strong>et</strong></span> 
     </span>
    </p>
   </div>
   <div class='ocr_carea' id='block_1_31' title="bbox 1722 1541 3299 1616">
    <p class='ocr_par' dir='ltr' id='par_1_31' title="bbox 1722 1541 3299 1616">
     <span class='ocr_line' id='line_1_31' title="bbox 1722 1541 3299 1616; baseline -0.003 -16"><span class='ocrx_word' id='word_1_201' title='bbox 1722 1552 2047 1616; x_wconf 65' lang='lat' dir='ltr'><strong>praestantes</strong></span> <span class='ocrx_word' id='word_1_202' title='bbox 2077 1545 2320 1600; x_wconf 72' lang='lat' dir='ltr'><strong>cmlestis</strong></span> <span class='ocrx_word' id='word_1_203' title='bbox 2368 1554 2577 1599; x_wconf 83' lang='lat' dir='ltr'><strong>naturae</strong></span> <span class='ocrx_word' id='word_1_204' title='bbox 2622 1544 2885 1607; x_wconf 88' lang='lat' dir='ltr'><strong>Virtutes,</strong></span> <span class='ocrx_word' id='word_1_205' title='bbox 2917 1550 2974 1598; x_wconf 92' lang='lat' dir='ltr'><strong>et</strong></span> <span class='ocrx_word' id='word_1_206' title='bbox 3013 1541 3299 1613; x_wconf 86' lang='lat' dir='ltr'><strong>Principa-</strong></span> 
     </span>
    </p>
   </div>
   <div class='ocr_carea' id='block_1_32' title="bbox 1721 1632 3299 1701">
    <p class='ocr_par' dir='ltr' id='par_1_32' title="bbox 1721 1632 3299 1701">
     <span class='ocr_line' id='line_1_32' title="bbox 1721 1632 3299 1701; baseline -0.003 -13"><span class='ocrx_word' id='word_1_207' title='bbox 1721 1643 1834 1698; x_wconf 90' lang='lat' dir='ltr'><strong>tus,</strong></span> <span class='ocrx_word' id='word_1_208' title='bbox 1864 1643 1920 1690; x_wconf 90' lang='lat' dir='ltr'><strong>et</strong></span> <span class='ocrx_word' id='word_1_209' title='bbox 1945 1632 2278 1700; x_wconf 88' lang='lat' dir='ltr'><strong>Potestates,</strong></span> <span class='ocrx_word' id='word_1_210' title='bbox 2302 1642 2356 1688; x_wconf 91' lang='lat' dir='ltr'><strong>et</strong></span> <span class='ocrx_word' id='word_1_211' title='bbox 2376 1633 2606 1700; x_wconf 87' lang='lat' dir='ltr'><strong>Throni,</strong></span> <span class='ocrx_word' id='word_1_212' title='bbox 2630 1643 2689 1689; x_wconf 91' lang='lat' dir='ltr'><strong>et</strong></span> <span class='ocrx_word' id='word_1_213' title='bbox 2712 1633 3147 1696; x_wconf 77' lang='lat' dir='ltr'><strong>Doniinationes,</strong></span> <span class='ocrx_word' id='word_1_214' title='bbox 3176 1632 3299 1701; x_wconf 82' lang='lat' dir='ltr'><strong>qui—</strong></span> 
     </span>
    </p>
   </div>
   <div class='ocr_carea' id='block_1_33' title="bbox 1723 1725 3299 1798">
    <p class='ocr_par' dir='ltr' id='par_1_33' title="bbox 1723 1725 3299 1798">
     <span class='ocr_line' id='line_1_33' title="bbox 1723 1725 3299 1798; baseline -0.003 -16"><span class='ocrx_word' id='word_1_215' title='bbox 1723 1727 1957 1783; x_wconf 88' lang='lat' dir='ltr'><strong>buscum</strong></span> <span class='ocrx_word' id='word_1_216' title='bbox 1989 1744 2082 1798; x_wconf 89' lang='lat' dir='ltr'><strong>per</strong></span> <span class='ocrx_word' id='word_1_217' title='bbox 2106 1728 2452 1783; x_wconf 85' lang='lat' dir='ltr'><strong>tabernaculi</strong></span> <span class='ocrx_word' id='word_1_218' title='bbox 2483 1728 2873 1782; x_wconf 75' lang='lat' dir='ltr'><strong>excitationem</strong></span> <span class='ocrx_word' id='word_1_219' title='bbox 2898 1728 2952 1780; x_wconf 90' lang='lat' dir='ltr'><strong>in</strong></span> <span class='ocrx_word' id='word_1_220' title='bbox 2978 1725 3299 1782; x_wconf 86' lang='lat' dir='ltr'><strong>celebritate</strong></span> 
     </span>
    </p>
   </div>
   <div class='ocr_carea' id='block_1_34' title="bbox 16 1810 1611 1891">
    <p class='ocr_par' dir='ltr' id='par_1_34' title="bbox 16 1813 1611 1889">
     <span class='ocr_line' id='line_1_34' title="bbox 16 1813 1611 1889; baseline -0.004 -16"><span class='ocrx_word' id='word_1_221' title='bbox 16 1824 116 1873; x_wconf 76' lang='grc' dir='ltr'>καὶ</span> <span class='ocrx_word' id='word_1_222' title='bbox 138 1820 439 1884; x_wconf 80' lang='grc' dir='ltr'>Ἐξουσίαι,</span> <span class='ocrx_word' id='word_1_223' title='bbox 466 1819 559 1872; x_wconf 81' lang='grc' dir='ltr'><strong>καὶ</strong></span> <span class='ocrx_word' id='word_1_224' title='bbox 581 1818 791 1889; x_wconf 85' lang='grc' dir='ltr'>Θρόνοι,</span> <span class='ocrx_word' id='word_1_225' title='bbox 809 1818 905 1871; x_wconf 76' lang='grc' dir='ltr'>καὶ</span> <span class='ocrx_word' id='word_1_226' title='bbox 926 1817 1274 1888; x_wconf 68' lang='grc' dir='ltr'>κυριότητες·</span> <span class='ocrx_word' id='word_1_227' title='bbox 1299 1814 1435 1887; x_wconf 81' lang='grc' dir='ltr'>πρὸς</span> <span class='ocrx_word' id='word_1_228' title='bbox 1460 1813 1527 1875; x_wconf 77' lang='grc' dir='ltr'><strong>ἀς</strong></span> <span class='ocrx_word' id='word_1_229' title='bbox 1556 1814 1611 1882; x_wconf 66' lang='grc' dir='ltr'>τῗ</span> 
     </span>
    </p>
   </div>
   <div class='ocr_carea' id='block_1_35' title="bbox 1721 1810 3298 1891">
    <p class='ocr_par' dir='ltr' id='par_1_35' title="bbox 1728 1819 3298 1891">
     <span class='ocr_line' id='line_1_35' title="bbox 1728 1819 3298 1891; baseline -0.003 -17"><span class='ocrx_word' id='word_1_230' title='bbox 1728 1820 2089 1891; x_wconf 87' lang='lat' dir='ltr'><strong>conjungitur</strong></span> <span class='ocrx_word' id='word_1_231' title='bbox 2128 1820 2370 1875; x_wconf 81' lang='lat' dir='ltr'><strong>humana</strong></span> <span class='ocrx_word' id='word_1_232' title='bbox 2432 1827 2652 1885; x_wconf 85' lang='lat' dir='ltr'><strong>natura,</strong></span> <span class='ocrx_word' id='word_1_233' title='bbox 2694 1819 3055 1874; x_wconf 89' lang='lat' dir='ltr'><strong>renovatione</strong></span> <span class='ocrx_word' id='word_1_234' title='bbox 3101 1832 3298 1887; x_wconf 87' lang='lat' dir='ltr'><strong>corpo-</strong></span> 
     </span>
    </p>
   </div>
   <div class='ocr_carea' id='block_1_36' title="bbox 18 1908 1618 1984">
    <p class='ocr_par' dir='ltr' id='par_1_36' title="bbox 18 1908 1618 1984">
     <span class='ocr_line' id='line_1_36' title="bbox 18 1908 1618 1984; baseline -0.003 -18"><span class='ocrx_word' id='word_1_235' title='bbox 18 1914 295 1984; x_wconf 79' lang='grc' dir='ltr'>κοινωνίᾳ</span> <span class='ocrx_word' id='word_1_236' title='bbox 338 1913 437 1984; x_wconf 82' lang='grc' dir='ltr'>τῆς</span> <span class='ocrx_word' id='word_1_237' title='bbox 486 1911 681 1982; x_wconf 79' lang='grc' dir='ltr'>ἑορτῆς</span> <span class='ocrx_word' id='word_1_238' title='bbox 727 1912 1057 1966; x_wconf 78' lang='grc' dir='ltr'>συνάπτεται</span> <span class='ocrx_word' id='word_1_239' title='bbox 1099 1910 1190 1964; x_wconf 82' lang='grc' dir='ltr'><strong>διὰ</strong></span> <span class='ocrx_word' id='word_1_240' title='bbox 1215 1911 1316 1981; x_wconf 83' lang='grc' dir='ltr'><strong>τῆς</strong></span> <span class='ocrx_word' id='word_1_241' title='bbox 1352 1910 1493 1964; x_wconf 78' lang='grc' dir='ltr'><strong>κατά</strong></span> <span class='ocrx_word' id='word_1_242' title='bbox 1518 1908 1618 1979; x_wconf 81' lang='grc' dir='ltr'><strong>τὴν</strong></span> 
     </span>
    </p>
   </div>
   <div class='ocr_carea' id='block_1_37' title="bbox 18 2001 1619 2074">
    <p class='ocr_par' dir='ltr' id='par_1_37' title="bbox 18 2001 1619 2074">
     <span class='ocr_line' id='line_1_37' title="bbox 18 2001 1619 2074; baseline -0.001 -17"><span class='ocrx_word' id='word_1_243' title='bbox 18 2006 334 2059; x_wconf 78' lang='grc' dir='ltr'>ἀνάστασιν</span> <span class='ocrx_word' id='word_1_244' title='bbox 363 2003 735 2074; x_wconf 78' lang='grc' dir='ltr'>σκηνοπηγίας</span> <span class='ocrx_word' id='word_1_245' title='bbox 762 2004 795 2074; x_wconf 84' lang='grc' dir='ltr'><strong>ὴ</strong></span> <span class='ocrx_word' id='word_1_246' title='bbox 836 2002 1151 2073; x_wconf 84' lang='grc' dir='ltr'>ἀνθρωπίνη</span> <span class='ocrx_word' id='word_1_247' title='bbox 1180 2001 1362 2071; x_wconf 84' lang='grc' dir='ltr'>φύσις,</span> <span class='ocrx_word' id='word_1_248' title='bbox 1390 2005 1456 2073; x_wconf 77' lang='grc' dir='ltr'>τῇ</span> <span class='ocrx_word' id='word_1_249' title='bbox 1484 2002 1619 2056; x_wconf 87' lang='grc' dir='ltr'>ἀνα-</span> 
     </span>
    </p>
   </div>
   <div class='ocr_carea' id='block_1_38' title="bbox 20 2091 1620 2165">
    <p class='ocr_par' dir='ltr' id='par_1_38' title="bbox 20 2091 1620 2165">
     <span class='ocr_line' id='line_1_38' title="bbox 20 2091 1620 2165; baseline -0.001 -19"><span class='ocrx_word' id='word_1_250' title='bbox 20 2094 272 2147; x_wconf 85' lang='grc' dir='ltr'>καινίσει</span> <span class='ocrx_word' id='word_1_251' title='bbox 319 2093 429 2146; x_wconf 87' lang='grc' dir='ltr'><strong>τῶν</strong></span> <span class='ocrx_word' id='word_1_252' title='bbox 459 2093 726 2165; x_wconf 89' lang='grc' dir='ltr'>σωμάτων</span> <span class='ocrx_word' id='word_1_253' title='bbox 776 2092 1149 2163; x_wconf 76' lang='grc' dir='ltr'>πυκαζομένη.</span> <span class='ocrx_word' id='word_1_254' title='bbox 1201 2092 1275 2145; x_wconf 84' lang='grc' dir='ltr'><strong>Τὸ</strong></span> <span class='ocrx_word' id='word_1_255' title='bbox 1306 2091 1415 2163; x_wconf 87' lang='grc' dir='ltr'>γὰρ</span> <span class='ocrx_word' id='word_1_256' title='bbox 1443 2093 1620 2145; x_wconf 89' lang='grc' dir='ltr'>πυκά-</span> 
     </span>
    </p>
   </div>
   <div class='ocr_carea' id='block_1_39' title="bbox 20 2183 1616 2256">
    <p class='ocr_par' dir='ltr' id='par_1_39' title="bbox 20 2183 1616 2256">
     <span class='ocr_line' id='line_1_39' title="bbox 20 2183 1616 2256; baseline 0.001 -19"><span class='ocrx_word' id='word_1_257' title='bbox 20 2186 225 2249; x_wconf 80' lang='grc' dir='ltr'>ζεσθαι</span> <span class='ocrx_word' id='word_1_258' title='bbox 276 2183 392 2239; x_wconf 76' lang='grc' dir='ltr'>ἶσόν</span> <span class='ocrx_word' id='word_1_259' title='bbox 437 2187 554 2238; x_wconf 82' lang='grc' dir='ltr'>ἐστι</span> <span class='ocrx_word' id='word_1_260' title='bbox 598 2185 677 2256; x_wconf 85' lang='grc' dir='ltr'>τῷ</span> <span class='ocrx_word' id='word_1_261' title='bbox 724 2186 1047 2255; x_wconf 83' lang='grc' dir='ltr'>κοσμεῖσθαι</span> <span class='ocrx_word' id='word_1_262' title='bbox 1095 2185 1129 2255; x_wconf 78' lang='grc' dir='ltr'>ἢ</span> <span class='ocrx_word' id='word_1_263' title='bbox 1178 2184 1616 2256; x_wconf 77' lang='grc' dir='ltr'>περιϐάλλεσθαι,</span> 
     </span>
    </p>
   </div>
   <div class='ocr_carea' id='block_1_40' title="bbox 22 2276 1622 2350">
    <p class='ocr_par' dir='ltr' id='par_1_40' title="bbox 22 2276 1622 2350">
     <span class='ocr_line' id='line_1_40' title="bbox 22 2276 1622 2350; baseline -0.001 -19"><span class='ocrx_word' id='word_1_264' title='bbox 22 2279 219 2341; x_wconf 85' lang='grc' dir='ltr'>καθὼς</span> <span class='ocrx_word' id='word_1_265' title='bbox 274 2278 668 2350; x_wconf 78' lang='grc' dir='ltr'>ἑρμηνεύουσιν</span> <span class='ocrx_word' id='word_1_266' title='bbox 717 2279 767 2330; x_wconf 88' lang='grc' dir='ltr'><strong>οί</strong></span> <span class='ocrx_word' id='word_1_267' title='bbox 819 2278 990 2332; x_wconf 89' lang='grc' dir='ltr'>ταῦτα</span> <span class='ocrx_word' id='word_1_268' title='bbox 1031 2277 1406 2346; x_wconf 84' lang='grc' dir='ltr'>γινώσκοντες.</span> <span class='ocrx_word' id='word_1_269' title='bbox 1459 2276 1622 2330; x_wconf 83' lang='grc' dir='ltr'>Δεῦτε</span> 
     </span>
    </p>
   </div>
   <div class='ocr_carea' id='block_1_41' title="bbox 1723 1911 3298 1976">
    <p class='ocr_par' dir='ltr' id='par_1_41' title="bbox 1723 1911 3298 1976">
     <span class='ocr_line' id='line_1_41' title="bbox 1723 1911 3298 1976; baseline -0.004 -9"><span class='ocrx_word' id='word_1_270' title='bbox 1723 1928 1845 1967; x_wconf 88' lang='lat' dir='ltr'><strong>rum</strong></span> <span class='ocrx_word' id='word_1_271' title='bbox 1890 1912 2249 1969; x_wconf 83' lang='lat' dir='ltr'><strong>condensata.</strong></span> <span class='ocrx_word' id='word_1_272' title='bbox 2303 1911 2438 1966; x_wconf 87' lang='lat' dir='ltr'><strong>Nam</strong></span> <span class='ocrx_word' id='word_1_273' title='bbox 2488 1912 2842 1975; x_wconf 88' lang='lat' dir='ltr'><strong>condensari,</strong></span> <span class='ocrx_word' id='word_1_274' title='bbox 2889 1921 2942 1966; x_wconf 87' lang='lat' dir='ltr'><strong>et</strong></span> <span class='ocrx_word' id='word_1_275' title='bbox 2991 1911 3201 1976; x_wconf 92' lang='lat' dir='ltr'><strong>ornari,</strong></span> <span class='ocrx_word' id='word_1_276' title='bbox 3244 1918 3298 1963; x_wconf 89' lang='lat' dir='ltr'><strong>et</strong></span> 
     </span>
    </p>
   </div>
   <div class='ocr_carea' id='block_1_42' title="bbox 1724 2003 3293 2074">
    <p class='ocr_par' dir='ltr' id='par_1_42' title="bbox 1724 2003 3293 2074">
     <span class='ocr_line' id='line_1_42' title="bbox 1724 2003 3293 2074; baseline -0.003 -15"><span class='ocrx_word' id='word_1_277' title='bbox 1724 2004 1874 2059; x_wconf 90' lang='lat' dir='ltr'><strong>indui</strong></span> <span class='ocrx_word' id='word_1_278' title='bbox 1909 2004 2052 2059; x_wconf 89' lang='lat' dir='ltr'><strong>idem</strong></span> <span class='ocrx_word' id='word_1_279' title='bbox 2083 2012 2191 2068; x_wconf 86' lang='lat' dir='ltr'><strong>est.</strong></span> <span class='ocrx_word' id='word_1_280' title='bbox 2223 2016 2281 2060; x_wconf 90' lang='lat' dir='ltr'><strong>ut</strong></span> <span class='ocrx_word' id='word_1_281' title='bbox 2326 2006 2426 2064; x_wconf 86' lang='lat' dir='ltr'><strong>illi.</strong></span> <span class='ocrx_word' id='word_1_282' title='bbox 2460 2006 2554 2074; x_wconf 88' lang='lat' dir='ltr'><strong>qui</strong></span> <span class='ocrx_word' id='word_1_283' title='bbox 2603 2004 2718 2057; x_wconf 65' lang='lat' dir='ltr'><strong>haec</strong></span> <span class='ocrx_word' id='word_1_284' title='bbox 2757 2004 3089 2073; x_wconf 74' lang='lat' dir='ltr'><strong>inlellgunt,</strong></span> <span class='ocrx_word' id='word_1_285' title='bbox 3124 2003 3293 2057; x_wconf 84' lang='lat' dir='ltr'><strong>inter-</strong></span> 
     </span>
    </p>
   </div>
   <div class='ocr_carea' id='block_1_43' title="bbox 1725 2094 3297 2168">
    <p class='ocr_par' dir='ltr' id='par_1_43' title="bbox 1725 2094 3297 2168">
     <span class='ocr_line' id='line_1_43' title="bbox 1725 2094 3297 2168; baseline -0.003 -18"><span class='ocrx_word' id='word_1_286' title='bbox 1725 2105 2031 2166; x_wconf 88' lang='lat' dir='ltr'><strong>pretantur.</strong></span> <span class='ocrx_word' id='word_1_287' title='bbox 2056 2097 2219 2168; x_wconf 82' lang='lat' dir='ltr'><strong>Agite</strong></span> <span class='ocrx_word' id='word_1_288' title='bbox 2248 2097 2433 2166; x_wconf 83' lang='lat' dir='ltr'><strong>igitur,</strong></span> <span class='ocrx_word' id='word_1_289' title='bbox 2459 2096 2527 2152; x_wconf 86' lang='lat' dir='ltr'><strong>ad</strong></span> <span class='ocrx_word' id='word_1_290' title='bbox 2559 2096 2866 2165; x_wconf 85' lang='lat' dir='ltr'><strong>spiritalem</strong></span> <span class='ocrx_word' id='word_1_291' title='bbox 2892 2096 3146 2149; x_wconf 85' lang='lat' dir='ltr'><strong>chorcam</strong></span> <span class='ocrx_word' id='word_1_292' title='bbox 3179 2094 3297 2147; x_wconf 81' lang='lat' dir='ltr'><strong>ani-</strong></span> 
     </span>
    </p>
   </div>
   <div class='ocr_carea' id='block_1_44' title="bbox 1726 2188 3299 2257">
    <p class='ocr_par' dir='ltr' id='par_1_44' title="bbox 1726 2188 3299 2257">
     <span class='ocr_line' id='line_1_44' title="bbox 1726 2188 3299 2257; baseline -0.003 -16"><span class='ocrx_word' id='word_1_293' title='bbox 1726 2203 1845 2242; x_wconf 93' lang='lat' dir='ltr'><strong>mos</strong></span> <span class='ocrx_word' id='word_1_294' title='bbox 1878 2195 2098 2243; x_wconf 89' lang='lat' dir='ltr'><strong>nostros</strong></span> <span class='ocrx_word' id='word_1_295' title='bbox 2136 2189 2463 2252; x_wconf 77' lang='lat' dir='ltr'><strong>excitemus,</strong></span> <span class='ocrx_word' id='word_1_296' title='bbox 2494 2189 2765 2257; x_wconf 79' lang='lat' dir='ltr'><strong>nobisque</strong></span> <span class='ocrx_word' id='word_1_297' title='bbox 2795 2188 2951 2242; x_wconf 89' lang='lat' dir='ltr'><strong>chori</strong></span> <span class='ocrx_word' id='word_1_298' title='bbox 2997 2188 3215 2250; x_wconf 88' lang='lat' dir='ltr'><strong>ducem,</strong></span> <span class='ocrx_word' id='word_1_299' title='bbox 3244 2194 3299 2239; x_wconf 82' lang='lat' dir='ltr'><strong>et</strong></span> 
     </span>
    </p>
   </div>
   <div class='ocr_carea' id='block_1_45' title="bbox 1728 2278 3294 2350">
    <p class='ocr_par' dir='ltr' id='par_1_45' title="bbox 1728 2278 3294 2350">
     <span class='ocr_line' id='line_1_45' title="bbox 1728 2278 3294 2350; baseline -0.001 -18"><span class='ocrx_word' id='word_1_300' title='bbox 1728 2280 2058 2349; x_wconf 88' lang='lat' dir='ltr'><strong>principem,</strong></span> <span class='ocrx_word' id='word_1_301' title='bbox 2097 2290 2152 2335; x_wconf 92' lang='lat' dir='ltr'><strong>et</strong></span> <span class='ocrx_word' id='word_1_302' title='bbox 2188 2281 2539 2350; x_wconf 74' lang='lat' dir='ltr'><strong>coryphaeum</strong></span> <span class='ocrx_word' id='word_1_303' title='bbox 2582 2278 2842 2333; x_wconf 90' lang='lat' dir='ltr'><strong>Davidem</strong></span> <span class='ocrx_word' id='word_1_304' title='bbox 2898 2293 3294 2350; x_wconf 85' lang='lat' dir='ltr'><strong>proponamus,</strong></span> 
     </span>
    </p>
   </div>
   <div class='ocr_carea' id='block_1_46' title="bbox 20 2368 1611 2441">
    <p class='ocr_par' dir='ltr' id='par_1_46' title="bbox 20 2368 1611 2441">
     <span class='ocr_line' id='line_1_46' title="bbox 20 2368 1611 2441; baseline -0.002 -18"><span class='ocrx_word' id='word_1_305' title='bbox 20 2373 211 2423; x_wconf 89' lang='grc' dir='ltr'>τοίνυν</span> <span class='ocrx_word' id='word_1_306' title='bbox 234 2370 374 2439; x_wconf 84' lang='grc' dir='ltr'>πρὸς</span> <span class='ocrx_word' id='word_1_307' title='bbox 397 2371 496 2441; x_wconf 82' lang='grc' dir='ltr'><strong>τὴν</strong></span> <span class='ocrx_word' id='word_1_308' title='bbox 522 2370 895 2440; x_wconf 86' lang='grc' dir='ltr'>πνευματικὴν</span> <span class='ocrx_word' id='word_1_309' title='bbox 920 2370 1137 2440; x_wconf 87' lang='grc' dir='ltr'>χορείαν</span> <span class='ocrx_word' id='word_1_310' title='bbox 1158 2368 1256 2432; x_wconf 78' lang='grc' dir='ltr'>τὰς</span> <span class='ocrx_word' id='word_1_311' title='bbox 1272 2368 1449 2439; x_wconf 79' lang='grc' dir='ltr'>ψυχὰς</span> <span class='ocrx_word' id='word_1_312' title='bbox 1468 2368 1611 2439; x_wconf 57' lang='grc' dir='ltr'><strong>ήμῶη</strong></span> 
     </span>
    </p>
   </div>
   <div class='ocr_carea' id='block_1_47' title="bbox 1721 2368 3300 2441">
    <p class='ocr_par' dir='ltr' id='par_1_47' title="bbox 1730 2371 3300 2434">
     <span class='ocr_line' id='line_1_47' title="bbox 1730 2371 3300 2434; baseline 0 -10"><span class='ocrx_word' id='word_1_313' title='bbox 1730 2378 1785 2424; x_wconf 87' lang='lat' dir='ltr'><strong>et</strong></span> <span class='ocrx_word' id='word_1_314' title='bbox 1822 2385 1929 2423; x_wconf 90' lang='lat' dir='ltr'><strong>una</strong></span> <span class='ocrx_word' id='word_1_315' title='bbox 1962 2386 2086 2425; x_wconf 95' lang='lat' dir='ltr'><strong>cum</strong></span> <span class='ocrx_word' id='word_1_316' title='bbox 2139 2371 2233 2425; x_wconf 91' lang='lat' dir='ltr'><strong>illo</strong></span> <span class='ocrx_word' id='word_1_317' title='bbox 2282 2371 2500 2426; x_wconf 87' lang='lat' dir='ltr'><strong>dulcem</strong></span> <span class='ocrx_word' id='word_1_318' title='bbox 2536 2371 2681 2424; x_wconf 89' lang='lat' dir='ltr'><strong>illam</strong></span> <span class='ocrx_word' id='word_1_319' title='bbox 2717 2372 3038 2426; x_wconf 89' lang='lat' dir='ltr'><strong>emittamus</strong></span> <span class='ocrx_word' id='word_1_320' title='bbox 3083 2384 3300 2434; x_wconf 73' lang='lat' dir='ltr'><strong>vocem,</strong></span> 
     </span>
    </p>
   </div>
   <div class='ocr_carea' id='block_1_48' title="bbox 23 2459 1623 2533">
    <p class='ocr_par' dir='ltr' id='par_1_48' title="bbox 23 2459 1623 2533">
     <span class='ocr_line' id='line_1_48' title="bbox 23 2459 1623 2533; baseline -0.001 -18"><span class='ocrx_word' id='word_1_321' title='bbox 23 2462 419 2533; x_wconf 76' lang='grc' dir='ltr'>διεγείραντες,</span> <span class='ocrx_word' id='word_1_322' title='bbox 447 2461 674 2531; x_wconf 74' lang='grc' dir='ltr'>ἔξαρχον</span> <span class='ocrx_word' id='word_1_323' title='bbox 705 2461 798 2514; x_wconf 68' lang='grc' dir='ltr'><strong>καὶ</strong></span> <span class='ocrx_word' id='word_1_324' title='bbox 824 2459 1177 2530; x_wconf 79' lang='grc' dir='ltr'>καθηγεμόνα</span> <span class='ocrx_word' id='word_1_325' title='bbox 1204 2460 1296 2513; x_wconf 77' lang='grc' dir='ltr'><strong>καὶ</strong></span> <span class='ocrx_word' id='word_1_326' title='bbox 1324 2463 1623 2531; x_wconf 65' lang='grc' dir='ltr'>κορυφαῖον</span> 
     </span>
    </p>
   </div>
   <div class='ocr_carea' id='block_1_49' title="bbox 1729 2461 2415 2529">
    <p class='ocr_par' dir='ltr' id='par_1_49' title="bbox 1729 2461 2415 2529">
     <span class='ocr_line' id='line_1_49' title="bbox 1729 2461 2415 2529; baseline 0 -17"><span class='ocrx_word' id='word_1_327' title='bbox 1729 2475 1894 2529; x_wconf 91' lang='lat' dir='ltr'><strong>quam</strong></span> <span class='ocrx_word' id='word_1_328' title='bbox 1928 2468 2053 2514; x_wconf 89' lang='lat' dir='ltr'><strong>ante</strong></span> <span class='ocrx_word' id='word_1_329' title='bbox 2088 2461 2415 2516; x_wconf 88' lang='lat' dir='ltr'><strong>cecinimus.</strong></span> 
     </span>
    </p>
   </div>
   <div class='ocr_carea' id='block_1_50' title="bbox 22 2549 3299 2637">
    <p class='ocr_par' dir='ltr' id='par_1_50' title="bbox 22 2549 3299 2637">
     <span class='ocr_line' id='line_1_50' title="bbox 22 2549 3299 2637; baseline 0 -34"><span class='ocrx_word' id='word_1_330' title='bbox 22 2552 126 2620; x_wconf 80' lang='grc' dir='ltr'>τῆς</span> <span class='ocrx_word' id='word_1_331' title='bbox 161 2550 525 2621; x_wconf 80' lang='grc' dir='ltr'>χοροστασίας</span> <span class='ocrx_word' id='word_1_332' title='bbox 558 2550 714 2621; x_wconf 79' lang='grc' dir='ltr'>ημῶν</span> <span class='ocrx_word' id='word_1_333' title='bbox 733 2592 749 2617; x_wconf 87' lang='grc'><strong>,</strong></span> <span class='ocrx_word' id='word_1_334' title='bbox 801 2551 894 2605; x_wconf 86' lang='grc' dir='ltr'><strong>τὸν</strong></span> <span class='ocrx_word' id='word_1_335' title='bbox 924 2550 1091 2605; x_wconf 78' lang='grc' dir='ltr'><strong>Δαόὶδ</strong></span> <span class='ocrx_word' id='word_1_336' title='bbox 1118 2549 1574 2622; x_wconf 72' lang='grc' dir='ltr'>προστησώμεθαο</span> <span class='ocrx_word' id='word_1_337' title='bbox 1618 2551 1711 2604; x_wconf 81' lang='grc' dir='ltr'>καὶ</span> <span class='ocrx_word' id='word_1_338' title='bbox 1732 2551 1973 2621; x_wconf 78' lang='grc' dir='ltr'>εἴπωμεν</span> <span class='ocrx_word' id='word_1_339' title='bbox 1996 2554 2111 2621; x_wconf 79' lang='grc' dir='ltr'>μετ’</span> <span class='ocrx_word' id='word_1_340' title='bbox 2134 2552 2340 2605; x_wconf 79' lang='grc' dir='ltr'>ἐκείνου</span> <span class='ocrx_word' id='word_1_341' title='bbox 2364 2551 2460 2623; x_wconf 79' lang='grc' dir='ltr'>τὴν</span> <span class='ocrx_word' id='word_1_342' title='bbox 2492 2553 2749 2620; x_wconf 84' lang='grc' dir='ltr'>γλυκεῖαν</span> <span class='ocrx_word' id='word_1_343' title='bbox 2780 2550 2962 2622; x_wconf 85' lang='grc' dir='ltr'>φωνὴν</span> <span class='ocrx_word' id='word_1_344' title='bbox 2994 2550 3207 2620; x_wconf 80' lang='grc' dir='ltr'>ἐκείνην</span> <span class='ocrx_word' id='word_1_345' title='bbox 3230 2551 3299 2637; x_wconf 61' lang='grc' dir='ltr'>ᾖν</span> 
     </span>
    </p>
   </div>
   <div class='ocr_carea' id='block_1_51' title="bbox 26 2647 793 2719">
    <p class='ocr_par' dir='ltr' id='par_1_51' title="bbox 26 2647 793 2719">
     <span class='ocr_line' id='line_1_51' title="bbox 26 2647 793 2719; baseline 0.004 -20"><span class='ocrx_word' id='word_1_346' title='bbox 26 2647 346 2716; x_wconf 78' lang='grc' dir='ltr'>φθάσαντες</span> <span class='ocrx_word' id='word_1_347' title='bbox 378 2647 595 2718; x_wconf 79' lang='grc' dir='ltr'>ύμνῳδή</span> <span class='ocrx_word' id='word_1_348' title='bbox 603 2664 793 2719; x_wconf 80' lang='grc' dir='ltr'>σαμεν.</span> 
     </span>
    </p>
   </div>
   <div class='ocr_carea' id='block_1_52' title="bbox 97 2739 1617 2812">
    <p class='ocr_par' dir='ltr' id='par_1_52' title="bbox 97 2739 1617 2812">
     <span class='ocr_line' id='line_1_52' title="bbox 97 2739 1617 2812; baseline 0.002 -19"><span class='ocrx_word' id='word_1_349' title='bbox 97 2741 217 2793; x_wconf 78' lang='grc' dir='ltr'><strong>Καὶ</strong></span> <span class='ocrx_word' id='word_1_350' title='bbox 254 2739 414 2794; x_wconf 91' lang='grc' dir='ltr'>πάλιν</span> <span class='ocrx_word' id='word_1_351' title='bbox 438 2740 608 2811; x_wconf 79' lang='grc' dir='ltr'>αὐτὴν</span> <span class='ocrx_word' id='word_1_352' title='bbox 633 2739 1012 2812; x_wconf 56' lang='grc' dir='ltr'>ἀνώάὸωμεν,</span> <span class='ocrx_word' id='word_1_353' title='bbox 1045 2742 1127 2795; x_wconf 62' lang='grc' dir='ltr'><strong>ὅτι</strong></span> <span class='ocrx_word' id='word_1_354' title='bbox 1178 2742 1339 2810; x_wconf 83' lang='grc' dir='ltr'>Αὕτη</span> <span class='ocrx_word' id='word_1_355' title='bbox 1366 2743 1405 2810; x_wconf 75' lang='grc' dir='ltr'><em>’ὴ</em></span> <span class='ocrx_word' id='word_1_356' title='bbox 1430 2740 1617 2811; x_wconf 74' lang='grc' dir='ltr'>ἡμέρα</span> 
     </span>
    </p>
   </div>
   <div class='ocr_carea' id='block_1_53' title="bbox 25 2825 1620 2905">
    <p class='ocr_par' dir='ltr' id='par_1_53' title="bbox 25 2825 1620 2905">
     <span class='ocr_line' id='line_1_53' title="bbox 25 2825 1620 2905; baseline 0.003 -21"><span class='ocrx_word' id='word_1_357' title='bbox 25 2830 94 2899; x_wconf 62' lang='grc' dir='ltr'><strong>ἡ»</strong></span> <span class='ocrx_word' id='word_1_358' title='bbox 147 2834 445 2901; x_wconf 76' lang='grc' dir='ltr'>ἐποίησεν</span> <span class='ocrx_word' id='word_1_359' title='bbox 476 2835 509 2888; x_wconf 88' lang='grc' dir='ltr'><strong>ό</strong></span> <span class='ocrx_word' id='word_1_360' title='bbox 546 2835 789 2902; x_wconf 77' lang='grc' dir='ltr'>Κύριος,</span> <span class='ocrx_word' id='word_1_361' title='bbox 836 2833 1337 2905; x_wconf 70' lang='grc' dir='ltr'>ἀταλλιασώμεθα</span> <span class='ocrx_word' id='word_1_362' title='bbox 1384 2835 1486 2889; x_wconf 76' lang='grc' dir='ltr'>καὶ</span> <span class='ocrx_word' id='word_1_363' title='bbox 1521 2825 1620 2889; x_wconf 74' lang='grc' dir='ltr'><strong>εὖ·</strong></span> 
     </span>
    </p>
   </div>
   <div class='ocr_carea' id='block_1_54' title="bbox 27 2921 1619 2999">
    <p class='ocr_par' dir='ltr' id='par_1_54' title="bbox 27 2921 1619 2999">
     <span class='ocr_line' id='line_1_54' title="bbox 27 2921 1619 2999; baseline 0.001 -21"><span class='ocrx_word' id='word_1_364' title='bbox 27 2924 392 2994; x_wconf 75' lang='grc' dir='ltr'>φρανθῶμεν</span> <span class='ocrx_word' id='word_1_365' title='bbox 429 2927 499 2979; x_wconf 84' lang='grc' dir='ltr'><strong>ἐν</strong></span> <span class='ocrx_word' id='word_1_366' title='bbox 542 2924 718 2993; x_wconf 78' lang='grc' dir='ltr'>αὐτῇ.</span> <span class='ocrx_word' id='word_1_367' title='bbox 785 2927 873 2979; x_wconf 88' lang='grc' dir='ltr'>Ἑν</span> <span class='ocrx_word' id='word_1_368' title='bbox 1006 2925 1290 2997; x_wconf 84' lang='grc' dir='ltr'>μειοῦσθαι</span> <span class='ocrx_word' id='word_1_369' title='bbox 1326 2927 1387 2980; x_wconf 82' lang='grc' dir='ltr'>τὸ</span> <span class='ocrx_word' id='word_1_370' title='bbox 1430 2927 1619 2989; x_wconf 86' lang='grc' dir='ltr'>σκότος</span> 
     </span>
    </p>
   </div>
   <div class='ocr_carea' id='block_1_55' title="bbox 27 3016 1619 3089">
    <p class='ocr_par' dir='ltr' id='par_1_55' title="bbox 27 3016 1619 3089">
     <span class='ocr_line' id='line_1_55' title="bbox 27 3016 1619 3089; baseline 0.001 -20"><span class='ocrx_word' id='word_1_371' title='bbox 27 3016 304 3086; x_wconf 82' lang='grc' dir='ltr'>ἄρχεται,</span> <span class='ocrx_word' id='word_1_372' title='bbox 350 3017 445 3071; x_wconf 76' lang='grc' dir='ltr'>καὶ</span> <span class='ocrx_word' id='word_1_373' title='bbox 488 3017 557 3071; x_wconf 87' lang='grc' dir='ltr'><strong>τά</strong></span> <span class='ocrx_word' id='word_1_374' title='bbox 600 3020 699 3089; x_wconf 83' lang='grc' dir='ltr'><strong>τῆς</strong></span> <span class='ocrx_word' id='word_1_375' title='bbox 731 3018 924 3081; x_wconf 83' lang='grc' dir='ltr'>νυκτὸς</span> <span class='ocrx_word' id='word_1_376' title='bbox 962 3018 1135 3088; x_wconf 83' lang='grc' dir='ltr'>μέτρα</span> <span class='ocrx_word' id='word_1_377' title='bbox 1166 3018 1243 3088; x_wconf 83' lang='grc' dir='ltr'>τῷ</span> <span class='ocrx_word' id='word_1_378' title='bbox 1273 3018 1619 3081; x_wconf 76' lang='grc' dir='ltr'>πλεονάζοντι</span> 
     </span>
    </p>
   </div>
   <div class='ocr_carea' id='block_1_56' title="bbox 28 3108 1615 3183">
    <p class='ocr_par' dir='ltr' id='par_1_56' title="bbox 28 3108 1615 3183">
     <span class='ocr_line' id='line_1_56' title="bbox 28 3108 1615 3183; baseline 0.001 -23"><span class='ocrx_word' id='word_1_379' title='bbox 28 3110 128 3177; x_wconf 82' lang='grc' dir='ltr'><strong>τῆς</strong></span> <span class='ocrx_word' id='word_1_380' title='bbox 152 3110 375 3171; x_wconf 82' lang='grc' dir='ltr'>ἀκτῖνος</span> <span class='ocrx_word' id='word_1_381' title='bbox 405 3110 722 3163; x_wconf 80' lang='grc' dir='ltr'>συνωθεῖται</span> <span class='ocrx_word' id='word_1_382' title='bbox 756 3110 894 3181; x_wconf 85' lang='grc' dir='ltr'>πρὸς</span> <span class='ocrx_word' id='word_1_383' title='bbox 926 3108 1184 3179; x_wconf 79' lang='grc' dir='ltr'>ἔκλειψιν.</span> <span class='ocrx_word' id='word_1_384' title='bbox 1214 3110 1288 3163; x_wconf 85' lang='grc' dir='ltr'>Ού</span> <span class='ocrx_word' id='word_1_385' title='bbox 1322 3112 1615 3183; x_wconf 80' lang='grc' dir='ltr'>συντυχικη</span> 
     </span>
    </p>
   </div>
   <div class='ocr_carea' id='block_1_57' title="bbox 26 3201 1614 3274">
    <p class='ocr_par' dir='ltr' id='par_1_57' title="bbox 26 3201 1614 3274">
     <span class='ocr_line' id='line_1_57' title="bbox 26 3201 1614 3274; baseline 0.002 -23"><span class='ocrx_word' id='word_1_386' title='bbox 26 3216 133 3263; x_wconf 85' lang='grc' dir='ltr'>τις,</span> <span class='ocrx_word' id='word_1_387' title='bbox 184 3202 441 3270; x_wconf 75' lang='grc' dir='ltr'>ἀδελφοὶ,</span> <span class='ocrx_word' id='word_1_388' title='bbox 480 3201 670 3270; x_wconf 83' lang='grc' dir='ltr'>γέγονε</span> <span class='ocrx_word' id='word_1_389' title='bbox 708 3201 848 3255; x_wconf 88' lang='grc' dir='ltr'><strong>κατά</strong></span> <span class='ocrx_word' id='word_1_390' title='bbox 878 3202 939 3256; x_wconf 82' lang='grc' dir='ltr'>τὸ</span> <span class='ocrx_word' id='word_1_391' title='bbox 969 3202 1273 3271; x_wconf 81' lang='grc' dir='ltr'>αὐτόματον</span> <span class='ocrx_word' id='word_1_392' title='bbox 1316 3203 1349 3273; x_wconf 81' lang='grc' dir='ltr'>ἡ</span> <span class='ocrx_word' id='word_1_393' title='bbox 1394 3202 1614 3274; x_wconf 82' lang='grc' dir='ltr'>τοιαύτη</span> 
     </span>
    </p>
   </div>
   <div class='ocr_carea' id='block_1_58' title="bbox 31 3293 1610 3365">
    <p class='ocr_par' dir='ltr' id='par_1_58' title="bbox 31 3293 1610 3365">
     <span class='ocr_line' id='line_1_58' title="bbox 31 3293 1610 3365; baseline 0.001 -20"><span class='ocrx_word' id='word_1_394' title='bbox 31 3294 166 3363; x_wconf 79' lang='grc' dir='ltr'>περὶ</span> <span class='ocrx_word' id='word_1_395' title='bbox 215 3293 316 3363; x_wconf 79' lang='grc' dir='ltr'><strong>τὴν</strong></span> <span class='ocrx_word' id='word_1_396' title='bbox 362 3294 555 3365; x_wconf 78' lang='grc' dir='ltr'>ἑορτὴν</span> <span class='ocrx_word' id='word_1_397' title='bbox 586 3294 901 3365; x_wconf 76' lang='grc' dir='ltr'>οἰκονομία,</span> <span class='ocrx_word' id='word_1_398' title='bbox 948 3295 1012 3347; x_wconf 84' lang='grc' dir='ltr'>τὸ</span> <span class='ocrx_word' id='word_1_399' title='bbox 1049 3293 1143 3346; x_wconf 90' lang='grc' dir='ltr'><strong>νῦν</strong></span> <span class='ocrx_word' id='word_1_400' title='bbox 1176 3293 1505 3364; x_wconf 72' lang='grc' dir='ltr'>ἐπιφανῆναι</span> <span class='ocrx_word' id='word_1_401' title='bbox 1542 3296 1610 3365; x_wconf 80' lang='grc' dir='ltr'>τῇ</span> 
     </span>
    </p>
   </div>
   <div class='ocr_carea' id='block_1_59' title="bbox 29 3386 1614 3459">
    <p class='ocr_par' dir='ltr' id='par_1_59' title="bbox 29 3386 1614 3459">
     <span class='ocr_line' id='line_1_59' title="bbox 29 3386 1614 3459; baseline 0 -20"><span class='ocrx_word' id='word_1_402' title='bbox 29 3386 355 3459; x_wconf 77' lang='grc' dir='ltr'>ἀνθρωπίνῃ</span> <span class='ocrx_word' id='word_1_403' title='bbox 383 3388 494 3457; x_wconf 79' lang='grc' dir='ltr'><strong>ζωῇ</strong></span> <span class='ocrx_word' id='word_1_404' title='bbox 524 3386 622 3458; x_wconf 80' lang='grc' dir='ltr'>τὴν</span> <span class='ocrx_word' id='word_1_405' title='bbox 647 3386 795 3440; x_wconf 84' lang='grc' dir='ltr'>θείαν</span> <span class='ocrx_word' id='word_1_406' title='bbox 825 3387 972 3456; x_wconf 79' lang='grc' dir='ltr'>ζωήν</span> <span class='ocrx_word' id='word_1_407' title='bbox 994 3402 1008 3418; x_wconf 88' lang='grc'><strong>·</strong></span> <span class='ocrx_word' id='word_1_408' title='bbox 1058 3386 1194 3441; x_wconf 88' lang='grc' dir='ltr'>ἀλλά</span> <span class='ocrx_word' id='word_1_409' title='bbox 1234 3403 1288 3439; x_wconf 90' lang='grc' dir='ltr'><strong>τι</strong></span> <span class='ocrx_word' id='word_1_410' title='bbox 1319 3387 1614 3457; x_wconf 82' lang='grc' dir='ltr'>μυστήριον</span> 
     </span>
    </p>
   </div>
   <div class='ocr_carea' id='block_1_60' title="bbox 29 3476 1613 3549">
    <p class='ocr_par' dir='ltr' id='par_1_60' title="bbox 29 3476 1613 3549">
     <span class='ocr_line' id='line_1_60' title="bbox 29 3476 1613 3549; baseline 0 -18"><span class='ocrx_word' id='word_1_411' title='bbox 29 3476 117 3531; x_wconf 77' lang='grc' dir='ltr'><strong>διὰ</strong></span> <span class='ocrx_word' id='word_1_412' title='bbox 151 3477 265 3531; x_wconf 83' lang='grc' dir='ltr'><strong>τῶν</strong></span> <span class='ocrx_word' id='word_1_413' title='bbox 308 3479 650 3548; x_wconf 76' lang='grc' dir='ltr'>φαινομένων</span> <span class='ocrx_word' id='word_1_414' title='bbox 690 3482 801 3543; x_wconf 86' lang='grc' dir='ltr'>τοῖς</span> <span class='ocrx_word' id='word_1_415' title='bbox 839 3477 1304 3549; x_wconf 86' lang='grc' dir='ltr'>διορατικωτέροις</span> <span class='ocrx_word' id='word_1_416' title='bbox 1349 3478 1613 3548; x_wconf 89' lang='grc' dir='ltr'>διηγεῖται</span> 
     </span>
    </p>
   </div>
   <div class='ocr_carea' id='block_1_61' title="bbox 29 3571 1614 3643">
    <p class='ocr_par' dir='ltr' id='par_1_61' title="bbox 29 3571 1614 3643">
     <span class='ocr_line' id='line_1_61' title="bbox 29 3571 1614 3643; baseline 0.002 -21"><span class='ocrx_word' id='word_1_417' title='bbox 29 3572 61 3640; x_wconf 79' lang='grc' dir='ltr'>ἡ</span> <span class='ocrx_word' id='word_1_418' title='bbox 92 3571 297 3633; x_wconf 82' lang='grc' dir='ltr'>κτίσις.</span> <span class='ocrx_word' id='word_1_419' title='bbox 336 3571 617 3641; x_wconf 73' lang='grc' dir='ltr'>μονονουχὶ</span> <span class='ocrx_word' id='word_1_420' title='bbox 661 3573 843 3643; x_wconf 77' lang='grc' dir='ltr'>φωνὴν</span> <span class='ocrx_word' id='word_1_421' title='bbox 890 3572 1112 3640; x_wconf 77' lang='grc' dir='ltr'>ἀφιεῖσα</span> <span class='ocrx_word' id='word_1_422' title='bbox 1154 3571 1249 3625; x_wconf 79' lang='grc' dir='ltr'>καὶ</span> <span class='ocrx_word' id='word_1_423' title='bbox 1290 3572 1614 3625; x_wconf 83' lang='grc' dir='ltr'>διδάσκουσα</span> 
     </span>
    </p>
   </div>
   <div class='ocr_carea' id='block_1_62' title="bbox 31 3660 1613 3735">
    <p class='ocr_par' dir='ltr' id='par_1_62' title="bbox 31 3660 1613 3735">
     <span class='ocr_line' id='line_1_62' title="bbox 31 3660 1613 3735; baseline 0.002 -23"><span class='ocrx_word' id='word_1_424' title='bbox 31 3660 121 3713; x_wconf 74' lang='grc' dir='ltr'>τὸν</span> <span class='ocrx_word' id='word_1_425' title='bbox 165 3660 387 3713; x_wconf 84' lang='grc' dir='ltr'>ἀκούειν</span> <span class='ocrx_word' id='word_1_426' title='bbox 421 3660 737 3731; x_wconf 82' lang='grc' dir='ltr'>δυνάμενον.</span> <span class='ocrx_word' id='word_1_427' title='bbox 769 3662 823 3715; x_wconf 83' lang='grc' dir='ltr'><strong>τί</strong></span> <span class='ocrx_word' id='word_1_428' title='bbox 862 3661 1107 3731; x_wconf 81' lang='grc' dir='ltr'>βούλεται</span> <span class='ocrx_word' id='word_1_429' title='bbox 1144 3662 1202 3716; x_wconf 79' lang='grc' dir='ltr'>ὲν</span> <span class='ocrx_word' id='word_1_430' title='bbox 1233 3664 1299 3733; x_wconf 78' lang='grc' dir='ltr'>τῇ</span> <span class='ocrx_word' id='word_1_431' title='bbox 1342 3664 1613 3735; x_wconf 81' lang='grc' dir='ltr'>παρουσίᾳ</span> 
     </span>
    </p>
   </div>
   <div class='ocr_carea' id='block_1_63' title="bbox 30 3750 1612 3823">
    <p class='ocr_par' dir='ltr' id='par_1_63' title="bbox 30 3750 1612 3823">
     <span class='ocr_line' id='line_1_63' title="bbox 30 3750 1612 3823; baseline 0.002 -21"><span class='ocrx_word' id='word_1_432' title='bbox 30 3750 123 3803; x_wconf 86' lang='grc' dir='ltr'><strong>τοῦ</strong></span> <span class='ocrx_word' id='word_1_433' title='bbox 152 3752 428 3805; x_wconf 90' lang='grc' dir='ltr'>Δεσπότου</span> <span class='ocrx_word' id='word_1_434' title='bbox 455 3754 639 3823; x_wconf 81' lang='grc' dir='ltr'>ἡμέρα</span> <span class='ocrx_word' id='word_1_435' title='bbox 668 3752 1171 3823; x_wconf 81' lang='grc' dir='ltr'>προσαυξανομένη,</span> <span class='ocrx_word' id='word_1_436' title='bbox 1214 3754 1307 3807; x_wconf 75' lang='grc' dir='ltr'><strong>καὶ</strong></span> <span class='ocrx_word' id='word_1_437' title='bbox 1333 3754 1429 3819; x_wconf 77' lang='grc' dir='ltr'><strong>νὺξ</strong></span> <span class='ocrx_word' id='word_1_438' title='bbox 1460 3752 1612 3821; x_wconf 84' lang='grc' dir='ltr'>κολο-</span> 
     </span>
    </p>
   </div>
   <div class='ocr_carea' id='block_1_64' title="bbox 32 3842 1612 3915">
    <p class='ocr_par' dir='ltr' id='par_1_64' title="bbox 32 3842 1612 3915">
     <span class='ocr_line' id='line_1_64' title="bbox 32 3842 1612 3915; baseline 0.003 -19"><span class='ocrx_word' id='word_1_439' title='bbox 32 3843 301 3914; x_wconf 75' lang='grc' dir='ltr'>ϐουμένη.</span> <span class='ocrx_word' id='word_1_440' title='bbox 373 3842 514 3911; x_wconf 86' lang='grc' dir='ltr'>Ἐγὼ</span> <span class='ocrx_word' id='word_1_441' title='bbox 554 3845 662 3913; x_wconf 91' lang='grc' dir='ltr'><strong>γάρ</strong></span> <span class='ocrx_word' id='word_1_442' title='bbox 698 3862 787 3915; x_wconf 87' lang='grc' dir='ltr'><strong>μοι</strong></span> <span class='ocrx_word' id='word_1_443' title='bbox 815 3845 957 3898; x_wconf 88' lang='grc' dir='ltr'><strong>δοκῶ</strong></span> <span class='ocrx_word' id='word_1_444' title='bbox 985 3845 1223 3899; x_wconf 63' lang='grc' dir='ltr'>τοιαῦτά</span> <span class='ocrx_word' id='word_1_445' title='bbox 1240 3862 1359 3899; x_wconf 92' lang='grc' dir='ltr'>τινα</span> <span class='ocrx_word' id='word_1_446' title='bbox 1390 3845 1612 3912; x_wconf 82' lang='grc' dir='ltr'>διεξιού-</span> 
     </span>
    </p>
   </div>
   <div class='ocr_carea' id='block_1_65' title="bbox 32 3932 1613 4007">
    <p class='ocr_par' dir='ltr' id='par_1_65' title="bbox 32 3932 1613 4007">
     <span class='ocr_line' id='line_1_65' title="bbox 32 3932 1613 4007; baseline 0.003 -19"><span class='ocrx_word' id='word_1_447' title='bbox 32 3952 131 4002; x_wconf 87' lang='grc' dir='ltr'><strong>σης</strong></span> <span class='ocrx_word' id='word_1_448' title='bbox 169 3936 392 3989; x_wconf 86' lang='grc' dir='ltr'>ἀκούειν</span> <span class='ocrx_word' id='word_1_449' title='bbox 414 3936 513 4005; x_wconf 85' lang='grc' dir='ltr'>τῆς</span> <span class='ocrx_word' id='word_1_450' title='bbox 538 3937 801 4001; x_wconf 84' lang='grc' dir='ltr'>κτίσεως,</span> <span class='ocrx_word' id='word_1_451' title='bbox 849 3938 931 3990; x_wconf 84' lang='grc' dir='ltr'>δτι</span> <span class='ocrx_word' id='word_1_452' title='bbox 960 3936 1142 3990; x_wconf 89' lang='grc' dir='ltr'>Ταῦτα</span> <span class='ocrx_word' id='word_1_453' title='bbox 1176 3936 1407 4007; x_wconf 82' lang='grc' dir='ltr'>βλέπων,</span> <span class='ocrx_word' id='word_1_454' title='bbox 1438 3932 1483 3991; x_wconf 85' lang='grc' dir='ltr'>ὧ</span> <span class='ocrx_word' id='word_1_455' title='bbox 1514 3938 1613 3992; x_wconf 48' lang='grc' dir='ltr'><strong>ἀνθ</strong></span> 
     </span>
    </p>
   </div>
   <div class='ocr_carea' id='block_1_66' title="bbox 33 4027 1611 4101">
    <p class='ocr_par' dir='ltr' id='par_1_66' title="bbox 33 4027 1611 4101">
     <span class='ocr_line' id='line_1_66' title="bbox 33 4027 1611 4101; baseline 0.001 -21"><span class='ocrx_word' id='word_1_456' title='bbox 33 4027 245 4100; x_wconf 85' lang='grc' dir='ltr'>θρωπε,</span> <span class='ocrx_word' id='word_1_457' title='bbox 285 4030 394 4083; x_wconf 84' lang='grc' dir='ltr'>νόει</span> <span class='ocrx_word' id='word_1_458' title='bbox 421 4029 481 4082; x_wconf 85' lang='grc' dir='ltr'><strong>τὸ</strong></span> <span class='ocrx_word' id='word_1_459' title='bbox 516 4028 603 4083; x_wconf 84' lang='grc' dir='ltr'><strong>διὰ</strong></span> <span class='ocrx_word' id='word_1_460' title='bbox 633 4030 743 4083; x_wconf 83' lang='grc' dir='ltr'><strong>τῶν</strong></span> <span class='ocrx_word' id='word_1_461' title='bbox 778 4029 1111 4099; x_wconf 82' lang='grc' dir='ltr'>φαινομένων</span> <span class='ocrx_word' id='word_1_462' title='bbox 1140 4030 1379 4100; x_wconf 89' lang='grc' dir='ltr'>κρυπτόν</span> <span class='ocrx_word' id='word_1_463' title='bbox 1412 4047 1493 4082; x_wconf 91' lang='grc' dir='ltr'><strong>σοι</strong></span> <span class='ocrx_word' id='word_1_464' title='bbox 1519 4030 1611 4101; x_wconf 85' lang='grc' dir='ltr'>δη-</span> 
     </span>
    </p>
   </div>
   <div class='ocr_carea' id='block_1_67' title="bbox 32 4120 1611 4193">
    <p class='ocr_par' dir='ltr' id='par_1_67' title="bbox 32 4120 1611 4193">
     <span class='ocr_line' id='line_1_67' title="bbox 32 4120 1611 4193; baseline 0.001 -20"><span class='ocrx_word' id='word_1_465' title='bbox 32 4120 123 4174; x_wconf 88' lang='grc' dir='ltr'><strong>λού</strong></span> <span class='ocrx_word' id='word_1_466' title='bbox 132 4138 316 4193; x_wconf 89' lang='grc' dir='ltr'>μενον.</span> <span class='ocrx_word' id='word_1_467' title='bbox 351 4120 512 4193; x_wconf 75' lang='grc' dir='ltr'>Ὁρᾷς</span> <span class='ocrx_word' id='word_1_468' title='bbox 536 4124 628 4176; x_wconf 71' lang='grc' dir='ltr'><strong>ἐπὶ</strong></span> <span class='ocrx_word' id='word_1_469' title='bbox 648 4121 709 4175; x_wconf 85' lang='grc' dir='ltr'>τδ</span> <span class='ocrx_word' id='word_1_470' title='bbox 728 4121 1024 4192; x_wconf 86' lang='grc' dir='ltr'>ἀκρότατον</span> <span class='ocrx_word' id='word_1_471' title='bbox 1048 4122 1219 4192; x_wconf 78' lang='grc' dir='ltr'>μῆκος</span> <span class='ocrx_word' id='word_1_472' title='bbox 1245 4120 1611 4192; x_wconf 83' lang='grc' dir='ltr'>προελθοῦσαν</span> 
     </span>
    </p>
   </div>
   <div class='ocr_carea' id='block_1_68' title="bbox 32 4213 1609 4286">
    <p class='ocr_par' dir='ltr' id='par_1_68' title="bbox 32 4213 1609 4286">
     <span class='ocr_line' id='line_1_68' title="bbox 32 4213 1609 4286; baseline 0.003 -22"><span class='ocrx_word' id='word_1_473' title='bbox 32 4214 127 4282; x_wconf 75' lang='grc' dir='ltr'><strong>τὴν</strong></span> <span class='ocrx_word' id='word_1_474' title='bbox 157 4213 353 4275; x_wconf 89' lang='grc' dir='ltr'>νύκτα,</span> <span class='ocrx_word' id='word_1_475' title='bbox 384 4215 478 4267; x_wconf 77' lang='grc' dir='ltr'><strong>καὶ</strong></span> <span class='ocrx_word' id='word_1_476' title='bbox 509 4214 805 4286; x_wconf 76' lang='grc' dir='ltr'>ἱσταμένην</span> <span class='ocrx_word' id='word_1_477' title='bbox 834 4214 932 4285; x_wconf 84' lang='grc' dir='ltr'>τῆς</span> <span class='ocrx_word' id='word_1_478' title='bbox 957 4216 1049 4267; x_wconf 74' lang='grc' dir='ltr'><strong>ἐπὶ</strong></span> <span class='ocrx_word' id='word_1_479' title='bbox 1093 4214 1152 4279; x_wconf 79' lang='grc' dir='ltr'>τὸ</span> <span class='ocrx_word' id='word_1_480' title='bbox 1200 4213 1387 4282; x_wconf 88' lang='grc' dir='ltr'>πρόσω</span> <span class='ocrx_word' id='word_1_481' title='bbox 1416 4216 1609 4285; x_wconf 77' lang='grc' dir='ltr'>φορᾶς,</span> 
     </span>
    </p>
   </div>
   <div class='ocr_carea' id='block_1_69' title="bbox 35 4305 1612 4378">
    <p class='ocr_par' dir='ltr' id='par_1_69' title="bbox 35 4305 1612 4378">
     <span class='ocr_line' id='line_1_69' title="bbox 35 4305 1612 4378; baseline 0.003 -22"><span class='ocrx_word' id='word_1_482' title='bbox 35 4309 127 4358; x_wconf 73' lang='grc' dir='ltr'><strong>καὶ</strong></span> <span class='ocrx_word' id='word_1_483' title='bbox 153 4307 236 4368; x_wconf 84' lang='grc' dir='ltr'><strong>είς</strong></span> <span class='ocrx_word' id='word_1_484' title='bbox 259 4306 321 4359; x_wconf 79' lang='grc' dir='ltr'>τὸ</span> <span class='ocrx_word' id='word_1_485' title='bbox 344 4305 578 4377; x_wconf 80' lang='grc' dir='ltr'>ἔμπαλιν</span> <span class='ocrx_word' id='word_1_486' title='bbox 607 4306 973 4371; x_wconf 86' lang='grc' dir='ltr'>ἀναλύουσαν;</span> <span class='ocrx_word' id='word_1_487' title='bbox 1002 4307 1210 4377; x_wconf 86' lang='grc' dir='ltr'>Νόησον</span> <span class='ocrx_word' id='word_1_488' title='bbox 1237 4307 1319 4359; x_wconf 86' lang='grc' dir='ltr'>ὅτι</span> <span class='ocrx_word' id='word_1_489' title='bbox 1344 4308 1377 4377; x_wconf 84' lang='grc' dir='ltr'>ὴ</span> <span class='ocrx_word' id='word_1_490' title='bbox 1400 4306 1612 4378; x_wconf 89' lang='grc' dir='ltr'>πονηρά</span> 
     </span>
    </p>
   </div>
   <div class='ocr_carea' id='block_1_70' title="bbox 30 4391 1613 4468">
    <p class='ocr_par' dir='ltr' id='par_1_70' title="bbox 30 4391 1613 4468">
     <span class='ocr_line' id='line_1_70' title="bbox 30 4391 1613 4468; baseline 0.004 -22"><span class='ocrx_word' id='word_1_491' title='bbox 30 4393 128 4462; x_wconf 87' lang='grc' dir='ltr'><strong>τῆς</strong></span> <span class='ocrx_word' id='word_1_492' title='bbox 161 4395 434 4465; x_wconf 84' lang='grc' dir='ltr'>ἁμαρτίας</span> <span class='ocrx_word' id='word_1_493' title='bbox 460 4396 575 4460; x_wconf 81' lang='grc' dir='ltr'>νὺξ,</span> <span class='ocrx_word' id='word_1_494' title='bbox 609 4394 695 4463; x_wconf 81' lang='grc' dir='ltr'><strong>ἐφ’</strong></span> <span class='ocrx_word' id='word_1_495' title='bbox 721 4396 843 4450; x_wconf 83' lang='grc' dir='ltr'>ὅσον</span> <span class='ocrx_word' id='word_1_496' title='bbox 868 4391 978 4450; x_wconf 73' lang='grc' dir='ltr'>οἷόν</span> <span class='ocrx_word' id='word_1_497' title='bbox 1005 4415 1064 4451; x_wconf 85' lang='grc' dir='ltr'><strong>τε</strong></span> <span class='ocrx_word' id='word_1_498' title='bbox 1092 4392 1162 4467; x_wconf 83' lang='grc' dir='ltr'>ἦν</span> <span class='ocrx_word' id='word_1_499' title='bbox 1180 4397 1495 4468; x_wconf 80' lang='grc' dir='ltr'>αὐξηθεῖσα,</span> <span class='ocrx_word' id='word_1_500' title='bbox 1520 4398 1613 4453; x_wconf 81' lang='grc' dir='ltr'><strong>καὶ</strong></span> 
     </span>
    </p>
   </div>
   <div class='ocr_carea' id='block_1_71' title="bbox 30 4482 1689 4577">
    <p class='ocr_par' dir='ltr' id='par_1_71' title="bbox 30 4482 1689 4577">
     <span class='ocr_line' id='line_1_71' title="bbox 30 4482 1689 4577; baseline 0.008 -44"><span class='ocrx_word' id='word_1_501' title='bbox 30 4482 116 4534; x_wconf 80' lang='grc' dir='ltr'>διὰ</span> <span class='ocrx_word' id='word_1_502' title='bbox 165 4484 349 4577; x_wconf 81' lang='grc' dir='ltr'>πάσης</span> <span class='ocrx_word' id='word_1_503' title='bbox 396 4484 581 4577; x_wconf 82' lang='grc' dir='ltr'>κακῶν</span> <span class='ocrx_word' id='word_1_504' title='bbox 629 4486 871 4550; x_wconf 76' lang='grc' dir='ltr'>ἐπινοίας</span> <span class='ocrx_word' id='word_1_505' title='bbox 916 4487 1010 4539; x_wconf 76' lang='grc' dir='ltr'><strong>ἐπὶ</strong></span> <span class='ocrx_word' id='word_1_506' title='bbox 1056 4486 1120 4539; x_wconf 83' lang='grc' dir='ltr'><strong>τὸ</strong></span> <span class='ocrx_word' id='word_1_507' title='bbox 1172 4488 1471 4558; x_wconf 85' lang='grc' dir='ltr'>ἀκρότατον</span> <span class='ocrx_word' id='word_1_508' title='bbox 1514 4490 1612 4561; x_wconf 82' lang='grc' dir='ltr'>τῆς</span> <span class='ocrx_word' id='word_1_509' title='bbox 1644 4521 1689 4577; x_wconf 75' lang='lat' dir='ltr'><strong>D</strong></span> 
     </span>
    </p>
   </div>
   <div class='ocr_carea' id='block_1_72' title="bbox 32 4576 1613 4655">
    <p class='ocr_par' dir='ltr' id='par_1_72' title="bbox 32 4576 1613 4655">
     <span class='ocr_line' id='line_1_72' title="bbox 32 4576 1613 4655; baseline 0.008 -31"><span class='ocrx_word' id='word_1_510' title='bbox 32 4576 301 4647; x_wconf 84' lang='grc' dir='ltr'>πονηρίας</span> <span class='ocrx_word' id='word_1_511' title='bbox 354 4576 581 4647; x_wconf 85' lang='grc' dir='ltr'>μέγεθος</span> <span class='ocrx_word' id='word_1_512' title='bbox 626 4578 910 4647; x_wconf 80' lang='grc' dir='ltr'>φθάσασα,</span> <span class='ocrx_word' id='word_1_513' title='bbox 959 4579 1200 4650; x_wconf 83' lang='grc' dir='ltr'>σήμερον</span> <span class='ocrx_word' id='word_1_514' title='bbox 1232 4581 1470 4653; x_wconf 89' lang='grc' dir='ltr'>ἀνεκόπη</span> <span class='ocrx_word' id='word_1_515' title='bbox 1514 4584 1613 4655; x_wconf 82' lang='grc' dir='ltr'>τῆς</span> 
     </span>
    </p>
   </div>
   <div class='ocr_carea' id='block_1_73' title="bbox 32 4668 1613 4745">
    <p class='ocr_par' dir='ltr' id='par_1_73' title="bbox 32 4668 1613 4745">
     <span class='ocr_line' id='line_1_73' title="bbox 32 4668 1613 4745; baseline 0.006 -26"><span class='ocrx_word' id='word_1_516' title='bbox 32 4668 123 4720; x_wconf 76' lang='grc' dir='ltr'><strong>ἐπὶ</strong></span> <span class='ocrx_word' id='word_1_517' title='bbox 154 4668 342 4722; x_wconf 88' lang='grc' dir='ltr'>πλεῖον</span> <span class='ocrx_word' id='word_1_518' title='bbox 368 4670 538 4740; x_wconf 83' lang='grc' dir='ltr'>νομῆς</span> <span class='ocrx_word' id='word_1_519' title='bbox 556 4710 569 4731; x_wconf 89' lang='grc'><strong>,</strong></span> <span class='ocrx_word' id='word_1_520' title='bbox 622 4671 716 4723; x_wconf 76' lang='grc' dir='ltr'>καὶ</span> <span class='ocrx_word' id='word_1_521' title='bbox 746 4670 815 4723; x_wconf 84' lang='grc' dir='ltr'><strong>τά</strong></span> <span class='ocrx_word' id='word_1_522' title='bbox 846 4670 954 4724; x_wconf 82' lang='grc' dir='ltr'>ἀπὸ</span> <span class='ocrx_word' id='word_1_523' title='bbox 988 4671 1178 4725; x_wconf 91' lang='grc' dir='ltr'>τούτου</span> <span class='ocrx_word' id='word_1_524' title='bbox 1207 4673 1346 4743; x_wconf 80' lang='grc' dir='ltr'>πρὸς</span> <span class='ocrx_word' id='word_1_525' title='bbox 1373 4672 1613 4745; x_wconf 79' lang='grc' dir='ltr'>ἔκλειψίν</span> 
     </span>
    </p>
   </div>
   <div class='ocr_carea' id='block_1_74' title="bbox 31 4761 1614 4835">
    <p class='ocr_par' dir='ltr' id='par_1_74' title="bbox 31 4761 1614 4835">
     <span class='ocr_line' id='line_1_74' title="bbox 31 4761 1614 4835; baseline 0.007 -23"><span class='ocrx_word' id='word_1_526' title='bbox 31 4777 87 4812; x_wconf 88' lang='grc' dir='ltr'><strong>τε</strong></span> <span class='ocrx_word' id='word_1_527' title='bbox 112 4762 212 4815; x_wconf 76' lang='grc' dir='ltr'><strong>καὶ</strong></span> <span class='ocrx_word' id='word_1_528' title='bbox 231 4761 536 4832; x_wconf 85' lang='grc' dir='ltr'>ἀφανισμὸν</span> <span class='ocrx_word' id='word_1_529' title='bbox 567 4763 962 4818; x_wconf 90' lang='grc' dir='ltr'>συνελαύνεται.</span> <span class='ocrx_word' id='word_1_530' title='bbox 1005 4765 1167 4835; x_wconf 76' lang='grc' dir='ltr'>Ὁρᾷς</span> <span class='ocrx_word' id='word_1_531' title='bbox 1193 4765 1292 4835; x_wconf 80' lang='grc' dir='ltr'>τὴν</span> <span class='ocrx_word' id='word_1_532' title='bbox 1314 4765 1407 4819; x_wconf 87' lang='grc' dir='ltr'><strong>τοῦ</strong></span> <span class='ocrx_word' id='word_1_533' title='bbox 1438 4768 1614 4835; x_wconf 85' lang='grc' dir='ltr'>φωτὸς</span> 
     </span>
    </p>
   </div>
   <div class='ocr_carea' id='block_1_75' title="bbox 33 4848 1611 4927">
    <p class='ocr_par' dir='ltr' id='par_1_75' title="bbox 33 4848 1611 4927">
     <span class='ocr_line' id='line_1_75' title="bbox 33 4848 1611 4927; baseline 0.008 -27"><span class='ocrx_word' id='word_1_534' title='bbox 33 4849 230 4901; x_wconf 82' lang='grc' dir='ltr'>ἀκτῖνα</span> <span class='ocrx_word' id='word_1_535' title='bbox 261 4848 673 4921; x_wconf 85' lang='grc' dir='ltr'>διαρκεστέραν,</span> <span class='ocrx_word' id='word_1_536' title='bbox 722 4852 815 4906; x_wconf 72' lang='grc' dir='ltr'><strong>καὶ</strong></span> <span class='ocrx_word' id='word_1_537' title='bbox 842 4852 1167 4925; x_wconf 77' lang='grc' dir='ltr'>ὑψηλότερον</span> <span class='ocrx_word' id='word_1_538' title='bbox 1196 4856 1295 4925; x_wconf 81' lang='grc' dir='ltr'>τῆς</span> <span class='ocrx_word' id='word_1_539' title='bbox 1326 4857 1611 4927; x_wconf 90' lang='grc' dir='ltr'>συνηθείας</span> 
     </span>
    </p>
   </div>
   <div class='ocr_carea' id='block_1_76' title="bbox 32 4941 1607 5019">
    <p class='ocr_par' dir='ltr' id='par_1_76' title="bbox 32 4941 1607 5019">
     <span class='ocr_line' id='line_1_76' title="bbox 32 4941 1607 5019; baseline 0.006 -26"><span class='ocrx_word' id='word_1_540' title='bbox 32 4942 122 4995; x_wconf 75' lang='grc' dir='ltr'>τὸν</span> <span class='ocrx_word' id='word_1_541' title='bbox 151 4942 305 5011; x_wconf 76' lang='grc' dir='ltr'>ἥλιον</span> <span class='ocrx_word' id='word_1_542' title='bbox 334 4958 349 5006; x_wconf 88' lang='grc'>;</span> <span class='ocrx_word' id='word_1_543' title='bbox 374 4942 505 4994; x_wconf 82' lang='grc' dir='ltr'>Νόει</span> <span class='ocrx_word' id='word_1_544' title='bbox 542 4941 635 4995; x_wconf 91' lang='grc' dir='ltr'><strong>τοῦ</strong></span> <span class='ocrx_word' id='word_1_545' title='bbox 662 4943 915 5013; x_wconf 79' lang='grc' dir='ltr'>ἀληθινοῦ</span> <span class='ocrx_word' id='word_1_546' title='bbox 952 4946 1127 5014; x_wconf 83' lang='grc' dir='ltr'>φωτὸς</span> <span class='ocrx_word' id='word_1_547' title='bbox 1159 4947 1256 5017; x_wconf 82' lang='grc' dir='ltr'>τὴν</span> <span class='ocrx_word' id='word_1_548' title='bbox 1283 4949 1607 5019; x_wconf 88' lang='grc' dir='ltr'>παρουσίαν,</span> 
     </span>
    </p>
   </div>
   <div class='ocr_carea' id='block_1_77' title="bbox 34 5030 1612 5110">
    <p class='ocr_par' dir='ltr' id='par_1_77' title="bbox 34 5030 1612 5110">
     <span class='ocr_line' id='line_1_77' title="bbox 34 5030 1612 5110; baseline 0.007 -28"><span class='ocrx_word' id='word_1_549' title='bbox 34 5031 124 5083; x_wconf 82' lang='grc' dir='ltr'><strong>τοῦ</strong></span> <span class='ocrx_word' id='word_1_550' title='bbox 167 5034 288 5093; x_wconf 88' lang='grc' dir='ltr'>ταῖς</span> <span class='ocrx_word' id='word_1_551' title='bbox 321 5030 706 5099; x_wconf 87' lang='grc' dir='ltr'>εύαγγελικαῖς</span> <span class='ocrx_word' id='word_1_552' title='bbox 733 5033 915 5086; x_wconf 88' lang='grc' dir='ltr'>ἀκτῖσι</span> <span class='ocrx_word' id='word_1_553' title='bbox 944 5037 1127 5089; x_wconf 81' lang='grc' dir='ltr'>πᾶσαν</span> <span class='ocrx_word' id='word_1_554' title='bbox 1158 5036 1256 5107; x_wconf 81' lang='grc' dir='ltr'>τὴν</span> <span class='ocrx_word' id='word_1_555' title='bbox 1288 5040 1612 5110; x_wconf 80' lang='grc' dir='ltr'>οἰκουμένην</span> 
     </span>
    </p>
   </div>
   <div class='ocr_carea' id='block_1_78' title="bbox 33 5120 1612 5199">
    <p class='ocr_par' dir='ltr' id='par_1_78' title="bbox 33 5120 1612 5199">
     <span class='ocr_line' id='line_1_78' title="bbox 33 5120 1612 5199; baseline 0.008 -29"><span class='ocrx_word' id='word_1_556' title='bbox 33 5120 525 5187; x_wconf 79' lang='grc' dir='ltr'>καταφωτίζοντος.</span> <span class='ocrx_word' id='word_1_557' title='bbox 558 5122 712 5193; x_wconf 87' lang='grc' dir='ltr'>Τάχα</span> <span class='ocrx_word' id='word_1_558' title='bbox 741 5123 797 5177; x_wconf 82' lang='grc' dir='ltr'>δὲ</span> <span class='ocrx_word' id='word_1_559' title='bbox 831 5124 925 5178; x_wconf 68' lang='grc' dir='ltr'><strong>κα)⁵</strong></span> <span class='ocrx_word' id='word_1_560' title='bbox 951 5124 1044 5178; x_wconf 91' lang='grc' dir='ltr'><strong>τοῦ</strong></span> <span class='ocrx_word' id='word_1_561' title='bbox 1074 5125 1148 5196; x_wconf 87' lang='grc' dir='ltr'><strong>μὴ</strong></span> <span class='ocrx_word' id='word_1_562' title='bbox 1188 5129 1466 5199; x_wconf 77' lang='grc' dir='ltr'>καταρχὰς</span> <span class='ocrx_word' id='word_1_563' title='bbox 1491 5131 1612 5184; x_wconf 78' lang='grc' dir='ltr'>ἑπι-</span> 
     </span>
    </p>
   </div>
   <div class='ocr_carea' id='block_1_79' title="bbox 36 5214 1612 5292">
    <p class='ocr_par' dir='ltr' id='par_1_79' title="bbox 36 5214 1612 5292">
     <span class='ocr_line' id='line_1_79' title="bbox 36 5214 1612 5292; baseline 0.008 -28"><span class='ocrx_word' id='word_1_564' title='bbox 36 5214 273 5283; x_wconf 83' lang='grc' dir='ltr'>φανῆναι</span> <span class='ocrx_word' id='word_1_565' title='bbox 316 5214 410 5267; x_wconf 83' lang='grc' dir='ltr'><strong>τὸν</strong></span> <span class='ocrx_word' id='word_1_566' title='bbox 454 5214 658 5287; x_wconf 83' lang='grc' dir='ltr'>Κύριον</span> <span class='ocrx_word' id='word_1_567' title='bbox 676 5257 691 5280; x_wconf 90' lang='grc'><strong>,</strong></span> <span class='ocrx_word' id='word_1_568' title='bbox 738 5216 852 5270; x_wconf 80' lang='grc' dir='ltr'>ἀλλ’</span> <span class='ocrx_word' id='word_1_569' title='bbox 883 5217 969 5269; x_wconf 76' lang='grc' dir='ltr'><strong>ἐπ’</strong></span> <span class='ocrx_word' id='word_1_570' title='bbox 998 5218 1243 5289; x_wconf 79' lang='grc' dir='ltr'>ἐσχάτων</span> <span class='ocrx_word' id='word_1_571' title='bbox 1269 5221 1378 5275; x_wconf 83' lang='grc' dir='ltr'>τῶν</span> <span class='ocrx_word' id='word_1_572' title='bbox 1406 5222 1612 5292; x_wconf 87' lang='grc' dir='ltr'>χρόνων</span> 
     </span>
    </p>
   </div>
   <div class='ocr_carea' id='block_1_80' title="bbox 34 5306 1609 5379">
    <p class='ocr_par' dir='ltr' id='par_1_80' title="bbox 34 5306 1609 5379">
     <span class='ocr_line' id='line_1_80' title="bbox 34 5306 1609 5379; baseline 0.004 -21"><span class='ocrx_word' id='word_1_573' title='bbox 34 5306 361 5377; x_wconf 88' lang='grc' dir='ltr'>χαρίσασθαι</span> <span class='ocrx_word' id='word_1_574' title='bbox 403 5308 469 5377; x_wconf 83' lang='grc' dir='ltr'>τῇ</span> <span class='ocrx_word' id='word_1_575' title='bbox 502 5306 815 5378; x_wconf 81' lang='grc' dir='ltr'>ἀνθρωπίνῃ</span> <span class='ocrx_word' id='word_1_576' title='bbox 849 5306 961 5377; x_wconf 77' lang='grc' dir='ltr'><strong>ζωῇ</strong></span> <span class='ocrx_word' id='word_1_577' title='bbox 1002 5309 1102 5378; x_wconf 77' lang='grc' dir='ltr'>τῆς</span> <span class='ocrx_word' id='word_1_578' title='bbox 1149 5310 1401 5379; x_wconf 88' lang='grc' dir='ltr'>θεότητος</span> <span class='ocrx_word' id='word_1_579' title='bbox 1445 5312 1609 5365; x_wconf 86' lang='grc' dir='ltr'>αὐτου</span> 
     </span>
    </p>
   </div>
   <div class='ocr_carea' id='block_1_81' title="bbox 35 5382 1611 5470">
    <p class='ocr_par' dir='ltr' id='par_1_81' title="bbox 35 5382 1611 5470">
     <span class='ocr_line' id='line_1_81' title="bbox 35 5382 1611 5470; baseline 0.004 -21"><span class='ocrx_word' id='word_1_580' title='bbox 35 5399 131 5469; x_wconf 73' lang='grc' dir='ltr'>τὴν</span> <span class='ocrx_word' id='word_1_581' title='bbox 181 5398 515 5469; x_wconf 76' lang='grc' dir='ltr'>ἐμφάνειαν,</span> <span class='ocrx_word' id='word_1_582' title='bbox 563 5382 769 5468; x_wconf 74' lang='grc' dir='ltr'>ταύτην</span> <span class='ocrx_word' id='word_1_583' title='bbox 798 5398 864 5452; x_wconf 81' lang='grc' dir='ltr'><strong>ἀν</strong></span> <span class='ocrx_word' id='word_1_584' title='bbox 899 5415 982 5461; x_wconf 89' lang='grc' dir='ltr'><strong>τις</strong></span> <span class='ocrx_word' id='word_1_585' title='bbox 1020 5398 1119 5469; x_wconf 77' lang='grc' dir='ltr'>τὴν</span> <span class='ocrx_word' id='word_1_586' title='bbox 1152 5402 1332 5454; x_wconf 86' lang='grc' dir='ltr'>αίτίαν</span> <span class='ocrx_word' id='word_1_587' title='bbox 1375 5404 1611 5470; x_wconf 82' lang='grc' dir='ltr'>εὐλόγως</span> 
     </span>
    </p>
   </div>
   <div class='ocr_carea' id='block_1_82' title="bbox 37 5489 1609 5562">
    <p class='ocr_par' dir='ltr' id='par_1_82' title="bbox 37 5489 1609 5562">
     <span class='ocr_line' id='line_1_82' title="bbox 37 5489 1609 5562; baseline 0.003 -22"><span class='ocrx_word' id='word_1_588' title='bbox 37 5490 402 5559; x_wconf 85' lang='grc' dir='ltr'>ὑπονοήσειεν,</span> <span class='ocrx_word' id='word_1_589' title='bbox 432 5490 513 5542; x_wconf 85' lang='grc' dir='ltr'><strong>ὅτι</strong></span> <span class='ocrx_word' id='word_1_590' title='bbox 538 5490 566 5541; x_wconf 86' lang='grc' dir='ltr'>ὁ</span> <span class='ocrx_word' id='word_1_591' title='bbox 592 5489 801 5559; x_wconf 79' lang='grc' dir='ltr'>μέλλων</span> <span class='ocrx_word' id='word_1_592' title='bbox 826 5490 917 5542; x_wconf 73' lang='grc' dir='ltr'><strong>ἐπὶ</strong></span> <span class='ocrx_word' id='word_1_593' title='bbox 940 5489 1253 5562; x_wconf 79' lang='grc' dir='ltr'>καθαιρέσει</span> <span class='ocrx_word' id='word_1_594' title='bbox 1283 5492 1381 5562; x_wconf 76' lang='grc' dir='ltr'>τῆς</span> <span class='ocrx_word' id='word_1_595' title='bbox 1413 5492 1609 5555; x_wconf 87' lang='grc' dir='ltr'>κακίας</span> 
     </span>
    </p>
   </div>
   <div class='ocr_carea' id='block_1_83' title="bbox 35 5580 1611 5652">
    <p class='ocr_par' dir='ltr' id='par_1_83' title="bbox 35 5580 1611 5652">
     <span class='ocr_line' id='line_1_83' title="bbox 35 5580 1611 5652; baseline 0.002 -21"><span class='ocrx_word' id='word_1_596' title='bbox 35 5582 108 5652; x_wconf 77' lang='grc' dir='ltr'><strong>τῷ</strong></span> <span class='ocrx_word' id='word_1_597' title='bbox 128 5580 454 5652; x_wconf 84' lang='grc' dir='ltr'>ἀνθρωπίνῳ</span> <span class='ocrx_word' id='word_1_598' title='bbox 478 5580 909 5651; x_wconf 89' lang='grc' dir='ltr'>καταμίγνυσθαι</span> <span class='ocrx_word' id='word_1_599' title='bbox 940 5580 1058 5651; x_wconf 83' lang='grc' dir='ltr'>βίῳ,</span> <span class='ocrx_word' id='word_1_600' title='bbox 1091 5583 1402 5649; x_wconf 76' lang='grc' dir='ltr'>ἀναγκαίως</span> <span class='ocrx_word' id='word_1_601' title='bbox 1431 5586 1611 5639; x_wconf 79' lang='grc' dir='ltr'>πᾶσαν</span> 
     </span>
    </p>
   </div>
   <div class='ocr_carea' id='block_1_84' title="bbox 40 5768 1213 5831">
    <p class='ocr_par' dir='ltr' id='par_1_84' title="bbox 40 5768 1213 5831">
     <span class='ocr_line' id='line_1_84' title="bbox 40 5768 1213 5831; baseline 0.004 -14"><span class='ocrx_word' id='word_1_602' title='bbox 40 5768 77 5796; x_wconf 58' lang='grc' dir='ltr'><strong>¹υ</strong></span> <span class='ocrx_word' id='word_1_603' title='bbox 114 5768 255 5824; x_wconf 81' lang='lat' dir='ltr'><strong>l’sal.</strong></span> <span class='ocrx_word' id='word_1_604' title='bbox 307 5784 475 5831; x_wconf 79' lang='lat' dir='ltr'><strong>cxvn,</strong></span> <span class='ocrx_word' id='word_1_605' title='bbox 510 5768 599 5822; x_wconf 72' lang='lat' dir='ltr'><strong>2L</strong></span> <span class='ocrx_word' id='word_1_606' title='bbox 688 5770 727 5798; x_wconf 85' lang='grc'><strong>¹⁷</strong></span> <span class='ocrx_word' id='word_1_607' title='bbox 770 5768 961 5820; x_wconf 69' lang='lat' dir='ltr'><strong>Matth.</strong></span> <span class='ocrx_word' id='word_1_608' title='bbox 1006 5784 1088 5825; x_wconf 77' lang='grc' dir='ltr'>ιιι.</span> <span class='ocrx_word' id='word_1_609' title='bbox 1129 5769 1213 5822; x_wconf 79' lang='grc' dir='ltr'><strong>Ιυ.</strong></span> 
     </span>
    </p>
   </div>
   <div class='ocr_carea' id='block_1_85' title="bbox 356 5862 1040 5923">
    <p class='ocr_par' dir='ltr' id='par_1_85' title="bbox 356 5862 1040 5923">
     <span class='ocr_line' id='line_1_85' title="bbox 356 5862 1040 5923; baseline 0.004 -3"><span class='ocrx_word' id='word_1_610' title='bbox 356 5863 624 5923; x_wconf 67' lang='lat' dir='ltr'><strong>Parnm.</strong></span> <span class='ocrx_word' id='word_1_611' title='bbox 665 5862 777 5921; x_wconf 77' lang='lat' dir='ltr'><strong>Gn.</strong></span> <span class='ocrx_word' id='word_1_612' title='bbox 823 5863 1040 5923; x_wconf 69' lang='lat' dir='ltr'><strong>XLVI.</strong></span> 
     </span>
    </p>
   </div>
   <div class='ocr_carea' id='block_1_86' title="bbox 1794 2736 3295 2809">
    <p class='ocr_par' dir='ltr' id='par_1_86' title="bbox 1794 2736 3295 2809">
     <span class='ocr_line' id='line_1_86' title="bbox 1794 2736 3295 2809; baseline 0.001 -18"><span class='ocrx_word' id='word_1_613' title='bbox 1794 2736 1887 2791; x_wconf 90' lang='lat' dir='ltr'><strong>Sic</strong></span> <span class='ocrx_word' id='word_1_614' title='bbox 1912 2736 2081 2807; x_wconf 82' lang='lat' dir='ltr'><strong>igitur</strong></span> <span class='ocrx_word' id='word_1_615' title='bbox 2114 2752 2340 2790; x_wconf 87' lang='lat' dir='ltr'><strong>rursum</strong></span> <span class='ocrx_word' id='word_1_616' title='bbox 2372 2745 2705 2807; x_wconf 88' lang='lat' dir='ltr'><strong>repetamus.</strong></span> <span class='ocrx_word' id='word_1_617' title='bbox 2742 2737 2870 2792; x_wconf 64' lang='lat' dir='ltr'><strong>llaec</strong></span> <span class='ocrx_word' id='word_1_618' title='bbox 2892 2748 2970 2791; x_wconf 77' lang='lat' dir='ltr'><strong>est</strong></span> <span class='ocrx_word' id='word_1_619' title='bbox 3004 2740 3117 2792; x_wconf 77' lang='lat' dir='ltr'><strong>dies</strong></span> <span class='ocrx_word' id='word_1_620' title='bbox 3135 2755 3295 2809; x_wconf 84' lang='lat' dir='ltr'><strong>quam</strong></span> 
     </span>
    </p>
   </div>
   <div class='ocr_carea' id='block_1_87' title="bbox 1720 2827 3296 2897">
    <p class='ocr_par' dir='ltr' id='par_1_87' title="bbox 1720 2827 3296 2897">
     <span class='ocr_line' id='line_1_87' title="bbox 1720 2827 3296 2897; baseline 0 -14"><span class='ocrx_word' id='word_1_621' title='bbox 1720 2830 1843 2897; x_wconf 73' lang='lat' dir='ltr'><strong>fecit</strong></span> <span class='ocrx_word' id='word_1_622' title='bbox 1862 2827 2121 2882; x_wconf 72' lang='lat' dir='ltr'><strong>Dominus</strong></span> <span class='ocrx_word' id='word_1_623' title='bbox 2142 2845 2161 2882; x_wconf 90' lang='lat'><strong><em>:</em></strong></span> <span class='ocrx_word' id='word_1_624' title='bbox 2183 2830 2527 2889; x_wconf 73' lang='lat' dir='ltr'><strong>exsultemus,</strong></span> <span class='ocrx_word' id='word_1_625' title='bbox 2555 2839 2601 2883; x_wconf 80' lang='lat' dir='ltr'><strong>et</strong></span> <span class='ocrx_word' id='word_1_626' title='bbox 2620 2830 2858 2884; x_wconf 72' lang='lat' dir='ltr'><strong>fruemur</strong></span> <span class='ocrx_word' id='word_1_627' title='bbox 2875 2831 2928 2883; x_wconf 81' lang='lat' dir='ltr'><strong>in</strong></span> <span class='ocrx_word' id='word_1_628' title='bbox 2951 2846 3015 2884; x_wconf 82' lang='lat' dir='ltr'><strong>ea</strong></span> <span class='ocrx_word' id='word_1_629' title='bbox 3032 2829 3095 2883; x_wconf 79' lang='lat'><strong>“.</strong></span> <span class='ocrx_word' id='word_1_630' title='bbox 3118 2828 3177 2883; x_wconf 82' lang='lat' dir='ltr'><strong>In</strong></span> <span class='ocrx_word' id='word_1_631' title='bbox 3196 2831 3296 2883; x_wconf 88' lang='lat' dir='ltr'><strong>hac</strong></span> 
     </span>
    </p>
   </div>
   <div class='ocr_carea' id='block_1_88' title="bbox 1722 2920 3291 2993">
    <p class='ocr_par' dir='ltr' id='par_1_88' title="bbox 1722 2920 3291 2993">
     <span class='ocr_line' id='line_1_88' title="bbox 1722 2920 3291 2993; baseline -0.001 -17"><span class='ocrx_word' id='word_1_632' title='bbox 1722 2922 1962 2977; x_wconf 70' lang='lat' dir='ltr'><strong>tenebrae</strong></span> <span class='ocrx_word' id='word_1_633' title='bbox 1994 2922 2263 2990; x_wconf 90' lang='lat' dir='ltr'><strong>incipiunt</strong></span> <span class='ocrx_word' id='word_1_634' title='bbox 2306 2922 2501 2987; x_wconf 90' lang='lat' dir='ltr'><strong>minui,</strong></span> <span class='ocrx_word' id='word_1_635' title='bbox 2541 2929 2597 2976; x_wconf 92' lang='lat' dir='ltr'><strong>et</strong></span> <span class='ocrx_word' id='word_1_636' title='bbox 2634 2930 2926 2977; x_wconf 88' lang='lat' dir='ltr'><strong>crescente</strong></span> <span class='ocrx_word' id='word_1_637' title='bbox 2977 2920 3291 2993; x_wconf 90' lang='lat' dir='ltr'><strong>splendore,</strong></span> 
     </span>
    </p>
   </div>
   <div class='ocr_carea' id='block_1_89' title="bbox 1722 3012 3293 3084">
    <p class='ocr_par' dir='ltr' id='par_1_89' title="bbox 1722 3012 3293 3084">
     <span class='ocr_line' id='line_1_89' title="bbox 1722 3012 3293 3084; baseline -0.001 -15"><span class='ocrx_word' id='word_1_638' title='bbox 1722 3016 1901 3071; x_wconf 88' lang='lat' dir='ltr'><strong>noctis</strong></span> <span class='ocrx_word' id='word_1_639' title='bbox 1933 3014 2154 3069; x_wconf 83' lang='lat' dir='ltr'><strong>termini</strong></span> <span class='ocrx_word' id='word_1_640' title='bbox 2183 3015 2608 3068; x_wconf 86' lang='lat' dir='ltr'><strong>contrahuntur.</strong></span> <span class='ocrx_word' id='word_1_641' title='bbox 2633 3012 2820 3084; x_wconf 82' lang='lat' dir='ltr'><strong>Neque</strong></span> <span class='ocrx_word' id='word_1_642' title='bbox 2845 3014 2991 3070; x_wconf 90' lang='lat' dir='ltr'><strong>enim</strong></span> <span class='ocrx_word' id='word_1_643' title='bbox 3034 3030 3171 3071; x_wconf 86' lang='lat' dir='ltr'><strong>casu</strong></span> <span class='ocrx_word' id='word_1_644' title='bbox 3199 3027 3293 3068; x_wconf 89' lang='lat' dir='ltr'><strong>ant</strong></span> 
     </span>
    </p>
   </div>
   <div class='ocr_carea' id='block_1_90' title="bbox 1724 3106 3291 3177">
    <p class='ocr_par' dir='ltr' id='par_1_90' title="bbox 1724 3106 3291 3177">
     <span class='ocr_line' id='line_1_90' title="bbox 1724 3106 3291 3177; baseline 0 -16"><span class='ocrx_word' id='word_1_645' title='bbox 1724 3117 1915 3177; x_wconf 90' lang='lat' dir='ltr'><strong>sponte</strong></span> <span class='ocrx_word' id='word_1_646' title='bbox 1945 3121 2045 3161; x_wconf 89' lang='lat' dir='ltr'><strong>sua</strong></span> <span class='ocrx_word' id='word_1_647' title='bbox 2078 3106 2405 3177; x_wconf 85' lang='lat' dir='ltr'><strong>contingunt</strong></span> <span class='ocrx_word' id='word_1_648' title='bbox 2435 3106 2569 3170; x_wconf 66' lang='lat' dir='ltr'><strong>haec,</strong></span> <span class='ocrx_word' id='word_1_649' title='bbox 2604 3106 2827 3173; x_wconf 85' lang='lat' dir='ltr'><strong>fratres,</strong></span> <span class='ocrx_word' id='word_1_650' title='bbox 2856 3108 2909 3161; x_wconf 93' lang='lat' dir='ltr'><strong>in</strong></span> <span class='ocrx_word' id='word_1_651' title='bbox 2944 3107 3047 3161; x_wconf 90' lang='lat' dir='ltr'><strong>bac</strong></span> <span class='ocrx_word' id='word_1_652' title='bbox 3076 3107 3167 3163; x_wconf 91' lang='lat' dir='ltr'><strong>die</strong></span> <span class='ocrx_word' id='word_1_653' title='bbox 3198 3123 3291 3163; x_wconf 88' lang='lat' dir='ltr'><strong>so-</strong></span> 
     </span>
    </p>
   </div>
   <div class='ocr_carea' id='block_1_91' title="bbox 1724 3198 3293 3268">
    <p class='ocr_par' dir='ltr' id='par_1_91' title="bbox 1724 3198 3293 3268">
     <span class='ocr_line' id='line_1_91' title="bbox 1724 3198 3293 3268; baseline 0.001 -15"><span class='ocrx_word' id='word_1_654' title='bbox 1724 3200 1911 3262; x_wconf 91' lang='lat' dir='ltr'><strong>lemni,</strong></span> <span class='ocrx_word' id='word_1_655' title='bbox 1936 3213 2043 3268; x_wconf 87' lang='lat' dir='ltr'><strong>qna</strong></span> <span class='ocrx_word' id='word_1_656' title='bbox 2075 3198 2327 3253; x_wconf 71' lang='lat' dir='ltr'><strong>humanae</strong></span> <span class='ocrx_word' id='word_1_657' title='bbox 2361 3199 2487 3253; x_wconf 81' lang='lat' dir='ltr'><strong>vitae</strong></span> <span class='ocrx_word' id='word_1_658' title='bbox 2519 3199 2772 3267; x_wconf 80' lang='lat' dir='ltr'><strong>splendet</strong></span> <span class='ocrx_word' id='word_1_659' title='bbox 2794 3198 2981 3255; x_wconf 89' lang='lat' dir='ltr'><strong>divina</strong></span> <span class='ocrx_word' id='word_1_660' title='bbox 3018 3200 3127 3255; x_wconf 90' lang='lat' dir='ltr'><strong>vita</strong></span> <span class='ocrx_word' id='word_1_661' title='bbox 3155 3217 3169 3253; x_wconf 91' lang='lat'><strong>:</strong></span> <span class='ocrx_word' id='word_1_662' title='bbox 3198 3202 3293 3257; x_wconf 88' lang='lat' dir='ltr'><strong>sed</strong></span> 
     </span>
    </p>
   </div>
   <div class='ocr_carea' id='block_1_92' title="bbox 1723 3292 3290 3361">
    <p class='ocr_par' dir='ltr' id='par_1_92' title="bbox 1723 3292 3290 3361">
     <span class='ocr_line' id='line_1_92' title="bbox 1723 3292 3290 3361; baseline 0.002 -16"><span class='ocrx_word' id='word_1_663' title='bbox 1723 3307 1818 3361; x_wconf 87' lang='lat' dir='ltr'><strong>per</strong></span> <span class='ocrx_word' id='word_1_664' title='bbox 1843 3307 1906 3347; x_wconf 89' lang='lat' dir='ltr'><strong>ea</strong></span> <span class='ocrx_word' id='word_1_665' title='bbox 1931 3306 2052 3361; x_wconf 81' lang='lat' dir='ltr'><strong>qua:</strong></span> <span class='ocrx_word' id='word_1_666' title='bbox 2075 3300 2381 3345; x_wconf 88' lang='lat' dir='ltr'><strong>cernuntur</strong></span> <span class='ocrx_word' id='word_1_667' title='bbox 2410 3292 2613 3347; x_wconf 84' lang='lat' dir='ltr'><strong>mentis</strong></span> <span class='ocrx_word' id='word_1_668' title='bbox 2647 3292 2822 3347; x_wconf 84' lang='lat' dir='ltr'><strong>aciem</strong></span> <span class='ocrx_word' id='word_1_669' title='bbox 2861 3292 3290 3358; x_wconf 83' lang='lat' dir='ltr'><strong>intendentibus,</strong></span> 
     </span>
    </p>
   </div>
   <div class='ocr_carea' id='block_1_93' title="bbox 1722 3382 3290 3453">
    <p class='ocr_par' dir='ltr' id='par_1_93' title="bbox 1722 3382 3290 3453">
     <span class='ocr_line' id='line_1_93' title="bbox 1722 3382 3290 3453; baseline 0.004 -17"><span class='ocrx_word' id='word_1_670' title='bbox 1722 3398 1991 3437; x_wconf 85' lang='lat' dir='ltr'><strong>arcanum</strong></span> <span class='ocrx_word' id='word_1_671' title='bbox 2021 3382 2297 3453; x_wconf 89' lang='lat' dir='ltr'><strong>quoddam</strong></span> <span class='ocrx_word' id='word_1_672' title='bbox 2324 3384 2568 3437; x_wconf 87' lang='lat' dir='ltr'><strong>ostendit</strong></span> <span class='ocrx_word' id='word_1_673' title='bbox 2597 3393 2817 3447; x_wconf 89' lang='lat' dir='ltr'><strong>natura,</strong></span> <span class='ocrx_word' id='word_1_674' title='bbox 2844 3400 2909 3440; x_wconf 90' lang='lat' dir='ltr'><strong>ac</strong></span> <span class='ocrx_word' id='word_1_675' title='bbox 2938 3394 3149 3441; x_wconf 92' lang='lat' dir='ltr'><strong>tantum</strong></span> <span class='ocrx_word' id='word_1_676' title='bbox 3178 3403 3290 3443; x_wconf 85' lang='lat' dir='ltr'><strong>non</strong></span> 
     </span>
    </p>
   </div>
   <div class='ocr_carea' id='block_1_94' title="bbox 1722 3474 3292 3550">
    <p class='ocr_par' dir='ltr' id='par_1_94' title="bbox 1722 3474 3292 3550">
     <span class='ocr_line' id='line_1_94' title="bbox 1722 3474 3292 3550; baseline 0.004 -21"><span class='ocrx_word' id='word_1_677' title='bbox 1722 3490 1909 3531; x_wconf 88' lang='lat' dir='ltr'><strong>vocem</strong></span> <span class='ocrx_word' id='word_1_678' title='bbox 1938 3479 2196 3530; x_wconf 91' lang='lat' dir='ltr'><strong>emittens</strong></span> <span class='ocrx_word' id='word_1_679' title='bbox 2224 3475 2384 3529; x_wconf 88' lang='lat' dir='ltr'><strong>docet</strong></span> <span class='ocrx_word' id='word_1_680' title='bbox 2407 3490 2524 3538; x_wconf 89' lang='lat' dir='ltr'><strong>eos,</strong></span> <span class='ocrx_word' id='word_1_681' title='bbox 2549 3476 2641 3544; x_wconf 89' lang='lat' dir='ltr'><strong>qui</strong></span> <span class='ocrx_word' id='word_1_682' title='bbox 2668 3474 2861 3531; x_wconf 90' lang='lat' dir='ltr'><strong>audire</strong></span> <span class='ocrx_word' id='word_1_683' title='bbox 2885 3487 3138 3549; x_wconf 90' lang='lat' dir='ltr'><strong>possunt,</strong></span> <span class='ocrx_word' id='word_1_684' title='bbox 3159 3480 3292 3550; x_wconf 88' lang='lat' dir='ltr'><strong>quid</strong></span> 
     </span>
    </p>
   </div>
   <div class='ocr_carea' id='block_1_95' title="bbox 1721 3566 3292 3642">
    <p class='ocr_par' dir='ltr' id='par_1_95' title="bbox 1721 3566 3292 3642">
     <span class='ocr_line' id='line_1_95' title="bbox 1721 3566 3292 3642; baseline 0.003 -19"><span class='ocrx_word' id='word_1_685' title='bbox 1721 3567 1827 3623; x_wconf 86' lang='lat' dir='ltr'><strong>sibi</strong></span> <span class='ocrx_word' id='word_1_686' title='bbox 1860 3567 2010 3631; x_wconf 83' lang='lat' dir='ltr'><strong>velit,</strong></span> <span class='ocrx_word' id='word_1_687' title='bbox 2036 3566 2183 3636; x_wconf 86' lang='lat' dir='ltr'><strong>quod</strong></span> <span class='ocrx_word' id='word_1_688' title='bbox 2218 3567 2272 3621; x_wconf 90' lang='lat' dir='ltr'><strong>in</strong></span> <span class='ocrx_word' id='word_1_689' title='bbox 2303 3566 2539 3621; x_wconf 84' lang='lat' dir='ltr'><strong>adventu</strong></span> <span class='ocrx_word' id='word_1_690' title='bbox 2559 3566 2775 3622; x_wconf 89' lang='lat' dir='ltr'><strong>Domini</strong></span> <span class='ocrx_word' id='word_1_691' title='bbox 2806 3568 2926 3625; x_wconf 92' lang='lat' dir='ltr'><strong>dies</strong></span> <span class='ocrx_word' id='word_1_692' title='bbox 2962 3580 3215 3642; x_wconf 88' lang='lat' dir='ltr'><strong>augetur,</strong></span> <span class='ocrx_word' id='word_1_693' title='bbox 3236 3581 3292 3627; x_wconf 90' lang='lat' dir='ltr'><strong>et</strong></span> 
     </span>
    </p>
   </div>
   <div class='ocr_carea' id='block_1_96' title="bbox 1719 3658 3290 3739">
    <p class='ocr_par' dir='ltr' id='par_1_96' title="bbox 1719 3658 3290 3739">
     <span class='ocr_line' id='line_1_96' title="bbox 1719 3658 3290 3739; baseline 0.004 -26"><span class='ocrx_word' id='word_1_694' title='bbox 1719 3674 1827 3713; x_wconf 76' lang='lat' dir='ltr'><strong>nox</strong></span> <span class='ocrx_word' id='word_1_695' title='bbox 1859 3660 2222 3715; x_wconf 90' lang='lat' dir='ltr'><strong>imminuitur.</strong></span> <span class='ocrx_word' id='word_1_696' title='bbox 2248 3658 2374 3713; x_wconf 79' lang='lat' dir='ltr'><strong>Mihi</strong></span> <span class='ocrx_word' id='word_1_697' title='bbox 2405 3660 2551 3739; x_wconf 86' lang='lat' dir='ltr'><strong>enim</strong></span> <span class='ocrx_word' id='word_1_698' title='bbox 2584 3660 2776 3715; x_wconf 87' lang='lat' dir='ltr'><strong>videor</strong></span> <span class='ocrx_word' id='word_1_699' title='bbox 2811 3676 2930 3715; x_wconf 91' lang='lat' dir='ltr'><strong>eam</strong></span> <span class='ocrx_word' id='word_1_700' title='bbox 2961 3662 3042 3718; x_wconf 87' lang='lat' dir='ltr'><strong>sic</strong></span> <span class='ocrx_word' id='word_1_701' title='bbox 3065 3663 3290 3734; x_wconf 91' lang='lat' dir='ltr'><strong>loquen-</strong></span> 
     </span>
    </p>
   </div>
   <div class='ocr_carea' id='block_1_97' title="bbox 1719 3751 3286 3828">
    <p class='ocr_par' dir='ltr' id='par_1_97' title="bbox 1719 3751 3286 3828">
     <span class='ocr_line' id='line_1_97' title="bbox 1719 3751 3286 3828; baseline 0.005 -23"><span class='ocrx_word' id='word_1_702' title='bbox 1719 3759 1827 3807; x_wconf 92' lang='lat' dir='ltr'><strong>tem</strong></span> <span class='ocrx_word' id='word_1_703' title='bbox 1862 3752 2125 3809; x_wconf 82' lang='lat' dir='ltr'><strong>exaudire</strong></span> <span class='ocrx_word' id='word_1_704' title='bbox 2152 3769 2166 3805; x_wconf 91' lang='lat'><strong>:</strong></span> <span class='ocrx_word' id='word_1_705' title='bbox 2196 3751 2523 3816; x_wconf 86' lang='lat' dir='ltr'><strong>Considera,</strong></span> <span class='ocrx_word' id='word_1_706' title='bbox 2556 3752 2744 3819; x_wconf 84' lang='lat' dir='ltr'><strong>homo,</strong></span> <span class='ocrx_word' id='word_1_707' title='bbox 2774 3754 2868 3821; x_wconf 86' lang='lat' dir='ltr'><strong>qui</strong></span> <span class='ocrx_word' id='word_1_708' title='bbox 2900 3754 3017 3811; x_wconf 63' lang='lat' dir='ltr'><strong>haec</strong></span> <span class='ocrx_word' id='word_1_709' title='bbox 3060 3758 3286 3828; x_wconf 85' lang='lat' dir='ltr'><strong>aspicis.</strong></span> 
     </span>
    </p>
   </div>
   <div class='ocr_carea' id='block_1_98' title="bbox 1717 3844 3289 3918">
    <p class='ocr_par' dir='ltr' id='par_1_98' title="bbox 1717 3844 3289 3918">
     <span class='ocr_line' id='line_1_98' title="bbox 1717 3844 3289 3918; baseline 0.004 -19"><span class='ocrx_word' id='word_1_710' title='bbox 1717 3844 1875 3899; x_wconf 79' lang='lat' dir='ltr'><strong>exiis</strong></span> <span class='ocrx_word' id='word_1_711' title='bbox 1910 3860 2031 3915; x_wconf 61' lang='lat' dir='ltr'><strong>quae</strong></span> <span class='ocrx_word' id='word_1_712' title='bbox 2068 3844 2349 3910; x_wconf 91' lang='lat' dir='ltr'><strong>videntur,</strong></span> <span class='ocrx_word' id='word_1_713' title='bbox 2382 3862 2447 3901; x_wconf 91' lang='lat' dir='ltr'><strong>ea</strong></span> <span class='ocrx_word' id='word_1_714' title='bbox 2476 3846 2574 3901; x_wconf 90' lang='lat' dir='ltr'><strong>tibi</strong></span> <span class='ocrx_word' id='word_1_715' title='bbox 2607 3848 2808 3917; x_wconf 86' lang='lat' dir='ltr'><strong>aperiri</strong></span> <span class='ocrx_word' id='word_1_716' title='bbox 2844 3863 2968 3918; x_wconf 73' lang='lat' dir='ltr'><strong>quze</strong></span> <span class='ocrx_word' id='word_1_717' title='bbox 3007 3850 3289 3905; x_wconf 85' lang='lat' dir='ltr'><strong>recondita</strong></span> 
     </span>
    </p>
   </div>
   <div class='ocr_carea' id='block_1_99' title="bbox 1718 3936 3291 4011">
    <p class='ocr_par' dir='ltr' id='par_1_99' title="bbox 1718 3936 3291 4011">
     <span class='ocr_line' id='line_1_99' title="bbox 1718 3936 3291 4011; baseline 0.003 -18"><span class='ocrx_word' id='word_1_718' title='bbox 1718 3946 1868 3993; x_wconf 87' lang='lat' dir='ltr'><strong>sunt.</strong></span> <span class='ocrx_word' id='word_1_719' title='bbox 1890 3936 2053 3994; x_wconf 84' lang='lat' dir='ltr'><strong>Vides</strong></span> <span class='ocrx_word' id='word_1_720' title='bbox 2069 3944 2284 3993; x_wconf 90' lang='lat' dir='ltr'><strong>noctem</strong></span> <span class='ocrx_word' id='word_1_721' title='bbox 2310 3937 2376 3991; x_wconf 87' lang='lat' dir='ltr'><strong>ad</strong></span> <span class='ocrx_word' id='word_1_722' title='bbox 2398 3952 2665 3992; x_wconf 90' lang='lat' dir='ltr'><strong>summam</strong></span> <span class='ocrx_word' id='word_1_723' title='bbox 2690 3938 3087 4009; x_wconf 75' lang='lat' dir='ltr'><strong>longitudinem</strong></span> <span class='ocrx_word' id='word_1_724' title='bbox 3108 3957 3291 4011; x_wconf 88' lang='lat' dir='ltr'><strong>perve-</strong></span> 
     </span>
    </p>
   </div>
   <div class='ocr_carea' id='block_1_100' title="bbox 1718 4029 3289 4101">
    <p class='ocr_par' dir='ltr' id='par_1_100' title="bbox 1718 4029 3289 4101">
     <span class='ocr_line' id='line_1_100' title="bbox 1718 4029 3289 4101; baseline 0.004 -18"><span class='ocrx_word' id='word_1_725' title='bbox 1718 4030 1890 4094; x_wconf 85' lang='lat' dir='ltr'><strong>nisse,</strong></span> <span class='ocrx_word' id='word_1_726' title='bbox 1932 4036 1987 4083; x_wconf 93' lang='lat' dir='ltr'><strong>et</strong></span> <span class='ocrx_word' id='word_1_727' title='bbox 2023 4043 2149 4083; x_wconf 90' lang='lat' dir='ltr'><strong>cum</strong></span> <span class='ocrx_word' id='word_1_728' title='bbox 2198 4029 2451 4098; x_wconf 81' lang='lat' dir='ltr'><strong>progredi</strong></span> <span class='ocrx_word' id='word_1_729' title='bbox 2511 4030 2743 4086; x_wconf 87' lang='lat' dir='ltr'><strong>ulterius</strong></span> <span class='ocrx_word' id='word_1_730' title='bbox 2794 4042 3047 4101; x_wconf 84' lang='lat' dir='ltr'><strong>nequeat,</strong></span> <span class='ocrx_word' id='word_1_731' title='bbox 3099 4036 3289 4089; x_wconf 36' lang='lat' dir='ltr'><strong>censis</strong></span> 
     </span>
    </p>
   </div>
   <div class='ocr_carea' id='block_1_101' title="bbox 1718 4118 3286 4191">
    <p class='ocr_par' dir='ltr' id='par_1_101' title="bbox 1718 4118 3286 4191">
     <span class='ocr_line' id='line_1_101' title="bbox 1718 4118 3286 4191; baseline 0.003 -16"><span class='ocrx_word' id='word_1_732' title='bbox 1718 4129 1887 4185; x_wconf 84' lang='lat' dir='ltr'><strong>stere,</strong></span> <span class='ocrx_word' id='word_1_733' title='bbox 1920 4134 1984 4174; x_wconf 90' lang='lat' dir='ltr'><strong>ac</strong></span> <span class='ocrx_word' id='word_1_734' title='bbox 2009 4118 2261 4189; x_wconf 75' lang='lat' dir='ltr'><strong>regredi?</strong></span> <span class='ocrx_word' id='word_1_735' title='bbox 2280 4118 2469 4188; x_wconf 81' lang='lat' dir='ltr'><strong>Cugita</strong></span> <span class='ocrx_word' id='word_1_736' title='bbox 2494 4119 2785 4175; x_wconf 80' lang='lat' dir='ltr'><strong>exitiosam</strong></span> <span class='ocrx_word' id='word_1_737' title='bbox 2819 4124 3021 4191; x_wconf 89' lang='lat' dir='ltr'><strong>peccati</strong></span> <span class='ocrx_word' id='word_1_738' title='bbox 3045 4134 3286 4191; x_wconf 88' lang='lat' dir='ltr'><strong>noctem,</strong></span> 
     </span>
    </p>
   </div>
   <div class='ocr_carea' id='block_1_102' title="bbox 1718 4207 3288 4282">
    <p class='ocr_par' dir='ltr' id='par_1_102' title="bbox 1718 4207 3288 4282">
     <span class='ocr_line' id='line_1_102' title="bbox 1718 4207 3288 4282; baseline 0.004 -18"><span class='ocrx_word' id='word_1_739' title='bbox 1718 4225 1843 4282; x_wconf 64' lang='lat' dir='ltr'><strong>quae</strong></span> <span class='ocrx_word' id='word_1_740' title='bbox 1870 4209 2033 4265; x_wconf 90' lang='lat' dir='ltr'><strong>malis</strong></span> <span class='ocrx_word' id='word_1_741' title='bbox 2054 4207 2313 4263; x_wconf 89' lang='lat' dir='ltr'><strong>omnibus</strong></span> <span class='ocrx_word' id='word_1_742' title='bbox 2340 4209 2553 4265; x_wconf 90' lang='lat' dir='ltr'><strong>artibus</strong></span> <span class='ocrx_word' id='word_1_743' title='bbox 2583 4221 2742 4265; x_wconf 91' lang='lat' dir='ltr'><strong>aucta</strong></span> <span class='ocrx_word' id='word_1_744' title='bbox 2773 4211 2840 4265; x_wconf 90' lang='lat' dir='ltr'><strong>ad</strong></span> <span class='ocrx_word' id='word_1_745' title='bbox 2869 4228 3145 4269; x_wconf 90' lang='lat' dir='ltr'><strong>summum</strong></span> <span class='ocrx_word' id='word_1_746' title='bbox 3179 4233 3288 4271; x_wconf 83' lang='lat' dir='ltr'><strong>ma-</strong></span> 
     </span>
    </p>
   </div>
   <div class='ocr_carea' id='block_1_103' title="bbox 1719 4301 3288 4370">
    <p class='ocr_par' dir='ltr' id='par_1_103' title="bbox 1719 4301 3288 4370">
     <span class='ocr_line' id='line_1_103' title="bbox 1719 4301 3288 4370; baseline 0.004 -13"><span class='ocrx_word' id='word_1_747' title='bbox 1719 4302 1849 4358; x_wconf 72' lang='lat' dir='ltr'><strong>litia:</strong></span> <span class='ocrx_word' id='word_1_748' title='bbox 1870 4302 2154 4357; x_wconf 88' lang='lat' dir='ltr'><strong>cumulum</strong></span> <span class='ocrx_word' id='word_1_749' title='bbox 2182 4309 2429 4368; x_wconf 87' lang='lat' dir='ltr'><strong>venerat,</strong></span> <span class='ocrx_word' id='word_1_750' title='bbox 2457 4301 2620 4357; x_wconf 91' lang='lat' dir='ltr'><strong>hodie</strong></span> <span class='ocrx_word' id='word_1_751' title='bbox 2652 4304 2884 4358; x_wconf 82' lang='lat' dir='ltr'><strong>recisam</strong></span> <span class='ocrx_word' id='word_1_752' title='bbox 2907 4320 3055 4370; x_wconf 83' lang='lat' dir='ltr'><strong>esse,</strong></span> <span class='ocrx_word' id='word_1_753' title='bbox 3080 4322 3150 4362; x_wconf 84' lang='lat' dir='ltr'><strong>ne</strong></span> <span class='ocrx_word' id='word_1_754' title='bbox 3176 4307 3288 4363; x_wconf 80' lang='lat' dir='ltr'><strong>lon-</strong></span> 
     </span>
    </p>
   </div>
   <div class='ocr_carea' id='block_1_104' title="bbox 1718 4395 3289 4471">
    <p class='ocr_par' dir='ltr' id='par_1_104' title="bbox 1718 4395 3289 4471">
     <span class='ocr_line' id='line_1_104' title="bbox 1718 4395 3289 4471; baseline 0.004 -22"><span class='ocrx_word' id='word_1_755' title='bbox 1718 4395 1845 4467; x_wconf 91' lang='lat' dir='ltr'><strong>gius</strong></span> <span class='ocrx_word' id='word_1_756' title='bbox 1867 4402 2135 4465; x_wconf 84' lang='lat' dir='ltr'><strong>serperet,</strong></span> <span class='ocrx_word' id='word_1_757' title='bbox 2169 4403 2333 4465; x_wconf 91' lang='lat' dir='ltr'><strong>atque</strong></span> <span class='ocrx_word' id='word_1_758' title='bbox 2368 4396 2498 4450; x_wconf 90' lang='lat' dir='ltr'><strong>illuc</strong></span> <span class='ocrx_word' id='word_1_759' title='bbox 2523 4396 2786 4467; x_wconf 89' lang='lat' dir='ltr'><strong>deinceps</strong></span> <span class='ocrx_word' id='word_1_760' title='bbox 2818 4398 3013 4468; x_wconf 78' lang='lat' dir='ltr'><strong>redigi,</strong></span> <span class='ocrx_word' id='word_1_761' title='bbox 3042 4410 3100 4454; x_wconf 90' lang='lat' dir='ltr'><strong>ut</strong></span> <span class='ocrx_word' id='word_1_762' title='bbox 3128 4402 3289 4471; x_wconf 89' lang='lat' dir='ltr'><strong>plane</strong></span> 
     </span>
    </p>
   </div>
   <div class='ocr_carea' id='block_1_105' title="bbox 1718 4483 3285 4553">
    <p class='ocr_par' dir='ltr' id='par_1_105' title="bbox 1718 4483 3285 4553">
     <span class='ocr_line' id='line_1_105' title="bbox 1718 4483 3285 4553; baseline 0.003 -13"><span class='ocrx_word' id='word_1_763' title='bbox 1718 4485 1958 4548; x_wconf 80' lang='lat' dir='ltr'><strong>deﬁciat,</strong></span> <span class='ocrx_word' id='word_1_764' title='bbox 1992 4500 2056 4540; x_wconf 88' lang='lat' dir='ltr'><strong>ac</strong></span> <span class='ocrx_word' id='word_1_765' title='bbox 2093 4484 2363 4539; x_wconf 87' lang='lat' dir='ltr'><strong>deleatur.</strong></span> <span class='ocrx_word' id='word_1_766' title='bbox 2386 4483 2551 4540; x_wconf 79' lang='lat' dir='ltr'><strong>Vides</strong></span> <span class='ocrx_word' id='word_1_767' title='bbox 2581 4486 2867 4543; x_wconf 87' lang='lat' dir='ltr'><strong>uberiores</strong></span> <span class='ocrx_word' id='word_1_768' title='bbox 2909 4488 3049 4542; x_wconf 89' lang='lat' dir='ltr'><strong>lucis</strong></span> <span class='ocrx_word' id='word_1_769' title='bbox 3078 4490 3285 4553; x_wconf 87' lang='lat' dir='ltr'><strong>radios.</strong></span> 
     </span>
    </p>
   </div>
   <div class='ocr_carea' id='block_1_106' title="bbox 1719 4578 3289 4654">
    <p class='ocr_par' dir='ltr' id='par_1_106' title="bbox 1719 4578 3289 4654">
     <span class='ocr_line' id='line_1_106' title="bbox 1719 4578 3289 4654; baseline 0.003 -19"><span class='ocrx_word' id='word_1_770' title='bbox 1719 4587 1776 4635; x_wconf 89' lang='lat' dir='ltr'><strong>et</strong></span> <span class='ocrx_word' id='word_1_771' title='bbox 1792 4579 1963 4635; x_wconf 89' lang='lat' dir='ltr'><strong>solem</strong></span> <span class='ocrx_word' id='word_1_772' title='bbox 1984 4578 2148 4633; x_wconf 89' lang='lat' dir='ltr'><strong>solito</strong></span> <span class='ocrx_word' id='word_1_773' title='bbox 2171 4578 2592 4633; x_wconf 83' lang='lat' dir='ltr'><strong>sublimiorem?</strong></span> <span class='ocrx_word' id='word_1_774' title='bbox 2611 4578 2799 4648; x_wconf 87' lang='lat' dir='ltr'><strong>Cogita</strong></span> <span class='ocrx_word' id='word_1_775' title='bbox 2823 4597 2964 4635; x_wconf 70' lang='lat' dir='ltr'><strong>verae</strong></span> <span class='ocrx_word' id='word_1_776' title='bbox 2993 4584 3129 4638; x_wconf 90' lang='lat' dir='ltr'><strong>lucis</strong></span> <span class='ocrx_word' id='word_1_777' title='bbox 3158 4600 3289 4654; x_wconf 59' lang='lat' dir='ltr'><strong>prae-</strong></span> 
     </span>
    </p>
   </div>
   <div class='ocr_carea' id='block_1_107' title="bbox 1719 4666 3287 4738">
    <p class='ocr_par' dir='ltr' id='par_1_107' title="bbox 1719 4666 3287 4738">
     <span class='ocr_line' id='line_1_107' title="bbox 1719 4666 3287 4738; baseline 0.003 -14"><span class='ocrx_word' id='word_1_778' title='bbox 1719 4669 1951 4724; x_wconf 86' lang='lat' dir='ltr'><strong>sentiam</strong></span> <span class='ocrx_word' id='word_1_779' title='bbox 1992 4666 2271 4738; x_wconf 87' lang='lat' dir='ltr'><strong>Evangelii</strong></span> <span class='ocrx_word' id='word_1_780' title='bbox 2321 4668 2492 4721; x_wconf 88' lang='lat' dir='ltr'><strong>radiis</strong></span> <span class='ocrx_word' id='word_1_781' title='bbox 2549 4677 2721 4722; x_wconf 89' lang='lat' dir='ltr'><strong>totum</strong></span> <span class='ocrx_word' id='word_1_782' title='bbox 2770 4670 2959 4725; x_wconf 87' lang='lat' dir='ltr'><strong>orbem</strong></span> <span class='ocrx_word' id='word_1_783' title='bbox 3013 4682 3287 4729; x_wconf 88' lang='lat' dir='ltr'><strong>terrarum</strong></span> 
     </span>
    </p>
   </div>
   <div class='ocr_carea' id='block_1_108' title="bbox 1720 4756 3285 4827">
    <p class='ocr_par' dir='ltr' id='par_1_108' title="bbox 1720 4756 3285 4827">
     <span class='ocr_line' id='line_1_108' title="bbox 1720 4756 3285 4827; baseline 0.004 -16"><span class='ocrx_word' id='word_1_784' title='bbox 1720 4758 2019 4813; x_wconf 87' lang='lat' dir='ltr'><strong>illustrare.</strong></span> <span class='ocrx_word' id='word_1_785' title='bbox 2040 4756 2195 4824; x_wconf 87' lang='lat' dir='ltr'><strong>Quod</strong></span> <span class='ocrx_word' id='word_1_786' title='bbox 2234 4766 2415 4812; x_wconf 87' lang='lat' dir='ltr'><strong>autem</strong></span> <span class='ocrx_word' id='word_1_787' title='bbox 2446 4758 2698 4813; x_wconf 74' lang='lat' dir='ltr'><strong>humana:</strong></span> <span class='ocrx_word' id='word_1_788' title='bbox 2724 4761 2847 4815; x_wconf 75' lang='lat' dir='ltr'><strong>vitae</strong></span> <span class='ocrx_word' id='word_1_789' title='bbox 2874 4777 2981 4816; x_wconf 90' lang='lat' dir='ltr'><strong>non</strong></span> <span class='ocrx_word' id='word_1_790' title='bbox 3005 4763 3073 4817; x_wconf 88' lang='lat' dir='ltr'><strong>ab</strong></span> <span class='ocrx_word' id='word_1_791' title='bbox 3102 4764 3285 4827; x_wconf 93' lang='lat' dir='ltr'><strong>initio,</strong></span> 
     </span>
    </p>
   </div>
   <div class='ocr_carea' id='block_1_109' title="bbox 1718 4850 3283 4924">
    <p class='ocr_par' dir='ltr' id='par_1_109' title="bbox 1718 4850 3283 4924">
     <span class='ocr_line' id='line_1_109' title="bbox 1718 4850 3283 4924; baseline 0.003 -18"><span class='ocrx_word' id='word_1_792' title='bbox 1718 4850 1814 4906; x_wconf 85' lang='lat' dir='ltr'><strong>sed</strong></span> <span class='ocrx_word' id='word_1_793' title='bbox 1856 4850 1925 4904; x_wconf 84' lang='lat' dir='ltr'><strong>ab</strong></span> <span class='ocrx_word' id='word_1_794' title='bbox 1956 4850 2219 4905; x_wconf 76' lang='lat' dir='ltr'><strong>extremis</strong></span> <span class='ocrx_word' id='word_1_795' title='bbox 2257 4851 2597 4919; x_wconf 89' lang='lat' dir='ltr'><strong>temporibus</strong></span> <span class='ocrx_word' id='word_1_796' title='bbox 2648 4850 2913 4908; x_wconf 90' lang='lat' dir='ltr'><strong>Dominus</strong></span> <span class='ocrx_word' id='word_1_797' title='bbox 2945 4858 3283 4924; x_wconf 85' lang='lat' dir='ltr'><strong>apparuerit,</strong></span> 
     </span>
    </p>
   </div>
   <div class='ocr_carea' id='block_1_110' title="bbox 1719 4942 3285 5014">
    <p class='ocr_par' dir='ltr' id='par_1_110' title="bbox 1719 4942 3285 5014">
     <span class='ocr_line' id='line_1_110' title="bbox 1719 4942 3285 5014; baseline 0.005 -19"><span class='ocrx_word' id='word_1_798' title='bbox 1719 4942 1862 4997; x_wconf 84' lang='lat' dir='ltr'><strong>banc</strong></span> <span class='ocrx_word' id='word_1_799' title='bbox 1888 4946 2084 4997; x_wconf 90' lang='lat' dir='ltr'><strong>merlto</strong></span> <span class='ocrx_word' id='word_1_800' title='bbox 2119 4942 2354 4997; x_wconf 87' lang='lat' dir='ltr'><strong>fortasse</strong></span> <span class='ocrx_word' id='word_1_801' title='bbox 2374 4958 2597 4997; x_wconf 83' lang='lat' dir='ltr'><strong>causam</strong></span> <span class='ocrx_word' id='word_1_802' title='bbox 2630 4944 2902 5014; x_wconf 88' lang='lat' dir='ltr'><strong>quispiam</strong></span> <span class='ocrx_word' id='word_1_803' title='bbox 2926 4948 3285 5013; x_wconf 84' lang='lat' dir='ltr'><strong>existimabit,</strong></span> 
     </span>
    </p>
   </div>
   <div class='ocr_carea' id='block_1_111' title="bbox 1718 5033 3287 5103">
    <p class='ocr_par' dir='ltr' id='par_1_111' title="bbox 1718 5033 3287 5103">
     <span class='ocr_line' id='line_1_111' title="bbox 1718 5033 3287 5103; baseline 0.004 -16"><span class='ocrx_word' id='word_1_804' title='bbox 1718 5034 1865 5102; x_wconf 86' lang='lat' dir='ltr'><strong>quod</strong></span> <span class='ocrx_word' id='word_1_805' title='bbox 1913 5034 2029 5103; x_wconf 93' lang='lat' dir='ltr'><strong>qui,</strong></span> <span class='ocrx_word' id='word_1_806' title='bbox 2077 5033 2340 5087; x_wconf 90' lang='lat' dir='ltr'><strong>malitiam</strong></span> <span class='ocrx_word' id='word_1_807' title='bbox 2381 5041 2439 5087; x_wconf 92' lang='lat' dir='ltr'><strong>ut</strong></span> <span class='ocrx_word' id='word_1_808' title='bbox 2478 5035 2727 5099; x_wconf 91' lang='lat' dir='ltr'><strong>tolleret,</strong></span> <span class='ocrx_word' id='word_1_809' title='bbox 2774 5039 3065 5092; x_wconf 88' lang='lat' dir='ltr'><strong>humanam</strong></span> <span class='ocrx_word' id='word_1_810' title='bbox 3114 5042 3287 5094; x_wconf 90' lang='lat' dir='ltr'><strong>vitam</strong></span> 
     </span>
    </p>
   </div>
   <div class='ocr_carea' id='block_1_112' title="bbox 1715 5126 3290 5197">
    <p class='ocr_par' dir='ltr' id='par_1_112' title="bbox 1715 5126 3290 5197">
     <span class='ocr_line' id='line_1_112' title="bbox 1715 5126 3290 5197; baseline 0.006 -18"><span class='ocrx_word' id='word_1_811' title='bbox 1715 5136 1835 5179; x_wconf 89' lang='lat' dir='ltr'><strong>erat</strong></span> <span class='ocrx_word' id='word_1_812' title='bbox 1882 5126 2255 5196; x_wconf 89' lang='lat' dir='ltr'><strong>ingressurus,</strong></span> <span class='ocrx_word' id='word_1_813' title='bbox 2282 5130 2625 5197; x_wconf 81' lang='lat' dir='ltr'><strong>exspectavit</strong></span> <span class='ocrx_word' id='word_1_814' title='bbox 2669 5134 3003 5197; x_wconf 80' lang='lat' dir='ltr'><strong>necessario,</strong></span> <span class='ocrx_word' id='word_1_815' title='bbox 3024 5140 3085 5187; x_wconf 89' lang='lat' dir='ltr'><strong>ut</strong></span> <span class='ocrx_word' id='word_1_816' title='bbox 3127 5148 3290 5188; x_wconf 90' lang='lat' dir='ltr'><strong>omne</strong></span> 
     </span>
    </p>
   </div>
   <div class='ocr_carea' id='block_1_113' title="bbox 1717 5219 3287 5296">
    <p class='ocr_par' dir='ltr' id='par_1_113' title="bbox 1717 5219 3287 5296">
     <span class='ocr_line' id='line_1_113' title="bbox 1717 5219 3287 5296; baseline 0.003 -24"><span class='ocrx_word' id='word_1_817' title='bbox 1717 5221 1786 5273; x_wconf 85' lang='lat' dir='ltr'><strong>ab</strong></span> <span class='ocrx_word' id='word_1_818' title='bbox 1808 5219 2035 5273; x_wconf 87' lang='lat' dir='ltr'><strong>inimico</strong></span> <span class='ocrx_word' id='word_1_819' title='bbox 2057 5228 2237 5275; x_wconf 88' lang='lat' dir='ltr'><strong>satum</strong></span> <span class='ocrx_word' id='word_1_820' title='bbox 2268 5231 2735 5293; x_wconf 89' lang='lat' dir='ltr'><strong>propagatumqne</strong></span> <span class='ocrx_word' id='word_1_821' title='bbox 2774 5235 3056 5294; x_wconf 90' lang='lat' dir='ltr'><strong>peccatum</strong></span> <span class='ocrx_word' id='word_1_822' title='bbox 3082 5228 3287 5296; x_wconf 85' lang='lat' dir='ltr'><strong>germi-</strong></span> 
     </span>
    </p>
   </div>
   <div class='ocr_carea' id='block_1_114' title="bbox 1717 5311 3359 5386">
    <p class='ocr_par' dir='ltr' id='par_1_114' title="bbox 1717 5311 3359 5386">
     <span class='ocr_line' id='line_1_114' title="bbox 1717 5311 3359 5386; baseline 0.005 -23"><span class='ocrx_word' id='word_1_823' title='bbox 1717 5318 1893 5371; x_wconf 88' lang='lat' dir='ltr'><strong>naret,</strong></span> <span class='ocrx_word' id='word_1_824' title='bbox 1916 5324 1981 5363; x_wconf 89' lang='lat' dir='ltr'><strong>ac</strong></span> <span class='ocrx_word' id='word_1_825' title='bbox 2019 5320 2136 5364; x_wconf 91' lang='lat' dir='ltr'><strong>tum</strong></span> <span class='ocrx_word' id='word_1_826' title='bbox 2165 5311 2411 5378; x_wconf 90' lang='lat' dir='ltr'><strong>demum,</strong></span> <span class='ocrx_word' id='word_1_827' title='bbox 2442 5321 2500 5366; x_wconf 94' lang='lat' dir='ltr'><strong>ut</strong></span> <span class='ocrx_word' id='word_1_828' title='bbox 2531 5314 2729 5383; x_wconf 81' lang='lat' dir='ltr'><strong>legitur</strong></span> <span class='ocrx_word' id='word_1_829' title='bbox 2764 5314 2818 5368; x_wconf 92' lang='lat' dir='ltr'><strong>in</strong></span> <span class='ocrx_word' id='word_1_830' title='bbox 2852 5313 3169 5386; x_wconf 80' lang='lat' dir='ltr'><strong>Evangelia,</strong></span> <span class='ocrx_word' id='word_1_831' title='bbox 3195 5332 3287 5371; x_wconf 87' lang='lat' dir='ltr'><strong>ra-</strong></span> <span class='ocrx_word' id='word_1_832' title='bbox 3356 5344 3359 5349; x_wconf 90' lang='lat'><strong><em>-</em></strong></span> 
     </span>
    </p>
   </div>
   <div class='ocr_carea' id='block_1_115' title="bbox 1716 5402 3291 5476">
    <p class='ocr_par' dir='ltr' id='par_1_115' title="bbox 1716 5402 3291 5476">
     <span class='ocr_line' id='line_1_115' title="bbox 1716 5402 3291 5476; baseline 0.005 -20"><span class='ocrx_word' id='word_1_833' title='bbox 1716 5402 1823 5457; x_wconf 88' lang='lat' dir='ltr'><strong>dici</strong></span> <span class='ocrx_word' id='word_1_834' title='bbox 1867 5402 2105 5457; x_wconf 84' lang='lat' dir='ltr'><strong>securim</strong></span> <span class='ocrx_word' id='word_1_835' title='bbox 2153 5402 2397 5457; x_wconf 89' lang='lat' dir='ltr'><strong>admovit</strong></span> <span class='ocrx_word' id='word_1_836' title='bbox 2420 5406 2482 5457; x_wconf 81' lang='lat'><strong>&quot;.</strong></span> <span class='ocrx_word' id='word_1_837' title='bbox 2515 5404 2647 5458; x_wconf 86' lang='lat' dir='ltr'><strong>Nam</strong></span> <span class='ocrx_word' id='word_1_838' title='bbox 2676 5414 2728 5459; x_wconf 89' lang='lat' dir='ltr'><strong>et</strong></span> <span class='ocrx_word' id='word_1_839' title='bbox 2758 5407 2850 5476; x_wconf 91' lang='lat' dir='ltr'><strong>qui</strong></span> <span class='ocrx_word' id='word_1_840' title='bbox 2878 5416 3136 5475; x_wconf 68' lang='lat' dir='ltr'><strong>praestant</strong></span> <span class='ocrx_word' id='word_1_841' title='bbox 3172 5424 3291 5464; x_wconf 87' lang='lat' dir='ltr'><strong>me-</strong></span> 
     </span>
    </p>
   </div>
   <div class='ocr_carea' id='block_1_116' title="bbox 1715 5493 3285 5571">
    <p class='ocr_par' dir='ltr' id='par_1_116' title="bbox 1715 5493 3285 5571">
     <span class='ocr_line' id='line_1_116' title="bbox 1715 5493 3285 5571; baseline 0.004 -24"><span class='ocrx_word' id='word_1_842' title='bbox 1715 5494 1878 5548; x_wconf 90' lang='lat' dir='ltr'><strong>dendi</strong></span> <span class='ocrx_word' id='word_1_843' title='bbox 1929 5493 2210 5559; x_wconf 78' lang='lat' dir='ltr'><strong>facultate,</strong></span> <span class='ocrx_word' id='word_1_844' title='bbox 2245 5495 2377 5550; x_wconf 89' lang='lat' dir='ltr'><strong>dum</strong></span> <span class='ocrx_word' id='word_1_845' title='bbox 2413 5494 2586 5553; x_wconf 78' lang='lat' dir='ltr'><strong>febris</strong></span> <span class='ocrx_word' id='word_1_846' title='bbox 2616 5500 2797 5554; x_wconf 88' lang='lat' dir='ltr'><strong>adhuc</strong></span> <span class='ocrx_word' id='word_1_847' title='bbox 2842 5516 3045 5571; x_wconf 88' lang='lat' dir='ltr'><strong>corpus</strong></span> <span class='ocrx_word' id='word_1_848' title='bbox 3078 5504 3285 5566; x_wconf 80' lang='lat' dir='ltr'><strong>exurit,</strong></span> 
     </span>
    </p>
   </div>
   <div class='ocr_carea' id='block_1_117' title="bbox 1716 5586 3284 5661">
    <p class='ocr_par' dir='ltr' id='par_1_117' title="bbox 1716 5586 3284 5661">
     <span class='ocr_line' id='line_1_117' title="bbox 1716 5586 3284 5661; baseline 0.006 -21"><span class='ocrx_word' id='word_1_849' title='bbox 1716 5594 1770 5640; x_wconf 89' lang='lat' dir='ltr'><strong>ct</strong></span> <span class='ocrx_word' id='word_1_850' title='bbox 1805 5602 1868 5640; x_wconf 81' lang='lat' dir='ltr'><strong>ex</strong></span> <span class='ocrx_word' id='word_1_851' title='bbox 1901 5586 2086 5642; x_wconf 89' lang='lat' dir='ltr'><strong>causis</strong></span> <span class='ocrx_word' id='word_1_852' title='bbox 2129 5586 2383 5643; x_wconf 87' lang='lat' dir='ltr'><strong>morbum</strong></span> <span class='ocrx_word' id='word_1_853' title='bbox 2417 5588 2781 5645; x_wconf 71' lang='lat' dir='ltr'><strong>ellicientibus</strong></span> <span class='ocrx_word' id='word_1_854' title='bbox 2814 5594 3075 5661; x_wconf 87' lang='lat' dir='ltr'><strong>paulatim</strong></span> <span class='ocrx_word' id='word_1_855' title='bbox 3105 5594 3284 5650; x_wconf 85' lang='lat' dir='ltr'><strong>inten-</strong></span> 
     </span>
    </p>
   </div>
   <div class='ocr_carea' id='block_1_118' title="bbox 2874 5867 2950 5928">
    <p class='ocr_par' dir='ltr' id='par_1_118' title="bbox 2874 5867 2950 5928">
     <span class='ocr_line' id='line_1_118' title="bbox 2874 5867 2950 5928; baseline 0.013 -1"><span class='ocrx_word' id='word_1_856' title='bbox 2874 5867 2950 5928; x_wconf 81' lang='lat' dir='ltr'><strong>3G</strong></span> 
     </span>
    </p>
   </div>
  </div>
