3822 6424
539 331 672 385 “3!

1753 329 1810 384 S.
1853 329 2179 386 GREGORll
2214 331 2512 388 NYSSENI

3677 332 3792 388 1152

537 447 706 508 ditur,
741 443 1120 499 obsecundant
1161 443 1370 506 inorbo,
1405 443 1584 512 quoad
1615 443 1696 497 vis
1733 444 1798 496 ad
1831 457 2107 498 summum

2216 444 2464 515 ἀνέμεινε
2491 444 2590 516 τὴν
2619 445 2768 516 παρὰ
2791 446 2884 499 τοῦ
2913 446 3136 517 Ἐχθροῦ
3165 447 3504 518 ριζιυθεῖσαν
3533 445 3790 515 ἁμαρτίαν

539 535 872 606 pervenerit,
917 550 1018 588 nec
1065 535 1174 589 cibi
1225 533 1534 590 subsidium
1594 533 1765 588 ullum
1823 534 2110 602 aegrotanti

539 627 784 698 praebent
815 645 827 679 :
859 635 914 680 at
950 627 1042 680 ubi
1079 627 1282 680 malum
1313 627 1644 692 constiterit,
1687 627 1958 697 patefacto
1997 627 2114 696 jam

539 729 656 774 toto
693 721 907 784 morbo,
947 729 1079 774 tunc
1121 729 1294 775 artem
1347 721 1628 775 adhibent.
1661 722 1754 776 Sic
1801 723 2110 776 animorum

541 814 927 880 aegrotantium
948 812 1194 867 medicus
1211 814 1572 882 exspectavit,
1593 815 1719 868 dum
1743 815 1962 868 malitiae
1977 829 2115 868 mor-

541 905 669 970 bus,
698 921 807 976 quo
841 915 1034 960 natura
1078 905 1360 958 hominum
1397 907 1542 958 victa
1583 908 1888 968 laborabat,
1913 923 1974 961 se
2023 915 2112 961 to-

541 1007 656 1052 tum
695 998 952 1067 aperiret,
981 1012 1046 1050 ne
1073 997 1250 1051 latens
1282 997 1486 1066 aliquid
1515 999 1825 1053 incuratum
1859 1013 2112 1054 remane-

541 1099 644 1154 ret,
689 1090 733 1142 si
766 1095 989 1141 curaret
1033 1087 1085 1141 id
1128 1087 1304 1142 solum
1341 1088 1487 1156 quod
1531 1099 1868 1144 cerneretur.
1923 1090 2114 1160 Itaque

540 1197 642 1236 nec
673 1180 784 1235 Noe
817 1189 1165 1250 tempestate,
1199 1193 1323 1234 cum
1357 1181 1540 1236 omnis
1567 1197 1698 1236 caro
1731 1183 1786 1236 in
1823 1184 2115 1253 iniquitate

541 1285 804 1342 corrupta
827 1280 995 1334 esset,
1012 1271 1247 1326 adventu
1273 1287 1374 1326 suo
1399 1273 1726 1328 medicinam
1749 1275 1954 1338 attulit,
1982 1276 2112 1345 quia

541 1365 786 1419 nondum
821 1363 1146 1418 Sodomitici
1187 1365 1413 1420 sceleris
1447 1381 1667 1436 germen
1703 1366 2110 1435 pulluluverat:

545 1473 644 1512 nec
689 1465 930 1526 tempore
969 1457 1270 1511 eversionis
1323 1455 1684 1512 Sodomorum
1717 1457 1980 1516 Dominus
2020 1459 2114 1513 ad-

541 1550 720 1612 venit,
764 1549 1025 1617 quoniam
1081 1547 1134 1600 in
1179 1546 1414 1600 humana
1467 1559 1660 1600 natura
1713 1549 1882 1602 multa
1937 1550 2115 1604 adhuc

545 1641 682 1692 mala
709 1639 1013 1692 latitabant.
1035 1636 1138 1692 Ubi
1163 1639 1308 1692 enim
1335 1637 1537 1708 impius
1561 1635 1810 1694 Pharao?
1832 1638 1932 1695 Ubi
1959 1641 2115 1696 indo-

543 1731 674 1785 inita
709 1730 1090 1800 JEgyptiorum
1133 1727 1380 1781 malitia?

2217 536 2620 607 ἀναϐλαστῆσαι
2647 553 2661 566 ·
2711 531 2809 590 εἷθ’
2847 537 3016 602 οὕτως
3049 539 3320 609 ἐπήγαγε,
3353 536 3558 600 καθὼς
3593 554 3720 606 φησι
3743 541 3792 590 τὲ

2215 629 2568 698 Εὑαγγέλιον,
2597 629 2692 699 τὴν
2721 628 2908 699 ἀξίνην
2935 631 3000 700 τῇ
3027 629 3170 700 ῥίζῃ.
3201 632 3312 683 Καὶ
3331 629 3452 700 γὰρ
3469 628 3592 681 τῶν
3615 629 3794 696 ἰατρῶν

2215 725 2264 776 οἱ
2313 727 2380 794 τῇ
2421 723 2586 794 τέχνῃ
2633 722 2983 793 προέχοντες,
3029 722 3234 776 ἔνδοθεν
3276 723 3358 776 ἔτι
3403 724 3472 776 τὸ
3525 723 3692 791 σῶμα
3713 723 3794 776 τοῦ

2217 815 2452 886 πυρετοῦ
2479 815 2892 885 διασμύχοντος,
2921 815 3014 868 καὶ
3039 817 3159 868 κατ’
3185 815 3364 884 ὀλίγον
3395 814 3514 868 ὑπὸ
3541 815 3652 866 τῶν
3671 831 3796 866 vasa.

2217 907 2384 960 ποιῶν
2425 907 2613 960 αἰτιῶν
2657 905 3024 976 ὲξαπτομένου
3047 947 3062 968 ,
3107 905 3364 959 ένδιδόασι
3401 905 3484 974 τῷ
3521 907 3794 975 ἀρρωστή-

2219 1016 2370 1070 ματι,
2411 999 2602 1069 μέχρις
2629 997 2695 1050 ἂν
2737 998 2816 1060 είς
2847 996 3028 1066 ἀκμὴν
3055 997 3290 1067 προέλθῃ
3325 996 3392 1050 τὸ
3423 995 3630 1058 πάθος,
3663 997 3794 1048 0'35:-

2219 1091 2345 1159 μίαν
2383 1091 2447 1142 ὲκ
2487 1089 2596 1142 τῶν
2629 1089 2812 1142 σιτίων
2857 1088 3150 1156 ἐπάγοντες
3188 1087 3265 1158 τῷ
3301 1087 3640 1140 ἀσθενοῦντι
3685 1085 3794 1154 βοή-

2217 1181 2386 1234 θειαψ
2435 1179 2654 1233 ἐπειδὰν
2695 1179 2752 1232 δὲ
2795 1179 3056 1248 στάσιμον
3093 1177 3313 1248 γένηται
3345 1178 3412 1230 τὺ
3451 1177 3656 1238 κακὸν,
3689 1178 3794 1230 τότε

2215 1275 2312 1345 τὴν
2335 1275 2528 1344 τέχνην
2569 1271 2880 1340 έπάγουσιν,
2907 1271 3230 1342 ἐκφανείσης
3259 1271 3451 1340 πάσης
3491 1271 3604 1340 τῆς
3629 1271 3790 1324 νόσου.

2217 1365 2402 1428 Οὕτως
2423 1365 2516 1418 καὶ
2537 1367 2566 1416 6
2591 1365 2716 1427 τοὺς
2745 1363 2928 1426 κακῶς
2947 1363 3164 1434 ἔχοντας
3181 1363 3279 1434 τὴν
3297 1363 3488 1434 ψυχὴν
3523 1363 3794 1432 ἰατρεύων,

2217 1458 2464 1526 ἀνέμεινε
2493 1457 2590 1526 τὴν
2619 1457 2684 1508 ὲκ
2715 1455 2911 1517 κακίας
2949 1456 3134 1520 νόσον,
3259 1453 3670 1524 κατεκρατήθη
3705 1455 3794 1506 τὼν

2215 1548 2512 1614 ἀνθρώπων
2563 1550 2596 1618 ἡ
2645 1547 2832 1616 φύσις,
2887 1548 3064 1600 πᾶσαν
3115 1546 3575 1617 ἐκκαλυφθῆναι,
3621 1547 3699 1609 ὡς
3741 1548 3798 1600 ἂν

2219 1640 2383 1710 μηδὲν
2411 1640 2517 1692 τῶν
2557 1639 2952 1710 κεκρυμμένων
2993 1638 3364 1708 ἀθεράπευτον
3421 1637 3660 1708 μείνειε,
3715 1638 3798 1690 τοῦ

2219 1731 2404 1803 ἰατροῦ
2443 1731 2600 1800 μόνον
2625 1731 2688 1783 τὸ
2711 1731 2874 1799 φανὲν
2901 1730 3311 1802 θεραπεύοντος.
3343 1731 3452 1784 Διά
3485 1729 3656 1784 τοῦτο
3687 1729 3798 1782 οὗτε

543 1825 682 1878 κατὰ
707 1826 828 1886 τοὺς
863 1823 1088 1892 καιροὺς
1130 1820 1223 1874 τοῦ
1263 1823 1383 1874 Νῶε
1411 1821 1592 1893 πάσης
1619 1823 1818 1893 σαρκὸς
1876 1826 1934 1876 έν
1997 1825 2180 1896 ἀδικίᾳ
2221 1825 2688 1895 καταφθαρείσηςν-
2729 1823 2924 1892 ἐπάγει
2957 1823 3046 1877 διὰ
3073 1827 3172 1894 τῆς
3201 1823 3334 1886 ίδίας
3363 1825 3688 1894 ἐμφανείας
3711 1825 3798 1892 τὴν

541 1919 716 1977 ἴασιν,
764 1916 845 1966 ὅτι
881 1913 1033 1966 οὔπω
1072 1913 1172 1982 τῆς
1205 1913 1558 1983 Σοδομιτικῆς
1595 1915 1792 1978 κακίας
1818 1917 1846 1968 6
1870 1915 2098 1984 βλαστὸς
2137 1917 2338 1987 ἑξεφύη
2363 1933 2378 1948 ·
2426 1915 2550 1968 οὔτε
2581 1915 2675 1968 τοῦ
2702 1914 2894 1986 καιροῦ
2933 1915 3032 1986 τῆς
3097 1914 3346 1984 Σοδόμων
3411 1915 3798 1984 καταστροφῆς

539 2011 566 2059 ὁ
601 2007 802 2075 Κύριος
835 2003 1104 2074 φαίνεται.
1149 2003 1294 2056 Διότι
1339 2001 1506 2057 πολλά
1539 2003 1644 2058 τῶν
1677 2004 1982 2058 ὑπολοίπων
2019 2005 2204 2060 κακῶν
2249 2005 2336 2059 ἔτι
2371 2008 2438 2077 τῇ
2473 2005 2786 2077 ἀνθρωπίνῃ
2825 2005 3230 2076 κατεκρύπτετο
3255 2007 3446 2074 φύσει.
3495 2004 3614 2056 Ποῦ
3647 2005 3752 2073 γὰρ
3775 2009 3800 2055 ο

545 2101 808 2171 θεομάχος
835 2098 1058 2171 impedi;
1089 2098 1200 2152 Ποῦ
1227 2097 1336 2152 τῶν
1364 2100 1674 2166 Αἰγυπτίων
1701 2102 1734 2170 ή
1761 2099 2067 2171 ἀδάμαστος
2105 2102 2335 2172 πονηρία
2361 2119 2374 2166 ;

617 2193 724 2246 Nec
752 2201 881 2244 tunc
907 2191 1073 2261 igitur
1103 2198 1319 2259 tempus
1346 2189 1470 2248 fuit.
1501 2200 1559 2244 ut
1581 2197 1864 2261 reparator
1887 2190 2107 2244 univer~

2283 2193 2356 2244 Οὐ
2389 2193 2496 2263 μὴν
2539 2193 2660 2246 οὐδὲ
2696 2193 2816 2245 τότε
2863 2191 2942 2262 τῷ
2983 2191 3243 2264 διορθωτῇ
3293 2191 3394 2244 τοῦ
3451 2192 3680 2254 παντὸς
3725 2193 3802 2243 εὖ·

545 2286 615 2346 si,
643 2291 912 2353 tempore,
950 2285 1195 2352 inquam,
1239 2281 1621 2352 Aigyptiorum
1659 2283 1948 2346 malorum,
1981 2284 2110 2340 huic

544 2377 668 2430 vita:
701 2391 760 2430 se
803 2376 1186 2429 commisceret
1215 2390 1226 2424 :
1252 2373 1348 2428 sed
1394 2374 1698 2442 oportebat,
1731 2381 1790 2428 ut
1839 2376 2113 2431 Israelita-

549 2484 668 2521 rum
692 2467 954 2537 iniquitas
973 2465 1268 2536 pateﬁeret.
1289 2464 1603 2536 Oportebat,
1627 2477 1686 2522 ut
1709 2483 1934 2538 regnum
1953 2471 2114 2540 Assy-

549 2559 853 2621 riorum,et
908 2557 1162 2626 superbia
1213 2555 1733 2623 Nabuchodonosor,
1782 2559 1959 2614 adhuc
1987 2559 2112 2614 lati-

547 2661 691 2714 tans,
725 2653 780 2704 in
833 2649 944 2702 vita
983 2647 1388 2703 ostenderetur.
1420 2647 1744 2719 Oportebat,
1789 2658 1847 2704 ut
1895 2653 2111 2720 piorum

545 2743 722 2798 credes
787 2751 1047 2811 tanquam
1112 2741 1376 2796 scelerata
1433 2745 1764 2812 spinosaque
1813 2744 1998 2813 planta
2045 2760 2113 2799 ex

545 2836 685 2888 mala
711 2834 914 2890 diaboli
958 2834 1142 2888 radice
1171 2833 1433 2904 prodiret.
1458 2832 1776 2904 Oportebat,
1810 2843 1869 2889 ut
1899 2835 2113 2891 Judteo-

547 2943 666 2981 rum
713 2927 1009 2996 prophetas
1041 2925 1430 2988 occidentium,
1461 2935 1515 2980 et
1546 2941 1576 2979 a
1601 2925 1712 2982 Deo
1743 2928 1940 2984 missos
1971 2929 2110 2999 lapi-

547 3019 708 3074 dibus
741 3019 1112 3084 obruentium,
1149 3031 1213 3072 ac
1249 3015 1516 3072 Zacharia
1544 3019 1765 3075 tandem
1808 3021 1950 3076 inter
1979 3031 2113 3076 tem-

547 3113 692 3182 plum
721 3119 774 3166 et
809 3109 981 3164 altare
1012 3107 1300 3166 interfecto
1322 3111 1384 3174 ⁸⁸,
1407 3111 1682 3180 piaculum
1705 3113 2110 3168 admittentium

547 3203 726 3257 rabies
747 3201 1117 3270 detegeretur.
1137 3201 1218 3254 Ad
1243 3203 1634 3258 sceleratorum
1667 3206 1975 3275 germinum
2008 3223 2112 3260 nu-

545 3309 754 3350 merum
788 3293 926 3348 adde
952 3300 1007 3348 et
1038 3291 1324 3348 infantium
1363 3293 1432 3348 ab
1465 3293 1677 3350 Herode
1708 3305 1976 3366 patratam
2009 3313 2112 3352 αε-

547 3387 692 3440 dem.
731 3385 865 3440 Cum
926 3385 1092 3456 igitur
1127 3383 1350 3438 malitiae
1388 3385 1470 3442 vis
1501 3401 1559 3441 se
1599 3398 1770 3442 totam
1799 3389 2106 3456 eiludisset,

549 3479 846 3547 multisque
877 3479 1161 3534 luxurians
1201 3482 1378 3536 modis
1417 3482 1678 3536 crevisset
1707 3483 1758 3534 in
1793 3483 1993 3537 animis
2017 3498 2110 3537 eo-

547 3569 804 3637 rum,qui
845 3569 1074 3638 singulis
1113 3571 1326 3627 saeculis
1373 3571 1580 3626 scelere
1609 3571 1849 3644 insignes
1887 3576 2112 3628 exstite-
2141 3547 2188 3608 θ

549 3671 696 3726 rant,
748 3672 878 3716 tunc
913 3661 1075 3728 Deus,
1121 3673 1180 3718 ut
1231 3667 1299 3717 ad
1343 3661 1710 3720 Athenienses
1761 3663 1964 3720 Paulus
2017 3667 2112 3732 ait,

549 3754 870 3825 ignorantiae
925 3763 1168 3825 tempora
1217 3755 1550 3825 despiciens,
1585 3757 1638 3810 in
1670 3757 1865 3814 diebus
1907 3759 2115 3814 ultimis

548 3849 850 3915 advenit",
897 3849 1118 3920 quando
1155 3863 1265 3903 non
1297 3857 1413 3902 erat
1453 3849 1762 3920 intelligens
1793 3867 1892 3906 nec
1927 3851 2114 3920 requi-

547 3957 674 3998 rens
711 3941 882 3996 Deum
915 3961 928 3995 :
960 3942 1180 4011 quando
1210 3940 1396 3998 cuncti
1443 3943 1849 3998 declinaverant
1885 3950 1938 3997 et
1987 3943 2112 3996 facti

547 4041 703 4090 erant
735 4033 958 4089 inutiles
979 4035 1045 4099 ’°,
1069 4035 1289 4105 quando
1332 4035 1588 4090 conclusa
1623 4043 1780 4090 erant
1805 4036 1988 4090 omnia
2013 4035 2115 4089 sub

547 4131 773 4194 peccato
795 4125 860 4188 “,
885 4125 1106 4195 quando
1137 4126 1398 4196 iniquitas
1424 4127 1756 4190 abundabat,
1782 4127 2002 4197 quando
2035 4128 2116 4181 vi-

547 4217 745 4271 tiorum
769 4216 1004 4271 tenebrae
1034 4215 1100 4270 ad
1123 4234 1394 4273 summum
1425 4234 1598 4289 usque
1625 4220 1918 4273 terminum
1956 4235 2114 4273 vene-

549 4315 694 4362 rant.
717 4305 870 4362 Tuuc
899 4310 1147 4378 apparuit
1176 4311 1371 4380 gratia,
1401 4319 1531 4365 tunc
1573 4327 1714 4366 verae
1743 4311 1881 4364 lucis
1915 4311 2113 4364 enituit

547 4397 756 4463 radius,
778 4405 910 4454 tunc
947 4399 1002 4453 in
1051 4401 1292 4456 tenebris
1319 4409 1374 4455 et
1403 4402 1594 4456 umbra
1637 4402 1832 4456 mortis
1870 4401 2113 4457 sedenti-

548 4489 654 4544 bus
697 4497 850 4546 ortus
888 4498 971 4545 est
998 4489 1222 4558 iustitiae
1269 4493 1350 4546 sol
1373 4495 1418 4525 “
1446 4511 1458 4545 :
1487 4501 1619 4548 tunc
1655 4494 1944 4546 humanam
1993 4507 2114 4546 car-

551 4595 673 4634 nem
707 4580 929 4636 indutus
953 4583 1121 4636 multa
1153 4583 1425 4652 serpentis
1453 4584 1632 4654 capita
1667 4583 1800 4650 pede
1829 4585 2118 4647 contrivit,

551 4669 617 4723 ad
649 4677 962 4740 terramque
997 4673 1226 4727 allidens
1268 4675 1630 4729 conculcavit.
1656 4675 1732 4730 Ne
1772 4677 1897 4745 quis
1929 4685 2110 4731 autem

549 4762 712 4828 mala,
740 4777 858 4832 qua:
893 4780 1040 4819 nunc
1084 4765 1138 4818 in
1174 4766 1284 4818 vita
1315 4775 1463 4828 sunt,
1491 4767 1813 4836 respiciens,
1845 4767 1980 4821 falsa
2009 4783 2112 4823 nos

2214 2303 2402 2356 καιρον
2435 2281 2523 2357 ἦν,
2557 2289 2624 2356 τῇ
2659 2286 2768 2339 τῶν
2813 2284 3122 2352 Αἰγυπτίων
3159 2284 3303 2352 λέγω
3329 2283 3542 2354 κακία,
3579 2301 3802 2354 καταμι-

2213 2378 2404 2448 χθῆναι
2435 2378 2516 2448 τῷ
2561 2379 2680 2450 βίῳ.
2728 2377 2868 2431 Ἀλλ’
2897 2377 3000 2430 ἔδει
3035 2378 3127 2430 καὶ
3151 2375 3256 2430 τῶν
3305 2377 3686 2447 Ἰσραηλιτῶν
3715 2380 3800 2446 τὴν

2213 2471 2558 2540 παρανομίαν
2613 2469 2972 2540 ἀναφανῆναι.
3021 2469 3166 2522 Ἔδει
3211 2471 3304 2522 καὶ
3349 2469 3458 2540 τὴν
3508 2471 3800 2540 usa-opimi.

2217 2559 2510 2630 βασιλείαν,
2541 2561 2634 2613 καὶ
2663 2559 2756 2613 τοῦ
2791 2559 3251 2632 Ναϐουχοδονόσορ
3287 2559 3391 2632 τὴν
3419 2563 3800 2632 ὑπερηφανίαν

2214 2651 2632 2722 ὑποσμύχουσαν
2678 2651 2757 2704 ἔτι
2783 2651 2860 2722 τῷ
2893 2652 2994 2722 βίῳ
3022 2653 3260 2723 φανερὰν
3303 2652 3605 2721 γενέσθαι.
3649 2654 3794 2714 Ἔδει,

2211 2745 2312 2816 τὴν
2349 2747 2490 2799 κατά
2529 2744 2637 2799 τῶν
2683 2745 2843 2797 ὁσίων
2888 2747 3212 2816 μιαιφωνίαν
3246 2740 3360 2798 οἷόν
3397 2743 3534 2800 τινα
3573 2749 3796 2818 πονηρὰ-ν

2214 2841 2307 2892 καὶ
2336 2837 2619 2908 ἀκανθώδη
2647 2837 2883 2907 βλάστην
2911 2838 3012 2908 τῆς
3043 2839 3212 2910 κακῆς
3243 2837 3336 2892 τοῦ
3365 2839 3638 2894 διαϐόλου
3665 2841 3796 2913 (sign;

2213 2929 2542 3000 ἀναδραμεῖν
2563 2946 2576 2957 ·
2613 2927 2720 2981 ἔδει
2749 2929 2846 2999 τὴν
2871 2927 2979 2982 τῶν
3021 2928 3287 2982 Ἰουδαίων
3321 2931 3480 2992 κατά
3511 2931 3632 2984 τῶν
3652 2932 3798 3000 ἁγίων

2212 3019 2306 3072 τοῦ
2349 3018 2482 3072 Θεοῦ
2518 3019 2898 3090 φανερωθῆναι
2941 3017 3163 3079 λύσσαν,
3210 3021 3318 3072 τῶν
3351 3021 3494 3084 τοὺς
3531 3025 3802 3092 προφήτας

2214 3111 2649 3166 ἀποκτεινάντων
2695 3112 2791 3164 καὶ
2817 3110 3228 3164 λιθοϐολούντων
3277 3113 3414 3174 τοὺς
3453 3111 3802 3182 ἀπεσταλμέ-

2213 3219 2357 3268 νους,
2409 3203 2504 3256 καὶ
2541 3203 2690 3265 τέλος
2731 3201 2932 3274 μεταξὺ
2961 3202 3054 3254 τοῦ
3089 3201 3214 3255 ναοῦ
3245 3203 3340 3256 καὶ
3373 3202 3478 3256 τοῦ
3519 3203 3805 3273 Bumasti;-

2219 3293 2333 3364 ρίου
2388 3291 2450 3345 τὸ
2513 3291 2654 3345 κατά
2707 3289 2800 3344 τὸν
2857 3292 3126 3362 Ζαχαρίαν
3191 3292 3320 3359 ἄγος
3377 3293 3802 3365 ἐργασαμένων.

2215 3385 2454 3455 Πρόσθες
2485 3383 2564 3455 τῷ
2599 3384 2878 3454 καταλόγῳ
2923 3383 3028 3438 τῶν
3074 3383 3324 3455 πονηρῶν
3378 3385 3806 3458 βλαστημάτων,

2215 3479 2310 3532 καὶ
2340 3477 2432 3530 τοῦ
2473 3477 2711 3548 Ἡρώδου
2755 3479 2854 3548 τὴν
2889 3477 3252 3546 παιδοφονίαν.
3301 3478 3470 3532 Ἐπεὶ
3521 3475 3626 3534 οὖν
3677 3482 3806 3534 πᾶσα

2217 3571 2314 3640 τῆς
2345 3569 2540 3632 κακίας
2566 3571 2599 3638 ὴ
2627 3569 2851 3639 δύναμις
2887 3571 2950 3622 ἐκ
2985 3570 3082 3640 τῆς
3131 3571 3376 3640 πονηρᾶς
3415 3571 3592 3643 ῥίζης
3621 3573 3806 3626 ἀνεδεξ.

2217 3659 2342 3730 χθη,
2370 3661 2464 3714 καὶ
2496 3660 2698 3732 ηὔξησε
2745 3659 3035 3724 πολυειδῶς
3062 3662 3118 3714 ὲν
3149 3664 3270 3724 ταῖς
3297 3664 3686 3734 προαιρέσεσι
3715 3665 3806 3718 τῶν

2217 3753 2337 3807 καθ’
2368 3753 2602 3824 ἑκάστην
2645 3752 2838 3822 γενεάν
2868 3756 2935 3824 τῇ
2981 3753 3148 3822 κακίᾳ
3193 3755 3506 3824 γνωρίμων
3543 3757 3806 3828 ὑλομανή.

2217 3861 2376 3908 σασα,
2403 3845 2543 3908 τότε,
2584 3844 2766 3908 καθώς
2790 3861 2922 3915 φησι
2971 3845 3108 3915 πρὸς
3151 3844 3484 3916 Ἀθηναίους
3522 3850 3554 3901 ὁ
3583 3848 3806 3911 Παῦλος,

2215 3939 2340 4000 τοὺς
2367 3939 2592 4008 χρόνους
2633 3938 2731 4008 τῆς
2769 3936 2987 4006 ἀγνοίας
3024 3937 3290 4008 ὑπεριδὼν
3317 3939 3350 3990 6
3377 3939 3548 4005 Θεὸς,
3591 3943 3691 3994 ἐπὶ
3713 3941 3806 3992 τῶν

2216 4030 2456 4099 ἐσχάτων
2499 4029 2718 4100 ἡμερῶν
2761 4029 3137 4100 παραγίνεται,
3173 4030 3260 4082 ὅτε
3295 4031 3404 4082 οὐκ
3433 4027 3510 4101 ἦν
3559 4034 3592 4085 6
3629 4031 3805 4086 συνιὼν

2215 4123 2311 4176 καὶ
2355 4122 2598 4193 ἐκζητῶν
2627 4121 2718 4176 τὸν
2773 4122 2906 4176 Θεόν
2925 4137 2940 4151 '
2989 4123 3078 4176 ὅτε
3107 4121 3305 4184 πάντες
3335 4122 3672 4188 ἐξέκλιναν,
3707 4124 3806 4192 ἃμα

2215 4213 2594 4284 ἡχρειώθησαν
2630 4231 2642 4244 ·
2691 4214 2780 4266 ὅτε
2811 4211 3160 4282 συνεκλείσθη
3189 4212 3258 4264 τὰ
3296 4213 3488 4268 πάντα
3519 4217 3610 4279 είς
3641 4217 3806 4286 ἁμαρ.

2213 4307 2331 4358 τίαν
2357 4322 2368 4334 ·
2421 4306 2508 4358 ὅτε
2551 4305 2872 4358 ἐπλεόνασεν
2913 4306 2944 4375 ή
2973 4303 3202 4374 ἀνομία·
3253 4305 3342 4356 ὅτε
3377 4305 3532 4375 πρὸς
3567 4308 3636 4360 τὸ
3663 4309 3806 4376 ship}

2215 4418 2372 4454 τατον
2407 4401 2605 4469 μέτρον
2633 4403 2660 4453 6
2691 4401 2790 4470 τῆς
2827 4399 3022 4462 κακίας
3059 4400 3214 4468 ζόφος
3243 4400 3458 4471 ηὔξησε
3483 4421 3500 4433 ο
3545 4405 3680 4458 τότε
3721 4407 3806 4457 ἐπ.

2215 4493 2384 4562 εφάνη
2407 4494 2439 4561 ἠ
2462 4491 2638 4562 χάρις,
2671 4492 2790 4544 τότε
2811 4493 2843 4563 ἡ
2869 4490 2958 4544 τοῦ
2981 4492 3230 4562 ἀληθινοῦ
3255 4493 3436 4560 φωτὸς
3461 4497 3644 4560 ἀκτὶς
3667 4500 3806 4550 ira.»

2214 4583 2404 4636 έτειλε.
2439 4582 2570 4636 Τότε
2603 4584 2836 4651 ὲπέφανε
2866 4584 2964 4652 τῆς
2991 4583 3332 4654 δικαιοσύνης
3365 4587 3396 4637 6
3427 4587 3602 4656 ἥλιος
3629 4593 3738 4650 τοῖς

2217 4676 2396 4728 σκότει
2422 4675 2514 4728 καὶ
2547 4677 2674 4745 σκιᾷ
2699 4675 2928 4730 θανάτου
2959 4678 3299 4748 καθημένοις,
3326 4679 3456 4732 τότε
3487 4681 3602 4744 τὰς
3629 4682 3806 4743 πολλὰς

2215 4765 2454 4834 κεφαλὰς
2485 4764 2579 4817 τοῦ
2630 4765 2920 4836 δράκοντος
2948 4767 3268 4820 συνέθλασεν
3296 4770 3518 4834 ἐπιϐὰς
3551 4772 3638 4842 τῷ
3685 4773 3806 4832 ποῶ,

547 4849 732 4906 dicere
781 4854 1113 4923 suspicetur,
1157 4855 1300 4924 quod
1349 4855 1404 4908 in
1454 4856 1717 4910 extremis
1770 4857 2111 4926 temporibus

2217 4857 2305 4910 διά
2332 4856 2432 4927 τῆς
2459 4857 2802 4927 ἀνθρωπίνης
2839 4858 3056 4929 σαρκὸς,
3103 4861 3196 4912 καὶ
3237 4862 3300 4928 τῇ
3335 4863 3406 4929 γῇ
3451 4864 3806 4932 cepas-Busa;

548 4944 894 5014 splenduisse
926 4945 1084 4999 nobis
1103 4945 1392 5000 Dominum
1417 4961 1747 5002 asseramus.
1773 4947 1907 5000 Nam
1935 4949 1954 5014 (
1970 4949 2111 5019 obji-

548 5035 656 5090 ciet
686 5036 919 5106 aliquis)
947 5038 1036 5106 qui
1067 5045 1333 5108 tempora,
1362 5038 1559 5106 quibus
1596 5039 1802 5093 malitia
1830 5047 2108 5108 retegere-

547 5135 658 5188 tur,
703 5129 1063 5196 exspectavit,
1111 5135 1171 5181 ut
1219 5128 1366 5182 illam
1407 5135 1622 5182 auctam
1665 5130 2111 5200 cumulatamque

545 5217 816 5271 radicitus
845 5219 1118 5278 evelleret,
1154 5218 1236 5272 sic
1287 5233 1406 5272 eam
1435 5218 1647 5284 tollere,
1695 5229 1857 5288 atque
1893 5219 2113 5274 abolere

547 5319 801 5363 cunctam
831 5308 1116 5372 debuerat,
1147 5319 1206 5362 ut
1235 5309 1394 5363 nulla:
1429 5309 1604 5379 ipsius
1637 5310 1688 5362 in
1725 5310 1832 5363 vita
1865 5309 2110 5378 reliquiae

547 5406 914 5452 remanerent.
939 5398 1096 5455 Nunc
1132 5410 1310 5455 autem
1342 5409 1396 5455 et
1427 5401 1744 5464 homicidia,
1773 5411 1827 5456 et
1861 5400 2026 5466 furta,
2055 5412 2111 5458 et

547 5487 838 5548 adulteria,
873 5495 928 5544 et
969 5489 1179 5559 reliqua
1209 5492 1391 5543 omnia
1423 5489 1628 5560 ﬂagitia
1665 5497 1722 5545 et
1759 5493 1967 5548 scelera
2016 5491 2112 5548 de-

549 5576 905 5630 bacchantur.
941 5577 990 5632 ls
1021 5593 1174 5648 ergo,
1202 5581 1296 5649 qui
1333 5579 1446 5632 haec
1483 5589 1738 5650 spectans
1773 5582 1852 5637 sic
1895 5581 2108 5651 objicit,

2217 4949 2312 5002 καὶ
2339 4949 2750 5015 καταπατήσας,
2779 4949 2870 5001 καὶ
2903 4950 3088 5018 μηδεὶς
3115 4949 3252 5019 πρὸς
3285 4949 3352 5001 τὰ
3379 4949 3488 5004 νῦν
3525 4955 3594 5004 ἐν
3627 4953 3702 5020 τῷ
3723 4953 3805 5020 ῥέξῃ

2217 5036 2430 5106 βλέπων
2457 5035 2884 5104 καταψεύδεσθαι
2913 5037 3176 5108 νομιζέτω
3219 5038 3308 5090 τὸν
3339 5039 3520 5106 λόγον
3545 5083 3562 5106 ,
3615 5043 3732 5095 καθ’
3763 5045 3806 5094 δε.

2213 5129 2270 5180 ὲν
2295 5130 2404 5190 τοῖς
2428 5127 2754 5190 τελευταίοις
2785 5127 2989 5198 ἔφαμεν
3019 5131 3224 5200 χρόνοις
3252 5131 3592 5203 ἐπιλάμψαι
3623 5137 3700 5206 τῷ
3723 5136 3805 5203 ῥίς.

2213 5218 2305 5270 τὸν
2353 5218 2574 5288 Κύριον.
2623 5219 2768 5288 Ἐρεῖ
2790 5218 2898 5288 γὰρ
2947 5223 2974 5273 6
3019 5221 3312 5288 ἀντιλέγων
3361 5227 3576 5294 τυχὸν,
3611 5231 3692 5280 ὅτι
3731 5231 3805 5278 rei

2217 5310 2579 5380 ἀναμείναντα
2609 5311 2733 5372 τοὺς
2761 5310 2984 5380 χρόνους
3030 5311 3166 5380 πρὸς
3193 5312 3290 5381 τὴν
3333 5313 3440 5382 τῆς
3472 5317 3690 5380 κακίας
3719 5336 3806 5384 σα-

2215 5400 2461 5470 νέρωσιν,
2496 5403 2642 5464 ὅπως
2670 5399 2993 5471 αὐξηθεῖσαν
3019 5385 3184 5471 αὐτῆν
3211 5401 3370 5474 ἐξέλῃ
3395 5407 3806 5479 προθέλυμνα,

2216 5494 2392 5545 πᾶσαν
2438 5491 2585 5554 εἰκὸς
2633 5493 2802 5564 αὐτὴν
2864 5494 3232 5565 ἀνῃρηκέναι,
3283 5496 3359 5559 ὡς
3408 5499 3608 5568 μηδὲν
3659 5501 3805 5564 αίτῆς

2217 5583 2606 5654 ὑπολειφθῆναι
2639 5583 2714 5654 τῷ
2763 5583 2861 5655 βίῳ
2901 5585 3168 5652 λείψανον.
3225 5587 3362 5638 Νυνὶ
3405 5589 3472 5641 δὲ
3515 5593 3620 5644 καὶ
3655 5593 3798 5658 τέκοι,

621 5757 662 5788 ¹⁸
703 5755 892 5814 Matth.
923 5775 1079 5830 xxni,
1107 5759 1196 5818 '55.
1271 5763 1312 5796 ¹⁹
1345 5763 1464 5819 Act.
1499 5779 1630 5830 xvn,
1664 5764 1751 5820 '50.
1831 5767 1875 5798 ¹⁰
1907 5765 2054 5822 Psal.
2085 5781 2112 5820 Σ

2236 5765 2288 5820 2.
2369 5767 2408 5799 ’³
2445 5766 2606 5822 Rom.
2647 5783 2730 5836 ιιι,
2767 5767 2830 5834 5;
2866 5765 3042 5821 Galat.
3081 5781 3163 5832 ιιι,
3197 5765 3284 5822 22.
3367 5769 3413 5800 ’³
3453 5769 3580 5828 lsa.
3621 5769 3764 5834 13.2.
