3822 6440
39 401 169 456 1155

1179 390 1245 444 IN
1288 390 1451 445 DIEM
1483 388 1809 445 NATALEM
1846 386 2145 446 CHRISTI.

3168 388 3308 447 1134

39 524 123 577 καὶ
170 539 389 585 κλοπαι,
432 538 524 574 και
580 536 837 591 μοιχειαι,
882 520 977 573 καὶ
1009 518 1189 571 πάντα
1239 518 1506 586 τολμᾶται
1556 517 1616 569 τὸ

1730 515 1929 583 insigni
1979 512 2411 583 pervulgatoque
2455 511 2706 581 exemplo
2757 510 3117 581 quaéstionem
3162 512 3305 580 ipse-

39 616 397 687 πονηρότατα.
466 614 602 667 Ἀλλ’
650 617 679 668 6
726 615 861 687 πρὸς
903 613 1062 667 τοῦτο
1117 611 1364 682 βλέπων,
1415 609 1625 662 ὑποδεί-

40 709 203 777 γματί
233 723 339 760 τινι
388 707 496 759 τῶν
528 707 822 778 γνωρίμων
876 705 975 778 τὴν
1023 707 1153 775 περὶ
1196 702 1400 756 τούτων
1450 703 1623 771 ἀμφι-

40 799 219 851 Solimi
264 796 499 849 λυσάτω.
556 797 768 867 Ὥσπερ
815 794 925 867 γὰρ
956 796 1048 847 ἐπὶ
1080 794 1179 863 τῆς
1223 792 1333 845 τῶν
1380 790 1625 863 ἑρπετῶν

39 890 371 961 ἀναιρέσεως
403 889 550 942 ἔστιν
585 889 715 942 ἰδεῖν
746 890 848 942 οὐκ
876 888 1039 950 εὐθὺς
1076 887 1170 940 τὸν
1213 885 1440 939 κατόπιν
1471 884 1625 939 ὁλκὸν

39 985 94 1051 τῇ
140 981 351 1053 κεφαλῇ
383 981 860 1053 συννεκρούμενον,
898 980 1012 1035 ἀλλ’
1057 981 1090 1050 ή
1129 979 1227 1050 μὲν
1255 977 1520 1048 τέθνηκε,
1565 976 1627 1029 τὸ

40 1077 85 1129 δὲ
110 1077 191 1128 ἔτι
216 1076 491 1145 ὲψύχωται
516 1073 593 1145 τῷ
625 1075 740 1145 ἰδίῳ
769 1074 945 1146 θυμῷ,
965 1075 1059 1128 καὶ
1087 1075 1186 1145 τῆς
1217 1072 1453 1143 ζωτικῆς
1470 1072 1628 1126 δυνά-

39 1184 180 1238 μεως
210 1168 309 1220 οὐκ
344 1158 634 1238 ἐστέρηται
658 1184 672 1197 ⁸
720 1166 864 1221 οὕτω
891 1168 985 1221 καὶ
1016 1169 1045 1220 6
1078 1165 1170 1220 τοῦ
1210 1166 1504 1237 δράκοντος
1530 1166 1625 1218 ἀν-

40 1262 298 1329 αιρέτηςο
351 1260 441 1313 ὅτε
484 1259 620 1314 πολὺ
669 1261 861 1328 γέγονε
911 1259 973 1313 τὸ
1019 1260 1209 1332 θηρίον
1258 1259 1458 1323 πάσαις
1506 1260 1626 1323 ταῖς

39 1352 375 1406 καθέκαστον
411 1352 745 1423 συναυξηθὲν
774 1355 989 1422 γενεαῖς
1016 1354 1125 1408 τῶν
1172 1354 1496 1426 ἀνθρώπων,
1528 1352 1626 1425 τὴν

39 1446 279 1516 κεφαλὴν
305 1446 533 1509 ἀνελὼν,
576 1448 842 1510 τουτέστι,
880 1447 978 1519 τὴν
1005 1448 1113 1500 τῶν
1146 1447 1327 1502 καλῶν
1356 1447 1628 1518 ἀναιρετι-

39 1540 132 1607 κὴν
164 1539 416 1609 δύναμιν,
449 1538 546 1610 τὴν
572 1539 774 1603 πολλάς
802 1539 1032 1611 ἔχουσαν
1066 1543 1123 1594 ἐν
1165 1542 1331 1612 ἑαυτῇ
1362 1539 1626 1609 κεφαλὰς,

39 1632 221 1683 οὐδένα
248 1630 341 1684 τοῦ
371 1631 599 1685 κατόπιν
621 1630 782 1685 ὁλκοῦ
816 1632 1111 1702 πεποίηται
1142 1632 1321 1700 λόγον,
1349 1634 1430 1693 είς
1454 1634 1628 1703 ἀφορ-

40 1721 142 1791 μὴν
177 1720 479 1792 γυμνασίου
509 1723 624 1785 τοῖς
670 1723 870 1791 ἑφεξῆς
899 1722 998 1794 τὴν
1032 1724 1091 1776 ὲν
1129 1721 1207 1792 τῷ
1244 1722 1424 1793 νεκρῷ
1453 1722 1627 1793 θηρίῳ

40 1815 253 1882 κίνησιν
296 1813 691 1884 ὑπολειφθῆναι
723 1817 974 1886 ποιήσας.
1022 1815 1118 1879 Τίς
1146 1811 1238 1868 οὖν
1268 1817 1300 1884 ἡ
1334 1814 1626 1868 θλασθεῖσα

1730 615 1838 660 met
1870 606 2067 660 solvat.
2107 603 2603 670 Quemadmodum,
2636 618 2763 657 cum
2796 612 3082 672 serpentes
3130 604 3305 657 inter-

1731 700 2012 761 ﬁciuntur,
2062 713 2170 751 non
2211 697 2479 749 continuo
2510 697 2753 766 reliquas
2803 706 2987 767 partes
3022 712 3131 752 una
3177 713 3303 752 cum

1729 790 1911 859 capite
1963 786 2102 842 mori
2160 787 2431 850 videmus,
2469 784 2589 847 sed,
2628 801 2753 839 cum
2810 786 3083 840 interierit
3116 793 3303 855 caput,

1728 884 1832 937 illa:
1858 893 2041 936 tamen
2070 880 2249 934 adhuc
2274 880 2440 933 vitam
2474 880 2736 938 retinent,
2763 895 2865 934 nec
2896 879 3047 933 vitali
3078 880 3305 950 privan-

1729 982 1816 1026 tur
1847 978 1999 1025 motu
2030 969 2148 1024 :sic
2173 969 2374 1023 accidit
2402 971 2456 1023 in
2494 969 2752 1024 draconis
2802 970 3026 1024 interitu
3054 988 3067 1024 :
3099 970 3303 1025 etenim

1730 1064 1923 1133 ingens
1955 1079 2079 1117 cum
2116 1072 2265 1119 esset
2305 1063 2599 1117 admodum
2638 1061 2775 1124 fera,
2806 1062 3008 1133 quippe
3037 1079 3159 1134 quae
3188 1064 3305 1120 sin-

1729 1155 1873 1224 gulis
1907 1154 2192 1207 hominum
2224 1154 2481 1207 aetatibus
2522 1161 2862 1217 excreverat,
2888 1154 2982 1223 qui
3022 1156 3306 1226 multiplex

1728 1246 1849 1315 ejus
1886 1253 2074 1314 caput,
2108 1244 2160 1299 id
2192 1255 2276 1299 est
2315 1246 2422 1298 vim
2461 1245 2607 1305 illam
2640 1246 2911 1299 malorum
2946 1245 3304 1299 inventricem

1729 1336 1899 1391 multa
1938 1336 1992 1389 iu
2029 1352 2087 1391 se
2130 1340 2309 1405 capita
2360 1338 2734 1393 continentem
2785 1337 3031 1400 sustulit,
3078 1344 3307 1389 caetera-

1730 1445 1850 1483 rum
1888 1430 2063 1499 ipsius
2109 1431 2346 1499 partium
2383 1438 2593 1485 tractus
2626 1431 2885 1501 neglexit,
2919 1440 2974 1483 ut
3008 1427 3310 1486 interfecta!

1735 1522 1865 1577 fera:
1894 1530 2099 1575 motum
2133 1524 2371 1591 posteris
2403 1523 2467 1575 ad
2508 1524 2924 1578 exercitationis
2957 1523 3307 1578 occasionem

1731 1613 2090 1682 relinqueret.
2135 1612 2355 1683 Ecquod
2408 1614 2574 1682 igitur
2617 1615 2869 1668 collisum
2914 1621 2968 1666 et
3020 1612 3309 1669 eﬂractum

1728 1711 1812 1758 est
1842 1705 2044 1774 caput?
2069 1704 2199 1758 illud
2222 1705 2364 1771 quod
2400 1705 2564 1774 impio
2583 1705 2816 1759 consilio
2845 1713 3077 1760 mortem
3110 1705 3311 1759 intule-

1728 1807 1833 1861 rat,
1868 1797 2012 1865 quod
2044 1813 2228 1852 morsu
2278 1798 2620 1853 mortiferum
2663 1798 2867 1853 homini
2914 1800 3064 1853 virus
3100 1797 3307 1868 injece—

40 1869 284 1977 κεφαλή;
342 1905 407 1959 Ἢ
455 1869 683 1961 θάνατον
725 1869 1116 1975 εἰσενεγκοῦσοι
1148 1910 1215 1978 τῇ
1253 1869 1464 1979 πονηρᾷ
1492 1925 1616 1978 συμ-

1733 1895 1838 1945 rat.
1869 1888 2239 1955 Quamobrem
2272 1889 2364 1960 qui
2401 1890 2598 1945 mortis
2629 1890 2830 1945 evertit
2858 1892 3176 1961 imperium,
3197 1891 3307 1946 vim

40 1995 230 2066 ϐουλῇ,
275 1997 309 2065 ἡ
338 1995 429 2049 τὸν
464 1996 838 2069 θανατηφόρον
873 1997 948 2050 ἰὸν
977 1997 1287 2069 ἐμϐαλοῦσα
1312 1996 1389 2067 τῷ
1419 1996 1628 2068 ἀνθρώ-

40 2106 123 2157 πῳ
154 2086 245 2139 διὰ
271 2085 366 2140 τοῦ
387 2087 682 2157 δήγματος.
724 2087 783 2140 Ὀ
808 2085 986 2140 τοίνυν
1013 2087 1321 2150 καταλύσας
1350 2086 1442 2140 τοῦ
1467 2086 1630 2140 θανά-

40 2196 129 2231 του
160 2178 219 2231 τὸ
253 2178 476 2250 κράτος,
506 2179 605 2249 τὴν
634 2182 692 2233 ὲν
723 2183 789 2251 τῇ
826 2179 1036 2251 κεφαλῇ
1060 2179 1152 2233 τοῦ
1175 2180 1351 2248 ὄφεως
1375 2180 1625 2251 δύναμιν,

40 2271 221 2335 καθώς
256 2288 421 2341 φησιν
452 2273 481 2323 6
517 2272 829 2343 Προφήτης,
872 2272 1197 2326 συνέθλασεν
1219 2290 1233 2304 ·
1283 2275 1312 2327 6
1347 2274 1403 2326 δὲ
1443 2274 1627 2339 λοιπὸς

39 2364 128 2418 τοῦ
163 2364 356 2434 θηρίου
387 2364 544 2428 ὁλκὸς
572 2364 650 2435 τῷ
674 2364 1001 2436 ἀνθρωπίνῳ
1031 2366 1472 2437 συνεσπαρμένος
1505 2366 1625 2438 βίῳ,

39 2457 139 2521 ἕως
167 2456 236 2511 ἂν
328 2457 390 2510 τὸ
418 2456 760 2528 ἀνθρώπινον
785 2459 843 2511 ὲν
868 2460 981 2521 τοῖς
1009 2458 1153 2512 κατὰ
1176 2460 1378 2513 κακίαν
1412 2461 1629 2531 κινήσε-

40 2566 144 2612 σιν,
196 2548 287 2602 ἀεὶ
320 2550 385 2619 τῇ
434 2548 611 2616 φολίδι
656 2551 754 2620 τῆς
789 2549 1064 2620 ἁμαρτίας
1107 2550 1495 2621 περιτραχύνει
1536 2552 1627 2605 τὸν

39 2639 153 2707 βίον
174 2656 187 2669 ·
233 2641 300 2709 τῇ
350 2640 445 2709 μὲν
481 2638 711 2710 δυνάμει
735 2640 836 2712 ἤδη
866 2642 1060 2711 νεκρός
1086 2643 1223 2706 ἐστι,
1250 2641 1350 2712 τῆς
1383 2642 1625 2711 κεφαλῆς

39 2730 459 2802 ἀχρειωθείσης.
501 2732 722 2785 ἐπειδὰν
757 2733 814 2787 δὲ
851 2734 1145 2807 παρέλθῃό
1172 2734 1382 2805 χρόνος,
1414 2736 1507 2788 καὶ
1527 2737 1623 2805 στῇ

39 2822 103 2874 τά
147 2821 447 2892 κινούμενα
497 2821 641 2876 κατά
686 2822 786 2887 τὴν
834 2824 1292 2895 προσδοκωμένην
1341 2824 1439 2894 τῆς
1483 2823 1627 2894 ζωῆς

39 2914 242 2987 ταύτης
272 2914 602 2981 συντέλειαν,
630 2916 751 2969 τότε
768 2917 828 2969 τὸ
852 2917 1072 2989 ούραῖόν
1100 2932 1159 2969 τε
1190 2918 1283 2971 καὶ
1312 2916 1373 2970 τὸ
1400 2917 1627 2987 ἔσχατον

39 3004 127 3059 τοῦ
174 3005 405 3076 Ἐχθροῦ
436 3011 812 3080 καταργεῖται,
844 3008 1002 3062 τοῦτο
1033 3008 1089 3062 δέ
1123 3012 1269 3063 ἐστιν
1300 3011 1328 3062 6
1358 3008 1585 3072 θάνατος
1608 3026 1621 3039 ’

39 3100 128 3152 καὶ
158 3098 335 3163 οὕτως
358 3101 388 3153 6
420 3102 689 3172 παντελὴς
715 3103 1021 3175 ἀφανισμδς
1050 3104 1150 3175 τῆς
1177 3107 1375 3168 κακίας
1403 3107 1625 3175 γενήσε-

1731 1994 1853 2049 quae
1885 1980 1937 2034 in
1969 1981 2146 2051 capite
2177 1981 2453 2050 serpentis
2482 1989 2624 2045 erat,
2657 1990 2719 2035 ut
2749 1983 2827 2036 ait
2856 1980 3152 2054 Propheta,
3172 1999 3310 2039 con-

1732 2074 1911 2145 fregit,
1946 2074 2154 2144 reliqua
2192 2090 2325 2129 vero
2356 2090 2481 2144 pars
2524 2077 2775 2145 corporis
2814 2076 2869 2131 in
2908 2092 3080 2148 genus
3113 2078 3309 2132 huma-

1730 2180 1862 2221 num
1894 2167 2170 2238 dispersa,
2199 2184 2321 2239 quae
2365 2168 2543 2237 quoad
2589 2168 2846 2226 homines
2879 2171 3141 2225 vitiorum
3194 2186 3311 2226 mo-

1730 2259 1978 2314 tionibus
2022 2270 2436 2329 permoventur,
2466 2278 2693 2332 squama
2740 2264 2949 2332 peccati
2980 2266 3146 2318 vitam
3185 2266 3315 2319 irri-

1730 2356 1829 2416 tat,
1863 2358 2031 2418 atque
2064 2366 2315 2421 asperam
2374 2354 2576 2417 reddit,
2617 2362 2889 2424 potestate
2918 2355 3141 2425 quidem
3189 2355 3307 2424 jam

1730 2452 1948 2498 mortua
1978 2454 2083 2507 est,
2106 2460 2231 2500 cum
2251 2445 2371 2514 ejus
2400 2455 2565 2517 caput
2594 2456 2890 2502 contusum
2920 2456 3086 2517 atque
3112 2448 3309 2503 inutile

1732 2536 1937 2591 factum
1998 2538 2091 2593 sit.
2120 2539 2208 2601 At,
2247 2537 2338 2592 ubi
2374 2546 2593 2609 tempus
2636 2540 2940 2601 transierit,
2969 2549 3022 2594 et
3056 2555 3139 2604 ea,
3189 2555 3312 2609 qua!

1729 2638 2044 2695 moventur,
2104 2631 2486 2693 constiterint,
2528 2631 2921 2702 adveneritque
2969 2634 3093 2687 vitae
3141 2634 3307 2703 hujus

1727 2724 2021 2787 absolutio,
2045 2740 2207 2793 quam
2234 2733 2643 2795 exspectamus,
2677 2735 2806 2780 tunc
2837 2734 2893 2780 et
2927 2729 3100 2781 cauda
3132 2736 3186 2783 et
3212 2743 3311 2782 ex-

1730 2826 1906 2872 trema
1937 2833 2063 2887 pars
2094 2818 2328 2884 inimici,
2356 2834 2503 2873 mors
2540 2820 2655 2888 ipsa
2687 2821 2944 2875 nimirum
2972 2822 3309 2885 destruetur,
3361 2855 3365 2859 ’

1730 2918 1895 2980 atque
1949 2911 2020 2963 ita
2073 2910 2345 2966 delebitur
2392 2912 2621 2966 omnino
2673 2923 2868 2967 cuneta
2908 2914 3141 2975 malitia,
3180 2928 3309 2968 cum

1728 3018 1922 3057 omnes
1966 3005 2021 3057 in
2055 3003 2221 3057 vitam
2278 3019 2372 3073 per
2419 3005 2882 3059 resurrectionem
2915 3006 3178 3070 revocati,
3210 3007 3308 3076 qui

1729 3094 1861 3165 justi
1900 3106 2084 3160 erunt,
2130 3096 2198 3150 ad
2231 3096 2338 3151 ccel
2377 3104 2513 3151 stem
2579 3099 2821 3167 quietem
2879 3099 3164 3163 accedent,
3208 3101 3305 3171 qui

1730 3196 1909 3241 autem
1947 3190 2188 3244 peccatis
2242 3112 2490 3244 obnixii.
2524 3191 2577 3244 in
2612 3192 2873 3244 gehennae
2908 3192 3086 3244 ignem
3116 3192 3305 3244 detru-

39 3211 147 3255 ται,
182 3194 400 3249 πάντων
435 3197 516 3259 εἰς
549 3195 693 3267 ζωὴν
724 3197 814 3249 διὰ
856 3198 953 3267 τῆς
999 3198 1351 3263 ἀναστάσεως
1389 3200 1616 3268 ἀνακλη-

1730 3196 1909 3241 autem
1947 3190 2188 3258 peccatis
2242 3190 2490 3253 obnbxii,
2524 3191 2577 3244 in
2612 3192 2873 3261 gehennze
2908 3192 3086 3261 ignem
3116 3192 3306 3248 detru-

39 3287 243 3340 θέντων
267 3303 281 3317 ·
333 3287 444 3341 τῶν
479 3290 579 3357 μὲν
608 3288 854 3352 δικαίων,
902 3290 1064 3353 εὐθὺς
1096 3293 1175 3353 είς
1204 3290 1302 3360 τὴν
1343 3292 1454 3345 ἄνω
1477 3291 1628 3361 λῆξιν

39 3379 518 3447 μετοικισθέντων,
545 3380 654 3434 τῶν
683 3381 739 3435 δὲ
771 3384 892 3445 ταῖς
913 3382 1212 3453 ἁμαρτίαις
1242 3382 1624 3452 ἐνισχομένων,

39 3470 110 3541 τῷ
145 3471 251 3541 τῆς
282 3471 511 3543 γεέννης
541 3474 676 3545 πυρὶ
704 3474 1167 3545 παραδιδομένων.

116 3563 262 3616 Ἀλλ’
290 3564 677 3635 ἐπανέλθωμεν
707 3566 799 3620 ἐπὶ
850 3567 948 3636 τὴν
993 3567 1273 3638 παροῦσαν
1316 3566 1508 3639 χαρὰν,
1559 3567 1627 3639 ἢν

40 3653 481 3723 εὐαγγελίζονται
525 3659 640 3721 τοῖς
666 3658 924 3728 ποιμέσιν
969 3661 1016 3711 οἱ
1046 3658 1287 3727 ἄγγελοι,
1320 3660 1388 3731 ἢν
1432 3662 1480 3713 οἱ
1534 3661 1615 3713 ού-

40 3748 191 3813 ρανοὶ
234 3746 546 3815 διηγοῦνται
588 3751 699 3812 τοῖς
740 3750 991 3819 Μάγοις,
1042 3750 1108 3820 ἢν
1155 3751 1215 3803 τὸ
1262 3750 1479 3822 πνεῦμα
1521 3751 1622 3823 τῆς

39 3838 376 3911 προφητείας
414 3839 503 3893 διὰ
550 3840 761 3893 πολλῶν
803 3842 896 3894 καὶ
934 3841 1203 3914 διαφόρων
1231 3843 1618 3915 ἀνακηρύττει,

40 3931 100 3995 ὓς
132 3932 234 3984 καὶ
265 3932 392 3995 τοὺς
424 3931 648 3998 Μάγους
680 3932 927 4003 κήρυκας
955 3933 1208 4000 γενέσθαι
1234 3937 1335 4004 τῆς
1373 3935 1616 4005 χάριτος.

39 4022 95 4075 Ὁ
120 4021 237 4091 γὰρ
262 4020 567 4074 ἀνατέλλων
595 4022 685 4075 τὸν
706 4022 857 4092 ἥλιον
882 4022 972 4074 ἐπὶ
996 4022 1231 4086 δικαίους
1256 4040 1349 4076 και
1378 4024 1615 4088 ἀδίκους,

39 4115 50 4164 l
106 4112 326 4183 βρέχων
376 4114 469 4164 ἐπὶ
515 4116 783 4185 πονηροὺς
844 4114 938 4167 καὶ
982 4114 1242 4183 ἀγαθοὺς,
1288 4116 1485 4185 ἤνεγκε
1520 4117 1618 4187 τὴν

39 4206 229 4259 ίκτῖνα
259 4205 359 4273 τῆς
388 4201 661 4270 γνώσεως,
710 4206 804 4258 καὶ
843 4205 939 4277 τὴν
971 4205 1159 4277 δρόσον
1184 4206 1278 4258 τοῦ
1312 4206 1617 4278 πνεύματος

39 4298 117 4349 (αἱ
152 4296 239 4358 είς
265 4295 519 4366 ἀλλότρια
550 4297 794 4367 στόματα
817 4315 830 4328 ’
882 4298 1022 4351 ὥστε
1053 4301 1116 4369 τῇ
1149 4299 1297 4371 παρά
1327 4299 1437 4352 τῶν
1463 4302 1617 4353 ἐναν-

39 4389 160 4441 τίων
214 4388 491 4459 μαρτυρία
538 4388 901 4460 βεϐαιωθῆναι
947 4390 1146 4460 μᾶλλον
1180 4392 1312 4461 ἡμῖν
1344 4394 1441 4463 τὴν
1486 4392 1615 4463 ἀλή-

39 4486 203 4533 θειαν.
238 4478 478 4544 Ἀκούεις
494 4480 587 4533 τοῦ
610 4480 886 4535 οίωνιστοῦ
909 4482 1135 4552 Βαλαὰμ
1158 4484 1412 4555 ἐπιπνοίᾳ
1434 4485 1615 4554 κρείτ-

1133 4264 1301 4279 *ορ

1730 3279 1947 3334 dentur.

1796 3555 1903 3611 Sed
1932 3558 1996 3612 ad
2033 3574 2275 3628 praesens
2311 3560 2569 3630 gaudium
2602 3569 2969 3621 revertamur,
3005 3561 3151 3629 quod
3212 3576 3309 3630 pa-

1726 3652 1970 3707 storibus
2002 3654 2265 3708 nuntiant
2302 3655 2501 3724 angeli,
2552 3655 2676 3708 coeli
2714 3664 2980 3707 enarrant
3026 3653 3219 3724 Magis,
3255 3662 3309 3707 ct

1727 3745 2031 3814 prophetiae
2059 3746 2292 3814 spiritus
2312 3745 2504 3800 multis
2530 3747 2805 3816 variisque
2830 3746 3144 3801 rationibus
3174 3762 3309 3815 pra:-

1722 3838 1891 3904 dicat,
1934 3846 1993 3891 ut
2022 3842 2189 3892 etiam
2239 3838 2377 3909 Magi
2413 3839 2601 3907 gratire
2643 3853 2923 3908 praecones
2976 3839 3128 3893 liaut.
3170 3839 3307 3892 Nam

1718 3930 1814 3999 qui
1845 3931 2015 3985 solem
2045 3946 2207 3985 suum
2233 3930 2367 3984 oriri
2401 3930 2536 3983 facit
2562 3946 2731 4000 super
2752 3932 2938 4000 justos
2969 3938 3023 3983 et
3047 3931 3303 3999 injustos.

1720 4022 1924 4091 quique
1977 4022 2120 4090 pluit
2182 4037 2351 4091 super
2394 4022 2568 4076 malos
2615 4030 2672 4076 et
2721 4025 2923 4083 bonos,
2971 4022 3307 4090 cognitionis

1719 4112 1956 4174 radium,
1985 4122 2037 4166 et
2066 4126 2243 4165 rorem
2278 4112 2508 4182 spiritus
2532 4114 2731 4166 alienis
2760 4112 2927 4166 etiam
2966 4113 3172 4181 linguis
3207 4113 3305 4167 de-

1720 4203 1890 4265 misit,
1935 4212 1994 4257 ut
2048 4206 2495 4260 adversariorum
2543 4205 2861 4259 testimonio
2904 4206 3079 4274 magis
3136 4206 3303 4259 etiam

1720 4304 1862 4369 apud
1906 4316 2006 4356 nos
2050 4300 2254 4353 veritas
2306 4298 2753 4353 conﬁrmaretur.
2800 4297 3073 4354 Audivisti
3124 4298 3307 4353 hario-

1720 4402 1829 4454 lum
1871 4406 1923 4454 et
1968 4397 2186 4450 Balaam
2236 4394 2448 4447 meliori
2490 4392 2716 4469 nomine
2763 4392 3006 4446 alllatum
3057 4391 3138 4445 sic
3171 4392 3306 4447 alie—

1720 4492 1934 4561 nigenis
1976 4489 2360 4561 prmdicentem
2403 4504 2415 4540 :
2466 4485 2683 4540 Orietur
2721 4486 2874 4538 stella
2925 4501 2989 4537 ea:
3032 4483 3201 4537 Iacob
3233 4485 3299 4537 ”.

39 4588 135 4623 τονι
182 4571 297 4633 τοῖς
341 4569 657 4640 ἀλλοφύλοις
703 4571 1137 4636 ὲπιθειάζοντος,
1179 4574 1262 4625 ὅτι
1325 4573 1616 4627 Ἁνατελεῐ

1726 4583 1860 4636 Ecce
1884 4581 2005 4644 tibi,
2032 4580 2123 4649 qui
2156 4578 2221 4631 ab
2253 4593 2319 4633 eo
2346 4594 2520 4648 genus
2557 4577 2860 4643 duxerunt,
2890 4576 3029 4647 Magi
3065 4593 3131 4632 ex
3164 4594 3304 4647 prae-

40 4662 260 4730 ῐστρον
284 4660 352 4725 ἐξ
388 4660 609 4715 Ἰακώϐ.
661 4662 823 4733 Ὁρᾷς
853 4663 978 4726 τοὺς
1006 4663 1099 4715 ἀπ’
1132 4663 1340 4716 ἐκείνου
1370 4663 1431 4715 τὸ
1458 4664 1615 4731 γένος

39 4754 372 4819 εατάγοντας
400 4753 622 4820 Μάγους
642 4792 656 4816 ,
704 4754 1097 4824 ἐπιτηροῦντας
1127 4754 1270 4808 κατά
1296 4754 1395 4825 τὴν
1441 4756 1614 4826 πρόρο

40 4860 192 4912 νησιν
220 4840 314 4894 τοῦ
351 4843 695 4914 προπάτορος
736 4842 832 4913 τὴν
866 4843 956 4895 τοῦ
1004 4843 1189 4897 καινοῦ
1224 4844 1451 4915 ἀστέρος
1481 4845 1613 4897 ἀνα-

44 4936 209 5004 ο).ὴν,
240 4933 297 4996 ὃς
329 4933 479 5004 παρά
508 4934 605 5006 τὴν
634 4935 739 4987 τῶν
766 4934 968 4988 λοιπῶν
993 4936 1237 5008 ἀστέρων
1265 4936 1423 5005 φύσιν
1455 4938 1617 5006 μόνος

40 5032 114 5083 παὶ
148 5029 419 5098 κινήσεως
442 5029 693 5099 μετέσχε,
725 5030 817 5082 καὶ
852 5030 1112 5093 στάσεως,
1152 5031 1286 5095 πρὸς
1304 5030 1402 5100 τὴν
1428 5032 1617 5102 χρείαν

47 5124 309 5194 κατέρων
362 5123 566 5176 τούτων
635 5123 993 5193 μεταϐαίνων.
1070 5125 1191 5177 Τῶν
1251 5124 1356 5196 γὰρ
1413 5124 1616 5178 λοιπῶν

40 5217 154 5270 ιστέ
166 5231 294 5286 ρων,
347 5214 456 5268 τῶν
494 5216 591 5285 μὲν
619 5215 766 5282 ἅπαξ
794 5217 1263 5288 καταπεπηγότων
1292 5222 1359 5290 τῇ
1389 5218 1618 5272 ἀπλανεί

46 5308 256 5378 φαίρᾳ,
290 5307 383 5359 καὶ
432 5306 688 5377 ἀκίνητον
722 5307 1013 5378 εἰληχότων
1040 5308 1139 5379 τὴν
1171 5310 1379 5373 στάσιν,
1420 5309 1526 5363 τῶν
1558 5309 1617 5363 δὲ

40 5403 88 5473 ,ὴ
128 5398 459 5469 παυομένων
489 5399 621 5451 ποτὲ
647 5400 745 5469 τῆς
776 5404 1041 5471 κινήσεως
1067 5418 1078 5430 ·
1124 5394 1280 5464 οὗτος
1314 5401 1406 5453 καὶ
1445 5403 1609 5454 κινεῖ-

40 5514 126 5558 αι,
170 5490 586 5561 προηγούμενος
634 5490 740 5544 τῶν
784 5492 990 5561 Μάγων
1011 5533 1025 5555 ,
1058 5494 1151 5546 καὶ
1185 5494 1398 5546 ἵσταται
1433 5512 1607 5547 κατα-

40 5585 249 5658 .ηνύων
287 5586 379 5638 τὸν
425 5584 608 5638 τόπον.
659 5584 899 5648 Ἀκούεις
942 5586 1037 5639 τοῦ
1082 5586 1300 5639 Ἡσαΐου
1355 5588 1605 5658 βοῶντος,

39 5699 88 5733 τι
124 5676 380 5734 Παιδίον
408 5678 702 5749 ἐγεννήθη
736 5679 900 5748 ἡμῖν,
939 5680 1035 5733 καὶ
1070 5679 1200 5750 υίὸς
1227 5680 1404 5751 ἐδόθη
1442 5684 1601 5756 ήιιῖν.

130 5864 182 5893 ’³
220 5859 381 5916 Num.
416 5879 565 5929 xxw,
608 5863 695 5918 I7.
771 5864 816 5895 ¹⁶
855 5862 958 5919 lsa.
991 5878 1064 5930 Ix,
1102 5864 1154 5921 6.

1719 4673 1963 4728 dictione
2018 4672 2195 4741 ipsius
2251 4684 2453 4723 novum
2504 4669 2807 4725 observant
2858 4678 3042 4723 ortum
3090 4672 3298 4735 stellae,

1719 4780 1841 4834 quae
1878 4773 2076 4834 prazter
2112 4764 2346 4815 aliarum
2389 4762 2677 4817 stellarum
2724 4771 2979 4816 naturam
3029 4772 3082 4817 et
3117 4774 3300 4819 motus

1720 4865 1774 4912 et
1799 4865 1981 4912 status
2019 4863 2105 4909 est
2135 4855 2434 4923 particeps,
2464 4860 2518 4907 et
2561 4852 2627 4906 ad
2664 4855 2960 4908 utilitatem
2998 4854 3099 4909 bac
3125 4857 3300 4911 utitur

1720 4948 2127 5004 vicissitudine.
2154 4946 2365 5001 Etenim
2399 4960 2524 4997 cum
2558 4954 2774 5000 caetera:
2811 4947 2987 5001 stella:
3013 4951 3210 5016 partim
3243 4950 3299 5002 in

1719 5041 1853 5096 orbe
1893 5056 2000 5094 non
2031 5046 2252 5094 errante
2288 5037 2455 5093 semel
2500 5037 2681 5093 inﬁxa:
2715 5046 2920 5093 statum
2963 5040 3298 5094 immobilem

1717 5133 1926 5186 sortitm
1950 5133 2080 5198 sint,
2114 5132 2312 5202 partim
2346 5146 2627 5201 nunquam
2656 5143 2879 5187 cessent
2913 5148 2942 5187 a
2972 5140 3148 5193 motu,
3184 5134 3300 5188 haec

1715 5231 1771 5276 et
1801 5234 2072 5285 movetur,
2099 5223 2228 5275 dum
2271 5224 2447 5291 magis
2476 5239 2534 5278 se
2581 5225 2778 5279 ducem
2826 5224 3053 5292 praebet,
3078 5234 3134 5279 et
3166 5234 3297 5287 stat,

1715 5317 1845 5371 dum
1898 5317 2011 5373 illis
2052 5316 2298 5371 ostendit
2347 5318 2550 5373 locum.
2594 5317 2768 5373 Audis
2813 5317 3012 5373 Isaiam
3058 5320 3300 5374 claman-

1717 5419 1825 5465 tem
1870 5428 1884 5463 :
1942 5409 2081 5463 Puer
2131 5420 2289 5463 natus
2346 5421 2424 5464 est
2470 5412 2642 5475 nobis,
2700 5421 2750 5465 et
2796 5412 2944 5480 ﬁlius
3000 5412 3159 5465 datus
3219 5422 3298 5468 est

1716 5503 1866 5556 nobis
1906 5502 1975 5554 ".
2010 5501 2166 5557 Disce
2207 5504 2275 5559 ab
2324 5504 2517 5559 eodem
2564 5506 2852 5574 propheta,
2887 5507 3164 5575 quomodo
3202 5522 3301 5560 na-

1716 5603 1806 5649 tus
1847 5594 1918 5649 sit
1944 5610 2102 5665 puer,
2142 5596 2421 5665 quomodo
2444 5597 2605 5651 datus
2648 5597 2720 5651 sit
2758 5596 2927 5652 ﬁlius.
2955 5596 3098 5652 Num
3138 5598 3298 5669 juxta

1718 5700 1927 5741 natura:
1949 5688 2164 5758 legem?
2196 5690 2420 5745 minimc
2454 5705 2607 5746 vero.
2653 5690 2856 5763 inquit,
2897 5691 3108 5763 legibus
3141 5694 3292 5749 enim
