3822 6390
501 350 638 404 ὶὶῦδ

1702 341 1755 390 S.
1806 335 2127 393 GREGORII
2165 334 2452 391 NYSSENI

3650 335 3760 389 “56

500 474 710 517 natura:
747 478 854 514 non
898 468 1072 528 paret,
1106 460 1197 528 qui
1238 469 1445 512 natura:
1489 457 1750 512 Dominus
1793 465 1898 512 est.
1936 455 2086 522 Quo-

2203 456 2340 509 uae:
2380 457 2509 524 παρ’
2542 455 2705 508 αὑτοῦ
2755 455 2849 508 τοῦ
2878 455 3166 524 Προφήτω
3226 453 3344 516 πῶς
3401 449 3679 521 ἐγεννήθη
3716 454 3764 502 τὲ

500 554 663 608 modo
723 553 888 622 igitur
946 559 1110 604 natus
1171 560 1256 605 est
1281 551 1453 620 puer?
1505 549 1616 602 die.
1678 545 1842 612 Ecce,
1901 546 2082 616 inquit

501 648 646 716 virgo
706 646 760 698 in
809 653 960 698 utero
1019 643 1274 711 concipiet
1320 652 1369 694 et
1413 643 1582 710 pariet
1609 641 1802 710 filium,
1848 648 1897 692 et
1931 653 2084 692 voca-

501 743 624 787 bunt
653 749 841 786 nomen
872 737 988 802 ejus
1020 731 1338 785 Emmanuel
1366 731 1433 785 ’⁵.
1466 730 1646 796 Quod,
1681 729 1728 784 si
1758 730 2085 796 interprete-

507 830 609 890 ris,
646 825 923 896 signiﬁcat
963 823 1253 878 Nobiscum
1275 821 1437 877 Deus.
1463 821 1507 876 0
1528 837 1639 877 rem
1667 818 2041 874 admirandam
2067 818 2080 869 !

511 918 674 988 Virgo
716 927 893 972 mater
933 917 1191 983 efficitur,
1241 925 1296 971 et
1339 921 1622 986 permanet
1665 916 1839 982 virgo.
1888 910 2086 966 Cernis

512 1027 716 1066 novum
746 1019 958 1064 natura:
992 1009 1266 1065 ordinem.
1298 1009 1358 1063 In
1396 1008 1522 1064 aliis
1550 1007 1872 1061 mulieribus
1906 1021 2086 1075 quan-

508 1102 602 1155 diu
646 1101 833 1171 aliqua
879 1109 965 1156 est
1003 1101 1182 1170 virgo,
1218 1116 1327 1154 non
1372 1108 1458 1155 est
1498 1109 1694 1154 mater.
1719 1096 1852 1151 Nam
1880 1107 2092 1167 postea-

507 1210 673 1263 quam
697 1201 781 1248 est
814 1192 961 1246 facta
1003 1201 1198 1256 mater,
1231 1191 1602 1260 virginitatem
1636 1205 1747 1244 non
1776 1189 1958 1242 habet.
1988 1186 2090 1241 Hic

508 1295 692 1340 autem
742 1292 1045 1355 utrumque
1095 1298 1294 1337 nomen
1343 1284 1398 1336 in
1449 1283 1594 1337 idem
1637 1280 1942 1336 concurrit.
1987 1278 2092 1332 Ea-

508 1380 631 1434 dem
677 1380 826 1436 enim
878 1385 934 1434 et
986 1385 1160 1432 mater
1204 1385 1257 1431 et
1308 1377 1464 1447 virgo
1508 1382 1613 1430 est.
1655 1372 1766 1428 Nec
1804 1373 2092 1442 virginitas

512 1482 728 1546 partum
771 1473 1013 1536 ademit,
1064 1486 1165 1526 nec
1217 1479 1414 1540 partus
1464 1469 1836 1540 virginitatem
1903 1466 2088 1521 solvit.

512 1565 753 1620 Decebat
783 1565 956 1624 enim,
986 1572 1044 1617 ut
1075 1563 1168 1632 qui
1200 1563 1254 1614 in
1286 1561 1453 1615 vitam
1485 1560 1784 1614 humanam
1809 1557 2092 1622 introibat,

515 1662 584 1708 nt"
621 1655 872 1709 homines
909 1655 1155 1723 integros
1202 1653 1661 1720 incorruptosque
1706 1654 1988 1713 servaret,
2025 1647 2096 1698 ab

516 1751 834 1817 incorrupta
862 1747 968 1802 sibi
1004 1745 1349 1801 deserviente
1381 1743 1697 1812 integritate
1741 1739 1960 1794 initium
1989 1739 2096 1792 du-

515 1847 687 1895 ceret.
720 1837 855 1891 Nam
887 1837 1174 1891 hominum
1202 1834 1548 1890 consuetudo
1577 1841 1859 1902 expertem
1884 1845 2096 1884 connu-

524 1931 602 1985 bii
645 1928 1028 1999 incorruptam
1073 1926 1333 1997 appellat.
1367 1924 1479 1980 Hoc
1520 1924 1653 1978 mihi
1693 1933 1819 1978 ante
1865 1937 2099 1994 magnus

525 2020 620 2077 ille
656 2021 833 2075 Moses
865 2035 961 2089 per
997 2032 1119 2073 eam
1150 2017 1350 2084 lucem,
1384 2017 1436 2070 in
1464 2031 1571 2086 qua
1605 2014 1712 2071 sibi
1754 2015 1896 2070 Deus
1933 2027 2101 2083 appa-

527 2114 657 2176 ruit,
697 2113 910 2168 videtur
959 2108 1447 2182 cognovisse,qni.
1477 2124 1602 2161 cum
1651 2106 1824 2161 rubus
1858 2106 2100 2171 arderet,

530 2221 631 2262 nec
675 2217 855 2260 tamen
890 2212 1334 2266 consumeretur,
1373 2201 1658 2254 Tranaiem
1688 2201 1858 2262 enim,
1901 2199 2101 2268 inquit,

525 2297 708 2352 videbo
737 2297 989 2350 visionem
1029 2297 1163 2348 hanc
1207 2309 1453 2362 magnam
1485 2292 1564 2354 ⁸⁸,
1599 2307 1706 2344 ιιοιι
1739 2290 1841 2344 loci
1874 2300 2104 2350 motum,

533 2400 594 2445 ut
625 2391 886 2451 arbitror,
913 2403 1010 2458 per
1047 2386 1342 2442 transitum
1364 2383 1678 2449 declarans,
1711 2382 1806 2437 sed
1843 2379 2108 2449 temporis

531 2484 854 2538 transitum.
875 2481 1032 2547 Quod
1061 2481 1210 2537 enim
1244 2488 1374 2532 tunc
1398 2491 1494 2547 per
1517 2474 1790 2530 flammam
1826 2481 1880 2528 et
1911 2473 2107 2528 rubum

2184 549 2413 612 παιδίον,
2452 547 2569 612 πῶς
2601 547 2756 618 ἐδόθη
2797 549 2932 610 υἱός.
2976 541 3121 617 *Αρα
3163 546 3307 599 κατά
3334 545 3438 599 τὸν
3493 543 3660 614 νόμον
3687 548 3764 612 τῆς

2185 641 2434 708 φύσεως;
2469 639 2566 704 Οὔ,
2597 639 2762 708 φησὶν
2790 641 2819 692 6
2849 641 3156 710 Προφήτης.
3183 639 3260 691 Ού
3290 636 3553 690 δουλεύει
3579 634 3767 704 φύσεως

2184 732 2370 802 νόμοις
2408 735 2436 784 6
2479 732 2756 802 Δεσπότης
2801 731 2900 800 τῆς
2949 729 3186 798 φύσεως.
3243 729 3422 784 Ἀλλὰ
3468 727 3594 790 πῶς
3633 728 3766 794 ὲγεν·

2185 822 2321 894 νήθη
2352 823 2412 874 τὸ
2457 823 2701 887 παιδίον;
2750 823 2901 877 εἰπέ·
2945 821 3112 887 Ἰδοὺ,
3152 823 3335 892 φησὶν,
3395 837 3442 888 η
3492 817 3767 887 παρθέης

2186 916 2256 969 ἐν
2292 915 2500 985 γαστρί
2543 916 2804 984 ,λήψεται
2849 915 2946 969 καί
2983 915 3215 979 τέξεται
3256 914 3426 975 υἱὸν,
3471 911 3580 965 καὶ
3613 912 3768 965 me.

2189 1022 2370 1061 σουσι
2398 1008 2462 1061 τὸ
2498 1007 2684 1075 ὄνομα
2716 1008 2902 1061 αὐτοῦ
2930 1006 3334 1076 Ἐμμανουὴλ,
3377 1007 3412 1059 ὃ
3443 1005 3571 1057 ἐστι
3596 1003 3768 1074 μεθερ-

2193 1100 2578 1170 μηνευόμενον,
2611 1098 2936 1168 Μεθ’ήμών
2968 1103 3002 1154 ό
3032 1101 3198 1165 Θεός.
3228 1100 3295 1153 Ὢ
3325 1097 3435 1152 τοῦ
3475 1095 3765 1167 θαύματοςί

2203 1192 2267 1244 Ἦ
2301 1190 2566 1262 παρθένος
2604 1193 2787 1262 μήτηρ
2812 1191 3040 1257 γίνεται,
3081 1191 3178 1245 καὶ¹
3208 1190 3471 1261 διαμένει
3503 1188 3764 1259 παρθένος.

2200 1284 2364 1356 Ὀρᾷς
2390 1284 2485 1353 τὴν
2523 1285 2874 1354 καινοτομίαν
2913 1283 3012 1353 τῆς
3043 1283 3276 1352 φύσεως.
3319 1282 3458 1335 Ἐπὶ
3483 1279 3597 1334 τῶν
3617 1278 3769 1334 ἀλλων

2192 1379 2464 1447 γυναικῶν
2493 1379 2598 1442 ’ἐως
2621 1377 2890 1449 παρθένος
2915 1377 3054 1439 ἐστὶ,
3084 1377 3266 1447 μήτηρ
3291 1375 3401 1429 οὐκ
3433 1372 3610 1427 ἐστιν.
3638 1371 3770 1425 Ἐπεὶ
3807 1387 3809 1392 ‘

2192 1469 2236 1524 δ’
2277 1471 2343 1522 ἂν
2401 1470 2582 1539 μήτηρ
2646 1469 2910 1538 γένηται,
2960 1468 3059 1538 τὴν
3119 1465 3430 1538 παρθενίαν
3495 1463 3600 1516 οὐκ
3653 1461 3765 1533 ἔχει.

2208 1561 2476 1615 Ἐνταῦθα
2514 1561 2572 1615 δὲ
2603 1561 2673 1615 τά
2698 1561 2792 1615 δύο
2817 1560 3118 1632 συνέδραμε
3152 1561 3295 1614 κατά
3332 1559 3550 1612 ταύτὺν
3577 1557 3642 1610 τά
3675 1557 3769 1608 ὀνό-

2199 1669 2363 1721 ματα.
2420 1652 2484 1705 Ἡ
2526 1651 2635 1722 γάρ
2680 1649 2818 1721 αὐτὴ
2866 1651 2961 1703 καὶ
2989 1651 3168 1720 μήτηρ
3201 1650 3296 1703 καὶ
3331 1647 3616 1718 παρθένος
3651 1647 3766 1699 ἑστί-

2197 1744 2293 1797 καὶ
2338 1743 2462 1797 οὔτε
2508 1745 2542 1815 ἡ
2599 1743 2868 1815 παρθενία
2914 1743 3007 1796 τὸν
3049 1743 3208 1796 τόκον
3247 1741 3582 1804 ἐκώλυσεν,
3620 1739 3772 1792 οὖτεό

2197 1837 2352 1900 τόκος
2397 1837 2494 1907 τὴν
2539 1835 2834 1908 παρθενίαν
2863 1835 3070 1890 ἔλυσεν.
3121 1835 3374 1904 Ἐπρεπε
3405 1832 3525 1903 γάρ
3571 1831 3654 1884 τὸν
3698 1830 3772 1882 ἐπὶ

2199 1925 2476 1997 ἀφθαρσίᾳ
2503 1926 2598 1980 τοῦ
2642 1924 2842 1990 παντὸς
2891 1927 2950 1979 ὲν
2990 1925 3070 1995 τῷ
3120 1923 3463 1996 ἀνθρωπίνῳ
3509 1923 3611 1992 βίῳ
3647 1925 3772 1989 γενό-

2205 2034 2384 2090 μενον,
2415 2018 2524 2071 ἀπὸ
2555 2017 2656 2087 τῆς
2687 2016 3065 2088 ὑπηρετούσης
3108 2015 3275 2069 αὐτοῦ
3303 2018 3375 2086 τῇ
3413 2016 3670 2083 γεννήσει
3695 2013 3773 2081 τῆς

2204 2110 2512 2181 ἀφθαρσίας
2540 2108 2828 2181 ἄρξασθαι.
2854 2109 2965 2180 Τὴν
2997 2109 3106 2179 γάρ
3129 2107 3545 2180 ἀπειρόγαμον,
3569 2107 3777 2174 ἄφθορον

2204 2201 2342 2258 οἶδεν
2370 2204 2653 2273 ὀνομάζειν
2695 2204 2728 2273 ἡ
2773 2203 2880 2257 τῶν
2930 2200 3231 2272 ἀνθρώπων
3285 2200 3582 2270 συνήθεια.
3631 2198 3780 2251 Τοῦτό

2209 2313 2300 2366 μοι
2343 2295 2490 2349 δοκεῖ
2541 2294 3106 2366 προκατανενοηκέναι
3145 2295 3210 2362 τῇ
3260 2292 3550 2364 γενομένῃ
3581 2291 3666 2344 διά
3703 2290 3778 2344 τοῦ

2209 2387 2386 2456 φωτὸς
2409 2385 2559 2457 αύτῷ
2587 2385 2875 2457 θεοφανεία
2902 2384 3141 2454 Μωῦσῆς
3173 2384 3384 2446 ἐκεῖνος
3412 2384 3442 2435 6
3485 2383 3683 2452 μέγας,
3709 2384 3779 2434 ὅτε

2211 2479 2476 2552 ἐξήπτετο
2503 2479 2602 2549 τῆς
2633 2479 2794 2548 βάτου
2816 2479 2876 2531 τὸ
2901 2477 3033 2548 πῦρ,
3064 2477 3158 2530 καί⁵
3184 2478 3218 2548 ἡ
3252 2477 3422 2546 βάτος
3453 2477 3567 2528 οὐκ
3588 2476 3780 2545 ἐμαραί-

530 2577 968 2646 significabatur,
993 2573 1377 2644 progrediente
1409 2567 1842 2639 tempore,quod
1877 2567 2099 2622 interce-

2211 2591 2333 2628 νετο
2357 2591 2370 2603 ο
2419 2574 2634 2640 Διαϐὰς
2669 2572 2799 2643 γὰρ,
2831 2571 3017 2642 φησιν,
3052 2572 3275 2640 ὄψομαι
3311 2569 3383 2622 τὸ
3413 2569 3579 2639 μέγα
3624 2567 3778 2637 ὅραμα

530 2669 712 2732 debat,
742 2667 1030 2739 perspicue
1067 2668 1121 2720 in
1147 2665 1408 2734 mysterio
1437 2661 1668 2730 virginis
1699 2669 1947 2730 apertum
1983 2657 2099 2712 fuit.

2213 2665 2408 2720 τοῦτο’
2463 2664 2525 2718 ού
2574 2665 2825 2734 τοπικὴν,
2872 2657 3046 2731 οἶμαι,
3092 2661 3269 2730 δηλῶν
3314 2661 3546 2731 κίνησιν

534 2760 1015 2828 Quemadmodum
1052 2758 1200 2813 enim
1247 2756 1363 2812 illic
1411 2761 1496 2811 est
1527 2754 1722 2816 rubus,
1772 2762 1825 2807 et
1860 2748 2099 2805 accendiI

2218 2756 2451 2828 βάσεως,
2471 2755 2608 2810 ἀλλὰ
2639 2754 2738 2826 τὴν
2767 2753 3067 2824 παροδικὴν
3092 2751 3186 2804 τοῦ
3221 2753 3424 2823 χρόνου
3450 2753 3721 2806 διάϐασιν·
3737 2754 3777 2802 τὲ

537 2855 742 2924 ignem,
771 2862 825 2906 et
857 2866 967 2906 non
999 2848 1386 2912 comburitur;
1428 2848 1503 2901 ita
1543 2845 1633 2900 hic
1673 2851 1759 2900 est
1789 2844 1963 2914 virgo,
1993 2857 2099 2912 qua

2217 2847 2324 2919 γάρ
2353 2847 2472 2902 τότε
2517 2845 2960 2918 προδιατυπωθὲν
3003 2847 3060 2899 ὲν
3095 2846 3162 2915 τῇ
3206 2843 3371 2912 φλογὶ
3417 2844 3520 2897 καὶ
3549 2843 3778 2916 τῇβάτῑξὶ.

539 2948 717 3000 lucem
746 2944 915 3015 parit,
949 2951 1007 2998 et
1040 2957 1150 2997 non
1192 2940 1590 3010 corrumpitur.
1627 2936 1784 3003 Quod
1806 2943 1987 2990 autem
2023 2949 2099 3005 pel

2218 2940 2502 3005 διαϐάντος
2534 2939 2631 2994 τοῦ
2669 2939 2836 3010 μέσου
2865 2938 3080 3010 χρόνου,
3115 2937 3302 3008 σαφῶς
3327 2938 3394 2991 ὲν
3426 2937 3512 3007 τῷ
3553 2938 3781 3004 κατὰτὴν

540 3041 739 3096 rubum
778 3037 1026 3108 Virginis
1053 3050 1279 3104 corpus,
1314 3032 1461 3104 quod
1492 3031 1662 3087 Deum
1695 3031 1930 3102 peperit,
1961 3028 2099 3084 intel'

2223 3033 2492 3105 παρθένον
2530 3031 2816 3104 μυστηρίῳ
2863 3029 3244 3100 ἀπεκαλύφθη.
3279 3030 3504 3100 Ὥσπερ
3557 3028 3666 3101 γάρ
3701 3031 3810 3082 ὲκεί’

543 3132 778 3202 ligatur,
822 3145 891 3184 ne
937 3137 992 3184 te
1036 3125 1426 3185 similitudinis
1470 3122 1694 3194 pudeat.
1756 3120 1891 3176 Nam
1941 3118 2099 3175 omni:

2227 3129 2260 3198 ὴ
2287 3126 2510 3196 θάμνος,
2542 3125 2637 3178 καὶ
2666 3123 2825 3178 ἀπτει
2853 3122 2914 3175 τὸ
2936 3121 3048 3193 πῦρ
3082 3122 3177 3176 καὶ
3199 3121 3260 3174 ού
3293 3121 3546 3188 καίεται,
3566 3120 3701 3174 οὕτω
3718 3122 3785 3172 καὶ

543 3237 676 3276 earo
711 3227 934 3290 propter
967 3219 1178 3290 peccati
1213 3215 1644 3286 susceptionem,
1679 3220 1734 3268 et
1758 3213 1828 3266 ob
1855 3210 1910 3264 id
1942 3211 2099 3280 ipsun

2227 3219 2458 3272 ἐνταῦθα
2485 3220 2518 3288 ἡ
2547 3217 2840 3289 Παρθένος,
2867 3218 2960 3270 καὶ
2989 3215 3164 3268 τίκτει
3193 3215 3254 3268 τὸ
3282 3215 3423 3284 φῶς,
3459 3215 3563 3270 καὶ
3584 3215 3646 3267 ού
3675 3213 3786 3282 90:5-

546 3322 782 3374 tantum,
815 3309 964 3381 quod
1005 3318 1092 3366 est
1111 3323 1262 3374 caro,
1303 3313 1590 3378 peccatum
1620 3314 1705 3360 est
1730 3305 1797 3358 ⁸⁷.
1833 3301 2099 3358 Peccatun

2230 3328 2405 3383 ρεται.
2461 3311 2526 3364 Εἰ
2572 3309 2628 3362 δὲ
2675 3308 2838 3380 βάθος
2882 3308 3237 3378 προδιατυποῑ
3266 3308 3326 3362 τὸ
3362 3307 3628 3361 θεοτόκιον
3668 3307 3790 3374 σῶμα

549 3413 730 3458 autem
783 3405 837 3458 in
888 3401 1176 3474 Scriptura
1216 3407 1448 3456 vocatur
1476 3398 1655 3468 spina.
1705 3397 1781 3450 Ac
1812 3411 1881 3450 ne
1925 3410 1956 3448 a
1995 3408 2096 3464 pro

2229 3404 2326 3473 τῆς
2353 3401 2655 3473 Παρθένου,
2685 3401 2760 3472 μὴ
2782 3400 3076 3470 αἰσχυνθῇς
3098 3400 3175 3470 τῷ
3191 3400 3506 3469 αἰνίγματι.
3537 3400 3691 3452 Πᾶσα
3707 3398 3789 3466 γάρ

557 3497 740 3568 posito
783 3495 1004 3565 longius
1052 3508 1370 3564 evagemur,
1407 3493 1546 3547 forte
1579 3504 1691 3544 non
1729 3488 1834 3541 erit
1862 3486 2131 3554 intempe-

555 3588 781 3650 stivum,
809 3586 857 3640 si
893 3586 1230 3654 incorrupta:
1275 3583 1468 3637 matris
1509 3589 1704 3635 testem
1737 3594 1885 3640 eum,
1917 3577 2012 3646 qui
2047 3577 2133 3630 in-

555 3687 639 3732 ter
691 3677 957 3745 templum
1006 3683 1060 3728 et
1111 3674 1284 3728 altare
1329 3671 1431 3726 fuit
1473 3673 1718 3730 occisus,
1761 3666 2129 3738 proferamus.

2233 3495 2370 3566 σάρξ
2402 3493 2492 3547 διά
2520 3493 2620 3565 τὴν
2665 3493 2764 3562 τῆς
2813 3492 3088 3564 ἁμαρτίας
3135 3491 3479 3563 παραδοχὴν,
3531 3493 3654 3544 κατ’
3693 3490 3790 3543 αὐτὸ

2233 3588 2390 3641 τοῦτο
2432 3587 2514 3639 ὅτι
2559 3584 2696 3656 σάρξ
2743 3587 2860 3638 ἐστι
2908 3585 3101 3656 μόνον,
3149 3583 3396 3655 ἁμαρτία
3447 3585 3610 3638 ἐστίν
3637 3601 3651 3613 ·
3697 3582 3789 3652 ἠδὲ

2234 3678 2478 3750 ἁμαρτία
2503 3678 2656 3748 παρὰ
2677 3678 2775 3748 τῆς
2801 3679 2839 3730 Γ
2847 3678 3024 3750 ραφῆς
3049 3680 3115 3749 τῇ
3145 3680 3244 3748 τῆς
3267 3677 3522 3748 ἀκάνθης
3545 3678 3790 3744 ἐπωνυμίᾳ

556 3769 656 3824 llic
686 3776 770 3824 est
806 3767 1067 3823 sacerdos
1115 3765 1433 3830 Zacharias,
1473 3777 1584 3818 non
1631 3759 1895 3816 sacerdos
1929 3758 2132 3822 solum,

555 3875 746 3917 verum
773 3859 940 3914 etiam
970 3858 1236 3928 propheta
1265 3857 1331 3908 ’⁸.
1364 3855 1442 3909 Ac
1465 3852 1768 3926 prophetia:
1787 3851 2009 3922 quidem
2034 3864 2099 3919 ρο

2237 3858 2650 3932 ἀποφερόμεθα,
2676 3860 2818 3931 τάχα
2845 3861 2940 3914 καὶ
2972 3860 3061 3915 τὸν
3097 3859 3298 3931 μεταξὺ
3319 3859 3417 3914 τοῦ
3449 3861 3594 3915 ναοῦ
3621 3858 3792 3914 καὶτοὶ

557 3962 726 4008 testas
755 3951 808 4005 in
843 3949 1124 4020 Evangelii
1153 3948 1295 4004 libro
1330 3947 1667 4011 declaratur,
1701 3959 1828 3999 cum
1856 3944 2001 3998 viam
2033 3943 2099 3996 ho

2242 3953 2638 4024 θυσιαστηρίου
2678 3952 3004 4021 φονευθέντα
3033 3952 3303 4023 Ζαχαρίαν
3341 3952 3444 4005 οὐκ
3492 3954 3714 4024 ἄκαιρον
3734 3953 3794 4010 εἰς

559 4043 802 4099 minibus
831 4041 1087 4098 muniens
1113 4039 1299 4096 divina
1340 4041 1542 4110 gratia,
1570 4054 1640 4094 ne
1671 4038 1915 4110 Virginis
1945 4044 2099 4108 partu

2245 4044 2550 4116 μαρτυρίαν
2605 4045 2704 4112 τῆς
2770 4044 3009 4115 ἀφθόρου
3079 4044 3281 4116 μητρὸς
3334 4045 3791 4116 παραστήσασθαι.

563 4136 905 4192 incredibilis
951 4143 1264 4206 putaretur,
1316 4133 1625 4188 minoribus
1676 4131 1968 4186 miraculis
2005 4129 2099 4185 (ide

2255 4137 2451 4208 Ἱερεὺς
2482 4131 2634 4200 οὗτος
2658 4139 2688 4190 6
2719 4138 2992 4208 Ζαχαρίας
3031 4133 3097 4208 ἦν
3122 4154 3135 4168 ο
3183 4138 3280 4208 οὐχ
3323 4139 3515 4208 ἱερεὺς
3562 4139 3623 4192 δὲ
3654 4142 3795 4207 μόνον.

562 4231 696 4286 lium
730 4243 1018 4284 assensum
1061 4227 1144 4283 sic
1181 4225 1455 4289 exercuit,
1500 4234 1558 4281 ut
1590 4225 1794 4280 femina
1828 4224 2058 4287 sterilis,
2089 4242 2099 4277 ι

2245 4229 2379 4285 ἀλλὰ
2404 4230 2498 4284 καὶ
2529 4232 2588 4283 ἐν
2615 4230 2693 4300 τῷ
2715 4231 2812 4300 τῆς
2845 4231 3178 4302 προφητείας
3209 4233 3520 4300 χαρίσματι
3542 4249 3557 4261 ·
3589 4236 3624 4301 ἡ
3654 4231 3701 4283 δὲ
3723 4230 3799 4295 τῆς

564 4325 777 4393 virjam
799 4331 961 4376 aetate
981 4322 1272 4376 confectus
1306 4319 1476 4374 filium
1501 4319 1865 4390 susciperent.
1891 4317 2007 4373 Hoc
2038 4319 2099 4372 mi

2246 4321 2585 4392 προφητείας
2627 4321 2858 4391 δύναμις
2906 4322 3253 4391 ἀνάγραπτος
3289 4324 3345 4375 ὲν
3396 4325 3464 4391 τῇ
3523 4323 3692 4392 βίϐλῳ
3725 4319 3793 4370 rei

567 4416 726 4471 randi
748 4425 938 4486 partus
966 4415 1295 4484 prowmium
1320 4413 1440 4467 fuit.
1465 4411 1679 4468 Etenim
1709 4412 1854 4467 sicut
1880 4410 2098 4466 Elisabe

2250 4412 2578 4482 Εὐαγγελίου
2610 4414 2944 4484 κηρύσσεται
2968 4431 2980 4443 ·
3027 4414 3114 4466 ὅτε
3143 4405 3580 4484 προοδοποιούσα
3607 4418 3708 4476 τοῖς
3724 4415 3794 4464 ἀνθ

567 4523 690 4578 qua:
721 4508 926 4564 sterilis
952 4507 1020 4561 ad
1063 4515 1403 4562 senectutem
1458 4523 1554 4576 per
1571 4514 1804 4569 renerat,
1840 4519 1951 4559 non
1996 4511 2099 4574 poti

2203 4486 2224 4536 )
2249 4505 2488 4577 θρώποις
2517 4508 2550 4576 ἡ
2581 4483 2701 4559 θεία
2724 4506 2901 4576 χάρις,
2956 4505 3031 4576 μὴ
3059 4483 3284 4559 ἄπιστον
3325 4505 3418 4559 τὸν
3448 4507 3524 4560 ἐκ
3555 4506 3795 4578 Παρθένου

567 4609 710 4656 state
753 4607 964 4653 natura:
1025 4598 1081 4650 fit
1118 4607 1308 4663 mater,
1355 4597 1452 4666 sed
1491 4597 1542 4652 ei
1587 4597 1779 4652 divino
1805 4595 2039 4652 consilio
2081 4595 2099 4648 f

2251 4599 2408 4652 τόκον
2457 4597 2803 4669 ἡγήσασθαι,
2851 4600 2963 4662 τοῖς
3001 4598 3248 4652 ἐλάττοσι
3292 4598 3545 4668 θαύμασι
3586 4615 3795 4669 παραγν-

570 4694 677 4748 lius
700 4692 970 4755 nascitur,
1011 4692 1090 4745 sic
1133 4691 1278 4761 quod
1313 4691 1367 4744 in
1409 4691 1660 4759 virgineo
1691 4697 1848 4759 partu
1887 4705 1994 4744 non
2025 4704 2099 4742 οτι

2257 4691 2447 4760 μνάζει
2473 4691 2582 4744 τῶν
2604 4691 2848 4745 ἀπίστων
2867 4691 2966 4759 τὴν
2988 4690 3404 4758 συγκατάθεσινο
3425 4693 3502 4762 τῇ
3536 4692 3713 4760 στείρᾳ
3729 4689 3797 4738 καὶ

571 4782 807 4838 dendum
864 4781 1098 4845 videtur,
1132 4781 1178 4834 si
1226 4779 1500 4836 referatur
1548 4781 1617 4834 ad
1667 4779 1836 4834 Deum
1884 4781 2093 4835 credibi

2255 4785 2521 4855 παρήλικι
2565 4782 2804 4836 τίκτεται
2838 4785 2984 4845 παῖς.
3031 4781 3201 4836 Τοῦτο
3246 4783 3542 4853 προοίμιον
3571 4777 3800 4836 τοῦἰιατὲ

573 4886 676 4928 est.
1566 4920 1574 4925 .
2244 4875 2345 4944 τὴν
2380 4874 2678 4943 παρθενίαν
2707 4872 2981 4942 θαύματος
3006 4873 3236 4942 γίνεται.
3279 4874 3369 4936 Ὦς
3397 4873 3516 4944 γάρ
3543 4876 3578 4945 ἡ
3621 4872 3798 4927 Ἐλισάο

574 4968 689 5031 ϐετ,
727 4969 786 5020 ού
822 4966 1046 5036 δυνάμει
1079 4964 1291 5034 φύσεως
1327 4965 1536 5032 γίνεται
1574 4967 1778 5036 μήτηρ,
1824 4965 2019 5032 ἄγονος·
2057 4966 2147 5017 τὸν
2187 4965 2299 5036 βίον
2329 4966 2798 5036 καταγηράσασα,
2841 4965 2958 5018 ἀλλ’
2992 4965 3086 5018 ἐπὶ
3130 4965 3192 5018 τὸ
3228 4965 3368 5018 θεῖον
3429 4965 3682 5036 βούλημα
3730 4960 3798 5012 τΰῖ

575 5065 762 5127 παιδὸς
793 5066 826 5133 ἡ
855 5063 1103 5132 γέννησις
1135 5064 1466 5133 ἀναφέρεται
1493 5081 1503 5093 ·
1555 5062 1698 5115 οὕτω
1740 5063 1833 5114 καὶ
1875 5061 1972 5130 τῆς
2017 5060 2351 5132 παρθενικῆς
2380 5063 2566 5124 ὠδῖνος
2599 5064 2632 5132 ἡ
2660 5060 2907 5123 ἀπιστία,
2941 5063 3008 5132 τῇ
3036 5057 3188 5131 πρὸς
3239 5059 3299 5112 τὸ
3363 5059 3527 5114 Θείον
3591 5056 3802 5125 ἀναφορᾷ

576 5160 636 5210 τὸ
669 5157 855 5209 πιστὸν
881 5154 1015 5225 ἔχει.
3000 5175 3008 5182 .

649 5252 920 5318 Quoniam
961 5250 1128 5321 igitur
1154 5265 1220 5304 ex
1264 5250 1573 5319 virginitate
1617 5248 1972 5319 proveniente
2020 5263 2099 5317 pr:

2345 5241 2563 5312 Ἐπειδὴ
2593 5241 2771 5294 τοίνυν
2801 5238 3174 5312 προλαμϐάνει
3217 5238 3306 5292 τὸν
3369 5238 3434 5291 ὲκ
3488 5238 3799 5308 παρθενίαςὸ

580 5348 726 5400 cedit
754 5347 800 5400 is
829 5345 928 5414 qui
955 5359 987 5399 e
1020 5343 1500 5410 sterililnascitur,
1533 5342 1627 5412 qui
1661 5339 1727 5394 ad
1757 5354 1948 5394 vocem
1985 5339 2099 5393 illiu

2263 5337 2372 5392 ἀπὸ
2400 5337 2498 5405 τῆς
2523 5333 2764 5404 στείρας,
2788 5333 2818 5384 6
2846 5332 2980 5403 πρὸς
3011 5330 3112 5401 τὴν
3132 5329 3313 5400 φωνὴν
3336 5329 3437 5398 τῆς
3465 5326 3798 5400 κυοφορούςης

584 5449 703 5504 qua:
738 5432 1028 5486 Dominum
1077 5440 1236 5486 utero
1279 5431 1522 5501 gerebat,
1562 5440 1855 5498 antequam
1887 5429 1944 5482 in
1980 5427 2099 5483 luce

2261 5428 2352 5481 τὸν
2380 5425 2583 5496 Κύριον
2628 5425 2756 5495 πρὶν
2783 5425 2863 5487 είς
2891 5423 3006 5493 φῶς
3033 5423 3202 5476 ἐλθεῖν
3231 5424 3290 5475 ἐν
3319 5425 3387 5493 τῇ
3414 5422 3651 5493 μητρῷα
3684 5419 3803 5486 νηδὲ

2237 3767 2684 3839 κατονομάζεται.
2735 3768 2798 3822 El
2829 3768 2887 3822 δὲ
2935 3767 3010 3839 μὴ
3044 3768 3232 3838 πόρρω
3280 3767 3392 3820 τῶν
3439 3768 3788 3837 προκειμένωι

593 5526 860 5593 prodiret,
915 5523 968 5575 in
1007 5521 1129 5575 alvo
1177 5522 1369 5574 matris
1409 5520 1671 5583 exsilivit,
1704 5519 1868 5575 simul
1895 5533 1960 5573 ac
1999 5529 2099 5572 nat1

2265 5517 2589 5588 σκιρτήσας,
2614 5515 2731 5586 ἀμα
2763 5533 2821 5568 τε
2851 5512 3127 5585 παρῆλθεν
3153 5515 3234 5576 είς
3263 5513 3480 5582 γένεσιν
3509 5515 3539 5566 6
3563 5513 3656 5568 τοῦ
3677 5511 3798 5574 λόγον

589 5626 672 5672 est
717 5632 1026 5685 praecursor
1059 5614 1247 5678 Verbi,
1281 5613 1597 5684 prophetico
1637 5613 1837 5682 spiritu
1877 5611 2099 5666 Zachar

2267 5609 2592 5682 πρόδρομος,
2641 5609 2764 5660 τότε
2789 5607 2976 5661 λύεται
3001 5606 3082 5677 τῷ
3104 5606 3349 5677 Ζαχαρία
3369 5607 3458 5661 διά
3501 5606 3601 5678 τῆς
3629 5618 3802 5674 πρτιττςο

666 5797 709 5826 ³⁵
742 5793 843 5848 lsa.
883 5811 976 5858 vu,
1015 5794 1095 5848 lii.

1212 5796 1255 5825 "
1283 5792 1455 5849 Exod.
1492 5808 1571 5860 ut,
1602 5792 1654 5847 5.
1734 5794 1774 5823 ³⁷
1809 5790 1854 5846 ll
1880 5789 2010 5860 Reg.
2045 5807 2099 5845 ιιι

2232 5791 2263 5845 6
2292 5807 2305 5857 ;
2335 5787 2522 5844 Matth.
2557 5800 2676 5855 xui,
2704 5785 2788 5838 22.
2874 5787 2917 5816 ’⁸
2955 5784 3085 5840 Luc.
3131 5800 3168 5850 ι,
3201 5784 3234 5839 3
3273 5798 3395 5853 sqq.
