3822 6414
29 294 202 348 11⁸57

1204 308 1270 364 IN
1305 311 1469 369 DIEM
1507 312 1836 373 NATALEM
1875 316 2171 375 CHRISTI.

3211 318 3345 385 “'58

29 412 224 481 τικῆς
256 413 545 480 ἐπιπνοίας
570 418 601 488 ή
635 421 834 492 σιωπή.
866 424 975 477 Καὶ
997 425 1098 479 ὅσα
1121 427 1454 501 διεξέρχεται
1483 433 1662 504 Ζαχα-

1766 436 2045 491 silentium
2108 439 2361 495 solvitur.
2422 438 2779 513 Quazcuuque
2836 452 3016 499 autem
3080 445 3343 501 disseruit

29 508 211 572 >ίας,
265 514 578 582 προφητεία
621 515 717 568 τοῦ
756 518 1041 587 μέλλοντος
1085 519 1174 595 ἦν.
1206 522 1373 592 Οὗτος
1402 528 1583 583 τοίνυν
1630 532 1660 583 6

29 598 134 668 τῷ
168 604 506 674 προφητικῷ
535 610 806 677 πνεύματι
831 611 964 681 πρὸς
978 612 1078 683 τὴν
1101 615 1209 669 τῶν
1232 618 1491 687 κρυπτῶν
1517 619 1659 688 γνῶο

29 708 149 745 τιν
206 700 746 769 χειραγωγούμενος,
795 704 979 773 τὸτῆς
1013 707 1311 776 παρθενίας
1360 715 1658 784 μυστήριον

29 801 49 834 :
74 787 153 840 τε).
200 790 301 843 τοῦ
336 792 802 873 ἀφθάρτου-ςόκου
829 801 1191 869 κατανοήσας,
1221 804 1322 856 οὐκ
1360 806 1658 877 ἀπέκρινεν

29 883 112 935 ἐν
145 884 232 956 τῷ
260 886 378 961 ναῷ
422 888 516 942 τοῦ
564 894 683 953 ταῖς
713 893 1005 963 παρθένοις
1034 896 1177 950 κατά
1216 898 1307 950 τὸν
1337 901 1500 969 νόμον
1525 904 1659 957 ἀπο-

29 975 502 1049 κεκληρωμένου
534 982 699 1035 τόπου
734 984 831 1054 τὴν
864 985 1077 1063 mw
1121 990 1353 1061 μητέρα,
1390 991 1657 1047 διδάσκων

29 1072 195 1134 τοὺς
241 1070 552 1137 Ἰουδαίους.
574 1075 655 1128 ὅτι
685 1076 713 1127 6
734 1077 843 1131 τῶν
874 1078 1043 1133 ὄντων
1068 1081 1402 1154 δημιουργὸς
1426 1088 1519 1139 καὶ
1562 1087 1657 1156 βα-

30 1163 259 1227 σιλεὺς
289 1165 470 1236 πάσης
498 1168 749 1233 κτίσεως,
778 1170 1087 1242 ὑποχείριον
1109 1174 1223 1245 ἔχει
1274 1177 1411 1246 μετά
1441 1178 1658 1232 πάντων

30 1256 252 1326 ἑαυτῷ
282 1256 381 1329 τὴν
399 1258 745 1331 ἀνθρωπίνην
771 1262 950 1331 φύσιν,
974 1264 1052 1335 τῷ
1080 1266 1194 1336 ίδίῳ
1222 1266 1487 1339 θελήματι
1523 1273 1660 1342 πρὸς

30 1347 119 1398 τὸ
152 1346 357 1402 δοκοῦν
390 1349 560 1423 αὐτὴν
588 1350 756 1420 ἄγων,
789 1354 888 1408 οὐκ
935 1356 1097 1419 αὐτὸς
1127 1358 1232 1411 ὑπὸ
1269 1360 1472 1431 ταύτης
1504 1361 1660 1417 δυνα-

34 1438 425 1510 στευόμενος,
467 1438 634 1504 ὡς’ὲν
673 1446 738 1515 τῇ
787 1444 1012 1517 δυνάμει
1062 1447 1226 1501 αὑτοῦ
1272 1446 1429 1515 εἶναι,
1466 1454 1659 1524 καινὴν

30 1532 327 1605 γέννησιν
357 1533 756 1606 δημιουρ-γῆσαι
781 1554 795 1567 ·
836 1538 957 1609 ἥτις
982 1540 1081 1611 τὴν
1106 1543 1403 1614 γενομένην
1424 1544 1656 1614 μητέρα,

33 1626 125 1678 τὸ
153 1626 432 1698 παρθένον
464 1624 601 1683 εἶναι
623 1630 725 1683 οὐκ
748 1631 1138 1704 ἀφαιρήσεται.
1168 1637 1269 1689 Διά
1301 1636 1460 1689 τοῦτο
1487 1637 1659 1709 αὐτὴν

37 1718 171 1772 οὐκ
212 1720 511 1791 ἀπέκρινεν
536 1724 595 1775 ὲν
622 1722 701 1794 τῷ
730 1723 840 1795 ναῷ
866 1725 961 1779 τοῦ
990 1727 1151 1799 χοροῦ
1187 1728 1294 1781 τῶν
1351 1729 1656 1802 παρθένιον·

38 1805 132 1881 ἦν
160 1811 222 1864 δὲ
253 1802 409 1876 οὗτος
435 1814 464 1866 6
487 1814 649 1878 τόπος
677 1815 739 1868 τὸ
770 1816 973 1885 μεταξὺ
1005 1817 1099 1872 τοῦ
1137 1818 1266 1873 ναοῦ
1305 1822 1397 1874 καὶ
1432 1820 1528 1875 τοῦ
1559 1821 1655 1877 θυ-

47 1905 395 1976 σιαστηρίου
419 1905 713 1978 διάστημα.
756 1909 908 1962 Ἐπεὶ
939 1904 1033 1963 οῦν
1064 1910 1259 1982 ἤκουον
1292 1912 1517 1983 βασιλέα
1556 1915 1656 1986 τῆς

44 1999 307 2063 κτίσεως
337 2000 417 2069 εἰς
444 1999 696 2071 γέννησιν
717 2000 1064 2074 ἀνθρωπίνην
1086 2004 1445 2075 οἰκονομικῶς
1461 2007 1658 2079 προελ-

50 2089 185 2143 θεῖν
211 2108 226 2121 ο
282 2091 432 2162 φόϐῳ
459 2092 555 2145 τοῦ
592 2092 667 2163 μὴ
696 2094 948 2163 γενέσθαι
982 2094 1191 2166 βασιλεῖ
1211 2097 1534 2169 ὑποχείριοι,
1566 2100 1657 2155 τὸν

46 2179 249 2233 ταῦτα
291 2181 669 2253 μαρτυροῦντα
707 2186 836 2254 περὶ
864 2185 959 2238 τοῦ
1007 2186 1187 2251 τόκου,
1239 2188 1657 2260 διαχειρίζονται

52 2270 212 2341 ⁸πρὸς
241 2270 392 2342 αὐτῷ
420 2272 498 2343 τῷ
518 2272 889 2347 θυσιαστηρίῳ
911 2277 1004 2330 τὸν
1034 2279 1182 2350 ίερέα
1202 2280 1652 2353 ίερουργήσαντα.

75 2364 253 2419 Ἀλλά
292 2365 508 2436 μακράν
564 2366 674 2420 τῶν
734 2371 1111 2441 προκειμένων
1165 2375 1653 2447 ἀπεπλανήθημεν,

54 2456 191 2509 δέον
229 2457 322 2510 ἐπὶ
370 2458 469 2527 τὴν
507 2459 565 2512 ἐν
610 2458 689 2528 τῷ
726 2460 1041 2534 Εὑαγγελίῳ
1084 2462 1331 2536 Βηθλεὲμ
1377 2466 1457 2538 τῷ
1514 2467 1657 2539 λόγῳ

59 2546 428 2618 ἀναδραμεῖν.
478 2549 541 2601 Et
568 2549 675 2620 γὰρ
720 2553 976 2621 ποιμένες
1002 2553 1172 2620 ὅντως
1195 2558 1374 2627 ἡμεῖς,
1418 2560 1513 2613 καὶ
1541 2564 1656 2627 τοῖς

64 2638 231 2702 ἰδίοις
262 2638 721 2712 ὲπαγρυπνοῦμεν
763 2645 1057 2715 ποιμνίοις,
1097 2649 1231 2719 πρὸς
1256 2652 1410 2721 ἡμᾶς
1440 2654 1656 2718 πάντως

61 2731 226 2783 ἐστὶν
276 2732 307 2801 ή
342 2730 450 2787 τῶν
500 2732 746 2802 ἀγγέλων
777 2736 946 2808 φωνή,
988 2738 1021 2808 ή
1069 2740 1526 2817 εὐαγγελιζομένη
1556 2747 1656 2816 τὴν

61 2820 253 2893 χαρὰν
276 2821 376 2893 τὴν
407 2823 649 2893 μεγάλην
680 2824 905 2897 ταύτην.
930 2828 1137 2882 Οὐκοῦν
1167 2831 1558 2904 ἀναϐλέψωμεν
1576 2837 1656 2899 είς

64 2912 178 2980 τὴν
231 2911 479 2980 οὐράνιον
525 2915 805 2985 στρατιὰν,
868 2916 1069 2989 ἴδωμεν
1133 2920 1232 2991 τὴν
1268 2922 1379 2975 τῶν
1409 2924 1656 2993 ἀγγέλων

67 3004 459 3073 χοροστασίαν,
492 3005 814 3079 ἀκούσωμεν
838 3009 939 3080 τῆς
965 3010 1115 3076 θείας
1149 3013 1331 3068 αὐτῶν
1359 3015 1653 3088 ὑμνῳδίας.

67 3092 425 3201 ῖίὶόηῆχος
629 3100 1034 3201 έορτ-αςόντωνὶ
1080 3106 1237 3171 Δόξα
1272 3108 1342 3161 ἐν
1370 3111 1657 3179 ὑψίστοις
1685 3140 1728 3201 c

72 3186 225 3252 Θεῷ,
257 3186 441 3257 βοῶσι.
473 3191 573 3244 Διά
604 3190 656 3243 τί
677 3191 885 3259 δοξάζει
910 3196 943 3264 ἡ
967 3195 1074 3249 τῶν
1100 3197 1350 3267 ἀγγέλων
1378 3203 1530 3275 φωνὴ
1560 3203 1661 3275 τὴν

72 3281 143 3332 ὲν
193 3282 301 3345 τοῖς
335 3281 580 3351 ὑψίστοις
626 3284 1007 3358 θεωρουμένην
1063 3289 1319 3361 θεότητα;
1367 3294 1470 3360 ὅτι,
1506 3297 1658 3368 φησὶ,

74 3373 196 3425 Καὶ
223 3371 318 3426 ἐπὶ
344 3371 458 3443 τῆς
486 3375 696 3445 εἰρήνη
717 3394 731 3407 °
768 3383 1087 3452 περιχαρεῖς
1133 3385 1421 3453 γεγόνασιν
1454 3388 1547 3443 ἐπὶ
1585 3390 1663 3461 τῷ

74 3465 393 3537 φαινομένῳ
415 3468 465 3521 οἱ
486 3467 725 3537 ἄγγελοιο
757 3471 881 3525 Ἐπὶ
903 3473 1015 3543 γῆς
1036 3476 1264 3545 εἰρήνη.
1311 3480 1377 3533 Ἡ
1399 3482 1663 3555 πρότερον

77 3556 461 3628 κατηραμένη,
502 3560 536 3630 ἡ
564 3560 673 3613 τῶν
705 3563 956 3618 ἀκανθῶν
986 3568 1079 3621 καὶ
1109 3570 1375 3641 τριϐόλων
1416 3576 1658 3647 γόνιμος,

73 3648 149 3699 τὸ
174 3648 267 3700 τοῦ
296 3648 532 3721 πολέμου
556 3653 776 3722 χωρίον,
793 3657 826 3724 ή
850 3655 957 3709 τῶν
984 3660 1285 3715 καταδίκων
1302 3662 1505 3735 ὲξορία,
1524 3666 1663 3739 αὕτη

76 3739 308 3811 εἰρήνην
334 3739 598 3796 δέδεκται.
623 3744 685 3795 Ὢ
700 3743 792 3797 τοῦ
818 3745 1127 3817 θαύματοςί
1162 3753 1436 3820 Ἀλήθεια
1461 3758 1529 3811 ἐκ
1552 3758 1663 3827 τῆς

75 3831 204 3903 τῆς
255 3832 543 3898 ἀνέτειλε,
575 3836 671 3889 καὶ
721 3837 1073 3908 δικαιοσύνη
1120 3844 1189 3898 ἐκ
1248 3847 1357 3900 τοῦ
1402 3851 1663 3918 οὐρανοῦ

77 3923 355 3993 ὖιέκυψε.
386 3925 636 3980 Τοιοῦτον
690 3928 889 3984 έδωκεν
916 3933 948 4003 ἡ
980 3933 1089 3987 τῶν
1126 3936 1428 4008 ἀνθρώπων
1472 3942 1543 4013 γῆ
1574 3936 1663 3997 τὸν

80 4015 301 4086 καρπὸν
339 4017 527 4088 αὐτῆς.
558 4019 668 4071 Καὶ
717 4018 889 4074 ταῦτα
940 4022 1149 4091 γίνεται
1178 4027 1319 4100 ὑπὲρ
1353 4029 1453 4101 τῆς
1472 4032 1530 4086 ὲν
1567 4036 1663 4088 ἀν..

83 4106 329 4178 θρώποις
367 4108 631 4174 εὐδοκίας.
659 4111 792 4175 Θεὸς
830 4115 895 4185 τῇ
924 4114 1236 4190 ἀνθρωπίνῃ
1267 4129 1664 4194 κατακιρνᾶται

84 4198 271 4270 φύσει,
303 4201 387 4253 ἵνα
415 4204 726 4275 συνεπαρθῇ
756 4203 834 4277 τῷ
862 4205 983 4275 ὕψει
1013 4207 1107 4261 τοῦ
1142 4210 1277 4266 Θεοῦ
1298 4215 1359 4268 τὸ
1389 4218 1665 4289 ἀνθρώπια

84 4309 200 4345 νον.
222 4290 403 4382 Ταῦτα
443 4292 793 4359 ἀκούσαντες,
824 4296 1118 4369 διέλθωμεν
1146 4304 1227 4366 είς
1254 4305 1354 4376 τὴν
1393 4307 1663 4382 Βηθλεὲμ,

87 4383 288 4451 ἴδωμεν
318 4381 379 4435 τὸ
412 4384 596 4437 καινὸν
628 4384 824 4455 θέαμα,
867 4388 984 4453 πῶς
1006 4391 1366 4459 ὲπαγάλλεται
1396 4398 1428 4468 ή
1461 4381 1664 4471 παρθέ-

1688 1780 1731 1835 Β

1763 525 2058 583 Zacharias
2093 528 2394 599 propheta,
2444 531 2510 584 ad
2555 532 2801 587 futurum
2860 536 3198 605 spectabant.
3246 535 3345 591 Hic

1765 622 1934 694 igitur
1963 624 2152 678 divmo
2197 627 2424 681 numine
2459 629 2525 683 ad
2567 631 2915 685 occultorum
2967 633 3341 700 cognitionem

1762 717 1984 783 ductus,
2006 734 2131 773 cum
2164 721 2496 790 virginitatis
2530 728 2853 794 mysterium
2885 728 2938 781 in
2974 741 3132 796 partu
3160 729 3343 783 incor~

1762 818 1927 878 rupto
1976 826 2083 865 non
2142 811 2442 881 ignoraret,
2497 817 2549 869 in
2602 832 2760 871 sacro
2813 820 3013 888 templo
3064 819 3337 890 Virginem

1763 911 1990 956 matrem
2042 920 2071 957 a
2138 905 2259 957 loco
2330 907 2639 976 virginibus
2697 926 2789 979 per
2837 912 3007 981 legem
3059 915 3339 983 assignato

1762 1008 1871 1049 non
1923 999 2178 1061 semovit,
2206 999 2540 1071 Judzeosque
2582 1002 2789 1065 docuit,
2847 1012 3101 1059 naturam
3145 1006 3339 1059 huma-

1762 1103 1886 1141 nam
1938 1105 2045 1144 una
2105 1108 2228 1146 cum
2275 1094 2505 1163 reliquis
2552 1095 2809 1151 omnibus
2858 1112 3043 1151 rerum
3089 1099 3337 1151 omnium

1760 1180 2003 1237 effecturi
2043 1193 2098 1239 et
2144 1187 2257 1256 regi
2305 1186 2378 1240 ita
2426 1188 2731 1257 subjectam
2778 1205 2921 1251 esse,
2976 1203 3033 1245 ut
3071 1192 3339 1247 arbitratu

1761 1288 1864 1327 suo
1897 1289 2017 1329 eam
2055 1275 2173 1345 ipse
2200 1287 2435 1349 regeret,
2468 1296 2577 1335 non
2603 1292 2787 1336 autem
2819 1282 2888 1335 ab
2919 1299 2982 1337 ea
3014 1294 3292 1351 regeretur
3322 1304 3334 1337 :

1763 1365 1948 1433 itaque
1982 1366 2037 1420 in
2067 1383 2230 1422 manu
2259 1369 2432 1439 ipsius
2469 1386 2612 1433 esse,
2653 1385 2848 1425 novam
2885 1382 3040 1425 ortus
3071 1374 3336 1427 rationem

1762 1458 1964 1523 moliri,
2002 1475 2124 1529 quae
2153 1469 2381 1517 matrem
2420 1478 2544 1519 esse
2579 1465 2849 1533 virginem
2879 1480 2988 1517 non
3024 1464 3335 1533 impediret,

1759 1553 2116 1623 quamobrem
2167 1568 2285 1609 eam
2329 1570 2387 1610 se
2418 1569 2448 1608 a
2500 1556 2773 1625 virginum
2822 1555 2944 1609 loco
2997 1570 3105 1608 non
3151 1555 3339 1609 exelu-

1761 1648 1925 1711 sisse,
1982 1647 2137 1703 locus
2196 1655 2376 1703 autem
2434 1648 2525 1703 ille
2566 1656 2686 1703 erat
2746 1648 2985 1719 spatium
3060 1649 3335 1719 quoddam

1760 1741 1904 1795 inter
1937 1741 2203 1810 templum
2242 1748 2297 1796 et
2344 1742 2538 1796 altare.
2587 1739 2725 1795 Cum
2774 1740 2942 1812 igitur
2991 1741 3337 1796 audivissent

1759 1830 1957 1895 Judaei,
1994 1847 2179 1887 rerum
2223 1834 2467 1888 omnium
2511 1848 2694 1905 regem
2727 1833 2782 1887 in
2828 1834 2994 1887 vitam
3037 1834 3335 1887 humanam

1761 1926 1952 1981 divino
2002 1925 2195 1980 ordine
2224 1924 2514 1997 prodiisse,
2563 1934 2873 1981 metuentes
2920 1941 2988 1980 ne
3035 1926 3148 1995 regi
3206 1924 3335 1980 sub-

1762 2017 2044 2081 derentur,
2072 2016 2440 2079 sacerdotem,
2465 2015 2558 2085 qui
2590 2015 2707 2070 haec
2752 2016 2820 2070 de
2850 2017 2969 2085 ipso
2992 2026 3147 2083 partu
3180 2015 3333 2069 testi-

1762 2105 2054 2166 ﬁcabatur,
2088 2106 2153 2159 ad
2190 2106 2370 2176 ipsum
2404 2106 2579 2160 altare
2611 2105 3014 2159 sacrificantem
3044 2103 3335 2159 interfece-

1761 2206 1892 2251 runt
1913 2196 1979 2252 ”.
2006 2196 2112 2252 Sed
2134 2197 2290 2267 longe
2315 2212 2344 2250 a
2368 2196 2650 2266 praposito
2678 2195 3078 2261 aberravimus,
3115 2209 3239 2249 cum
3267 2193 3335 2248 ad

1761 2291 2061 2353 Bethleem,
2096 2292 2162 2345 de
2188 2306 2295 2361 qua
2325 2290 2380 2343 in
2426 2288 2738 2361 Evangelia,
2772 2288 3023 2344 oratione
3048 2302 3337 2343 recurrere

1761 2399 1866 2439 nos
1892 2390 2128 2453 oportet.
2164 2380 2298 2434 Nam
2335 2380 2383 2436 si
2415 2396 2543 2435 vere
2582 2386 2833 2450 pastores
2868 2393 3083 2441 sumus,
3123 2385 3177 2431 et
3208 2391 3335 2447 pro-

1762 2476 1901 2547 priis
1931 2476 2189 2546 gregibus
2219 2473 2593 2543 iuvigilamus,
2641 2471 2707 2525 ad
2755 2488 2853 2525 nos
2898 2472 3086 2538 utique
3127 2475 3337 2539 spectat

1762 2577 2082 2639 angelorum
2123 2582 2250 2630 vox,
2295 2581 2419 2636 qum
2453 2579 2711 2633 magnum
2750 2564 2853 2618 hoc
2894 2562 3151 2634 gaudium
3194 2578 3335 2616 nun-

1764 2662 1862 2715 tiat
1891 2661 1959 2713 ³⁰.
1986 2658 2191 2715 Oculos
2225 2659 2391 2729 igitur
2426 2657 2482 2711 in
2509 2659 2789 2712 caelestem
2824 2655 3126 2709 exercitum
3159 2654 3337 2709 inten-

1760 2751 1979 2813 damus,
2006 2751 2310 2821 tripudium
2356 2756 2668 2820 spectemus
2703 2749 3046 2819 angelorum,
3085 2747 3335 2800 divinum

1760 2846 2006 2916 ipsorum
2048 2852 2272 2898 cantum
2325 2843 2636 2897 audiamus.
2673 2839 2907 2908 Quinam
2960 2838 3336 2910 plaudentium

1762 2936 1975 2991 sonus?
2003 2933 2193 2989 Gloria
2234 2932 2519 3003 (clamant)
2566 2932 2623 2984 in
2662 2930 2943 2984 altissimis
2991 2926 3097 2981 Deo
3124 2926 3192 2980 ³¹.
3226 2926 3339 2980 Cur

1762 3026 1949 3080 divino
1994 3024 2229 3090 numini,
2274 3022 2421 3093 quod
2469 3022 2523 3075 in
2584 3018 2876 3075 altissimis
2920 3017 3187 3080 cernitur,
3225 3014 3338 3085 glo-

1762 3118 1899 3170 riam
1956 3115 2255 3171 tribuunt?
2299 3113 2592 3180 Quoniam,
2652 3110 2936 3181 inquiunt,
2981 3111 3050 3162 Et
3089 3108 3143 3160 in
3196 3116 3337 3161 terra

1763 3226 1870 3280 pax
1900 3210 1969 3264 3’.
2004 3207 2088 3265 0b
2134 3207 2240 3262 hoc
2280 3205 2656 3277 spectaculum
2706 3201 2907 3274 gaudio
2961 3199 3167 3270 perfusi
3210 3204 3365 3253 sunt‘

1765 3302 1975 3373 angeli:
2012 3299 2079 3353 In
2124 3308 2263 3353 terra
2300 3313 2427 3366 pax.
2465 3296 2597 3363 Qua:
2633 3295 2789 3366 prius
2830 3291 3170 3348 detestabilis
3196 3296 3335 3354 erat,

1764 3412 1885 3467 quae
1914 3395 2091 3466 spinis
2124 3408 2189 3447 ac
2221 3393 2445 3447 tribulis
2475 3393 2635 3462 plena
2669 3387 2932 3451 solitudo,
2960 3400 3082 3456 quae
3108 3383 3337 3438 damna-

1764 3499 1945 3543 torum
1975 3488 2255 3549 exsilium,
2296 3502 2417 3556 quae
2435 3486 2561 3541 belli
2595 3484 2770 3555 regio,
2792 3483 2907 3537 hac
2938 3494 3125 3551 pacem
3154 3490 3338 3531 susce-

1765 3582 1865 3650 pit.
1896 3578 1940 3633 Ο
1969 3594 2083 3633 rem
2117 3577 2533 3631 admirabilem!
2576 3574 2786 3629 Veritas
2820 3573 2884 3626 de
2914 3580 3056 3625 terra
3090 3578 3208 3622 orta
3236 3576 3335 3631 est,

1764 3684 1814 3727 et
1847 3673 2062 3743 justitt'a
2103 3671 2166 3725 de
2210 3671 2338 3725 cmlo
2374 3670 2639 3739 prospexit
2672 3668 2735 3719 ³³.
2765 3665 2950 3720 Talem
2983 3662 3133 3718 dedit
3172 3660 3339 3716 Immi-

1767 3781 1897 3820 num
1932 3773 2074 3818 terra
2106 3764 2346 3818 fructum
2381 3777 2566 3817 suum.
2593 3758 2660 3813 Et
2683 3760 2799 3813 hac
2829 3760 2962 3812 ﬁunt
2996 3770 3092 3826 pro
3115 3754 3257 3809 bona
3283 3752 3338 3805 in

1766 3854 2086 3909 hominibus
2114 3855 2413 3909 voluntate.
2462 3851 2605 3906 Deus
2649 3851 2900 3905 humana:
2937 3855 3146 3901 natura:
3186 3858 3340 3897 coni-

1766 3947 2051 4009 miscetur,
2098 3954 2159 4000 ut
2200 3945 2268 3999 ad
2312 3943 2708 3999 sublimitatem
2762 3940 3005 3995 divinam
3058 3935 3340 3993 hominem

1767 4039 1944 4093 tollat.
1977 4037 2073 4092 His
2106 4036 2310 4091 auditis
2343 4037 2399 4090 in
2428 4035 2743 4090 Bethlehem
2775 4032 3218 4103 proﬁciscamur,
3242 4040 3344 4080 no-

1766 4146 1893 4183 vum
1926 4129 2305 4200 spectaculum
2354 4128 2814 4197 contemplemur.
2853 4122 3140 4190 Quomodo
3181 4124 3340 4190 partu

1767 4239 1871 4279 suo
1901 4224 2056 4293 virgo
2088 4222 2325 4283 laetetur,
2356 4220 2635 4291 quomodo
2676 4232 2799 4287 qua:
2845 4213 3062 4285 nuptias
3106 4225 3219 4265 non
3260 4215 3375 4275 est,

1766 4324 1994 4384 experta
2022 4314 2190 4368 Iactet
2228 4312 2584 4366 infantulum.
2619 4311 2727 4365 Sed
2761 4310 2915 4379 prius
2944 4303 3341 4363 auscultemus,

1766 4406 1898 4478 quid
1928 4408 1996 4461 de
2023 4406 2141 4475 ipsa
2171 4406 2448 4459 memoria:
2481 4404 2759 4476 proditum
2795 4402 2887 4457 sit.

84 4494 180 4575 νος
196 4476 272 4547 τῷ
286 4477 633 4575 τόκῳ,πῶς·ή
653 4479 1026 4551 ἀπειρόγαμος
1048 4484 1344 4556 τιθηνεῖται
1370 4490 1430 4544 τὸ
1446 4493 1657 4565 νήπιον.
1702 4476 1974 4575 Πρότερον
1998 4499 2056 4553 δὲ
2094 4498 2178 4563 τίς
2217 4498 2356 4570 αῦτη
2390 4499 2483 4552 καὶ
2517 4497 2679 4551 πόθεν
2741 4496 2848 4550 τῶν
2892 4495 2959 4548 τά
2992 4492 3123 4563 περὶ
3178 4485 3346 4559 αὐτῆς

90 4567 442 4639 ἱστορούντων
472 4569 811 4642 ἀκούσωμεν.

165 4664 408 4719 Ἤκουσα
426 4664 600 4718 τοίνυν
628 4666 947 4739 ἀποκρύφου
975 4670 1118 4735 τινὸς
1154 4672 1414 4746 ἱστορίας,
1430 4678 1654 4734 τοιαῦτα
1686 4684 1731 4740 Ι)

88 4756 529 4829 παρατιθεμένης
558 4757 626 4811 τά
650 4759 971 4832 περὶάὐτῆς
997 4762 1331 4835 διηγήματα.
1364 4769 1662 4842 Ἐπίσημός

87 4866 173 4912 τις
191 4844 256 4919 ἦν
282 4849 340 4901 ὲν
359 4852 427 4920 τῇ
458 4848 599 4903 κατὰ
628 4850 809 4921 Νόμον
843 4854 1059 4925 ἀκριϐεῖ
1084 4857 1324 4930 πολιτείᾳ
1345 4901 1360 4925 ,
1404 4863 1497 4915 καὶ
1524 4867 1663 4931 γνώ-

93 4958 249 5013 ριμος
273 4940 364 4993 ἐπὶ
410 4943 521 5004 τοῖς
561 4942 885 5007 καλλίστοις,
924 4948 953 4999 6
997 4946 1097 5017 τῆς
1135 4949 1411 5019 Παρθένου
1456 4954 1658 5025 πατὴρ,

91 5035 255 5095 ἅπαις
275 5032 330 5085 δὲ
367 5036 647 5105 κατεγήρα
666 5034 756 5088 τὸν
781 5036 914 5105 βίον,
942 5038 1022 5091 ὅτι
1051 5040 1200 5113 αὐτῷ
1237 5042 1372 5115 πρὸς
1409 5063 1663 5115 τεκνογο-

90 5126 210 5179 νίαν
232 5127 327 5179 οὐκ
359 5127 675 5198 ἐπιτηδείως
714 5123 859 5200 εἶχεν
897 5132 930 5202 ή
960 5133 1223 5197 σύνοικος.
1258 5130 1367 5190 Ἦν
1400 5137 1457 5191 δέ
1488 5156 1571 5202 τις
1598 5140 1664 5192 ἐκ

90 5218 185 5272 τοῦ
230 5219 408 5289 Νόμου
456 5220 590 5291 τιμὴ
639 5225 756 5286 ταῖς
808 5225 1097 5295 μητράσιν,
1130 5221 1199 5297 ἦς
1229 5227 1291 5281 οὐ
1330 5233 1577 5301 μετεῖχον
1609 5234 1667 5286 αἱ

93 5311 566 5381 ἄγονοι.Μιμεῖται
585 5313 763 5366 τοίνυν
788 5315 882 5368 καὶ
907 5314 1045 5387 αὕτη
1078 5318 1147 5372 τά
1183 5320 1305 5390 περὶ
1333 5320 1435 5390 τῆς
1460 5322 1666 5393 μητρὸς

92 5397 186 5450 τοῦ
215 5398 462 5471 Σαμουὴλ
492 5401 822 5474 διηγήματα.
880 5406 990 5459 Καὶ
1034 5408 1182 5473 ἐντὸς
1211 5409 1305 5463 τοῦ
1341 5411 1525 5481 Ἀγίου
1555 5411 1665 5466 τῶν

95 5491 263 5558 ἁγίων
289 5495 574 5567 γενομένη,
614 5496 779 5562 ἱκέτις
798 5500 1002 5566 γίνεται
1022 5501 1115 5555 τοῦ
1136 5502 1291 5567 Θεοῦ,
1329 5505 1404 5575 μὴ
1432 5504 1537 5569 ἔξω
1564 5522 1664 5558 πε-

98 5586 208 5637 σεῖν
229 5584 325 5656 τῆς
363 5587 429 5640 ὲκ
458 5586 566 5642 τῶν
601 5588 780 5661 νόμων
802 5592 1070 5661 εὐλογίας,
1114 5593 1496 5666 ἐξαμαρτοῦσα
1537 5598 1667 5667 περὶ

169 5768 211 5798 ¹⁹
242 5766 426 5824 Matth.
463 5786 617 5838 mn,
650 5770 721 5828 25
820 5776 860 5806 ³ο
900 5775 1031 5831 Luc.
1066 5794 1123 5843 ιι,
1166 5778 1249 5832 I0.
1330 5778 1371 5810 “
1402 5777 1535 5834 ibid.
1576 5777 1660 5835 II.
1740 5781 1783 5811 "
1814 5775 1945 5835 ibid.
2023 5780 2067 5813 ³³
2097 5779 2243 5836 Psal.
2278 5799 2495 5837 Luam.
2546 5782 2625 5838 l2.

1830 4675 2026 4730 Audivi
2085 4689 2217 4745 ergo
2273 4674 2564 4745 quamdam
2624 4671 2911 4727 historiam
2968 4673 3347 4743 apocrypham

1768 4769 1906 4824 tales
1934 4768 2001 4824 de
2026 4782 2090 4824 ea
2141 4767 2461 4837 prodentem
2497 4765 2859 4820 narrationes.
2907 4764 3148 4834 Virginis
3194 4774 3349 4835 pater

1768 4862 1872 4915 fuit
1898 4859 2132 4930 insignis
2154 4858 2375 4928 quidam
2395 4856 2554 4921 civis,
2577 4857 2929 4911 observantia
2958 4855 3118 4926 Legis
3143 4866 3197 4910 et
3227 4859 3349 4911 vitae

1771 4951 2043 5022 probitate
2067 4951 2123 5005 in
2156 4949 2351 5020 pri'mis
2390 4948 2610 5015 nobilis,
2640 4948 2735 5019 qui
2780 4948 2899 5002 sine
2933 4947 3058 5003 liliis
3093 4946 3160 5001 ad
3188 4962 3349 5003 sene-

1769 5052 1975 5100 ctutem
2008 5049 2353 5113 pervenerat,
2383 5055 2507 5096 cum
2536 5042 2721 5096 minus
2753 5041 3004 5095 idoneam
3028 5040 3095 5094 ad
3124 5040 3350 5112 gignen-

1769 5136 1898 5190 dum
1930 5150 2159 5191 uxorem
2208 5135 2455 5191 haberet.
2494 5133 2809 5191 Habebatur
2861 5144 3043 5189 autem
3080 5136 3350 5190 matribus

1767 5244 1831 5283 ex
1865 5228 2006 5301 Lege
2034 5228 2254 5298 quidam
2283 5229 2481 5291 honor,
2510 5245 2621 5299 quo
2664 5229 2926 5283 carebant
2960 5227 3194 5293 feminm,
3229 5245 3350 5299 qua:

1771 5322 1973 5378 liberos
2000 5321 2181 5377 nullos
2212 5330 2589 5392 susceperant.
2617 5321 2961 5391 Quapropter
2990 5330 3044 5377 et
3074 5323 3187 5376 haec
3228 5322 3349 5376 imi-

1773 5424 1885 5469 tata
1917 5415 1994 5481 id,
2021 5415 2166 5486 quod
2192 5416 2259 5471 de
2282 5425 2455 5472 matre
2478 5415 2750 5470 Samuelis
2771 5416 3037 5485 scriptum
3072 5423 3155 5471 est
3181 5414 3248 5481 ",
3281 5415 3345 5469 ad

1775 5507 2040 5562 Sanctum
2088 5517 2405 5563 sanctorum
2448 5508 2679 5573 accedit,
2713 5515 2767 5562 et
2803 5509 3073 5578 supplicat
3116 5507 3246 5569 Deo,
3281 5524 3347 5563 ne

1774 5600 1950 5669 legum
1996 5600 2377 5655 benedictione
2421 5602 2684 5669 privetur,
2719 5615 2838 5671 quae
2870 5600 3005 5653 nihil
3063 5600 3115 5653 in
3148 5598 3344 5669 Legem

2707 5785 2745 5813 ³³
2785 5782 2797 5835 I
2831 5782 2959 5850 Iieg.
3006 5799 3041 5847 ι,
3076 5782 3137 5834 Ii).
3168 5797 3286 5849 sqq.
