3822 6396
475 278 607 333 "59

1739 281 1794 336 S.
1833 277 2162 336 GREGORII
2202 279 2497 338 NVSSENI

3606 269 3663 322 Η
3687 269 3738 319 ii?

474 411 771 470 peccasset.
807 403 960 469 Quod
993 405 1034 458 si
1071 410 1242 457 mater
1273 404 1530 466 evaserit,
1560 419 1641 472 se,
1669 407 2040 477 quodcunque

2165 406 2231 458 τὸν
2252 406 2434 475 Νόμαν
2459 403 2628 456 οὐδέν’
2663 400 2915 470 γενέσθαι
2951 399 3005 452 δέ
3040 396 3269 468 μητέρα,
3301 394 3394 447 καί⁵
3423 393 3556 460 ὰφιε
3569 388 3746 458 ρῶσαι

474 495 766 564 pepererit,
813 497 859 549 ei
908 495 1306 551 dedicaturam.
1361 495 1729 562 Quamobrem
1769 515 1895 554 cum
1928 500 2040 554 voti

475 601 696 655 compos
763 587 952 641 etTecta
1010 587 1175 640 tiliam
1234 589 1589 658 suscepisset,
1651 606 1771 645 eam
1827 592 2042 647 vocavit

474 675 722 740 Mariam,
753 687 808 729 ιιι
838 678 957 746 ipso
980 677 1146 731 etiam
1179 679 1398 734 nomine
1431 685 1730 734 testaretur
1758 691 2044 750 acceptum

475 783 675 821 munus
702 784 729 819 a
764 767 891 821 Deo.
927 768 1076 821 illam
1112 769 1297 838 igitur,
1342 785 1466 824 cum
1509 770 1622 838 jam
1654 771 2044 840 grandiuscula

476 868 639 922 esset,
673 873 771 912 nec
802 859 967 911 ubere
996 861 1188 913 matris
1217 861 1450 931 amplius
1499 859 1781 931 indigeret,
1835 861 2046 917 ducens

477 948 540 1002 ad
577 952 836 1019 templum
881 951 988 1004 Deo
1039 951 1293 1017 reddidit,
1343 965 1396 1007 et
1441 955 1685 1008 studiose
1713 956 2044 1022 promissum

477 1041 734 1094 exsolvit.
770 1041 1094 1098 Sacerdotes
1143 1055 1346 1108 autem,
1396 1047 1637 1115 quandiu
1669 1047 1892 1116 parvula
1924 1048 2044 1110 fuit,

478 1133 543 1188 ad
575 1133 846 1190 Samuelis
895 1137 1306 1191 similitudinem
1342 1140 1394 1191 in
1423 1141 1630 1194 sanctis
1677 1141 1885 1196 a-dibus
1915 1145 2046 1194 edu-

479 1235 696 1284 carunt.
749 1226 843 1280 sed
899 1243 1022 1281 cum
1079 1229 1186 1297 jam
1242 1230 1601 1296 adolesceret,
1662 1231 2044 1295 consulebant,

479 1317 738 1386 quidnam
769 1331 991 1388 agerent
1031 1321 1098 1376 de
1137 1335 1295 1376 sacro
1333 1321 1426 1377 illo
1467 1336 1718 1392 corpore,
1771 1338 1838 1378 ne
1879 1321 2045 1377 Deum

481 1408 839 1466 oﬂ'enderent.
874 1412 1082 1468 Etenim
1117 1423 1324 1468 natura:
1353 1414 1454 1484 legi
1486 1415 1630 1469 illam
1666 1415 1961 1485 subjicere,
1993 1425 2050 1470 ut

481 1501 720 1571 cuipiam
758 1504 811 1557 in
863 1505 1212 1559 matrimonio
1256 1506 1520 1560 collocata
1553 1509 1805 1572 serviret,
1854 1509 2050 1562 absur-

482 1591 771 1648 dissimum
806 1593 1108 1649 videbatur.
1140 1593 1318 1650 lnstar
1353 1597 1497 1650 enim
1534 1597 1805 1668 sacrilegii
1833 1595 2048 1663 fuisset,

483 1685 530 1738 si
571 1686 948 1743 munerileeo
980 1689 1182 1742 sacrati
1209 1689 1465 1766 dominus
1491 1689 1652 1744 immo
1685 1689 1855 1745 fieret.
1892 1689 2048 1760 Legi-

483 1777 589 1832 bus
617 1779 760 1833 enim
785 1788 902 1834 erat
929 1783 1315 1848 constitutum,
1347 1791 1406 1836 ut
1433 1782 1659 1839 maritus
1680 1782 2056 1837 dominaretur
2087 1771 2131 1826 Β

487 1869 668 1923 uxori.
704 1869 775 1925 Ut
809 1880 988 1926 autem
1021 1874 1165 1928 intra
1201 1875 1458 1944 templum
1494 1890 1601 1928 una
1640 1889 1762 1928 cum
1796 1875 2054 1929 sacerdo-

488 1962 638 2016 tibus
669 1964 862 2018 mulier
896 1975 1226 2031 versaretur,
1279 1975 1333 2022 et
1380 1969 1436 2022 in
1466 1967 1675 2023 sanctis
1705 1969 2057 2038 conspicere-

487 2060 600 2117 tur,
643 2070 818 2126 neque
854 2057 1066 2128 legibus
1094 2061 1422 2130 permissum
1453 2069 1592 2126 erat,
1617 2077 1791 2132 neque
1817 2062 2057 2132 gravitas

488 2152 547 2214 et,
577 2145 838 2203 honestas
865 2148 918 2202 id
958 2149 1188 2205 ferebat.
1225 2151 1597 2208 Deliberantes
1639 2155 1804 2222 igitur
1834 2154 1888 2207 in
1917 2153 2058 2207 hanc

491 2239 815 2294 sententiam
847 2243 1110 2298 divinitus
1135 2256 1526 2310 convenerunt,
1558 2255 1618 2300 ut
1645 2262 1762 2302 eam
1799 2247 2058 2301 connubii

489 2325 712 2380 nomine
733 2327 968 2398 cuipiam
998 2330 1420 2400 desponderent,
1453 2335 1544 2404 qui
1579 2344 1754 2390 tamen
1787 2337 1851 2389 ad
1875 2344 2057 2390 custo-

491 2414 636 2469 diam
671 2416 997 2488 virginitatis
1034 2423 1155 2492 ejus
1201 2423 1468 2480 duntaxat
1501 2435 1648 2482 esset
1696 2428 1943 2484 idoneus.
1977 2426 2059 2482 Ad

491 2507 597 2562 hoc
632 2518 812 2564 autem
853 2527 1053 2569 munus
1085 2515 1402 2586 aptissimus
1436 2517 1691 2573 inventus
1716 2525 1799 2572 est
1830 2516 2057 2587 Joseph,

491 2613 559 2654 ex
593 2605 780 2658 eadem
827 2621 949 2660 cum
984 2604 1206 2677 Virgine
1240 2607 1383 2663 tribu
1428 2616 1480 2663 et
1535 2607 1760 2674 familia,
1810 2624 1914 2679 qua
1946 2618 2063 2664 erat

493 2692 670 2765 virgo.
724 2697 1083 2754 Sacerdotum
1133 2715 1262 2771 ergo
1307 2701 1541 2756 consilio
1576 2699 1773 2771 Joseph
1827 2702 2059 2770 puellam

495 2801 751 2858 sponsam
795 2790 1012 2861 accipit.
1045 2791 1177 2858 Quae
1221 2800 1401 2848 tamen
1442 2793 1755 2862 conjunctio
1788 2793 2062 2862 sponsalia

496 2893 605 2933 non
661 2889 746 2935 est
799 2896 1036 2952 egressa.
1089 2883 1243 2938 Tunc
1299 2884 1367 2938 ad
1403 2883 1678 2956 Virginem
1719 2886 1920 2939 missus
1977 2892 2063 2939 est

496 2969 735 3035 Gabriel,
767 2974 858 3043 qui
883 2974 931 3028 ei
960 2974 1156 3030 divina:
1188 2977 1484 3032 voluntatis
1514 2991 1775 3030 arcanum
1801 2977 2059 3046 aperiret.

496 3060 593 3122 llis
619 3073 799 3119 autem
833 3063 1180 3122 faustissimis
1207 3067 1387 3122 verbis
1410 3083 1543 3122 usus
1569 3078 1651 3122 est
1676 3085 1687 3120 :
1721 3069 1847 3129 Ave,
1887 3069 2064 3136 gratia

494 3154 671 3222 plena,
709 3155 961 3210 Dominus
997 3165 1164 3210 tecum
1188 3157 1251 3210 ³⁸.
1283 3157 1567 3212 Contraria
1610 3159 1723 3213 hinc
1754 3169 1839 3214 est
1885 3161 2065 3214 oratio
2091 3147 2134 3205 ο

500 3246 607 3301 illis
627 3247 876 3310 vocibus,
906 3263 1043 3318 quas
1070 3250 1242 3318 prima
1267 3250 1463 3305 mulier
1495 3249 1719 3304 audivit.
1746 3249 1900 3306 Tunc
1918 3253 2064 3306 enim

499 3336 590 3389 illa
630 3336 911 3392 doloribus
965 3348 1185 3407 propter
1247 3346 1528 3408 peccatum
1578 3339 1836 3395 damnata
1890 3351 1974 3398 est
1999 3344 2064 3395 ".

499 3427 655 3482 Nunc
686 3439 868 3484 autem
904 3431 957 3484 in
988 3432 1090 3486 hac
1137 3448 1232 3501 per
1265 3433 1521 3502 gaudium
1548 3432 1703 3487 dolor
1755 3437 2064 3504 expellitur.

500 3517 558 3574 In
583 3520 670 3573 illa
701 3522 960 3576 molestia:
987 3533 1200 3592 partum
1231 3536 1668 3594 praecesserunt;
1694 3526 1820 3580 huic
1852 3536 2067 3596 partum

500 3611 687 3664 laetitia
711 3612 1078 3682 praenuntiat:
1108 3611 1190 3666 Ne
1216 3614 1423 3680 timeas,
1446 3614 1649 3684 inquit.
1670 3615 1936 3681 Quoniam
1961 3632 2069 3671 om-

501 3701 666 3756 nibus
695 3701 1018 3758 mulieribus
1069 3703 1319 3758 timorem
1363 3703 1522 3760 atlert
1564 3716 1754 3776 partus
1786 3716 2070 3776 exspecta-

505 3794 600 3858 tio,
635 3793 814 3867 dulcis
848 3802 1038 3864 partus
1073 3796 1436 3864 promissione
1488 3797 1652 3851 timor
1682 3798 1960 3853 eximitur.
2001 3797 2069 3853 1η

502 3894 674 3950 uJero,
708 3885 904 3955 inquit,
941 3887 1220 3956 concipies,
1265 3897 1314 3942 et
1341 3890 1516 3956 paries
1551 3888 1743 3958 ﬁlium,
1783 3899 1831 3942 et
1863 3890 2069 3944 vocabis

503 3992 688 4031 nomen
717 3979 829 4046 ejus
859 3976 1063 4034 Iesum.
1097 3977 1383 4047 Ipse-enim
1409 3981 1612 4034 salvum
1641 3981 1800 4049 faciet
1822 3981 2071 4050 populum

499 4086 653 4124 suum
681 4087 713 4123 a
752 4072 981 4140 peccatis
1027 4088 1230 4126 eorum.
1273 4072 1414 4138 Quid
1453 4081 1634 4127 autem
1671 4071 1888 4126 Maria?
1928 4073 2071 4127 Audi

499 4161 750 4231 pudicam
784 4161 1024 4233 Virginis
1052 4178 1262 4218 vocem.
1303 4163 1543 4235 Angelus
1566 4173 1784 4236 partum
1817 4169 2068 4234 nuntiat;

500 4260 556 4306 at
588 4253 680 4307 illa
721 4253 1019 4324 virginitati
1048 4254 1296 4319 inhaeret,
1325 4266 1378 4310 et
1419 4257 1784 4327 integritatem
1815 4258 2072 4329 angelica:

499 4346 957 4401 demonstrationi
985 4347 1425 4416 anteponendam
1470 4347 1708 4417 judicat,
1746 4364 1846 4404 nec
1879 4350 2072 4420 angelo

415 4493 417 4496 i
499 4437 658 4494 iidem
680 4452 793 4492 non
815 4438 996 4502 habet,
1027 4451 1127 4494 nec
1157 4452 1188 4492 a
1211 4440 1491 4509 proposito
1515 4439 1720 4495 recedit
1753 4456 1872 4496 suo.
1904 4442 2072 4497 lnter—

499 4528 633 4594 dixi,
665 4529 863 4599 inquit,
897 4528 1028 4582 mihi
1059 4529 1456 4584 consuetudine
1476 4531 1601 4584 viri.
1627 4531 1900 4597 Quomodo
1925 4532 2066 4586 istud

417 4663 419 4666 ‹
499 4622 600 4675 erit
629 4620 776 4686 mihi,
809 4622 1059 4690 quoniam
1086 4621 1255 4675 virum
1281 4639 1385 4676 non
1408 4638 1659 4692 cognosco
1680 4626 1706 4679 ?
1732 4623 1858 4679 Haec
1888 4623 2068 4680 Maria?

416 4725 418 4734 '
497 4731 603 4771 vox
628 4714 892 4778 declarat,
932 4730 994 4770 ea
1043 4731 1166 4786 qua:
1199 4731 1265 4771 ex
1318 4717 1548 4772 historia
1591 4718 1784 4773 incerti
1828 4719 2070 4775 auctoris

419 4815 422 4820 '
499 4806 943 4868 commemoravi,
974 4820 1084 4860 non
1115 4820 1238 4861 esse
1279 4806 1495 4876 penitus
1537 4806 1796 4862 absurda.
1828 4808 1885 4862 Si
1921 4810 2067 4864 enim

2149 498 2226 567 τῷ
2253 497 2373 567 Θεῷ
2395 498 2454 550 τὸ
2484 495 2817 564 τικτόμενον.
2837 491 3218 560 Δυναμωοεῖσα
3241 488 3296 540 δέ
3324 485 3567 555 νεύματι
3586 483 3741 547 θείῳ,

2151 590 2286 662 πρὸς
2319 592 2419 659 τὴν
2445 588 2603 660 χάριν
2620 588 2685 658 ἢν
2716 587 2936 657 ᾔτησεν,
2967 583 3176 636 ἔλαϐεν.
3215 579 3438 647 Ἐπειδὴ
3459 577 3520 629 δὲ
3543 573 3741 643 ἐτέχθη

2148 683 2209 734 τὸ
2240 680 2468 742 παιδίον,
2511 678 2761 748 ὠνόμασε
2811 676 2910 747 μὲν
2936 675 3104 744 αὐτὴν
3145 671 3389 743 Μαρίαν,
3425 669 3504 730 ὡς
3547 666 3613 718 ἂν
3648 663 3743 714 καὶ

2149 772 2241 826 διὰ
2271 773 2369 842 τῆς
2413 769 2736 839 ἐπωνυμίας
2781 767 2844 820 τὸ
2875 766 3146 820 θεόσδοτον
3190 757 3598 831 διασημανθεξη

2153 864 2393 935 χάριτος.
2428 860 2806 932 Ἀδρυνθείσαν
2832 858 2889 911 δέ
2925 857 3026 927 ήδη
3053 856 3150 926 τὴν
3181 853 3373 923 κόρην,
3422 849 3501 911 ὡς
3540 849 3740 916 μηκέτι.

2151 957 2356 1010 δεῖσθαι
2381 953 2734 1026 προσανέχειν
2755 953 2820 1021 τῇ
2856 949 3012 1020 θηλῇ,
3043 943 3332 1000 ἀποδοῦναι
3359 940 3442 1010 τῷ
3465 938 3612 1007 Θεῷ,
3641 937 3741 988 καὶ

2153 1047 2436 1119 πληρῶσαι
2487 1045 2586 1114 τὴν
2631 1040 2996 1110 ἐπαγγελίαν,
3047 1037 3141 1090 καὶ
3179 1033 3476 1106 προσάγειν
3509 1028 3592 1098 τῷ
3622 1046 3739 1094 ναῳ

2154 1137 2511 1207 ἐσπουδάσθη.
2531 1136 2668 1199 Τοὺς
2693 1135 2748 1187 δέ
2779 1135 2962 1204 ἱερεῖς,
2988 1129 3125 1192 τέως
3158 1127 3251 1197 μὲν
3279 1124 3401 1178 καθ’
3435 1121 3735 1193 ὁμοιότητα

2152 1231 2246 1285 τοῦ
2285 1227 2536 1300 Σαμουὴλ
2583 1229 2640 1280 ἐν
2673 1228 2783 1287 τοῖς
2827 1221 3024 1291 Ἀγίοις
3054 1217 3375 1288 ἀνατρέφειν
3409 1215 3513 1283 τὴν
3547 1211 3738 1269 παῖδα,

2153 1323 2479 1393 αὐξηθείσης
2523 1319 2615 1382 δὲ,
2679 1315 2870 1388 βουλὴν
2925 1312 3077 1382 ἄγειν
3131 1311 3159 1363 ὅ
3195 1327 3247 1362 τι
3289 1307 3623 1377 ποιήσαντες
3677 1302 3738 1353 τὸ

2157 1414 2298 1486 ἱερὸν
2328 1415 2502 1466 ἐκεῖνο
2533 1410 2712 1480 σῶμα,
2737 1409 2835 1462 ούκ
2857 1407 2922 1460 ἂν
2951 1409 3032 1469 εἰς
3060 1403 3151 1457 τὸν
3177 1401 3306 1453 Θεὸν
3344 1395 3735 1466 ἐξαμάρτοιεν.

2156 1507 2228 1558 Τὸ
2285 1507 2382 1576 μὲν
2438 1503 2545 1574 γὰρ
2590 1500 2880 1566 ὑποζεῦξαι
2919 1497 2995 1566 τῷ
3043 1496 3189 1564 νόμῳ
3230 1492 3330 1561 τῆς
3361 1492 3604 1560 φύσεως,
3641 1488 3736 1538 καὶ

2157 1596 2559 1652 καταδουλῶσαι
2587 1593 2751 1666 αὐτὴν
2775 1592 2862 1645 διὰ
2897 1591 2990 1644 τοῦ
3013 1590 3189 1658 γάμου
3219 1585 3296 1657 τῷ
3319 1583 3601 1652 ἀγομένῳ,
3627 1580 3736 1630 τῶν

2159 1689 2521 1744 ἀτοπωτάτων
2581 1687 2891 1757 ἐτύγχανεν.
2952 1678 3244 1752 ἰεροσυλία
3300 1677 3410 1747 γάρ
3473 1674 3737 1740 ἄντικρυς

2155 1783 2432 1854 ἐνομίσθη,
2468 1781 2611 1834 θείου
2639 1777 2982 1848 ἀναθήματος
3012 1772 3291 1842 ἄνθρωπον
3324 1765 3588 1836 γενέσθαι
3617 1764 3734 1815 Κύ-

2157 1891 2271 1946 ριον
2294 1889 2310 1904 ο
2351 1870 2536 1942 ἐπειδὴ
2568 1869 2839 1940 κυριεύειν
2861 1867 2925 1918 ἐκ
2960 1865 3067 1918 τῶν
3093 1863 3269 1932 νόμων
3297 1862 3326 1912 ό
3355 1860 3502 1930 ἀνὴρ
3535 1855 3738 1923 ἐτάχθη

2155 1966 2255 2035 τῆς
2289 1962 2660 2034 συνοικούσης.
2685 1960 2756 2013 Τὸ
2776 1959 2832 2012 δὲ
2855 1960 2965 2020 τοῖς
3004 1954 3237 2027 ἱερεῦσιν
3267 1951 3422 2012 ἐντὸς
3458 1949 3572 2000 τῶν
3603 1950 3734 2000 ἀπο

2157 2063 2364 2132 κτόρων
2392 2060 2622 2128 γυναῖκα
2648 2051 3191 2123 συναναστρέφεσθαι,
3214 2046 3306 2098 καὶ
3327 2045 3385 2096 ἐν
3407 2045 3524 2104 τοῖς
3541 2041 3740 2107 ’Δγίοις

2157 2153 2405 2224 ὁρᾶσθαι,
2444 2149 2567 2204 οὔτε
2595 2148 2822 2218 νόμιμον
2848 2142 2938 2215 ἦν,
2972 2144 3064 2197 καὶ
3091 2141 3207 2211 ἅμα
3237 2138 3314 2208 τῷ
3343 2137 3640 2207 πράγματι
3685 2133 3740 2184 τὸ

2163 2246 2357 2317 σεμνὸν
2413 2244 2473 2296 οὐ
2514 2239 2744 2312 προσῆν.
2803 2234 3216 2304 Βουλευομένοις
3263 2230 3319 2282 δέ
3374 2228 3568 2288 αὐτοῖς
3614 2225 3739 2292 περὶ

2159 2316 2385 2401 τούτων,
2421 2333 2604 2388 θεόθεν
2644 2329 2850 2399 γίνεται
2883 2324 3177 2395 συμϐουλὴ,
3204 2321 3385 2373 δοῦναι
3419 2318 3523 2388 μέν
3572 2316 3738 2383 αὐτὴν

2161 2431 2316 2503 ἀνδρὶ
2344 2426 2632 2500 μνηστείας
2660 2422 2880 2492 ὀνόματι
2905 2436 2919 2449 ·
2965 2415 3152 2469 τοῦτον
3181 2415 3236 2467 δέ
3289 2409 3538 2503 τοιούτον
3579 2403 3734 2503 εἶναι,

2162 2497 2272 2574 οἷον
2300 2497 2444 2587 πρὸς
2475 2511 2719 2583 φυλακὴν
2747 2509 2850 2579 τῆς
2881 2503 3172 2577 παρθενίας
3199 2502 3368 2572 αὐτῆς
3412 2497 3737 2568 ἐπιτηδείως

2164 2610 2326 2680 ἔχειν.
2355 2605 2567 2677 Εὑρέθη
2586 2603 2764 2656 τοίνυν
2784 2603 2810 2654 ό
2844 2600 3059 2670 Ἰωσὴφ,
3079 2590 3188 2649 οἷον
3219 2593 3471 2663 ἐπεζήτει
3503 2594 3534 2644 ὁ
3561 2590 3734 2656 λόγος

2164 2704 2227 2756 ἐκ
2248 2701 2348 2770 τῆς
2377 2698 2546 2770 αὐτῆς
2577 2695 2744 2766 φυλῆς
2772 2711 2832 2746 τε
2857 2693 2950 2746 καὶ
2975 2689 3205 2760 πατριᾶς
3233 2689 3300 2756 τῇ
3333 2683 3622 2753 Παρθένῳ,
3652 2681 3737 2732 καὶ

2169 2792 2526 2866 μνηστεύεται
2579 2787 2721 2843 κατὰ
2769 2783 3074 2857 συμϐουλὴν
3095 2780 3201 2832 τῶν
3250 2776 3440 2848 ἱερέων
3466 2772 3622 2843 αὑτῷ
3648 2771 3736 2840 τὴν

2167 2863 2350 2942 παῖδα.
2404 2886 2470 2938 Ἦ
2521 2883 2580 2936 δέ
2626 2878 2890 2949 συνάφεια
2943 2875 3102 2945 μέχρι
3137 2871 3430 2943 μνηστείας
3464 2863 3560 2938 ἦν.
3606 2866 3734 2918 Τότε

2169 2979 2604 3049 μυσταγωγεῖται
2633 2970 2784 3042 παρὰ
2823 2967 2916 3022 τοῦ
2965 2964 3204 3036 Γαϐριὴλ
3233 2966 3266 3034 ἡ
3305 2959 3608 3031 Παρθένος.
3666 2957 3739 3008 Τὰ

2165 3073 2222 3126 δὲ
2250 3074 2466 3144 ῥήματα
2511 3069 2609 3139 τῆς
2672 3060 3078 3136 μυσταγωγίας,
3140 3056 3354 3125 εὐλογία
3402 3051 3492 3125 ἦν.
3545 3051 3738 3118 Χαῖρε,

2168 3165 2321 3234 φησὶ,
2350 3157 2806 3230 κεχαριτωμένη,
2836 3155 2868 3206 ὁ
2896 3152 3106 3219 Κύριος
3125 3150 3272 3219 μετὰ
3297 3146 3437 3201 σοῦ.
3477 3146 3739 3196 1:39:5-

2166 3257 2279 3310 τίον
2313 3259 2380 3326 τῇ
2410 3252 2599 3324 πρώτῃ
2636 3253 2785 3320 φωνῇ
2825 3253 2890 3320 τῇ
2938 3247 3070 3317 πρὸς
3098 3244 3348 3313 γυναῖκα,
3396 3238 3494 3291 νῦν
3529 3236 3739 3303 γίνεται

2169 3349 2303 3420 πρὸς
2326 3347 2422 3417 τὴν
2452 3343 2715 3414 παρθένον
2747 3345 2774 3395 ὁ
2794 3341 2970 3410 λόγος.
3033 3335 3240 3403 Ἐκείνη
3269 3331 3467 3392 λύπαις
3524 3329 3585 3380 ἐν
3624 3329 3742 3420 ταῖς

2167 3419 2318 3493 ὠδῖσι
2342 3435 2429 3490 διὰ
2460 3434 2556 3505 τὴν
2585 3433 2855 3504 ἁμαρτίαν
2883 3427 3245 3496 κατεδικάσθη
3266 3441 3278 3453 ’
3314 3422 3408 3477 ἐπὶ
3437 3421 3498 3473 δέ
3539 3419 3742 3483 ταύτης

2169 3529 2486 3585 ἐκϐάλλεται
2504 3525 2590 3578 διὰ
2611 3525 2710 3595 τῆς
2743 3524 2914 3595 χαρᾶς
2933 3525 2966 3592 ἡ
2989 3519 3133 3585 λύπη
3153 3533 3164 3545 ·
3191 3517 3275 3569 ἐπ’
3303 3513 3545 3582 ἐκείνης,
3580 3512 3638 3562 αἱ
3670 3511 3745 3560 λύ-

2170 3641 2267 3676 παι
2308 3621 2405 3692 τῆς
2427 3617 2614 3680 ὠδῖνος
2640 3616 3046 3688 προηγήσαντο·
3084 3605 3410 3698 ἐνταῦθα-δέ
3444 3603 3594 3698 χαρὰ

2169 3713 2333 3766 ὠδΐνα
2364 3689 2677 3782 μαιεύεται.
2717 3703 2812 3772 Μὴ
2847 3700 3054 3772 φοϐοῦ,
3105 3697 3286 3767 φησίν.
3329 3689 3553 3782 Ἐπειδῇ
3596 3689 3742 3755 πάσῃ

2169 3779 2390 3872 γυναικί
2420 3801 2582 3871 φόϐον
2625 3796 2854 3867 παρέχει
2884 3795 2917 3864 ἡ
2949 3791 3046 3860 τῆς
3072 3789 3256 3850 ὠδῖνος
3287 3779 3590 3854 προσδοκία
3610 3781 3744 3880 ’.ἐτι

2171 3896 2352 3951 ϐάλλει
2381 3894 2470 3948 τὸν
2502 3890 2664 3961 φόϐον
2696 3891 2730 3960 ἡ
2768 3887 2868 3956 τῆς
2909 3883 3163 3954 γλυκείας
3194 3879 3378 3972 ὠδῖνος
3416 3873 3740 3972 ἐπαγγελία.

2183 3990 2276 4042 Ἐν
2304 3984 2516 4058 γαστρὶ
2539 3982 2732 4052 λήψῃ,
2762 3979 2915 4050 φησί,
2951 3975 3048 4029 καί
3078 3972 3217 4040 τέξῃ
3247 3969 3400 4030 υἱὸν,
3431 3964 3538 4058 καὶ
3571 3964 3744 4058 καλέ-

2171 4053 2393 4147 σειςντὸ
2437 4053 2622 4144 ὄνομα
2671 4070 2855 4125 αὐτοῦ
2900 4063 3152 4133 Ἰησοῦν.
3181 4059 3371 4122 Αὐτὸς
3405 4054 3518 4156 γάρ

2171 4146 2284 4227 τὸν
2304 4168 2458 4225 λαὸν
2485 4163 2671 4220 αὐτοῦ
2703 4161 2818 4217 ἀπὸ
2845 4160 2962 4214 τῶν
2991 4153 3286 4227 ἁμαρτιῶν
3308 4147 3530 4204 αὐτῶν.
3560 4146 3629 4196 Τί
3663 4146 3745 4196 οὖν

2171 4265 2206 4334 ἡ
2265 4260 2774 4334 Μαρία;Ἀκουσον
2817 4251 3058 4320 καθαρᾶς
3115 4237 3382 4316 παρθένου
3442 4241 3664 4334 φωνήν.
3695 4238 3746 4286 Ὀ

2171 4333 2398 4425 άγγελος
2433 4351 2524 4406 τὸν
2573 4351 2728 4403 τόκον
2765 4343 3168 4413 εὐαγγελίζεται
3195 4355 3206 4366 ·
3237 4333 3463 4426 κάκείνη
3493 4333 3564 4400 τῇ
3591 4344 3746 4426 ,παρ-

2174 4417 2324 4517 θενίᾳ
2393 4440 2775 4514 προσφύεται,
2829 4429 3223 4506 προτιμοτέραν
3441 4417 3745 4524 ἀγγελικξς

2173 4515 2470 4611 ἐμφανείας
2489 4535 2587 4604 τὴν
2609 4528 2910 4600 ἀφθαρσίαν
2932 4524 3203 4596 κρίνουσα,
3219 4519 3310 4611 καὶ
3327 4515 3454 4611 οὕτε
3588 4515 3747 4579 ἀγγε-

2165 4603 2242 4702 λίρ
2260 4603 2516 4682 άπιστεῖν
2548 4603 2700 4694 ἔχει,
2726 4618 2848 4674 οὔτε
2911 4615 3017 4669 τῶν
3063 4609 3400 4682 κεκριμένων
3440 4603 3744 4672 ἐξέρχεται.

2181 4693 2499 4791 ’Ᾰπείρηταί
2554 4732 2664 4787 μοι,
2717 4710 2901 4782 φησὶν,
2931 4705 3121 4775 ἀνδρὸς
3155 4698 3377 4791 ὁμιλίσί
3407 4693 3554 4791 Πῶς
3585 4693 3748 4791 ἔσται

2163 4831 2265 4884 μοι
2297 4784 2490 4873 τοῦτο,
2521 4784 2650 4861 erret
2673 4802 2861 4870 ἄνδρα
2881 4800 2951 4853 οὐ
2980 4793 3246 4865 γινώσκω
3264 4805 3282 4852 ;
3309 4786 3455 4884 nimi
3486 4787 3595 4884 τῆς
3639 4784 3748 4835 Μι-

420 4913 423 4916 ·
500 4897 794 4951 liberornm
832 4912 998 4952 causa
1031 4897 1195 4952 ducta
1247 4897 1439 4954 fuisset
1467 4897 1747 4970 aJoseph,
1797 4901 2057 4972 quomodt

2165 4878 2295 4979 ρίας
2319 4905 2354 4974 ἡ
2377 4899 2549 4971 φωνὴ,
2570 4893 2842 4958 ἀπόδειξις
2989 4886 3130 4984 κατὰ
3157 4884 3216 4936 τὸ
3241 4879 3471 4984 κρύφιον
3508 4878 3750 4984 ἱστορεῖ

499 4989 801 5060 parituram
835 4990 1028 5059 angelo
1075 4989 1487 5058 pramuntianti,
1537 5006 1596 5046 se
1633 5006 1749 5046 rem
1798 5006 1992 5046 novam
2022 5007 2050 5046 ρ

2173 4962 2354 5067 μένων
2389 4962 2569 5044 ἐστίν.
2633 4987 2696 5038 Εἰ
2745 4983 2854 5053 γὰρ
2884 4979 2974 5032 ἐπὶ
3002 4977 3170 5074 Δγάμῳ
3209 4968 3558 5074 παρείληπτο
3606 4962 3748 5070 παρά

500 5083 734 5136 alienam
770 5081 962 5136 audire
1007 5096 1119 5151 prae
1150 5097 1210 5136 se
1251 5082 1494 5145 tulisset,
1545 5097 1668 5138 cum
1703 5083 1821 5154 ipsa
1857 5098 2057 5154 quoqm

2171 5061 2266 5140 τοῦ
2309 5081 2525 5152 Ἰωσὴφ,
2581 5078 2698 5140 πῶς
2747 5074 2814 5128 ἂν
2875 5066 3118 5135 ἐξενίσθη
3171 5062 3249 5133 τῷ
3277 5061 3367 5114 τὸν
3416 5061 3582 5111 τόκον
3619 5061 3745 5121 αὐτῇ

499 5187 622 5228 sese
656 5149 1048 5228 obstrinxisset
1077 5180 1289 5228 natura:
1315 5174 1454 5246 lege,
1483 5183 1544 5230 ut
1575 5177 1874 5246 aliquando
1902 5185 2057 5232 mater

2175 5149 2564 5248 προμηνύοντι,
2590 5169 2807 5228 πάντως
2837 5162 2968 5259 ποτέ
2997 5159 3090 5230 καὶ
3111 5155 3245 5258 αὐτὴ
3283 5154 3467 5259 μήτηρ
3497 5149 3745 5259 γενέσθαι

498 5262 693 5316 esset?
731 5260 929 5317 Verum
961 5264 1089 5333 quia
1124 5279 1346 5330 carnem
1379 5263 1490 5321 Deo
1515 5278 1921 5332 consecratam,
1955 5275 2057 5321 tant

2174 5240 2581 5338 προσδεχομένη
2609 5257 2748 5312 κατὰ
2784 5255 2875 5308 τὸν
2904 5250 3066 5321 νόμον
3091 5246 3190 5318 τῆς
3234 5243 3447 5346 φύσεως
3473 5240 3742 5346 ἱἘπειξὴ

500 5367 665 5422 quam
702 5363 955 5408 sanctum
978 5330 1230 5426 aliquod
1249 5356 1493 5412 oblatum
1539 5373 1742 5413 munus
1787 5330 2049 5429 oporteba

2181 5330 2236 5411 δέ
2262 5355 2360 5428 τὴν
2377 5330 2770 5424 άφιερωθεῖσαν
2794 5345 2873 5416 τῷ
2900 5341 3018 5412 Θεῷ
3036 5341 3232 5410 σάρκα,
3247 5330 3354 5390 οἷόν
3373 5351 3427 5386 τι
3451 5332 3566 5438 tibi;

500 5445 764 5500 intactam
805 5423 1184 5518 integramque
1225 5458 1505 5524 praestare,
1534 5450 1760 5522 idcirco,
1805 5451 1953 5513 licet,
1987 5451 2057 5505 in-

2181 5423 2544 5518 ἀναθημάτων
2576 5442 2850 5507 ἀνέπαφον
2896 5433 3000 5487 ἔδει
3053 5426 3433 5536 φυλάττεσθαι,
3458 5423 3552 5476 διὰ

414 5595 415 5598 η
501 5537 640 5606 quit,
673 5538 897 5606 angelus
929 5538 1028 5604 sis,
1063 5539 1188 5594 licet
1225 5556 1255 5594 e
1287 5521 1657 5610 cmlo‘venias,
1691 5541 1817 5598 licet
1849 5541 1901 5598 id
1929 5541 2057 5612 quot

2186 5514 2460 5613 (pr,on
2495 5534 2722 5605 ἄγγελος
2745 5528 2833 5605 ᾗς,
2867 5527 2967 5583 κᾶν
2994 5522 3281 5597 οὐρανόθεν
3317 5520 3479 5590 ἥκῃς,
3502 5517 3599 5570 καὶ
3618 5514 3738 5581 ὑπὲρ

579 5719 621 5750 ⁸⁵
649 5717 780 5773 Luc.
809 5719 878 5774 “26
902 5736 1022 5791 sqq.
1084 5722 1126 5753 ³⁶
1166 5719 1300 5777 Gen.
1339 5737 1419 5789 Ill,
1460 5718 1545 5775 l6.
