3822 6412
20 241 177 296 1H1

1183 250 1249 304 IN
1286 251 1450 306 DIEM
1490 251 1818 307 NATALEM
1853 252 2147 309 CHRISTI.

3172 256 3306 310 “6:!

22 366 337 437 ἄνθρωπον
385 368 444 421 τὸ
489 369 808 441 φαινόμενον
984 372 1119 426 ἀλλά
1173 372 1233 426 τὸ
1286 373 1487 442 γνῶναί
1557 392 1623 444 με

1742 374 2061 439 )stenditnr,
2096 384 2342 427 naturam
2384 383 2603 444 superet
2633 373 2953 438 humanam,
3002 380 3183 428 tamen
3222 392 3306 429 me

21 458 240 529 ἄνδρα,
289 460 398 513 τῶν
453 461 750 532 ἀμηχάνων
809 464 944 517 ἐστί.
1018 464 1143 528 Πῶς
1148 466 1389 541 ’,ἔσομαι
1443 468 1627 537 μήτηρ

24 550 219 619 χωρὶς
257 551 485 621 ἀνδρός;
538 552 640 606 Τὸν
673 552 779 623 γὰρ
813 553 1007 624 Ἰωσὴφ
1049 555 1332 625 μνηστῆρα
1370 554 1468 625 μὲν
1490 551 1625 617 οἶδα,

24 640 218 710 ἄνδρα
249 641 308 694 δὲ
335 643 393 694 οὐ
419 642 767 710 γινώσκω.Τί
794 640 885 696 οὖν
908 645 936 696 6
976 643 1340 712 νυμφοστὸλος
1366 644 1625 714 Γαϐριὴλ;

27 732 182 784 υῖαν
213 733 465 788 παστάδα
520 734 597 804 τῷ
629 735 854 807 καθαρῷ
884 730 999 789 καὶλ
1025 736 1272 806 ἀμιάντῳ
1332 737 1628 806 παρίστησι

26 822 214 894 γάμῳ
240 841 256 890 ;
286 824 527 894 Πνεῦμα
556 826 745 895 ἅγιον,
781 826 964 897 φησὶν,
987 827 1376 881 ἐπελεύσεται
1412 829 1507 881 ἐπὶ
1532 828 1626 889 σὲ,

28 915 141 967 καὶ
182 915 438 986 δύναμις
478 919 760 986 Ὑψίστου
788 919 1128 972 ἐπισκιάσει
1168 936 1288 974 σοι.
1340 922 1403 972 Ὢ
1451 940 1627 992 μακα-

30 1002 172 1073 ρίας
200 1006 440 1075 γαστρὸς
469 1007 704 1079 ἐκείνης,
733 1010 767 1078 ἢ
796 1008 864 1061 δι’
914 1009 1213 1081 ὑπερϐολὴν
1263 1012 1629 1083 καθαρότητος

29 1092 107 1145 τὰ
152 1095 259 1166 τῆς
283 1096 459 1167 ψυχῆς
486 1097 666 1165 ἀγαθά
698 1100 834 1170 πρὸς
860 1101 1057 1172 ἑαυτὴν
1091 1102 1463 1160 ἐπεσπάσατο.
1509 1106 1631 1159 Ἐπὶ

34 1183 147 1251 μὲν
176 1184 292 1255 γὰρ
323 1186 431 1240 τῶν
460 1186 632 1242 ἄλλων
658 1190 933 1257 ἁπάντων,
966 1192 1116 1261 μόλις
1151 1194 1215 1246 ἂν
1241 1193 1387 1265 ψυχὴ
1417 1195 1631 1266 καθαρὰ

32 1274 377 1343 Πνεῦματος
427 1277 583 1346 ἁγίου
623 1282 926 1352 παρουσίαν
975 1282 1184 1349 δέξαιτο
1210 1302 1222 1315 ·
1280 1285 1512 1338 ἐνταῦθα
1552 1286 1628 1350 δὲ,

30 1363 260 1433 δοκεῖον
314 1367 408 1420 τοῦ
455 1368 830 1441 Πνεῦματοςὴ
873 1372 1009 1442 σάρξ
1048 1374 1276 1442 γίνεται.
1328 1375 1488 1428 Ἀλλά
1524 1376 1629 1429 Καὶ

32 1454 313 1527 δύναμις
350 1458 632 1527 Ὑψίστου
657 1462 997 1517 ἐπισκιάσει
1024 1480 1143 1518 σοι.
1168 1466 1233 1517 Τί
1259 1466 1416 1520 τοῦτο
1434 1484 1497 1537 ση
1509 1467 1631 1537 μαί-

34 1565 124 1600 νει
157 1548 231 1601 δι’
258 1550 588 1622 ἀπορρήτων
616 1554 644 1605 6
675 1553 858 1622 λόγος
894 1555 1015 1607 Ὅτι
1052 1556 1285 1626 Χριστὸς
1310 1558 1444 1611 Θεοῦ
1475 1559 1631 1611 δῦνα-

40 1658 141 1711 μις
174 1642 272 1695 καὶ
305 1642 438 1696 Θεοῦ
474 1645 655 1713 σοφία,
683 1647 757 1709 ῶς
788 1664 950 1717 φησιν
978 1651 1006 1701 6
1028 1650 1365 1715 Ἀπόστολος.
1396 1652 1501 1706 Τοῦ
1539 1650 1630 1705 οὖν

1730 467 1907 519 virum
1958 480 2287 535 cognoscere
2329 463 2483 519 nefas
2522 472 2627 519 est.
2678 463 2966 531 Quomodo
2994 466 3139 537 sine
3184 466 3305 518 viro

1732 564 1905 609 mater
1932 556 2071 610 ero?
2100 554 2301 623 Joseph
2332 554 2480 607 enim
2515 569 2776 623 sponsum
2823 555 2969 619 novi,
2999 555 3090 609 Sed
3128 555 3303 608 virum

1730 660 1841 698 non
1864 660 2157 714 cognosco.
2196 644 2334 709 Quid
2365 642 2431 695 ad
2465 644 2579 698 haec
2609 659 2813 713 auspex
2852 644 3107 697 Gabriel?
3132 644 3301 708 Quem

1731 738 2029 789 thalamum
2091 737 2283 790 statuit
2339 752 2477 805 puro
2536 737 2935 806 itnpollutoque
2982 736 3305 789 connubio?

1734 828 1963 895 Spiritus
2003 838 2237 888 sanctus,
2271 827 2468 896 inquit,
2508 828 2827 895 superveniet
2865 829 2919 879 in
2957 836 3022 889 te,
3060 837 3108 880 et
3142 829 3303 879 virtus

1732 920 1996 973 Altissimi
2027 918 2359 971 obumbrabit
2391 918 2503 971 tibi.
2538 918 2582 973 Ο
2620 920 2835 972 beatum
2874 929 3083 972 uterum
3129 920 3301 980 illum,

1732 1013 1823 1083 qui
1862 1012 2124 1066 bonitatis
2174 1028 2236 1065 ac
2281 1012 2540 1081 puritatis
2588 1013 2906 1082 pra-stantia
2953 1013 3017 1065 ad
3055 1028 3113 1066 se
3142 1014 3305 1065 traxit

1733 1106 1898 1159 animi
1928 1106 2068 1160 bona
2096 1107 2107 1157 !
2144 1105 2199 1159 ln
2241 1105 2467 1173 reliquis
2509 1105 2657 1159 enim
2683 1106 2941 1160 omnibus
2970 1106 3059 1159 vix
3087 1106 3306 1158 animus

1733 1214 1903 1268 purus
1938 1197 2177 1266 Spiritus
2209 1197 2381 1251 sancti
2418 1199 2763 1265 praesentiam
2794 1198 2939 1266 capit
2967 1217 2977 1250 :
3009 1197 3095 1251 hic
3124 1207 3305 1252 autem

1732 1307 1864 1345 caro
1896 1290 1949 1343 ﬁt
1981 1290 2210 1358 Spiritus
2252 1290 2679 1358 receptaculum.
2716 1288 2897 1343 Sedet
2939 1289 3101 1341 virtus
3142 1290 3305 1340 Altis-

1732 1387 1852 1440 sinti
1897 1384 2226 1440 obumbrabit
2278 1385 2392 1437 tibi.
2431 1384 2571 1449 Quid
2616 1384 2892 1454 significat
2936 1399 3169 1439 arcanus
3218 1384 3306 1435 hic

1733 1478 1959 1533 sermo?
1991 1476 2245 1531 Christus
2280 1474 2372 1528 Dei
2406 1474 2580 1529 virtus
2617 1484 2702 1529 est
2732 1482 2784 1529 et
2816 1476 3105 1545 sapientia.
3141 1484 3199 1527 ut
3230 1475 3306 1527 ait

1732 1570 2029 1639 Apostolus
2054 1568 2120 1621 ³⁷.
2152 1566 2341 1621 Virtus
2384 1568 2549 1636 igitur
2576 1567 2864 1630 Altissimi,
2902 1584 3023 1637 quze
3050 1567 3306 1621 Christus

1732 1667 1835 1722 est,
1869 1675 1963 1729 per
1993 1659 2285 1713 adventum
2320 1659 2561 1731 Spiritus
2592 1661 2765 1715 sancti
2807 1660 3075 1714 formatur
3108 1660 3158 1713 iu
3192 1662 3305 1716 vir—

37 1734 283 1803 ῦψίστου
327 1735 461 1789 Θεοῦ
505 1738 537 1807 ἡ
571 1738 817 1809 δύναμις,
847 1742 968 1810 ἥτις
1004 1742 1153 1795 ἐστὶν
1180 1744 1208 1794 6
1251 1744 1504 1814 Χριστὸς,
1547 1745 1633 1799 διὰ

1742 1751 1880 1820 ginc.
1914 1749 2384 1815 Quemadmodum
2433 1751 2578 1804 enim
2634 1750 2824 1803 umbra
2877 1751 2942 1803 ad
2994 1752 3305 1820 prteceden-

35 1826 148 1895 τῆς
186 1829 525 1895 ἐπελεύσεως
560 1832 654 1886 τοῦ
696 1834 850 1901 ἁγίου
888 1836 1200 1906 Πνεύματος
1254 1840 1631 1909 ἐμμορφοῦται

38 1920 108 1988 τῇ
146 1919 437 1992 παρθενίᾳ.
464 1922 731 1994 Καθάπερ
759 1925 865 1997 γὰρ
899 1926 1061 1997 ἡτῶν
1101 1928 1366 1999 σωμάτων
1398 1930 1523 1983 σκιά
1555 1930 1632 2001 τῷ

38 2009 211 2081 τύπῳ
250 2011 360 2065 τῶν
401 2017 825 2086 προηγουμένων
857 2020 1343 2095 συσχηματίζεται,
1388 2021 1561 2085 οὕτως
1603 2024 1631 2074 6

42 2103 346 2175 χαρακτὴρ
372 2106 466 2158 καὶ
496 2106 565 2159 τὰ
605 2108 959 2179 γνωρίσματα
986 2112 1083 2182 τῆς
1106 2112 1199 2165 τοῦ
1229 2112 1358 2166 Υίοῦ
1381 2113 1633 2181 θεότητος

43 2197 106 2248 ἐν
145 2198 213 2267 τῇ
254 2195 483 2268 δυνάμει
512 2197 605 2251 τοῦ
640 2202 955 2272 τικτομὲνου
1000 2204 1425 2277 διαφανὴσεται,
1471 2204 1632 2258 εἰκὼν

44 2292 147 2345 καὶ
192 2294 430 2364 σφραγὶς
486 2295 578 2348 καὶ
620 2296 973 2371 ἀποσκίασμα
1022 2302 1115 2355 καὶ
1154 2302 1495 2373 ἀπαύγασμα
1541 2301 1632 2354 τοῦ

43 2386 104 2439 δε
113 2387 234 2441 ικνύ
243 2406 425 2458 μενος.

137 2480 283 2533 Ἀλλ’
308 2484 399 2536 ἐπὶ
427 2486 525 2555 τὴν
548 2485 792 2558 Βηθλεὲμ
832 2490 978 2559 ἡμᾶς
1011 2490 1340 2561 ἀναδραμεῖν
1376 2490 1455 2563 τῷ
1494 2491 1634 2560 λόγῳ

48 2575 425 2646 προτρέπεται
470 2578 529 2632 τὸ
568 2581 856 2649 ἀγγελικὺν
887 2583 1220 2651 εὐαγγέλιον,
1261 2584 1355 2639 καὶ
1398 2586 1633 2639 κατιδεῖν

50 2664 125 2717 τά
148 2666 635 2751 ﬁghting-11M!qu
664 2675 956 2749 μυστήρια.
993 2674 1056 2726 Τί
1084 2674 1275 2741 τοῦτο;
1320 2675 1532 2729 Παιδίον
1577 2679 1633 2729 ἐν

55 2763 399 2832 σπαργάνοις
435 2764 831 2838 διειλημμένον,
857 2768 950 2821 καὶ
997 2769 1089 2839 ἐπὶ
1117 2768 1324 2839 φάτνης
1365 2770 1636 2826 ἀναπαυό-

54 2839 377 2919 μενοντκαὶ
399 2855 431 2924 ἡ
457 2856 595 2925 μετὰ
623 2857 780 2911 τόκον
803 2838 1176 2931 παρθένοςῖὴ.
1188 2860 1422 2943 ἄφθορος
1454 2862 1635 2933 μήτηρ

52 2945 314 3013 περιέπει
351 2946 412 2999 τὸ
459 2947 698 3017 ἔκγονον.
746 2950 1022 3021 Είπωμεν,
1071 2953 1120 3005 οἱ
1155 2953 1411 3023 ποιμένες
1450 2954 1629 3024 ἡμεῖς,

51 3035 156 3105 τὴν
185 3036 283 3089 τοῦ
313 3038 595 3109 Προφὴτου
626 3040 829 3112 φωνὴν,
853 3042 934 3095 ὅτι
961 3042 1237 3111 Καθάπερ
1261 3044 1630 3113 ἠκούσαμεν,

51 3128 214 3181 οὕτω
244 3129 341 3184 καί
368 3130 605 3201 εἴδομεν
631 3133 701 3186 ἐν
729 3136 902 3187 πόλει
934 3135 1040 3188 τοῦ
1078 3138 1298 3203 Κυρίου
1316 3136 1437 3190 τῶν
1455 3136 1638 3191 δυνά-

48 3236 238 3287 μεων,
276 3221 345 3274 ἐν
372 3222 541 3276 πόλει
566 3223 671 3277 τοῦ
715 3223 863 3278 Θεοῦ
889 3224 1075 3294 ἡμῶν.
1106 3226 1218 3279 Οὐκ
1248 3223 1357 3297 ἆρα
1396 3244 1639 3296 συντυχί-

56 3313 179 3377 κῶς
201 3314 374 3367 ταῦτα
402 3314 543 3367 κατά
577 3315 637 3369 τὸ
667 3316 881 3386 συμὸἀν
911 3317 1002 3370 καὶ
1022 3316 1265 3385 γέγονεν,
1298 3318 1392 3371 καὶ
1431 3319 1521 3370 ἐπὶ
1546 3317 1637 3370 τοῦ

54 3405 305 3476 Χριστοῦ
366 3406 677 3478 ἱστόρηται,
724 3408 816 3461 καὶ
870 3408 1043 3472 οὐδεὶς
1092 3408 1278 3463 ἔπεστι
1328 3411 1394 3480 τῇ
1433 3411 1640 3482 ἱστορίᾳ.

54 3498 253 3568 λόγος;
278 3499 342 3551 Τί
379 3499 626 3569 βούλεται
660 3500 738 3571 τῷ
771 3501 1016 3575 Δεσπότῃ
1056 3504 1087 3573 ἡ
1121 3506 1178 3555 ἐν
1208 3501 1455 3572 σπηλαίῳ
1475 3519 1642 3555 κατα-

53 3591 242 3661 γωγὴ,
278 3593 311 3661 ἡ
338 3593 442 3665 ἐπὶ
471 3595 677 3665 φάτνης
707 3594 1021 3659 ἀνάκλισις;
1060 3595 1121 3648 τὸ
1147 3596 1202 3647 ἐν
1231 3595 1310 3666 τῷ
1342 3594 1517 3666 καιρῷ
1541 3594 1640 3663 τῆς

54 3684 173 3736 τῶν
217 3685 412 3755 ’φόρων
462 3687 789 3757 ἀπογραφῆς
847 3687 1245 3758 καταμιχθῆναι
1287 3687 1363 3757 τῷ
1415 3687 1544 3758 ﬂio);
1572 3689 1641 3740 Ἢ

56 3775 226 3844 δῆλόν
260 3777 431 3841 ἐστιν,
455 3778 536 3844 ὅτι
570 3777 756 3849 ὥσπερ
796 3780 893 3849 τῆς
921 3781 1149 3850 νομικῆς
1180 3783 1326 3851 ἡμᾶς
1346 3781 1641 3852 ἐξαιρεῖται

58 3868 334 3938 κατάρας,
383 3868 544 3931 αὐτὸς
573 3870 712 3939 ὑπὲρ
741 3870 896 3939 ἡμῶν
930 3871 1143 3941 κατάρα
1191 3872 1498 3943 γενόμενος,
1549 3873 1642 3926 καὶ

56 3960 193 4022 τοὺς
245 3959 549 4031 ἡμετέρους
600 3960 873 4030 μώλωπας
901 3964 981 4024 είς
1023 3963 1213 4015 ἑαυτὸν
1269 3963 1639 4033 μετατίθησιν,

59 4053 155 4104 ἵνα
202 4051 281 4123 τῷ
324 4050 552 4122 μώλωπι
579 4053 739 4106 αὐτοῦ
769 4055 926 4124 ἡμεῖς
960 4054 1226 4123 ίαθῶμεν’
1252 4056 1392 4108 οὕτω
1442 4057 1537 4109 καὶ
1587 4060 1642 4109 ἐν

60 4144 223 4214 φὸρῳ
254 4144 481 4212 γίνεται,
521 4146 585 4198 ἵν’
611 4147 755 4216 ἡμᾶς
778 4146 887 4199 τῶν
917 4146 1168 4217 πονηρῶν
1192 4147 1404 4218 δεσμῶν
1434 4148 1643 4202 ἐλευθε-

61 4235 246 4309 ρώσῃ,
280 4232 361 4299 οἷς
390 4237 644 4289 ὑπέκειτο
684 4237 746 4290 τὸ
776 4238 1135 4309 ἀνθρώπινον,
1163 4239 1270 4291 ὑπὸ
1292 4239 1384 4292 τοῦ
1411 4240 1640 4294 θανάτου

61 4327 565 4399 φορολογούμενον;
598 4329 669 4381 Τὸ
702 4328 760 4380 δὲ
791 4329 1050 4400 σπήλαιον
1084 4328 1208 4382 ίδὼν
1239 4332 1298 4383 ἐν
1326 4327 1371 4399 ᾧ
1404 4331 1642 4385 τίκτεται

1734 1839 1870 1891 tium
1924 1852 2215 1906 corporum
2259 1838 2486 1908 ﬁguram
2541 1837 2832 1909 effingitur,
2895 1841 2977 1894 sic
3028 1840 3200 1894 forma
3254 1848 3311 1893 et

1736 1929 2001 1985 indicium
2031 1929 2338 1984 divinitatis
2379 1928 2472 1983 Dei
2504 1929 2558 1983 in
2599 1929 2796 1984 virtute
2824 1930 2999 2000 ipsius
3032 1931 3126 2000 qui
3158 1931 3306 2001 pari-

1738 2031 1845 2088 tur,
1881 2023 2223 2089 ostendetur,
2256 2030 2309 2077 et
2345 2021 2547 2090 imago,
2581 2028 2635 2076 et
2661 2022 2903 2092 signum,
2931 2032 2986 2076 et
3012 2022 3307 2076 adumbra-

1735 2116 1836 2177 tio,
1870 2125 1923 2169 ct
1952 2114 2213 2184 splendor
2231 2115 2564 2185 exemplaris
2593 2129 2689 2183 per
2717 2113 3092 2170 admirabilem
3122 2130 3307 2170 rerum

1738 2206 2082 2261 affectionem
2115 2206 2603 2261 demonstrabitur.

1672 2302 2047 2375 πρωτοτύπου,
2091 2302 2176 2355 διὰ
2241 2305 2338 2373 τῆς
2380 2301 2487 2355 τῶν
2552 2300 2835 2373 ἐνεργειῶν
2889 2298 3311 2369 θαυματοποιῖας

1818 2485 2020 2540 Verum
2064 2484 2313 2537 hortatur
2358 2495 2458 2534 nos
2484 2478 2856 2547 Evangelium,
2887 2486 2945 2530 ut
2966 2477 3017 2529 in
3041 2474 3311 2529 Bethleem

1744 2577 1992 2632 oratione
2021 2580 2383 2631 revertamur,
2415 2576 2469 2622 et
2498 2583 2620 2638 qua:
2657 2569 2709 2620 in
2738 2576 2896 2620 antro
2918 2567 3027 2621 sint
3058 2565 3310 2635 mysteria
3392 2590 3475 2640 ν

1743 2667 2047 2723 videamus.
2078 2662 2349 2728 Quidnam
2372 2668 2453 2715 est
2481 2658 2625 2713 hoc?
2654 2656 2796 2711 Puer
2825 2658 3017 2727 pannis
3038 2656 3370 2793 involutusl

1744 2768 1795 2793 ορ
1829 2758 2043 2793 mmini:
2072 2756 2124 2793 in
2158 2750 2404 2793 nrmcpni_
2438 2758 2491 2793 et
2515 2749 2680 2793 Virgo
2709 2756 2829 2793 nnst
2862 2756 3096 2793 narlnm-
3134 2747 3314 2793 incon-

1744 2768 1798 2815 et
1829 2758 2043 2829 positus
2072 2756 2125 2807 in
2158 2750 2407 2823 prmsepi.
2438 2758 2491 2804 et
2515 2749 2680 2819 Virgo
2709 2756 2829 2817 post
2862 2756 3097 2817 partum,
3134 2747 3314 2801 incor~

1746 2860 1905 2921 rupta
1933 2858 2108 2903 mater
2148 2845 2530 2914 complectitur
2571 2843 2760 2895 lilium.
2793 2840 3119 2895 Emittamus
3163 2839 3309 2892 illam

1743 2943 2030 3014 Propheta:
2076 2954 2264 2994 vocem
2296 2956 2308 2991 :
2344 2936 2493 2991 Sicut
2530 2935 2849 2995 audivimus,
2886 2934 2961 2986 sic
3002 2932 3226 2985 vidimus
3256 2933 3311 2983 in

1741 3038 1951 3090 civitate
1990 3032 2202 3087 Domini
2246 3031 2521 3091 virtutum,
2562 3029 2614 3079 in
2653 3027 2865 3079 civitate
2911 3024 3004 3078 Dei
3051 3024 3219 3077 nostri
3246 3023 3308 3075 ³⁵.

1741 3126 1878 3180 Num
1930 3125 2064 3185 hsce,
2122 3138 2242 3192 qua:
2271 3121 2580 3175 audivimus
2626 3119 2693 3172 de
2731 3116 2973 3177 Christo,
3003 3114 3223 3168 fortuna
3261 3126 3314 3167 et

1741 3233 1871 3273 casu
1902 3217 2269 3276 contigerunt,
2300 3221 2355 3267 et
2382 3211 2585 3281 scripta
2621 3220 2771 3274 sunt,
2814 3224 2882 3262 an
2912 3208 3155 3262 historiae
3184 3206 3314 3261 sub-

1740 3318 1823 3364 est
1853 3309 2033 3377 aliqua
2076 3306 2256 3359 ratio?
2285 3302 2428 3369 Quid
2460 3302 2562 3357 sibi
2596 3301 2712 3353 vult
2742 3300 2855 3353 haec
2889 3297 3103 3351 Domini
3136 3296 3189 3350 in
3217 3312 3307 3349 an-

1742 3410 1826 3455 tro
1857 3399 2035 3461 sedes,
2091 3397 2204 3450 haec
2240 3395 2290 3449 in
2324 3392 2547 3464 priesepi
2581 3390 2900 3446 reclinatio?
2928 3388 3038 3443 Cur
3073 3395 3313 3456 tempore

1742 3492 2133 3561 descriptionis
2169 3490 2497 3543 tributorum
2546 3486 2601 3539 in
2644 3484 2809 3537 vitam
2860 3481 3201 3551 ingreditur?
3232 3481 3312 3532 An

1744 3585 2096 3657 perspicuum
2150 3590 2257 3644 est,
2306 3595 2428 3635 eum
2460 3575 2919 3648 quemadmodum
2965 3588 2993 3626 a
3042 3573 3177 3642 legis
3218 3586 3317 3626 ex-

1745 3676 2052 3731 secratione
2091 3689 2190 3727 nos
2222 3673 2404 3742 eripit.
2461 3672 2641 3724 factus
2676 3669 2793 3738 ipse
2837 3683 2935 3737 pro
2968 3667 3124 3720 nobis
3152 3681 3313 3719 exse-

1746 3769 1916 3822 cratio
1941 3767 2006 3830 ³³,
2042 3774 2095 3820 et
2126 3766 2326 3820 livores
2361 3774 2576 3817 nostros
2610 3761 2662 3813 in
2700 3775 2762 3814 se
2794 3757 3074 3819 transfert,
3104 3765 3163 3810 ut
3196 3757 3315 3824 ejus

1745 3861 1917 3914 livore
1974 3872 2075 3913 nos
2126 3871 2386 3911 curentur
2409 3855 2477 3917 ⁸ο,
2526 3854 2607 3909 sic
2634 3854 2795 3907 etiam
2825 3852 3140 3920 vectigalem
3174 3850 3313 3910 ﬁeri,

1746 3960 1807 4004 ut
1853 3964 1955 4003 nos
2009 3964 2039 4001 a
2087 3947 2412 4018 gravissimo
2452 3944 2728 4012 vectigali,
2778 3942 2920 4012 quod
2976 3942 3044 3994 ab
3097 3941 3315 3993 homine

1745 4058 1894 4097 mors
1924 4041 2092 4111 exigit
2127 4037 2433 4094 liberaret?
2471 4036 2625 4103 Quod
2660 4045 2840 4089 autem
2882 4034 3196 4103 speluncam
3235 4032 3315 4083 vi-

1745 4135 1862 4197 des,
1911 4134 1967 4187 in
2016 4147 2121 4203 qua
2178 4132 2389 4201 paritur
2441 4128 2727 4190 Dominus,
2779 4142 2976 4180 caecam
3031 4127 3315 4179 hominum

1747 4228 1936 4290 vitam,
1962 4232 2014 4280 et
2052 4223 2155 4280 sub
2178 4234 2321 4277 terra
2350 4222 2654 4275 demersam
2689 4220 2887 4288 cogita,
2918 4219 2970 4270 in
3001 4234 3105 4286 qua
3137 4216 3315 4270 nasci-

1748 4328 1835 4372 tur
1863 4318 1972 4383 illc,
1996 4317 2087 4387 qui
2121 4316 2175 4368 in
2208 4313 2451 4369 tenebris
2473 4310 2901 4371 ambulantibus,
2935 4317 2989 4363 et
3019 4310 3071 4361 in
3098 4308 3313 4376 regione

60 4422 90 4473 6
121 4419 427 4490 Δεσπότης,
450 4420 541 4473 τὸν
572 4421 785 4492 ἀφεγγῆ
810 4402 1185 4490 καῖ-ὑπόγειον
1209 4422 1316 4477 τῶν
1344 4423 1637 4494 ἀνθρώπων

1748 4409 1955 4463 umbra:
2007 4408 2198 4461 mortis
2251 4403 2633 4460 sedentibus“
2686 4418 2745 4457 se
2795 4403 3067 4456 ostendit:
3119 4402 3315 4470 pannis

62 4513 264 4584 νόησον
296 4512 430 4582 βίον,
474 4516 533 4565 ἐν
560 4507 605 4581 ᾧ
635 4514 845 4581 γίνεται
878 4516 906 4567 6
934 4516 1048 4578 τοῖς
1080 4517 1138 4567 ἐν
1187 4516 1368 4569 σκότει
1395 4518 1489 4569 καὶ
1518 4519 1646 4587 σκιᾷ

63 4607 301 4661 θανάτου
332 4606 666 4677 καθημένοις
700 4608 1116 4678 ἐπιφαινόμενος
1136 4625 1150 4639 ο
1213 4609 1543 4679 σπαργάνοις
1588 4609 1645 4662 δὲ

63 4699 473 4769 διασφίγγεται,
504 4701 533 4751 6
578 4699 675 4763 τὰς
708 4698 895 4770 σειρὰς
930 4700 1040 4751 τῶν
1078 4684 1646 4772 ἡμετέρωνᾟαρτη-

68 4792 261 4862 μάτων
290 4790 766 4862 περιϐαλλόμενος.
812 4791 877 4843 Ἦ
908 4790 964 4843 δὲ
995 4790 1169 4861 φάτνη
1199 4790 1257 4842 τὸ
1301 4789 1409 4842 τῶν
1437 4789 1645 4857 ἀλόγων

65 4883 218 4936 ἐστὶν
264 4881 599 4953 ἐνδιαίτημα,
648 4884 706 4935 ἐν
834 4884 1088 4949 γεννᾶται
1134 4882 1162 4933 6
1213 4880 1389 4949 λόγος,
1421 4881 1508 4934 ἵνα
1535 4879 1648 4950 γνῷ

67 4972 199 5045 βοῦς
247 4974 608 5044 κτησάμενον,
646 4975 739 5027 καὶ
787 4974 903 5037 δνος
935 4974 1032 5043 τὴν
1076 4972 1283 5042 φάτνην
1312 4971 1404 5025 τοῦ
1458 4972 1645 5041 κυρίου

65 5066 254 5121 αὑτοῦ·
289 5064 414 5135 βοῦς
434 5067 462 5118 6
487 5064 883 5135 ὑπεζευγμένος
903 5064 980 5135 τῷ
1005 5065 1173 5134 Νόμῳ
1190 5078 1203 5091 '
1225 5064 1361 5129 ὄνος,
1394 5061 1454 5114 τὸ
1488 5060 1647 5130 ἀχθο-

66 5158 235 5230 φόρον
275 5156 433 5221 ζῶον,
464 5157 524 5209 τὸ
566 5160 631 5226 τῇ
667 5156 910 5227 ἁμαρτίᾳ
944 5159 1042 5226 τῆς
1078 5154 1517 5225 εἰδωλολατρείας
1554 5171 1647 5206 πε-

66 5248 591 5321 φορτισμένοιι.’Δλλ⁹
610 5250 642 5318 ἡ
663 5249 758 5318 μὲν
784 5247 1111 5317 κατάλληλος
1128 5247 1232 5299 τῶν
1248 5246 1455 5315 ἀλόγων
1470 5243 1642 5315 τροφὴ

66 5342 163 5394 καὶ
196 5339 309 5409 ζωὴ
340 5339 526 5409 χόρτος
549 5338 713 5403 ἐστίν,
732 5338 788 5391 Ὀ
805 5338 1164 5405 ὲξανατέλλων
1191 5338 1298 5411 γὰρ
1327 5339 1516 5409 χόρτον
1531 5340 1641 5401 τοῖς

69 5433 317 5501 κτήνεσι,
349 5430 512 5500 φησὶν
531 5431 559 5481 6
588 5431 898 5501 Προφήτης,
926 5431 998 5483 Τὸ
1032 5430 1087 5483 δὲ
1116 5430 1331 5499 λογικὸν
1367 5429 1504 5495 ζῶον
1541 5429 1640 5501 ἆρ-

68 5542 149 5593 τῳ
176 5522 453 5593 τρέφεται.
486 5520 583 5574 Διά
621 5520 776 5573 τοῦτο
821 5522 999 5576 τοίνυν
1037 5526 1102 5595 τῇ
1138 5523 1332 5595 φάτνῃ,
1367 5524 1487 5593 ἥτις
1527 5522 1643 5577 ἐστὶ

109 5642 152 5673 ³⁷
183 5638 203 5691 l
233 5638 359 5694 Cor.
398 5656 435 5701 I,
463 5638 553 5692 24.
598 5639 640 5669 ³⁸
666 5637 810 5693 Psal.
866 5655 997 5697 xui.
1044 5641 1087 5674 ”
1116 5640 1293 5697 Galat.
1345 5659 1426 5709 ut,
1466 5642 1550 5699 15.

77 5732 112 5775 ι,
150 5714 201 5767 ’5.
269 5711 313 5743 δί’
344 5710 488 5766 Psal.
516 5725 639 5772 'cut,
678 5710 758 5764 14.

1749 4510 1928 4556 autem
1959 4500 2266 4555 obvolvitur
2301 4506 2353 4552 et
2389 4496 2576 4552 fasciis
2609 4496 3026 4565 constringitur,
3061 4496 3151 4563 qui
3192 4510 3314 4562 pec-

1748 4605 1995 4651 catorum
2029 4603 2341 4649 nostrorum
2376 4605 2598 4646 catenas
2643 4589 2791 4644 subit
2822 4596 2875 4641 et
2898 4588 3136 4641 vincula.
3168 4587 3315 4639 Prte-

1749 4706 1878 4757 sepe
1908 4704 2057 4751 vero,
2086 4687 2141 4741 in
2175 4700 2285 4756 quo
2317 4682 2558 4738 Verbum
2590 4680 2852 4753 gignitur,
2893 4679 3185 4733 bestiarum
3236 4686 3317 4732 est

1749 4782 1967 4845 domus,
2022 4788 2082 4833 ut
2137 4782 2431 4847 cognoscat
2476 4774 2576 4828 bos
2622 4785 2998 4842 possessorem
3039 4784 3220 4833 suum,
3265 4778 3319 4822 et

1752 4806 1967 4845 UUIIIUS,
2024 4806 2082 4833 us
2137 4806 2431 4847 υυδιιυθιιιι
2477 4806 2576 4828 uua
2623 4806 2998 4842 μυδδιιοδυιυιιι
3039 4806 3220 4833 συυηι,
3266 4806 3319 4822 μ-

1752 4874 1941 4930 asinus
1973 4886 2216 4944 praesepe
2244 4867 2447 4922 domini
2484 4865 2568 4921 sui
2605 4865 2671 4919 δ’.
2698 4862 2802 4917 Per
2837 4863 3029 4917 bovem
3076 4806 3437 4943 intellige/

1751 4967 1924 5029 illum,
1969 4964 2063 5035 qui
2114 4962 2271 5031 Legis
2312 4960 2447 5030 jugo
2491 4956 2771 5026 subjectus
2800 4962 2920 5010 est:
2954 4968 3048 5023 per
3103 4952 3347 5006 asinum.

1752 5068 1953 5123 autem,
1986 5055 2131 5125 quod
2164 5062 2245 5108 est
2275 5051 2479 5105 animal
2520 5049 2761 5105 ferendis
2806 5045 3067 5101 oneribus
3106 5051 3318 5108 natum,

1749 5165 1897 5214 eum,
1929 5149 2023 5219 qui
2049 5146 2469 5202 simulacrorum
2490 5141 2671 5196 cultus
2691 5147 2927 5194 onustus
2959 5143 3043 5192 est
3065 5134 3317 5189 crimine.

1749 5242 2015 5297 Caeterum
2054 5252 2345 5295 commune
2384 5234 2619 5289 rationis
2659 5230 2960 5301 expertium
3000 5226 3318 5280 animalium

1749 5334 2006 5406 pabulum
2040 5339 2094 5388 et
2120 5330 2227 5385 vita
2258 5329 2439 5384 fenum
2465 5334 2570 5392 cst,
2601 5324 2933 5396 producens,
2962 5318 3143 5389 inquit
3180 5316 3317 5369 Pro-

1749 5430 1911 5500 pheta
1932 5426 2000 5492 “,
2041 5424 2225 5481 fenum
2254 5420 2541 5492 jumentis.
2563 5415 2718 5483 Quod
2745 5422 2923 5467 autem
2958 5410 3166 5465 ratione
3192 5424 3314 5478 prze.

1750 5520 1922 5577 ditum
1966 5526 2051 5575 est
2094 5515 2317 5578 animal,
2367 5511 2611 5567 vescitur
2654 5523 2813 5578 pane.
2845 5503 3057 5557 Idcirco
3101 5502 3154 5556 in
3182 5516 3316 5570 prm-

1662 5641 1706 5674 ³⁰
1742 5640 1845 5697 lsa.
1885 5654 2001 5696 Llll.
2053 5638 2105 5694 9.
2152 5652 2203 5702 t;
2236 5633 2382 5690 Petr.
2421 5648 2480 5697 ιι,
2505 5628 2595 5684 22.
2674 5627 2714 5657 “
2742 5624 2845 5680 lsa.
2881 5638 2957 5689 ix,
2986 5622 3039 5672 2.
3120 5619 3162 5650 δ²
3200 5617 3313 5677 lsa.
