3822 6396
489 225 632 283 1:43

1763 239 1820 294 S.
1849 237 2176 296 GREGORII
2217 241 2516 300 NYSSENI

3630 246 3757 303 Hii

489 353 628 422 scpi,
657 354 801 423 quod
833 365 920 410 est
947 359 1268 414 animalium
1295 361 1506 416 ratione
1535 365 1846 418 vacantium
1882 365 2062 429 sedes,

2169 367 2274 420 τῶν
2301 368 2512 437 ἀλόγων
2540 369 2714 435 ἑστία,
2751 371 2778 422 ό
2813 370 2871 436 ἐξ
2901 368 3129 438 ούρανοῦ
3171 367 3418 432 καταϐάς
3460 369 3638 439 ἄρτος
3674 369 3757 436 τῆς

487 456 517 496 e
544 443 688 497 caelo
715 443 975 515 delapsus
999 449 1122 503 vitae
1148 451 1304 518 panis
1331 455 1660 523 proponitur
1683 456 1750 521 “,
1784 467 1843 510 ut
1868 465 1921 512 et
1945 474 2066 528 qua:

489 549 519 586 a.
549 535 762 592 ratione
795 547 1000 592 remota
1050 549 1179 595 sunt
1225 543 1507 608 animalia,
1543 547 1774 603 rationis
1803 549 1929 604 cibo
1963 565 2066 604 uu-

489 627 749 692 triantur,
812 638 977 700 atque
1031 630 1104 686 ita
1163 634 1378 690 ratione
1433 637 1788 694 decorentur.
1827 639 2064 696 Medium

441 712 657 787 \igitur
689 720 743 776 in
775 724 1004 794 praesepi
1041 741 1100 779 se
1131 725 1272 780 inter
1303 728 1495 784 bovem
1530 739 1584 786 et
1614 733 1828 787 asinum
1866 734 2067 788 utrius-

489 826 595 879 que
635 811 901 870 Dominus
940 816 1103 883 locat,
1135 827 1194 872 ut
1220 819 1458 876 medium
1512 825 1773 892 parietem
1816 826 2066 881 maceria:

492 903 733 967 solvens,
766 907 906 961 duos
935 911 1136 965 condat
1167 912 1220 965 in
1253 915 1549 982 semetipso
1581 914 1632 968 in
1661 931 1830 968 unum
1864 931 2064 971 novum

492 992 768 1050 hominem
789 999 935 1061 "-“,
957 1001 1025 1055 ab
1043 1002 1214 1057 altero
1234 1018 1399 1073 grave
1416 1003 1576 1075 Legis
1590 1004 1783 1077 jugum
1802 1007 2062 1077 eripiens,

491 1085 723 1141 alterum
770 1091 1193 1148 simulacrorum
1231 1095 1418 1152 cultus
1461 1112 1628 1152 onere
1665 1099 1924 1154 liberans.
1958 1101 2066 1156 Sed

490 1179 680 1235 ociilos
718 1181 784 1235 ad
830 1183 1100 1238 mirabilia
1135 1187 1397 1242 caelorum
1435 1191 1749 1260 spectacula
1785 1193 2060 1250 tollamus.

491 1272 630 1328 Ecce
660 1277 803 1328 enim
838 1293 946 1330 non
981 1280 1254 1347 propheta:
1296 1281 1475 1335 solum
1503 1288 1557 1336 et
1597 1284 1770 1354 angeli
1804 1286 2062 1354 gaudium

492 1365 595 1421 hoc
622 1369 781 1423 nobis
809 1369 1157 1433 denuntiant,
1190 1387 1377 1427 verum
1405 1373 1568 1428 etiam
1602 1375 1728 1430 ειειὶ
1755 1376 1920 1432 rebus
1948 1377 2064 1432 suis

490 1456 830 1514 admirandis
857 1459 1134 1532 Evangelii
1165 1464 1397 1535 gloriam
1434 1466 1757 1534 praedicant.
1790 1466 1869 1522 Ex
1898 1467 2062 1533 Juda,

489 1557 550 1602 ut
601 1550 679 1603 ait
727 1551 1047 1622 Apostolus,
1103 1555 1368 1626 propheta
1401 1555 1658 1615 Christus
1695 1569 1851 1615 ortus
1884 1569 1969 1617 est
1991 1561 2058 1618 ".

490 1640 595 1695 Sed
637 1641 757 1711 ejus
791 1653 913 1699 ortu
963 1661 1072 1700 non
1111 1648 1456 1704 illuminatur
1497 1648 1742 1708 Judaeus.
1781 1651 2059 1725 Peregrini

2172 461 2317 531 ζωῆς
2376 462 2739 534 προστίθεται.
2803 463 2889 517 ἵνα
2928 463 3022 516 καὶ
3079 463 3148 516 τὰ
3192 462 3362 533 ἄλογα
3394 464 3500 532 τῆς
3539 463 3756 531 λογικῆς

2175 549 2551 619 μεταλαϐόντα
2587 552 2814 623 τροφῆς,
2863 552 2923 605 ὲν
2973 552 3116 623 λόγῳ
3167 552 3422 621 γένηται.
3459 551 3758 605 Μεσιτεύει

2170 641 2348 695 τοίνυν
2378 643 2470 696 ἐπὶ
2500 643 2599 714 τῆς
2623 644 2828 716 φάτνης
2860 644 2940 715 τῷ
2967 645 3050 716 βοῒ
3074 647 3168 699 καὶ
3195 645 3273 716 τῷ
3301 646 3412 716 δνῳ
3449 646 3484 697 ὁ
3525 645 3758 713 ἀμφοτέ-

2174 749 2284 803 ρων
2335 734 2559 806 Κύριος,
2590 735 2677 790 ἵνα
2707 736 2768 789 τὸ
2803 737 3114 808 μεσότοιχον
3152 737 3245 791 τοῦ
3274 734 3546 809 φραγμοῦ
3578 733 3755 799 λύσας,

2170 826 2298 890 τοὺς
2328 827 2420 881 δύο
2445 830 2602 900 κτίσῃ
2625 831 2684 882 ὲν
2727 829 2905 900 ἑαυτῷ
2941 831 3021 892 είς
3071 830 3168 882 ἕνα
3216 829 3405 884 καινὸν
3446 827 3755 899 ἀνθρωτωνς

2173 916 2268 969 καὶ
2311 916 2500 970 τούτου
2547 917 2637 971 τὸν
2688 918 2861 990 βαρὺν
2899 919 3062 994 ζυγὸν
3092 918 3186 972 τοῦ
3226 919 3415 989 Νόμου
3466 916 3757 988 περιελὼν,

2172 1007 2425 1060 κάκεῖνον
2441 1006 2536 1060 τοῦ
2557 1010 2656 1079 τῆς
2681 1007 3121 1083 είδωλολατρείας
3142 1008 3337 1078 ἄχθους
3358 1007 3756 1078 ἀποφορτίσας.

2185 1096 2324 1150 Ἀλλ’
2353 1097 2747 1170 ἀναϐλέψωμεν
2787 1101 2869 1164 είς
2910 1099 2979 1153 τά
3028 1101 3253 1171 οὐράνια
3307 1098 3600 1170 θαύματα.
3633 1098 3757 1152 Ἰδοὺ

2172 1189 2279 1262 γὰρ
2310 1189 2370 1242 οὗ
2407 1191 2680 1262 προφῆται
2713 1192 2873 1263 μόνον
2899 1193 2993 1260 καὶ
3025 1191 3243 1260 ἄγγελοι
3274 1192 3378 1262 τὴν
3420 1191 3608 1262 χαράν
3631 1191 3754 1244 ταύ-

2169 1300 2269 1354 την
2295 1286 2429 1354 ἡμῖν
2456 1285 2914 1352 εὐαγγελίζονται,
2932 1285 3067 1339 ἀλλά
3097 1286 3189 1339 καί
3215 1285 3264 1338 oi
3289 1284 3524 1353 οὐρανοὶ
3549 1284 3638 1336 διὰ
3657 1285 3756 1334 τῶν

2170 1376 2385 1428 οἰκείων
2413 1375 2706 1447 θαυμάτων
2733 1376 2832 1448 τὴν
2864 1376 2959 1430 τοῦ
2990 1376 3320 1446 Εὐαγγελίου
3361 1375 3529 1443 δόξαν
3561 1376 3753 1442 ἀνακη-

2171 1453 2474 1535 ρύττουσιν,
2525 1467 2616 1533 Ἐξ
2647 1465 2818 1520 Ἰούδα
2849 1467 2981 1537 ἡμῖν
3026 1468 3056 1518 ὁ
3110 1465 3342 1536 Χριστὸς
3397 1464 3751 1522 άνατέταλκε.

2171 1555 2350 1619 καθώς
2377 1573 2541 1628 φησιν
2579 1560 2608 1611 ὀ
2646 1558 2986 1623 Ἀπόστολος,
3020 1557 3134 1612 ἀλλ’
3177 1558 3239 1610 οὐ
3283 1556 3699 1625 καταυγάζεται
3727 1561 3752 1610 ὁ

2181 1645 2434 1711 Ἰουδαῖος
2461 1647 2566 1700 ὑπὸ
2601 1647 2696 1700 τοῦ
2726 1649 3121 1713 ἀνατείλαντος.
3152 1649 3304 1703 Ξένοι
3349 1648 3462 1703 τῶν
3487 1650 3749 1721 διαθηκῶν

487 1737 542 1784 et
581 1747 611 1785 a
645 1740 1100 1791 testamentorum
1147 1728 1518 1806 promissione
1568 1741 2062 1815 benedictioneque

2169 1738 2265 1809 τῆς
2290 1739 2624 1808 ἐπαγγελίας
2652 1741 2701 1794 οἱ
2726 1740 2931 1809 Μάγοι,
2950 1741 3043 1794 καὶ
3069 1742 3168 1811 τῆς
3195 1741 3305 1796 τῶν
3321 1742 3476 1810 Πατέ
3486 1759 3599 1812 ρων
3617 1741 3749 1794 ciale

405 1816 712 1880 \Patrum
747 1827 908 1882 alieni
951 1837 1083 1884 sunt
1115 1829 1276 1901 Magi,
1312 1833 1408 1903 qui
1453 1834 1769 1904 cognitione
1802 1837 2062 1906 p0pulum

489 1917 791 1973 lsraelitam
849 1929 1224 1989 antevertunt,
1273 1931 1329 1980 et
1374 1925 1658 1984 cwlcsitem
1703 1937 2063 1998 agnoscentes

488 2008 686 2072 lucem,
733 2020 786 2065 et
823 2011 878 2066 in
926 2014 1184 2083 spelunca
1222 2012 1425 2086 Regem
1460 2019 1954 2088 non‘ignorantes.
1996 2018 2062 2075 Hi

487 2117 718 2156 munera
756 2103 1014 2168 aﬂ'erunt,
1050 2106 1128 2161 illi
1159 2107 1391 2164 insidias
1421 2118 1666 2167 struunt.
1700 2110 1764 2166 Hi
1793 2127 2062 2168 veneran-

488 2203 597 2260 tur,
634 2197 709 2250 illi
759 2207 1186 2268 persequuntur.
1220 2201 1283 2256 lli
1315 2203 1560 2273 gaudent
1600 2205 1847 2268 invento,
1899 2221 2063 2276 quem

485 2288 887 2358 exquirebant,
927 2292 1004 2346 illi
1041 2294 1297 2350 nuntiato
1334 2297 1509 2366 ipsius
1534 2308 1656 2352 ortu
1681 2297 2061 2353 reformidant.

489 2380 730 2438 Videntes
777 2386 944 2449 enim,
997 2387 1196 2458 inquit,
1236 2387 1384 2460 Magi
1426 2390 1637 2444 stellam
1667 2407 1831 2460 supra
1866 2393 2061 2457 locum,

487 2473 578 2525 ubi
615 2484 729 2527 erat
761 2491 911 2542 puer,
950 2479 1120 2547 gavisi
1142 2490 1264 2533 sunt
1298 2479 1494 2549 gaudio
1531 2498 1722 2552 magno
1752 2481 1918 2537 valde.
1959 2481 2065 2537 Ile-

487 2571 638 2648 rodes
672 2579 846 2620 autent
891 2568 1111 2625 audiens
1146 2570 1389 2626 turbatus
1414 2581 1512 2639 est,
1553 2583 1602 2628 et
1646 2575 1818 2629 omnis
1845 2573 2066 2630 Jeroso-

465 2657 628 2755 λῃηια
655 2675 771 2712 cum
799 2660 893 2714 illo
917 2661 983 2718 ⁸⁸.
1013 2661 1078 2716 Hi
1112 2673 1167 2719 et
1203 2672 1464 2735 tanquam
1506 2665 1616 2722 Deo
1645 2669 1774 2725 thus
1803 2667 2060 2733 offerunt,

485 2753 540 2805 et
584 2767 718 2807 auro
764 2753 1084 2824 dignitatem
1134 2757 1340 2828 regiam
1390 2760 1599 2815 colunt.
1632 2761 1698 2815 Et
1740 2762 2062 2833 prophetica

485 2843 719 2912 quadam
749 2847 922 2914 gratia
955 2863 1052 2917 per
1087 2850 1365 2920 myrrham
1411 2854 1607 2910 mortis
1638 2854 2059 2924 dispositionem

486 2933 925 3003 subsignificant.
961 2935 1037 2990 Illi
1073 2953 1204 2998 vero
1231 2947 1463 2994 cunctos
1517 2940 1758 2998 infantes
1794 2959 1962 2998 unum
2006 2945 2062 2999 in

487 3022 662 3078 locum
683 3034 907 3082 coactos
937 3029 1315 3086 internecione
1338 3031 1610 3090 tollendos
1634 3044 1880 3090 censent.
1903 3035 2062 3102 Quod

2163 1831 2290 1898 γίας
2317 1830 2606 1904 ἀλλότριοι·
2637 1832 2772 1887 ἀλλά
2797 1833 3165 1906 προφθάνουσι
3189 1837 3255 1905 τῇ
3293 1832 3503 1902 γνώσει
3555 1835 3749 1905 139m;-

2164 1922 2318 1994 λίτην
2347 1922 2497 1988 λαδν,
2523 1924 2618 1977 καὶ
2647 1925 2739 1980 τὸν
2777 1926 3026 1998 οὐράνιον
3069 1927 3336 1998 φωστῆρα
3364 1927 3748 1998 γνωρίσαντες.

2163 2016 2257 2069 καὶ
2283 2015 2375 2068 τὸν
2405 2015 2463 2068 ὲν
2495 2015 2744 2087 σπηλαίῳ
2771 2015 3003 2070 Βασιλέα
3033 2017 3109 2087 μὴ
3151 2017 3545 2088 ἀγνοήσαντες.
3593 2016 3748 2071 Ἐκεῖ-

2163 2128 2245 2165 νοι
2301 2108 2704 2182 δωροφοροῦσιν
2730 2145 2746 2172 ,
2790 2101 2938 2161 οὗτοι
2987 2107 3452 2162 ἐπιϐουλεύουσιν.
3532 2107 3753 2161 Ἐκεῖνοι

2163 2201 2585 2276 προσκυνοῦσιν,
2611 2196 2758 2256 οὗτοι
2789 2200 3095 2255 διώκουσιν.
3138 2200 3367 2254 Ἐκεῖνοι
3393 2200 3655 2271 εὑρόντες
3673 2201 3752 2253 τὸν

2164 2296 2516 2369 ζητούμενον,
2573 2296 2880 2367 χαίρουσιν.
2911 2289 3070 2349 Οὗτοι
3103 2295 3195 2348 ἐπὶ
3225 2296 3292 2366 τῇ
3340 2294 3606 2364 γεννήσει
3669 2295 3752 2346 τοῦ

2168 2389 2499 2459 μηνυθέντος
2554 2389 2936 2460 ταράττονται.
2985 2387 3230 2453 Ἰδόντες
3279 2387 3413 2458 γάρ,
3454 2388 3652 2457 φησιν,
3704 2390 3751 2440 ci

2163 2479 2354 2549 Μάγοι
2403 2479 2512 2534 τὸν
2535 2479 2760 2548 ἀστέρα
2803 2479 2904 2533 ἐπὶ
2939 2479 3048 2534 τοῦ
3080 2481 3270 2534 τόπου
3303 2474 3378 2534 οὗ
3407 2474 3493 2548 ἦν
3525 2479 3596 2531 τὸ
3629 2495 3749 2532 παι-

2163 2569 2317 2635 δίον,
2354 2569 2666 2638 ἐχάρησαν
2701 2569 2895 2638 χαρὰν
2907 2567 3181 2638 μεγάλην
3205 2566 3467 2636 σφόδρα.
3504 2564 3748 2635 Ἡρώδης

2163 2663 2232 2717 δὲ
2259 2665 2529 2730 ἀκούσας
2553 2663 2657 2718 τὸν
2675 2664 2879 2732 λόγον,
2910 2662 3224 2730 ἐταράχθη,
3252 2662 3352 2715 καὶ
3380 2661 3565 2716 πᾶσα
3590 2660 3747 2729 Ἱςοο-

2164 2755 2406 2824 σόλυμα
2441 2754 2571 2823 μετ’
2600 2753 2802 2807 αὐτοῦ.
2852 2754 2914 2805 Ui.
2971 2752 3069 2821 μὲν
3100 2750 3174 2812 ὡς
3233 2748 3353 2820 Θεῷ
3411 2749 3746 2818 προσάγουσι

2163 2845 2405 2908 λίϐανον,
2436 2845 2531 2898 καὶ
2552 2844 2650 2916 τὴν
2680 2843 2966 2914 βασιλικὴν
2995 2842 3149 2908 ἀξίαν
3190 2841 3268 2913 τῷ
3296 2841 3494 2912 χρυσῷ
3525 2841 3746 2908 δεξιοῦν-

2163 2953 2275 2991 ται.
2311 2937 2422 3008 Τὴν
2448 2936 2506 2990 δὲ
2547 2937 2690 2990 κατά
2719 2937 2782 2989 τὸ
2841 2935 3013 2998 πάθος
3053 2934 3389 3004 οἰκονομίαν,
3434 2938 3745 3004 προφητιιῇ

2162 3045 2268 3081 τινι
2315 3028 2496 3098 χάριτι
2527 3027 2616 3081 διὰ
2643 3027 2742 3097 τῆς
2771 3027 3017 3098 σμύρνης
3045 3025 3556 3096 ἀποσημαίνουσιν·
3596 3027 3651 3078 οἱ
3681 3026 3743 3082 δὲ.

483 3131 580 3170 eos
637 3118 768 3172 mihi
821 3134 930 3174 non
988 3121 1165 3177 solum
1217 3121 1582 3188 crudelitatis,
1647 3143 1835 3181 verum
1894 3129 2056 3182 etiam

2169 3119 2409 3172 πανωλεθ
2421 3117 2542 3190 ρίαν
2563 3118 2662 3181 τῆς
2696 3117 2941 3181 νεολαίας
2973 3117 3151 3188 πάσης
3171 3115 3662 3180 καταδικάζουσιν.
3691 3116 3746 3165 ὐ

488 3227 714 3267 summm
759 3211 1051 3270 dementia:
1101 3217 1318 3272 videtur
1363 3234 1685 3290 coarguere.
1719 3219 1862 3288 Quid
1913 3222 2060 3278 enim

489 3299 593 3355 sibi
630 3302 746 3356 vult
787 3303 892 3357 ista
927 3319 1219 3376 puerorum
1266 3308 1610 3362 trucidatio?
1637 3309 1749 3364 Cur
1775 3311 1896 3366 ausi
1930 3322 2062 3366 sunt

491 3395 774 3453 homicidae
823 3411 882 3451 se
915 3405 1064 3453 tanto
1107 3400 1314 3455 scelere
1355 3403 1746 3473 obstringere?
1788 3403 2061 3472 Quoniam

488 3501 695 3540 novum.
714 3490 1008 3557 quoddam,
1042 3490 1318 3562 inquiunt,
1347 3495 1767 3564 mirandumque
1787 3499 1912 3553 cmli
1943 3514 2063 3569 por-

489 3583 696 3632 tentum
739 3580 902 3650 [legis
930 3581 1190 3638 indicium
1223 3583 1394 3657 Magis
1424 3587 1716 3644 nuntiavit.

570 3765 710 3833 Quid
758 3765 924 3836 igitur
962 3768 1124 3823 tum?
1152 3770 1260 3825 Aut
1303 3773 1651 3842 portendenti
1709 3777 1868 3847 signo
1901 3777 2060 3834 ﬁdem

491 3867 660 3920 habes
688 3873 746 3918 ut
778 3877 930 3923 vero,
967 3870 1081 3925 aut,
1126 3865 1273 3934 quod
1313 3881 1533 3923 rumore
1556 3869 1823 3938 jactatur,
1865 3889 2061 3928 vanum

489 3957 697 4030 putas?
730 3956 785 4011 Si
823 3955 950 4010 talis
971 3963 1076 4020 est,
1106 3957 1196 4026 qui
1222 3957 1396 4013 caelos
1426 3960 1528 4014 sibi
1563 3960 1752 4017 fecerit
1775 3965 2060 4032 inservire,

488 4067 720 4124 prorsus
775 4059 861 4106 est
914 4064 1079 4120 supra
1145 4066 1366 4104 manum
1419 4059 1590 4108 tuam.
1628 4054 1724 4111 Sin
1770 4067 1952 4113 autem
2007 4060 2062 4115 in

487 4148 758 4212 potestate
790 4148 882 4194 tua
933 4147 1040 4202 est,
1077 4146 1134 4192 ut
1185 4139 1275 4194 ille
1306 4139 1389 4194 vel
1428 4139 1592 4203 vivat,
1637 4141 1720 4196 vel
1768 4145 2060 4210 moriatur,

485 4247 612 4287 eum
662 4232 867 4286 frustra
897 4230 1262 4301 pertimescis.
1294 4228 1397 4296 Qui
1427 4231 1574 4286 enim
1609 4231 1662 4287 id
1702 4234 1832 4304 agit,
1867 4243 1928 4290 ut
1958 4237 2063 4289 im-

471 4325 642 4394 ‘perio
667 4331 766 4378 tuo
787 4322 1043 4382 subditus
1066 4321 1182 4392 ipse
1203 4321 1295 4385 sit,
1327 4337 1428 4377 cur
1448 4323 1497 4378 ei
1518 4335 1784 4393 parantur
1812 4325 2068 4382 insidiae?

486 4417 599 4470 Cur
633 4413 960 4470 horrendum
988 4413 1118 4467 illud
1150 4412 1464 4468 mandatum
1497 4415 1932 4470 transmittitur?
1953 4417 2065 4471 Cur

488 4507 656 4577 impia
709 4504 882 4560 fertur
937 4505 1228 4567 sententia,
1279 4511 1337 4558 ut
1384 4505 1572 4560 miseri
1614 4504 1852 4561 infantes
1890 4510 2060 4563 truci-

488 4598 728 4654 dentur?
756 4596 896 4673 Quid
922 4598 1252 4667 peccarunt?
1279 4595 1418 4665 Quid
1448 4607 1643 4663 morte,
1678 4610 1772 4653 aut
1794 4602 2062 4671 supplicio

487 4691 712 4762 dignum
730 4689 1070 4744 admiserunt
1089 4689 1345 4746 ?Crimen
1363 4706 1532 4758 unum
1551 4690 1817 4746 duntaxat
1835 4693 2057 4757 habent,

486 4781 633 4855 quod
661 4782 771 4838 nati
805 4791 955 4849 sunt,
980 4790 1034 4836 et
1059 4781 1115 4836 in
1151 4782 1324 4836 lucem
1366 4781 1519 4840 editi.
1557 4783 1620 4835 Et
1653 4793 1937 4853 propterea
1965 4800 2062 4840 ne-

472 4859 642 4929 besse
677 4872 802 4942 fuit,
847 4881 912 4940 ut
939 4871 1136 4942 civitas
1178 4871 1532 4927 carnificibus
1564 4875 1956 4942 compleretur,
2003 4882 2063 4929 ut

477 4945 776 5038 cogeretur
808 4972 1042 5020 matrum
1065 4963 1379 5028 multitudo,
1411 4972 1463 5018 et
1487 4962 1779 5018 infantium
1805 4964 2060 5034 populus,

489 5066 547 5111 ut
584 5057 840 5124 adessent
869 5056 1033 5110 etiam
1074 5065 1279 5127 patres,
1328 5062 1384 5111 et
1411 5057 1634 5130 generis
1657 5058 2064 5127 propinquitate

486 5152 767 5220 conjuncti
798 5150 864 5205 ad
916 5166 1116 5207 saavum
1152 5149 1368 5207 facinus
1410 5161 1893 5223 congregarentur.
1926 5151 2062 5220 Quis

485 5245 735 5316 oratione
767 5244 1136 5299 calamitatem
1168 5244 1492 5308 describat?
1529 5243 1665 5314 Quis
1699 5246 2062 5302 acerbitatem

485 5351 754 5404 enarratis
811 5336 984 5391 oculis
1033 5335 1406 5406 aspiciendam
1472 5338 1790 5406 proponat?
1842 5337 2061 5393 Mistam

486 5427 634 5482 illam
680 5427 1148 5494 lamentationem,
1201 5428 1513 5482 luctuosum
1563 5439 1813 5498 questum
1865 5447 2062 5500 puero-

488 5537 630 5583 rum,
687 5531 946 5583 niatrum,
1001 5522 1456 5591 prooinquorum,
1510 5535 1722 5592 patrum
1769 5525 1835 5578 ad
1884 5525 2061 5579 minas

564 5695 604 5726 ⁵⁵
646 5693 806 5753 Joan.
859 5713 932 5766 γι,
974 5698 1041 5755 48
1079 5715 1197 5771 sqq.

2165 3229 2256 3282 μοι
2287 3211 2453 3274 δοκεῖ,
2483 3211 2557 3281 μῆ
2582 3211 2681 3280 τῆς
2703 3209 2927 3280 πικρίας
2959 3209 3140 3280 μόνον,
3168 3207 3301 3261 ἀλλά
3330 3208 3565 3278 καὶτῆς
3595 3210 3744 3278 ἐσχα-

2161 3321 2261 3374 της
2293 3302 2476 3364 ἀνοίας
2495 3301 2674 3355 αὐτῶν
2704 3300 2801 3371 τὴν
2829 3299 3162 3371 κατηγορίαν
3190 3299 3351 3368 ἔχειν.
3383 3299 3452 3352 Τί
3485 3299 3602 3369 γὰρ
3635 3298 3746 3368 βού-

2161 3395 2313 3448 λεται
2362 3395 2543 3457 αὐτοῖς
2588 3394 2622 3463 ἡ
2658 3391 3007 3462 παιδοφονία;
3042 3392 3156 3446 Καὶ
3198 3391 3291 3444 ἐπὶ
3318 3392 3429 3446 τίνι
3474 3391 3743 3462 σκοπῷτὲ

2161 3485 2400 3540 τοιοῦτον
2442 3486 2574 3555 ἄγος
2624 3487 2736 3548 τοῖς
2776 3483 3079 3555 μιαιφόνοις
3111 3483 3484 3554 τετόλμηται;
3534 3484 3744 3553 Ἐπειδὴ

2163 3575 2346 3628 καινόν
2377 3591 2430 3627 τι
2454 3576 2699 3644 σημεῖον,
2751 3574 2937 3644 φησιν,
2969 3571 3078 3626 τῶν
3111 3574 3230 3627 κατ’
3260 3572 3497 3642 οὐρανὸν
3547 3573 3744 3644 θαυμά-

2161 3683 2268 3718 των
2293 3665 2391 3736 τὴν
2418 3663 2511 3716 τοῦ
2534 3663 2805 3726 Βασιλέως
2823 3661 3092 3727 ἀνάδειξιν
3108 3664 3218 3726 τοῖς
3245 3663 3459 3730 Μάγοις
3487 3664 3744 3733 ἐμήνυε.

2233 3755 2298 3809 Τί
2329 3753 2422 3808 οὖν
2455 3773 2469 3820 ;
2508 3754 2584 3818 ὡς
2630 3753 2804 3825 ἀληθῆ
2862 3753 3135 3816 πιστεύεις
3170 3752 3248 3823 τῷ
3295 3753 3611 3823 μηνύσαντι
3663 3770 3745 3822 πο

2166 3850 2324 3920 μείῳ,
2365 3850 2398 3921 ἦ
2433 3849 2660 3920 μάταιον
2695 3848 2942 3910 ὑπονοεῖς
2969 3845 3031 3899 τὸ
3068 3843 3469 3916 θρυλλούμενσν
3496 3861 3514 3908 ;
3543 3844 3610 3899 Et
3657 3846 3744 3916 μὲν

2163 3943 2272 4016 γὰρ
2299 3942 2537 4005 τοιοῦτός
2566 3943 2734 4004 ἐστιν,
2758 3933 2869 4004 οἷος
2894 3942 3018 4004 τοὺς
3049 3939 3309 4010 οὐρανοὺς
3328 3939 3518 4009 ἑαυτῷ
3540 3939 3742 3995 συνδια-

2162 4035 2388 4097 τιθέναι,
2418 4033 2517 4104 ούχ
2555 4032 2694 4106 ὑπὲρ
2724 4033 2824 4104 τὴν
2865 4032 2964 4104 σὴν
3016 4033 3174 4102 χεῖρα
3225 4031 3445 4096 πάντως
3487 4030 3663 4086 ἐστίν.
3690 4030 3744 4083 Εἰ

2163 4127 2220 4180 δὲ
2242 4127 2338 4180 ἐπὶ
2355 4126 2440 4180 σοὶ
2468 4127 2530 4180 τὸ
2558 4126 2658 4199 ζῇν
2690 4125 2853 4180 αὑτὸν
2875 4124 2910 4196 ἢ
2947 4124 3198 4179 τεθνάναι
3243 4127 3411 4187 ποιεῖ,
3445 4123 3638 4195 μάτηνΔ
3659 4140 3743 4176 τιε-

2165 4221 2399 4293 φόὸησαι
2445 4220 2527 4274 τὸν
2567 4219 2827 4274 τοιοῦτον.
2867 4219 2926 4272 '0
2962 4218 3071 4289 γὰρ
3107 4216 3248 4271 οὕτω
3291 4217 3574 4287 πράττων,
3610 4216 3742 4270 ὥστε

2167 4315 2479 4386 ὑποχείριος
2512 4309 2651 4366 εἶναι
2681 4314 2748 4383 τῇ
2786 4313 2853 4382 σῇ
2898 4308 3138 4381 ἐξουσίᾳ,
3172 4309 3309 4380 ὑπὲρ
3344 4309 3494 4371 τίνος
3537 4309 3744 4362 ἐπιδούς

2166 4408 2420 4471 λεύεται;
2461 4405 2562 4460 Διά
2610 4405 2664 4459 τί
2715 4405 2776 4458 τὸ
2823 4403 3050 4475 φρικτὸν
3096 4404 3273 4455 ὲκεῖνο
3322 4401 3744 4471 καταπέμπεται

2169 4501 2542 4571 πρόσταγμας
2586 4497 2650 4551 Ἦ
2697 4494 2910 4567 πονηρά
2957 4493 3098 4548 κατὰ
3149 4492 3256 4546 τῶν
3296 4493 3510 4563 νηπίων
3545 4492 3741 4562 ᾓφος,

2166 4593 2503 4664 ἀναιρεῖσθαι
2525 4593 2594 4645 τά
2638 4589 2846 4644 δείλαια
2879 4586 3083 4659 βρέφη;
3110 4586 3176 4638 Τί
3204 4585 3584 4655 ἀδικήσαντα;
3620 4585 3742 4637 Τίνα

2169 4687 2396 4742 θανάτου
2427 4686 2520 4740 καὶ
2569 4683 2843 4746 κολάσεως
2885 4681 3061 4734 αἰτίαν
3091 4679 3210 4732 καθ’
3232 4677 3438 4731 ἑαυτῶν

2172 4794 2341 4849 μενα;
2378 4779 2473 4832 Ἕν
2521 4777 2770 4847 ἔγκλημα
2817 4773 3010 4846 ἔχοντα
3067 4772 3246 4844 μόνον,
3306 4771 3367 4824 τὸ
3417 4771 3741 4842 γεννηθῆναι

2171 4874 2264 4928 καὶ
2299 4873 2380 4936 είς
2430 4871 2543 4942 φῶς
2575 4869 2766 4923 ἐλθεῖν.
2795 4869 2904 4923 Καὶ
2931 4867 3066 4938 ὑπὲρ
3093 4865 3284 4920 τούτου
3317 4865 3423 4917 ἔδει
3462 4862 3740 4931 καταπλη-

2172 4963 2410 5037 ρωθῆναι
2458 4962 2666 5033 δημίων
2704 4961 2802 5032 τὴν
2843 4961 3020 5027 πόλιν,
3072 4960 3168 5014 καὶ
3197 4958 3531 5029 συναχθῆναι
3575 4959 3738 5028 δῆμον

2174 5061 2424 5131 μητέρων
2472 5058 2566 5111 καὶ
2613 5056 2823 5128 νηπίων
2850 5095 2866 5120 ,
2891 5055 3036 5109 λαῶν
3095 5053 3495 5124 συμπαρόντων
3527 5053 3731 5112 αὐτοῖς.

2171 5153 2264 5206 καλ⁸
2289 5151 2396 5204 τῶν
2428 5149 2866 5220 γεννησαμὲνων,
2889 5149 2981 5202 καὶ
3004 5146 3243 5211 πάντων,
3274 5143 3348 5208 ὡς
3372 5144 3542 5208 εἰκὸς,
3566 5145 3662 5196 ἐπὶ
3683 5143 3732 5194 τὸ

2170 5244 2339 5306 πάθος
2373 5240 2776 5313 ἀθροιζομένων
2821 5239 2932 5293 τῶν
2979 5237 3374 5294 κοινωνούντων
3401 5237 3500 5290 τοῦ
3529 5236 3723 5303 γένους.

2170 5337 2266 5401 Τίς
2297 5336 2363 5390 ἂν
2413 5333 2747 5404 ὑπογράψειε
2776 5333 2853 5403 τῷ
2883 5331 3026 5401 λόγῳ
3056 5331 3155 5393 τὰς
3206 5329 3529 5399 συμφοράς;
3555 5329 3654 5390 Τίς
3677 5328 3726 5378 ἂν

2171 5429 2260 5483 ὑπ’
2294 5429 2416 5499 ὄψιν
2438 5427 2632 5496 ἀγάγοι
2665 5425 2752 5480 διὰ
2794 5425 2901 5479 τῶν
2936 5425 3285 5494 διηγημάτων
3323 5422 3393 5475 τά
3426 5422 3573 5492 πάθη
3600 5441 3615 5486 ;
3642 5423 3725 5474 Τήν

2170 5523 2476 5593 σύμμικτον
2525 5520 2732 5574 ἐκεῖνον
2792 5518 2988 5589 θρῆνον
3018 5534 3033 5584 ;
3069 5518 3168 5588 τὴν
3223 5517 3420 5588 γοεράν
3482 5514 3721 5586 συνῳδίαν

1279 5698 1393 5738 ³⁸-δθ
1419 5698 1612 5769 Ephcs.
1645 5717 1704 5766 ιι,
1746 5702 1826 5756 14.
1906 5703 1945 5734 δ’
1973 5701 2134 5756 llcbr.
2179 5717 2271 5766 vn,
2313 5698 2396 5756 Η.
2463 5700 2503 5730 ³⁸³
2545 5697 2734 5753 Matth.
2775 5712 2832 5763 ιι,
2875 5694 2958 5750 10.
