3822 6414
165 282 311 341 1145

1306 284 1378 341 ΙΝ
1418 284 1577 339 DIEM
1616 282 1946 340 NATALEM
1986 284 2285 341 CHRISTI.

3277 290 3416 347 “16

164 406 401 471 παίδων,
444 404 717 476 μητέρων,
745 405 1046 474 συγγενῶν,
1086 408 1327 481 πατρῶν,
1351 408 1485 480 πρὸς
1509 410 1608 480 τὴν
1637 408 1746 463 τῶν

1851 409 2166 464 carniﬁcum
2210 410 2599 466 miserabiliter
2642 410 3111 467 exclamanttnm?
3150 409 3286 477 Quis
3333 412 3415 466 dio

160 498 379 569 δημίων
396 496 624 568 ἀπειλὴν
654 497 871 561 ἐλεινῶς
900 498 1267 567 είσσοὼντωνς
1295 500 1416 564 Πῶς
1444 501 1510 555 ἄν
1528 519 1611 565 τις
1628 502 1746 556 δια-

164 590 401 660 γράψειε
437 589 630 661 γυμνῷ
662 590 741 662 τῷ
782 590 925 659 ξίφει
963 591 1289 662 παρεστῶτα
1311 592 1387 662 τῷ
1436 594 1617 663 νηπίῳ
1654 592 1747 647 τὸν

161 685 383 755 δήμιον,
418 684 758 755 ἐμϐλέποντα
782 683 945 755 δριμύ
970 700 1032 737 τε
1064 686 1159 739 καὶ
1202 685 1441 754 φονικὸν,
1467 685 1563 741 καὶ
1588 685 1750 755 φθεγ-

161 778 401 847 γόμενον
436 778 572 832 ἄλλα
606 777 853 840 τοιαῦτα,
882 779 976 831 καὶ
1014 781 1081 848 τῇ
1115 777 1258 848 χειρὶ
1292 777 1354 830 τὸ
1384 776 1583 849 βρέφος
1612 776 1747 849 πρὸς

162 870 360 922 ἑαυτὸν
390 869 637 931 ἕλκοντα,
670 868 763 921 καὶ
788 871 855 939 τῇ
920 868 1083 939 ἑτέρᾳ
1110 868 1173 921 τὺ
1204 865 1358 936 ξίφος
1398 867 1748 938 ἀνατεινόμε-

163 978 259 1015 νον
276 976 290 989 °
325 962 422 1029 τὴν
447 959 504 1013 δὲ
538 960 748 1031 μητέρα
776 959 1041 1030 ἑτέρωθεν
1071 958 1208 1029 πρὸς
1236 959 1435 1031 ἑαυτὴν
1461 959 1748 1013 ἀνθέλκουο

166 1070 276 1107 σαν
307 1053 370 1105 τὺ
417 1051 652 1115 παιδίον,
689 1050 783 1103 καὶ
822 1049 913 1102 τὸν
944 1049 1074 1103 ἴδιον
1120 1049 1325 1119 αυχένα
1352 1052 1417 1119 τῇ
1440 1049 1534 1101 τοῦ
1559 1048 1749 1118 ξίφους

163 1144 325 1215 ἀκμῇ
343 1141 814 1213 προσυπέχουσαν,
830 1139 906 1204 ὡς
935 1138 1000 1193 ἂν
1024 1139 1098 1211 μὴ
1127 1139 1214 1212 ίδῃ
1232 1142 1347 1203 τοῖς
1378 1138 1675 1209 ὀφθαλμοῖς
1690 1138 1749 1193 τὸ

162 1234 403 1287 δείλαιον
429 1232 616 1285 τέκνον
644 1230 989 1304 βρέφοςνταϊς
1013 1229 1169 1302 χερσὶ
1191 1229 1283 1283 τοῦ
1302 1230 1497 1300 δημίου
1517 1229 1749 1299 διαφθει-

164 1327 439 1397 ρόμενονς
474 1325 598 1389 Πῶς
650 1324 717 1378 ἄν
748 1341 835 1388 τις
865 1324 934 1378 τά
972 1324 1081 1380 τῶν
1112 1323 1363 1395 πατέρων
1400 1323 1746 1395 διηγήσαιτος

161 1418 282 1482 Td;
323 1418 680 1489 ἀνακλήσεις,
702 1417 802 1481 τὰς
846 1416 1124 1487 οἰμωγὰς,
1154 1416 1251 1480 τάς
1279 1416 1596 1480 τελευταίας
1639 1416 1746 1470 τῶν

159 1511 372 1564 τέκνων
398 1508 772 1579 περιπλοκάς;
803 1508 897 1561 καὶ
931 1506 1142 1561 πολλῶν
1172 1506 1287 1577 ἃμα
1320 1506 1577 1561 τοιούτων
1606 1506 1748 1561 κατὰ

157 1600 363 1654 ταύτὸν
393 1600 769 1670 γιγνομένων;
800 1599 895 1663 Τίς
933 1600 1001 1654 ἀν
1051 1600 1113 1653 τὸ
1142 1599 1419 1665 πολυειδὲς
1453 1602 1548 1654 καὶ
1586 1600 1750 1654 πολύ-

158 1711 369 1765 τροπον
395 1694 495 1764 τῆς
536 1695 823 1765 συμφορᾶς
868 1693 1258 1765 τραγῳδήσειε,
1288 1694 1389 1757 τὰς
1418 1694 1610 1758 διπλᾶς
1639 1694 1749 1748 τῶν

1847 502 2022 556 cendo
2064 502 2239 572 possit
2282 504 2592 572 exprimere
2645 502 2957 558 carniﬁcem
3006 503 3188 574 gladio
3223 515 3417 558 contra

1845 610 2075 665 puerum
2109 594 2432 657 irruentem,
2488 603 2541 649 et
2588 601 2746 649 torvo
2802 594 3052 665 trucique
3097 596 3252 648 vultu
3284 611 3419 649 con-

1845 696 2111 750 tuentem,
2160 686 2452 757 verbisque
2491 687 2807 742 crudelibus
2852 686 3236 756 alloquentem.
3311 702 3417 739 una

1844 779 2063 847 quidem
2092 794 2257 832 manu
2289 778 2675 847 corripientem
2702 777 3054 840 infantulum,
3090 777 3259 830 altera
3288 791 3421 830 vero

1845 871 2085 939 gladium
2130 870 2476 941 adigentem;
2515 878 2742 923 matrem
2778 884 2943 938 porro
2968 884 3033 922 ex
3064 868 3234 923 altera
3266 877 3420 937 parte

1846 963 2018 1015 filium
2059 962 2126 1016 ad
2173 978 2231 1017 se
2282 961 2614 1025 trahentem,
2661 961 3122 1030 objicientemque
3150 962 3417 1015 cervicem

1847 1070 2001 1109 suam
2064 1063 2226 1108 acuto
2270 1054 2473 1125 gladio,
2527 1069 2596 1107 ne
2660 1054 2921 1108 miserum
2980 1053 3148 1106 ﬁlium
3198 1053 3422 1106 carniﬁ-

1846 1144 1929 1200 cis
1986 1162 2148 1200 manu
2212 1153 2470 1200 necatum
2540 1145 2774 1214 propriis
2834 1145 3012 1199 oculis
3064 1145 3422 1199 intueretur?

1847 1234 1984 1301 Quis
2040 1237 2276 1307 explicet
2328 1253 2392 1290 ea
2451 1251 2571 1306 qum
2630 1246 2813 1307 patres
2870 1244 3058 1306 agunt,
3118 1239 3422 1292 revocatio-

1848 1344 1965 1392 nes,
1997 1328 2254 1398 suspiria,
2292 1336 2601 1398 postremos
2636 1328 2872 1384 ﬁliorum
2906 1328 3244 1397 complexus,
3284 1344 3423 1398 pm-

1847 1417 2035 1472 sertim
2074 1432 2199 1471 cum
2236 1416 2379 1471 idem
2435 1434 2463 1470 a
2504 1415 2692 1471 multis
2744 1415 2839 1469 fiat
2887 1416 3077 1469 eodem
3139 1417 3423 1484 tempore?

1848 1508 1983 1576 Quis
2017 1510 2222 1564 variam
2258 1509 2734 1580 multiplicemque
2762 1508 3151 1570 calamitatem,
3193 1517 3249 1562 et
3289 1522 3423 1562 con-

1852 1603 2159 1673 «Inplicatos
2208 1617 2602 1672 puerperarum
2650 1601 2870 1655 dolores
2921 1610 3113 1670 partus
3140 1610 3419 1671 exponat,

1849 1703 1903 1749 et
1963 1694 2297 1759 acerrimas,
2360 1709 2499 1763 quas
2552 1692 2879 1747 admovebat
2944 1700 3185 1757 natura,
3225 1691 3425 1748 faces?

158 1758 470 1863 ἀρτιτόκων
773 1758 917 1852 Τοὺς
959 1758 1173 1857 δριμεῖς
1203 1787 1484 1859 καυτῆρας
1510 1788 1611 1859 τῆς
1646 1786 1749 1856 φύ-

1851 1785 2135 1851 Quomodo
2188 1800 2325 1855 puer
2376 1758 2565 1839 infelix
2614 1794 2671 1839 et
2717 1784 2869 1839 uberi
2910 1784 3075 1839 simul
3109 1784 3420 1849 inhaereret,

161 1897 343 1945 σεως;
367 1879 558 1943 Ὅπως
610 1878 672 1931 τὸ
721 1877 904 1932 ἄθλιον
939 1876 1136 1948 βρέφος
1175 1876 1311 1948 όμοῦ
1363 1894 1424 1930 τε
1469 1876 1548 1948 τῷ
1594 1876 1749 1948 μαζῷ

158 1968 503 2041 προσεφύετο
525 2009 541 2034 ,
568 1968 666 2021 καὶ
718 1966 809 2020 διὰ
856 1966 967 2020 τῶν
1019 1967 1343 2038 σπλάγχνων
1373 1966 1471 2038 τὴν
1529 1968 1751 2038 καιρίαν

160 2062 380 2133 ἐδέχετο
398 2078 413 2127 ;
441 2063 629 2126 Ὅπως
649 2060 907 2132 ήδειλαία
927 2060 1113 2132 μήτηρ
1136 2062 1230 2115 καὶ
1250 2061 1349 2131 τὴν
1370 2060 1539 2133 θηλὴν
1564 2064 1749 2131 ἐπεῖχε

155 2149 242 2221 τῷ
280 2149 374 2203 τοῦ
402 2149 599 2219 νηπίου
629 2148 881 2219 στόματι,
911 2150 1005 2202 καὶ
1034 2149 1097 2201 τὸ
1134 2143 1275 2219 αἷμα
1302 2149 1396 2202 τοῦ
1421 2150 1615 2203 τέκνου
1638 2152 1750 2212 τοῖς

159 2240 387 2304 κῶιποις
412 2239 934 2310 ὲδέχετο;[1ολλάκις
962 2239 1017 2292 δέ
1039 2256 1140 2292 που
1169 2242 1234 2310 τῇ
1267 2240 1413 2311 ῥύμῃ
1435 2240 1535 2309 τῆς
1569 2240 1751 2310 χειρὸς

156 2332 189 2383 6
222 2330 441 2402 δήμιος,
475 2331 573 2402 μιᾷ
608 2329 704 2384 τοῦ
756 2329 942 2399 ξίφους
973 2333 1141 2403 ὁρμῇ,
1182 2331 1244 2385 τὸ
1268 2332 1454 2385 τέκνον
1481 2335 1545 2403 τῇ
1582 2334 1751 2404 μητρὶ

158 2423 481 2495 συνδιήλασε
508 2463 523 2489 ,
556 2422 650 2476 καὶ
693 2423 752 2477 ἓν
776 2422 871 2477 τοῦ
920 2424 1151 2494 αἵματος
1172 2423 1233 2476 τὸ
1275 2425 1484 2496 όείθρον
1512 2426 1747 2492 ἐγένετο,

156 2514 227 2569 ἔκ
253 2531 315 2567 τε
355 2515 458 2585 τῆς
496 2514 753 2586 μητρῴας
798 2514 1015 2585 πληγῆς
1060 2515 1153 2569 καὶ
1188 2516 1253 2567 ὲκ
1279 2517 1379 2586 τῆς
1409 2514 1628 2587 καιρίας
1652 2514 1748 2569 τοῦ

155 2606 356 2660 τέκνου
384 2604 882 2676 καταμιγνύμενον.
928 2605 1145 2677 Ἐπειδὴ
1174 2605 1231 2659 δὲ
1268 2606 1363 2658 καὶ
1392 2605 1552 2658 τοῦτο
1582 2606 1750 2677 πρόσ-

157 2715 347 2752 κειται
388 2701 457 2770 τῇ
502 2700 675 2770 μιαρᾷ
716 2698 813 2752 τοῦ
877 2697 1117 2769 Ἡρώδου
1166 2700 1340 2769 φωνῇ,
1367 2698 1429 2752 τὸ
1464 2697 1539 2770 μὴ
1588 2699 1749 2769 μόνον

1846 1884 1900 1931 et
1939 1892 2035 1947 per
2090 1878 2303 1932 viscera
2371 1878 2587 1931 letalem
2641 1876 2853 1947 plagam
2911 1876 3229 1947 acciperet?
3277 1875 3426 1943 Quo-

1848 1966 2012 2022 modo
2066 1966 2268 2022 misera
2316 1975 2493 2021 mater
2550 1966 2715 2021 simul
2778 1964 3006 2021 infantis
3050 1967 3134 2022 ori
3166 1967 3421 2023 subderet

1848 2059 2041 2124 ubera,
2095 2067 2151 2113 et
2204 2058 2330 2114 sinu
2371 2058 2695 2128 sanguinem
2722 2057 2844 2126 ejus
2884 2058 3423 2128 exciperetHlanus

1848 2159 2030 2205 autem
2083 2151 2291 2221 impetu
2353 2164 2732 2219 saepenumero
2786 2148 3037 2205 carnifex
3095 2166 3207 2206 uno
3258 2153 3421 2222 gladii

1848 2241 1959 2295 ictu
2023 2242 2196 2295 lilium
2245 2251 2300 2296 et
2336 2248 2565 2294 matrem
2598 2240 3013 2302 consauciabat,
3042 2248 3097 2295 et
3125 2256 3268 2297 unus
3299 2257 3426 2297 san-

1846 2332 2030 2404 guinis
2079 2334 2233 2387 rivus
2267 2347 2335 2387 ex
2388 2332 2587 2386 matris
2621 2334 2774 2403 plaga
2806 2340 2861 2386 et
2888 2348 2953 2387 ex
2986 2332 3276 2388 mortifero
3308 2334 3427 2388 vul-

1846 2440 1979 2481 nere
2000 2424 2094 2479 ﬁlii
2121 2424 2321 2479 mistns
2353 2423 2703 2480 decurrebat.
2730 2422 2849 2478 .lam
2883 2439 3032 2491 vero,
3067 2440 3190 2480 cum
3220 2424 3428 2480 nefaria

1847 2516 2087 2573 Herodis
2110 2517 2385 2571 sententia
2419 2532 2527 2571 non
2580 2517 2759 2571 solum
2812 2533 2989 2587 nuper
3046 2517 3217 2587 geniti
3265 2532 3429 2572 neca-

1846 2618 2061 2671 rentur,
2091 2609 2187 2663 sed
2218 2610 2384 2663 etiam
2423 2609 2525 2671 illi,
2557 2609 2648 2678 qui
2680 2609 2910 2662 alterum
2942 2610 3175 2679 agebant
3199 2626 3425 2671 annum,

1849 2708 2180 2771 raperentur
2212 2700 2281 2755 ad
2314 2709 2549 2755 mortem
2584 2700 2651 2762 δ’,
2685 2700 2977 2770 (scriptum
3001 2708 3085 2755 est
3120 2701 3267 2757 enim
3301 2717 3428 2775 epm

158 2792 308 2845 κατά
336 2789 445 2844 τῶν
495 2790 798 2861 ἀρτιγενῶν
836 2790 939 2861 τὴν
982 2790 1356 2862 θανατηφόρον
1404 2791 1748 2861 ἐξενεχθῆναι

1851 2788 2126 2858 iussisse",
2177 2788 2418 2845 bimulos
2468 2797 2522 2843 et
2573 2788 2819 2843 minores
2894 2788 3193 2857 interﬁci),
3243 2789 3430 2843 videre

156 2884 375 2953 ψῆφον,
411 2882 524 2936 ἀλλ’
550 2883 606 2955 εἰ
634 2900 719 2947 τις
763 2882 858 2935 καὶ
899 2884 980 2946 είς
1027 2881 1281 2955 δεύτερον
1316 2882 1588 2955 προῆλθεν
1628 2884 1749 2948 ἔτος

1851 2891 1968 2936 erat
2028 2889 2236 2935 matres
2285 2895 2394 2935 non
2423 2895 2651 2951 paucas,
2698 2897 2819 2951 qua:
2851 2896 2916 2935 eo
2949 2882 3214 2951 temporis
3249 2881 3433 2949 spatio

159 2975 261 3029 καὶ
284 2975 473 3031 τοῦτον
510 2975 855 3047 ἀνάρπαστον
884 2973 1136 3043 γενέσθαι
1168 2974 1501 3047 (γέγραπται
1525 2975 1748 3046 γάρ,ότι

1851 2971 1988 3029 duos
2026 2972 2167 3027 filios
2210 2972 2386 3027 enixae
2417 2970 2655 3026 fuerant.
2686 2970 2971 3038 Quodnam
3007 2971 3175 3040 igitur
3207 2986 3427 3026 rursum

157 3067 275 3124 ἀπὸ
305 3065 511 3131 διετοῦς
543 3067 637 3120 καὶ
666 3064 1010 3136 κατωτέρω)·
1045 3064 1232 3136 ἕτερον
1262 3067 1321 3119 ἐν
1345 3066 1575 3131 τούτοις,
1608 3067 1749 3122 κατά

1852 3065 1907 3119 in
1942 3064 2032 3121 his
2058 3065 2435 3133 spectaculum
2470 3066 2826 3129 cernebatur,
2853 3079 2977 3118 cum
3008 3063 3119 3118 duo
3143 3062 3431 3120 carniﬁces

158 3160 227 3213 τὸ
256 3158 423 3222 είκὺς,
454 3157 624 3223 πάθος
656 3160 685 3212 6
716 3156 873 3224 λόγος
912 3155 1119 3227 βλέπει.
1145 3160 1269 3211 Ὅτι
1302 3158 1559 3223 πολλάκις
1586 3160 1616 3213 ὁ
1653 3176 1746 3231 με·

160 3250 300 3316 ταξὺ
324 3252 533 3323 χρόνος,
561 3250 654 3303 δύο
684 3250 893 3303 τέκνων
930 3248 1141 3321 μητέρα
1162 3250 1259 3323 τὴν
1279 3251 1448 3322 αὐτὴν
1471 3251 1743 3324 ἐποίησεν.

163 3341 294 3399 οἷον
339 3340 432 3399 οὖν
449 3339 518 3414 ἦν
556 3344 648 3397 ἐπὶ
677 3343 788 3397 τῶν
836 3341 1092 3396 τοιούτων
1125 3342 1287 3397 πάλιν
1338 3343 1399 3396 τὸ
1430 3344 1629 3414 θέαμα,
1657 3344 1751 3405 δύο

160 3436 378 3509 δημίων
407 3435 539 3507 περὶ
593 3435 721 3506 μίαν
752 3434 1167 3505 ἀσχολουμένων
1216 3435 1449 3507 μητέρα·
1488 3436 1585 3490 τοῦ
1627 3436 1747 3506 μὲν,

162 3532 229 3587 τὸ
254 3529 531 3602 παραθέον
564 3528 699 3599 πρὸς
727 3528 917 3582 ἑαυτὸν
948 3526 1227 3592 ἕλκοντος,
1259 3527 1356 3581 τοῦ
1401 3528 1487 3592 δὲ,
1518 3529 1580 3582 τὸ
1618 3529 1752 3583 ὑπο-

168 3622 364 3694 μάζιον
388 3620 739 3684 ἀνασπῶντος
756 3620 853 3674 τοῦ
879 3621 1082 3674 κόλπου
1103 3638 1117 3686 ;
1144 3621 1208 3674 Τί
1236 3622 1464 3693 πάσχειν
1488 3623 1634 3687 είκδς
1657 3624 1752 3677 ἐπὶ

162 3716 381 3779 τούτοις
420 3714 516 3785 τὴν
552 3713 744 3768 ἀθλίαν
790 3713 1035 3783 μητέρα;
1074 3713 1211 3784 πρὸς
1251 3713 1343 3767 δύο
1370 3714 1535 3768 τέκνα
1574 3714 1753 3786 σχιζο-

170 3808 343 3880 μένης
378 3806 475 3875 τῆς
515 3803 749 3873 φύσεως,
776 3805 1038 3873 ἐκατέρου
1068 3804 1212 3857 κατά
1239 3804 1299 3859 τὸ
1330 3799 1448 3857 ἴσον
1490 3808 1602 3869 τοῖς
1644 3823 1752 3876 μη·-

165 3899 368 3971 τρῴοις
394 3896 723 3965 σπλάγχνοις
750 3895 812 3948 τὸ
839 3894 949 3969 πῦρ
974 3895 1501 3963 ἀναφλέγοντος,ούκ
1526 3896 1753 3966 ἔχουσαν

170 3990 313 4061 ποίῳ
334 3989 367 4060 ἢ
383 3986 488 4041 τίνι
510 3986 617 4040 τῶν
632 3985 883 4057 πονηρῶν
901 3984 1254 4057 ἀκολουθήσει
1273 3986 1337 4056 δη
1347 3986 1504 4057 μίων;
1523 3986 1627 4040 Τοῦ
1654 3988 1754 4056 μὲν

170 4079 443 4140 ιντεῦθεν,
458 4077 552 4133 τοῦ
585 4078 643 4132 δὲ
662 4076 928 4148 ἑτέρωθεν
953 4076 1086 4149 πρὸς
1108 4078 1208 4149 τὴν
1225 4078 1436 4149 σφαγὴν
1460 4078 1755 4150 ἐφελκομέ-

168 4192 281 4231 νων
295 4174 366 4228 τά
378 4175 550 4244 νήπια
568 4187 582 4201 ⁸
598 4170 923 4242 προσδράμῃ
951 4170 1042 4224 ἐπὶ
1059 4170 1137 4241 τῷ
1155 4173 1410 4239 νεογενεῖ,
1433 4170 1644 4243 ἄσημον
1674 4172 1754 4227 ἔτι

170 4268 268 4323 καὶ
285 4265 688 4339 ἀδριάρθρωτον
717 4262 806 4318 τδν
833 4264 1064 4335 όδυρμὸν
1085 4265 1319 4333 ἀφιέντι;
1338 4265 1473 4318 Ἀλλ’
1490 4266 1755 4337 ἀκροᾶται

168 4358 267 4415 τοῦ
323 4358 484 4415 άλλου
538 4356 639 4428 ἤδη
702 4355 1097 4427 φθεγγομένου,
1141 4356 1237 4410 καὶ
1280 4356 1641 4433 ψελλιζομένῃ
1686 4362 1751 4432 τῇ

1849 3159 1995 3214 circa
2055 3167 2285 3212 matrem
2346 3172 2511 3211 unam
2574 3166 2764 3213 essent
2821 3156 3115 3226 occupati,
3179 3170 3434 3224 unusque

1849 3268 2018 3323 prope
2050 3259 2367 3305 currentem
2404 3250 2574 3305 ﬁlium
2614 3250 2683 3304 ad
2713 3266 2775 3306 se
2797 3258 3035 3321 raperet.
3068 3250 3208 3305 alter
3245 3257 3430 3303 autent

1851 3344 2142 3399 lactentem
2178 3343 2359 3397 adhuc
2392 3341 2729 3397 infantulum
2754 3357 2786 3397 e
2820 3342 3032 3413 gremio
3062 3341 3254 3396 matris
3284 3341 3433 3395 evel-

1851 3435 2027 3489 leret?
2072 3434 2219 3499 Quid
2260 3442 2375 3487 tum
2427 3434 2595 3489 faciat
2622 3443 2799 3489 mater
2830 3434 3044 3498 infelix,
3075 3448 3203 3488 cum
3234 3440 3435 3486 natura

1852 3528 2106 3584 bifariam
2158 3528 2211 3581 in
2258 3527 2401 3581 lilios
2456 3529 2773 3590 divellatur,
2805 3537 2859 3582 et
2915 3536 3147 3597 utroque
3175 3526 3285 3581 lilio
3313 3540 3435 3580 ma-

1851 3621 2025 3676 ternis
2084 3619 2397 3674 visceribus
2454 3636 2519 3675 ex
2555 3634 2713 3690 atquo
2759 3619 2912 3673 faces
2960 3619 3307 3680 admovente,
3340 3632 3438 3673 ne-

1852 3715 1994 3769 sciat
2030 3720 2214 3766 utrum
2268 3727 2336 3766 ex
2376 3711 2732 3767 carnificibus
2782 3710 2935 3779 prius
2974 3716 3259 3778 sequatur,
3305 3722 3435 3761 cum

1853 3821 1995 3861 unus
2031 3819 2097 3859 ex
2131 3803 2255 3865 hac,
2284 3803 2424 3857 alter
2460 3818 2527 3858 ex
2558 3802 2653 3856 illa
2694 3813 2849 3873 parte
2891 3815 3091 3870 pueros
3126 3800 3192 3854 ad
3229 3797 3437 3854 czedem

1856 3893 2071 3951 trahat?
2112 3901 2478 3963 procurratne
2512 3893 2579 3946 ad
2631 3908 2808 3963 nuper
2846 3892 3115 3962 genitum,
3168 3888 3437 3945 confusos

1856 3988 2317 4056 indistinctosque
2357 3986 2597 4057 gemitus
2637 3984 3020 4040 emittentem?
3057 3993 3112 4037 at
3154 3984 3435 4039 inhibetur

1856 4083 1927 4138 ab
1963 4082 2135 4136 altero
2170 4081 2281 4149 jam
2316 4079 2597 4150 loquente,
2630 4076 3071 4148 balbutientique
3103 4077 3287 4146 lingua
3314 4090 3435 4129 ma-

1856 4186 1992 4232 trem
2034 4175 2387 4230 inclamante.
2443 4172 2714 4238 Quidnam
2757 4170 2922 4241 agat?
2963 4185 3072 4240 quo
3111 4185 3172 4224 se
3220 4168 3436 4223 vertat?

1857 4269 2052 4325 Utrius
2072 4266 2195 4321 voci
2231 4281 2368 4322 voce
2398 4279 2501 4321 sua
2528 4264 2908 4335 respondeat?
2947 4261 3140 4319 Utrius
3166 4260 3436 4331 gemitum

1858 4362 2060 4435 gemitu
2105 4360 2348 4429 excipiat
2383 4359 2525 4415 suo?
2568 4356 2758 4413 Utrius
2806 4355 3005 4412 defleat
3047 4368 3262 4417 necem,
3307 4366 3437 4407 cum

169 4454 327 4523 φωνῇ
382 4448 520 4522 μετὰ
558 4447 809 4520 δακρύων
847 4448 950 4521 τὴν
984 4450 1199 4521 μητέρα
1238 4450 1654 4515 ἀνακαλοῦντος.
1688 4453 1753 4507 Τί

1859 4466 2088 4523 uterque
2122 4460 2335 4507 naturae
2365 4449 2608 4507 stimulis
2638 4463 2794 4520 aque
2838 4447 3099 4503 miseram
3136 4442 3331 4501 feriat?

169 4546 322 4618 πάθῃ
352 4565 367 4613 ;
392 4546 489 4609 Τίς
518 4546 586 4601 ἂν
620 4546 882 4615 γένηταις
916 4544 1071 4608 Τίνος
1112 4547 1181 4616 τῇ
1253 4549 1404 4617 φωνῇ
1477 4548 1823 4621 ἀντιϐοήσει;
1863 4550 2021 4613 Τίνος
2071 4552 2139 4619 τῇ
2201 4549 2415 4619 οἰμωγῇ
2460 4546 2817 4618 ἀντοδύρηται
2850 4543 3037 4615 ςΠοίῳ
3065 4540 3435 4614 ἀποθρηνήσει

170 4640 406 4708 θανάτῳ,
431 4639 561 4702 ίσως
581 4638 665 4707 ἐφ’
688 4636 932 4710 ἑκατέρῳ
960 4636 1328 4708 μαστιζομένη
1358 4641 1469 4703 τοῖς
1506 4640 1753 4713 κέντροις
1784 4643 1885 4714 τῆς
1914 4643 2159 4711 φύσεως-ς

258 4735 397 4788 Ἀλλ’
428 4734 806 4805 ἀπαγάγωμεν
840 4734 942 4804 τὴν
990 4734 1160 4804 ἀκοὴν
1189 4734 1296 4788 τῶν
1334 4736 1429 4789 ἐπὶ
1456 4740 1569 4801 τοῖς
1594 4740 1753 4792 παισὶ

171 4830 422 4900 θρήνων,
470 4829 565 4881 καὶ
612 4827 749 4898 πρὸς
796 4827 868 4881 τά
917 4828 1257 4900 εύθυμότερα
1298 4830 1392 4883 καὶ
1440 4830 1641 4901 μᾶλλον
1684 4835 1749 4904 τῇ

172 4923 336 4993 ἑορτῇ
369 4919 645 4990 πρέποντα
679 4920 777 4989 τὴν
814 4919 1053 4973 διάνοιαν
1091 4920 1399 4991 τρέφωμεν,
1437 4920 1538 4975 κᾶν
1582 4923 1753 4994 ὑπερ-

172 5012 358 5065 ϐοῶσα
395 5012 537 5065 κατὰ
565 5012 664 5083 τὴν
705 5012 1040 5081 προφητείαν
1076 5014 1108 5083 ἡ
1153 5012 1350 5084 Ῥαχὴλ
1387 5014 1487 5085 τὴν
1538 5015 1753 5086 σφαγὴν

170 5104 284 5156 τῶν
325 5102 529 5157 τέκνων
582 5101 933 5174 ὀλοφύρηται.
989 5103 1079 5157 Ἐν
1121 5103 1229 5176 γὰρ
1283 5105 1466 5177 ἡμέρᾳ
1526 5106 1752 5178 ἑορτῆς,

173 5199 358 5263 καθώς
407 5217 570 5269 φησιν
605 5200 635 5251 6
680 5200 841 5268 σοφὸς
892 5198 1178 5271 Σολομὼν,
1218 5200 1493 5272 ἀμνηστία
1551 5203 1751 5273 πρέπει

176 5291 385 5344 κακῶν.
412 5292 507 5356 Τίς
534 5292 578 5344 δ’
606 5292 672 5345 ἂν
696 5292 906 5360 γένοιτο
932 5292 1029 5363 τῆς
1059 5293 1250 5363 ἑορτῆς
1274 5294 1405 5364 ἡμῖν
1431 5293 1632 5365 ταύτης
1659 5295 1751 5347 εύ-

178 5381 477 5453 σημοτέρα,
492 5382 549 5433 ὲν
616 5382 711 5453 τὴν
734 5380 975 5453 πονηρὰν
1006 5381 1102 5435 τοῦ
1123 5382 1368 5436 διαϐόλου
1395 5383 1752 5454 σκοτόμαιναν

174 5472 395 5543 διαχέας
422 5474 449 5526 6
470 5474 569 5544 τῆς
596 5472 937 5545 δικαιοσύνης
962 5473 1109 5544 ἥλιος
1132 5515 1145 5539 ,
1176 5473 1244 5527 δι’
1292 5474 1461 5544 αὐτῆς
1493 5476 1591 5546 τῆς
1618 5478 1753 5547 ἡμεο

178 5564 343 5635 τέρας
372 5566 585 5635 φύσεως
614 5567 909 5638 ἐπιλάμπει
934 5570 998 5639 τῇ
1033 5566 1213 5637 φύσει,
1237 5569 1294 5620 ὲν
1324 5562 1439 5640 ᾖτὸ
1467 5569 1752 5631 πεπτωκὸς

250 5739 298 5773 δ’
330 5740 513 5797 Matth.
550 5759 608 5808 ιι,
644 5743 727 5798 lli.
803 5744 850 5775 '°
875 5742 1074 5799 Jerem.
1114 5760 1264 5809 xui,
1298 5743 1391 5809 lii;
1429 5742 1614 5797 Matth.
1646 5758 1703 5810 ιι,
1746 5743 1823 5801 l7.

1925 4738 2031 4793 Sed
2063 4752 2422 4792 amoveamus
2455 4749 2621 4790 aures
2661 4733 2730 4788 ab
2760 4732 2914 4788 hisce
2942 4727 3255 4802 questibus,
3279 4732 3337 4781 et
3364 4723 3432 4779 ad

1854 4830 2061 4885 laetiora
2091 4829 2312 4898 dieique
2352 4828 2496 4884 festo
2520 4827 2692 4898 magis
2722 4822 3103 4882 convenientia
3142 4817 3433 4889 cogitatio-

1854 4937 1983 4976 nem
2035 4928 2450 4986 convertamus,
2497 4920 2625 4974 licet
2678 4917 2909 4981 Rachel,
2954 4924 3016 4971 ut
3066 4913 3247 4984 inquit
3303 4925 3435 4982 pro.

1855 5013 2019 5083 pheta
2039 5013 2109 5078 ",
2137 5012 2389 5066 clamans
2428 5011 2665 5066 ﬁliorum
2706 5008 2909 5064 caedem
2950 5006 3216 5077 deploret.
3253 5002 3313 5057 In
3344 5002 3437 5057 die

1853 5106 2000 5160 enim
2033 5104 2195 5170 festo,
2239 5114 2295 5160 ut
2326 5107 2403 5159 ait
2442 5106 2665 5175 sapiens
2699 5102 2984 5162 Salomon,
3026 5098 3298 5153 malorum
3336 5095 3433 5151 de-

1853 5207 1939 5253 cet
1970 5198 2243 5253 oblivisci.
2292 5197 2425 5265 Qua:
2458 5206 2639 5252 autem
2680 5196 2837 5251 nobis
2866 5192 3133 5249 celebrior
3175 5189 3295 5244 dies
3332 5188 3435 5243 hac

1853 5305 1975 5345 esse
2007 5296 2207 5361 potest.
2249 5290 2303 5343 in
2350 5305 2459 5358 qua
2499 5289 2673 5342 malas
2705 5286 2909 5340 diaboli
2946 5282 3208 5339 tenebras
3244 5280 3434 5335 discit-

1853 5384 1999 5439 tiens
2048 5384 2279 5453 justitlae
2334 5384 2417 5439 sol
2473 5399 2569 5453 per
2628 5390 2881 5436 naturam
2942 5388 3187 5432 nostram
3246 5374 3434 5428 illucet

1855 5477 2082 5541 mundo,
2121 5478 2176 5532 in
2212 5491 2345 5547 qna,
2384 5477 2477 5547 qui
2521 5474 2742 5538 cecidit,
2785 5472 3085 5535 excitatur,
3123 5467 3220 5539 qui
3256 5466 3432 5520 hostis

1855 5569 2036 5626 factus
2074 5580 2180 5640 est,
2233 5571 2285 5627 in
2334 5570 2567 5642 gratiam
2620 5566 2904 5637 recipitur,
2951 5565 3047 5637 qui
3084 5562 3296 5634 ejectus
3347 5567 3430 5615 est
