3822 6392
398 249 537 306 1147

1697 252 1755 308 S.
1791 249 2123 308 GREGORII’
2147 249 2438 308 NYSSENI

3506 247 3652 302 1148

398 377 711 433 revocatur,
763 371 856 442 qui
895 386 926 427 e
969 371 1072 426 vita
1109 370 1310 428 excidit
1357 372 1426 426 ad
1460 373 1626 428 vitam
1671 375 1839 439 redit,
1869 391 1962 444 qui

2082 374 2463 445 ὶνεγήγερται,
2510 371 2570 425 τὸ
2605 369 3127 440 ἐκπεπολεμωμένον
3174 368 3252 430 εἰς
3297 364 3654 430 καταλλαγάς

398 461 717 518 servitutem
763 463 1008 527 servivit,
1053 465 1210 534 regni
1261 463 1581 534 dignitatem
1626 466 1965 536 assequitur,

398 553 492 622 qui
529 556 719 608 mortis
763 555 998 609 vinculis
1038 555 1373 609 constrictus
1419 566 1524 620 est,
1569 557 1635 612 ad
1689 559 1967 628 regionem

397 644 696 698 viventium
723 647 1056 700 revertitur?
1085 645 1264 710 Nunc,
1283 654 1340 701 ut
1359 646 1629 717 Propheta
1653 651 1965 715 testatur“,

397 750 551 790 aerea:
576 737 768 792 mortis
792 748 960 806 portae
987 737 1435 808 confringuntur,
1453 739 1630 795 ferrea
1659 743 1969 798 comminu-

405 834 573 880 untur
631 829 870 893 vincula,
909 830 1112 898 quibus
1158 837 1318 885 antea
1349 846 1522 900 genus
1580 832 1861 888 hominum
1913 834 1968 888 in

399 919 595 971 mortis
626 919 876 973 custodia
913 920 1284 976 detinebatur.
1315 919 1494 986 Nunc,
1544 932 1600 976 ut
1633 923 1834 977 cecinit
1861 923 1968 977 Da-

400 1009 488 1062 vid
510 1010 574 1072 ",
605 1009 910 1064 recluditur
937 1019 1092 1080 porta
1110 1011 1357 1079 justitiaa.
1385 1011 1538 1067 Nunc
1561 1028 1657 1084 per
1679 1023 1853 1068 totum
1873 1030 1968 1068 or-

398 1099 521 1154 bem
546 1115 651 1154 una
686 1116 819 1157 voce
847 1100 1046 1157 festum
1081 1103 1473 1158 celebrantium
1507 1104 1718 1159 clamor
1743 1105 1963 1160 exaudi-

398 1199 509 1246 tur.
551 1189 654 1247 Per
689 1191 969 1247 hominem
1012 1208 1184 1257 mors,
1231 1201 1288 1248 et
1334 1209 1431 1264 per
1476 1195 1750 1249 hominem
1798 1196 1969 1252 salus.

400 1282 617 1338 Primus
647 1285 704 1339 in
737 1292 1018 1354 peccatum
1038 1286 1228 1356 lapsus
1248 1295 1332 1342 est
1363 1306 1375 1342 :
1397 1288 1670 1357 jacentem
1695 1289 1972 1345 secundus

402 1379 710 1434 suscitavit.
757 1378 805 1432 A
845 1379 1072 1434 muliere
1107 1379 1305 1434 mulier
1343 1381 1571 1436 defensa
1617 1389 1703 1437 est
1739 1399 1752 1434 :
1794 1381 1970 1450 prima

402 1478 631 1539 peccato
674 1469 880 1524 aditum
924 1471 1200 1540 patefecit,
1234 1473 1350 1528 hxc
1389 1481 1450 1527 ut
1490 1474 1721 1544 justitiae
1758 1483 1972 1544 pateret

405 1560 611 1624 aditus,
662 1564 916 1617 ministra
957 1563 1081 1617 fuit.
1121 1563 1216 1618 Illa
1259 1565 1533 1635 serpentis
1561 1567 1854 1621 consilium
1889 1574 1973 1622 est

405 1662 615 1718 secuta,
661 1655 776 1709 haec
827 1658 1098 1726 serpentis
1140 1657 1548 1713 interfectorem
1595 1659 1863 1722 exhibuit,
1918 1667 1972 1714 et

2066 466 2278 533 ἄγεται,
2311 466 2371 519 τὸ
2415 463 2793 537 ἀποκηρυχθὲν
2822 461 3170 529 ἐπανάγεται,
3200 459 3263 512 τὸ
3287 458 3655 518 ὲκπεπτωκὸς

2067 556 2168 620 τῆς
2187 555 2331 626 ζωῆς
2353 558 2434 620 εἰς
2456 556 2554 626 τὴν
2587 555 2732 626 ζωὴν
2753 553 3134 623 ἐπανέρχεται,
3169 551 3231 603 τὸ
3262 553 3329 621 τῇ
3362 546 3654 618 αἰχμαλω-

2070 649 2159 720 σίᾳ
2195 648 2588 720 δεδουλωμένον
2619 649 2700 711 εἰς
2743 646 2842 718 τὴν
2874 649 2972 717 τῆς
3017 645 3290 715 βασιλείας
3332 643 3498 710 ἀξίαν
3555 642 3652 692 ἑπ-

2068 738 2522 809 αναλαμϐάνεται,
2551 739 2612 791 τὸ
2644 739 2756 800 τοῖς
2803 737 3021 807 δεσμοῖς
3057 734 3152 789 τοῦ
3200 735 3430 788 θανάτου
3471 750 3649 785 πεπεο

2067 832 2315 904 δημένον,
2347 831 2532 885 ἄνετον
2560 830 2697 900 πρὸς
2725 828 2825 900 τὴν
2855 828 3038 899 χώραν
3061 828 3169 880 τῶν
3195 826 3412 891 ζώντων
3438 827 3649 878 ἐπανα-

2067 923 2248 994 τρέχει
2277 940 2292 988 ;
2327 921 2454 983 Νῦν,
2487 921 2629 974 κατὰ
2665 920 2764 992 τὴν
2820 919 3176 992 προφητείαν,
3206 919 3260 973 αἱ
3311 917 3519 988 χαλκαῖ
3556 915 3648 968 τοῦ

2069 1015 2298 1068 θανάτου
2338 1013 2501 1066 πύλαι
2536 1012 2942 1084 συντρίϐονται·
2968 1013 3018 1064 οἱ
3059 1012 3266 1082 σιδηροῖ
3302 1008 3646 1078 συγκλῶνται

2072 1098 2375 1175 μοχλοὶ,οίς
2406 1102 2668 1174 πρότερον
2699 1101 3093 1173 καθειργμένον
3112 1096 3181 1171 ἧν
3199 1101 3260 1153 τὸ
3289 1099 3399 1152 τῶν
3430 1095 3646 1168 ἀνθρὼ-

2071 1213 2188 1250 πων
2228 1195 2380 1264 γένος
2399 1197 2458 1248 ὲν
2481 1198 2548 1266 τῇ
2573 1194 2664 1248 τοῦ
2688 1194 2918 1248 θανάτου
2946 1195 3176 1265 φρουρᾷ.
3201 1193 3314 1245 Νῦν
3345 1191 3645 1258 ἀνοίγεται,

2071 1287 2252 1348 καθώς
2287 1303 2448 1358 φησιν
2489 1289 2518 1340 ό
2563 1285 2744 1349 Δασὶδ,
2767 1287 2801 1356 ἡ
2838 1285 2977 1356 πύλη
3020 1288 3119 1356 τῆς
3147 1282 3514 1351 δικαιοσύνης.
3537 1280 3648 1333 Νῦν

2069 1379 2348 1449 ὁμόφωνος
2395 1377 2534 1432 κατά
2571 1380 2753 1432 πᾶσαν
2790 1377 2889 1448 τὴν
2933 1375 3256 1445 οἰκουμένην
3298 1377 3325 1427 ὁ
3357 1369 3497 1443 ἦχος
3542 1371 3648 1424 τῶν

2071 1469 2433 1539 ἑορταζόντων
2474 1469 2749 1524 ἀκούεται.
2787 1469 2864 1521 Δι’
2911 1467 3198 1537 ἀνθρώπου
3252 1465 3518 1530 Θάνατος,
3557 1464 3649 1516 καὶ

2070 1560 2139 1614 δι’
2196 1560 2483 1632 ἀνθρώπου
2516 1562 2545 1630 ἡ
2577 1560 2839 1630 σωτηρία.
2883 1558 2942 1614 Ὀ
2974 1558 3188 1625 πρῶτος
3242 1558 3323 1619 εἰς
3376 1553 3648 1626 ἁμαρτίαν

2071 1651 2263 1704 ἔπεσεν
2283 1667 2296 1680 '
2333 1652 2362 1704 ό
2385 1652 2634 1722 δεύτερος
2657 1653 2748 1705 τὸν
2781 1652 3103 1705 πεπτωκότα
3133 1651 3451 1719 ἀνέστησεν.
3499 1651 3647 1699 Ἀποο

403 1747 545 1801 lucis
589 1755 869 1802 auctorem
912 1749 966 1802 in
1019 1749 1196 1802 lucem
1251 1748 1441 1805 edidit.
1487 1748 1584 1804 llla
1625 1767 1722 1821 per
1763 1751 1969 1822 lignum

2082 1743 2357 1813 λελόγηται
2390 1743 2530 1811 ὑπὲρ
2580 1743 2676 1812 τῆς
2714 1744 2970 1812 γυναικὸς
3001 1745 3034 1813 ή
3083 1743 3216 1811 γυνή
3242 1759 3256 1772 ο
3285 1743 3317 1811 ἡ
3361 1739 3558 1811 πρώτη
3584 1740 3645 1807 τῇ

400 1838 619 1892 induxit
645 1846 951 1907 peccatum.
981 1839 1095 1894 hazc
1128 1855 1224 1910 per
1255 1841 1460 1911 lignum
1496 1842 1728 1912 gratiam
1766 1842 1972 1896 intulit.

403 1926 633 1998 Lignum
669 1937 851 1985 autem
894 1932 1076 1986 crucis
1123 1931 1369 2000 intelligo
1407 1950 1420 1984 :
1453 1934 1614 2002 cujus
1647 1933 1858 1990 fructus
1890 1942 1974 1990 est

403 2034 618 2090 semper
653 2021 863 2081 virens.
902 2029 956 2076 et
987 2023 1336 2093 gustantibus
1370 2023 1481 2077 vita
1526 2022 1585 2077 ﬁt
1625 2023 1970 2078 immortalis.

400 2110 571 2167 Nemo
609 2123 791 2168 autem
833 2113 973 2168 hanc
1019 2114 1318 2184 gratiarum
1369 2115 1638 2169 actionem
1698 2115 1975 2184 paschalis

401 2211 620 2256 tantum
664 2204 930 2273 mysterio
981 2212 1136 2273 putet
1165 2203 1483 2257 convenire.
1534 2203 1624 2257 Sic
1654 2205 1797 2257 enim
1827 2207 1978 2275 cogi-

400 2300 500 2356 tet,
531 2292 732 2362 pascha
767 2291 986 2362 quidem
1009 2293 1207 2348 divinae
1232 2293 1619 2363 dispositionis
1637 2309 1762 2349 esse
1787 2294 1972 2358 linem,

401 2384 497 2454 qui
527 2392 710 2439 tamen
741 2384 866 2438 linis
893 2384 1160 2455 consequi
1199 2392 1458 2454 nequeat,
1490 2385 1599 2439 nisi
1642 2385 1972 2456 principium

402 2473 710 2530 antecedat.
747 2472 890 2540 Quid
933 2473 1102 2544 igitur
1129 2475 1410 2544 antiquius
1441 2474 1568 2528 eSt?
1605 2470 1775 2531 Ortus
1810 2474 1974 2529 nimi-

401 2583 525 2624 rum
559 2568 752 2624 mortis
778 2567 1164 2637 dispositione.

2070 1833 2314 1904 ἀμαρτίᾳ
2332 1832 2431 1905 τὴν
2454 1834 2658 1888 εἴσοδον
2685 1833 2914 1888 δέδωκεν
2932 1874 2947 1896 ,
2983 1833 3121 1903 αὕτη
3146 1833 3202 1885 δὲ
3231 1833 3297 1901 τῇ
3321 1829 3518 1897 εἰσόδῳ
3554 1827 3648 1895 τῆς

2068 1924 2413 1996 δικαιοσύνης
2471 1926 2871 1998 ὐπηρετήσατο.
2927 1924 3140 1994 Ἐκείνη
3194 1922 3285 1975 τοῦ
3323 1921 3507 1990 ὄφεως
3553 1918 3648 1987 τὴν

2073 2017 2380 2088 συμϐουλὴν
2438 2019 2786 2072 ἐπεσπάσατο
2809 2059 2824 2082 ,
2860 2016 2998 2087 αῦτη
3062 2017 3152 2069 τὸν
3204 2012 3500 2082 ἀναιρέτην
3557 2007 3650 2060 τοῦ

2071 2111 2250 2179 ὄφεως
2296 2112 2677 2182 παρεστήσατο
2701 2150 2717 2174 ,
2752 2110 2846 2164 καὶ
2898 2110 2992 2162 τοῦ
3055 2107 3230 2178 φωτὸς
3281 2106 3371 2158 τὸν
3422 2102 3650 2172 γενέτην

2073 2202 2404 2272 ἀπεκύησεν.
2434 2203 2649 2274 Ἐκείνη
2687 2201 2778 2257 διὰ
2804 2201 2898 2256 τοῦ
2927 2201 3083 2265 ξύλου
3103 2200 3202 2268 τὴν
3235 2195 3516 2268 ἁμαρτίαν
3547 2196 3652 2246 εἱσ-

2075 2296 2302 2366 ήγαγεν,
2335 2295 2472 2367 αὕτη
2499 2295 2588 2349 διὰ
2627 2294 2722 2349 τοῦ
2762 2294 2919 2359 ξύλου
2951 2293 3012 2347 τδ
3033 2291 3233 2361 ἀγαθὸν
3262 2289 3648 2357 άντεισήγαγε.

2073 2387 2241 2441 Ξύλον
2271 2387 2328 2440 δὲ
2358 2387 2502 2457 λέγω
2544 2389 2636 2442 τὸν
2683 2387 2913 2457 σταυρόν
2933 2404 2947 2417 ο
2977 2389 3006 2440 ό
3046 2385 3104 2437 δὲ
3145 2382 3237 2436 τοῦ
3271 2380 3430 2448 ξύλου
3461 2376 3654 2432 τούτου

2073 2481 2283 2552 καρπὸς
2312 2481 2569 2552 ἀειθαλὴς
2597 2481 2689 2535 καὶ
2714 2480 3078 2551 ἀμαράντινος
3111 2476 3222 2546 ζωὴ
3265 2476 3375 2538 τοῖς
3423 2468 3658 2541 γευομέ-

2073 2591 2183 2637 νοις
2201 2574 2428 2642 γίνεται.
2459 2575 2568 2628 Καὶ
2596 2573 2782 2645 μηδεὶς
2801 2573 2879 2643 τῷ
2907 2571 3046 2625 κατὰ
3064 2569 3124 2622 τὸ
3151 2570 3339 2637 Πάσχα
3366 2560 3658 2636 μυστηρίῳ

405 2660 571 2734 μόνην
604 2658 702 2731 τὴν
739 2659 992 2730 τοιαύτην
1013 2659 1364 2731 εὐχαριστίαν
1395 2659 1626 2733 πρέπειν
1663 2661 1980 2719 ύπονοείτω.
2026 2665 2361 2734 Λογιζέττθω,
2387 2667 2495 2738 γὰρ
2519 2669 2600 2721 ὅτι
2627 2667 2818 2736 Πάσχα
2851 2665 3023 2736 πέρας
3048 2663 3146 2733 τῆς
3165 2657 3474 2728 οἰκονομίας
3517 2652 3653 2707 ἐστι.

401 2750 527 2814 Πῶς
554 2750 598 2805 δ’
631 2750 696 2805 ἂν
721 2750 937 2820 ἐγένετο
991 2751 1052 2804 τὸ
1101 2751 1293 2822 πέρας,
1335 2753 1384 2804 εἰ
1437 2752 1564 2823 μὴή
1620 2751 1763 2824 ἀρχὴ
1815 2750 2201 2825 καθηγήσατο;
2267 2758 2333 2810 Τί
2384 2757 2529 2822 τίνος
2579 2759 2727 2812 ἐστὶν
2777 2755 3270 2827 ἀρχηγικώτερονς
3317 2747 3382 2801 Ἥ
3431 2747 3658 2817 γένησις

401 2846 600 2918 δηλαδὴ
631 2846 730 2917 τῆς
767 2845 909 2900 κατά
938 2845 997 2899 τὸ
1029 2846 1200 2909 πάθος
1234 2845 1561 2916 οἰκονομίας.

475 2938 651 3009 Hujus
709 2939 874 3009 igitur
927 2940 1068 2994 bona
1114 2947 1243 2994 sunt
1288 2955 1420 3009 pars
1470 2939 1741 2995 bonorum
1802 2940 1976 3011 ipsius

2157 2941 2365 2996 Οὐκοῦν
2410 2942 2508 2994 καὶ
2541 2940 2609 2994 τὰ
2653 2939 2748 2993 τοῦ
2791 2941 2981 3009 Πάσχα
3028 2935 3332 3000 καλὰ,τῶν
3377 2935 3513 3006 περὶ
3559 2934 3657 3004 τὴν

403 3042 579 3090 ortus.
623 3032 781 3098 Quod
824 3034 872 3086 si
913 3032 1038 3100 quis
1088 3047 1342 3096 munera,
1392 3049 1514 3103 qua:
1563 3034 1620 3089 in
1667 3034 1976 3106 Evangeliis

2084 3034 2336 3105 γέννησιν
2371 3031 2677 3103 εὐφημιῶν,
2718 3031 2880 3103 μέρος
2911 3029 3044 3084 ὲστί.
3078 3028 3198 3084 Κᾶν
3217 3029 3314 3091 τὰς
3334 3026 3661 3097 εὐεργεσίας

403 3131 922 3184 commemorantur,
953 3129 1258 3188 enumeret,
1291 3123 1337 3178 si
1379 3133 1662 3179 recenseat
1712 3125 1975 3182 miracula

2082 3101 2189 3180 τῶν
2216 3101 2275 3180 έν
2297 3129 2407 3190 τοῖς
2429 3101 2802 3195 Εύγαγγελίοιςί
2824 3123 3211 3195 ἱστορηθέντων
3237 3139 3322 3185 τις
3353 3120 3656 3190 καταλέγῃ,

404 3219 776 3281 curationum,
817 3217 870 3270 in
916 3216 1098 3285 inopia
1141 3222 1196 3269 et
1255 3215 1396 3271 fame
1444 3217 1693 3272 ciborum
1737 3219 1974 3288 copiam,

405 3323 748 3367 mortuorum
793 3323 824 3363 e
867 3307 1237 3363 monumentis
1277 3307 1687 3374 excitationem,
1737 3311 1975 3366 subitam

407 3412 573 3473 atque
615 3401 970 3472 improvisum
1031 3399 1375 3454 etl‘ectionem
1440 3401 1575 3466 vini,
1625 3403 1977 3472 expulsiones

404 3496 735 3556 daemonum,
777 3494 959 3548 varias
1003 3492 1318 3548 affectiones
1363 3495 1428 3548 ad
1475 3495 1842 3551 valetudinem
1892 3513 1979 3552 reo

409 3594 654 3653 vocatas,
698 3585 1020 3640 claudorum
1073 3584 1267 3648 saltus,
1313 3585 1484 3640 illitos
1542 3587 1658 3640 luto
1707 3603 1977 3641 cazcorum

403 3679 621 3742 oculos,
656 3675 896 3731 divinam
940 3674 1271 3737 doctrinam,
1320 3675 1468 3746 leges
1507 3675 1666 3741 latas,
1720 3693 1978 3732 arcanam

408 3767 830 3826 similitudinum
863 3765 1320 3836 signiﬁcationem
1347 3783 1363 3821 :
1395 3766 1510 3822 haec
1537 3769 1720 3823 omnia
1751 3769 1982 3840 hujusce

407 3860 516 3916 diei
540 3859 717 3930 gratia
746 3855 1312 3927 comprehenduntur.
1346 3855 1471 3911 Haec
1499 3857 1647 3912 enim
1677 3859 1978 3926 bonorum,

409 3966 532 4023 qua:
589 3950 848 4019 deinceps
909 3955 1206 4004 consecuta
1257 3957 1406 4013 sunt,
1453 3949 1697 4003 omnium
1763 3952 1980 4006 initium

409 4044 532 4101 fuit.
570 4041 932 4110 Quamobrem
978 4040 1339 4106 exsultemus,
1396 4049 1447 4094 et
1503 4041 1742 4096 laztemur
1791 4044 1846 4098 in
1894 4060 1979 4099 ea.

408 4137 782 4209 Negligamus,
814 4141 875 4189 ut
911 4133 1162 4188 hortatur
1191 4133 1462 4205 Propheta
1489 4134 1560 4200 ⁵³,
1597 4136 1982 4206 exprobratio-

410 4244 536 4286 nem
581 4227 884 4288 hominum,
921 4241 1021 4282 nec
1055 4225 1410 4297 despectione
1453 4227 1696 4296 ipsorum
1736 4228 1982 4285 sinamus

412 4335 517 4376 nos
541 4319 708 4383 vinci,
750 4318 841 4389 qui
872 4317 1071 4372 divinae
1112 4317 1497 4386 dispositionis
1540 4327 1595 4374 et
1633 4321 1985 4388 providentiae

411 4413 682 4470 rationem
729 4411 978 4479 irrident,
1022 4411 1182 4479 quasi
1238 4427 1346 4465 non
1393 4411 1640 4467 decuerit
1693 4413 1981 4468 Dominum

2082 3220 2176 3274 καὶ
2229 3218 2570 3291 διεξέρχηται
2601 3218 2670 3272 τά
2711 3217 2849 3273 κατὰ
2895 3217 2993 3281 τὰς
3043 3217 3210 3278 ἰάσεις
3247 3213 3528 3284 θαύματα,
3561 3212 3661 3280 τὴν

2082 3309 2142 3378 ἐξ
2166 3312 2386 3384 ἀπόρων
2407 3310 2632 3383 τροφὴν,
2655 3310 2752 3381 τὴν
2771 3309 2882 3363 τῶν
2906 3307 3239 3378 τεθνηκότων
3270 3307 3332 3359 ἐκ
3366 3303 3477 3356 τῶν
3523 3320 3660 3372 μνη-

2087 3405 2272 3475 μάτων
2305 3405 2682 3476 ὐποστροφὴν,
2713 3403 2812 3474 τὴν
2857 3400 3196 3471 αὐτοσχέδιον
3243 3397 3519 3468 γεωργίαν
3563 3391 3659 3447 τοῦ

2084 3496 2247 3562 οἴνου,
2282 3495 2380 3566 τὴν
2429 3495 2538 3549 τῶν
2580 3494 2871 3565 δαιμονίων
2900 3493 3096 3563 φυγὴν,
3130 3491 3229 3562 τὴν
3250 3488 3362 3542 τῶν
3393 3486 3659 3542 ποικίλων

2086 3588 2424 3658 παθημάτων
2477 3587 2555 3650 εἰς
2601 3586 2811 3655 ὑγίειαν
2847 3583 3144 3656 μεταϐολὴν
3167 3622 3184 3647 ,
3214 3580 3283 3635 τά
3316 3579 3424 3633 τῶν
3464 3579 3658 3649 χωλῶν

2085 3682 2322 3752 ἅλματα,
2349 3681 2484 3744 τοὺς
2523 3681 2587 3733 ὲκ
2634 3677 2804 3750 πηλοῦ
2831 3676 3160 3746 ὀφθαλμοὺς,
3184 3674 3281 3737 τὰς
3325 3672 3480 3735 θείας
3523 3671 3659 3724 διδα-

2089 3773 2333 3836 σκαλίας,
2374 3773 2469 3836 τάς
2519 3770 2872 3843 νομοθεσίας,
2913 3770 3009 3838 τὴν
3049 3766 3135 3821 διὰ
3189 3766 3296 3819 τῶν
3329 3763 3658 3834 παραϐολῶν

2086 3865 2179 3918 ἐπὶ
2215 3864 2283 3917 τὰ
2336 3863 2640 3934 ὑψηλότερα
2681 3860 3084 3932 μυσταγωγίαν.
3136 3858 3318 3912 Πάντα
3354 3855 3531 3909 ταῦτα
3556 3855 3660 3922 τῆς

2088 3957 2369 4027 παρούσης
2400 3955 2612 4027 ἡμέρας
2648 3956 2807 4025 χάρις
2839 3953 2984 4006 ἐστίν
3009 3968 3024 3982 ·
3062 3951 3198 4021 αῦτη
3251 3950 3360 4020 γὰρ
3381 3944 3517 4020 ἦρξε
3550 3947 3659 3999 τῶν

2089 4047 2283 4119 ἐφεξῆς
2319 4047 2558 4116 ἀγαθῶν.
2599 4045 2808 4100 Οὐκοῦν
2845 4042 3372 4116 Ἀγαλλιασὼμεθα,
3417 4041 3518 4094 καὶ
3553 4043 3659 4092 εὑ-

2087 4137 2438 4208 φρανθῶμεν
2473 4139 2543 4191 ἐν
2578 4137 2751 4207 aliti)"
2788 4138 2861 4208 μὴ
2900 4135 3218 4206 φοὸούμενοι
3240 4133 3328 4185 τὸν
3355 4132 3661 4200 ὀνειδισμὸν

2085 4230 2195 4283 τῶν
2227 4228 2561 4300 ἀνθρώπων,
2596 4231 2688 4283 κα)⁸
2718 4229 2795 4300 τῷ
2826 4226 3116 4297 φαυλισμῷ
3151 4225 3328 4280 αὐτῶν
3373 4223 3444 4294 μὴ
3481 4222 3660 4293 ἡττώ-

2092 4339 2259 4395 μενοι,
2292 4321 2470 4386 καθὼς
2499 4321 2590 4375 καὶ
2627 4322 2656 4374 ό
2686 4322 2968 4392 προφήτης
2999 4316 3461 4390 παρεγγυάται,οἲ
3498 4332 3662 4368 κατα·

2089 4414 2406 4486 χλευάζουσι
2432 4414 2533 4483 τῆς
2567 4414 2878 4483 οἰκονομίας
2911 4411 3001 4464 τὸν
3033 4411 3209 4478 λόγον,
3237 4409 3311 4471 ὡς
3338 4408 3437 4461 οὐκ
3467 4408 3665 4476 εὐπρε-

415 4506 602 4564 subire
644 4503 891 4573 corporis
941 4511 1214 4566 naturam,
1272 4518 1374 4557 nec
1426 4503 1481 4556 in
1545 4505 1829 4560 hominum
1877 4507 1976 4560 vita

2091 4509 2191 4571 πὲς
2229 4507 2288 4562 ὃν
2322 4507 2572 4578 σώματος
2600 4505 2849 4560 ὑπελθεῖν
2881 4503 3060 4572 φύσιν,
3089 4503 3181 4556 καὶ
3220 4500 3307 4554 διὰ
3352 4501 3662 4569 γεννήσεως

415 4598 696 4656 nascendo
742 4595 971 4652 versari.
1021 4595 1278 4665 Ignorant
1323 4595 1468 4650 enim
1519 4596 1599 4651 rei
1644 4598 1986 4668 mysterium,

359 4741 361 4743 .
413 4707 526 4764 quo
558 4690 652 4746 Dei
682 4688 952 4759 sapientia
983 4687 1144 4743 nobis
1170 4687 1402 4744 salutem
1434 4687 1629 4744 alierre
1678 4691 1987 4745 constituit.

353 4783 373 4801 ⁸
417 4785 652 4839 Eramus
683 4791 880 4850 sponte
919 4780 1162 4849 peccatis
1204 4779 1410 4835 nostris
1457 4779 1685 4846 venditi,
1729 4788 1784 4836 et
1818 4781 1994 4837 instar

415 4889 632 4939 eorum,
675 4878 768 4944 qui
800 4881 1025 4942 argento
1054 4879 1312 4934 veneunt,
1356 4872 1482 4926 vita:
1522 4881 1724 4927 nostrae
1763 4873 1992 4928 inimico

363 5012 369 5019 .
415 4963 736 5032 mancipati.
787 4961 928 5028 Quid
985 4961 1082 5015 tibi
1136 4976 1167 5014 a
1215 4959 1448 5015 Domino
1503 4965 1806 5033 Optandum
1859 4963 1994 5020 fuit?

417 5069 601 5108 nonne
632 5063 751 5108 uta
790 5053 1102 5109 calamitate
1137 5053 1495 5109 liberareris?
1537 5070 1638 5110 cur
1683 5055 1847 5126 igitur
1897 5071 1988 5110 cu-

419 5146 565 5200 riose
593 5145 646 5199 in
679 5145 899 5200 modum
928 5144 1198 5216 inquiris?
1220 5145 1561 5202 benefactori
1585 5149 1723 5204 bene
1745 5148 1990 5204 merendi

421 5237 692 5293 rationem
732 5238 1084 5306 przescribis?
1117 5253 1228 5293 non
1273 5253 1434 5294 secus
1468 5255 1533 5294 ac
1578 5241 1624 5295 si
1667 5241 1795 5310 quis
1829 5242 1994 5297 bene-

425 5330 621 5384 merito
657 5341 980 5387 succenseat
1028 5331 1260 5395 medico,
1299 5332 1446 5402 quod
1493 5348 1552 5388 se
1586 5349 1694 5388 non
1724 5333 1850 5397 hac,
1893 5333 1990 5390 sed

427 5427 521 5481 illa
545 5428 756 5483 ratione
783 5428 1078 5484 curaverit.
1120 5428 1277 5495 Quod
1325 5429 1371 5484 si
1418 5429 1591 5484 divini
1633 5429 1852 5485 consilii
1894 5444 1988 5484 ra-

429 5516 632 5574 tionem
669 5519 988 5576 curiositate
1026 5520 1224 5578 ductus
1271 5520 1537 5592 exquiris,
1568 5521 1673 5576 hoc
1710 5519 1810 5575 tibi
1853 5521 1990 5578 satis

2092 4600 2281 4653 έαυτὸν
2329 4602 2395 4670 τῇ
2445 4597 2760 4668 ἀνθρωπίνῃ
2800 4595 2911 4666 ζωῇ
2945 4593 3253 4666 καταμίξαι·
3282 4593 3374 4647 τὸν
3428 4590 3657 4661 Κύριον

2092 4693 2430 4762 ἀγνοοῦντες,
2459 4691 2536 4754 ὡς
2567 4690 2730 4754 ἔοικε,
2748 4690 2808 4743 τὸ
2831 4690 3156 4759 περἰτούτου
3183 4687 3497 4758 μυστήριον,
3515 4685 3664 4746 ὅπως

2090 4788 2122 4855 ἠ
2153 4784 2246 4838 τοῦ
2289 4783 2425 4838 Θεοῦ
2472 4783 2633 4852 σοφία
2662 4783 2759 4854 τὴν
2783 4782 3055 4852 σωτηρίαν
3085 4782 3213 4852 ἡμῖν
3245 4778 3659 4849 ᾠκονομήσατο.

2105 4877 2396 4939 Ἑκουσίως
2422 4879 2541 4938 ταῖς
2569 4875 2863 4945 ἁμαρτίαις
2897 4873 3050 4944 ἡμῶν
3082 4871 3418 4943 ὲπράθημεν,
3439 4871 3663 4940 auxi-dp-

2093 4971 2421 5041 γυρωνήτων
2441 4969 2597 5039 δίκην
2622 4968 2699 5038 τῷ
2732 4965 2908 5037 ὲχθρῷ
2931 4967 3030 5035 τῆς
3062 4967 3205 5036 ζωῆς
3239 4964 3392 5035 ἡμῶν
3418 4963 3663 5016 κατεδουυ

2093 5061 2362 5132 λώθημεν.
2404 5061 2473 5113 Τί
2503 5077 2586 5113 σοι
2615 5059 2866 5128 γενέσθαι
2900 5058 3048 5128 παρά
3072 5056 3163 5110 τοῦ
3195 5055 3462 5108 Δεσπότου
3501 5055 3661 5124 μάλι-

2096 5170 2196 5206 στα
2216 5150 2550 5220 καταθύμιον
2576 5145 2645 5220 ἦν
2666 5167 2680 5216 ;
2706 5150 2766 5202 οὐ
2792 5147 2852 5201 τὸ
2873 5144 3323 5218 ὲξαιρεθῆναιτῆς
3339 5144 3625 5215 συμφορᾶς
3645 5159 3659 5206 ;

2095 5243 2160 5296 Τί
2208 5242 2542 5314 περιεργάζῃ
2574 5241 2664 5294 τὸν
2690 5240 2920 5312 τρόπον;
2953 5239 3005 5292 τί
3053 5237 3358 5308 νομοθετεῖς
3403 5236 3490 5306 τῷ
3511 5236 3662 5304 εὐερ-

2095 5336 2249 5406 γέτῃ,
2275 5337 2373 5406 τῆς
2412 5333 2730 5405 εὐεργεσίας
2770 5332 2844 5403 μὴ
2881 5329 3443 5400 άντιλαμϐανόμενος;
3476 5328 3662 5395 ὥσπερ

2096 5430 2161 5484 ἂν
2199 5430 2253 5483 εί
2295 5447 2378 5494 τις
2411 5429 2625 5484 καὶτὸν
2663 5426 2843 5497 ἰατρὸν
2883 5424 3286 5495 ἀπωθούμενος,
3322 5422 3417 5476 καὶ
3455 5420 3659 5491 μεμφό-

2099 5539 2251 5592 μενος
2281 5521 2377 5593 τῆς
2409 5519 2746 5594 εὐεργεσίας,
2773 5519 2855 5572 ὅτι
2889 5516 2965 5590 μὴ
2990 5515 3179 5582 οὕτως,
3211 5514 3325 5568 ἀλλ’
3340 5513 3541 5587 ἑτέρως
3561 5509 3660 5582 τὴν

500 5693 546 5728 ⁸⁸
585 5693 862 5766 Psal.cv1,
891 5698 974 5754 Μ.
1050 5699 1263 5756 "Psal.
1299 5700 2091 5775 cxvut,.l9."Psal.mn,l7.
