3822 6426
141 312 285 368 H69

1311 308 1377 364 IN
1420 308 1580 365 DIEM
1613 307 1942 366 NATALEM
1973 308 2274 366 CHRISTI.

3262 308 3402 365 “50

133 429 437 502 θεραπείαν
496 428 815 498 ἐνήργησεν.
856 428 919 481 El
948 426 1004 481 δὲ
1041 426 1133 481 τὸν
1172 426 1334 495 ὄγκον
1382 427 1482 497 τῆς
1512 428 1721 481 οἰκονο-

1835 427 1897 482 sit
1939 427 2268 498 intelligere,
2312 441 2423 483 non
2476 441 2646 482 unum
2697 424 2923 496 aliquod
2968 423 3265 492 bonorum,
3307 427 3404 482 sed

140 524 275 594 μίας
298 521 403 574 ὑπὸ
438 520 958 592 φιλοπραγμοσύνης
985 520 1261 592 ἐπιζητεῖς
1283 522 1475 591 ’ἀρκεῖ
1502 538 1583 575 σοι
1609 538 1724 575 τοσ-

136 614 297 668 οῦτον
328 613 542 685 μαθεῖν,
564 614 646 665 ὃτι
681 612 741 665 τὸ
773 613 926 665 Θεῖον
956 613 1053 684 οὐχ
1083 613 1142 666 ἐν
1173 630 1226 665 τι
1258 612 1418 683 μόνον
1456 612 1562 666 τῶν
1585 614 1725 681 ἀγα-

141 706 253 759 θῶν
274 745 289 769 ,
324 704 462 759 ἀλλά
502 705 609 758 πᾶν
638 704 666 757 ὃ
695 703 745 756 τί
774 703 878 775 πέρ
916 704 1030 757 ἐστι
1058 704 1175 758 κατ’
1214 703 1456 758 ἐπίνοιαν
1501 704 1725 773 ἀγαθὸν,

138 797 322 852 ἐκεῖνό
360 799 475 850 ἐστι
500 813 514 826 ⁸
544 796 788 861 δυνατὸν,
811 796 1040 861 δίκαιον,
1076 796 1300 865 ἀγαθὸν,
1326 796 1518 866 σοφόν·
1553 796 1728 851 πάντα

137 889 243 941 ὅσα
271 887 373 957 τῆς
399 884 737 957 θεοπρεποῦς
770 886 1046 957 σημασίας
1090 888 1236 940 ἐστὶν
1266 885 1507 957 ὀνόματά
1534 903 1594 939 τε
1635 889 1729 941 καὶ

138 981 414 1051 νοήματα.
450 978 732 1049 Σκόπησον
769 978 833 1048 δὴ
877 979 1077 1042 τοίνυν,
1113 979 1163 1031 εί
1200 978 1275 1049 μὴ
1307 978 1483 1033 πάντα
1509 979 1637 1050 περὶ
1668 980 1729 1033 τὸ

139 1072 441 1141 γενόμενον
462 1071 595 1141 ἡμῖν
631 1067 701 1122 τά
743 1068 1008 1139 εἰρημένα
1059 1068 1393 1141 συνέδραμεν
1420 1087 1433 1100 ⁸
1466 1071 1499 1141 ἡ
1529 1069 1730 1138 ἀγαθό-

138 1180 267 1235 της,
300 1165 333 1235 ὴ
366 1162 550 1232 σοφία,
584 1162 618 1231 ή
649 1161 900 1230 δύναμις,
935 1163 969 1231 ἡ
1008 1160 1341 1234 δικαιοσύνη.
1393 1163 1479 1227 Ὠς
1505 1163 1727 1232 ἀγαθὸς,

138 1255 241 1309 τὸν
301 1253 613 1326 ἀποστάτην
643 1252 931 1323 ἠγάπησεν
968 1269 981 1281 ⁸
1023 1253 1099 1316 ὼς
1147 1253 1328 1323 σοφὸς,
1360 1253 1458 1325 τὴν
1491 1255 1731 1310 ἐπίνοιαν

138 1348 246 1417 τῆς
281 1343 541 1397 ἐπανόδου
570 1342 679 1397 τῶν
718 1341 1269 1413 καταδεδουλωμένων
1313 1345 1726 1415 ἐμηχανήσατοο

140 1438 222 1501 ὡς
251 1437 481 1499 δίκαιος,
518 1435 580 1489 ού
634 1434 878 1505 βιάζεται
909 1434 1000 1488 τὸν
1041 1435 1610 1505 καταδουλωσάμενον,
1642 1436 1730 1491 τὸν

138 1529 294 1601 ὠνῆς
320 1527 541 1591 δικαίως
578 1527 921 1599 κτησάμενον
944 1542 957 1556 ⁸
985 1527 1100 1580 ἀλλ’
1138 1528 1326 1581 ἑαυτὸν
1361 1527 1588 1581 δέδωκεν
1611 1528 1730 1582 ἀντὶ

140 1620 258 1676 τῶν
308 1620 736 1691 κεκρατημένων
788 1619 1164 1690 ἀντάλλαγμα,
1207 1620 1293 1673 ἵνα
1352 1619 1605 1692 καθάπερ
1647 1637 1731 1684 τις

145 1711 427 1784 ἐγγυητὴς
470 1712 549 1775 είς
596 1711 786 1764 ἑαυτὸν
834 1711 1088 1781 μεταθεὶς
1114 1711 1213 1783 τὴν
1253 1711 1497 1783 ὀφειλὴν,
1523 1712 1734 1766 ἐλευθε-

1827 518 2098 590 quidquid
2154 519 2284 574 boni
2341 518 2673 590 cogitatione
2715 532 2781 574 ac
2837 525 3019 574 mente
3071 518 3401 587 concipitur,

1829 610 1965 665 illud
1986 624 2111 666 esse
2138 609 2386 666 divinum
2408 625 2631 677 numen,
2664 619 2884 681 potens,
2911 610 3146 679 justum,
3173 610 3404 673 bonum,

1829 705 2071 775 sapiens,
2095 704 2277 758 omnia
2316 704 2550 773 denique
2581 704 2828 769 nomina,
2860 709 2915 757 et
2962 702 3241 766 notiones,
3279 700 3407 772 qui-

1829 792 1933 849 bus
1976 801 2175 848 natura
2229 790 2413 847 divina
2465 791 2794 847 declaratur.
2865 790 3169 846 Considera
3236 790 3407 860 igitur

1828 884 1983 949 mihi,
2015 892 2197 939 utrum
2232 884 2289 938 in
2323 884 2424 939 hoc
2459 883 2747 949 beneﬁcio,
2780 900 2887 954 quo
2916 900 3016 939 nos
3047 882 3251 948 aﬂ‘ecit,
3284 897 3405 939 cer-

1829 983 2037 1032 nantur
2064 977 2271 1043 omnia,
2307 992 2430 1047 qua:
2454 975 2690 1031 dicendo
2728 977 3001 1045 percurri,
3040 975 3278 1038 bonitas,
3314 989 3405 1030 sa-

1831 1069 2058 1140 pientia,
2112 1068 2352 1139 iustitia,
2402 1068 2665 1139 potentia.
2710 1065 2779 1122 Ut
2829 1068 3009 1124 bonus
3060 1067 3402 1123 desertorem

1831 1163 2058 1228 amavit,
2083 1170 2142 1217 ut
2172 1162 2394 1233 sapiens
2437 1162 2703 1216 rationem
2736 1162 2970 1227 invenit,
2998 1176 3109 1231 qua
3141 1161 3406 1216 servitute

1830 1270 2154 1325 oppressum
2199 1255 2256 1310 in
2303 1256 2608 1310 libertatem
2653 1254 2980 1321 vindicaret,
3019 1262 3078 1308 ut
3116 1254 3301 1324 justus
3347 1253 3402 1307 in

1833 1347 2103 1403 servitute
2138 1348 2509 1403 continentem
2564 1356 2620 1402 et
2679 1347 2978 1417 emptionis
3036 1346 3163 1416 jure
3222 1346 3405 1418 possi-

1832 1441 2053 1496 dentem
2109 1456 2220 1496 non
2282 1440 2481 1510 coegit,
2539 1440 2632 1496 sed
2688 1455 2749 1495 se
2798 1440 2977 1509 ipsum
3026 1454 3125 1509 pro
3160 1440 3279 1503 illo,
3312 1439 3409 1508 qui

1831 1530 2012 1585 vietus
2051 1537 2189 1594 erat,
2234 1529 2479 1595 tradidit,
2527 1537 2582 1583 et
2630 1537 2889 1599 tanquam
2924 1543 3019 1583 vas
3070 1534 3125 1584 et
3177 1542 3437 1601 sponsor.

1834 1621 2077 1677 debitum
2134 1622 2252 1691 ipse
2312 1620 2596 1691 persolvit,
2655 1627 2716 1674 ut
2766 1634 2913 1684 eum,
2963 1619 3056 1689 qui
3105 1619 3410 1675 obstrictus

1836 1726 1975 1778 erat,
2007 1713 2264 1770 liberaret
2296 1732 2309 1768 :
2341 1722 2401 1768 ut
2432 1722 2627 1784 potens
2669 1728 2777 1768 non
2820 1712 3078 1768 detentus
3117 1720 3200 1768 est
3241 1712 3298 1765 in
3330 1712 3413 1769 in-

148 1776 435 1878 ptb-cn'cdiw
466 1803 813 1876 κρατούντων
834 1776 926 1857 τὸν
952 1776 1331 1875 κατεχόμενον.
1373 1776 1460 1869 Ὠς
1488 1804 1729 1871 δυνατὸς,

1838 1804 2017 1868 ferno,
2058 1822 2159 1861 nec
2203 1806 2323 1875 ejus
2365 1820 2497 1860 caro
2544 1803 2679 1859 vidit
2735 1804 3168 1875 corruptionem.
3226 1802 3414 1875 Neque

141 1896 248 1949 οὐκ
278 1892 614 1965 ἐνεκρατήθη
637 1893 715 1964 τῷ
742 1893 863 1967 ᾄδῃ,
892 1894 1011 1947 οὐδὲ
1038 1896 1071 1965 ἡ
1109 1894 1244 1965 σὰρξ
1275 1893 1441 1948 αὑτοῦ
1473 1890 1579 1948 εἶδε
1614 1895 1732 1948 δια-

141 1986 375 2059 φθοράν.
429 1986 566 2040 υύδέ
616 1986 726 2057 γὰρ
751 1982 819 2057 ἦν
869 1985 1095 2039 δυνατὸν
1136 1986 1475 2057 κρατηθῆναι
1502 1986 1606 2040 ὑπὸ
1634 1988 1735 2058 τῆς

142 2078 358 2149 φθορᾶς
387 2076 480 2131 τὸν
515 2075 758 2147 ἀρχηγὸν
789 2077 887 2147 τῆς
921 2075 1085 2147 ζωῆς.
1132 2077 1271 2130 Ἀλλ’
1301 2076 1523 2148 αἰσχρὸν
1568 2077 1627 2130 τὸ
1656 2078 1735 2141 είς

140 2169 363 2239 γένεσιν
397 2168 746 2242 ἀνθρωπίνην
773 2169 967 2235 ἐλθεῖν,
1008 2170 1101 2223 καὶ
1128 2170 1236 2223 τῶν
1265 2170 1366 2241 τῆς
1394 2170 1596 2241 σαρκὸς
1629 2186 1734 2223 πα-

143 2261 409 2332 θημάτων
440 2260 738 2331 ὑποστῆναι
759 2261 857 2331 τὴν
882 2264 1115 2333 πεῖρανς
1150 2262 1261 2333 Τὴν
1288 2261 1385 2333 τῆς
1418 2261 1735 2334 εὐεργεσίας

144 2352 455 2424 ὑπερϐολὴν
491 2352 689 2422 λέγεις.
726 2352 946 2425 Ἐπειδὴ
973 2355 1082 2426 γὰρ
1112 2354 1286 2419 ἄλλως
1307 2354 1407 2408 οὐκ
1432 2349 1501 2426 ἦν
1536 2353 1738 2426 ἐξαιρε-

144 2443 309 2516 θῆναι
331 2433 440 2499 τῶν
467 2444 738 2515 τοσούτων
758 2447 943 2500 κακῶν
962 2447 1022 2500 τὸ
1048 2446 1386 2519 ἀνθρώπινον
1406 2463 1419 2477 ⁸
1445 2446 1736 2518 ὑπέμεινεν

145 2537 181 2589 ὁ
198 2536 380 2613 πάσης
402 2536 670 2602 ἀπαθείας
692 2538 976 2607 Βασιλεὺς,
999 2540 1098 2611 τὴν
1130 2539 1266 2593 ἰδίαν
1295 2538 1457 2605 δόξαν
1476 2538 1575 2609 τῆς
1606 2540 1738 2609 ⁴ἡμιε-

142 2629 313 2701 τέρας
343 2629 491 2701 ζωῆς
518 2631 974 2697 ἀνταλλάξασθαι.
1002 2633 1115 2686 Καὶ
1147 2634 1180 2704 ἡ
1215 2631 1315 2703 μὲν
1347 2630 1653 2703 καθαρότης
1680 2634 1737 2686 ἐν

143 2720 228 2792 τῷ
274 2722 527 2794 ἡμετέρῳ
571 2724 780 2793 γίνεται
816 2724 1006 2796 ῥύπῳ·
1046 2727 1075 2778 6
1121 2725 1176 2778 δέ
1212 2724 1382 2796 ῥύπος
1427 2725 1527 2795 τῆς
1565 2725 1736 2779 καθα-

151 2812 380 2884 ρότητος
397 2814 457 2867 ού
488 2816 882 2887 προσάπτεται,
914 2815 1092 2880 καθώς
1120 2833 1253 2888 φησι
1284 2816 1343 2869 τὸ
1365 2815 1698 2885 Εύαγγέλιον
1719 2833 1733 2847 ⁸

148 2905 237 2957 ὅτι
276 2903 333 2959 τὸ
372 2905 487 2975 φῶς
512 2908 569 2960 ἐν
606 2910 671 2978 τῇ
704 2892 1189 2979 σκοτίᾳέλαμψεν,
1218 2910 1251 2977 ἡ
1281 2907 1337 2960 δὲ
1370 2908 1578 2971 σκοτία,
1607 2908 1739 2962 αὐτὸ

150 2998 216 3051 ού
256 2998 579 3058 κατέλαϐεν.
646 3001 990 3071 Ἀφανίζεται
1037 3001 1146 3074 γὰρ
1194 3004 1259 3072 τῇ
1321 3001 1592 3073 παρουσίᾳ
1640 3002 1737 3072 τῆς

152 3088 372 3154 ἀκτῖνος
398 3131 413 3155 ,
441 3092 470 3143 6
532 3090 695 3161 ζόφος
740 3108 756 3123 ⁸
793 3093 893 3146 οὐκ
951 3092 1356 3165 ἐναμαυροῦται
1408 3092 1487 3164 τῷ
1525 3093 1673 3165 ζόφῳ
1709 3095 1737 3147 6
1764 3128 1807 3185 α

148 3182 417 3254 ῆλιος.Τὺ
438 3183 630 3256 θνητὸν
657 3184 761 3239 ὑπὸ
804 3186 901 3257 τῆς
941 3185 1087 3258 ζωῆς
1131 3186 1520 3251 καταπίνεται,
1552 3186 1734 3249 καθώς

148 3289 324 3343 φησιν
364 3275 393 3326 6
446 3275 799 3340 Ἀπόστολος⁸
853 3278 954 3330 ούκ
1009 3278 1376 3334 ἐνδαπανᾶται
1411 3280 1445 3349 ὴ
1502 3278 1615 3349 ζωὴ
1656 3276 1735 3349 τῷ

148 3365 394 3437 θανάτῳ.
426 3367 500 3421 Τὸ
533 3368 982 3441 κατεφθαρμένον
1015 3370 1094 3442 τῷ
1136 3372 1398 3444 ἀφθάρτῳ
1439 3371 1735 3426 συνδιασώ-

150 3456 335 3522 ζεται.
389 3458 455 3513 Ἦ
510 3459 707 3532 φθορά,
751 3462 853 3532 τῆς
890 3461 1197 3535 ἀφθαρσίας
1245 3464 1305 3517 ού
1340 3463 1732 3535 προσάπτεται.

150 3548 259 3603 Διά
290 3548 462 3605 ταῦτα
484 3546 636 3624 κοινὴ
667 3552 847 3625 πάσης
868 3554 1075 3623 γίνεται
1105 3555 1338 3627 συνῳδία
1363 3558 1461 3627 τῆς
1485 3555 1735 3624 κτίσεως,

150 3641 439 3714 ὁμόφωνον
505 3643 723 3699 πάντων
779 3645 878 3717 τὴν
931 3645 1238 3717 δοξολογίαν
1304 3647 1739 3720 ἀναπεμπόντων

151 3733 241 3806 τῷ
268 3735 511 3807 Δεσπότῃ
554 3737 654 3808 τῆς
684 3738 915 3802 κτίσεως
935 3756 949 3770 ⁸
980 3740 1160 3811 πάσης
1202 3739 1452 3812 γλώσσης
1507 3743 1742 3814 ἐπουραο

153 3825 292 3880 νίων
328 3844 390 3879 τε
440 3828 535 3882 καὶ
574 3829 829 3898 ἐπιγείων
860 3831 953 3884 καὶ
999 3832 1370 3904 καταχθονίων
1402 3832 1632 3907 βοώσης,
1658 3834 1741 3888 ὅτι

157 3919 370 3991 Κύριος
418 3921 622 3991 Ἰησοῦς
651 3923 885 3994 Χριστὸς
915 3926 992 3989 είς
1019 3925 1175 3991 δόξαν
1210 3926 1342 3980 Θεοῦ
1385 3928 1616 4000 Πατρὸς,
1648 3928 1744 3981 εύ-

156 4011 395 4084 λογητὸς
431 4014 511 4077 είς
535 4015 660 4079 τοὺς
679 4014 881 4080 αἰῶνας
907 4015 1016 4071 τῶν
1041 4017 1272 4073 αἰώνων.
1314 4019 1510 4091 Ἀμήν.

236 4171 289 4204 ⁸⁵
312 4171 352 4226 ll
378 4170 504 4228 Cor.
538 4188 590 4240 ν,
624 4173 678 4230 4.

1834 1900 1980 1955 eiiim
2023 1898 2138 1953 ﬁeri
2184 1904 2419 1967 poterat,
2464 1904 2525 1952 ut
2573 1897 2699 1951 vitae
2741 1907 2936 1950 auctor
2975 1910 3041 1950 ac
3076 1894 3343 1951 Dominus
3380 1910 3412 1949 a

1835 1990 2191 2060 corruptione
2218 1996 2522 2045 teneretur.
2557 1990 2627 2043 At
2655 1996 2833 2058 turpe,
2867 1988 3110 2058 inquies,
3135 1988 3259 2052 fuit.
3284 2004 3409 2043 eum

1836 2083 1894 2137 in
1938 2084 2104 2138 vitam
2160 2082 2450 2137 humanam
2494 2079 2728 2152 ingredi,
2780 2088 2836 2135 et
2888 2081 3075 2135 carnis
3130 2080 3415 2135 molestias

1835 2174 2095 2245 experiri.
2130 2172 2244 2228 lmo
2277 2188 2405 2228 vero
2438 2172 2530 2228 hic
2559 2180 2789 2242 apparet
2819 2173 3064 2228 muneris
3086 2173 3410 2241 amplitudo.

1836 2267 2048 2324 Etenim
2091 2282 2215 2322 cum
2268 2267 2429 2321 aliter
2480 2281 2511 2321 e
2562 2265 2731 2321 tantis
2777 2265 2937 2321 malis
2982 2265 3143 2320 homo
3191 2264 3416 2320 liberari

1835 2375 1948 2415 non
1996 2367 2200 2432 posset,
2245 2356 2602 2413 beatitudinis
2635 2355 2754 2412 Rex
2808 2355 3037 2427 gloriam
3094 2370 3250 2411 suam
3290 2370 3415 2410 cum

1835 2453 1947 2509 vita
1991 2459 2180 2506 nostra
2231 2440 2614 2505 commutavit.
2678 2446 2757 2503 Ac
2812 2448 3025 2518 puritas
3066 2447 3287 2518 quidem
3346 2447 3417 2500 ad

1837 2550 2057 2599 nostras
2101 2538 2294 2597 sordes
2342 2554 2463 2595 sese
2508 2538 2777 2595 demisit:
2813 2537 3006 2594 sordes
3048 2546 3233 2593 tamen
3284 2536 3418 2607 ipsa:

1836 2638 2129 2707 puritatem
2164 2648 2274 2687 non
2309 2632 2631 2703 attigerunt.
2667 2629 2786 2686 Lux
2812 2631 2982 2695 enim,
3019 2630 3156 2685 utin
3182 2629 3419 2701 Evange-

1839 2730 1912 2783 lio
1942 2728 2165 2799 legitur,
2204 2727 2259 2781 in
2311 2723 2557 2781 tenebris
2602 2722 2775 2789 fulsit,
2822 2723 3062 2779 tenebrae
3091 2734 3268 2777 autem
3293 2739 3415 2778 eam

1837 2837 1949 2877 non
2003 2817 2560 2889 comprehenderunt.
2624 2814 2760 2870 Nam
2818 2816 3058 2871 tenebrae
3128 2818 3416 2885 praesentia

1839 2911 2149 2983 Splendoris
2182 2915 2555 2975 evanescunt;
2592 2908 2675 2964 sol
2703 2909 2759 2961 in
2792 2908 3036 2963 tenebris
3068 2921 3175 2962 non
3209 2907 3414 2961 obscu-

1839 3012 2016 3057 ratur.
2049 2999 2207 3066 Quod
2236 2998 2467 3053 mortale
2494 3005 2600 3062 est,
2626 2996 2954 3052 absorbetur
2978 3012 3007 3050 a
3044 2996 3176 3061 vita,
3216 3011 3416 3064 quem-

1841 3091 2135 3147 admodum
2174 3088 2368 3145 seribit
2420 3087 2720 3157 Apostolus
2745 3086 2814 3153 “,
2856 3102 2968 3144 non
3020 3094 3204 3142 autem
3234 3086 3344 3139 vita
3386 3100 3419 3139 a

1840 3192 2019 3241 morte
2040 3184 2406 3240 consumitur.
2452 3180 2607 3250 Quod
2646 3188 2967 3251 corruptum
3017 3180 3138 3247 fuit,
3171 3193 3297 3233 cum
3332 3177 3418 3232 in-

1839 3284 2105 3347 corrupto
2159 3283 2433 3332 servatur.
2485 3273 2784 3344 Corruptio
2850 3282 3031 3328 autem
3107 3271 3177 3326 ad
3237 3271 3420 3325 incor-

1839 3369 2155 3442 ruptionem
2201 3383 2313 3423 non
2353 3366 2585 3423 accedit.
2636 3365 2852 3422 ldcirco
2885 3364 3197 3421 communis
3234 3377 3419 3417 rerum

1841 3462 2087 3518 omnium
2126 3466 2541 3532 procreatarum
2585 3465 2889 3514 concentus
2929 3459 3198 3527 exsurgit,
3235 3453 3422 3509 Domi-

1841 3570 1976 3612 num
2005 3568 2166 3611 suum
2198 3568 2308 3608 una
2334 3566 2470 3608 voce
2496 3550 2970 3618 collaudantium;
3024 3549 3106 3605 sic
3136 3548 3286 3603 omni
3317 3547 3423 3601 liu-

1844 3663 1951 3722 gua
2020 3645 2358 3709 caelestium,
2422 3643 2766 3700 terrestrium
2839 3650 3005 3712 atque
3075 3640 3420 3696 infernarum

1844 3740 2205 3807 exclamante,
2244 3735 2510 3793 Dominus
2548 3734 2712 3791 Jesus
2739 3733 2995 3790 Christus
3027 3733 3083 3787 in
3122 3732 3294 3805 gloria
3336 3739 3424 3788 est

1846 3833 1945 3891 Dei
1967 3832 2167 3900 Patris,
2199 3830 2506 3887 laudandus
2540 3830 2595 3885 in
2629 3837 2917 3885 aeternum.
2944 3826 3139 3882 Arnen.
