3822 6402
434 295 565 352 1351

438 444 1664 483 tm

1676 287 1729 344 S.
1764 287 2090 345 GREGORII
2123 284 2415 343 NYSSEN!

3552 275 3696 333 “52

1663 438 3673 474 Ἡ

1711 604 2383 692 ΤΟΥἈΥΤΟΥ

622 801 866 916 ΕΙΣ
958 803 1274 917 ΤΗΝ
1403 801 2359 917 ΥΠΑΠΑΝΤΗΝ
2447 798 2749 915 ΤΟΥ
2876 796 3471 941 ΚΥΡΙΟΥ,

1074 1017 1194 1073 ΚΑΙ
1228 1017 1337 1071 ΕΙΣ
1365 1017 1508 1072 ΤΗΝ
1540 1016 1934 1081 ΘΕΟΤΟΚΟΝ,
1958 1014 2077 1070 ΚΑΙ
2105 1016 2215 1070 ΕΙΣ
2242 1013 2376 1069 ΤΟΝ
2416 1013 2695 1069 ΔῙΚΔΙΟΝ
2725 1012 3069 1067 ΣΥΜΕΩΝΑ.

1798 1345 2339 1440 EJUSDEM

1237 1558 1416 1671 DE
1548 1558 2200 1678 OCCURSU
2316 1559 2874 1709 DOMINI,

1150 1777 1239 1831 DE
1314 1777 1605 1834 DEIPARA
1675 1779 1959 1838 VIRGINE
2023 1783 2038 1837 1

2188 1780 2278 1836 DE
2343 1779 2563 1839 JUSTO
2633 1780 2953 1838 SIEIEONE.

1664 1935 1931 1988 Laurentio
1968 1936 2135 1989 Siiano
2171 1938 2468 2001 interprete.

518 2270 623 2339 Qui
678 2270 985 2327 caelestium
1046 2287 1228 2328 rerum
1291 2286 1481 2341 sensu,
1538 2276 1805 2345 sapientia
1855 2262 2095 2347 atqueA

452 2363 734 2419 intellectu
776 2363 1030 2419 sublimis
1074 2373 1182 2430 est,
1222 2378 1287 2421 ac
1308 2375 1646 2421 terrenarum
1697 2382 1879 2423 rerum
1920 2369 2019 2424 de-

449 2462 640 2525 spectu
654 2464 820 2526 atque
832 2462 1146 2526 contemptu
1162 2456 1414 2513 excelsus
1426 2457 1517 2514 ille
1531 2456 1757 2523 Paulus,
1784 2460 1873 2513 illa
1889 2459 2023 2515 divi-

450 2547 600 2601 nitus
617 2547 733 2617 rapi
766 2547 925 2602 solita
939 2563 1117 2613 mens,
1139 2548 1229 2602 illa
1245 2566 1276 2605 a
1297 2546 1522 2605 Christo
1540 2551 1745 2607 moveri
1760 2561 2021 2609 consueta

452 2636 657 2707 lingua,
681 2636 1081 2708 pulcherrimus
1100 2639 1189 2694 ille
1200 2638 1461 2695 velociter
1473 2648 1637 2711 atque
1653 2643 1906 2698 celeriter
1923 2659 2020 2699 ex-

450 2729 657 2786 arantis
697 2730 890 2785 scribae
909 2731 1175 2795 calamus,
1195 2731 1287 2803 qui
1325 2732 1603 2805 eleganter
1619 2733 1878 2790 Ecclesiae
1894 2751 2026 2790 con-

452 2818 676 2890 scripsit
704 2818 904 2890 placita
942 2827 1108 2891 atque
1166 2819 1383 2877 decreta
1440 2824 1708 2887 veritatis,
1745 2826 1797 2879 in
1859 2841 2023 2880 manu

454 2913 694 2983 potentis
722 2928 754 2967 a
787 2912 896 2968 Deo
925 2913 1234 2969 confectum
1271 2914 1401 2969 illud
1430 2918 1619 2982 telum,
1660 2916 1751 2987 qui
1785 2918 1838 2971 in
1862 2919 2028 2974 corde

455 3003 719 3075 principis
750 3002 937 3058 mundi
984 3004 1333 3060 tenebrarum
1382 3006 1540 3061 letale
1574 3022 1638 3062 ac
1682 3008 2026 3064 mortiferum

456 3097 659 3152 vulnus
687 3095 905 3161 inflixit,
939 3095 1122 3167 fulgur
1178 3097 1309 3152 illud
1366 3100 1510 3168 quod
1535 3100 1605 3155 ab
1634 3099 2030 3174 Hierosolymis

454 3197 512 3245 et
543 3189 1063 3259 circumiacentibus
1086 3190 1401 3262 regionibus
1432 3208 1606 3263 usque
1638 3193 1704 3248 ad
1729 3193 2028 3266 Illyricum,

458 3283 570 3339 imo
602 3297 731 3339 vero
763 3281 829 3336 ad
862 3290 1140 3338 extremos
1173 3298 1352 3353 usque
1374 3284 1639 3340 terminos
1673 3292 1836 3341 terrae
1868 3286 2029 3353 luxit,

459 3376 553 3430 illa
584 3374 756 3430 divini
793 3374 1019 3430 tonitrui
1052 3375 1107 3430 in
1148 3376 1377 3447 mystica
1409 3375 1689 3445 Evangelii
1724 3386 1863 3443 rota,
1910 3395 2032 3451 qua:

463 3482 560 3536 per
616 3481 835 3521 omnem
874 3467 1085 3541 orbem.
1123 3477 1283 3524 terra:
1338 3469 1679 3534 volvebatur,
1718 3471 2029 3529 clarissima

466 3558 811 3629 maximeque
841 3573 1041 3613 sonora
1074 3574 1214 3615 vox:
1248 3561 1294 3615 is
1324 3560 1595 3631 (inquam)
1643 3571 1900 3632 tanquam
1964 3581 2029 3621 ex

467 3649 603 3720 ipsis
633 3648 870 3720 paradisi
908 3649 1089 3722 adytis
1116 3667 1181 3706 ac
1226 3653 1621 3722 penetralibus,
1683 3655 1775 3710 ubi
1835 3670 2034 3710 arcana

470 3743 564 3798 illa
605 3742 768 3798 verba
794 3743 1027 3801 auribus
1069 3746 1188 3801 suis
1214 3756 1553 3817 perceperat,
1616 3749 1885 3818 loquens:
1928 3749 2037 3803 imo

465 3849 598 3891 vero
648 3843 906 3906 tanquam
945 3851 1010 3892 ex
1066 3837 1187 3908 ipso
1242 3838 1381 3893 solio
1436 3839 1656 3895 sublimi
1696 3850 1753 3896 et
1819 3841 2038 3897 excelso

469 3927 676 3999 gloriae,
710 3928 798 3983 cui
829 3928 1070 3997 adsistit,
1101 3930 1359 4001 praeviam
1410 3941 1466 3988 et
1504 3933 1864 3989 honoriﬁcam
1900 3949 2040 4005 prae-

470 4019 610 4074 senti
649 4026 845 4075 sancto
868 4034 932 4076 ac
959 4019 1238 4077 dominico
1267 4022 1375 4078 diei
1413 4022 1577 4088 festo,
1636 4024 1705 4079 ad
1759 4025 2042 4096 excipien-

470 4108 599 4164 dum
636 4124 817 4179 regem
841 4110 1031 4183 gloria:
1045 4126 1299 4182 pompam
1322 4128 1547 4182 parans,
1578 4120 1841 4184 tanquam
1864 4116 2040 4170 maxi-

472 4217 559 4258 me
589 4203 879 4275 mysticum
912 4211 1165 4259 senatum
1195 4204 1510 4276 quemdam,
1567 4207 1817 4262 ecclesiae
1847 4222 2042 4277 nempe

473 4294 754 4365 populum,
796 4296 1004 4367 regium
1037 4296 1171 4352 illud
1206 4297 1601 4363 sacerdotium,
1634 4313 1797 4368 quam
1834 4299 1947 4353 fieri
1978 4314 2043 4353 ac

360 4386 363 4389 ’
473 4384 581 4439 dici
616 4393 795 4455 potest
836 4387 1191 4443 exactissimo
1218 4396 1274 4444 et
1329 4390 1765 4459 exquisitissimo
1824 4391 2041 4459 ordine,

474 4492 539 4531 ac
580 4478 736 4547 quasi
765 4478 817 4532 in
844 4478 1209 4549 quincuncem
1252 4481 1475 4538 redacto
1512 4497 1714 4553 parans
1742 4489 1797 4539 et
1836 4483 2045 4540 instru-

474 4584 593 4631 ens,
625 4583 691 4623 ac
721 4570 860 4625 bene
898 4573 1215 4643 compositae
1244 4582 1409 4643 atque
1438 4575 1757 4629 constitutae
1781 4576 1910 4630 vitae
1947 4591 2043 4630 ra—

474 4658 642 4713 tionis
667 4658 911 4714 ordinem
943 4662 1293 4726 concinnum,
1329 4674 1514 4734 aptum
1544 4672 1597 4719 et
1626 4666 2041 4721 convenientem

476 4750 857 4815 praescribens,
887 4750 1128 4816 Fratres,
1165 4755 1362 4824 inquit,
1402 4757 1563 4811 no’lite
1585 4758 1712 4827 efﬁci
1748 4760 1897 4827 pueri
1933 4775 2047 4813 sen-

474 4841 640 4905 sibus,
676 4842 766 4896 sed
814 4844 1027 4898 malitia
1087 4848 1296 4912 parvuli
1343 4857 1540 4912 estote;
1594 4849 1771 4903 animo
1829 4866 1945 4903 vero
1982 4868 2045 4903 ac

479 4940 648 4985 mente
678 4932 894 5002 perfecti
916 4943 1077 4988 estote
1104 4937 1142 4989 ι.
1178 4934 1271 4990 Sic
1317 4937 1461 4991 enim
1499 4951 1623 5001 cum
1657 4936 1766 4991 Deo
1804 4935 2045 5007 undique

477 5024 724 5092 perfecto
752 5042 817 5081 ac
857 5027 1190 5097 sempiterno
1222 5030 1312 5083 cui
1349 5030 1646 5085 solemnem
1674 5030 1832 5084 hodie
1846 5037 2046 5084 coetum

479 5122 645 5183 atque
661 5125 995 5173 conventum
1014 5119 1227 5189 agimus
1238 5128 1404 5189 atque
1421 5121 1786 5184 celebramus,
1807 5121 1897 5192 qui
1919 5135 2047 5191 pro-

480 5214 600 5273 pter
616 5220 715 5260 nos
731 5207 1030 5262 secundum
1047 5224 1267 5263 carnem
1288 5212 1341 5263 in
1361 5210 1571 5267 ultimis
1592 5212 1933 5282 temporibus
1966 5213 2049 5266 in-

482 5295 606 5351 fans
624 5296 749 5359 fuit,
777 5314 841 5352 ex
864 5315 973 5369 quo
993 5316 1154 5356 omne
1173 5300 1378 5356 donum
1402 5310 1568 5372 atque
1580 5304 1846 5373 perfectio
1898 5304 2048 5359 exsi-

484 5387 602 5451 stit,
620 5387 709 5457 qui
731 5396 858 5441 natu
869 5389 1032 5444 ralem
1052 5391 1268 5447 virtutis
1281 5391 1667 5461 perfectionem
1685 5396 1850 5449 etiam
1866 5395 1920 5450 in
1940 5394 2046 5450 hu-

485 5494 647 5534 mana
666 5495 767 5535 sua
781 5482 1097 5539 conditione
1113 5499 1177 5539 ac
1194 5494 1338 5541 statu
1365 5488 1697 5544 excellenter
1720 5503 1785 5543 ac
1816 5486 2046 5542 miriﬁce

486 5569 901 5639 demonstravit,
918 5575 1162 5645 ejusdem
1177 5594 1282 5634 una
1306 5579 1553 5650 corporis
1571 5580 1867 5652 participes
1883 5588 2048 5651 atque

561 5758 581 5795 ¹
621 5757 640 5814 1
671 5760 797 5817 Cor.
832 5776 944 5829 xxv,
984 5760 1077 5817 20.

2201 2262 2260 2317 '0
2281 2264 2347 2335 τῇ
2373 2264 2632 2336 φρονήσει
2658 2263 2765 2317 τῶν
2779 2261 3044 2337 οὐρανίων
3066 2264 3357 2337 μετέωρος,
3386 2266 3417 2320 6
3442 2266 3509 2337 τῇ
3528 2283 3700 2321 κατα-

2122 2356 2380 2429 φρονήσει
2419 2357 2533 2435 τῶν
2565 2356 2825 2427 ἐπιγείων
2866 2356 3179 2428 μετάρσιος,
3222 2358 3429 2424 Παῦλος
3458 2361 3489 2414 6
3519 2360 3703 2430 θεόλη-

2122 2467 2256 2517 πτος
2282 2449 2428 2518 νοῦς,
2454 2453 2491 2524 ή
2514 2451 2935 2523 Χριστοοιίνητος
2958 2450 3196 2521 γλῶττα,
3213 2454 3242 2506 6
3269 2452 3361 2506 τοῦ
3384 2452 3700 2524 όξυγράφου

2123 2544 2493 2616 γραμματέως
2519 2544 2851 2615 ὼραιότατος
2884 2543 3150 2615 κάλαμος,
3186 2546 3218 2599 6
3255 2545 3704 2617 καλλιγραφήσας

2122 2639 2188 2709 τῇ
2216 2636 2513 2708 Ἐκκλησία
2527 2636 2626 2706 τῆς
2653 2635 2909 2705 ἀληθείας
2927 2635 2995 2689 τά
3020 2636 3282 2708 δόγματα,
3301 2638 3360 2690 τὸ
3386 2639 3444 2690 ὲν
3464 2641 3536 2707 τῇ
3563 2641 3705 2708 χειρὶ

2123 2726 2217 2781 τοῦ
2249 2725 2475 2781 δυνατοῦ
2508 2727 2891 2797 θεοχάλκευτον
2920 2726 3093 2797 βέλος,
3124 2728 3187 2780 τὸ
3212 2729 3268 2782 ὲν
3289 2730 3355 2799 τῇ
3389 2729 3594 2799 καρδίᾳ
3608 2728 3703 2781 τοῦ

2127 2821 2566 2891 κοσμοκράτορος
2582 2819 2676 2873 τοῦ
2701 2820 2922 2884 σκότους
2942 2819 3163 2891 καιρίαν
3186 2820 3437 2890 rimae”
3463 2819 3703 2891 πληγὴν,

2126 2914 2159 2983 ή
2195 2912 2303 2965 άπὸ
2338 2912 2692 2985 Ἰερουσαλὴμ
2720 2911 2817 2966 καὶ
2848 2910 3031 2982 κύκλῳ
3063 2912 3224 2983 μέχρι
3248 2910 3342 2964 τοῦ
3380 2912 3703 2984 Ἰλλυρικοῦ,

2132 3008 2332 3079 μᾶλλον
2374 3007 2432 3062 δὲ
2490 3008 2651 3081 μέχρι
2703 3007 2813 3061 τῶν
2878 3008 3132 3081 περάτων
3174 3008 3272 3079 τῆς
3334 3009 3439 3078 γῆς
3489 3011 3707 3078 φάνασα

2130 3100 2401 3173 ἀστραπὴ,
2425 3102 2459 3171 ἡ
2483 3100 2584 3169 τῆς
2611 3099 2760 3163 θείας
2794 3098 3023 3171 βροντῆς
3050 3101 3110 3153 ὲν
3137 3098 3216 3170 τῷ
3252 3101 3505 3170 μυστικῷ
3534 3104 3707 3173 τροχῷ

2129 3191 2224 3246 τοῦ
2254 3190 2612 3261 Εὐαγγελίου,
2651 3191 2729 3263 τῷ
2769 3190 2912 3246 κατὰ
2960 3191 3142 3261 πάσης
3174 3191 3478 3246 κυλισθέντι
3506 3194 3611 3263 τῆς
3640 3197 3709 3247 οἱ·

2131 3284 2420 3355 κουμένης,
2444 3286 2477 3354 ή
2501 3283 2829 3354 διειδεστάτη
2850 3283 2940 3336 καὶ
2958 3282 3324 3354 μεγαλόθρους
3348 3287 3502 3355 φωνή
3523 3302 3538 3314 ·
3564 3279 3709 3349 οὗτος

2131 3374 2207 3439 ὡς
2244 3374 2303 3440 ἐξ
2329 3374 2507 3429 αὐτῶν
2533 3373 2642 3427 τῶν
2672 3371 2765 3426 τοῦ
2796 3371 3123 3443 παραδείσου
3158 3372 3365 3427 ἀδύτων
3398 3372 3709 3445 φθεγγόμεο

2132 3485 2243 3532 νος,
2276 3465 2402 3520 ἔνθα
2432 3465 2541 3519 τῶν
2592 3467 2844 3538 ἀρρήτων
2885 3464 3146 3537 ῥημάτων
3190 3465 3457 3535 αὐτήκοος
3482 3465 3706 3534 γέγονεδ

2138 3560 2337 3632 μᾶλλον
2362 3560 2420 3613 δὲ
2444 3559 2521 3623 ὡς
2546 3558 2606 3623 ἐξ
2639 3556 2801 3612 αὐτοῦ
2826 3557 2919 3610 τοῦ
2941 3557 3129 3629 θρόνου
3158 3556 3251 3611 τοῦ
3283 3557 3492 3627 inimici
3526 3575 3589 3611 τε
3624 3560 3709 3611 καὶ

2140 3651 2446 3724 ἐπηρμένου
2465 3651 2563 3723 τῆς
2599 3650 2756 3721 δόξης
2800 3649 2930 3704 ἔνθα
2976 3650 3303 3722 παρίσταται
3325 3666 3341 3681 ·
3378 3650 3709 3721 προπομπὴν

2138 3744 2355 3818 ἔντιμον
2383 3747 2449 3816 τῇ
2478 3742 2729 3815 παρούσῃ
2750 3742 2879 3813 ἁγίᾳ
2907 3741 3001 3795 καὶ
3024 3743 3327 3810 Δεσποτικῇ
3354 3740 3708 3810 ἑτοιμαζόμεο

2137 3853 2226 3900 νος
2275 3837 2457 3907 ἑορτῇ,
2505 3832 2642 3904 πρὸς
2675 3830 2941 3903 ὑποδοχὴν
2974 3829 3065 3883 τοῦ
3097 3826 3358 3900 βασιλέως
3381 3828 3486 3899 τῆς
3517 3828 3707 3899 δόξηςο

2138 3926 2390 3997 καθάπερ
2448 3925 2573 3979 τινὰ
2620 3921 3037 3995 μυστικωτάτην
3095 3920 3418 3991 σύγκλητον,
3486 3921 3585 3974 τὸν
3619 3921 3711 3989 τῆς

2152 4015 2478 4085 Ἐκκλησίας
2524 4013 2673 4077 λαὸν,
2717 4011 2780 4065 τὸ
2806 4010 3074 4081 βασίλειον
3113 4011 3410 4081 ἱεράτευμα
3438 4008 3710 4079 στιχηδδν,

2137 4107 2213 4170 ὡς
2230 4107 2296 4160 άν
2314 4124 2397 4168 τις
2418 4105 2584 4168 εἴποι,
2624 4102 3032 4175 παρασκευάζει
3069 4102 3169 4171 τῆς
3199 4102 3541 4172 εὐσχήμονος
3566 4101 3712 4153 πολι-

2139 4198 2290 4261 τείας
2309 4197 2407 4269 τὴν
2434 4196 2607 4262 τάξιν,
2638 4194 2867 4268 ρυθμίαν
2897 4211 2955 4246 τε
2991 4193 3087 4247 καὶ
3110 4192 3474 4263 εὐαρμοστίαν
3507 4192 3713 4245 διατατ-

2140 4287 2361 4359 τόμενός
2386 4303 2572 4358 φησιν,
2611 4282 2905 4354 Ἀδελφοί,
2934 4281 3021 4352 μὴ
3076 4281 3283 4335 παιδία
3315 4282 3563 4349 γίνεσθε
3592 4279 3712 4344 ταῖς

2141 4379 2378 4451 φρεσίν,
2411 4380 2573 4434 ἀλλὰ
2601 4377 2674 4447 τῇ
2699 4378 2878 4446 κακίᾳ
2896 4375 3205 4445 νηπιάζετε
3225 4392 3238 4405 ·
3270 4373 3399 4440 ταῖς
3422 4373 3493 4426 δὲ
3533 4372 3707 4442 φρεσὶ

2142 4475 2354 4530 τέλειοι
2407 4473 2669 4543 γίνεσθε.
2710 4470 2867 4526 Οὕτω
2916 4471 3025 4542 γὰρ
3055 4468 3135 4539 τῷ
3188 4466 3485 4538 παντελείῳ
3516 4468 3612 4518 καὶ
3642 4467 3715 4518 ai-

2144 4569 2287 4639 ωνίῳ
2324 4566 2464 4637 Θεῷ,
2489 4559 2534 4634 ᾧ
2552 4566 2651 4637 τὴν
2677 4564 2983 4636 πανήγυριν
3011 4562 3215 4633 ἄγομεν
3256 4563 3518 4629 σήμερον,
3549 4558 3627 4629 τῷ
3654 4559 3715 4610 δι’

2144 4662 2291 4731 ἡμᾶς
2329 4659 2470 4713 κατὰ
2522 4657 2701 4729 σάρκα
2751 4655 2837 4708 ἐπ’
2872 4656 3116 4726 ἐσχάτων
3143 4654 3500 4725 νηπιάσαντιι
3562 4651 3624 4716 ἐξ
3661 4644 3713 4702 οὗ

2146 4754 2255 4807 πᾶν
2306 4751 2534 4822 δώρημα
2563 4748 2658 4803 καὶ
2698 4745 3037 4801 τελειωτικόν
3059 4762 3073 4776 ”
3122 4745 3199 4816 τῷ
3241 4744 3337 4815 τὴν
3374 4743 3521 4797 κατὰ
3562 4743 3713 4812 φύσιν

2147 4843 2443 4915 ὑπερφυῶς
2486 4842 2587 4911 τῆς
2617 4841 2817 4913 ἀρετῆς
2848 4839 3159 4908 τελειότητα
3186 4838 3279 4891 καὶ
3316 4838 3372 4890 ἐν
3410 4837 3491 4907 τῷ
3514 4839 3713 4907 ἀνθρωι

2075 4962 2119 5022 C
2152 4937 2290 5007 πίνῳ
2346 4933 2536 4990 ἑαυτοῦ
2569 4932 2950 5000 καταστήματι
2984 4929 3308 4993 ὲπιδείξαντι
3352 4928 3639 4998 σύσσωμοί
3666 4947 3713 4981 τε

2151 5025 2244 5079 καὶ
2294 5024 2623 5094 συμμέτοχοι
2658 5020 3020 5091 γενησόμεθα,
3070 5020 3163 5073 καὶ
3201 5021 3336 5090 πρὸς
3357 5021 3531 5089 τιμὴν
3564 5018 3715 5073 αὐτοί

2149 5120 2243 5173 καὶ
2271 5118 2428 5183 δόξαν
2465 5118 2498 5187 ή
2539 5116 2860 5185 Ἐκκλησίας
2883 5115 3032 5167 ἔσται
3064 5113 3390 5174 συνέλευσις.
3432 5111 3595 5165 Οῦτω
3622 5112 3717 5180 γὰρ

2148 5213 2246 5282 τὴν
2274 5209 2531 5282 άρτιγενῆ
2560 5207 2723 5261 αὐτοῦ
2760 5206 3088 5278 σωματικῶς
3122 5205 3441 5275 θεοφάνειαν
3469 5207 3499 5257 6
3528 5222 3717 5274 προφη-

2149 5304 2293 5367 τικδς
2323 5301 2691 5371 αἰνιττόμενος
2730 5299 2907 5367 λόγος,
2950 5302 3061 5361 τοῖς
3086 5297 3432 5369 χαρακτῆρσι
3472 5299 3575 5367 τῆς
3607 5296 3714 5349 θεο-

2153 5395 2395 5467 πρεποῦς
2423 5391 2587 5447 αὐτοῦ
2625 5391 2932 5461 ὑπογράφει
2961 5391 3315 5460 τελειότητος.
3358 5388 3518 5441 Διότι
3539 5404 3552 5416 ·
3591 5387 3716 5453 πρὶν

2154 5486 2192 5556 ἢ
2218 5484 2458 5556 γνῶναι,
2481 5482 2634 5553 φησὶ,
2655 5481 2722 5533 τὸ
2744 5481 2983 5535 παιδίον
3008 5480 3196 5535 καλὸν
3217 5480 3253 5546 ἢ
3275 5478 3485 5544 κακὸν,
3506 5476 3719 5532 ἀπειθεῖ

2155 5575 2444 5645 πονηρίᾳ,
2492 5570 2798 5636 ἐκλέξεται
2839 5572 2901 5626 τὸ
2944 5569 3186 5642 ἀγαθόν,
3231 5568 3366 5633 ὅπερ
3407 5568 3590 5638 ἄκρας
3640 5568 3716 5618 καὶ
