3822 6406
162 317 278 372 “53
1251 300 1338 355 DE
1376 297 1700 358 OCCURSU

1832 296 1995 363 ΜΙΝΙ,
2037 296 2191 355 ETC.
3224 295 3363 352 ΗΜ

154 436 464 507 τελειοτάτης
520 431 843 505 διακρίσεώς
894 446 955 482 τε
1015 427 1108 482 καὶ
1160 426 1327 488 ὅντως
1388 424 1701 495 φρονήσεως

1833 429 2089 477 onsortes
2135 419 2449 484 evademus,
2517 427 2573 475 et
2628 417 2884 476 Ecclesia:
2928 424 3236 475 conventus
3286 418 3368 474 illi

155 528 429 600 γνώρισμα.
464 526 610 597 Πρὸς
640 521 808 594 οὗπερ
837 522 984 593 ἡμᾶς
1011 519 1303 590 ὁμοιότητα
1331 514 1700 579 διασκευάζων

1828 513 1994 568 ιοιιονὶ
2023 513 2148 577 erit,
2177 521 2231 568 et
2260 512 2489 584 gloriam
2518 511 2639 582 ejus
2673 510 2913 583 augebit.
2944 509 3038 565 Sic
3072 509 3218 565 enim
3267 524 3371 562 nu—

154 624 179 673 ὁ
216 620 365 691 μέγας
406 617 723 681 ἀπόστολος,
754 616 816 669 τὸ
854 611 1115 684 προτεθὲν
1148 606 1310 664 αὐτοῦ
1350 605 1701 661 θεόπνευστον

1828 619 1897 658 ιον
1932 604 2173 675 genitam
2228 604 2350 674 ejus
2407 604 2462 657 in
2496 618 2725 674 corpore
2777 604 3017 659 divinam
3066 600 3369 672 apparitio-

153 708 309 777 λόγιον
346 707 543 777 ἔφησεν
562 724 575 739 ο
623 705 697 769 ὼς
724 704 782 757 ὲν
811 702 985 772 τούτῳ
1016 700 1119 770 τῆς
1149 698 1269 751 κατ’
1298 697 1480 751 εἰκόνα
1510 712 1566 749 τε
1606 694 1703 749 καὶ

1828 713 1925 750 nem
1958 697 2135 750 oratio
2169 696 2485 767 prophetica
2518 696 2781 751 involutis
2838 709 2904 749 ac
2954 693 3117 748 tectis
3181 692 3372 747 verbis

155 801 384 869 ὁμοίωσιν
419 796 728 864 Θεοτευξίας
755 793 1012 868 ἐμφερῶς
1041 794 1099 845 ὲν
1121 793 1251 861 ἡμῖν
1276 787 1699 859 γνωριζομένης,

1828 788 2147 859 ,ignilicans,
2188 790 2361 860 signis
2405 799 2461 845 et
2521 788 2712 860 ﬁguris
2767 794 3013 859 auguste
3062 800 3127 840 ae
3171 784 3373 840 divinat

157 893 241 943 καὶ
270 891 355 961 τῆς
381 889 477 944 τοῦ
512 887 868 962 πρωτοτύπου
898 884 1127 947 κάλλους
1156 881 1579 953 ὑπεραγιότητος
1611 896 1695 948 γι-

1828 877 2158 935 κξνίοοιίοηίδ
2184 877 2304 949 ejus
2335 894 2431 950 per
2460 878 2575 934 haec
2613 878 2778 933 verba
2806 876 3069 933 describit
3106 893 3121 929 :
3154 888 3369 943 nempe,

152 982 493 1052 νωσκομένης.

1828 970 2130 1041 Priusquam
2191 983 2386 1036 nosset,
2444 972 2625 1043 inquit
2665 976 2708 1037 ³,
2767 970 2977 1039 ριιείίιιε
3071 967 3264 1020 bonum
3323 972 3373 1019 et

153 1074 351 1135 malum,
390 1089 500 1127 non
536 1072 879 1139 obtemperat
908 1065 1272 1137 improbitati,
1301 1063 1706 1135 eligetbonum,
1747 1078 1868 1133 qua:
1906 1078 1998 1118 res
2060 1065 2259 1120 summi
2321 1065 2818 1137 perfectissimique
2851 1063 3066 1133 judicii,
3116 1058 3373 1114 discreti-

152 1168 285 1228 onis,
313 1180 372 1220 ac
391 1182 532 1222 verte
551 1164 859 1238 prudentiae
890 1163 1103 1233 signum
1125 1168 1180 1215 et
1202 1159 1464 1214 indicium
1518 1165 1623 1213 est.
1684 1157 1766 1211 Ad
1804 1158 1964 1228 cujus
1994 1158 2410 1217 similitudinem
2446 1175 2543 1215 nos
2569 1161 2848 1215 instruens
2872 1172 3106 1227 magnus
3147 1156 3376 1226 Aposto-

152 1258 251 1320 lus,
284 1260 618 1329 propositum
649 1258 841 1313 divino
875 1256 1141 1311 instinctu
1172 1252 1343 1309 edidit
1373 1252 1696 1308 oraculum:
1739 1254 1896 1322 quasi
1928 1268 2025 1324 per
2058 1253 2163 1309 hoc
2193 1269 2280 1318 ea,
2310 1270 2431 1326 quae
2456 1255 2614 1325 juxta
2638 1254 3058 1311 similitudinem
3121 1259 3177 1306 et
3240 1254 3376 1305 tma-

148 1353 316 1424 ginem
342 1352 593 1407 instituta
619 1360 704 1407 est
728 1350 825 1406 Dei
849 1347 1141 1405 fabricatio
1165 1345 1220 1399 in
1253 1344 1414 1401 nobis
1461 1359 1527 1398 ex
1568 1344 1874 1413 propinquo
1905 1344 2194 1400 commode
2255 1360 2319 1400 ac
2390 1346 2612 1416 proprie
2688 1344 2986 1407 iudicetur,
3054 1342 3376 1415 primitivu-

149 1463 250 1518 que
277 1442 693 1517 pulchritudinis
719 1441 987 1499 sanctitas
1037 1437 1313 1494 excellens
1368 1445 1701 1507 agnoscatur
1737 1445 1791 1489 et
1822 1435 2317 1492 animadvertatur.

212 1632 461 1704 Καθάπερ
482 1631 589 1701 γάρ
613 1627 822 1700 βασιλεῖ
847 1626 954 1680 τῶν
977 1625 1065 1680 ὑπ’
1090 1624 1254 1679 αὐτοῦ
1281 1625 1703 1696 στρατευμάτων

145 1727 579 1800 προπεμπτήριον
616 1719 1058 1792 ὲτοιμαζομένων
1107 1710 1498 1790 μεγαλαυχίαν,
1534 1732 1702 1788 χρυσ-

1878 1620 2345 1689 Quemadmodum
2370 1621 2668 1686 enim,cum
2697 1638 2877 1692 regem
2908 1623 3003 1693 qui
3038 1623 3144 1679 sub
3170 1638 3235 1679 eo
3252 1631 3382 1679 sunt

1808 1714 2087 1769 exercitus
2111 1712 2401 1786 magnifica
2434 1729 2629 1785 pompa
2660 1715 2912 1769 comitari
2965 1723 3131 1786 atque
3176 1715 3381 1786 produ-

143 1787 360 1890 ορόφους
386 1787 559 1871 τεκαὶ
582 1787 989 1885 ἐξειλεγμένους
1013 1787 1152 1865 εῖναι
1170 1812 1297 1874 τοὺς
1323 1810 1458 1881 πρὸς
1483 1787 1708 1881 δορυφο-

1828 1818 1936 1859 :ere
1968 1812 2189 1874 parant,
2238 1820 2373 1857 auro
2423 1813 2598 1861 tectos
2639 1813 2803 1876 atque
2853 1806 3097 1862 delectos
3150 1822 3295 1874 esse,
3327 1816 3384 1863 et

147 1912 264 1981 ρίαν
287 1907 446 1962 αὐτοῦ
485 1905 930 1977 συνειλεγμένους
950 1903 1215 1975 προσῆκε,
1246 1902 1340 1956 καὶ
1368 1904 1467 1973 τῆς
1498 1900 1705 1954 ἐκείνου

146 2004 269 2067 θέας
293 2002 350 2056 τὸ
372 2001 671 2071 ὲκτύπωμα
700 1997 1048 2070 εὐσημότατα
1076 1992 1477 2067 προϐεϐλῆσθαι
1494 2010 1509 2024 ⁸
1535 1990 1709 2056 οὕτως

144 2097 287 2166 ἡμᾶς
332 2094 628 2161 ἀναγκαῖον
675 2087 1226 2163 μεταμορφουμένους
1264 2088 1331 2157 τῇ
1372 2084 1709 2139 ἀνακαινίσει

142 2188 235 2242 τοῦ
260 2187 368 2251 νοὸς
396 2185 572 2257 ἡμῶν,
597 2183 692 2237 καὶ
724 2182 817 2236 τὸν
857 2179 1083 2234 παλαιὸν
1130 2176 1414 2249 ἄνθρωπον
1441 2174 1711 2245 ἀποθεμέ-

142 2296 282 2342 νους,
321 2277 412 2331 καὶ
439 2276 537 2346 τῆς
567 2274 716 2336 θείας
756 2268 1111 2342 είκὸνοςστὴν
1158 2268 1439 2341 ὁμοίωσιν,
1482 2265 1624 2321 κατά
1650 2265 1712 2319 τὸ

142 2369 356 2441 ἐφικτὸν
376 2366 702 2439 ἀνθρώποις,
740 2366 798 2418 ὲν
842 2365 1055 2427 ἑαυτοῖς
1091 2361 1515 2433 περιφέροντας,
1542 2357 1714 2422 οὕτως

140 2468 199 2519 ὲν
227 2466 340 2526 ταῖς
358 2461 645 2531 σωτηρίοις
673 2458 766 2513 καὶ
792 2457 1185 2527 πνευματικαῖς
1210 2454 1454 2525 ἀπαντᾷν
1477 2454 1713 2525 ἑορταῖς,

122 2560 232 2611 εῖνα
254 2557 477 2610 ἕσωνται
504 2555 659 2625 ἡμῖν,
680 2550 822 2606 κατά
855 2551 948 2604 τὸν
978 2548 1073 2603 τοῦ
1107 2549 1388 2621 προφήτου
1415 2547 1591 2616 λόγον,
1622 2565 1717 2617 νη-

142 2651 294 2703 στεία
327 2644 634 2717 ήτετάρτη,
665 2644 760 2697 καὶ
781 2641 1003 2710 νηστεία
1030 2641 1064 2711 ἡ
1103 2641 1348 2711 πέμπτη,
1376 2639 1469 2693 καὶ
1496 2636 1717 2708 νηστεία

142 2746 177 2814 η
215 2741 430 2810 ἑϐδόμη,
464 2740 559 2793 καὶ
588 2735 813 2806 νηστεία
845 2736 878 2805 ἠ
911 2734 1109 2804 δεκάτη
1142 2735 1222 2796 είς
1254 2729 1591 2803 εὐφροσύνην
1622 2730 1716 2782 καὶ

140 2840 225 2901 είς
255 2834 444 2906 ἑορτάς
463 2831 691 2901 ἀγαθάς.
725 2830 835 2898 Τῆς
858 2826 1110 2896 νηστείας
1138 2823 1493 2894 ἅναγωγικῶς
1516 2822 1717 2893 δηλαδὴ

139 2929 461 2999 νοουμένης,
521 2927 579 2978 ὲν
623 2923 702 2993 τῷ
750 2922 848 2992 τῆς
896 2919 1106 2990 ἀποχῆς
1144 2936 1203 2971 τε
1256 2919 1349 2971 κα)⁸
1388 2915 1717 2987 ἐγκρατείας

140 3018 344 3080 παντὸς
364 3013 659 3087 μολυσμοῦ,
680 3012 773 3066 καὶ
786 3008 983 3079 σαρκός
1004 3026 1060 3060 τε
1081 3008 1171 3059 καὶ
1188 3006 1493 3075 πνεύματος
1512 3003 1715 3072 τρόπῳ.

140 3113 243 3166 Διά
271 3110 378 3181 γάρ
408 3107 663 3179 τετράδος
688 3121 748 3157 τε
774 3104 869 3156 καὶ
910 3100 1187 3171 πέμπτης,
1225 3098 1320 3151 καὶ
1350 3096 1456 3167 μὴν
1488 3094 1719 3164 ἑϐδόμης

139 3221 205 3256 τε
248 3202 343 3255 καὶ
399 3200 633 3270 δεκάτης
666 3198 816 3251 πᾶσα
842 3193 1079 3265 σαρκική
1108 3209 1168 3244 τε
1212 3190 1307 3244 καὶ
1343 3188 1422 3259 τῷ
1452 3186 1719 3252 εὐεξαπα-

138 3296 291 3365 τήτῳ
317 3292 426 3345 τῶν
452 3290 757 3360 αἰσθήσεων
805 3285 1109 3359 προσφυὴς,
1142 3284 1235 3337 καὶ
1266 3280 1342 3352 τῷ
1370 3281 1597 3352 παρόντι
1624 3279 1723 3350 βίῳ

140 3384 539 3454 συγκλειομένη
567 3380 891 3451 σημαίνεται
936 3378 1187 3448 ἔμφασις.
1220 3374 1331 3445 Τὴν
1349 3372 1461 3445 γάρ
1485 3389 1723 3443 σωματι-

138 3478 395 3548 κωτέραν
428 3492 488 3529 τε
518 3474 612 3529 καὶ
638 3472 965 3545 φιλόσαρκον
999 3468 1276 3538 διαγωγὴν
1300 3465 1388 3519 διὰ
1414 3465 1512 3534 τῆς
1530 3462 1725 3534 τετρά-

133 3571 231 3633 δος
251 3567 615 3639 μανθάνομεν,
638 3566 711 3629 ὼς
728 3566 791 3619 ἐκ
814 3562 1094 3634 τεσσάρων
1117 3557 1393 3629 στοιχείων
1412 3555 1519 3610 τῶν
1538 3553 1725 3624 σωμά-

132 3680 253 3717 των
278 3658 742 3731 συγκεκραμένων
762 3673 777 3687 ’
801 3655 862 3709 τὸ
894 3654 951 3709 δὲ
975 3652 1063 3708 διά
1093 3651 1201 3705 τῶν
1229 3648 1532 3719 αἰσθήσεων
1555 3644 1726 3698 εὐόλι-

138 3753 273 3807 σθον
300 3751 398 3823 (ὡς
437 3750 599 3804 πέντε
621 3745 1026 3813 καθεστωσῶν),
1052 3744 1115 3797 τὸ
1140 3742 1239 3812 τῆς
1272 3742 1527 3811 πέμπτης
1554 3739 1726 3809 ὄνομα

135 3842 548 3898 ὑπαινίσσεται.
578 3841 643 3893 'll
666 3838 867 3908 ἑϐδόμη
901 3836 986 3900 δὲ,
1012 3835 1107 3889 καὶ
1130 3832 1271 3888 κατὰ
1294 3833 1381 3886 τὸν
1407 3831 1725 3901 Σολομῶντα

132 3939 233 3993 τὸν
255 3938 339 4000 είς
362 3933 552 3989 ἑαυτὸν
569 3927 940 4001 ὲϐδοματικῶς
970 3923 1273 3980 ἀνακυκλού
1282 3940 1439 3993 μενον
1458 3922 1555 3991 τῆς
1576 3921 1726 3974 κάτω

133 4031 355 4103 λήξεως
376 4027 547 4082 αἰῶνα
573 4024 856 4097 ἐμφαίνειν
884 4017 1192 4073 ἐπίσταται.
1215 4017 1286 4069 Ἤ
1308 4031 1371 4083 γε
1398 4016 1503 4085 μὴν
1524 4014 1725 4082 δεκάτη

130 4123 239 4179 τοῦ
298 4121 451 4183 ἐντὸς
486 4115 772 4187 ἀνθρώπου
822 4111 921 4183 τὴν
963 4109 1070 4163 τῶν
1103 4106 1407 4178 αἰσθήσεων
1460 4104 1725 4176 κάθαρσιν

132 4216 285 4287 πρὸς
320 4213 391 4267 τά
418 4211 613 4276 ἔξωθεν
646 4206 954 4277 ἀνηγμένου
1005 4199 1380 4254 ὑποδείκνυσιν
1408 4214 1421 4228 ·
1464 4196 1603 4250 ὥστε
1638 4197 1727 4250 τὸν

130 4307 237 4363 τοῦ
270 4305 370 4360 νοῦ
404 4301 677 4373 ὀφθαλμὸν
731 4295 935 4352 ἁπλοῦν
967 4312 1027 4347 τε
1075 4293 1169 4347 καὶ
1201 4291 1395 4361 διαυγῆ
1440 4290 1723 4359 ὑπάρχειν,

134 4402 233 4455 ἵνα
265 4399 393 4453 ὅλον
416 4396 477 4449 τὸ
511 4394 669 4463 σῶμα
714 4388 972 4461 φωτεινὸν
1018 4386 1193 4446 ἔσται,
1224 4382 1299 4447 ὥς
1320 4400 1451 4453 φησι
1484 4383 1544 4435 τὸ
1576 4381 1729 4449 ἅγιον

130 4490 486 4560 Εὐαγγέλιον
509 4506 521 4518 ·
554 4487 588 4556 ἧ
608 4502 665 4538 τε
694 4484 793 4553 τῆς
820 4479 996 4551 ψυχῆς
1022 4477 1160 4547 ἀκοὴ
1190 4477 1289 4546 τῆς
1315 4475 1463 4539 θείας
1498 4473 1730 4545 πληροῦ-
1762 4510 1804 4564 D

126 4604 231 4639 ται
261 4576 640 4651 ἀγαλλιάσεως
654 4592 713 4629 τε
745 4575 838 4627 καὶ
856 4568 1213 4641 εὐφροσύνης,
1242 4570 1308 4636 ἦν
1338 4564 1727 4635 ἀκουτισθῆναι

128 4677 238 4730 καὶ
280 4673 453 4727 Δαϐὶδ
474 4674 503 4723 ὁ
537 4669 708 4739 μέγας
734 4664 1025 4734 ἐπεύχεται
1045 4679 1058 4691 ’
1093 4662 1192 4729 τὴν
1221 4660 1277 4711 δὲ
1310 4656 1604 4729 γευστικὴν
1634 4658 1731 4711 αὐ-

125 4770 241 4837 τῆς
272 4766 509 4835 δύναμιν
548 4764 605 4813 ἐν
631 4761 698 4829 τῇ
730 4755 824 4810 τοῦ
880 4754 1085 4825 Κυρίου
1128 4748 1568 4821 ὲγγεγυμνᾶσθαι
1599 4766 1725 4820 χρη.

126 4862 394 4929 στότητι,
437 4857 512 4920 ὡς
551 4858 580 4907 ὁ
609 4852 824 4923 ψάλλων
859 4851 916 4901 ὲν
950 4848 1255 4917 προφήταις
1310 4842 1734 4913 ἀναφθέγγεται,

123 4956 236 5010 καὶ
275 4956 342 5006 ὲν
360 4948 642 5017 ἀντιλήψει
675 4946 771 5013 τῆς
795 4942 888 4995 τοῦ
918 4937 1152 5011 Χριστοῦ
1178 4936 1422 4999 εὐωδίας,
1457 4935 1523 5007 ἣν
1543 4938 1571 4989 ὁ
1593 4934 1734 4998 θεῖος

124 5046 369 5106 Παῦλος
405 5042 662 5102 ἀπέπνεε,
692 5036 789 5106 τὴν
819 5029 1316 5104 ὀσφραντικὴνὲξιν
1348 5026 1728 5081 καθίστασθαι·

123 5141 237 5195 καὶ
270 5140 403 5199 ταῖς
436 5133 543 5187 ἔσω
570 5133 665 5201 τῆς
692 5127 1017 5198 διακρίσεως
1052 5124 1209 5196 χερσὶ
1233 5122 1488 5192 ψηλαφᾷν
1528 5120 1618 5174 τὸν
1641 5121 1731 5173 λό-

121 5249 234 5302 γον
280 5228 390 5300 τῆς
447 5225 611 5294 ζωῆς,
635 5223 710 5285 ὡς
742 5220 887 5288 ὁτῆς
930 5217 1157 5287 βροντῆς
1204 5218 1315 5278 υίὸς
1361 5212 1729 5284 διηγόρευσεν.

132 5326 208 5377 Ἦ
248 5321 372 5393 γὰρ
408 5321 467 5373 ὲν
491 5316 698 5377 τούτοις
728 5311 835 5365 τῶν
868 5308 1072 5379 νοητῶν
1103 5308 1406 5377 αἰσθήσεων
1434 5303 1729 5375 γυμνασία,

117 5420 186 5469 ὲν
219 5416 301 5484 τῇ
333 5410 445 5464 τῶν
467 5406 724 5462 ἐναντίων
742 5402 950 5465 τούτοις
973 5400 1153 5469 ἀποχῇ
1179 5415 1239 5450 τε
1268 5399 1361 5451 καὶ
1384 5393 1736 5464 ἀλλοτριώσει

118 5508 236 5577 τὴν
267 5499 679 5570 ἐπαινουμένην
712 5494 862 5566 παρὰ
882 5491 1015 5545 Θεοῦ
1042 5490 1295 5560 νηστείαν
1323 5486 1733 5559 ἀπεργάζεσθαι

119 5597 407 5666 πέφυκεν
427 5609 440 5625 ο
470 5590 613 5644 οὕτω
636 5606 695 5646 τε
718 5583 1015 5658 κατορθοῦν
1038 5583 1184 5655 ἡμᾶς
1214 5581 1551 5652 περιγίνεται
1576 5579 1636 5632 τὸ
1664 5581 1731 5649 τῇ

1814 1896 2005 1951 formae
2038 1897 2187 1951 illius
2222 1897 2532 1951 clarissime
2570 1912 2891 1966 expressam
2931 1898 3218 1968 imaginem
3271 1914 3384 1968 pra:

1814 2003 1874 2043 se
1898 1987 2043 2043 ferre
2076 1996 2241 2057 atque
2266 1996 2486 2057 gestare
2519 1988 2775 2042 convenit
2798 2002 2918 2047 eos.
2948 1989 3041 2058 qui
3071 1988 3138 2043 ad
3170 1989 3382 2044 satelli-

1817 2080 1951 2134 tium
1980 2089 2034 2135 et
2066 2079 2372 2133 custodiam
2402 2079 2653 2148 corporis
2686 2078 2806 2147 ejus
2840 2079 3057 2133 collecti
3092 2089 3243 2145 sunt,
3286 2095 3385 2137 eo-

1816 2172 1940 2227 dem
1976 2170 2137 2225 modo
2172 2185 2399 2227 necesse
2429 2180 2535 2232 est.
2565 2178 2624 2224 ut
2664 2185 2763 2226 nos
2801 2172 3155 2228 renovatione
3188 2175 3387 2229 mentis

1816 2272 1871 2318 et
1925 2263 2095 2317 animi
2137 2263 2316 2317 nostri
2365 2263 2738 2332 nosmetipsos
2791 2263 3276 2328 transformantes,
3332 2272 3389 2321 et

1818 2362 2057 2408 veterem
2089 2353 2365 2407 hominem
2412 2352 2770 2423 deponenles.
2825 2365 2881 2410 et
2918 2358 3096 2425 quoad
3144 2357 3391 2413 homines

1821 2445 1873 2498 id
1904 2445 2124 2513 assequi
2164 2455 2418 2514 possunt,
2455 2445 2655 2499 divina:
2690 2446 2943 2518 imaginis
2977 2448 3390 2505 similitudinem

1821 2537 1875 2590 in
1908 2535 2067 2591 nobis
2096 2534 2554 2592 circumferentes
2597 2547 2761 2607 atque
2791 2548 3090 2608 gestantes,
3151 2541 3223 2593 ita
3264 2548 3390 2596 tan-

1820 2629 1944 2683 dem
1999 2628 2055 2682 in
2091 2629 2429 2685 salutaribus
2462 2637 2518 2684 et
2560 2631 2942 2701 spiritualibus
2995 2634 3194 2689 diebus
3239 2634 3392 2691 festis

1823 2720 2148 2786 prodeamus
2175 2726 2230 2773 et
2262 2718 2677 2781 eonveniamus,
2726 2728 2783 2774 ut
2832 2722 3152 2791 redigantur
3206 2724 3391 2786 nobis.

1816 2811 1971 2880 juxta
2000 2810 2281 2881 prophetae
2306 2812 2637 2876 orationem,
2666 2812 2943 2883 jejunium
2974 2821 3257 2883 quartum,
3302 2815 3391 2884 je-

1818 2902 2033 2974 junium
2058 2903 2333 2972 quintum,
2364 2903 2636 2974 jejunium
2665 2904 2955 2975 septimum
3003 2915 3057 2960 et
3079 2907 3391 2976 'jejunium

1823 2994 2100 3047 decimum
2134 2994 2187 3046 in
2218 2994 2461 3048 lastitiam
2486 3003 2541 3049 et
2563 2994 2739 3049 bonos
2772 2995 2891 3049 dies
2922 2993 3114 3051 festos.
3169 2996 3267 3051 Ubi
3314 2997 3396 3067 je-

1822 3086 2038 3155 junium
2072 3085 2399 3140 sublimiore
2446 3086 2709 3140 nimirum
2764 3094 2930 3159 atque
2976 3088 3279 3144 exetelsiore
3328 3104 3394 3144 ac

1824 3178 2057 3249 mystico
2078 3194 2245 3233 sensu
2278 3178 2690 3249 intelligendum
2716 3187 2823 3243 est,
2848 3196 3006 3236 versa
3029 3189 3191 3250 atque
3221 3190 3394 3237 trans-

1825 3271 1933 3324 lata
1987 3271 2399 3340 signiﬁcatione
2428 3269 2496 3325 ad
2545 3276 2967 3341 temperantiam
2998 3280 3054 3328 et
3101 3274 3392 3328 continen-

1825 3362 1953 3415 tiam
1986 3362 2053 3415 ah
2087 3362 2344 3415 omnibus
2380 3372 2494 3417 tum
2524 3364 2708 3418 carnis
2737 3372 2853 3417 tum
2880 3364 3109 3434 spiritus
3135 3364 3395 3423 sordibus

1822 3460 1876 3507 et
1897 3452 2352 3523 inquinamentis.
2370 3450 2503 3507 Nam
2527 3469 2622 3524 per
2646 3457 3056 3524 quaternarium
3084 3473 3393 3520 numerum,

1824 3544 2072 3615 itemque
2104 3559 2201 3615 per
2228 3545 2595 3614 septenarium
2636 3556 2690 3601 et
2720 3547 3005 3603 denarium
3053 3548 3234 3605 omnis
3275 3566 3399 3603 car-

1826 3638 1991 3701 nalis,
2048 3651 2225 3708 eaque
2291 3652 2411 3708 quae.
2474 3638 2730 3694 sensibus
2764 3639 3076 3712 deceptioni
3113 3657 3177 3696 ac
3215 3640 3395 3697 fraudi

1825 3729 2081 3785 obnoxiis
2114 3738 2169 3786 et
2217 3731 2550 3800 opportunis
2605 3731 2893 3787 familiaris
2942 3740 2998 3788 et
3043 3733 3260 3789 addicta
3289 3742 3395 3792 est.

1826 3833 1992 3894 atque
2026 3839 2151 3879 cum
2187 3825 2442 3892 praesenti
2499 3825 2705 3880 mundo
2757 3826 3125 3894 concluditur,
3184 3829 3397 3898 species

1826 3932 1891 3969 ac
1934 3918 2348 3987 repraesentatio
2396 3914 2757 3987 significatur.
2810 3915 2945 3972 Nam
2980 3932 3123 3982 eam,
3171 3934 3293 3990 quae
3346 3929 3400 3975 et

1794 4008 2005 4078 ‘magis
2031 4023 2294 4079 corporea
2328 4016 2382 4063 et
2426 4010 2611 4065 carnis
2642 4024 2833 4065 amans
2867 4018 2973 4072 est,
3022 4010 3152 4066 vitae
3212 4019 3397 4067 trans-

1827 4102 2098 4156 actionem
2132 4116 2229 4171 per
2271 4102 2689 4171 quaternarium
2741 4117 3030 4156 numerum
3070 4103 3394 4173 accipimus.

1828 4197 2033 4265 quippe
2081 4194 2410 4264 corporibus
2454 4210 2518 4249 ex
2551 4202 2790 4264 quatuor
2836 4195 3125 4250 elementis
3154 4203 3401 4250 contem-

1843 4283 2080 4352 peratis:
2118 4291 2174 4336 at
2205 4296 2291 4347 ea,
2324 4296 2445 4352 quae
2476 4297 2575 4352 per
2590 4298 2790 4337 sensus
2817 4282 2895 4347 fit,
2915 4282 2982 4337 ad
3011 4284 3224 4354 lapsum
3260 4283 3400 4339 faci-

1830 4375 1957 4429 litas
1988 4382 2154 4445 atque
2194 4374 2518 4445 proclivitas
2544 4374 2789 4445 (quippe
2821 4391 2944 4430 cum
2972 4391 3204 4430 numero
3232 4377 3400 4447 quin-

1832 4484 1943 4537 que
1974 4467 2127 4538 smt)
2154 4466 2394 4537 quinarii
2428 4468 2648 4522 nomine
2669 4468 3011 4536 designatur.
3045 4469 3403 4539 Septenarius

1832 4575 1962 4615 vero
1981 4575 2242 4614 numerus
2269 4558 2438 4614 etiam
2467 4558 2745 4613 Solomoni
2771 4559 2959 4616 inferte
2976 4570 3185 4615 naturae
3204 4576 3401 4624 aevum,

1833 4651 1979 4722 quod
2013 4666 2109 4722 per
2135 4652 2473 4721 septimanas
2521 4652 2572 4704 in
2626 4652 2981 4722 semetipsum
3020 4653 3323 4707 revolvitur
3350 4660 3405 4707 ct

1836 4744 1890 4799 in
1930 4745 2121 4799 orbem
2154 4744 2315 4809 redit,
2351 4743 2668 4813 signiﬁcare
2716 4744 2876 4799 solet.
2917 4744 3187 4799 Denarius
3220 4754 3402 4798 autem

1838 4853 2102 4891 numerus
2129 4836 2198 4891 ab
2222 4838 2465 4890 externis
2494 4835 2559 4889 ad
2585 4837 2943 4891 excelsiorem
2977 4838 3319 4891 intellectum
3351 4844 3406 4890 et

1838 4928 2169 4984 sententiam
2211 4928 2499 4997 mysticam
2547 4929 2907 4983 translatione
2970 4928 3136 4991 facta,
3200 4925 3407 4981 indicat

1840 5020 2039 5074 interni
2072 5019 2307 5073 hominis
2336 5036 2596 5074 sensuum
2627 5021 3102 5091 expurgationem,
3139 5030 3197 5073 ut
3246 5019 3405 5075 oculo

1840 5112 2042 5168 mentis
2089 5120 2144 5165 et
2194 5111 2361 5166 animi
2416 5114 2665 5183 simplice
2719 5120 2884 5182 atque
2937 5110 3211 5181 pellucido
3259 5113 3408 5167 exsi-

1840 5213 2037 5268 stente,
2072 5212 2248 5258 totum
2280 5219 2481 5275 corpus
2511 5203 2755 5259 lucidum
2807 5206 2900 5269 sit,
2940 5212 2998 5258 ut
3052 5203 3231 5273 inquit
3278 5219 3400 5259 san-

1839 5307 1986 5352 ctum
2023 5296 2446 5368 Evangelium‘:
2480 5299 2676 5351 animm
2708 5296 2833 5351 item
2871 5312 3033 5351 aures
3062 5295 3246 5351 divino
3273 5310 3407 5366 gau-

1844 5392 1936 5446 dio
1978 5402 2143 5462 atque
2187 5392 2375 5445 laetitia
2426 5391 2763 5461 repleantur,
2797 5406 2959 5461 quam
2994 5399 3052 5443 ut
3082 5404 3245 5444 aures
3300 5405 3412 5443 sua:

1842 5485 2169 5555 percipiant,
2219 5485 2387 5539 etiam
2455 5499 2687 5556 magnus
2736 5484 2829 5540 ille
2882 5484 3049 5540 David
3110 5493 3409 5553 precatur:

1838 5578 2096 5650 gustandi
2125 5589 2305 5634 autem
2338 5580 2422 5635 vis
2450 5586 2505 5634 et
2535 5578 2768 5634 facultas
2797 5577 2919 5649 ejus
2949 5576 3003 5632 in
3051 5574 3267 5631 Domini
3319 5577 3408 5632 be-

206 5777 229 5806 ¹
260 5776 379 5830 lsa.
419 5788 517 5840 vu,
556 5769 676 5841 16L
718 5767 737 5799 ³
768 5764 933 5820 Zaclt.
964 5776 1084 5829 vui,
1128 5759 1215 5814 l9.
1293 5758 1313 5788 ⁵
1349 5756 1535 5813 Matth.
1608 5773 1686 5824 γι,
1733 5755 1826 5812 22.
