3822 6406
414 311 556 374 MSS
1653 311 1711 366 S.
1751 307 1995 368 GREGOI

2118 305 2410 364 NYSSENI
3525 307 3665 364 1156

413 427 680 500 nignitate
718 436 882 498 atque
928 425 1320 483 commoditate
1356 433 1702 490 exerceatur,
1762 423 1977 496 procla-

2100 424 2242 495 ιακίᾳ
2273 423 2372 494 μὲν
2405 421 2709 493 νηπιάζειν,
2745 423 2844 494 τῆς
2867 423 3009 478 κατά
3031 423 3163 480 Θεὸν
3180 424 3236 480 δὲ
3268 425 3588 496 φρονήσεως
3605 426 3666 476 ἐν

414 526 548 580 mat.
577 527 630 573 et
660 517 714 572 in
750 518 1102 589 perceptione
1121 515 1328 572 Christi
1363 517 1549 574 suavis
1573 516 1780 578 odoris,
1812 528 1975 584 quem

2100 513 2378 586 τελειότητι
2403 514 2668 585 γίνεσθαι.

418 611 644 665 divinus
676 597 880 666 Paulus
917 609 1225 673 redolebat,
1278 607 1548 662 odorandi
1601 617 1656 663 et
1689 605 1980 662 olfaciendi
2023 606 2244 663 habitus
2309 609 2720 675 conStituatur;
2773 616 2830 662 et
2891 608 3124 664 internis
3179 607 3538 664 discretionis
3601 615 3667 662 et

411 689 607 759 iudicii
635 699 890 755 manibus
917 706 1292 753 contrectetur
1319 697 1544 752 verbum
1579 697 1724 763 vitae,
1751 704 1808 750 ut
1840 696 2064 750 tonitrui
2102 695 2246 752 illius
2297 697 2430 752 dicit
2457 699 2499 750 '.
2531 697 2666 753 Nam
2703 701 3192 770 :intellectualium
3253 710 3424 769 atque
3496 699 3668 769 spiri-

417 791 649 845 tualium
682 806 946 847 sensuum
975 791 1032 846 in
1068 789 1154 844 his
1184 788 1507 845 exercitatio
1547 805 1643 860 per
1695 789 2082 844 abstinentiam
2110 798 2165 845 et
2205 791 2591 849 alienationem
2654 794 2722 849 iis
2783 793 3210 849 contrariorum
3244 795 3461 850 elIicere
3525 795 3670 848 solet

413 887 706 958 jejunium,
759 885 909 958 quod
969 887 1114 956 apud
1155 885 1324 940 Deum
1379 884 1660 951 laudatur,
1726 893 1891 956 atque
1933 885 2034 940 hac
2067 885 2279 942 ratione
2313 892 2578 959 prospere
2621 889 2780 944 nobis
2816 890 3066 944 succedit
3097 898 3351 954 conatus,
3431 899 3485 945 et
3533 907 3669 944 con-

421 986 600 1056 tingit,
633 994 692 1038 ut
714 984 922 1038 malitia
947 983 1170 1053 quidem
1197 980 1431 1036 infantes
1462 981 1659 1045 simus,
1719 981 2027 1051 prudentiae
2064 997 2214 1050 vero,
2245 999 2366 1055 quae
2395 999 2518 1040 cum
2559 983 2669 1042 Deo
2705 985 3000 1056 conjuncta
3048 993 3152 1048 est,
3191 984 3495 1056 perfectam
3571 1001 3669 1039 co-

421 1079 720 1150 gnitionem
752 1083 807 1131 et
832 1075 1082 1130 habitum
1114 1089 1495 1144 assequamur.

493 1171 606 1226 Hoc
637 1169 801 1225 modo
821 1184 924 1224 nos
977 1167 1211 1238 irrigans
1264 1166 1686 1237 apostolicarum
1732 1165 1897 1220 simul
1929 1179 1993 1220 ac

423 1265 864 1336 propheticarum
899 1259 1275 1315 doctrinarum
1315 1258 1382 1312 de
1413 1256 1848 1328 scaturiginibus
1876 1258 1984 1326 spi-

422 1361 562 1414 ritus
587 1356 867 1412 conﬂuens
895 1367 1154 1409 sensuum
1199 1360 1253 1407 et
1298 1349 1672 1406 intellectuum
1705 1348 1990 1420 majestas,

422 1459 477 1507 et
507 1463 720 1505 amnem
762 1447 856 1502 Dei
902 1445 1150 1516 mysticis
1201 1445 1358 1514 aquis
1413 1441 1652 1512 replens,
1712 1441 1991 1496 caelestem

423 1544 697 1600 civitatem
733 1539 846 1604 Dei,
879 1554 1000 1610 qua:
1029 1553 1095 1592 ex
1145 1535 1606 1608 supramundanis
1630 1535 1994 1604 potestatibus

424 1634 714 1699 conﬂatur,
778 1632 943 1702 hujus
996 1629 1173 1685 amnis
1240 1628 1506 1682 ﬂuctuum
1568 1629 1772 1697 impetu
1827 1625 1993 1680 exhi-

424 1729 603 1782 larare
674 1725 812 1792 scit,
876 1733 936 1778 ut
1004 1721 1362 1794 psalmodiam
1428 1721 1761 1775 clamantem
1835 1717 1994 1772 audi-

424 1819 682 1875 vimus‘.
733 1816 948 1872 Etenim
999 1824 1222 1870 sanctus
1284 1827 1648 1884 supernorum
1699 1811 1994 1881 spirituum

424 1919 624 1976 cintus,
673 1908 959 1964 hominum
1031 1907 1208 1961 salute
1275 1905 1621 1960 vehementer
1672 1903 1993 1958 delectatur.

425 2000 561 2056 Nam
619 2000 691 2054 ita
751 2000 1006 2054 cmlcstes
1060 1998 1290 2068 spiritus
1322 1996 1689 2050 communiter
1734 2010 1842 2050 una
1872 2009 1997 2049 cum

426 2094 666 2150 terrenis
698 2092 816 2147 dies
845 2091 1016 2146 festos
1047 2089 1438 2144 concelebrare
1480 2089 1680 2155 solent,
1724 2087 2000 2142 terrestri-

425 2187 529 2241 bus
555 2185 813 2239 nimirum
837 2181 1141 2252 angelicam
1165 2181 1331 2234 vitam
1357 2180 1839 2250 amplectentibus.
1861 2179 1996 2233 Cum

425 2278 571 2332 enim
599 2274 744 2331 Deus
801 2282 989 2328 noster
1019 2271 1129 2338 hic,
1183 2287 1346 2341 quem
1397 2278 1524 2325 ante
1568 2269 1998 2326 demonstrando

427 2367 693 2439 propheta
721 2364 1096 2420 manifestavit
1128 2379 1191 2418 ac
1219 2362 1542 2433 divulgavit,
1565 2362 1619 2416 in
1653 2371 1796 2418 terra
1825 2363 1996 2424 visus,

425 2469 481 2513 et
508 2473 614 2512 una
656 2471 780 2512 cum
822 2454 1140 2510 hominibus
1179 2463 1538 2509 conversatus
1561 2453 1580 2485 ⁷
1607 2461 1712 2516 est,
1745 2469 1806 2508 ac
1837 2469 1999 2523 supe-

426 2569 545 2607 ram
577 2550 975 2606 beatitudinem
1001 2549 1056 2602 in
1086 2556 1233 2602 terra
1257 2547 1489 2616 plantari
1522 2547 1697 2617 angeli
1724 2547 1998 2611 viderunt,

428 2643 613 2698 Gloria
641 2643 696 2694 in
725 2639 946 2695 excelsis
978 2638 1086 2692 Deo
1122 2636 1558 2708 proclamabam,
1597 2647 1650 2692 et
1690 2636 1746 2692 in
1800 2645 1998 2691 terram

425 2737 581 2807 pacis
615 2735 817 2790 bonum
863 2732 1114 2786 nuntium
1160 2729 1523 2800 apportabant
1557 2729 1840 2802 8(quippe
1874 2745 1998 2785 cum

426 2827 611 2883 divina
643 2827 783 2880 bona
815 2824 1070 2879 voluntas
1111 2831 1164 2878 et
1212 2820 1428 2878 atl‘ectio
1476 2823 1530 2876 in
1567 2822 1880 2878 hominibus
1909 2836 2003 2876 ac-

2162 1169 2349 1232 Οῦτως
2394 1169 2541 1240 ἡμᾶς
2568 1167 2867 1238 ἄρδουσαή
2908 1167 3017 1220 τῶν
3058 1165 3430 1220 ἀποπολικῶν
3467 1183 3528 1218 τε
3575 1168 3670 1219 καὶ

2095 1261 2446 1335 προφητικῶν
2463 1259 2802 1331 διδαγμάτων
2830 1260 2892 1312 ἐκ
2909 1258 3018 1310 τῶν
3035 1259 3278 1329 κρουνῶν
3295 1257 3387 1310 τοῦ
3413 1256 3556 1309 Πνεύ
3566 1275 3669 1326 μα-

2093 1373 2184 1420 τος
2216 1354 2517 1427 συρρέουσα
2549 1353 2890 1423 μεγαλόνοια,
2923 1353 3015 1404 καὶ
3040 1352 3132 1404 τὸν
3155 1349 3247 1402 τοῦ
3265 1350 3398 1402 Θεοῦ
3424 1352 3666 1420 ποταμὸν

2092 1448 2200 1501 τῶν
2230 1445 2502 1519 μυστικῶν
2539 1445 2745 1500 ὑδάτων
2795 1443 3146 1515 πληρώσασα,
3200 1443 3297 1514 τὴν
3345 1445 3669 1514 ἐπουράνιον

2097 1540 2250 1593 πόλιν
2277 1539 2370 1592 τοῦ
2393 1538 2548 1603 Θεοῦ,
2574 1539 2674 1607 τήν
2697 1540 2816 1601 ταῖς
2839 1536 3226 1607 ὐπερκοσμίοις
3263 1534 3669 1606 συγκροτουμέ-

2094 1651 2190 1702 νην
2214 1633 2494 1703 δυνάμεσι,
2554 1633 2667 1694 τοῖς
2701 1629 2794 1684 τοῦ
2827 1629 3070 1700 ποταμοῦ
3126 1629 3313 1683 τούτου
3351 1631 3665 1700 ὁρμήμασιν

2094 1723 2403 1793 εὐφραίνειν
2458 1723 2765 1786 ἐπίσταται,
2815 1721 2890 1785 ὼς
2945 1721 3042 1792 τῆς
3094 1721 3410 1792 ψαλμῳδίας
3454 1720 3666 1792 βοώσης

2095 1813 2423 1884 ἠκούσαμεν.
2459 1813 2562 1868 Καὶ
2594 1814 2710 1885 γάρ,
2735 1814 2769 1884 ή
2791 1812 2896 1866 τῶν
2925 1814 3034 1868 άνω
3061 1813 3384 1882 πνευμάτων
3411 1813 3544 1881 άγία
3570 1814 3670 1882 ὁμ-

2085 1909 2290 1978 ,ήγυρις
2304 1909 2368 1976 τῇ
2385 1904 2492 1958 τῶν
2509 1905 2808 1976 ἀνθρώπων
2827 1905 3065 1977 σωτηρία
3080 1905 3200 1959 λίαν
3219 1905 3488 1974 ἐφήδεται.
3511 1902 3672 1955 Οὕτω

2096 1998 2204 2068 γὰρ
2238 1999 2390 2068 κοινῇ
2417 1996 2806 2067 πανηγυρίζειν
2827 1995 2922 2050 σὺν
2942 1997 3053 2058 τοῖς
3071 1996 3326 2064 ἐπιγείοις
3352 1995 3421 2048 τὰ
3443 1995 3672 2064 οὐράνια

2097 2087 2306 2152 εῐωθεν,
2372 2087 2472 2158 τήν
2520 2085 2907 2157 ἀγγελοπρεπῆ
2966 2086 3238 2138 πολιτείαν
3284 2086 3390 2138 τῶν
3437 2086 3531 2138 ἐπὶ
3566 2085 3672 2153 γῆς

2098 2179 2510 2251 ἀσπαζομένων.
2539 2180 2606 2232 '0
2627 2196 2686 2233 τε
2709 2178 2818 2249 γὰρ
2845 2180 2874 2232 6
2899 2177 3030 2240 Θεὸς
3058 2177 3212 2248 ήμῶν
3237 2171 3411 2242 οὗτος,
3444 2177 3504 2229 ὃν
3535 2193 3672 2245 προ-

2097 2273 2379 2337 δεικτικῶς
2400 2274 2428 2326 6
2461 2273 2745 2344 προφήτης
2773 2271 3095 2343 διήγγειλεν,
3121 2271 3212 2323 ἐπὶ
3243 2269 3342 2340 τῆς
3359 2270 3463 2340 γῆς
3487 2268 3673 2340 ῶςξςθη,

2099 2367 2192 2420 καὶ
2217 2369 2327 2430 τοῖς
2354 2363 2666 2438 ἀνθρώποις
2694 2363 3123 2435 συνανεστράφη.
3157 2361 3250 2414 καὶ
3292 2362 3389 2431 τὴν
3426 2362 3543 2413 ἂνω
3573 2378 3678 2429 μα-

2102 2458 2397 2530 καριότητα
2437 2459 2529 2510 ἐπὶ
2561 2459 2663 2528 γῆς
2700 2455 3066 2525 φυτευομένην
3103 2453 3393 2507 ἐθεάσαντο
3427 2452 3676 2521 ἄγγελοι,

2101 2554 2258 2618 Δόξα
2293 2553 2361 2606 ὲν
2391 2548 2676 2621 ὑψίστοις
2705 2549 2845 2615 Θεῷ,
2875 2547 3286 2618 ἀνεφθέγγοντο,
3325 2547 3420 2599 καὶ
3451 2547 3548 2598 ἐπὶ
3572 2547 3680 2616 τῆς

2102 2648 2322 2718 εἰρήνην
2357 2643 2766 2716 εὐηγγελίζοντο
2796 2642 2965 2712 (Θείας
2999 2640 3244 2703 εὐδοκίας
3265 2641 3324 2692 ἐν
3360 2638 3679 2710 ἀνθρώποις

2101 2737 2515 2808 γεγενημένης)·
2542 2736 2682 2789 οὕτω
2713 2752 2771 2788 τε
2797 2735 2896 2797 τῆς
2923 2733 3069 2796 θείας
3093 2731 3435 2804 λειτουργίας
3463 2731 3682 2801 ἐξαίρε-

2102 2848 2192 2884 τον
2222 2830 2316 2882 καὶ
2343 2829 2509 2892 ὅντως
2538 2827 2775 2900 καθαρόν
2809 2845 2866 2880 τε
2891 2827 2983 2880 καὶ
3019 2826 3345 2897 μονότροπον
3379 2824 3682 2895 αὐχοῦντες

428 2921 728 2992 quievisset
750 2918 794 2989 ),
827 2925 994 2986 atque
1026 2917 1102 2972 ita
1130 2915 1304 2972 divini
1334 2915 1494 2972 oﬂlcii
1522 2926 1686 2985 atque
1710 2916 1995 2972 ministerii

2101 2925 2149 2976 οἱ
2171 2923 2278 2976 τῶν
2305 2921 2471 2991 ἁγίων
2493 2921 2738 2989 ἀγγέλων
2771 2921 3029 2991 μακάριοι
3073 2919 3266 2979 θίασοι,
3302 2917 3402 2988 τῆς
3443 2916 3684 2989 ἀληθοῦς

426 3014 684 3068 eximiam
717 3025 780 3065 ac
820 3025 947 3066 vere
983 3023 1199 3080 puram,
1234 3009 1613 3079 integramque
1663 3019 1718 3064 et
1752 3009 1998 3080 singula-

427 3118 542 3158 rem
575 3103 844 3157 rationem
866 3101 1154 3156 laudantes
1178 3110 1232 3155 et
1251 3101 1578 3155 extollentes
1602 3100 1744 3156 beati
1776 3109 2000 3156 sancto-

428 3211 548 3250 rum
585 3194 902 3266 angelorum
928 3203 1127 3256 cmtus,
1146 3207 1398 3262 veraeque
1425 3193 1735 3250 sanctitatis
1765 3194 1819 3247 in
1842 3194 1999 3249 nobis

427 3288 584 3359 signa
617 3295 931 3353 cernentes,
967 3300 1078 3339 non
1111 3284 1484 3352 aspernandos
1515 3293 1568 3340 et
1605 3285 1996 3356 repudiandos,

428 3378 922 3447 (quemadmodum
974 3377 1301 3446 evangelii-te
1360 3377 1742 3434 similitudinis
1819 3394 2000 3434 sermo

427 3484 492 3522 ex
529 3469 736 3538 nuptiis
770 3467 976 3522 divinis
1001 3467 1340 3521 abstractum
1370 3475 1423 3521 et
1443 3466 1829 3534 ejectumfacit
1852 3482 1997 3534 eum,

428 3563 520 3633 qui
550 3571 699 3617 veste
717 3559 943 3616 sordida
967 3561 1200 3616 amictus
1239 3561 1402 3624 erat”,
1433 3560 1529 3616 sed
1559 3560 1760 3629 dignos
1786 3559 2001 3628 judica-

429 3657 601 3719 bunt,
643 3653 737 3724 qui
789 3653 1136 3723 sempiternae
1189 3652 1388 3708 laetitia:
1438 3653 1576 3708 socii
1629 3665 1994 3706 assumamur.

429 3747 641 3801 Etenim
673 3745 895 3816 quando
932 3745 1083 3800 circa
1123 3745 1463 3816 primitivum
1492 3754 1546 3800 et
1589 3744 1857 3814 originale
1904 3745 2000 3812 (ut

427 3843 510 3896 sic
535 3839 807 3909 dixerim)
841 3845 1056 3908 tempus
1089 3838 1378 3908 praesentis
1424 3837 1530 3892 diei
1565 3836 1687 3892 festi
1739 3837 1997 3902 instituti,

427 3937 494 3999 is,
523 3935 614 4005 qui
644 3934 819 3988 forma
839 3931 1025 3986 divina
1054 3930 1314 4002 praaditus
1339 3939 1478 3994 erat,
1507 3937 1560 3986 et
1593 3929 1826 3984 formam
1857 3931 1998 3985 servi

427 4034 766 4096 sumpserat,
802 4023 1073 4079 mediator
1111 4032 1164 4078 et
1206 4024 1538 4079 intercessor
1563 4023 1708 4078 inter
1743 4023 1910 4078 Deum
1944 4031 1998 4078 et

427 4121 676 4174 homines
709 4120 911 4182 lactus,
966 4117 1101 4187 legis
1153 4125 1490 4189 praeceptum
1521 4134 1830 4190 exsequens
1863 4135 1997 4188 qua-

425 4211 677 4282 draginta
710 4212 824 4265 dies
852 4219 1016 4266 natus
1046 4210 1251 4275 infans,
1289 4210 1681 4280 sempiternum
1713 4210 1845 4265 illud
1875 4226 1998 4265 ver-

2103 3014 2385 3086 άγιότητος
2412 3014 2470 3066 ὲν
2484 3015 2614 3083 ήμῖν
2629 3012 2860 3084 ὁρῶντες
2877 3014 3002 3074 τοὺς
3021 3011 3390 3081 χαρακτῆρας,
3423 3013 3529 3064 οὐκ
3549 3011 3684 3062 ἀπο-

2104 3106 2332 3177 ϐλήτους
2365 3106 2680 3176 ποιήσονται
2721 3105 3006 3166 κοινωνοὺς
3035 3103 3132 3172 τῆς
3169 3102 3448 3172 ἀκηράτου
3477 3102 3683 3170 εὐφροο

2107 3198 2270 3270 σύνης
2295 3195 2820 3270 συμπαραλήψεσθαι
2838 3213 2852 3227 ⁸
2883 3195 3133 3267 καθάπερ
3153 3195 3242 3248 τὸν
3271 3192 3506 3266 ῥυπώσῃ
3532 3195 3680 3246 ἐστο-

2104 3291 2353 3364 λισμένον
2402 3291 2588 3362 ἐσθῆτι
2634 3290 2924 3361 ἀπόκριτον
2982 3289 3074 3343 τοῦ
3123 3289 3265 3342 θείου
3298 3291 3481 3360 γάμου
3515 3290 3545 3341 ὁ
3586 3289 3685 3357 τῆς

2105 3382 2462 3452 εὐαγγελικῆς
2513 3379 2829 3451 παραϐολῆς
2876 3381 3166 3450 ἐποιήσατο
3205 3379 3382 3447 λόγος.
3429 3380 3545 3432 Καὶ
3578 3380 3686 3447 γὰρ

2105 3476 2192 3530 ὅτε
2227 3474 2367 3528 κατά
2391 3472 2479 3526 τὸν
2518 3472 2822 3543 ἀρχέτυπον
2853 3473 3042 3543 καιρὸν
3069 3471 3165 3542 (ὡς
3190 3470 3254 3524 ἀν
3281 3487 3365 3533 τις
3394 3471 3569 3538 εἴποι)
3587 3471 3684 3539 τῆς

2106 3567 2382 3638 παρούσης
2403 3565 2594 3635 ἑορτῆς
2617 3567 2646 3618 6
2668 3567 2726 3618 ἐν
2753 3567 2930 3635 μορφῇ
2960 3564 3094 3618 Θεοῦ
3120 3563 3401 3634 ὑπάρχων,
3429 3563 3529 3616 καὶ
3553 3579 3685 3633 μορ-

2105 3656 2208 3726 φὴν
2239 3655 2424 3708 δούλου
2457 3655 2728 3725 ἐλόμενος,
2759 3655 2788 3707 6
2819 3653 3042 3725 μεσίτης
3069 3654 3202 3708 Θεοῦ
3227 3653 3324 3708 καὶ
3372 3653 3682 3725 ἀνθρώπων

2103 3750 2409 3820 γενόμενος,
2434 3748 2532 3820 τὴν
2549 3749 2778 3820 νομικὴν
2800 3747 3023 3819 πληρῶν
3040 3749 3380 3820 διαγόρευσιν
3402 3749 3681 3819 τεσσαρά-

2105 3855 2268 3894 κοντα
2297 3837 2518 3910 ήμερῶν
2551 3838 2812 3907 ὑπάρχων
2843 3836 3059 3908 βρέφος,
3106 3839 3135 3890 6
3181 3837 3350 3899 ἀΐδιος
3378 3838 3556 3906 Λόγος
3588 3840 3682 3890 ἐπὶ

2104 3933 2194 3986 τὸν
2231 3932 2356 3986 ναὸν
2391 3930 2586 4003 ἐχώρει
2614 3932 2712 3984 σὺν
2748 3933 2814 4002 τῇ
2853 3932 3104 4000 τεκούσῃ,
3135 3931 3230 3984 καὶ
3259 3934 3325 4002 τῇ
3357 3931 3682 4002 καταλλήλῳ

2103 4027 2199 4095 τῆς
2227 4023 2648 4094 διατεταγμένης
2675 4023 2862 4086 θυσίας
2884 4023 3144 4094 διαγωγῇ,
3166 4024 3222 4076 αἱ
3247 4023 3354 4076 τῶν
3368 4024 3682 4094 ἀσωμάτων

2102 4116 2409 4188 ταξιαρχίαι
2428 4115 2683 4179 δουλικῶς
2707 4115 2798 4168 τὸν
2827 4117 3028 4186 αὐχένα
3061 4115 3461 4179 ὐποκλίνουσαι,
3489 4118 3558 4168 ἐκ
3584 4115 3682 4169 τοῦ

2103 4208 2334 4279 ἀοράτου
2365 4205 2638 4277 θεοπρεπῆ
2670 4207 2766 4278 τὴν
2805 4207 3136 4278 προπομπὴν
3170 4207 3550 4278 ἡτοιμάζοντο,
3587 4211 3682 4263 καὶ

425 4303 553 4357 bum
584 4319 686 4356 una
713 4318 838 4355 cum
872 4301 1145 4372 genitrice
1183 4302 1597 4358 convenientem
1630 4313 1794 4372 atque
1857 4318 1995 4372 pra:-

2100 4299 2160 4352 τὸ
2180 4299 2277 4368 τῆς
2306 4300 2546 4370 ἀρρήτου
2590 4298 2782 4368 σοφίας
2811 4298 3113 4364 ἐξεθείαζον
3146 4299 3378 4366 πέλαγος
3402 4317 3417 4331 ⁸
3453 4302 3552 4354 καὶ
3581 4302 3682 4372 τὴν

428 4397 691 4464 scriptam
739 4395 976 4449 hostiam
1014 4403 1268 4465 portante
1309 4395 1375 4449 ad
1421 4397 1682 4466 templum
1716 4396 1993 4467 pergebat,

429 4488 878 4557 incorporearum
908 4485 1202 4556 spirituum
1233 4486 1457 4541 ordines
1505 4488 1758 4542 servilem
1790 4487 1843 4540 in
1874 4502 1996 4542 mo-

427 4578 558 4632 dum
588 4578 856 4632 cervicem
891 4577 1196 4642 ﬂectentes,
1246 4577 1600 4634 invisibiliter
1657 4578 1768 4634 Deo
1805 4595 1997 4634 conve-

428 4670 665 4724 nientem
695 4683 945 4738 pompam
987 4669 1272 4738 parabant,
1296 4676 1349 4722 et
1379 4667 1672 4724 ineﬂ‘abilis
1716 4669 1996 4740 sapientiae

429 4757 653 4826 pelagus
685 4758 1110 4820 venerabantur,
1145 4767 1199 4813 et
1228 4758 1369 4826 ejus,
1399 4773 1520 4829 qua:
1569 4759 1744 4829 primo
1794 4760 1994 4814 intuitu

427 4847 608 4913 obvia,
640 4847 909 4917 vulgoque
937 4856 1066 4903 nota
1097 4855 1201 4912 est,
1249 4849 1438 4918 legalis
1497 4851 1694 4906 litterae
1723 4855 1994 4908 constitu-

427 4936 593 4990 tionis
625 4936 992 5006 cxpletionem
1025 4945 1081 4991 et
1104 4938 1514 4994 exsecutionem
1550 4955 1650 5010 pro
1671 4942 1994 4997 manifesta-

426 5029 574 5082 tione
615 5030 881 5099 mysterii,
915 5031 970 5084 in
1003 5027 1115 5084 Deo
1148 5031 1240 5098 q-ui
1275 5031 1458 5086 omnia
1489 5035 1719 5098 creavit,
1768 5035 1995 5090 abscon-

426 5120 524 5174 diti
555 5122 979 5190 exspectabant:
1032 5123 1191 5191 cujus
1236 5139 1337 5179 nos
1377 5127 1621 5198 mysterii
1675 5127 1993 5182 memoriam

427 5213 590 5275 hodie
639 5215 1009 5281 celebrantes,
1064 5217 1444 5288 spiritualibus
1499 5220 1990 5290 speculationibus,

426 5306 886 5377 quemadmodum
911 5307 1252 5380 incorporeas:
1280 5322 1488 5367 mentes
1522 5319 1575 5367 et
1606 5313 1856 5383 spiritus,
1893 5329 1993 5369 nos

425 5401 785 5464 oblectemus,
811 5411 862 5456 et
890 5402 1202 5458 divinorum
1229 5405 1621 5461 miraculorum
1650 5408 1992 5478 majestatem

428 5494 813 5566 praedicatione
879 5504 1042 5566 atque
1097 5497 1414 5555 laudatione
1447 5501 1815 5566 celebrantes,
1854 5502 1991 5556 socii

427 5586 646 5640 illorum
701 5585 986 5656 dignitatis
1034 5587 1376 5644 etliciemur:
1429 5607 1536 5646 non
1598 5592 1756 5662 legali
1798 5593 1993 5648 umbra

498 5759 557 5812 'l
592 5759 749 5816 Josn.
798 5779 836 5828 ι,
867 5766 919 5821 1.
999 5766 1019 5799 ⁸
1051 5765 1198 5823 Psal.
1244 5784 1364 5839 va,
1407 5769 1458 5826 5.

2102 4392 2398 4462 περαίωσιν
2429 4392 2528 4462 τῆς
2561 4390 2984 4462 προχειροτέρας
3019 4391 3116 4445 τοῦ
3153 4391 3377 4462 νομικοῦ
3407 4394 3682 4465 γράμμα-

2098 4501 2187 4546 τος
2215 4483 2526 4550 διατάξεως,
2587 4483 2892 4555 φανέρωσιν
2939 4483 3031 4538 τοῦ
3067 4485 3364 4555 μυστηρίου
3396 4485 3491 4538 τοῦ
3545 4488 3682 4541 ἀπο-

2098 4575 2478 4645 κεκρυμμένου
2531 4576 2589 4627 ἐν
2613 4575 2689 4646 τῷ
2722 4575 2842 4646 Θεῷ
2871 4576 2947 4646 τῷ
2995 4576 3064 4629 τὰ
3097 4578 3270 4630 πάντα
3308 4578 3560 4632 κτίσαντι
3593 4580 3683 4646 ἐξ-

2097 4667 2338 4738 εδέχοντο
2361 4685 2374 4699 ·
2408 4662 2470 4722 οῦ
2494 4686 2635 4732 τινος
2665 4653 2824 4740 ἡμεῖς
2843 4668 2941 4741 τὴν
2973 4670 3281 4740 ἀνάμνησιν
3322 4671 3682 4741 ἑορτάζοντες

2099 4761 2356 4832 σήμερον,
2379 4763 2769 4832 πνευματικαῖς
2789 4761 3041 4833 θεωρίαις
3053 4763 3195 4816 κατά
3209 4764 3335 4826 τοὺς
3353 4763 3682 4834 ἀσωμάτους

2097 4858 2223 4920 νὸας
2246 4857 2628 4927 τρυφήσωμεν,
2655 4857 2872 4909 καὶτῶν
2899 4857 3054 4910 θείων
3078 4856 3393 4925 θαυμασίων
3421 4856 3484 4910 τὸ
3508 4874 3682 4930 μεγαο

2095 4949 2237 5003 λεῖον
2252 4948 2582 5016 δοξάζοντες,
2599 4952 2844 5004 κοινωνοὶ
2867 4950 2966 5020 τῆς
2984 4951 3207 5004 ἐκείνων
3229 4950 3386 5017 ἀξίας
3418 4951 3676 5022 ἐσόμεθεν

2095 5045 2154 5097 οὐ
2172 5047 2236 5114 τῇ
2270 5045 2467 5114 νομικῇ
2499 5045 2628 5114 σκιᾷ
2651 5043 2712 5095 τὸ
2733 5042 2888 5114 ὄμμα
2917 5043 3013 5112 τῆς
3039 5042 3218 5113 ψυχῆς
3241 5043 3496 5113 άμαυρού
3505 5061 3676 5113 μενοι,

2096 5136 2230 5190 ἀλλὰ
2256 5135 2317 5189 τὸ
2346 5135 2409 5205 δὴ
2440 5135 2730 5206 λεγόμενον
2766 5135 2846 5206 τῷ
2888 5134 3183 5205 σοφωτάτῳ
3227 5134 3448 5204 Παύλῳ,
3483 5129 3681 5187 ἀνακε-

2097 5227 2431 5299 καλυμμένῳ
2455 5225 2732 5298 προσώπῳ
2762 5227 2860 5297 τὴν
2892 5224 3050 5290 δόξαν
3077 5224 3283 5295 Κυρίου
3315 5225 3680 5293 κατοπτριζόο

2099 5337 2266 5390 μενοι.
2311 5318 2416 5372 Τοῦ
2444 5319 2552 5388 γάρ
2575 5317 2759 5386 Νόμου
2787 5317 3058 5385 λέγοντος,
3092 5318 3200 5370 πᾶν
3233 5317 3523 5387 ἀρσενικὸν
3561 5317 3679 5369 δια-

2095 5415 2272 5482 νοῖγον
2323 5413 2536 5484 μήτραν
2583 5409 2927 5479 ἁγιάζεσθαι,
2979 5409 3088 5462 δεῖν
3132 5409 3188 5462 δὲ
3242 5407 3340 5479 τὴν
3391 5410 3678 5481 ἀρτιτόκον

2095 5507 2329 5576 γυναῖκα
2353 5505 2577 5576 ἄρσενος
2600 5503 2788 5566 παιδὸς
2816 5502 3113 5573 γενομένην
3145 5502 3377 5573 μητέρα,
3414 5503 3676 5571 τεσσαρά-

2096 5614 2260 5650 κοντα
2293 5598 2519 5668 ἡμερῶν
2563 5595 2701 5667 μετά
2724 5596 2785 5648 τὸ
2813 5597 2990 5648 τεκεῖν
3031 5594 3423 5666 καθηραμένην
3460 5594 3675 5664 διαστήο

1535 5771 1553 5803 ⁷
1587 5770 1783 5827 Baruc.
1819 5788 1903 5842 Ill,
1941 5772 1995 5828 ἓξ

2110 5775 2130 5806 ³
2161 5772 2294 5830 Luc.
2331 5790 2368 5830 ιι
2429 5775 2496 5830 15
2527 5790 2648 5845 sqq.
2729 5775 2749 5808 ’
2790 5773 2976 5830 Matth.
3022 5787 3156 5839 χιιι,
3199 5774 3258 5828 ll
3295 5788 3420 5844 sqq.
