3822 6392
174 304 317 361 “57

1337 293 1427 348 DE
1464 291 1791 351 OCCURSU
1817 292 2078 355 οοιιιΝι,
2104 292 2258 350 ETC.

3289 296 3426 353 “$8

176 438 335 494 ματι,
363 419 507 473 οὕτω
538 434 678 489 μετα
702 432 846 479 τινος
886 415 1149 487 εὖκρινῶς
1174 414 1537 485 διωρισμένης
1569 414 1755 477 θυσίας

1868 414 2029 468 animi
2061 415 2283 468 oculum
2318 412 2705 482 obscurantes,
2749 416 2868 482 sed,
2898 416 3053 484 juxta
3099 416 3305 472 dictum
3339 433 3429 471 sa-

172 516 269 568 ἐπὶ
294 514 356 567 τὸ
381 512 476 565 τοῦ
528 508 662 563 Θεοῦ
691 506 1019 579 πορεύεσθαι
1056 506 1279 575 τέμενος
1304 524 1316 537 ·
1350 506 1401 558 οί
1431 505 1528 575 μὲν
1560 505 1620 557 τὸ
1653 505 1754 557 κά-

171 606 369 675 λυμμα
398 602 489 655 ἐπὶ
517 603 583 670 τῇ
629 596 932 664 ἀναγνώσει
959 596 1059 664 τῆς
1095 595 1336 657 Παλαιᾶς
1379 594 1655 663 Διαθήκης
1686 596 1753 664 τῇ

172 693 377 764 καρδίᾳ
402 688 580 744 αὐτῶν
610 686 1019 757 περιφέροντες,
1060 686 1179 745 ταῖς
1211 683 1401 746 αὐταῖς
1427 683 1545 735 κατ’
1578 685 1755 735 ἐνιαυα

172 786 268 838 τὸν
313 782 545 843 θυσίαις,
601 778 666 830 ἵν’
716 776 888 837 οὓτως
945 774 1083 827 εἴπω
1114 774 1191 836 (αἳ
1221 774 1471 827 οὐδέποτε
1505 773 1756 826 δύνανται

172 879 303 939 τοὺς
346 870 818 943 προσερχομένους
864 866 1191 935 τελειῶσαι),
1246 867 1622 935 νηπιοφρόνως
1658 865 1757 935 τὴν

171 966 432 1035 τοιαύτην
465 963 783 1033 νομοθεσίαν
807 961 1175 1032 νομιζέτωσαν
1197 960 1455 1033 πληροῦν.
1493 960 1651 1031 Ἡμῖν
1678 960 1755 1025 δέ,

171 1055 258 1122 οἷς
285 1060 343 1110 ἐν
369 1061 436 1127 τῇ
473 1056 605 1127 πρὸς
634 1055 765 1107 Θεὸν
795 1056 1097 1125 ἐπιστροφῇ
1135 1053 1197 1105 τὸ
1237 1052 1473 1105 τοιοῦτον
1505 1052 1762 1125 περιῄρη-

173 1166 267 1202 ται
323 1147 608 1215 κάλυμμα,
669 1144 815 1209 ἅπαξ
868 1144 961 1195 ἐπὶ
1020 1142 1300 1213 συντελείᾳ
1336 1142 1429 1195 τοῦ
1468 1142 1757 1207 αίῶνοςείς

171 1240 435 1307 ἀθέτησιν
464 1228 737 1306 ἁμαρτίας
764 1237 849 1290 διὰ
878 1240 976 1308 τῆς
1008 1238 1199 1301 Θυσίας
1239 1237 1403 1291 αὑτοῦ
1439 1238 1759 1307 πεφανερῶ-

176 1332 306 1383 σθαι
333 1330 395 1381 τὸ
419 1329 559 1398 μέγα
581 1329 680 1397 τῆς
719 1329 1000 1391 εύσεὸείας
1018 1330 1403 1381 πεπιστευκόσι
1443 1331 1757 1399 μυστήριον,

176 1421 420 1486 ἐπαξίως
450 1419 544 1472 τοῦ
576 1418 718 1471 θείου
764 1419 866 1488 τῆς
895 1419 1151 1489 ἀληθείας
1192 1420 1387 1487 φωτὸς,
1414 1423 1479 1489 τῇ
1509 1419 1762 1489 δᾳδουχίᾳ

174 1514 276 1567 τοῦ
313 1513 630 1583 Πνεύματος
676 1512 737 1564 τὸ
781 1512 881 1580 τῆς
916 1512 1193 1581 παρούσης
1238 1512 1593 1582 πανηγύρεως
1627 1512 1761 1565 θεω-

173 1606 375 1677 ρητέον
418 1606 747 1674 μυστήριον,
799 1605 995 1675 μικρὸν
1036 1604 1240 1657 ἄνωθεν
1281 1604 1644 1675 προσϐαλοῦσι
1687 1604 1763 1674 τῷ

176 1700 519 1769 θεωρήματι,
546 1698 766 1750 κάκεῖνό
798 1714 860 1765 γε
904 1696 1007 1767 μὴν
1029 1697 1301 1768 εὐκαίρως
1332 1699 1760 1767 προσημηναμέ-

174 1764 325 1854 νοις-ο
351 1764 435 1844 ’δτι
463 1789 604 1842 κατὰ
630 1789 688 1841 τὸ
716 1764 817 1858 τῆς
846 1764 1143 1855 ἐξετάσεως
1168 1764 1459 1842 ἀκόλουθον
1567 1764 1760 1859 προτε-
1793 1764 1835 1822 Β

176 1885 271 1939 θὲν
291 1883 387 1937 τοῦ
409 1883 592 1951 Νόμου
614 1881 891 1951 θέσπισμα
917 1883 1008 1934 ἐπὶ
1034 1882 1274 1961 μόνῳιτῷ
1292 1881 1624 1953 σαρκωθέντι
1645 1879 1753 1950 Θεᾷ

174 1973 501 2043 ὡρισμένως
524 1989 581 2024 τε
612 1972 703 2024 καὶ
729 1971 1182 2042 ἀνεπισυμϐάτως
1214 1972 1383 2043 ἑτέρῳ
1416 1973 1605 2042 ὁρᾶται
1628 1971 1736 2041 πλη

176 2066 465 2139 ρούμενον.
497 2065 673 2127 Μόνος
689 2064 797 2134 γὰρ
822 2064 982 2128 αὐτὸς
1014 2066 1268 2136 ἀρρήτως
1302 2062 1644 2133 συλληφθεὶς.
1673 2062 1753 2116 κα⁸

174 2161 475 2231 ἀφράστως
502 2157 747 2227 κυηθεὶς,
782 2156 856 2227 μὴ
875 2156 1363 2226 προδιηνοιγμένην
1388 2155 1464 2225 τῷ
1483 2155 1643 2225 γάμῳ
1666 2154 1732 2225 τὴ

175 2253 517 2323 παρθενικὴν
543 2252 757 2321 μήτραν
790 2248 1044 2318 ἀνέῳξεν,
1079 2248 1148 2300 τὰ
1185 2248 1474 2317 σήμαντρα
1495 2247 1595 2316 τῆς
1620 2264 1735 2317 παρ

175 2344 365 2406 θενίας
397 2343 771 2414 άπαράτρωτα
799 2343 891 2394 καὶ
915 2338 1055 2410 μετὰ
1075 2339 1174 2409 τὴν
1205 2338 1508 2410 παράδοξον
1538 2338 1763 2411 πρόοδον

175 2436 578 2507 φυλαξάμενος,
636 2434 730 2488 καὶ
768 2434 926 2504 μόνος
976 2434 1152 2504 άρῤην
1196 2430 1579 2501 πνευματικῶς
1627 2428 1763 2484 εἶναι

176 2530 564 2593 πεπίστευται,
607 2526 775 2597 μηδὲν
814 2529 913 2597 τῆς
951 2523 1334 2596 θηλυπρεποῦς
1364 2524 1637 2594 ἁμαρτίας
1665 2524 1763 2577 ἐπ-

174 2622 472 2692 αγόμενος,
518 2619 640 2673 ὅθεν
691 2618 785 2672 καὶ
813 2617 981 2680 ὅντως
1010 2616 1163 2685 ἅγιος
1204 2615 1439 2680 ἐπαξίως
1479 2616 1761 2684 κέκληται⁶

174 2714 372 2784 ὥσπερ
403 2713 497 2766 καὶ
532 2710 771 2781 Γαόριὴλ
814 2710 883 2762 τὰ
910 2709 1003 2762 τοῦ
1046 2708 1307 2772 ζωοποιοῦ
1342 2710 1500 2763 τόκου
1533 2712 1598 2781 τῇ
1626 2709 1764 2763 Θεο-

176 2808 328 2876 τόκῳ
356 2804 536 2876 φέρων
582 2802 897 2871 εὐαγγέλια,
926 2802 1089 2855 οἱονεὶ
1118 2801 1217 2871 τὴν
1248 2802 1373 2872 περὶ
1396 2800 1585 2855 τούτου
1630 2819 1765 2872 προ-

176 2898 549 2969 διωρισμένην
560 2913 618 2949 τε
651 2896 747 2949 καὶ
762 2897 840 2959 είς
856 2894 1019 2949 αὐτὸν
1042 2895 1201 2964 μόνον
1216 2894 1430 2965 ὁρῶσαν
1444 2894 1765 2965 νομοθεσίαν

177 2994 241 3044 ἐν
279 2990 581 3061 ἀναμνήσει
625 2988 965 3058 ποιούμενος·
1010 2988 1104 3040 Διὸ
1143 2987 1239 3041 καί
1284 2987 1348 3040 τὸ
1397 2986 1769 3056 γεννώμενον

1856 507 2188 575 pientissimi
2243 504 2422 568 Pauli,
2454 507 2664 562 detecta
2719 507 2860 564 facie
2898 510 3155 563 nimirum
3196 510 3427 579 gloriarz.

1856 600 1951 652 Dei
1984 599 2143 667 quasi
2184 599 2238 651 in
2286 599 2511 669 speculo
2542 602 2979 671 contemplantes
3030 610 3085 657 et
3135 602 3429 671 inspicien-

1856 700 1941 745 tes
1964 692 2028 743 ¹⁰.
2054 689 2187 744 Nam
2212 706 2334 745 cum
2361 689 2467 745 Lex
2492 690 2657 757 dicat,
2690 707 2851 748 onme
2874 694 3256 757 masculinum,
3283 692 3428 763 quod

1858 782 2035 851 aperit
2084 781 2299 835 vulvam
2354 783 2715 847 sanctiﬁcari,
2772 793 3029 853 oportere
3078 794 3262 839 autem
3307 800 3427 841 cam

1858 875 2151 928 mulierem
2180 890 2303 943 qua:
2344 889 2540 929 recens
2573 876 2719 929 edito
2750 885 2908 945 partu
2945 878 3204 933 mascula:
3257 878 3429 946 prolis

1859 972 2038 1019 mater
2070 966 2334 1029 evaserit,
2367 965 2548 1033 spatio
2575 964 2931 1034 quadraginta
2964 980 2991 1016 a
3027 974 3182 1033 partu
3216 966 3429 1021 dierum

1861 1054 2230 1123 puriﬁcatam,
2264 1055 2337 1108 ita
2383 1056 2601 1110 tandem
2641 1070 2766 1109 cum
2818 1066 2965 1109 certa
3010 1066 3171 1125 atque
3226 1065 3429 1111 statuta

1862 1147 2039 1201 lmstia
2066 1147 2329 1201 accedere
2359 1147 2425 1201 ad
2460 1147 2718 1215 templum
2744 1145 2836 1200 Dei
2869 1150 2932 1200 “z
2967 1150 3042 1203 illi
3065 1150 3307 1218 quidem,
3335 1149 3428 1218 qui

1862 1239 2231 1293 vclamentum
2263 1240 2315 1292 in
2351 1239 2519 1293 corde
2551 1255 2675 1305 suo,
2729 1239 2857 1293 dum
2906 1243 3088 1310 legunt
3125 1240 3289 1297 Vetus
3327 1240 3433 1297 Te-

1863 1340 2218 1396 stamentum,
2277 1330 2701 1395 circumferunt,
2758 1332 2948 1387 iisdem
2986 1336 3283 1403 quotannis
3334 1334 3430 1388 bo-

1863 1424 2005 1485 stiis,
2034 1433 2091 1477 ut
2128 1424 2203 1475 ita
2232 1424 2409 1476 dicam
2445 1422 2600 1492 (qua:
2633 1439 2912 1493 nunquam
2954 1425 3279 1480 accedentes
3308 1441 3433 1495 per-

1867 1513 2037 1568 fectos
2067 1514 2294 1568 reddere
2328 1523 2559 1584 possunt
2582 1514 2623 1583 ),
2661 1514 2981 1569 existimare
3028 1515 3227 1570 debent
3270 1517 3435 1571 stulte

1864 1612 1917 1657 et
1966 1604 2215 1673 imperite
2252 1620 2311 1657 se
2366 1604 2641 1673 ejusmodi
2708 1607 3159 1660 consututionem
3207 1608 3433 1678 exsequi

1866 1703 2031 1764 atque
2068 1696 2313 1764 implere.
2348 1696 2457 1749 Nos
2488 1704 2692 1757 autem,
2729 1697 2951 1766 quibus,
2986 1713 3108 1751 cum
3148 1699 3213 1752 ad
3266 1698 3433 1755 Deum

1866 1798 2335 1853 converterentur,
2362 1790 2632 1858 ejusmodi
2669 1790 2915 1846 velamen
2967 1792 3278 1861 ademptum
3327 1801 3433 1857 est,

1864 1880 1958 1948 qui
2000 1881 2169 1935 semel
2202 1881 2257 1933 in
2311 1882 2789 1936 consummatione
2839 1884 2938 1935 zevi
2976 1882 3040 1936 ad
3089 1884 3435 1953 rejectionem

1864 1980 1919 2025 et
1950 1974 2396 2042 reprobationem
2430 1975 2641 2042 peccati
2676 1989 2769 2043 per
2801 1975 3033 2028 hostiam
3061 1976 3179 2045 ejus
3208 1977 3438 2033 manife-

1867 2074 2071 2117 statum
2103 2065 2277 2120 fuisse
2306 2082 2566 2135 magnum
2597 2067 2818 2136 pietatis
2851 2070 3172 2139 mysterium
3200 2070 3437 2124 credidi-

1866 2173 2010 2219 mus,
2044 2168 2206 2225 prout
2232 2160 2455 2230 dignum
2480 2167 2562 2214 est
2592 2160 2796 2215 lumine
2818 2162 3086 2227 veritatis,
3110 2163 3439 2231 praelucente

1866 2246 1985 2302 face
2013 2248 2267 2317 spiritus,
2298 2252 2591 2319 praesentis
2644 2250 2909 2305 solemnis
2958 2253 3066 2306 diei
3102 2252 3227 2308 festi
3273 2262 3439 2323 atque

1867 2346 2174 2394 conventus
2219 2342 2540 2410 mysterium
2586 2340 2942 2396 considerare
2974 2350 3137 2413 atque
3190 2352 3440 2413 spectare

1867 2438 2106 2499 oportet,
2139 2433 2301 2499 paulo
2334 2448 2447 2487 rem
2482 2434 2651 2487 altius
2683 2434 2974 2503 repetendo
3009 2436 3438 2504 speculationem

1868 2527 2035 2588 atque
2057 2520 2556 2575 considerationem
2587 2522 2995 2593 aggredientes:
3020 2534 3073 2580 et
3103 2533 3285 2580 tamen
3311 2527 3440 2581 illud

1867 2622 2016 2667 certe
2057 2615 2209 2682 prius
2243 2615 2577 2683 conjecturis
2608 2626 2659 2669 et
2688 2618 2860 2688 signis
2888 2629 3243 2689 assequentes
3277 2627 3443 2689 atque

1867 2714 2148 2769 notantes,
2187 2708 2528 2776 propositqu
2563 2705 2725 2778 Legis
2761 2719 3115 2779 praaceptum,
3166 2719 3349 2780 prout,
3385 2728 3444 2767 re

1869 2796 2102 2866 quaesita
2134 2806 2299 2866 atque
2333 2799 2642 2869 disceptata
2675 2798 2907 2855 ellicitur
2953 2811 3117 2871 atque
3150 2805 3443 2874 consequi-

1869 2897 1981 2953 tur,
2016 2889 2070 2942 in
2098 2890 2218 2943 solo
2242 2888 2353 2944 Deo
2396 2905 2616 2945 carnem
2653 2891 2846 2946 induto
2889 2890 3172 2956 distincte,
3218 2895 3440 2960 diserte,

1873 2981 2149 3037 destinate
2175 2982 2338 3036 simul
2374 2990 2537 3052 atque
2570 2983 2644 3037 ita
2676 2992 2849 3046 certo,
2884 2992 2942 3037 ut
2986 2985 3189 3039 nemini
3224 2987 3446 3055 insuper

176 3085 375 3151 ἅγιον,
420 3081 592 3149 ἔλεγε,
633 3082 1001 3147 κληθήσεται
1045 3078 1175 3144 Υίὸς
1204 3079 1353 3133 Θεοῦ
1386 3095 1398 3107 ·
1443 3079 1518 3142 ὼς
1565 3078 1755 3150 κυρίως

1872 3077 2030 3133 alteri
2085 3077 2402 3140 contingere
2464 3076 2723 3145 potuerit,
2775 3076 2994 3146 impleri
3039 3077 3235 3132 videri.
3283 3077 3446 3135 Solus

176 3179 282 3247 τῆς
316 3177 409 3232 τοῦ
442 3178 597 3247 ἁγίου
620 3176 966 3249 ἁρμοζούσης
998 3176 1312 3247 ἐπωνυμίας
1344 3175 1421 3247 τῷ
1445 3175 1542 3246 τὴν
1573 3175 1771 3247 παρθέ-

178 3288 273 3324 νον
300 3272 510 3343 μήτραν
552 3274 617 3343 τῇ
661 3271 782 3342 θείᾳ
820 3270 1140 3335 διανοίξαντι
1194 3267 1624 3340 θαυματουργίᾳ.
1663 3269 1771 3321 Καὶ

178 3364 276 3416 ἐπὶ
302 3362 402 3434 μὲν
440 3362 548 3416 τῶν
581 3362 755 3416 ἄλλων
790 3360 1171 3433 πρωτοτόκων,
1201 3360 1331 3428 am
1366 3358 1535 3411 ταῦτα
1563 3357 1767 3428 κληθή-

181 3453 397 3515 σεσθαι,
433 3450 911 3523 βεδασανισμένως
950 3448 1027 3520 τῷ
1068 3446 1221 3518 βάθει
1260 3446 1351 3499 τοῦ
1392 3446 1575 3516 Νόμου
1609 3444 1772 3513 ἐγκύ-

175 3546 333 3616 ψασα
360 3547 394 3617 ή
418 3545 747 3615 εὐαγγελικὴ
772 3542 1049 3614 ἀκρίϐεια,
1077 3542 1447 3613 διηγόρευσεν,
1478 3540 1552 3604 ὡς
1574 3542 1641 3611 τῇ
1675 3537 1769 3591 τοῦ

177 3635 320 3689 Θεοῦ
365 3633 661 3707 ἀφιερώσει
699 3634 760 3687 τὸ
799 3634 940 3688 οὓτω
981 3629 1260 3686 καλεῖσθαι
1286 3629 1726 3701 κληρωσαμένων
1754 3636 1793 3658 ”

178 3728 277 3780 ἐπὶ
310 3725 366 3780 δὲ
407 3725 501 3779 τοῦ
536 3724 883 3797 πρωτοτόκου
928 3722 1107 3792 πάσης
1149 3722 1399 3784 κτίσεως,
1431 3720 1629 3789 Ἂγιον
1667 3718 1773 3771 τὸν

179 3816 560 3890 Temperi”
598 3819 627 3871 ὁ
671 3815 899 3884 ἄγγελος
940 3815 1180 3885 εἴρηκεν,
1229 3812 1305 3875 ὡς
1360 3810 1517 3865 τοῦτο
1569 3811 1772 3880 κυρίως

182 3913 468 3982 ὑπάρχων,
515 3910 610 3964 καὶ
660 3909 760 3980 τήν
796 3907 963 3969 ὅντως
994 3906 1253 3975 ἁγιότητα
1284 3905 1340 3957 ἐν
1366 3905 1432 3973 τῇ
1467 3904 1769 3971 ἀποπομπῇ

177 4003 284 4074 τῆς
310 4001 528 4068 κακίας,
562 4002 655 4054 καὶ
686 4002 751 4071 τῇ
795 3997 888 4051 τοῦ
921 3995 1125 4066 ἀγαθοῦ
1155 3996 1373 4063 ἐκλογῇ,
1401 3994 1517 4063 ἅμα
1544 3991 1621 4063 τῷ
1650 4010 1770 4060 γεν-

182 4095 435 4165 νηθῆναι,
466 4092 541 4156 ὥς
586 4109 748 4163 φησιν
778 4093 806 4145 ό
833 4090 1140 4161 προφήτης,
1166 4084 1590 4154 ἐπιδειξάμενος.

1873 3170 2017 3224 enim
2050 3169 2141 3223 ille
2178 3168 2534 3223 inell'abiliter
2584 3176 2905 3239 conceptus,
2948 3178 3003 3225 et
3051 3171 3447 3241 inexplicabili-

1873 3268 1957 3314 ter
1980 3261 2036 3313 in
2072 3268 2231 3315 utero
2262 3268 2526 3330 gestatus,
2555 3276 2697 3325 eam,
2730 3276 2851 3330 qua:
2880 3276 2977 3331 per
3022 3265 3243 3332 nuptias
3295 3265 3447 3335 prius

1874 3356 2060 3417 aperta
2109 3364 2216 3402 non
2276 3348 2474 3412 fuerat,
2542 3350 2864 3420 virginalem
2924 3353 3143 3407 vulvam
3207 3356 3445 3425 aperuit,

1873 3442 2038 3493 etiam
2077 3450 2201 3509 post
2235 3456 2434 3496 novum
2470 3452 2524 3496 et
2572 3444 2951 3500 admirabilem
2993 3461 3345 3516 progressum
3384 3449 3449 3502 il-

1876 3531 2004 3587 lazsa
2039 3547 2268 3587 servans
2295 3542 2349 3588 et
2376 3534 2639 3589 inviolata
2677 3536 2958 3607 signacula
2997 3540 3354 3609 virginitatis,
3393 3550 3448 3598 et

1874 3625 2029 3679 solus
2084 3626 2365 3682 masculus
2416 3627 2777 3698 spiritualiter
2837 3646 2959 3687 esse
3009 3634 3253 3689 creditus
3320 3644 3445 3701 est,

1875 3719 2076 3788 quippe
2108 3734 2235 3773 cum
2272 3721 2477 3774 nullam
2510 3724 2853 3778 contraxerit
2911 3726 3200 3782 muliebris
3239 3730 3449 3796 peccati

1876 3813 2284 3882 contagionem.
2323 3813 2468 3869 unde
2500 3814 2662 3869 etiam
2697 3831 2825 3871 vere
2848 3825 3096 3883 sanctus,
3127 3828 3186 3872 ut
3215 3834 3313 3889 par
3342 3829 3447 3884 est,

1876 3913 2102 3958 vocatus
2135 3914 2242 3959 est.
2276 3905 2746 3970 Quemadmodum
2777 3908 2939 3962 etiam
2974 3908 3197 3964 Gabriel
3244 3911 3448 3967 bonum

1877 3996 2075 4050 viviﬁci
2125 4005 2315 4065 partus
2348 3996 2594 4066 Deipara:
2634 4000 2887 4053 nuntium
2922 4010 3240 4070 apportans,
3289 4006 3448 4073 quasi

1879 4086 1944 4139 ad
1997 4095 2231 4140 mentem
2266 4095 2321 4140 et
2365 4088 2684 4142 memoriam
2735 4089 2992 4159 redigens
3044 4106 3185 4156 eam,
3224 4109 3344 4162 qua:
3380 4096 3447 4151 de

186 4189 285 4242 illo
327 4196 440 4241 tum
487 4185 873 4255 przedestinata
926 4194 1064 4246 erat,
1118 4190 1232 4235 tum
1275 4178 1343 4233 ad
1391 4193 1514 4233 eum
1572 4178 1749 4231 solum
1790 4179 2097 4247 spectabat,
2124 4180 2259 4249 legis
2281 4180 2757 4237 constitutionem.
2826 4183 3189 4249 Quamobrem
3255 4188 3443 4250 etiam.

188 4278 340 4352 quod
418 4285 676 4333 nascetur
720 4284 972 4331 sanctum
1001 4314 1015 4338 ,
1072 4272 1445 4342 inquiebat",
1504 4269 1792 4324 vocabitur
1831 4268 2006 4326 Filius
2040 4269 2177 4325 Dei:
2231 4273 2431 4342 quippe
2465 4272 2681 4341 proprie
2728 4283 2922 4328 sancto
3001 4287 3361 4345 cognomento
3389 4279 3437 4333 ei

188 4369 571 4432 conveniente,
605 4368 698 4437 qui
746 4366 978 4420 miriﬁca
1016 4376 1177 4434 atque
1206 4365 1390 4417 divina
1445 4362 1763 4433 operatione
1800 4362 2014 4416 vulvam
2049 4365 2263 4434 aperuit
2294 4365 2637 4436 virginalem.
2702 4366 2879 4436 Atque
2911 4366 2977 4422 de
3017 4368 3139 4423 aliis
3220 4369 3439 4439 quidem

187 4458 569 4528 primogenitis
636 4459 967 4514 animalibus
1022 4458 1309 4528 diligenter
1358 4465 1411 4511 et
1472 4456 1744 4526 exquisite
1784 4456 2211 4525 profunditatem
2267 4456 2425 4528 chis
2490 4459 2809 4529 inspiciens,
2853 4460 3086 4528 diligens
3114 4471 3165 4517 et
3187 4474 3441 4519 accurata

188 4549 442 4604 doctrina
471 4551 785 4620 evangelica
832 4561 1020 4605 sancta
1080 4549 1194 4603 haec
1224 4558 1475 4604 vocatum
1520 4549 1587 4602 iri
1639 4548 1797 4613 dixit,
1840 4550 2039 4619 quippe
2065 4565 2127 4604 ex
2171 4565 2237 4605 eo
2266 4551 2408 4621 quod
2446 4550 2555 4605 Deo
2591 4562 3045 4607 consecrarentur
3112 4567 3174 4608 ac
3220 4554 3442 4610 dedica-

189 4652 405 4707 rentur,
453 4642 556 4695 boc
593 4641 920 4697 vocabulum
972 4642 1165 4697 sortita
1201 4648 1365 4709 atque
1420 4639 1654 4709 adepta;
1698 4638 1765 4692 de
1800 4639 1897 4692 illo
1938 4655 2065 4693 vero
2127 4639 2221 4709 qui
2290 4642 2470 4694 omnis
2510 4649 2773 4695 creatura:
2817 4642 3213 4712 primogenitus
3244 4642 3341 4696 fuit
3371 4644 3435 4708 ¹³,

197 4742 451 4791 sanctum
488 4750 611 4788 eum
644 4734 737 4803 qui
780 4739 1060 4795 nascetur,
1110 4732 1336 4801 angelus
1379 4730 1537 4795 dixit,
1574 4738 1634 4782 ut
1666 4728 1757 4798 qui
1801 4731 2022 4800 proprie
2084 4733 2132 4787 is
2195 4741 2340 4787 esset
2368 4733 2460 4801 qui
2491 4742 2801 4796 vocaretur,
2832 4743 2886 4789 et
2942 4750 3122 4789 veram
3176 4738 3437 4791 sanctita-

189 4840 300 4886 tem
327 4843 419 4895 pcr
454 4828 803 4897 rejectionem
826 4828 1044 4881 malitiae
1101 4837 1151 4879 ct
1179 4825 1497 4879 electionem
1530 4823 1787 4877 bonitatis
1828 4825 1987 4878 simul
2025 4840 2088 4880 ac
2162 4834 2321 4881 natus
2378 4833 2483 4888 est,
2542 4833 2599 4877 ut
2630 4824 2807 4895 inquit
2866 4828 3131 4895 prooheta
3193 4829 3245 4882 in
3313 4843 3438 4884 sese

188 4924 551 4979 declarasset.

276 5014 413 5067 Ἀλλ’
440 5013 769 5066 ἐπανακτέω
805 5012 895 5064 ἐπὶ
923 5012 1019 5081 τὴν
1065 5010 1337 5064 θάλασσαν
1382 5010 1480 5079 τῆς
1516 5008 1747 5080 θεωρίας

1949 5005 2149 5061 Verum
2190 5006 2525 5060 redeundum
2555 5017 2637 5061 est
2664 5007 2729 5062 ad
2766 5024 2915 5063 mare
2950 5009 3364 5078 speculationis,
3394 5020 3452 5065 ut

186 5111 263 5173 ὡς
300 5112 331 5178 ἡ
356 5108 473 5161 θεία
503 5106 838 5178 προστάσσει
863 5105 939 5174 τῷ
970 5102 1233 5175 νομοθέτῃ
1264 5102 1438 5172 φωνὴ,
1473 5100 1567 5153 τοῦ
1595 5100 1755 5153 Πνεύ-

1869 5099 2053 5154 divina
2083 5112 2184 5151 vox
2220 5097 2448 5165 imperat
2481 5099 2800 5169 legislatori,
2839 5102 3013 5170 gratia
3077 5100 3337 5171 Spiritus,
3394 5114 3452 5158 ut

194 5217 360 5271 ματος
395 5198 635 5268 χάριτος,
676 5196 750 5259 ὡς
790 5198 844 5247 ἐν
882 5192 1056 5262 στύλῳ
1096 5192 1266 5262 πυρὸς
1302 5192 1393 5244 καὶ
1422 5188 1672 5258 νεφέλης,
1705 5191 1771 5259 τῇ

187 5295 299 5347 τῶν
327 5291 558 5362 Γραφῶν
582 5288 925 5359 λαμπρότητι
964 5284 1057 5337 τοῦ
1088 5283 1274 5337 ἐνθέου
1312 5283 1411 5352 τῆς
1450 5280 1773 5351 Ἐκκλησίας

191 5385 557 5457 στρατοπέδου
603 5380 1037 5453 προηγουμένης,
1064 5378 1148 5430 ἵνα
1194 5378 1259 5446 τῇ
1293 5375 1471 5445 ῥάϐδῳ
1498 5376 1595 5445 τῆς
1615 5374 1768 5427 δυνά-

192 5492 340 5546 μεως
369 5477 436 5545 τῇ
462 5472 899 5542 ἀποστελλομένη
922 5471 987 5521 ἐκ
1016 5470 1112 5537 τῆς
1129 5467 1240 5520 ἄνω
1258 5465 1415 5530 Σιὼν,
1434 5464 1510 5530 ῶς
1536 5464 1769 5518 Ψάλλων

190 5565 379 5635 φησὶν,
415 5564 481 5616 δι’
519 5558 587 5634 ἦς
616 5564 664 5615 οί
694 5560 880 5631 ἐχθροὶ
901 5558 1264 5630 κυριεύονται,
1294 5556 1353 5610 τὸ
1386 5556 1478 5610 τοῦ
1507 5556 1769 5628 γράμμα-

1872 5191 1925 5245 in
1956 5190 2214 5245 columna
2255 5190 2398 5261 ignis
2438 5199 2492 5245 et
2535 5193 2717 5256 nubis,
2780 5192 3070 5263 splendore
3134 5194 3450 5265 Scriptura-

1874 5299 1996 5336 rum
2024 5282 2211 5335 divino
2253 5283 2478 5338 numine
2521 5284 2759 5337 amatum
2827 5286 3127 5339 exercitum
3194 5288 3453 5345 Ecclesia:

1874 5374 2234 5444 praecedente,
2270 5383 2327 5428 ut
2362 5376 2511 5445 virga
2544 5378 2786 5440 virtutis,
2816 5394 2938 5446 qua:
2961 5380 3234 5434 emittitur
3258 5397 3321 5436 ex
3361 5399 3455 5438 su-

1877 5482 2005 5536 pera
2038 5464 2227 5534 Sione,
2260 5476 2319 5521 ut
2348 5468 2816 5539 Psalmograpbus
2844 5472 3019 5541 inquit
3050 5472 3127 5539 ¹⁵;
3160 5489 3256 5542 per
3288 5490 3451 5545 quam

1878 5559 2087 5614 inimici
2147 5561 2201 5614 in
2236 5570 2558 5630 potestatem
2616 5562 2960 5633 rediguntur,
3000 5564 3194 5624 litterae
3228 5567 3459 5638 pelagus

259 5746 305 5776 ⁴⁶
343 5741 384 5798 ll
412 5742 539 5799 Cor.
576 5758 659 5810 ut,
695 5741 777 5797 l8.
855 5743 896 5774 “
931 5740 1102 5799 Levit.
1147 5756 1241 5808 xu,
1270 5740 1305 5794 2
1344 5756 1442 5812 sqq
1546 5740 1586 5772 ¹¹
1620 5737 1753 5794 Luc.

1869 5739 1957 5794 55.
2040 5741 2081 5773 ⁸³
2112 5741 2328 5797 Coloss.
2362 5756 2400 5805 l,
2438 5741 2523 5796 l5.
2608 5743 2650 5773 “
2689 5741 2830 5799 Psal.
2873 5760 2980 5812 cn,
3011 5744 3064 5801 2.
