1911 3197
219 139 286 166 “59

845 137 874 165 S.
890 136 1055 166 GREGORII
1070 136 1220 166 NYSSENI

1778 141 1848 169 “eo

216 196 251 223 ab
268 197 319 223 hac
336 200 363 224 et
377 195 411 223 ab
430 195 475 223 illa
493 200 571 231 parte
595 196 729 231 utrinque
742 196 885 225 diducmm
918 201 1001 232 atque

1053 206 1098 229 τος
1111 197 1281 233 περάσαντες
1294 197 1412 232 πέλαγος
1422 218 1429 231 ,
1451 198 1516 225 ἔνθα
1532 199 1578 226 καὶ
1594 198 1658 226 ἔνθα
1678 199 1846 235 διῃρημένον

216 243 332 270 divisum
348 251 396 277 per
410 243 569 271 distinctum
583 251 615 271 ac
632 243 783 271 dilucidum
813 244 1003 272 intellectuum

216 290 364 317 transitum
394 290 571 325 transgressi,
592 288 753 325 Egyptium
781 298 892 318 sensum
910 290 1005 325 gratiae

216 343 270 362 non
301 336 470 363 credentium
498 336 671 369 eﬂugiamus,
697 336 752 364 illis
783 337 852 371 ipsis
880 336 1004 364 veritatis

216 381 297 409 undis
313 388 341 409 et
348 381 476 409 ﬂuctibus
488 382 660 416 submersis;
676 383 723 417 qui
734 382 845 409 student
859 381 1005 410 nosEvan—

215 428 279 462 gelii
298 428 395 455 itinere
425 427 458 455 ad
479 428 653 463 spirituulem
681 433 783 455 terram
814 428 1004 463 promissionis

215 479 359 509 pergentes
390 475 535 509 prohibere
556 478 583 502 et
602 474 749 510 impedire,
776 475 926 511 voluntque
952 482 1004 502 nos

215 520 249 548 ad
261 520 378 548 ferreum
392 521 488 548 litterae
503 521 645 548 fornacem
661 521 734 562 (qui;
746 529 789 548 res
803 521 940 556 Egyptus
955 529 1004 548 no-

215 567 318 593 minata
326 568 379 602 est)
389 567 414 594 id
427 571 469 595 est
481 568 539 595 luto
547 567 672 603 ﬁngendo
685 568 871 602 lateribusque
882 575 1003 603 coquen—

214 612 269 643 dis,
288 612 316 639 id
330 616 372 640 est
385 613 575 647 corporalibus
591 613 672 648 Legis
685 613 928 641 observationibus
944 620 1003 641 ser-

214 658 332 689 vienles.
354 666 476 686 manere.
511 658 625 686 Dicebat
658 659 742 694 igitur
770 667 885 687 summa:
911 667 1002 688 rerum

215 705 286 732 Deus
299 704 383 739 Moysi
401 704 427 731 in
445 703 574 739 Egypto.
587 711 650 731 cum
664 704 721 738 jam
739 705 846 739 plagam
869 705 943 732 illam
974 709 1003 733 et

213 758 323 785 pinnam
338 750 468 777 adversus
482 749 592 785 Egypti
622 749 806 785 primogenita
837 752 1000 778 statuisset:

215 797 361 830 Sanctiﬁca
374 796 437 823 milii
451 804 527 823 omne
548 796 750 831 primogenitum
773 798 909 830 primoque
924 802 1002 830 partu

212 843 311 869 editum
326 842 395 877 quod
414 843 496 877 aperit
512 850 615 869 omnem
636 843 740 869 vulvam
770 843 797 869 in
823 843 887 877 filiis
914 842 1002 870 Israel

212 889 246 916 ab
262 890 367 916 homine
384 897 464 924 usque
482 890 518 916 ad
532 897 609 923 pecus
628 889 661 916 ".
675 888 763 923 Cujus
775 890 877 917 divinae
899 889 1003 917 consli-

214 935 328 962 tntionis
361 935 555 970 complicatam
591 939 617 962 et
648 935 800 962 involutam
827 936 1001 969 senlentiam,

213 986 342 1016 tanquam
385 982 527 1016 explicans
568 985 596 1008 et
633 988 774 1015 exponens
812 988 875 1008 cum
915 989 1003 1016 popu-

215 1028 269 1054 lum
309 1027 496 1061 alloqnerctur
527 1026 625 1054 beatus
658 1026 777 1062 Moyses,
814 1026 848 1054 Et
883 1027 999 1058 accidet.

214 1073 314 1108 inquit,
330 1081 388 1099 cum
403 1072 530 1099 Dominus
555 1072 625 1099 Deus
640 1078 700 1099 tuus
716 1072 897 1100 introduxerit
923 1078 947 1101 te
973 1074 1002 1101 in

214 1123 312 1145 terram
332 1117 554 1149 Cliunamvurum,
584 1117 805 1152 quemadmodum
820 1118 924 1153 juravit
954 1119 1002 1146 tibi

211 1169 238 1191 et
252 1164 373 1198 patribus
388 1165 439 1191 luis
456 1164 520 1190 dum
533 1163 635 1190 dicebat
648 1171 657 1190 :
672 1163 706 1190 Et
724 1164 793 1190 dabo
811 1164 858 1191 tibi
872 1172 947 1196 eam:
962 1173 1003 1192 se-

212 1210 332 1245 gregabis
346 1218 422 1236 omne
436 1209 505 1245 quod
521 1210 619 1245 (aperiet
633 1210 747 1241 vulvam,
765 1211 887 1237 mascula
897 1211 1002 1244 (videli-

212 1256 265 1286 cet)
281 1255 412 1283 Domino:
437 1261 462 1283 et
491 1264 567 1283 omne
587 1257 709 1291 aperiens
738 1256 842 1284 vulvam
869 1264 902 1284 ea:
924 1257 1002 1285 boum

213 1302 351 1332 armentis.
368 1307 414 1328 aut
428 1302 456 1329 in
466 1301 603 1337 pecoribus
616 1303 680 1334 tuis.
694 1310 855 1338 quacunque
875 1303 924 1330 tibi
938 1308 1002 1331 nata

213 1348 322 1382 fuerint.
338 1348 487 1375 masculina
509 1347 626 1376 Domino
640 1348 788 1375 dedicabis.
808 1347 892 1376 Omne
914 1354 1002 1376 autem

213 1395 332 1428 aperiens
357 1395 460 1421 vulvam
484 1394 578 1426 animo.
599 1402 644 1422 ove
667 1394 859 1422 commutabis:
882 1395 952 1430 quod
979 1395 1003 1422 si

213 1448 266 1468 non
280 1440 493 1471 commutaveris.
515 1440 627 1467 redimes
643 1440 721 1472 illud,
735 1445 759 1467 et
778 1448 881 1468 omnem
896 1440 1000 1474 primo-

211 1488 328 1522 genitum
341 1487 459 1522 ﬁliorum
478 1491 583 1514 tuorum
594 1487 706 1515 redimes
726 1487 763 1520 ",
776 1488 803 1515 id
830 1492 882 1520 est.
902 1495 953 1523 pro
968 1495 1002 1515 eo

1054 244 1084 271 ὲν
1100 245 1133 280 τῇ
1149 244 1269 278 εὐκρινεῖ
1281 244 1406 271 διαϐάσει
1421 244 1476 271 τῶν
1488 245 1642 280 νοημάτων,
1654 246 1686 272 τὸ
1694 246 1848 280 Αίγύπτιον

1054 291 1109 318 τῶν
1124 292 1308 319 ἀπειθούντων
1334 293 1366 327 τῇ
1393 291 1484 327 χάριτι
1504 292 1692 328 διαδράσωμεν
1705 293 1846 328 φρόνημα.

1055 337 1277 372 συγκληθέντων
1299 339 1389 364 αὐτῶν
1404 338 1453 373 τῆς
1466 338 1594 373 ἀληθείας
1607 339 1646 374 τῷ
1664 339 1769 375 ῥείθρῳ
1782 348 1789 354 -
1806 337 1848 370 οἷς

1053 384 1098 411 διὰ
1113 385 1231 420 σπουδῆς
1247 385 1333 417 ἔστιν,
1346 385 1502 420 ἐμποδίζειν
1519 386 1584 420 ἡμῖν
1598 385 1649 420 τὴν
1659 385 1706 411 ἐπὶ
1720 394 1847 421 πνευμα-

1054 430 1133 465 τικὴν
1151 431 1204 466 γῆν
1219 430 1268 465 τῆς
1284 430 1450 464 ιπαγγελίας
1459 430 1506 457 τοῦ
1515 430 1682 465 Εὑαγγελίου
1696 431 1768 463 ὁδὸν,
1784 431 1846 458 ὲ,θὲ-

1054 476 1110 503 λειν
1121 485 1151 503 τε
1169 478 1199 503 ὲν
1211 477 1246 512 τῆ
1270 477 1368 513 σιδηρᾷ
1385 477 1493 513 καμίνῳ
1515 477 1562 503 τοῦ
1578 477 1743 512 γράμματος
1766 478 1847 514 (ὅπερ

1054 524 1071 559 ἡ
1084 524 1221 557 Atyn-mo;
1240 524 1407 559 ὠνόμασται)
1425 523 1590 558 προσμένειν
1604 525 1688 559 ἡμᾶς,
1707 524 1748 558 τῷ
1768 525 1847 559 πηλῷ

1054 570 1102 596 καὶ
1115 571 1148 605 τῇ
1163 570 1288 606 πλινθείᾳ
1303 570 1488 602 δουλεύοντας,
1505 569 1628 597 τουτέστι
1641 571 1701 601 ταῖς
1724 578 1847 605 σωματι-

1054 617 1116 646 καῖς
1140 615 1187 642 τοῦ
1215 616 1308 651 Νόμου
1332 617 1567 652 παρατηρήσεσιν.
1595 615 1666 651 Ἔφη
1689 616 1782 643 τοίνυν
1806 616 1846 652 τῷ

1053 662 1156 697 Μωῡσῇ
1174 662 1203 688 ὲν
1218 662 1350 697 Αἰγύπτῳ
1365 662 1380 688 δ
1402 662 1455 689 τῶν
1475 662 1544 689 ὅλων
1559 662 1625 693 Θεὸς
1647 662 1698 698 ἤδη
1713 661 1763 697 τὴν
1774 662 1846 689 κατὰ

1053 706 1108 733 τῶν
1131 707 1312 743 πρωτοτόκων
1332 707 1471 742 Αἰγύπτου
1495 707 1692 743 διορισάμενος,
1713 708 1844 743 πληγήν·

1059 752 1202 787 Ἀγίασόν
1214 762 1264 788 μοι
1281 752 1343 781 πᾶν
1365 755 1553 788 πρωτότοκον
1572 754 1757 788 πρωτοτενὲς
1781 753 1845 781 δια-

1053 800 1155 834 νοῖγον
1167 799 1271 828 πᾶσαν
1281 800 1399 835 μήτραν
1411 800 1446 827 ἐν
1459 800 1521 833 τοῖς
1537 800 1612 833 υίοῖς
1632 800 1766 834 Ἰσραὴλ.
1784 800 1844 828 ἀπὸ

1053 845 1210 879 ἀνθρώπου
1233 845 1286 877 ἕως
1304 844 1443 877 κτήνους·
1455 842 1488 880 ἧς
1506 853 1578 876 τινος
1593 844 1667 876 θείας
1681 845 1845 880 νομοθεσίας

1054 891 1084 917 τδ
1115 891 1334 925 συνεπτυγμένον
1359 890 1454 925 ὥσπερ
1481 889 1637 922 ὲξαπλώσας
1661 890 1676 916 ὸ
1708 891 1845 925 μακάριος

1055 937 1176 972 Μωῡσῆς
1192 938 1220 963 έν
1239 938 1272 972 τῇ
1293 937 1362 972 πρὸς
1378 936 1423 963 τὸν
1439 936 1503 963 λαὸν
1518 936 1634 968 διαλέξει
1650 936 1844 970 ἀποφαίνεται·

1053 982 1108 1010 Kal
1127 983 1213 1010 ἔσται
1227 983 1266 1015 ὡς
1274 983 1311 1009 ἂν
1327 982 1472 1015 είσαγάγῃ
1494 989 1530 1009 σε
1547 982 1654 1016 Κύριος
1669 983 1686 1009 ὁ
1696 983 1770 1015 Θεός
1785 991 1844 1009 σου

1053 1029 1097 1061 εἰς
1110 1027 1163 1061 τὴν
1181 1027 1239 1063 γῆν
1263 1028 1322 1054 τῶν
1338 1028 1513 1054 Χαναναίων
1524 1047 1532 1059 ,
1561 1027 1598 1054 ὃν
1615 1027 1728 1061 τρόπον
1743 1027 1846 1062 ὦμοσέ

1053 1080 1104 1101 σοι
1118 1074 1167 1101 καὶ
1182 1074 1244 1107 τοῖς
1258 1073 1387 1108 πατράσι
1402 1081 1460 1100 σου
1469 1080 1477 1087 ’
1496 1072 1551 1100 Καὶ
1567 1072 1654 1099 δώσω
1671 1081 1720 1099 σοι
1733 1073 1845 1106 αὐτὴν,

1053 1120 1185 1154 ἁφοριεῖς
1196 1120 1258 1147 πᾶν
1272 1119 1425 1154 διανοῖγον
1437 1128 1572 1154 μητραν,
1590 1119 1626 1146 τὰ
1644 1119 1790 1153 ἀρρενικὰ
1803 1119 1847 1152 τῷ

1053 1167 1151 1201 Κυρίῳ
1163 1174 1170 1182 ·
1193 1166 1244 1193 καὶ
1254 1166 1316 1194 πᾶν
1326 1166 1478 1201 διανοῖγον
1484 1166 1602 1201 μήτραν
1610 1166 1645 1193 ἐκ
1660 1165 1720 1192 τῶν
1730 1166 1847 1198 βουκο-

1052 1213 1141 1243 λίων,
1169 1212 1188 1246 ἢ
1204 1213 1239 1238 ἐν
1262 1212 1322 1244 τοῖς
1346 1212 1471 1244 κτήνεσι
1489 1220 1565 1244 σου,
1593 1212 1652 1239 ὅσα
1667 1212 1707 1238 ἂν
1720 1212 1847 1246 γένηταί

1053 1264 1120 1289 σοι,
1145 1258 1181 1284 τὰ
1203 1257 1343 1292 ἀρρενικὰ
1357 1256 1397 1289 τῷ
1416 1257 1514 1291 Κυρίῳ
1527 1266 1534 1273 ·
1564 1257 1625 1285 πᾶν
1642 1257 1676 1284 δὲ
1687 1258 1846 1292 διανοῖγον

1050 1304 1169 1339 μήτραν
1185 1303 1268 1336 ὄνου,
1281 1304 1426 1336 ἀλλάξεις
1442 1303 1578 1338 προϐάτῳ
1588 1312 1594 1319 ·
1612 1304 1666 1331 ἐὰν
1682 1303 1717 1331 δὲ
1728 1304 1774 1339 μὴ
1793 1305 1846 1331 ἀλ-

1052 1349 1160 1384 λάεῃς.
1172 1349 1314 1385 λυτρώσῃ
1329 1350 1402 1376 αὐτὸ
1415 1371 1422 1379 .
1437 1350 1486 1376 καὶ
1502 1349 1564 1377 πᾶν
1578 1351 1773 1383 πρωτότοκον
1787 1350 1847 1377 τῶν

1053 1395 1127 1423 υίῶν
1140 1403 1198 1422 σου
1217 1395 1369 1430 λυτρώσῃ,
1394 1396 1542 1427 τουτέστιν,
1562 1395 1647 1431 λύτρα
1661 1396 1758 1428 δώσεις
1777 1397 1847 1432 ὑπὲρ

1053 1440 1149 1468 αὑτοῦ.
1166 1440 1246 1468 Οὕτω
1259 1441 1314 1477 γὰρ
1328 1442 1357 1468 ἐν
1371 1442 1403 1476 τῇ
1422 1440 1505 1476 βίϐλῳ
1521 1440 1576 1467 τῶν
1587 1440 1730 1476 Ἀριθμῶν
1742 1442 1759 1467 6
1774 1441 1847 1473 θεῖος

1054 1487 1198 1523 σαφηνίζει
1216 1488 1351 1523 χρησμὸς.
1365 1487 1402 1523 τῷ
1417 1487 1465 1522 τῆς
1486 1487 1694 1522 ἀρχιερωσύνης
1711 1488 1847 1523 ἐπειλημ-

213 1535 331 1569 pretium
351 1534 432 1562 dabis
446 1542 501 1569 quo
516 1534 676 1562 redimatur.
711 1533 758 1561 Sic
773 1534 847 1561 enim
872 1534 899 1561 in
931 1534 1001 1561 libro

1055 1534 1128 1569 μένῳ
1140 1534 1345 1569 διαλεγόμενος·
1354 1534 1410 1561 Kal
1423 1534 1486 1562 πᾶν
1493 1533 1645 1568 διανοῖγον
1657 1533 1780 1568 μήτραν
1788 1535 1847 1561 ἀπὸ

213 1581 396 1609 Numerorum
411 1581 535 1609 divinum
557 1582 699 1609 oraculmn
725 1582 839 1616 exponit
856 1585 938 1616 atque
951 1581 1000 1608 de-

212 1627 311 1658 clarat.
327 1628 411 1656 verba
425 1627 529 1656 faciens
543 1627 576 1655 ad
594 1635 668 1659 eum.
687 1627 735 1662 qui
755 1634 892 1654 sumntum
909 1634 1001 1654 sacer-

212 1673 319 1701 dotium
338 1679 436 1701 nactus
450 1678 528 1702 erat:
545 1673 579 1701 Et
596 1682 673 1701 omne
686 1674 757 1708 quod
786 1674 872 1708 aperit
896 1673 1001 1700 vulvam

212 1721 246 1749 de
258 1721 330 1748 omni
354 1729 434 1749 carne
458 1729 516 1756 qum
530 1722 678 1756 o/feruntur
700 1721 812 1748 Domino
838 1719 871 1746 ab
897 1719 1001 1747 homine

214 1775 296 1801 usque
311 1767 345 1793 ad
361 1775 450 1802 pecus,
468 1767 515 1793 tibi
532 1767 582 1794 erit
598 1774 607 1794 .'
622 1772 798 1802 printer-quam
820 1767 888 1801 quod
917 1766 1002 1800 pretio

215 1813 376 1840 redimentur
390 1813 557 1848 primogeniti
571 1813 717 1842 hominum.
735 1817 813 1844 atque
829 1812 911 1839 etiam
934 1811 1001 1838 redi-

215 1860 251 1887 mi
268 1861 336 1887 sine:
357 1860 531 1895 primogenita
560 1858 763 1895 quadrupedum
791 1859 1000 1885 immundarum.

214 1906 300 1941 Atque
315 1906 460 1940 redemptio
475 1907 530 1933 haec
545 1911 601 1933 est:
615 1906 635 1932 Α
651 1910 785 1933 menstruo
807 1905 901 1932 redimi
921 1905 1003 1940 patie-

214 1953 263 1985 ris,
295 1953 373 1988 pretii
392 1952 533 1980 mtimatio
556 1957 594 1980 est
608 1953 710 1987 argenti
732 1953 847 1988 quinque
875 1952 1002 1979 sicterum

209 2000 290 2034 juxta
301 1999 393 2027 siclum
409 2004 539 2026 sanetum.
564 1999 750 2026 Verumtamen
774 2000 803 2026 in
826 1999 912 2033 primo
926 2003 1002 2026 natos

214 2046 309 2074 vitatur
320 2050 344 2073 et
359 2046 547 2080 primogenita:
558 2054 617 2073 oves
635 2051 659 2072 et
673 2053 769 2079 capras
784 2045 879 2072 redimi
892 2053 943 2072 non
966 2045 1004 2072 si-

213 2101 259 2120 nes
267 2101 275 2119 :
284 2097 376 2120 sam-ta
384 2092 453 2119 enim
464 2092 519 2119 lure
527 2097 551 2119 et
560 2100 627 2126 pura
638 2096 739 2124 sunt,et
748 2092 902 2127 sanguinem
912 2100 1003 2119 eorum

214 2140 297 2166 altari
307 2138 440 2166 adhibebis
450 2138 482 2164 ".
496 2137 641 2165 Enimvero
652 2137 708 2173 jam
718 2138 811 2165 divina
820 2146 870 2165 vox
883 2146 944 2165 cum
955 2138 1004 2165 im-

215 2185 324 2212 mundis
342 2184 566 2219 quadrupedibus
579 2184 662 2211 simul
675 2188 702 2211 et
723 2185 869 2219 conjunxit
887 2189 914 2212 et
948 2191 1003 2211 una

1051 1581 1154 1615 πάσης
1179 1580 1294 1615 σαρκὸς
1315 1580 1335 1608 d
1357 1580 1563 1615 προσφέρωσι
1585 1580 1626 1613 τῷ
1650 1581 1768 1614 Κυρίῳ.
1787 1582 1847 1609 ἀπὸ

1050 1627 1209 1662 ἀνθρώπου
1222 1626 1423 1660 ἓωςκτήνους.
1433 1627 1483 1654 σοὶ
1496 1627 1581 1654 ἔσται
1592 1635 1598 1641 '
1610 1627 1679 1654 ἀλλ’
1693 1627 1714 1661 ἦ
1722 1628 1849 1661 λύτροις

1050 1673 1274 1708 λυτρωθήσεται
1286 1671 1323 1700 τὰ
1337 1673 1509 1707 πρωτότοκα
1527 1671 1585 1699 τῶν
1600 1672 1778 1707 ἀνθρώπω,
1799 1674 1848 1700 καὶ

1050 1719 1088 1746 τὰ
1103 1720 1275 1753 πρωτότοκα
1293 1718 1353 1746 τῶν
1369 1718 1485 1752 κτηνῶν
1506 1718 1567 1745 τῶν
1588 1719 1770 1753 ἀκαθάρτων
1791 1722 1847 1747 λυ-
1859 1723 1868 1735 ‘

1051 1765 1151 1800 τρώσῃ
1163 1774 1170 1781 ·
1194 1766 1249 1793 Καὶ
1264 1766 1284 1800 ἠ
1304 1766 1453 1800 λύτρωσις
1471 1766 1579 1793 αὐτοῦ’
1607 1765 1678 1793 Ἀπὸ
1699 1768 1847 1801 μηνιαιου

1051 1812 1201 1847 λυτρώσῃ,
1217 1813 1237 1846 ἠ
1249 1812 1430 1847 συντίμησις
1444 1812 1594 1847 ἀργυρίου·
1608 1812 1699 1839 πέντε
1715 1813 1846 1845 σίκλων,

1051 1858 1126 1886 κατὰ
1141 1858 1194 1885 τὸν
1213 1858 1326 1885 σίκλον
1342 1857 1396 1884 τὸν
1409 1857 1503 1893 ἅγιον.
1517 1858 1604 1892 Πλὴν
1618 1859 1654 1886 τὰ
1671 1860 1847 1893 πρωτότοκα

1051 1905 1112 1932 τῶν
1121 1905 1247 1939 μόσχων
1256 1923 1264 1935 .
1292 1904 1342 1931 καὶ
1365 1905 1401 1931 τὰ
1415 1904 1585 1938 πρωτότοκα
1602 1903 1661 1931 τῶν
1674 1905 1844 1938 προϐάτων,

1052 1952 1101 1979 καὶ
1113 1951 1173 1978 τῶν
1190 1950 1283 1986 αἰγῶν
1295 1951 1332 1978 οὐ
1347 1951 1489 1986 λυτρώσῃ
1500 1961 1507 1968 ·
1531 1951 1602 1987 ἅγια
1616 1951 1671 1987 γάρ
1683 1953 1751 1979 ἐστι
1762 1961 1769 1969 ·
1795 1953 1844 1980 καὶ

1052 1998 1085 2025 τὸ
1099 1995 1170 2033 αἷμα
1186 1997 1287 2025 αὐτῶν
1299 1997 1460 2032 προσέχεις
1474 1998 1550 2032 πρὸς
1565 1998 1598 2025 τὸ
1613 1998 1843 2034 θυσιαστήριον.

1054 2045 1124 2080 Ἤδη
1140 2044 1190 2080 μὲν
1203 2042 1250 2071 οὖν
1263 2045 1320 2076 τοῖς
1335 2044 1501 2080 ἀκαθάρτοις
1520 2044 1575 2071 τῶν
1590 2044 1697 2080 κτηνῶν
1713 2053 1843 2081 συμπαρ-

1053 2089 1146 2123 έζευξέ
1156 2098 1185 2116 τε
1198 2089 1247 2116 καὶ
1264 2089 1445 2124 συγκατέλεξε
1459 2089 1506 2116 τοῦ
1514 2089 1620 2125 Ἰσραὴλ
1631 2090 1664 2116 τὰ
1680 2091 1843 2125 πρωτότοκα

1052 2137 1070 2172 ἠ
1085 2136 1145 2162 θεία
1158 2136 1233 2172 φωνή
1246 2145 1253 2152 ι
1278 2136 1316 2167 ὡς
1329 2136 1359 2162 τὸ
1372 2135 1456 2167 ὅντως
1480 2135 1685 2171 κεκαθαρμένον
1702 2137 1750 2163 καὶ
1767 2137 1844 2170 ἆγιον

1053 2181 1083 2208 ὲν
1096 2182 1129 2217 τῇ
1144 2181 1215 2208 κατὰ
1228 2181 1321 2216 Νόμον
1338 2180 1451 2217 λατρεία
1466 2181 1515 2207 οὐκ
1530 2180 1640 2216 ἔχοντα,
1655 2182 1679 2207 ει
1699 2182 1750 2208 καὶ
1766 2182 1845 2216 ἁγιά-

215 2233 369 2258 numeravit
383 2235 465 2265 alque
489 2231 629 2259 recensuit
646 2231 844 2267 primogenitos
873 2231 999 2259 lsraelis:

1053 2227 1148 2260 ζεσοαι
1161 2227 1232 2254 αὑτά
1255 2229 1287 2263 τῇ
1302 2227 1493 2262 ἀποκληρώσει
1509 2227 1558 2261 τῆς
1578 2226 1740 2261 νομοθεσίας
1756 2229 1845 2263 ἐνομί-

213 2277 314 2312 quippe
328 2276 373 2312 qui
390 2284 460 2308 eam.
481 2284 542 2312 qua:
569 2283 664 2304 revera
688 2276 794 2311 puritas
808 2280 836 2303 et
867 2277 1002 2304 sanctitas

212 2328 266 2355 est,
283 2330 331 2358 per
352 2329 426 2354 eum,
441 2322 487 2357 qni
513 2321 664 2349 secundum
684 2321 782 2356 Legem
812 2321 1002 2354 exercebatur,

213 2369 317 2394 cultum
337 2375 389 2394 non
402 2367 545 2399 haberent,
572 2366 681 2394 etiamsi
705 2366 872 2394 sanctilicari
890 2375 939 2394 eos
956 2367 1003 2394 de-

212 2414 362 2441 stinatione
378 2417 461 2448 atque
481 2413 660 2440 attributione
676 2413 771 2448 legalis
797 2413 1004 2441 constitutionis

213 2460 301 2487 moris
317 2464 386 2487 erat.
411 2459 476 2486 Nam
494 2460 621 2487 similiter
649 2464 731 2494 atque
759 2467 809 2494 pro
833 2460 867 2487 iis
885 2468 945 2494 qua:
972 2460 999 2487 in

213 2505 357 2532 sacriﬁciis
371 2505 446 2539 rejici
462 2513 494 2532 ac
513 2504 655 2539 reprobari
684 2505 820 2537 solebant,
834 2505 1001 2541 redemptio-

214 2552 256 2578 nis
272 2551 389 2585 pretium
410 2558 460 2586 pro
475 2550 666 2586 primogenitis
685 2551 826 2578 hominum
836 2550 894 2585 lege
909 2550 1000 2578 divina

212 2598 283 2632 apud
299 2605 346 2625 eos
359 2598 492 2624 sancitum
506 2601 583 2625 erat:
615 2597 718 2632 quippe
729 2605 791 2624 cum
815 2597 850 2630 is,
867 2597 912 2633 qui
929 2597 1001 2633 apud

212 2643 322 2671 Judzeos
333 2648 392 2671 erat
409 2644 501 2671 minus
524 2644 631 2671 ratione
651 2644 731 2671 nixus
751 2648 847 2676 status,
874 2644 1002 2679 indignus

213 2696 285 2718 esset
302 2691 347 2725 qui
366 2691 527 2718 rationalem
545 2692 649 2718 cultum
669 2690 789 2723 oﬂ'erret,
817 2696 844 2718 et
864 2692 895 2717 ad
915 2692 1001 2717 maxi-

214 2744 258 2764 me
275 2738 419 2772 mysticum
431 2736 499 2764 Novi
517 2736 685 2765 Teslainenti
700 2738 786 2764 altarc
802 2745 850 2772 pro
864 2737 999 2772 spirituali

215 2783 376 2810 holocaule
393 2784 584 2812 adduceretur.
603 2783 692 2812 Pretia
708 2791 772 2811 vero
804 2783 1001 2819 redemptionis

251 2873 273 2889 ³⁸
294 2872 379 2901 Exod.
402 2881 460 2907 xm,
478 2874 506 2901 2.
527 2874 549 2889 “
565 2873 631 2902 ibid.
651 2873 743 2901 ll—lﬁ.
779 2874 799 2889 ”
816 2872 896 2901 Num.
915 2882 954 2906 ιιι,
981 2873 1034 2906 l5;

1053 2274 1124 2306 ζετο.
1141 2274 1257 2309 Ὁμοίως
1266 2273 1319 2309 γὰρ
1334 2274 1373 2306 είς
1386 2273 1481 2300 θυσίαν
1493 2273 1560 2300 Θεοῦ
1569 2272 1746 2309 ἀποὸλήτοις,
1760 2274 1845 2310 λύτρα

1051 2319 1172 2348 δίδοσθαι
1180 2320 1241 2347 ἀντὶ
1247 2320 1300 2346 τῶν
1309 2319 1357 2347 ἀνθ
1361 2318 1460 2356 ρώπων
1472 2319 1537 2353 παρ’
1549 2319 1638 2351 αὐτοῖς
1651 2319 1830 2347 ἐτεθέσπιστο
1838 2329 1844 2335 ι

1053 2368 1091 2400 ὡς
1116 2368 1166 2403 τῆς
1188 2367 1263 2403 παρὰ
1295 2366 1431 2398 Ἰουδαίοις
1456 2366 1627 2402 ἀλογωτέρας
1650 2368 1846 2399 καταστάσεως

1054 2413 1165 2446 ἀναξίας
1177 2411 1352 2448 ὑπαρχούσης
1363 2411 1412 2447 τὴν
1420 2411 1530 2446 λογικὴν
1544 2411 1690 2447 ἀναφέρειν
1704 2412 1845 2448 λατρείαν,

1055 2459 1103 2487 καὶ
1116 2459 1155 2494 τῷ
1171 2459 1221 2494 τῆς
1230 2458 1333 2493 Καινῆς
1342 2457 1479 2493 Διαθήκης
1494 2457 1693 2493 μυστικωτάτῳ
1708 2459 1751 2490 εἰς
1766 2467 1846 2485 πνευ-

1056 2505 1174 2541 ματικὴν
1207 2504 1396 2539 ὀλοκάρπωσιν
1431 2503 1616 2538 προσάγεσθαι
1647 2503 1844 2539 θυσιαστηρίῳ.

1054 2551 1147 2587 Λύτρα
1167 2551 1206 2583 δὲ,
1221 2550 1317 2585 ὥσπερ
1332 2550 1416 2585 ἑαυτῇ
1433 2550 1589 2585 κατάλληλα
1603 2549 1749 2587 είθισμένῃ
1763 2559 1846 2587 προσ-

1055 2599 1131 2633 άγειν
1142 2597 1191 2629 τὰς
1203 2597 1273 2625 κατά
1282 2596 1374 2632 Νόμον
1384 2596 1417 2623 δι’
1425 2596 1547 2631 αἱμάτων
1555 2596 1650 2627 θυσίας
1660 2596 1705 2631 (ἃς
1713 2597 1728 2623 ὁ
1740 2598 1845 2632 προφή-

1054 2652 1104 2679 της
1125 2643 1249 2674 Ὴσαῖας.
1260 2642 1297 2674 ὡς
1308 2642 1340 2668 ἐκ
1354 2641 1500 2677 προσώπου
1514 2641 1561 2668 τ’λῦ
1573 2641 1654 2674 om.“
1669 2641 1739 2677 μηδὲ
1750 2642 1845 2678 ﬁrm-

1053 2691 1130 2717 κέναι
1142 2689 1218 2726 παρὰ
1236 2689 1291 2715 τῶν
1304 2688 1404 2724 χειρῶν
1419 2688 1509 2715 αὐτῶν
1525 2687 1692 2723 διορίζεται),
1712 2689 1752 2720 ὡς
1766 2697 1845 2715 πνευ-

1056 2735 1172 2771 ματικὴν
1196 2734 1297 2770 δηλαδὴ
1328 2733 1467 2760 τελείωσιν
1499 2733 1546 2760 τοῦ
1570 2732 1670 2759 σκοποῦ
1699 2734 1843 2767 νομοθέτου

1054 2782 1180 2819 δρῶντος.
1204 2781 1245 2808 Τὰ
1256 2782 1283 2808 δὲ
1297 2782 1337 2813 είς
1353 2781 1447 2808 θυσίαν
1463 2780 1663 2816 προσαγόμενα,
1678 2775 1719 2807 ὧν
1736 2780 1769 2807 τὸ
1780 2776 1844 2815 αἷμα

1056 2881 1114 2906 vin,
1138 2872 1180 2900 l7.
