3822 6396
145 296 286 353 “6|

1288 304 1377 360 DE
1416 307 1732 364 OCCURSU
1776 310 2037 385 DOMINI,
2076 318 2228 377 ETC.

3260 343 3395 399 Ηίῖὲ

139 414 470 486 προχεῖσθαι
519 416 597 485 τῷ
643 414 1010 490 θυσιαστηρίῳ
1060 401 1398 494 ἐνενόμίιστο,
1435 428 1601 496 ’Ἅγια
1649 431 1675 483 δ

1790 468 1796 497 ,
1829 443 2007 502 erant,
2038 442 2203 495 veluti
2237 442 2338 512 ipsi
2368 447 2768 516 convenientia,
2800 459 2859 505 ut
2898 466 3019 523 qua:
3056 455 3219 511 solita
3251 470 3398 514 esset

137 504 491 574 εσταλμένως
518 505 831 578 ὠνόμασται
847 529 861 543 ·
909 512 1027 566 κάν
1039 514 1213 585 τούτῳ
1244 517 1442 589 δηλαδὴ
1468 519 1567 589 τῆς
1592 521 1723 590 ἀλη-

1827 525 2025 585 oﬁ‘erre
2055 533 2325 588 sacriﬁcia
2356 552 2479 607 quae
2506 555 2570 593 ex
2603 540 2720 612 lege
2750 540 2887 597 ﬁunt
2916 559 3014 613 per
3070 548 3395 619 sanguinem

136 592 297 657 θείας
347 595 893 673 προδιαγραφομένης
926 605 1004 674 τῷ
1028 607 1203 677 τύπῳ.
1265 608 1324 661 '0
1370 609 1480 681 γὰρ
1528 612 1675 665 ἑαυτὲ

1825 618 1970 689 (qua:
1995 623 2266 681 sacriﬁcia
2328 592 2499 686 Isaias
2536 592 2821 702 prep'lieta,
2856 592 3116 706 tanquam
3163 592 3228 693 «ξι
3277 656 3399 709 per-

132 684 515 754 προσαγαγὼν
544 689 622 760 τῷ
653 691 773 762 Θεῷ
800 696 893 747 καὶ
916 696 1090 767 Πατρὶ
1122 698 1331 764 θυσίαν,
1360 702 1453 754 καὶ
1482 720 1719 773 προσφο-

1821 727 1958 766 sona
1992 714 2086 770 Dei
2114 717 2364 788 loquens,
2396 737 2465 777 ne
2489 725 2853 793 requisivisse
2880 727 3100 797 quidem
3132 729 3199 785 de
3223 734 3397 786 mani-

131 772 242 841 ράν
285 776 364 839 εὶς
419 776 597 849 ὀσμὴν
631 781 893 849 εὐωδίας,
941 787 971 839 6
1004 787 1205 858 Κύριος
1250 790 1407 861 ἡμῶν
1454 772 1659 864 Ἰησοῦς

131 865 373 889 ν----ι-
432 864 482 889 ,τ
662 874 675 889 .
929 878 943 889 .
1118 883 1129 889 -
1178 882 1219 889 --
1280 883 1342 889 ,μ
1420 886 1439 889 -.

1825 800 1932 859 bus
1961 818 2152 861 eorum
2810 772 3257 889 ad‘spiritualem
3310 823 3397 877 ni-

126 865 395 936 Χριστὸς,
423 864 581 935 οὗτος
608 874 767 944 μόνος
816 878 1018 949 κυρίως
1046 883 1142 935 καὶ
1165 882 1383 954 ἀληθῶς
1416 886 1568 955 ἅγιος
1598 889 1713 942 ἐστι

122 971 192 1009 τε
218 959 317 1013 καὶ
340 960 686 1033 ὀνομάζεται.

1826 893 2024 948 mirum
2056 898 2353 967 perfectam
2391 912 2445 958 et
2485 905 2787 961 absolutam
2815 912 3288 968 consecrationem
3339 921 3395 969 et

1816 986 2177 1048 initiationem
2228 1009 2410 1052 mente
2476 1008 2642 1069 atque
2692 1002 2993 1059 intentione
3056 1006 3390 1075 legislatoris

126 1060 435 1120 spectante,
468 1070 591 1125 quae
619 1066 801 1114 autem
832 1063 900 1116 ad
943 1064 1273 1121 sacriﬁcium
1312 1069 1704 1137 oﬁ'erebantur,
1745 1093 1979 1147 quorum
2024 1089 2345 1157 sanguinem
2381 1101 2507 1148 ante
2545 1060 2719 1149 altare
2758 1097 3016 1167 profundi
3046 1099 3215 1155 moris
3246 1109 3387 1165 erat,

123 1153 324 1201 sancta
353 1148 613 1207 distincte
673 1155 959 1212 nominata
993 1170 1122 1215 sunt
1149 1184 1158 1216 :
1223 1165 1426 1235 quippe
1458 1183 1581 1221 cum
1613 1171 1780 1226 etiam
1821 1174 1874 1229 in
1914 1175 2016 1233 hac
2049 1181 2309 1237 nimirum
2342 1187 2513 1255 ﬁgura
2542 1189 2742 1244 veritas
2770 1191 2928 1261 longe
2951 1200 3080 1247 ante
3116 1193 3389 1249 describa.

125 1244 220 1293 tur
269 1247 436 1311 atque
487 1242 832 1317 designetur.
864 1249 1000 1305 Nam
1058 1257 1151 1324 qui
1211 1259 1451 1327 seipsutn
1508 1263 1707 1317 obtulit
1746 1265 1857 1321 Deo
1890 1284 1954 1324 ac
2015 1270 2165 1328 Patri
2230 1242 2511 1333 victimam
2562 1288 2615 1335 et
2662 1281 2989 1338 oblationem
3052 1285 3105 1338 in
3162 1285 3384 1340 odorem

119 1334 441 1401 suavitatis,
520 1335 790 1397 Dominus
859 1352 1050 1402 noster
1096 1346 1261 1405 .lesus
1289 1351 1551 1409 Christus
1609 1358 1653 1387 ὀ

118 1435 312 1483 natur.

204 1520 349 1573 Ἀλλ’
377 1523 505 1587 ἴσως
538 1524 706 1597 ἐρεῖό
744 1528 975 1603 ἀπειθὴς
1013 1535 1281 1602 Ἰουδαῖος,
1337 1541 1413 1607 ὼς
1458 1546 1523 1615 τῇ
1554 1546 1694 1600 κατὰ

1660 1399 1675 1423 9
1734 1360 1783 1414 is
1821 1364 1973 1419 solus
2029 1370 2249 1437 proprie
2291 1379 2344 1425 et
2403 1389 2529 1428 vere
2586 1384 2806 1430 sanctus
2857 1384 2913 1431 et
2968 1386 3053 1432 est
3102 1386 3156 1431 et
3208 1380 3384 1433 nomi-

1873 1546 1980 1603 Sed
2018 1549 2249 1606 forsitan
2307 1554 2454 1609 dicet
2485 1558 2798 1613 incredulus
2850 1558 3093 1627 Judaeus,
3121 1575 3245 1613 cum
3273 1576 3379 1613 non

118 1609 288 1680 νόμον
323 1612 484 1685 θυσίᾳ
508 1617 571 1669 ού
603 1616 876 1690 δυνάμενα
922 1627 1291 1696 προσάγεσθαι
1318 1634 1423 1685 τῶν
1458 1637 1578 1689 κατ’
1609 1638 1675 1690 αὖ

118 1700 210 1725 -λη
240 1702 500 1725 λη-..οι.--τ
746 1710 771 1723 ιο
887 1713 898 1725 ι
1112 1718 1123 1725 .
1326 1721 1337 1725 -
1374 1722 1383 1725 Α

1809 1656 2035 1715 possent
2084 1650 2445 1720 primogenita
2503 1669 2691 1707 earum
2754 1653 3192 1725 quadrupedum,
3255 1669 3377 1724 quae

1683 1758 1707 1768 -
1808 1752 1960 1791 more
1994 1738 2208 1793 illorum
2243 1726 2535 1798 immunda:
2591 1746 2954 1811 habebantur,
2986 1762 3085 1817 pro
3132 1746 3375 1816 legitima

113 1792 597 1851 καταλλάσσεσθαι
627 1798 821 1855 εἴωθεν
838 1819 852 1832 ⁸
879 1806 1081 1875 ὁμοίως
1111 1812 1327 1865 καὶτῶν
1353 1792 1673 1886 ἁνθρωπίνω

2162 1792 2205 1793 η
2593 1792 2954 1811 ---νη-..-νη
2988 1792 3082 1817 τη
3135 1792 3372 1816 ηοω----

1808 1830 2028 1885 victima
2058 1832 2261 1897 offerri,
2296 1836 2471 1904 pretio
2503 1840 2828 1893 commutari
2880 1854 2943 1893 ac
2997 1839 3189 1894 redimi
3239 1853 3372 1893 con-

110 1887 484 1955 πρωτοτόκων
530 1891 612 1953 είς
649 1892 840 1948 θυσίαν
886 1896 963 1968 μὴ
1005 1908 1534 1976 κατασφαττομένων
1584 1909 1701 1979 (καὶ

110 1974 230 2046 γὰρ
273 1978 503 2043 ἀπεικὸς
544 1980 705 2037 τοῦτό
751 2000 835 2053 γε,
876 1988 970 2042 καὶ
1003 1989 1153 2055 θείας
1186 1974 1505 2064 νομοθεσίας
1542 1974 1701 2053 ἀλλό-

110 2070 319 2139 τριον),
350 2070 523 2124 ταῦτα
555 2076 622 2144 τῇ
652 2075 760 2128 τῶν
804 2077 1015 2151 λύτρων
1052 2084 1274 2155 ἀμείψει
1314 2090 1699 2163 καθιεροῦσθαι

103 2158 287 2221 εἰκός.
331 2160 469 2212 Ἀλλ’
490 2164 901 2235 ὲπισκεψάσθω,
929 2171 1044 2240 εἴγε
1072 2176 1147 2246 μὴ
1176 2176 1254 2247 τῷ
1282 2158 1697 2249 ἐπιπροσθοῦντι

102 2252 231 2314 ταῖς
261 2250 361 2320 τῆς
378 2252 553 2324 ψυχῆς
588 2256 769 2311 αὐτῶν
796 2259 955 2329 ὄψεσι
980 2264 1301 2337 καλύμματι
1325 2271 1693 2340 ὲμποδίζεται,

100 2340 190 2403 ὡς
217 2342 320 2411 ήδη
354 2344 413 2395 ἐν
451 2345 613 2417 ἑτέρᾳ
660 2350 949 2424 νομοθεσίᾳ
992 2356 1119 2419 τοὺς
1160 2359 1392 2425 Λευῖτας
1417 2363 1694 2435 εἰληφέναι

103 2434 195 2494 εἰς
219 2434 519 2505 ἀφιέρωσιν
540 2439 662 2492 ἀντὶ
682 2440 790 2494 τῶν
808 2448 1189 2515 πρωτοτόκων,
1230 2452 1290 2506 τὸ
1325 2455 1467 2525 ἱερὸν
1489 2434 1691 2524 ἐδίδαξε

103 2522 378 2594 Γράμμα,
399 2526 595 2581 οὑτωσὶ
612 2529 819 2598 φάσκον
842 2536 902 2588 ὲν
925 2540 1037 2601 τοῖς
1053 2540 1327 2613 Ἀριθμοίς
1344 2522 1437 2599 ἐπὶ
1456 2522 1659 2614 λέξεως
1672 2568 1688 2583 ο

101 2615 222 2669 Kal
253 2617 521 2686 ἐλάλησα
545 2624 759 2691 Κύριος
790 2628 940 2696 πρὸς
962 2633 1228 2702 Μωσῆν
1258 2637 1453 2707 λέγων
1475 2657 1490 2670 ⁸
1544 2642 1688 2696 Ἰδοὺ

96 2704 333 2775 εἴληφα
353 2710 494 2778 τοὺς
516 2716 769 2781 Αευῖτας
798 2718 865 2771 ἐκ
888 2720 1084 2788 μέσου
1112 2724 1229 2779 τῶν
1259 2704 1406 2782 υἱῶν
1429 2731 1684 2800 Ἰσραὴλ,

94 2802 243 2855 ἀντὶ
289 2806 514 2873 παντὸς
561 2814 937 2877 πρωτοτόκου
997 2816 1406 2889 διανοίγωντος
1451 2826 1687 2895 μήτραν

96 2894 271 2961 παρὰ
297 2894 417 2949 τῶν
448 2897 592 2952 υἱῶν
656 2901 925 2971 Ἰσραήλ·
970 2909 1159 2977 λύτρα
1182 2911 1381 2967 αὐτῶν
1415 2916 1678 2982 ἔσονται,

98 2986 212 3037 καὶ
238 2984 485 3042 ἔσονταί
511 3008 611 3059 μοι
645 2996 698 3047 οἱ
744 2996 1003 3054 Λευῖται.
1047 3001 1208 3069 Ἐμοὶ
1240 3004 1350 3074 γὰρ
1380 3004 1504 3061 πᾶν
1530 3023 1683 3076 πρω-
1708 2990 1751 3047 C

96 3077 359 3131 τότοκον
381 3081 603 3149 ἡγίασα
628 3084 699 3136 ἐν
732 3086 992 3157 Ἰσραὴλ,
1014 3091 1085 3146 ἐν
1108 3088 1149 3165 ᾖ
1198 3096 1387 3166 ἡμέρῃ
1414 3100 1683 3166 ἐπάταξα

96 3162 233 3218 πᾶν
275 3170 651 3235 πρωτότοκον
690 3173 764 3227 ἐν
806 3176 882 3245 γῇ
907 3162 1199 3248 Αίγύπτω.
1236 3162 1389 3239 Ἐἶτα
1437 3190 1498 3241 τὸ
1527 3162 1683 3261 ἀκρι-

95 3256 199 3320 ὁὲς
214 3258 314 3328 τῆς
328 3260 603 3332 ἀμείψεως
625 3265 953 3339 διαγορεύων
976 3274 1004 3325 6
1027 3274 1207 3343 νόμος,
1230 3273 1416 3332 Εἶπεν
1441 3256 1679 3351 Κύριος,

97 3354 262 3424 φησὶ,
287 3355 437 3424 πρὸς
468 3359 698 3428 Μωσῆν
725 3362 937 3432 λέγων·
978 3367 1337 3440 Ἐπίσκεψαι
1379 3374 1500 3430 πᾶν
1528 3393 1681 3446 πρω-

99 3446 356 3498 τότοκον
380 3446 499 3500 τῶν
526 3448 673 3505 υἱῶν
708 3451 943 3523 Ἰσραὴλ
979 3458 1097 3512 ἀπὸ
1137 3465 1420 3529 μηνιαίου
1460 3468 1558 3521 καὶ
1584 3470 1681 3523 ἐπ-

90 3536 247 3600 άνω,
278 3537 376 3591 καὶ
415 3540 565 3594 λαϐὲ
595 3542 703 3596 τὸν
732 3545 982 3616 ἀριθμὸν
1014 3550 1087 3614 ἐξ
1134 3553 1423 3624 ὀνόματος
1459 3560 1677 3619 αὐτῶν.

96 3628 215 3682 Καὶ
255 3628 429 3697 λήψῃ
464 3632 607 3699 τοὺς
643 3637 894 3704 Λευΐτας
942 3641 1071 3709 ἐμοὶ
1108 3644 1241 3697 ἀντὶ
1283 3646 1525 3703 πάντων·
1558 3653 1681 3707 τῶν

94 3723 492 3786 πρωτοτόκων
523 3723 642 3778 τῶν
674 3727 821 3781 υἱῶν
847 3732 1114 3799 Ἰσραήλ.
1150 3734 1281 3792 Εἶτα
1324 3742 1425 3809 τῆς
1461 3762 1680 3818 συναρι-

92 3811 358 3881 Θμήσεως
414 3814 521 3867 τῶν
577 3823 932 3887 πρωτοτόκων
973 3827 1109 3897 πρὸς
1153 3831 1243 3883 τὸν
1295 3834 1525 3905 ἀριθμὸν
1570 3811 1679 3892 τ’ὦν

94 3904 347 3957 Λευῖτῶν
370 3905 425 3958 ὲν
450 3906 774 3981 πλεονασμῷ
802 3915 1133 3990 εὑρημένης,
1161 3925 1343 3992 φησίν·
1380 3904 1679 3995 Ἐλάλησε

94 3998 319 4063 Κύριος
335 3998 414 4062 τῷ
429 4000 654 4071 Μωῠσῆ
671 4002 886 4074 λέγων·
900 4008 1054 4064 Λάϐε
1070 4012 1142 4064 τὰ
1163 4016 1352 4083 λύτρα
1372 4018 1490 4073 τῶν
1509 4026 1679 4076 πλεο⁸

95 4087 401 4148 ναζόντων
440 4096 599 4159 παρὰ
637 4096 777 4163 τοὺς
812 4102 1062 4168 Λευΐτας
1105 4106 1223 4159 ἀπὸ
1249 4106 1368 4161 τῶν
1391 4118 1678 4180 πρωτοτό-

92 4198 226 4234 κων
244 4182 363 4235 τῶν
382 4185 529 4237 υἱῶν
560 4188 805 4257 Ἰσραὴλ
824 4234 838 4257 ,
876 4194 973 4247 καὶ
1005 4196 1179 4267 λήψῃ
1214 4200 1393 4257 πέντε
1422 4206 1677 4273 σίκλους

94 4272 251 4327 κατὰ
282 4277 556 4345 κεφαλὴν
589 4282 739 4336 κατὰ
763 4284 830 4337 τὸ
850 4284 1178 4357 δίδραχμον
1215 4294 1279 4345 τὸ
1302 4294 1338 4347 ἄ

97 4461 465 4530 πρωτοτόκων
486 4465 596 4519 τῶν
622 4468 752 4520 uith
790 4470 1024 4543 Ἰσραὴλ.
1053 4475 1127 4539 ὡς
1161 4480 1255 4530 καὶ
1282 4483 1312 4549 ἡ
1336 4483 1434 4551 τῆς
1466 4501 1674 4555 συναριο

96 4549 125 4602 θ
135 4551 210 4621 μή
219 4568 353 4616 σεως
370 4554 622 4625 ἀκρίϐεια
636 4558 802 4628 δηλοῖ,
820 4561 959 4616 ὥστε
976 4566 1085 4618 τῶν
1102 4549 1499 4635 πλεοναζόντων
1511 4577 1566 4627 ὲν
1584 4549 1675 4630 αὐ-

88 4646 209 4705 τοῖς
239 4644 497 4715 στάθμιον
525 4648 827 4721 ὡρισμένον
848 4654 925 4725 τῷ
952 4658 1100 4727 νόμῳ
1129 4662 1467 4735 ἁντιδοθῆναι
1492 4684 1505 4697 ·
1536 4671 1674 4741 ποίῳ

88 4735 240 4803 λόγῳ
262 4737 385 4790 καθ’
416 4738 643 4794 ἕκαστον
673 4744 782 4797 τῶν
803 4750 1160 4816 πρωτοτόκων
1192 4754 1359 4827 λύτρα
1381 4758 1617 4815 δίδοσθαι

88 4830 261 4898 νόμος
282 4831 669 4902 διηγόρευσενς
724 4840 846 4892 Ἐπὶ
873 4843 971 4912 μὲν
1001 4847 1109 4917 γὰρ
1143 4848 1257 4901 τῶν
1287 4852 1673 4923 ἀπροσδέκτων

88 4924 175 4983 εἰς
201 4921 391 4975 θυσίαν
410 4926 643 4996 κτηνῶν,
669 4931 701 5002 ἢ
725 4935 1207 5009 καταλλάττεσθαι,
1229 4921 1422 5009 ταῦτα,
1446 4948 1477 5017 ἢ
1503 4948 1672 5023 λύτρα

88 5012 240 5082 ὑπὲρ
270 5014 450 5068 αὐτῶν
476 5016 713 5074 δίδοσθαι
746 5025 774 5074 6
804 5026 965 5096 νόμος
993 5033 1154 5100 φησίν
1188 5051 1202 5065 ·
1245 5036 1338 5090 ἐπὶ
1362 5036 1417 5091 δὲ
1448 5012 1557 5092 τῶν
1582 5012 1674 5096 άν-

84 5104 117 5157 θ
126 5104 349 5175 ρώπων,
379 5109 472 5161 καὶ
496 5110 665 5182 λύτρα
693 5115 947 5183 δίδοσθαι,
977 5124 1070 5175 καὶ
1099 5124 1197 5196 ἤδη
1226 5128 1324 5199 τὴν
1348 5130 1671 5203 ἀντάμειψιν

85 5196 180 5249 διὰ
200 5197 312 5250 τῶν
342 5200 584 5254 Λευῖτῶν
611 5207 862 5273 γενέσθαι
913 5196 1290 5285 μανθάνομενλ
1323 5220 1458 5292 ὅπερ
1487 5196 1670 5295 άσύνμ-

88 5306 274 5358 φωνον
303 5292 395 5344 καὶ
420 5294 572 5365 αὐτῷ
594 5298 801 5369 νομικῷ
836 5302 1123 5372 γράμματι
1152 5307 1420 5379 φαίνεται,
1455 5318 1529 5375 ὡς
1556 5316 1670 5385 ἡέν

84 5383 207 5442 τοῖς
236 5384 454 5451 κτήνεσι
498 5388 786 5456 νομοθεσία
829 5392 997 5463 δηλοῖ,
1030 5398 1122 5450 καὶ
1145 5401 1281 5472 αὑτὴ
1318 5406 1350 5474 ἡ
1381 5405 1542 5472 φύσις
1568 5383 1669 5478 6:9-

85 5474 307 5541 ηγεῖται
333 5475 427 5529 τοῦ
461 5479 801 5549 πράγματος.
842 5485 904 5537 Εἰ
925 5486 1031 5558 γὰρ
1066 5493 1204 5559 μετά
1240 5494 1337 5566 τὴν
1364 5498 1471 5552 τῶν
1506 5474 1668 5555 Λευὶ-

86 5564 201 5618 τῶν
251 5568 392 5638 πρὸς
430 5570 771 5643 λειτουργίαν
816 5576 949 5631 Θεοῦ
985 5582 1105 5636 ἀντὶ
1137 5585 1245 5638 τῶν
1295 5564 1664 5648 -ποωτοτόκων
1702 5598 1709 5601 ⁷

1804 1924 2085 1979 saevisse:
2115 1927 2365 1982 similiter
2391 1930 2551 1983 etiam
2608 1947 2731 1985 cum
2768 1933 3046 1987 hominum
3101 1932 3373 2002 primoge—

1803 2016 1902 2069 niti
1930 2031 2029 2086 pro
2057 2018 2292 2074 victimis
2339 2036 2447 2076 non
2481 2032 2848 2078 mactarentur
2873 2024 3094 2094 (etenim
3132 2024 3184 2077 id
3240 2038 3372 2079 sane

1799 2106 2095 2163 absurdum
2139 2119 2194 2165 et
2233 2125 2262 2163 a
2300 2113 2582 2168 sanctione
2632 2115 2815 2169 divina
2854 2117 3085 2171 alienum
3128 2114 3367 2181 fuisset),

1797 2211 1943 2254 recte
1978 2217 2039 2254 ac
2078 2204 2273 2257 merito
2301 2206 2462 2274 pretii
2486 2204 3255 2278 compenisationeredemptos
3277 2222 3372 2260 eos

1795 2300 1849 2343 et
1876 2303 2233 2350 consecratos
2255 2296 2447 2352 fuisse.
2493 2300 2561 2351 At
2584 2301 2689 2355 nisi
2716 2299 2853 2355 forte
2877 2301 3202 2361 velamento,
3225 2298 3372 2369 quod

1794 2385 1957 2439 animi
1990 2388 2165 2443 oculis
2223 2405 2413 2444 eorum
2449 2391 2635 2459 ofﬁcit,
2686 2393 3001 2463 impeditur,
3055 2391 3370 2449 consideret

1788 2476 1903 2544 jam
1952 2478 2006 2531 in
2043 2480 2147 2533 alia
2178 2484 2575 2539 constitutione
2606 2501 2793 2541 sacras
2826 2485 3060 2541 Litteras
3091 2484 3369 2547 docuisse,

1790 2565 2006 2625 Levitas
2059 2580 2312 2642 sumptos
2366 2590 2489 2629 esse
2553 2576 2646 2646 qui
2708 2576 2829 2631 loco
2881 2575 3369 2646 pritnogenitorum

1787 2672 2261 2729 consecrarentur,
2294 2670 2373 2720 sic
2405 2667 2457 2720 in
2492 2666 2749 2723 Numeris
2786 2669 2850 2722 ad
2891 2669 3115 2723 verbum
3173 2668 3363 2721 dicen-

1786 2755 1866 2801 tes
1902 2750 1947 2779 ²⁰
1982 2769 1993 2803 :
2030 2750 2097 2804 Et
2131 2755 2339 2807 locutus
2372 2766 2451 2809 est
2500 2757 2758 2811 Dominus
2790 2758 2857 2812 ad
2891 2758 3110 2827 Moysen
3141 2758 3315 2812 dicens
3345 2769 3364 2808 :

1784 2834 1921 2893 Ecce
1971 2847 2169 2912 sumpsi
2208 2846 2419 2901 Levitas
2458 2852 2521 2902 de
2570 2852 2737 2906 medio
2777 2853 3009 2921 ﬁliorum
3054 2852 3226 2907 Israel
3268 2868 3363 2921 pro

1782 2930 1924 2981 omni
1958 2933 2302 3003 primogenita
2343 2940 2605 3004 aperiente
2654 2941 2859 2993 vulvam
2890 2958 2921 2993 a
2968 2941 3095 3009 ﬁliis
3152 2939 3364 3005 Israel;

1784 3034 1878 3087 pro
1907 3024 2073 3090 pretio
2102 3025 2317 3080 illorum
2343 3040 2514 3093 erunt,
2564 3043 2613 3085 et
2648 3043 2799 3087 erunt
2831 3036 2932 3089 mei
2968 3036 3158 3092 Levita:
3189 3054 3207 3091 :
3238 3041 3365 3093 mihi

1782 3114 1920 3166 enim
1954 3132 2105 3171 omne
2138 3123 2551 3192 primogenitum
2602 3126 2657 3178 in
2716 3126 2889 3181 Israel
2929 3132 3256 3200 sancti/icavi
3307 3135 3363 3188 in

1781 3204 1877 3259 illo
1901 3207 2000 3273 die,
2029 3227 2132 3280 quo
2166 3217 2402 3281 percussi
2436 3234 2586 3271 omne
2644 3221 3047 3291 primogenitum
3116 3229 3170 3280 in
3219 3240 3361 3284 terra

1783 3295 2025 3369 Egypti.
2062 3302 2266 3360 Deinde
2311 3316 2512 3363 certam
2556 3319 2609 3365 et
2652 3315 2977 3383 exquisitam
3033 3333 3358 3390 compensa-

1784 3389 1950 3447 tionis
1980 3404 2141 3464 atque
2195 3401 2610 3466 permutationis
2642 3406 2913 3461 rationem
2944 3389 3174 3480 quoque,
3220 3429 3359 3483 prae-

1782 3480 2031 3538 scribens
2072 3494 2125 3539 et
2165 3490 2477 3557 exprimens
2525 3493 2604 3547 lex
2650 3513 2661 3548 :
2695 3494 2924 3553 Locutus
2968 3511 3044 3554 est
3086 3502 3358 3571 Dominus,

1783 3574 1992 3643 inquit,
2031 3578 2100 3631 ad
2138 3577 2356 3651 Moysen
2390 3586 2570 3640 dicens
2605 3604 2623 3640 :
2660 3586 2868 3659 Inspice
2902 3603 3053 3662 atque
3085 3599 3361 3655 considera

1781 3683 1982 3723 omnem
2031 3672 2435 3745 primogenitum
2465 3678 2696 3747 ﬁliorum
2751 3682 2945 3747 Israel,
2984 3704 3015 3739 a
3049 3705 3221 3745 mense
3255 3710 3358 3748 uno

1779 3770 1829 3814 et
1863 3779 2045 3831 supra,
2080 3776 2129 3819 et
2187 3771 2503 3826 nominatim
2537 3776 2668 3831 inito
2717 3794 2992 3834 numerum
3043 3800 3245 3849 eorum,
3306 3795 3358 3840 et

1781 3853 2003 3921 accipies
2028 3852 2237 3911 Levitas
2278 3860 2409 3914 mihi
2438 3877 2534 3929 pro
2556 3866 2797 3920 omnibus
2829 3870 3190 3940 primogenitis
3209 3874 3354 3941 filio-

1779 3959 1897 3995 rum
1929 3943 2120 4001 Israel.
2157 3947 2361 4006 Deinde
2387 3958 2795 4023 computatione
2826 3968 2993 4029 atque
3039 3966 3355 4023 recensione

1781 4032 2069 4099 facta,cum
2086 4038 2484 4108 deprehensum
2504 4057 2945 4105 essetnumerum
2972 4055 3353 4125 primogenito-

1779 4139 1900 4177 rum
1931 4142 2193 4196 superare
2219 4147 2509 4188 numerum
2528 4134 2861 4206 Levitarum,
2882 4140 3108 4199 Locutus
3133 4156 3231 4209 est,
3265 4149 3353 4204 in-

1343 4314 1489 4364 γιον.
1508 4300 1675 4372 Εἴπερ
1703 4336 1752 4397 D
1782 4306 1864 4359 nis
1895 4324 2096 4375 eorum,
2115 4312 2205 4380 qui
2232 4329 2393 4381 supra
2427 4314 2729 4371 Levitarum
2755 4338 3027 4377 numerum
3054 4332 3350 4384 redundant

96 4362 195 4419 οὖν
218 4368 358 4422 κατὰ
387 4368 447 4423 τδ
476 4371 624 4442 ίερὸν
644 4375 880 4445 Γράμμα
910 4381 958 4431 οἱ
986 4381 1210 4437 Λευῖται
1234 4362 1403 4459 λύτρα
1435 4392 1541 4444 εἰσὶ
1564 4362 1673 4447 τῶν
1703 4362 1752 4397 υ
1779 4398 1843 4453 de

1873 4402 2230 4473 primogenitis
2254 4407 2491 4475 ﬁliorum
2516 4409 2716 4475 Israel,
2752 4424 2799 4467 et
2845 4418 3073 4485 accipies
3124 4421 3352 4491 quinque

1776 4493 1933 4547 siclos
1963 4496 2017 4548 in
2048 4497 2260 4567 singula
2286 4500 2461 4569 capita
2484 4500 2647 4570 juxta
2677 4504 3043 4562 didrachmum
3084 4524 3347 4568 sanctum.

1778 4582 1838 4637 Si
1875 4586 2040 4656 igitur
2079 4588 2277 4646 Levita:
2343 4596 2837 4667 primogenitorum
2896 4600 3131 4657 ﬁliorum
3183 4607 3352 4662 Israel

1776 4678 2170 4750 redemptionis
2189 4687 2379 4754 pretia,
2396 4699 2553 4756 prout
2567 4697 2649 4741 est
2674 4689 2727 4743 in
2745 4692 2919 4748 sacris
2942 4692 3181 4761 Litteris,
3202 4708 3352 4759 sunt.

1775 4774 2236 4842 quemadmodum
2265 4782 2430 4835 etiam
2473 4793 2665 4839 exacta
2701 4791 3038 4857 computatio
3083 4790 3352 4852 declarat.

1777 4863 1848 4916 ita
1881 4874 1936 4918 ut
1961 4868 2122 4921 etiam
2162 4886 2191 4923 a
2230 4871 2345 4942 lege
2385 4875 2660 4929 definitum
2699 4887 2864 4948 atque
2895 4891 3160 4938 statutum
3212 4901 3353 4955 pon-

1774 4954 1877 5011 dus
1909 4971 1971 5012 ac
2002 4960 2235 5028 pretium
2264 4978 2362 5032 pro
2390 4966 2478 5029 iis,
2510 4968 2602 5036 qui
2654 4969 2796 5025 inter
2829 4985 2923 5027 eos
2980 4989 3207 5029 numero
3261 4989 3354 5031 su-

1775 5050 2057 5117 perabant,
2111 5051 2375 5108 daretur:
2440 5073 2546 5126 qua
2601 5060 2817 5115 ratione
2869 5063 3184 5131 singulatim
3251 5080 3353 5135 pro

1776 5155 2104 5211 unoquoque
2134 5145 2513 5217 primogenita
2542 5151 2934 5220 redemptionis
2965 5155 3083 5209 dari
3116 5159 3351 5226 pretium

1774 5230 1858 5284 lex
1889 5235 2186 5304 praecepit?
2210 5235 2344 5292 Nam
2372 5239 2438 5294 de
2468 5244 2923 5313 quadrupedibus
2950 5246 3195 5316 quidem,
3230 5266 3353 5321 qua:

1774 5325 1840 5378 ad
1879 5328 2207 5383 sacriﬁcium
2254 5342 2307 5387 et
2354 5334 2631 5389 victimam
2682 5354 2792 5391 non
2834 5334 3063 5404 idoneae,
3117 5358 3217 5398 nec
3269 5345 3354 5400 di-

1773 5432 1891 5485 gnae
1907 5428 2085 5485 erant,
2105 5438 2225 5490 qua!
2247 5436 2681 5490 assumcrcntur,
2696 5429 2782 5483 vel
2812 5434 3109 5498 permutari
3131 5450 3247 5500 eas,
3266 5437 3352 5492 vel

1774 5513 2006 5578 pretium
2035 5530 2144 5583 quo
2181 5516 2585 5573 redimerentur
2624 5537 2724 5589 pro
2760 5522 2828 5577 iis
2881 5523 2998 5578 dari
3050 5526 3131 5580 lex
3161 5525 3350 5595 jubet;

1776 5602 1842 5659 de
1870 5602 2185 5664 hominibus
2216 5620 2399 5665 autem
2445 5620 2499 5667 et
2529 5616 2921 5684 redemptionis
2952 5619 3182 5687 pretium
3206 5621 3347 5687 dari,

171 5743 329 5801 "‘lsa.
359 5763 396 5810 ι,
421 5748 478 5802 Η
510 5765 633 5821 sqq.
712 5754 752 5783 "
778 5752 971 5825 Eplies.
997 5775 1049 5821 ν,
1071 5760 1125 5813 2.
1208 5764 1251 5795 ³ο
1269 5763 1427 5822 Num.
1468 5784 1546 5839 tu,
1576 5772 1635 5827 ll
1671 5789 1788 5845 sqq.

421 5842 457 5900 Ι)
478 5862 687 5903 ιιι-ιιυι..
716 5848 833 5906 Gn.
878 5849 1095 5912 XLVI.

2938 5881 3015 5940 3'7
