3822 6416
540 305 678 362 “6'5

1835 302 1895 356 ὃ.
1927 299 2256 356 GREGORII
2293 299 2582 356 NYSSENI

3647 312 3670 362 l
3686 309 3753 363 165

538 439 698 498 atque
719 427 882 480 etiam
911 441 1006 496 per
1040 424 1257 479 Levitas
1285 423 1788 493 compensationem
1828 421 1946 477 ﬁeri
1999 421 2095 476 do-

2203 422 2582 494 ἀποκλήρωσιν
2622 420 2791 490 λύτρα
2838 421 3070 476 δίδοσθαι
3115 423 3228 476 ἀντ’
3277 425 3457 479 αὐτῶν
3506 426 3756 498 διηγόρευ-

537 531 743 579 ccmur,
773 517 920 584 quod
943 515 1106 568 etiam
1137 529 1259 569 cum
1282 515 1397 583 ipsa
1420 514 1600 568 littera
1635 513 1793 583 legali
1820 526 1929 567 non
1964 526 2098 565 con-

537 604 763 660 cordare
790 619 891 658 nec
929 602 1217 658 conciliari
1245 617 1428 673 posse.
1463 603 1557 658 sed
1589 603 1904 672 discrepare
1944 602 2099 657 vide-

535 708 644 762 tur,
704 693 1161 764 quemadmodum
1183 692 1249 748 de
1279 691 1730 763 quadrupedibus
1776 690 2099 746 constitutio

535 787 790 851 ostendit,
824 794 877 841 et
913 785 1030 855 ipsa
1067 784 1145 840 rei
1193 793 1389 839 natura
1424 783 1604 839 docet.
1664 781 1799 836 Nam
1833 781 1881 836 si
1931 781 2097 836 etiam

536 887 823 948 postquam
880 876 1080 932 Levitae
1147 891 1246 946 pro
1316 874 1692 946 primogenitis
1761 873 1831 928 ad
1887 873 2097 927 cultum

534 971 776 1024 divinum
812 967 1082 1039 segregati
1129 975 1308 1032 erant,
1364 967 1536 1037 pretia
1573 966 1967 1037 redemptionis
1998 980 2098 1036 pro

533 1063 642 1116 illis
666 1061 784 1115 dari
831 1067 1161 1129 praeceptum
1215 1069 1320 1124 est,
1375 1058 1724 1129 perspicuum
1765 1065 1852 1112 est
1882 1055 2098 1113 Levitas

536 1166 644 1204 non
689 1150 948 1205 habuisse
998 1149 1053 1202 in
1101 1163 1161 1203 se
1195 1149 1303 1201 vim
1363 1162 1548 1218 parem
1581 1156 1636 1201 et
1685 1146 1928 1218 dignam,
1978 1161 2100 1216 qua:

535 1243 871 1311 acciperetur
921 1256 1018 1310 pro
1076 1239 1453 1310 redemptione
1509 1247 1563 1293 et
1627 1238 2098 1309 compensatione.

534 1331 692 1397 Quod
718 1331 765 1387 si
795 1331 869 1384 ita
903 1341 1010 1394 est,
1045 1330 1217 1385 multo
1262 1331 1436 1400 magis
1469 1330 1694 1401 indigna
1727 1338 1812 1385 est
1844 1345 1932 1394 ea,
1979 1344 2100 1400 quae

531 1439 631 1495 per
658 1431 942 1494 argentum
993 1421 1174 1485 ﬁebat,
1207 1421 1508 1491 redemptio
1568 1421 2094 1492 primogenitorum:

535 1525 740 1588 quanto
795 1515 1052 1570 nimirum
1078 1515 1243 1570 etiam
1284 1522 1483 1567 natura
1512 1513 1745 1568 rationis
1795 1523 1850 1568 et
1901 1529 2098 1569 sensus

534 1625 731 1678 expers
765 1608 1049 1672 viliorest,
1089 1621 1253 1677 quam
1307 1614 1500 1660 natura
1550 1604 1814 1660 humana.
1868 1602 2100 1659 Verum-

537 1712 716 1756 tamen
747 1699 1213 1771 quandoquidem,
1246 1709 1305 1752 ut
1334 1698 1510 1767 inquit
1550 1697 1813 1767 propheta
1841 1697 1912 1762 ",
1962 1712 2098 1750 ocu-

2199 531 2310 578 ται,
2343 513 2500 584 δῆλον
2527 514 2603 577 ὡς
2636 515 2742 566 τῶν
2774 515 3018 568 Aenii:th
3041 516 3140 568 οὐκ
3175 515 3408 587 ἑχόντων
3435 519 3503 569 τι
3538 521 3619 582 είς
3645 523 3758 574 ἀντί-

2200 603 2393 675 λυτρον
2445 604 2742 657 ίσοστάσιόν
2779 621 2840 656 τε
2883 605 2978 658 καὶ
3016 605 3340 669 ἀξιόδεκτον.
3409 608 3476 660 Εἰ
3516 607 3577 659 δὲ
3611 610 3756 674 τοῦτο,

2201 697 2383 767 πολλῷ
2425 696 2622 768 μᾶλλον
2663 696 3001 767 ἀναξιωτέρα
3039 701 3074 770 ἡ
3112 699 3201 752 διὰ
3229 699 3330 770 τῆς
3374 699 3474 753 τοῦ
3525 701 3758 772 ἀργυρίου

2201 787 2582 858 προσαγομένη
2615 787 2900 859 λύτρωσις,
2934 789 3057 842 ὅσον
3096 792 3246 846 πᾶσα
3275 794 3309 863 ἠ
3339 791 3546 860 ἄλογος
3577 793 3662 844 καὶ
3689 795 3759 846 ἁν-

2201 876 2454 948 αίσθητος
2505 877 2667 946 φύσις
2709 878 2806 947 τῆς
2855 877 3204 949 ἀνθρωπίνης
3252 882 3445 945 οὐσίας
3489 883 3759 952 ἀτιμοτέρα

2200 967 2562 1038 καθέστηκεν.
2598 969 2744 1040 Πλὴν
2775 971 3004 1041 ἐπείπερ
3046 973 3187 1024 κατά
3215 973 3307 1025 τὸν
3340 977 3635 1044 προφήτην
3656 977 3760 1037 τοὺς

2199 1059 2511 1130 ὀφθαλμοὺς
2539 1059 2716 1112 αὐτῶν
2741 1059 3088 1131 ἐκάμμυσαν,
3122 1063 3216 1115 καὶ
3243 1061 3305 1116 τὸ
3335 1064 3405 1116 ὲκ
3435 1062 3631 1115 τούτου
3652 1063 3762 1116 ἀκό-

2200 1151 2385 1205 λουθον
2435 1150 2650 1220 βλέπειν
2675 1152 2736 1205 οὺ
2765 1151 3039 1206 δύνανται·
3067 1149 3179 1224 ἆρα
3211 1154 3543 1225 δυνήσονται
3573 1156 3762 1209 ἀκούειν

2199 1245 2252 1299 κ’
2285 1242 2449 1298 αὐτοῦ
2484 1243 2794 1313 σοφωτάτου
2833 1243 3252 1314 διακεκραγότος
3299 1245 3581 1312 Μιχαίου;
3641 1246 3761 1312 Ἐγὼ

2203 1335 2301 1406 μὲν
2323 1334 2423 1387 οὐκ
2450 1329 2622 1404 οἶμαι.
2655 1335 2765 1386 Καὶ
2792 1333 2900 1403 γὰρ
2929 1334 3024 1387 καὶ
3053 1335 3168 1398 τοῖς
3189 1334 3322 1386 ὠσὶν
3355 1335 3548 1387 αὐτῶν
3582 1334 3760 1406 βαρέως

2200 1424 2490 1479 ἀκούουσιν
2516 1440 2529 1452 υ
2580 1424 2730 1492 ὅμως
2773 1422 2936 1476 ίκὲτω
2961 1425 2990 1476 6
3016 1425 3284 1494 μακάριος
3311 1419 3474 1487 οὗτος
3503 1428 3760 1496 προφήτης

2203 1514 2600 1588 μεγαλοφώνως
2628 1514 2803 1568 ταῦτα
2832 1513 2970 1583 βοῶν
2988 1554 3004 1577 ,
3032 1514 3126 1566 καὶ
3160 1512 3240 1584 τῷ
3290 1516 3627 1585 προφητικῷ
3651 1533 3759 1586 προ.

2200 1607 2570 1677 αινισσόμενος
2610 1605 2882 1676 πνεύματι
2930 1605 3027 1675 τὴν
3070 1605 3180 1658 τῶν
3225 1605 3549 1659 Ἰουδαϊκῶν
3581 1623 3759 1676 πρωτο-

2198 1701 2371 1753 τόκων
2402 1695 2672 1767 ἀποϐολὴν
2693 1735 2710 1761 ,
2758 1695 2955 1766 ὁμοίως
2980 1699 3046 1767 τῇ
3081 1695 3188 1750 τῶν
3221 1697 3563 1767 σωματικῶν
3590 1698 3759 1753 θυσίαν

533 1796 618 1849 los
662 1809 793 1849 suos
851 1794 1226 1856 occluserunt,
1261 1798 1316 1846 et
1367 1789 1515 1860 quod
1573 1790 1699 1844 hinc
1745 1789 2098 1860 consequitur

2203 1791 2531 1863 προσαγωγῇ
2553 1806 2566 1820 δ
2620 1789 2754 1858 φησὶ
2788 1789 2897 1860 γάρ
2923 1804 2936 1818 ·
2999 1788 3102 1842 Ἔν
3150 1788 3265 1842 τινι
3305 1789 3632 1843 καταλάϐω
3675 1795 3760 1845 τὼ·

533 1901 756 1940 eernere
786 1901 892 1940 non
914 1893 1147 1955 possunt
1177 1902 1189 1938 :
1232 1881 1484 1950 nunquid
1534 1880 1698 1934 etiam
1728 1879 1920 1934 audire
1946 1886 2098 1950 pote-

533 1978 848 2047 runtipsum
878 1975 1344 2046 sapientissimum
1366 1971 1641 2025 Michaeatn
1671 1969 2099 2024 exclamantem?

534 2068 645 2139 Ego
673 2069 890 2140 quidem
934 2084 1040 2122 non
1096 2067 1353 2122 arbitror.
1396 2064 1610 2120 Etenim
1645 2063 1810 2117 etiam
1867 2062 2099 2116 auribus

536 2164 652 2215 suis
688 2161 924 2231 graviter
963 2159 1216 2214 audiunt.
1269 2157 1466 2212 Veniat
1518 2165 1702 2210 tamen
1759 2156 1952 2210 beatus
2010 2154 2101 2208 hic

533 2255 829 2325 propheta,
868 2267 1065 2324 magna
1117 2266 1251 2306 voce
1299 2251 1414 2305 haec
1467 2249 1733 2312 clamans,
1791 2257 1845 2301 et
1901 2248 2095 2318 spiritu

533 2345 852 2414 prophetico
886 2343 1313 2414 praisignilicans
1358 2350 1468 2395 tam
1501 2338 1853 2393 Judaicorum
1895 2340 2100 2406 primo-

536 2440 865 2508 genitorum,
903 2452 1064 2508 quam
1105 2451 1495 2506 corporearqu
1533 2433 1836 2488 hostiarum
1869 2432 2100 2486 oblatio-

534 2531 622 2584 nis
674 2531 1021 2599 rejectionem
1077 2542 1141 2581 ac
1192 2525 1655 2596 reprobationem.
1718 2519 1858 2576 Dicit
1909 2522 2097 2577 enim:

531 2623 636 2677 Per
663 2639 817 2692 quam
856 2638 964 2676 rem
1004 2618 1435 2686 comprehendam
1467 2615 1772 2679 Dominum,
1817 2615 2101 2682 opprehen»

2203 1885 2422 1952 Κύριον
2439 1921 2456 1947 ,
2495 1881 2898 1951 ἀναλήψομαι
2931 1881 3078 1934 Θεοῦ
3097 1899 3216 1950 μου
3242 1882 3563 1950 ὑψίστους
3591 1886 3654 1936 Et
3680 1902 3760 1938 za-

2204 1976 2546 2046 ταλήψομαι
2577 1976 2763 2030 αὑτὸν
2804 1975 2873 2027 ἐν
2917 1975 3169 2043 μόσχοι(
3214 1974 3672 2039 ὲνιαυσιαίοις;
3709 1979 3760 2029 Et

2207 2068 2598 2138 προσδέξεται
2626 2069 2840 2136 Κύριος
2865 2065 2935 2119 ἐν
2973 2065 3203 2135 χιλιάσι
3247 2063 3436 2134 κριῶν
3453 2103 3472 2129 ,
3525 2065 3569 2132 ἢ
3596 2065 3662 2118 ἐν
3684 2085 3762 2135 μοι

2199 2161 2369 2228 ριάσι
2393 2160 2655 2231 χιμάρων
2709 2160 2962 2222 πιόνων;
3048 2161 3118 2212 Et
3164 2157 3247 2210 δῶ
3282 2157 3637 2225 πρωτότοκὰ
3669 2176 3763 2226 μου

2204 2253 2746 2320 ἀσεϐείας,καρπὸν
2765 2251 2998 2317 κοιλίας
3013 2267 3132 2320 μου
3155 2249 3304 2318 ὑπὲρ
3320 2248 3628 2318 ἁμαρτιῶν
3639 2268 3764 2318 μοις

2215 2345 2584 2400 Ἀκουέτωσαν
2621 2348 2668 2398 oi
2699 2347 2796 2415 τὴν
2846 2344 3074 2416 καρδίαν
3119 2346 3348 2414 παχεῖαν
3379 2341 3622 2412 ἔχοντες,
3653 2345 3768 2412 ὅπερ

2203 2438 2382 2490 αὐτῶν
2432 2441 2460 2492 6
2499 2442 2782 2510 προφήτης
2831 2437 2961 2507 περὶ
3014 2435 3170 2507 ἡμῶν
3228 2435 3661 2506 κατηγόρησεν,
3707 2435 3768 2494 ὡς

2203 2530 2520 2599 πρωτότοκα
2571 2529 2823 2592 ἀσεϐείας
2859 2529 2888 2581 ὁ
2941 2528 3208 2598 μακάριος
3238 2527 3490 2596 Μιχαίας
3542 2526 3612 2580 τὰ
3648 2529 3767 2579 κατὰ

2207 2621 2380 2690 σάρκα
2415 2621 2628 2693 Ἰσραὴλ
2660 2621 2980 2693 πρωτότοκα
3011 2619 3342 2688 ὲξωνόμασε.

530 2713 654 2766 dam
702 2711 864 2764 Deum
911 2726 1080 2764 meum
1111 2708 1473 2763 altissimum?
1530 2705 1612 2759 An
1663 2704 2094 2774 comprehendam
2133 2723 2251 2762 eum
2284 2729 2375 2779 per
2408 2714 2597 2767 υξιαιοε
2622 2711 2898 2768 anniculo;
2920 2713 2944 2764 ?
2968 2713 3045 2765 An
3073 2711 3316 2763 adntiuet
3383 2711 3653 2764 Dominus
3697 2728 3766 2778 νγ

534 2804 675 2857 mille
701 2804 912 2870 arietes,
938 2812 1135 2872 autper
1167 2803 1340 2856 decem
1371 2799 1543 2854 millia
1576 2814 1858 2868 caprarum
1929 2799 2238 2869 pinguium?
2301 2808 2383 2859 An
2445 2807 2582 2860 dabo
2645 2807 2991 2877 primogenita
3031 2821 3145 2858 mea
3177 2804 3497 2872 impietatis,
3556 2805 3765 2869 fructm

530 2902 722 2956 uentris
777 2902 876 2952 mei
917 2914 1010 2967 pro
1049 2899 1276 2965 peccatis
1315 2897 1444 2951 meis
1475 2895 1568 2949 "‘2
1625 2895 1866 2950 Audiant
1899 2897 1993 2965 qui
2027 2912 2122 2951 cor
2159 2913 2408 2956 crassum
2462 2903 2684 2968 habent,
2724 2918 2831 2974 qua
2893 2903 2962 2956 de
3008 2916 3068 2956 re
3105 2915 3204 2956 eos
3254 2909 3382 2954 ante
3401 2915 3514 2954 nos
3557 2915 3766 2954 accusa-

529 2993 669 3048 verit
701 2991 984 3062 propheta,
1013 2997 1069 3044 ut
1104 2988 1463 3059 primogenita
1499 2985 1793 3056 impietatis
1831 3000 1915 3050 ea,
1962 3003 2083 3058 qua:
2120 2993 2419 3048 secundum
2451 3009 2671 3051 carnem
2725 2994 3089 3066 primogenita
3123 2993 3343 3048 lsraelis
3379 3001 3571 3056 erant,
3597 2994 3767 3047 beatas

531 3087 784 3143 Michaeas
814 3085 1195 3141 nominaverit.

602 3179 707 3244 Qui
733 3177 897 3248 igitur
931 3184 1121 3230 sancta
1163 3173 1276 3226 haec
1332 3173 1739 3237 existimarunt,
1798 3189 1919 3243 quae
1966 3189 2092 3243 pro-

2267 3174 2390 3238 Πῶς
2415 3170 2507 3229 οὖν
2528 3175 2659 3243 ἆγια
2678 3171 2851 3228 ταῦτα
2880 3173 3260 3243 ὑπειλήφασιν,
3283 3172 3431 3244 ἅπερ
3452 3171 3766 3242 προφητιιεῖι

531 3270 750 3344 phetico
805 3268 968 3322 verbo
1025 3265 1318 3336 impietatis
1377 3264 1741 3334 primogenita
1812 3265 2093 3320 nominata

530 3363 700 3418 sunt?
721 3361 912 3414 Dicant
939 3359 1096 3413 nobis
1123 3373 1248 3413 vere
1275 3356 1642 3412 balbutientes
1702 3357 1924 3427 linguae,
1975 3373 2096 3426 quae

531 3470 641 3510 non
680 3459 910 3523 possunt
940 3459 1085 3506 recte
1102 3449 1456 3520 pronuntiare
1489 3458 1543 3502 et
1573 3449 1755 3516 eloqui
1785 3449 2093 3512 veritatem,

531 3547 808 3618 quomodo
836 3542 1097 3613 propheta
1131 3557 1227 3611 per
1252 3540 1516 3611 Spiritum
1557 3549 1812 3596 sanctum
1867 3541 2098 3611 loquens

533 3637 775 3691 fructum
819 3633 1109 3704 impietatis
1134 3647 1300 3686 ausus
1328 3633 1399 3686 sit
1424 3647 1486 3685 ea
1511 3633 1748 3686 vocare?
1778 3632 1882 3698 Qui
1912 3633 2002 3686 liat
2038 3642 2099 3687 ut

531 3728 727 3788 oratio,
762 3739 882 3795 quae
898 3724 964 3778 de
991 3723 1362 3792 redemptione
1395 3723 1592 3776 horum
1627 3723 1890 3794 loquitur,
1921 3741 2100 3795 aequa-

533 3820 603 3874 lis
633 3826 687 3874 et
721 3832 907 3873 secum
938 3825 1308 3871 consentanea
1331 3830 1454 3871 esse
1479 3830 1584 3870 non
1626 3817 1897 3880 videatur,
1932 3833 2102 3886 quam

531 3921 646 3966 tum
682 3911 876 3964 attinet
913 3909 979 3962 ad
1019 3924 1160 3973 eam,
1203 3924 1322 3978 quae
1360 3923 1420 3963 se
1466 3909 1639 3978 prima
1702 3908 1881 3964 fronte
1939 3919 2101 3978 atque

532 4003 874 4073 inspectione
899 3999 1074 4063 offert,
1100 4001 1290 4053 litterae
1313 4000 1658 4062 sententiam,
1677 4012 1990 4067 quanquam
2017 3999 2102 4052 lex

531 4096 675 4166 apud
694 4110 794 4149 nos
811 4103 865 4149 et
889 4101 1076 4148 saneta
1095 4102 1148 4146 et
1166 4091 1601 4161 spiritualisesse
1627 4101 1738 4144 tum
1767 4091 2099 4159 intelligitur,

533 4198 644 4240 tum
680 4184 956 4240 creditur?
994 4181 1178 4235 Videte
1209 4179 1557 4234 Judaicorum
1598 4195 1854 4234 curruum
1882 4179 2106 4248 colliga-

532 4288 618 4330 tos
631 4291 780 4338 axes,
806 4271 1259 4344 quemadmodum
1284 4270 1665 4341 Egyptiorum
1710 4273 1836 4325 olim
1859 4272 2102 4325 vehicula

531 4367 586 4420 in
609 4365 812 4420 Rubris
841 4365 1003 4418 undis
1029 4365 1074 4394 ¹²
1094 4405 1107 4416 .
1145 4362 1342 4417 Verum
1375 4364 1491 4416 loco
1516 4362 1679 4432 virgae
1704 4363 2026 4416 immittatur
2050 4367 2102 4416 in

531 4473 684 4512 mare
741 4456 1004 4512 orationis
1049 4455 1160 4510 veri
1226 4454 1558 4525 legislatoris
1607 4465 1661 4509 et
1712 4455 1854 4525 regis
1919 4455 2105 4524 gloria:

2164 3318 2168 3322 .
2196 3267 2339 3339 λόγῳ
2365 3267 2617 3330 ἀσεϐείας
2647 3267 2965 3335 πρωτότοκα
2995 3263 3421 3336 ὠνομάσθησαν;
3460 3265 3766 3332 Λεγέτωσινι

2197 3361 2329 3431 ἡμῖν
2371 3362 2427 3414 αἱ
2471 3360 2639 3422 ὅντως
2670 3357 3012 3428 ψελλίζουσαι
3041 3356 3310 3425 γλῶσσαι,
3343 3357 3402 3409 αί
3437 3357 3520 3427 μὴ
3557 3355 3769 3424 δυνάμε-

2197 3470 2285 3506 ναι
2317 3452 2651 3523 όρθολεκτεῖν
2678 3451 2776 3519 τὴν
2813 3450 3107 3520 ἀλήθειαν,
3145 3448 3261 3511 πῶς
3304 3449 3335 3501 ό
3359 3451 3684 3518 προφήτης,
3723 3450 3768 3498 ἐν

2198 3540 2476 3609 Πνεύματι
2514 3540 2652 3610 ἁγίῳ
2681 3539 3065 3609 φθεγγόμενος,
3109 3537 3318 3608 καρπὸν
3353 3537 3621 3599 ἀσεϐείας
3655 3537 3766 3590 ταῦ-

2197 3649 2265 3684 τα
2305 3632 2488 3684 καλεῖν
2542 3631 2928 3699 ἀπετόλμησε;
2987 3628 3111 3692 Πῶς
3164 3631 3193 3682 ὁ
3243 3629 3372 3697 περὶ
3419 3628 3528 3697 τῆς
3579 3631 3770 3681 τούτων

2199 3719 2517 3791 λυτρὼσεως
2560 3719 2716 3788 λόγος
2771 3720 2833 3773 τὸ
2881 3719 3080 3789 ὁμαλὸν
3133 3719 3224 3774 καὶ
3267 3718 3572 3772 ἀκόλουθον
3608 3720 3770 3788 ἐαυτῷ

2200 3812 2338 3882 ἔχων
2382 3813 2444 3864 οὑ
2492 3811 2777 3880 φαίνεται,
2839 3812 2962 3864 ὂσον
3010 3811 3150 3865 κατὰ
3191 3811 3253 3863 τὸ
3301 3811 3397 3864 τοῦ
3453 3812 3771 3882 γράμματος

2201 3905 2526 3975 πρόχειρον;
2561 3904 2802 3973 καίτοιγε
2837 3903 2930 3958 τοῦ
2964 3903 3128 3974 νόμου
3177 3895 3307 3972 παρ’
3357 3903 3498 3972 ἡμῖν
3529 3904 3690 3970 ἀγὲου
3721 3920 3770 3954 τε

2202 3998 2295 4048 καὶ
2328 3996 2700 4066 πνευματικοῦ
2746 3994 2885 4050 εἶναι
2915 3995 3201 4066 νοουμένου
3229 4012 3288 4047 τε
3333 3996 3432 4048 καὶ
3466 3994 3773 4062 ntersaepi-

2203 4108 2313 4142 νου.
2355 4091 2549 4161 Ὁρᾶτε
2579 4089 2687 4142 τῶν
2723 4087 3023 4141 Ἰουδαϊκῶν
3053 4087 3310 4157 ἁρμάτων
3361 4087 3771 4158 συνδεδεμένους

2204 4183 2411 4246 ἄξονας,
2441 4178 2692 4253 καθάπερ
2727 4181 2891 4235 πάλαι
2919 4181 3025 4233 τῶν
3054 4180 3363 4249 Αἰγυπτίων
3392 4181 3526 4242 τοὺς
3567 4180 3775 4250 Sicanos;

2203 4273 2295 4323 ἐπὶ
2325 4272 2431 4325 τῶν
2471 4271 2806 4341 Ἐρυθραίων
2844 4272 3119 4342 ναμάτων.
3157 4270 3294 4324 Ἀλλ’
3319 4270 3655 4339 ὲπαφείσθω
3677 4273 3777 4322 ἀντὶ

2207 4363 2402 4433 ῥάϐδου
2431 4367 2496 4435 τῇ
2525 4364 2767 4435 Θαλάσσῃ
2805 4365 2897 4418 τοῦ
2923 4365 3078 4433 λόγου
3102 4367 3135 4436 ἡ
3167 4364 3261 4418 τοῦ
3287 4364 3527 4434 ἀληθοῦς
3556 4364 3779 4434 νομώέ-

2205 4472 2298 4507 του
2340 4455 2432 4508 κα)⁵
2484 4455 2746 4524 βασιλέως
2772 4457 2869 4525 τῆς
2910 4455 3065 4526 δόξης
3116 4455 3351 4527 Χριστοῦ
3400 4455 3652 4526 δύναμις
3698 4458 3779 4507 καὶ

532 4548 738 4603 Christi
793 4547 968 4600 virtus
1022 4555 1076 4600 et
1105 4547 1393 4608 auxilium,
1441 4555 1495 4600 et
1545 4545 1780 4600 deducat
1837 4544 2096 4614 populum

2205 4547 2446 4618 βοήθεια,
2479 4548 2573 4601 καὶ
2596 4548 2916 4618 όδηγησάτω
2947 4548 3036 4601 τὸν
3063 4548 3187 4601 λαὸν
3215 4546 3380 4600 αὑτοῦ
3422 4549 3506 4607 είς
3549 4549 3682 4600 ὁδὸν
3704 4551 3778 4599 εὖ·

532 4656 692 4694 suum
733 4638 960 4712 inviam
1012 4647 1217 4692 rectam
1270 4637 1482 4692 altioris
1510 4652 1705 4690 sensus
1746 4652 1808 4688 ac
1858 4638 2101 4705 specula-

531 4731 721 4791 tionis,
751 4738 813 4782 ut
844 4743 1034 4784 eamus
1059 4729 1111 4783 in
1149 4730 1339 4784 urbem
1370 4729 1632 4784 domicilii
1661 4729 1909 4783 scientia:
1933 4738 2096 4796 atque

530 4823 802 4883 veritatis,
831 4830 886 4876 et
909 4822 1106 4876 obruat
1159 4819 1503 4876 adversarios
1553 4819 1991 4890 inexpugnabilis
2043 4830 2097 4873 et

529 4909 736 4963 invicta
770 4907 939 4977 gloria
966 4905 1184 4972 divina;
1224 4907 1382 4975 cujus
1410 4907 1568 4977 plena
1598 4916 1680 4961 est
1708 4907 1960 4959 universa
1981 4914 2091 4958 ter-

531 5014 612 5064 ra,
632 5008 692 5053 ut
723 5013 1122 5068 cognoscamus
1148 4996 1462 5062 Dominum,
1499 5007 1556 5052 ut
1583 4997 1757 5067 inquit
1791 4994 2089 5066 Scriptura,

529 5091 670 5144 sicut
699 5104 836 5158 aqua
872 5091 1039 5142 multa
1061 5089 1124 5140 ad
1156 5088 1513 5162 operiendum
1546 5090 1736 5142 maria.

463 5165 466 5249 ς
597 5179 719 5234 Jam
757 5194 904 5233 nunc
933 5179 1153 5248 quidem
1184 5193 1407 5232 carnem
1453 5179 1680 5235 indutus
1723 5180 1863 5238 Deus
1893 5183 2098 5252 primo-

528 5273 770 5342 genitam
799 5269 1004 5324 diaboli
1047 5270 1292 5324 sobolem
1333 5271 1448 5325 sive
1488 5281 1776 5340 peccatum
1811 5282 1864 5328 et
1904 5276 2098 5328 morti-

532 5361 712 5418 licavit
737 5371 791 5416 ct
811 5361 1070 5423 abolevit,
1097 5370 1149 5414 et
1168 5362 1333 5416 simul
1352 5369 1516 5432 atque
1535 5373 1697 5417 natus
1717 5373 1801 5419 est
1831 5367 1884 5419 in
1912 5382 2097 5430 carne,

528 5455 1043 5509 condemnationem
1078 5453 1397 5508 vitiositatis
1429 5455 1534 5508 sibi
1564 5455 1824 5519 conilecit,
1859 5467 1913 5512 et
1939 5459 2103 5512 abso.
2134 5518 2149 5531 ν

530 5547 698 5601 lutam
711 5549 831 5616 ejus
849 5546 1197 5599 abolitionem
1216 5561 1312 5615 per
1323 5561 1440 5599 sese
1458 5547 1713 5614 praastitit
1726 5562 1787 5599 ac
1804 5564 2104 5615 repracsen—

2204 4640 2353 4694 θείαν
2381 4641 2672 4711 ἀναγωγῆς
2700 4658 2758 4693 τε
2791 4643 2884 4695 καὶ
2923 4641 3150 4712 θεωρίας
3169 4680 3184 4702 ,
3214 4639 3308 4692 τοῦ
3340 4641 3690 4710 πορευθῆναι
3711 4644 3777 4700 εἰς

2202 4734 2356 4786 πόλιν
2405 4735 2824 4803 κατοικητηρίου
2867 4733 3119 4801 γνώσεώς
3151 4749 3208 4785 τε
3243 4735 3334 4784 καὶ
3371 4732 3670 4802 ἀληθείας,
3696 4735 3777 4783 καί

2199 4823 2587 4894 ὲπικαλυψάτω
2644 4826 2771 4888 τοὺς
2823 4825 3094 4888 ἐναντίους
3144 4825 3242 4896 τῆς
3294 4823 3448 4886 θείας
3500 4824 3674 4893 66511;
3727 4811 3788 4872 τξ¹

2197 4917 2649 4988 ἀπροσμάχητον·
2683 4911 2898 4984 ἧστινος
2940 4917 3291 4987 πεπλήρωται
3325 4917 3357 4985 ὴ
3394 4916 3675 4985 σύμπασα
3697 4915 3778 4982 γῆ,

2199 5010 2293 5062 τοῦ
2325 5009 2524 5078 γνῶναι
2553 5009 2642 5063 τὸν
2662 5009 2884 5079 Κύριον,
2920 5007 2992 5070 ὣς
3021 5023 3182 5078 φησιν
3221 5009 3254 5076 ἡ
3283 5006 3322 5058 Γ
3327 5007 3499 5076 ραφὴ,
3539 5007 3626 5064 ὡς
3651 5006 3781 5074 ὕδωρ

2207 5101 2342 5154 πολὺ
2369 5099 2606 5169 καλύψαι
2637 5099 2934 5162 θαλάσσας.

2279 5194 2438 5262 ’Λρτι
2474 5189 2573 5261 μὲν
2621 5190 2717 5260 τὴν
2768 5189 3108 5260 πρωτότοκον
3154 5187 3245 5240 τοῦ
3287 5187 3542 5241 διαϐόλου
3603 5189 3776 5256 γονὴν.

2204 5276 2370 5345 ἦγουν
2415 5277 2514 5348 τὴν
2569 5277 2843 5347 ἁμαρτίαν
2887 5279 2915 5329 6
2969 5275 3268 5346 σαρκωθεὶς
3310 5276 3446 5339 Θεὸς
3507 5277 3779 5345 ἐνέκρωτέ

2203 5383 2274 5449 σεεΔ
2305 5356 2409 5419 καῖ
2446 5366 2802 5436 ἐξηφάνισεν,
2853 5367 2970 5436 ἅμα
3011 5367 3089 5435 τῷ
3134 5365 3464 5436 γεννηθῆναι
3502 5367 3657 5419 κατὰ
3685 5367 3779 5433 τὴν

2168 5496 2172 5501 -
2202 5458 2404 5534 σάρκα,
2431 5460 2528 5525 τὴν
2557 5459 2879 5527 κατάκρισιν
2914 5457 3089 5526 ἐαυτῷ
3113 5457 3210 5525 τῆς
3237 5457 3439 5519 κακίας
3474 5461 3779 5525 mancipa-

2207 5568 2315 5614 νος,
2354 5551 2444 5604 καὶ
2497 5550 2588 5604 τὸν
2637 5549 2874 5618 παντελῆ
2913 5548 3113 5620 ταύτης
3157 5550 3467 5621 ἀφανισμὸν
3510 5552 3578 5604 ἐν
3615 5545 3774 5614 εει-δτνὲ

602 5725 649 5758 ³ο
681 5723 782 5778 lsa.
817 5740 891 5788 vi,
927 5724 1011 5780 10.
1091 5725 1132 5754 ²¹
1169 5723 1328 5779 Mich.
1367 5742 1442 5789 Vl,
1475 5724 1528 5788 6,
1558 5725 1611 5781 7.
1688 5725 1936 5798 "hExod.
1976 5743 2084 5794 xiv,
2108 5726 2178 5783 9.5
2212 5744 2332 5798 sqq.
