3822 6410
103 216 156 271 ἰ5

1163 211 1254 267 DE
1302 210 1624 269 OCCURSU
1692 208 1947 272 DOMSNI,
1993 208 2142 263 IETC.

2818 14 2913 21 vf

3144 208 3286 263 “66

103 329 425 401 ἀσάμενος,
456 329 669 402 θρήνων
692 330 786 395 τὰς
814 333 1059 395 ἐναντίας
1084 332 1338 402 δυνάμεις
1364 330 1608 401 ἐπλήρω-

1713 327 1867 387 tavit,
1914 326 2216 395 ploratibus
2255 333 2307 378 et
2354 326 2842 383 lamentationibus
2875 326 3064 398 copias
3098 326 3290 381 adver—

107 462 124 483 ,
142 420 410 492 καθάπερ
440 421 608 492 σκεύη
623 420 749 475 ’τινά
782 425 911 493 παρ’
938 422 1118 476 αὐτῶν
1148 420 1328 476 λαϐὼν
1354 423 1478 483 τοὺς
1504 420 1610 473 ἀπὸ

103 513 299 568 ιτολῶν
336 513 593 577 ἐλθόντας
628 514 872 583 Μάγους,
898 516 991 569 καὶ
1019 517 1085 585 τῇ
1121 513 1491 586 προσκυνήσει
1514 510 1610 564 καὶ

104 604 317 674 γνώσει
349 606 452 676 τῆς
471 607 638 661 αὐτοῦ
667 608 983 672 δεσποτείας
1020 607 1296 680 εὔχρηστα
1333 604 1500 676 σκεύη
1532 602 1610 672 τῷ

103 697 266 770 τπότῃ
284 699 689 770 γεγενημένους
704 702 781 764 είς
799 701 1086 773 συνεργίαν
1100 701 1199 771 τῆς
1214 698 1498 769 οἰκοδομῆς
1514 697 1611 766 τῆς

103 788 389 859 ικλησίας,
413 789 514 860 τῆς
530 790 706 852 ὅντως
734 792 1049 846 θεοτεύκτου
1065 791 1295 861 σκηνῆς,
1321 789 1387 861 ἢν
1411 787 1610 858 ἔπηξεν

104 876 299 949 .ύριος,
330 880 428 933 καὶ
447 880 548 933 οὑκ
571 879 856 951 ἄνθρωπος
881 899 894 913 ·
927 881 1051 953 ἄρτι
1078 882 1135 935 δὲ
1156 879 1407 949 καθάπερ
1436 878 1607 950 πηλοῦ

103 1007 110 1020 .
144 970 438 1035 πλινθείας
481 971 651 1026 πάλαι
690 973 781 1026 τὸν
818 974 1055 1045 Ἰσραὴλ,
1095 972 1236 1026 οὕτω
1278 971 1372 1025 τοῦ
1419 974 1607 1042 γηῖνου

103 1060 194 1129 Ni;
205 1076 381 1129 ματος
395 1060 457 1113 τὸ
474 1061 811 1134 ἀνθρώπινον
830 1065 984 1132 γένος
1006 1065 1063 1117 ὲν
1082 1062 1230 1133 αύτῷ
1254 1063 1609 1134 λυτρωσάμε-

110 1192 125 1215 ,
162 1154 381 1246 φυγεῖν
394 1151 491 1221 μὲν
510 1151 783 1222 Αἴγυπτον
820 1152 979 1208 τοῦτο
1022 1155 1320 1225 πεποίηκε,
1366 1152 1609 1207 τουτέστι

137 1242 238 1295 τοῦ
290 1242 526 1296 θᾶνάτου
580 1246 846 1315 στυγητδν
908 1246 1003 1300 καὶ
1049 1244 1290 1314 ζοφῶδες
1330 1246 1605 1316 φρούριον.

103 1332 281 1401 γιάζει
312 1333 374 1388 δὲ
394 1332 473 1405 τῷ
493 1334 613 1405 Θεῷ
643 1337 738 1389 καὶ
770 1338 947 1407 Πατρὶ
972 1337 1034 1390 ού
1070 1336 1229 1407 μόνον
1272 1336 1340 1389 τὰ
1377 1336 1484 1390 τῶν
1512 1336 1609 1389 ἀν-

104 1425 259 1480 ὒπων
290 1427 631 1497 πρωτότοκα,
657 1428 771 1481 ἀλλ’
790 1429 889 1500 ἤδη
922 1431 1015 1483 καὶ
1046 1432 1158 1483 πᾶν
1180 1429 1242 1482 τὸ
1268 1429 1609 1500 ἀνθρώπινον

103 1523 210 1583 λον,
241 1519 333 1573 διὰ
360 1522 460 1591 τῆς
487 1521 546 1574 ἐν
572 1522 722 1591 αύτῷ
744 1522 1000 1594 ἁπαρχῆς
1020 1522 1115 1575 τοῦ
1142 1524 1412 1595 ἡμετέρου
1442 1524 1609 1594 φυράο

103 1626 215 1672 τος,
266 1610 515 1662 τουτέστι
544 1611 644 1681 τῆς
682 1611 742 1676 ἐξ
772 1612 929 1683 ἡμῶν
967 1612 1264 1683 ληφθείσης
1304 1613 1452 1681 αὐτῷ
1486 1630 1608 1683 σαρ-

103 1700 501 1772 ;ἐψυχωμένης
536 1701 759 1772 νοερῶς,
785 1702 906 1756 ὅλον
930 1703 1119 1775 ὥσπερ
1139 1703 1501 1774 ἁναζυμώσας
1526 1707 1604 1768 είς

103 1792 298 1861 ιασμὸν
343 1792 441 1864 τῆς
478 1792 826 1865 ἀνθρωπίνης
875 1795 1065 1858 οὐσίας
1090 1796 1153 1848 τὸ
1184 1795 1483 1867 σύγκριμα.
1535 1798 1603 1849 El

103 1902 129 1945 ο
158 1885 404 1954 ἀπαρχὴ
437 1886 595 1955 ἁγία,
626 1887 722 1940 καὶ
754 1887 816 1941 τὸ
844 1888 1105 1957 φύραμα,
1138 1890 1371 1959 φήσαιμι
1422 1888 1485 1942 ἂν
1509 1888 1604 1941 νῦν

107 1977 250 2040 ότως
274 1978 430 2045 κάγὼ
458 1977 602 2031 κατὰ
630 1979 720 2032 τὸν
745 1979 889 2032 θεῖον
904 1979 1249 2033 Ἀπόστολον.
1282 1981 1392 2033 Καὶ
1432 1980 1603 2034 καθά-

103 2086 127 2137 ο
165 2067 335 2121 πάλαι
364 2068 462 2140 τὴν
499 2069 795 2140 ἱερατεύειν
842 2071 1111 2142 λαχοῦσαν
1140 2072 1311 2141 φυλὴν
1350 2072 1469 2125 ἀντ)⁵
1507 2074 1605 2143 τῆς

103 2179 129 2213 ν
155 2161 518 2231 πρωτοτόκων
540 2163 795 2233 ἀπαρχῆς
814 2165 841 2215 6
867 2164 1162 2233 νομοθέτης
1183 2164 1338 2231 λόγος
1361 2164 1605 2227 τυπικῶς

127 2250 252 2320 Θεῷ
288 2254 667 2323 προσηγάγετο
691 2271 704 2286 ·
733 2253 876 2307 οὕτω
904 2255 999 2308 νῦν
1034 2256 1091 2307 ὲν
1118 2254 1197 2325 τῷ
1240 2254 1474 2325 λαμπρῷ
1504 2274 1604 2325 χα-

103 2347 263 2415 κτῆρι
291 2344 391 2414 τῆς
422 2345 675 2415 ἀληθείας
713 2345 805 2398 τὸν
840 2347 1099 2418 ἀρχιερέα
1146 2347 1241 2400 καὶ
1284 2346 1604 2401 Ἀπόστολον

103 2435 442 2505 ςόμολογίας
486 2437 665 2507 ἡμῶν,
712 2438 801 2492 τὸν
848 2438 994 2493 ὅσιόν
1040 2456 1099 2491 τε
1131 2440 1224 2491 καὶ
1283 2439 1488 2493 ἄκακον
1514 2440 1604 2491 καὶ

108 2526 311 2587 ίαντον,
347 2527 443 2579 καὶ
473 2528 674 2592 παντὸς
713 2528 1039 2599 ἁμαρτωλοῦ
1072 2528 1471 2599 κεχωρισμένον
1508 2529 1570 2599 po
1592 2560 1604 2567 -

103 2638 134 2669 υ
170 2635 228 2670 τε
258 2618 353 2671 καὶ
376 2621 742 2690 φρονήματος,
774 2620 853 2691 τῷ
880 2620 999 2690 Θεῴ
1026 2623 1119 2673 καὶ
1154 2622 1327 2689 Πατρὶ
1362 2637 1603 2689 σωματι-

109 2725 139 2770 ς
185 2710 612 2780 προσενηνέχθαι
644 2712 985 2780 γινώσκομεν
1034 2712 1154 2765 ἀντὶ
1190 2712 1287 2781 τῆς
1338 2711 1605 2778 καθαγια-

103 2797 249 2867 εἰσ-ης
290 2797 441 2869 αύτῷ
486 2799 574 2853 διὰ
620 2801 855 2865 πίστεως
886 2801 1302 2871 ἀνθρωπότητος
1333 2820 1345 2830 ·
1394 2802 1488 2855 καὶ
1516 2818 1605 2853 το-

103 2888 205 2958 Ξτῳ
240 2889 459 2959 μᾶλλον,
493 2892 710 2963 ὅσῳπερ
736 2892 855 2944 οὐδὲ
888 2892 1290 2963 ύπερτεροῦσαν
1319 2894 1410 2944 καὶ
1441 2892 1605 2962 ὑπερ-

104 2978 433 3043 εονάζουσαν
460 2981 609 3052 παρὰ
632 2981 723 3035 τὸν
751 2982 941 3035 ἑαυτὸν
965 2982 1235 3035 δεδωκότα
1264 2982 1458 3052 λύτρον
1484 2984 1605 3036 ἀντὶ
1633 3022 1675 3079 C

104 3068 243 3121 λλῶν
281 3070 411 3141 ὅλην
454 3071 670 3142 ὁρῶμεν
726 3071 823 3143 τὴν
873 3072 1300 3142 ἁνθρωπότητα,
1350 3073 1492 3125 κατὰ
1516 3072 1606 3124 τὸν

104 3178 130 3223 ς
183 3162 473 3233 ἁγιότητος
523 3162 679 3230 λόγον
736 3162 1025 3233 (καθάπερ
1083 3164 1141 3215 ὲν
1206 3166 1273 3234 τῇ
1327 3164 1455 3233 σκιᾷ.
1515 3160 1607 3215 τοῦ

103 3270 197 3321 μου
228 3254 285 3306 ὲν
330 3253 655 3325 πλεονασμῷ
690 3253 838 3325 παρὰ
875 3255 1003 3317 τοὺς
1029 3254 1256 3317 Λευῖτας
1290 3253 1359 3307 τά
1395 3254 1609 3324 πρωτό-

103 3362 168 3397 κα
192 3344 494 3416 εὕρηνται),
524 3344 661 3399 ἀλλὰ
698 3346 924 3400 κατόπιν
957 3346 1123 3399 αὑτοῦ
1159 3347 1486 3416 παμπληθὲς
1500 3349 1607 3401 ἁπ-

104 3435 406 3506 ιειμμένην,
435 3435 665 3489 καθόσον
694 3437 862 3508 χωρὶς
888 3436 1069 3510 πάσης
1096 3438 1403 3506 ἀντιλογίας
1432 3439 1494 3491 τὸ
1523 3439 1611 3491 εύ-

103 3528 360 3597 γούμενον
387 3528 607 3582 ἔλαττον
644 3528 735 3582 τοῦ
768 3529 1116 3598 εύλογοῦντος
1144 3530 1469 3601 καθέστηκε.
1501 3532 1611 3584 Καὶ

103 3637 156 3672 τε
194 3620 289 3689 μὲν
319 3621 397 3683 είς
429 3620 589 3690 μόνον
618 3620 710 3674 τοῦ
727 3622 943 3693 Ἰσραὴλ
970 3622 1032 3675 τὸ
1064 3622 1215 3686 ἔθνος
1247 3623 1308 3676 τὸ
1336 3623 1438 3693 τῆς
1460 3625 1611 3676 Λευῖ-

103 3711 196 3781 ei};
234 3711 529 3782 ἱερωσύνης
548 3712 768 3781 ἀξίωμα
797 3713 1156 3785 ἐχρημάτιζε,
1190 3714 1283 3767 καὶ
1314 3715 1474 3784 μόνον
1502 3714 1612 3767 τῶν

103 3807 168 3875 ιρ’
223 3804 405 3866 αὐτοῖς
460 3805 819 3875 πρωτοτόκων
875 3805 1048 3878 λύτρα
1097 3803 1235 3860 εἶναι
1287 3808 1336 3859 oi
1389 3806 1612 3863 Λευῖται

104 3896 514 3968 μαρτύρηνται·
544 3893 773 3966 Χριστὸς
799 3896 857 3949 δὲ
882 3898 911 3948 ὁ
945 3897 1387 3967 παραγενόμενος
1426 3900 1613 3969 ἀρχιε-

108 3993 168 4054 ii;
221 3988 328 4042 τῶν
358 3988 656 4059 μελλόντων
691 3988 931 4056 ἀγαθῶν,
968 3989 1043 4053 ὡς
1080 3991 1108 4041 6
1138 3990 1410 4058 πάνσοφος
1466 3992 1613 4045 Παύ-

104 4102 127 4147 ς
158 4100 341 4154 φησιν,
370 4082 461 4134 καὶ
481 4082 541 4133 ού
566 4080 709 4134 κατὰ
740 4082 837 4151 τὴν
869 4081 1020 4145 τάξιν
1049 4080 1277 4151 Ἀαρὼν,
1309 4081 1443 4134 ἀλλὰ
1470 4082 1614 4135 κατά

104 4199 139 4248 ιν
176 4178 326 4243 τάξιν
360 4176 720 4245 Μελχισεδὲκ,
752 4174 932 4239 καθὼς
974 4176 1032 4229 τὸ
1078 4176 1219 4229 θεῖον
1266 4192 1613 4246 προεχρησμ·

103 4272 216 4339 Ξησε
252 4269 457 4335 λόγιον,
492 4270 558 4339 τῇ
598 4267 694 4335 μὲν
727 4267 1014 4336 μεταθέσει
1063 4267 1164 4337 τῆς
1210 4265 1507 4337 ἱερωσύνης
1536 4264 1613 4334 τῷ

1641 1667 1681 1726 Β

1716 420 1898 475 sarias
1933 418 2208 488 opplevit,
2238 420 2505 488 tanquam
2538 435 2668 475 vasa
2711 421 2875 491 alque
2924 421 3290 474 instrumenta

1712 510 1963 582 quaedam
1993 511 2062 563 ab
2110 511 2178 565 iis
2226 510 2424 566 ablatis
2474 510 2677 582 Magis,
2704 512 2796 581 qui
2826 512 2892 565 ab
2928 509 3292 565 orientalibus

1708 604 1964 674 partibus
2005 603 2367 664 venerunt“.
2419 612 2473 657 et
2532 602 2855 658 adoratione
2907 608 2960 658 et
3013 603 3292 672 agnitione

1716 695 2013 750 Dominicm
2046 696 2340 765 potestatis
2395 696 2515 765 ejus
2576 696 2868 751 commoda
2910 704 2964 751 et
3010 704 3132 766 apta
3182 694 3293 747 Do-

1710 788 1861 842 mino
1902 787 2271 842 instrumenta
2313 786 2440 843 facti
2475 801 2624 853 sunt,
2662 788 2716 842 in
2758 788 3063 843 subsidium
3099 795 3153 841 et
3192 786 3291 839 ad—

1706 880 2017 950 jumentum
2069 880 2455 936 mdilicationis
2503 881 2806 944 Ecclesia},
2863 897 2892 934 a
2936 879 3046 935 Deo
3100 894 3290 934 revera

1711 970 1951 1025 confecti
1997 971 2367 1035 tabernaculi,
2423 974 2570 1042 quod
2635 972 2897 1027 Dominus
2926 971 3039 1025 tixit
3078 978 3132 1025 et
3183 985 3290 1024 non

1710 1058 1939 1113 homo"
1973 1061 2123 1129 :jam
2162 1077 2312 1115 nunc
2357 1062 2488 1116 item
2518 1070 2784 1132 tanquam
2822 1076 2849 1114 a
2882 1062 2994 1114 luto
3027 1070 3080 1115 et
3107 1061 3292 1115 lateri-

1710 1153 1789 1207 tio
1820 1168 1988 1223 opere
2020 1154 2150 1207 olim
2192 1154 2472 1219 Israelem,
2512 1156 2592 1209 sic
2655 1170 2684 1208 a
2742 1162 2960 1208 terreno
2991 1168 3157 1208 sensu
3189 1153 3290 1205 hu—

1711 1260 1935 1299 manum
1972 1260 2147 1314 genus
2174 1261 2298 1300 cum
2331 1262 2430 1315 per
2472 1262 2594 1301 sese
2624 1246 2916 1300 liberasset
2947 1252 3000 1298 et
3029 1242 3290 1297 redemis-

1711 1344 1816 1401 set,
1854 1343 1915 1390 ut
1938 1335 2236 1409 Egyptum
2269 1337 2515 1408 quidem,
2569 1337 2625 1391 id
2676 1344 2782 1400 est,
2838 1335 3031 1390 mortis
3054 1334 3288 1388 horren-

1710 1428 1841 1483 dum
1901 1439 1959 1486 et
2024 1430 2392 1501 caliginosum
2445 1430 2734 1485 castellum
2792 1428 3025 1499 fugeret,
3087 1424 3289 1480 effecit.

1712 1521 2028 1578 Sanctiﬁcat
2051 1531 2232 1579 autem
2264 1522 2373 1579 Deo
2401 1530 2455 1578 et
2476 1522 2627 1577 Patri
2661 1537 2768 1576 non
2792 1520 2969 1576 solum
3006 1518 3287 1574 hominum

1709 1622 1902 1681 partus
1933 1614 2352 1685 primogenitos,
2384 1614 2481 1668 sed
2512 1614 2677 1669 etiam
2704 1626 2867 1667 omne
2898 1625 3071 1681 genus
3093 1610 3290 1663 huma-

1710 1719 1840 1758 num
1874 1717 1970 1774 per
1994 1718 2109 1769 eas,
2146 1719 2287 1774 quas
2314 1706 2371 1757 in
2419 1718 2542 1759 sese
2573 1702 2830 1772 sumpsit,
2860 1710 3066 1756 nostrae
3094 1714 3292 1755 massa:

1707 1804 1873 1866 atque
1904 1796 2149 1851 materiae
2195 1796 2492 1867 primitias,
2538 1793 2595 1849 id
2624 1803 2729 1860 est,
2762 1808 2862 1864 per
2894 1808 3141 1854 carnem,
3170 1806 3292 1862 qua:

1704 1887 2179 1952 intellectualiter,
2234 1894 2289 1941 et
2325 1894 2385 1941 ut
2425 1893 2610 1942 mente
2661 1886 2778 1941 sola
2830 1884 3037 1956 percipi
3084 1890 3287 1954 potest,

1707 1980 2074 2044 animabatur,
2101 1994 2131 2033 a
2165 1979 2324 2034 nobis
2360 1986 2636 2048 sumptam
2678 1984 2851 2031 totam
2886 1975 2953 2029 ad
2981 1974 3290 2032 sanctifica-

1707 2071 1914 2127 tionem
1947 2071 2107 2142 quasi
2154 2071 2561 2126 retermentans
2612 2070 2864 2123 humana:
2895 2076 3107 2123 naturae
3136 2082 3287 2122 mas-

1708 2179 1823 2218 sam
1854 2174 2016 2232 atque
2049 2164 2489 2218 concretionem.
2524 2159 2659 2215 Nam
2697 2160 2894 2215 merito
2924 2160 3158 2214 dixerim
3186 2174 3289 2229 ego

1706 2269 1927 2325 quoque
1984 2268 2152 2319 nunc,
2205 2252 2368 2307 sicuti
2424 2251 2647 2306 divinus
2697 2250 2774 2304 ait
2832 2250 3166 2320 Apostolus:
3229 2248 3292 2304 Si

1707 2348 1955 2414 primitiae
1991 2356 2193 2400 sancta:
2221 2356 2365 2408 sunt,
2397 2346 2562 2399 etiam
2601 2344 2827 2398 materia
2856 2352 3013 2413 atque
3045 2359 3225 2397 massa
3243 2342 3290 2374 ⁸⁸

1710 2440 1835 2495 inde
1880 2437 2126 2493 confecta
2189 2445 2378 2492 sancta
2440 2436 2627 2491 fuerit.
2689 2436 2766 2490 Ac
2829 2434 3290 2507 quemadmodum

1706 2532 1835 2584 olim
1872 2532 2069 2591 oratiu,
2121 2545 2228 2598 qua
2278 2531 2363 2583 lex
2406 2528 2704 2590 ferebatur,
2737 2527 2937 2598 typice,
2976 2527 3027 2581 id
3058 2534 3161 2591 est,
3194 2541 3294 2597 per

1710 2625 1958 2694 ﬁguram,
2006 2640 2111 2692 qua
2162 2624 2406 2677 futurum
2451 2620 3000 2691 prmsigniﬂcabatur,
3036 2635 3154 2675 eam
3189 2619 3291 2674 tri-

1708 2716 1860 2778 bum,
1894 2716 1983 2768 cui
2018 2712 2312 2768 sacerdotii
2368 2727 2567 2765 munus
2599 2712 2920 2773 obvenerat,
2956 2724 3055 2778 pro
3084 2709 3292 2779 primo-

1706 2809 2015 2880 genitorum
2085 2805 2347 2874 primitiis
2393 2804 2501 2857 Deo
2562 2802 2759 2857 obtulit
2813 2817 2825 2853 :
2872 2801 2947 2855 ita
2999 2815 3149 2855 nunc
3197 2816 3294 2871 per

1708 2903 1914 2955 claram
1950 2898 2197 2952 veritatis
2224 2896 2452 2965 elligiem
2514 2892 2826 2964 pontiﬁcem
2879 2901 2932 2948 et
2976 2891 3288 2963 apostolum

1708 2995 1913 3041 nostra:
1940 2985 2311 3041 confessionis
2342 2992 2593 3038 sanetum
2633 2982 2786 3036 illum
2816 2990 2871 3036 et
2907 2981 3287 3045 innocentem,

1710 3078 1803 3147 qui
1832 3078 1900 3131 ab
1932 3075 2366 3145 inquinamentis
2390 3073 2613 3128 malitia:
2648 3087 2873 3135 vacuus,
2908 3072 3003 3141 qui
3037 3071 3287 3124 omnium

1710 3170 1919 3241 peccati
1956 3179 2063 3223 tam
2093 3166 2341 3223 sordium
2376 3182 2544 3235 quam
2582 3180 2780 3220 sensus
2811 3173 2976 3233 atque
3001 3161 3292 3232 cogitatio-

1710 3264 1797 3316 nis
1828 3276 2025 3330 expers
2066 3259 2188 3327 fuit,
2224 3258 2586 3327 corporaliter
2614 3272 2712 3327 pro
2731 3271 2817 3321 ea,
2856 3269 2979 3325 quae
3006 3269 3102 3324 per
3133 3252 3291 3308 ﬁdem

1709 3353 1758 3407 ei
1796 3350 2135 3405 sanctiﬁcata
2181 3358 2288 3413 est,
2340 3347 2582 3401 humana
2631 3353 2830 3399 natura
2880 3342 2991 3398 Deo
3043 3356 3108 3396 ac
3140 3340 3293 3395 Patri

1710 3444 1956 3498 oblatum
1992 3456 2117 3496 esse
2141 3438 2518 3510 intelligimus,
2550 3443 2602 3491 et
2625 3451 2691 3491 eo
2721 3435 2894 3506 magis
2924 3434 3069 3506 quod
3095 3448 3163 3488 ne
3193 3449 3297 3487 nu-

1712 3550 1864 3590 mero
1885 3531 2105 3603 quidem
2142 3544 2405 3601 superare
2464 3542 2531 3582 ac
2583 3526 2892 3582 redundare
2938 3532 3133 3595 praeter
3169 3537 3294 3578 eum

1711 3626 1805 3696 qui
1841 3626 2086 3695 seipsum
2131 3622 2278 3679 dedit
2331 3636 2430 3692 pro
2472 3620 2671 3690 pretio,
2704 3633 2816 3689 quo
2859 3617 3019 3671 multi
3066 3614 3299 3671 redime-

1713 3728 1922 3783 rentur,
1952 3724 2124 3772 totam
2184 3715 2476 3769 humanam
2523 3720 2776 3765 naturam
2832 3710 3105 3771 videmus,
3151 3704 3297 3777 quod

1712 3810 1931 3879 quidem
1985 3807 2215 3861 attineat
2259 3804 2324 3859 ad
2364 3804 2633 3857 rationem
2672 3800 2984 3857 sanctitatis
3013 3797 3299 3869 (quemad—

1712 3898 1936 3954 modum
1969 3898 2025 3951 in
2060 3897 2253 3949 umbra
2300 3894 2434 3962 legis
2470 3892 2676 3946 Levitis
2716 3906 2946 3945 numero
2976 3891 3164 3959 plures
3191 3888 3298 3957 pri-

1715 3988 1973 4059 mogeniti
2024 3986 2231 4041 inventi
2266 3983 2503 4054 sunt“),
2542 3983 2635 4038 sed
2687 3982 3007 4054 longissimo
3059 3979 3237 4050 spatio
3266 3993 3298 4033 a

1714 4090 1867 4151 tergo
1920 4078 2166 4133 :‘e'ictam
2196 4116 2213 4141 ,
2266 4082 2541 4144 quatenus
2584 4075 2792 4143 absque
2831 4072 2978 4127 omni
3020 4070 3299 4126 contradi-

1716 4176 1901 4229 ctione
1931 4171 2007 4235 id,
2030 4171 2119 4225 cui
2153 4168 2517 4230 benedicitur,
2541 4168 2897 4222 benedicente
2931 4165 3161 4220 inferius
3188 4170 3296 4219 est.

1716 4268 1793 4321 Ac
1828 4274 1961 4320 tunc
1992 4263 2211 4335 quidem
2249 4260 2316 4316 ad
2351 4260 2525 4316 solam
2558 4259 2915 4316 Israeliticam
2949 4265 3164 4327 gentem
3196 4252 3300 4309 Le-

156 4360 340 4431 ἐτέρας
380 4359 543 4414 αὑτὸν
598 4354 737 4412 εἶναι
788 4358 958 4428 φυλῆς
1012 4357 1315 4430 (πρόδηλον
1374 4356 1480 4429 γὰρ
1530 4357 1611 4408 ὅτι

1719 4358 1870 4411 vitici
1916 4352 2211 4411 sacerdotii
2259 4350 2499 4422 dignitas
2551 4348 2916 4413 referebatur,
2966 4362 3029 4401 ac
3072 4361 3171 4416 pro
3199 4358 3299 4399 eo-

104 4502 105 4507 η
153 4450 317 4503 Ἰούδα
358 4449 714 4503 ἀνατέταλκεν
756 4451 783 4502 6
815 4450 1017 4520 Κύριος
1048 4449 1201 4519 ἡμῶν
1246 4447 1449 4518 Ἰησοῦς
1484 4448 1619 4517 Χρι-

104 4541 191 4608 ;ὸς)
224 4542 313 4594 καὶ
335 4540 432 4611 τὴν
462 4540 555 4593 τοῦ
583 4540 745 4610 νόμου
778 4539 1063 4609 μετάθεσιν
1091 4539 1485 4610 ἀπειργάσατο,
1510 4536 1618 4588 ἀπὸ

103 4654 139 4704 λς
169 4632 303 4685 κατὰ
332 4632 491 4703 νόμον
521 4634 677 4694 σκιᾶς
718 4633 809 4684 ἐπὶ
852 4632 912 4685 τὸ
949 4634 1045 4703 τῆς
1084 4630 1356 4701 βασιλείας
1387 4629 1493 4683 τῶν
1524 4629 1617 4680 ού-

103 4725 223 4779 ινῶν
259 4724 619 4795 μεταθέμενος
646 4725 791 4795 ἡμᾶς
822 4725 1150 4792 Εὑαγγέλιον
1169 4765 1183 4788 ,
1228 4724 1479 4792 καθάπερ
1509 4720 1618 4774 ἀπὸ

104 4822 147 4887 κς
170 4817 454 4886 Λευῖτικῆς
480 4817 573 4869 ἐπὶ
607 4815 703 4886 τὴν
735 4815 1017 4886 βασιλικὴν
1052 4815 1219 4886 φυλὴν
1246 4816 1305 4867 τὸ
1333 4815 1431 4884 τῆς
1458 4816 1617 4885 ἱερω-

103 4905 214 4974 Βνης
239 4905 449 4976 ἀξίωμα
468 4924 480 4935 ·
511 4908 577 4976 τῇ
609 4906 664 4957 δὲ
692 4906 832 4959 κατὰ
859 4907 960 4977 τὴν
990 4906 1143 4969 τάξιν
1168 4904 1501 4975 Μελχισεδὲκ
1521 4904 1619 4972 ἀφ-

103 4998 300 5052 ιοιώσει
344 5000 442 5069 ούχ
494 5000 631 5069 ὑπὲρ
680 5000 840 5068 μόνου
884 5000 977 5052 τοῦ
1024 4998 1263 5070 Ἰσραὴλ,
1324 4996 1436 5050 ἀλλ’
1479 4997 1617 5067 ὑπὲρ

103 5094 265 5145 άντων
296 5091 403 5145 τῶν
429 5091 598 5143 ἑανῶν
629 5092 821 5160 λύτρον
841 5092 1029 5144 ἑαυτὸν
1052 5091 1131 5161 τῷ
1159 5091 1333 5161 Πατρὶ
1351 5090 1623 5161 προσηγά-

103 5197 195 5242 ετο,
226 5180 429 5249 καὶτῆς
460 5182 676 5234 πάντων
692 5180 786 5234 ἀνθ
798 5181 991 5251 ρώπων
1016 5181 1304 5251 ὁμολογίας
1328 5180 1616 5251 ἀρχιερεὺς

103 5274 408 5343 ιθέστηκεν,
455 5274 577 5326 ἐπεὶ
621 5274 713 5327 καὶ
737 5276 765 5326 6
790 5273 1121 5342 Μελχισεδὲκ
1150 5275 1214 5325 ὲκ
1262 5273 1359 5343 τῆς
1393 5272 1614 5343 ὲθνικῆς

103 5366 246 5434 οίρας
273 5359 408 5417 εἶναι
430 5365 772 5436 γνωρίζεται,
807 5364 901 5417 καὶ
926 5364 989 5415 ὲκ
1018 5363 1106 5416 τοῦ
1152 5363 1401 5434 Ἀϐραὰμ
1429 5364 1617 5431 γένους

103 5454 375 5523 Ἀρίσκεται.
452 5455 513 5507 Ἡ
560 5455 616 5508 δὲ
646 5454 785 5508 κατὰ
814 5456 974 5525 νόμον
996 5454 1102 5507 τῶν
1137 5454 1295 5508 πέντε
1337 5456 1619 5529 διδραχιιά·

108 5594 395 5720 "‘glatth.
431 5616 489 5663 u,
531 5599 551 5653 ι
590 5614 709 5670 sqq.
776 5598 821 5628 ’⁵
854 5594 1017 5651 llebr.
1060 5612 1176 5662 vln,
1206 5596 1260 5648 2.
1342 5600 1385 5630 "
1419 5598 1573 5651 Rom.
1614 5616 1641 5652 ξι

1676 5639 1690 5662 ,
1728 5595 1811 5650 16.

1716 4466 1837 4505 rum
1868 4445 2362 4518 primogenitorum
2398 4444 2686 4505 duntaxat,
2724 4439 2815 4509 qui
2847 4438 2989 4511 apud
3023 4435 3299 4493 lsraelitas

1716 4545 2097 4601 nascerentur,
2157 4534 2549 4605 redemptionis
2588 4535 2762 4603 pretio
2793 4529 3014 4586 Levitas
3050 4536 3300 4609 sumptos

1716 4644 1859 4691 esse,
1893 4625 2194 4696 Scriptura:
2227 4624 2547 4678 testimonio
2596 4622 2662 4675 de
2701 4621 2835 4690 ipsis
2867 4618 3139 4690 proditum
3167 4624 3297 4672 est:

1716 4721 1971 4775 Christus
2010 4732 2160 4780 vero,
2216 4716 2309 4785 qui
2361 4713 2674 4767 futurorum
2711 4712 2981 4765 bonorum
3044 4706 3295 4779 pontifex

1718 4814 1958 4875 advenit,
2002 4820 2060 4865 ut
2086 4806 2534 4877 sapientissimus
2566 4802 2772 4858 Paulus
2812 4801 2989 4872 inquit
3017 4800 3083 4865 ",
3111 4808 3164 4854 et
3193 4813 3299 4853 non

1719 4906 2023 4962 secundum
2060 4900 2309 4956 ordinem
2349 4898 2551 4962 Aaron,
2584 4895 2678 4950 sed
2715 4893 3013 4950 secundum
3048 4890 3299 4946 ordinem

1719 4995 2110 5059 Melchisedec,
2162 4989 2629 5062 quemadmodum
2689 4988 2936 5042 divinum
2984 4982 3299 5055 praesigniﬁ-

1721 5090 1864 5141 cavit
1895 5082 2202 5146 oraculum,
2236 5078 2532 5135 sacerdotii
2560 5077 2781 5147 quidem
2821 5074 3201 5137 translatione,
3234 5086 3300 5128 eo

1723 5179 1865 5250 quod
1898 5177 2015 5245 ipse
2037 5183 2183 5229 esset
2215 5189 2278 5227 ex
2310 5172 2414 5225 alia
2448 5171 2593 5223 tribu
2628 5169 2999 5238 (perspicuum
3035 5172 3119 5220 est
3153 5165 3301 5218 enim

1724 5287 1789 5324 ex
1832 5267 1971 5322 Iuda
2031 5276 2213 5319 ortum
2260 5277 2385 5318 esse
2433 5259 2724 5315 Dominum
2794 5265 3045 5312 nostrum
3106 5253 3296 5310 Jesum

1725 5359 2053 5425 Christum),
2098 5354 2262 5409 etiam
2292 5352 2427 5422 legis
2480 5350 2894 5404 translationem
2917 5347 3116 5414 eﬂ‘ecit,
3145 5353 3199 5401 et
3232 5343 3301 5398 ab

1728 5450 1884 5521 legali
1921 5448 2112 5501 umbra
2156 5444 2437 5498 transtulit
2487 5458 2587 5496 nos
2641 5441 2705 5493 ad
2750 5437 3102 5509 Evangelium
3147 5434 3301 5506 regni

1904 5587 2131 5643 “Num.
2167 5601 2249 5652 ιιι,
2296 5582 2357 5637 l6
2386 5596 2507 5650 sqq.
2587 5581 2627 5611 "’
2661 5578 2824 5635 Hebr.
2848 5593 2946 5640 vn,
2986 5574 3039 5638 9,
3071 5574 3165 5638 ll;
3200 5586 3295 5633 vn,

3034 0 3715 31 ἢ
