3822 6390
458 248 591 301 1107

1698 259 1755 313 S.
1798 259 2127 315 GREGORII
2168 258 2453 315 NYSSENI

3595 272 3725 323 H65

459 369 746 430 (telorum,
779 365 1239 436 quemadmodum
1272 368 1340 421 ab
1366 368 1606 425 Levitica
1654 376 1798 427 tribu
1844 375 1909 428 ad
1960 392 2036 430 re-

2166 395 2245 429 κων
2280 378 2418 445 ὑπὲρ
2452 379 2683 434 ἑκάστου
2719 384 2827 437 τῶν
2872 386 3235 457 πρωτοτόκων
3270 387 3605 458 συντίμησις
3636 390 3727 456 ἑμ-

456 458 598 525 giam
638 455 842 509 tribum
902 458 1199 512 sacerdotii
1247 457 1570 529 dignitatem
1630 464 1875 518 traduxit
1912 484 1923 518 :
1960 481 2043 521 as-

458 546 797 600 similationo
829 561 956 601 vero
982 563 1103 618 qua:
1127 548 1182 601 lit
1205 549 1511 605 secundum
1535 553 1785 608 ordinem
1820 554 2041 610 Melchi-

457 638 643 703 sedec,
679 653 790 693 non
823 655 924 709 pro
960 641 1080 696 solo
1114 640 1338 708 lsraele,
1369 644 1463 700 sed
1493 660 1591 716 pro
1628 649 1883 703 omnibus
1908 664 2042 719 gen-

458 732 605 787 tibus
653 732 890 803 pretium
942 733 1339 805 redemptionis
1373 751 1497 793 sese
1544 737 1689 793 Patri
1733 741 1956 801 obtulit,
1988 750 2043 795 et

458 826 704 880 omnium
756 826 1039 881 hominum
1088 828 1459 885 confessionis
1508 831 1750 901 pontifex
1805 833 2041 896 exstitit,

2150 469 2362 536 φαίνειν
2385 467 2526 526 οἶδεν
2556 476 3001 546 αἰνιγματωδῶς,
3051 478 3125 542 ὡς
3167 479 3273 551 χρὴ
3312 480 3552 533 ἕκαστον
3572 482 3731 553 ἡμῶν

2148 560 2331 614 πᾶσαν
2374 562 2626 633 αἴσθησιν
2676 566 2924 634 ἀγιάζειν
2952 567 3103 639 Θεῷ,
3152 569 3249 623 καὶ
3288 569 3356 623 τὰ
3392 570 3454 621 ὲν
3498 570 3729 632 τούτοις,

2149 652 2389 725 καθαρὸν
2412 656 2508 709 καὶ
2545 657 2741 729 ἡδονῆς
2782 659 2964 732 πάσης
3006 662 3207 717 ἀτόπου
3244 662 3733 732 mammae“-

2151 743 2306 888 (ἔγειν
2336 745 2415 818 τῷ
2446 748 2686 805 κτίσαντι
2722 753 2975 826 καθάπερ
3006 773 3058 809 τι
3091 755 3286 826 λύτρον
3313 755 3523 824 εὐαγές
3550 769 3608 807 τε
3642 758 3732 808 καὶ

2184 854 2399 888 ννοιιον.

2184 854 2399 908 ννομον.

459 920 721 985 quoniam
770 917 1131 976 Melchisedec
1180 936 1399 992 quoque
1448 930 1559 976 tam
1608 939 1672 979 ex
1725 933 1880 994 parte
1932 927 2174 995 gentium
2228 940 2636 1001 extranearum,
2693 953 2857 1007 quam
2912 954 2979 995 ex
3032 954 3233 1011 genere
3272 936 3579 995 Abrahami
3611 944 3737 993 esse

459 1012 769 1069 ostenditur
796 1022 961 1084 atque
990 1014 1283 1085 reperitur.
1327 1014 1501 1071 Porro
1534 1032 1657 1087 qua:
1683 1032 1747 1072 ex
1776 1018 1892 1088 lege
1934 1017 2096 1073 ﬁebat
2136 1022 2432 1081 aestimatio
2478 1031 2722 1101 quinque
2762 1031 3214 1089 didrachmorum
3254 1049 3354 1104 pro
3398 1043 3735 1102 unoquoque

460 1108 848 1180 priniogenito,
915 1122 1014 1177 per
1045 1108 1255 1165 abditas
1286 1110 1578 1167 verborum
1645 1112 1902 1185 ambages
1956 1122 2011 1169 et
2063 1114 2348 1173 involucra
2391 1123 2703 1193 signiﬁcare
2764 1128 2926 1191 solet,
2975 1136 3230 1199 oportere
3284 1141 3736 1199 unumquemque

459 1211 711 1258 nostrum
748 1216 940 1257 omnes
997 1217 1196 1258 sensus
1227 1202 1336 1258 Deo
1358 1204 1725 1267 sanctiﬁcare,
1756 1216 1921 1276 atque
1965 1222 2029 1260 ea
2071 1223 2193 1277 quae
2228 1226 2325 1280 per
2355 1229 2554 1272 sensus
2587 1218 2746 1285 (lunt,
2784 1235 2983 1289 purum
3010 1228 3065 1276 et
3095 1220 3165 1274 ab
3225 1221 3375 1274 omni
3436 1219 3731 1274 inhonesta

461 1295 744 1365 voluptate
800 1293 1041 1349 alienum
1088 1295 1245 1365 quasi
1300 1296 1575 1366 quoddam
1644 1298 2039 1369 redemptionis
2113 1302 2353 1369 pretium
2407 1320 2663 1364 sanctqu
2713 1319 2880 1382 atque
2926 1312 3233 1384 legitimum
3310 1311 3511 1368 olIerre
3571 1312 3731 1371 Crea-

464 1388 591 1443 tori.

536 1483 713 1553 Hujus
744 1483 889 1538 sacri
927 1482 1037 1538 diei
1074 1481 1201 1539 festi
1240 1497 1345 1539 nos
1375 1482 1539 1539 hodie
1592 1486 1913 1541 memoriam
1951 1502 2042 1543 ce-

2220 1485 2440 1558 Ταύτης
2468 1488 2631 1559 ἡμεῖς
2660 1490 2902 1563 σήμερον
2925 1490 3023 1561 τῆς
3056 1490 3209 1563 ἱερᾶς
3225 1492 3449 1563 τελετῆς
3472 1492 3579 1565 τὴν
3606 1494 3733 1547 ἀνάο

466 1576 765 1641 leliramus,
812 1576 928 1631 haec
963 1576 1211 1647 mysterii
1244 1576 1539 1646 explicatio
1575 1578 1881 1647 spiritualis
1905 1594 2041 1650 prte-

2166 1595 2348 1649 ινησιν
2407 1580 2757 1652 ἑορτάζομεν,
2814 1582 2953 1655 αὕτη
2984 1586 3119 1655 ἡμῖν
3170 1586 3593 1655 ήπνευματικὴ
3644 1586 3731 1638 τοῦ

468 1678 680 1724 sentem
736 1678 985 1725 sanctum
1024 1677 1190 1738 atque
1228 1669 1530 1725 solemnem
1567 1681 1902 1726 conventum
1955 1688 2049 1727 CO-

2166 1670 2453 1741 ιυστηρίου
2510 1672 2808 1737 ἀνάπτυξις
2864 1673 2965 1743 τὴν
2999 1674 3281 1745 παροῦσαν
3330 1675 3733 1745 συνεκρότησεν

466 1764 597 1831 egit,
622 1778 730 1833 qua
752 1763 1121 1831 explicatione
1141 1776 1207 1816 ex
1235 1763 1353 1833 lege
1382 1763 1622 1830 quidem,
1648 1772 1706 1817 ut
1729 1766 2047 1835 apparebat,

2166 1761 2311 1830 ὶγίαν
2343 1763 2681 1835 πανήγυριν·
2712 1764 2834 1818 καθ’
2855 1766 2922 1837 ἢν
2952 1764 3194 1836 νομικῶς
3228 1766 3325 1837 μὲν
3362 1766 3684 1836 προσήγετο
3710 1768 3735 1818 ὁ

468 1858 727 1911 Servator
762 1854 1115 1921 offerebatur,
1149 1855 1243 1911 sed
1277 1864 1337 1909 ut
1381 1856 1582 1926 spiritu
1625 1856 1955 1928 intelligitur
1996 1868 2050 1913 et

2166 1856 2341 1927 Σωτὴρ
2376 1855 2521 1911 κατὰ
2549 1855 2610 1908 τὸ
2644 1856 2988 1927 φαινόμενον,
3029 1856 3235 1928 νοητῶς
3270 1856 3326 1911 δὲ
3358 1857 3458 1910 καὶ
3487 1874 3737 1927 πνευμα-

468 1957 648 2003 inente
697 1947 1025 2018 percipitur,
1058 1948 1333 2018 primitias
1384 1956 1590 2002 nostra:
1638 1949 2051 2019 conspersionis

469 2040 615 2094 Patri
659 2038 896 2095 oﬂ‘erens
945 2046 1116 2094 totam
1152 2054 1275 2094 eam
1322 2054 1538 2094 sacram
1572 2039 1857 2105 reddebat,
1897 2049 1951 2096 et
1983 2041 2050 2096 ad

468 2134 705 2190 divinam
740 2131 1077 2187 oblationem
1130 2130 1382 2185 idoneam
1430 2131 1720 2187 elliciebat.
1754 2131 1869 2188 Hoc
1902 2133 2049 2187 enim

467 2230 597 2283 olim
634 2227 718 2282 lex
749 2226 1112 2296 parturiebat,
1164 2232 1220 2280 et
1260 2225 1327 2278 ad
1369 2225 1475 2280 hoc
1522 2228 1809 2295 spectabat
1844 2228 2051 2282 consti-

470 2321 608 2373 tutio
642 2318 776 2389 legis
804 2327 917 2371 tum
958 2316 1025 2371 de
1056 2314 1460 2386 primogenitis,
1492 2326 1608 2371 tum
1644 2320 1710 2373 de
1740 2318 2050 2373 levitarum

470 2411 941 2481 compensatione,
990 2416 1105 2463 tum
1170 2408 1237 2465 de
1302 2409 1751 2466 didrachmorum
1811 2413 2053 2466 aestima-

473 2512 640 2561 tione.
686 2506 776 2560 Sic
805 2522 903 2576 per
922 2520 1076 2560 mare
1109 2502 1519 2575 Scripturarum
1545 2504 1852 2558 divinarum
1881 2504 2051 2573 gratia

473 2597 714 2668 Spiritus
757 2612 857 2652 nos
890 2596 1226 2651 transduxit.
1278 2593 1385 2649 Sed
1425 2594 1711 2649 videamus
1751 2594 1915 2649 etiam
1961 2594 2054 2646 ad—

474 2690 845 2744 versariorum
876 2687 1293 2743 conclusionem
1317 2694 1481 2754 atque
1501 2684 2051 2739 demonstrationem.

474 2784 549 2836 Ae
592 2783 703 2851 jam
734 2780 954 2851 quidem
1013 2779 1276 2848 superius
1329 2777 1491 2833 nobis
1549 2786 1663 2830 tum
1713 2778 1779 2831 de
1829 2776 2053 2839 Levitis,

476 2882 590 2925 tum
646 2871 715 2925 de
755 2870 1133 2940 primogenitis
1175 2876 1286 2922 tota
1340 2867 1664 2923 constitutio
1714 2867 1849 2937 legis
1908 2877 2057 2935 pate-

2151 1946 2317 2010 τικῶς
2342 1946 2439 2017 τὴν
2472 1947 2725 2019 ἀπαρχὴν
2754 1946 2849 2000 τοῦ
2876 1948 3147 2019 ἡμετέρου
3176 1947 3504 2019 φυράματος
3522 1948 3603 2019 τῷ
3630 1948 3737 2001 Ila.

2148 2038 2240 2108 τρὶ
2257 2036 2644 2109 προσαγαγὼν,
2661 2038 2780 2091 ὅλον
2793 2038 2925 2093 αὐτὸ
2951 2037 3091 2110 ἱερὸν
3115 2039 3458 2105 ἀπεδείκνυε,
3484 2040 3737 2109 καὶπρὸς

2152 2130 2304 2185 Θείαν
2333 2131 2697 2203 προσαγωγὴν
2748 2131 3073 2202 ἐπιτήδειον.
3106 2131 3286 2200 ,Τοῦτο
3337 2133 3444 2201 γάρ
3502 2132 3679 2186 πάλαι
3714 2136 3740 2185 ὁ

2153 2221 2317 2293 νόμος
2357 2220 2545 2288 ὥδινε,
2584 2223 2679 2275 καὶ
2736 2222 2874 2294 πρὸς
2906 2222 3065 2277 τοῦτο
3114 2224 3260 2296 ἑώρα
3298 2223 3335 2293 ἧ
3362 2241 3425 2277 τε
3458 2223 3599 2294 napi.
3636 2223 3739 2275 τῦν

2156 2316 2514 2387 πρωτοτόκων
2534 2315 2823 2386 νομοθεσία
2850 2316 2944 2369 καὶ
2970 2316 3071 2387 τῆς
3095 2315 3205 2370 τῶν
3235 2316 3483 2369 Λευῖτῶν
3532 2315 3741 2369 ἀντιδό-

2156 2426 2292 2471 σεως
2319 2408 2412 2461 καί⁵
2439 2408 2535 2478 τῆς
2569 2408 2679 2463 τῶν
2714 2408 3094 2479 διδραχμάτων
3124 2408 3527 2478 συντιμήσεως.
3558 2406 3741 2469 Οὕτως

2155 2502 2303 2571 ἡμᾶς
2334 2499 2609 2553 διεϐίϐασε
2641 2500 2729 2553 διά
2755 2502 2856 2571 τῆς
2876 2501 3146 2571 Θαλάττης
3166 2500 3275 2553 τῶν
3305 2499 3480 2569 ἁγίων
3512 2498 3741 2568 Γραφῦν

2157 2594 2370 2663 ήχάρις
2396 2592 2491 2646 τοῦ
2534 2592 2872 2663 Πνεύματος.
2915 2591 3053 2645 Ἀλλ’
3086 2592 3317 2662 εἴδωμεν
3365 2592 3464 2646 καὶ
3498 2591 3606 2661 τὴν
3642 2590 3741 2643 τῦν

2157 2686 2415 2739 ἐναντίων
2446 2685 2755 2755 σύγκλεισιν
2792 2703 2851 2740 τε
2884 2687 2979 2740 καὶ
3006 2684 3300 2752 ἀπόδειξιν.
3325 2684 3472 2755 Ἤδη
3520 2684 3623 2755 μὲν
3661 2678 3741 2737 οὖν

2157 2779 2413 2851 ἀνωτέρω
2439 2779 2738 2851 κατάδηλος
2758 2781 2892 2851 ἡμῖν
2922 2782 2955 2851 ἡ
2984 2780 3113 2850 περὶ
3137 2778 3248 2831 τῶν
3276 2775 3535 2833 Δευῖτῶν
3565 2793 3628 2829 τε
3664 2778 3741 2829 καὶ

2160 2872 2520 2942 πρωτοτόκων
2556 2873 2708 2925 πᾶσα
2748 2871 3042 2943 νομοθεσία
3091 2870 3386 2942 γεγένηται
3409 2910 3425 2935 ,
3457 2869 3610 2923 ἀλλά
3662 2887 3742 2923 κιο

477 2966 621 3019 facta
651 2973 736 3019 est
764 2982 777 3018 :
809 2963 906 3018 sed
939 2961 1399 3032 quemadmodum
1439 2975 1669 3031 magnus
1718 2957 1930 3029 Moyses
1962 2976 2054 3029 po-

2166 2962 2266 3027 θὼς
2285 2968 2313 3018 ό
2344 2966 2518 3035 μέγας
2534 2966 2779 3036 Μωῦσῆς
2806 2964 3243 3037 παραθαρσύνων
3261 2965 3356 3017 τὸν
3382 2964 3520 3017 λαὸν
3561 2964 3742 3034 μηκέτι

476 3060 665 3129 pulum
716 3058 901 3111 animo
946 3056 1287 3110 confirmans
1323 3065 1375 3110 et
1401 3053 1717 3118 adhortans,
1756 3052 2058 3107 allirmabat

478 3148 629 3202 illum
668 3146 956 3219 [Egyptios
1005 3160 1114 3200 non
1148 3144 1385 3214 amplius
1417 3143 1663 3199 visurum
1702 3159 1825 3199 esse
1846 3143 1892 3175 ⁸⁸
1933 3162 1947 3199 :
1986 3144 2059 3197 ita

476 3254 577 3309 ego
616 3253 835 3309 quoque
862 3253 1011 3293 nunc
1038 3238 1328 3307 provehor,
1360 3245 1419 3291 ut
1444 3236 1709 3306 peculiari
1733 3235 1827 3292 Dei
1857 3236 2061 3306 populo

479 3332 677 3384 bonum
730 3329 985 3383 nuntium
1035 3334 1347 3399 apportem,
1402 3328 1524 3382 fore
1571 3335 1632 3381 ut
1661 3342 1772 3382 non
1822 3329 2061 3398 amplius

482 3423 792 3477 umbratilis
830 3422 1017 3477 cultus
1052 3436 1325 3491 corporea
1378 3429 1563 3476 castra
1607 3420 1919 3476 videamus.
1958 3419 2057 3475 Ulii

478 3516 648 3582 enim,
704 3522 996 3585 postquam
1041 3514 1295 3584 proditus
1329 3523 1413 3570 est
1452 3529 1685 3584 magnus
1728 3513 1819 3569 ille
1874 3513 2062 3569 Ponti-

481 3609 593 3671 l’ex,
642 3607 956 3663 Levitarum
996 3606 1329 3663 sacriﬁcium
1360 3608 1485 3663 est?
1536 3607 1665 3673 Ubi,
1703 3619 2059 3680 posteaquam

480 3700 723 3756 mundus
753 3701 932 3770 pretio
959 3699 1280 3769 redemptus
1319 3707 1373 3755 et
1403 3700 1655 3769 expiatus
1697 3708 1803 3763 est,
1857 3702 2063 3771 primo-

482 3793 791 3861 genitorum
843 3792 1180 3862 computatio
1215 3800 1381 3862 atque
1410 3793 1745 3847 aestimatio?
1796 3793 1898 3848 Ubi
1932 3795 2062 3848 reli-

483 3901 720 3954 quarum
769 3885 1228 3940 cmremoniarum
1259 3885 1512 3955 legalium
1558 3896 1750 3941 exacta
1797 3887 1887 3941 illa
1918 3904 2059 3959 prae-

484 3979 713 4047 scriptio
753 3986 917 4049 atque
965 3978 1322 4033 observatio?
1352 3976 1469 4032 Non
1520 3978 1700 4043 vides,
1735 3980 1917 4050 quoad
1954 3996 2062 4035 nox

487 4072 813 4141 ignorantia:
840 4088 928 4127 res
969 4072 1257 4127 universas
1292 4082 1593 4140 occupatas
1624 4075 1871 4137 tenebat,
1930 4074 2062 4129 Stel-

484 4164 660 4218 larum
712 4165 766 4218 in
811 4164 1035 4219 modum
1069 4164 1368 4220 obscurum
1415 4168 1731 4237 quemdam,
1786 4169 2061 4223 modicum

485 4264 649 4326 atque
688 4258 886 4311 exilem
932 4258 1276 4327 splendorem
1313 4260 1615 4330 prmbuisse
1664 4276 1813 4323 eum,
1870 4262 1965 4331 qui
1995 4277 2063 4316 ex

488 4349 622 4417 legis
660 4349 977 4419 praescripto
1000 4351 1182 4405 cultus
1217 4354 1623 4420 praestabatur;
1647 4352 1741 4407 sed
1774 4363 2065 4425 postquam

482 4442 714 4510 iustitiae
742 4442 824 4495 sol
852 4449 1081 4496 exortus
1116 4452 1221 4506 est,
1250 4452 1305 4497 et
1334 4444 1519 4498 oriens
1544 4460 1610 4499 ex
1646 4444 1758 4499 alto
1788 4446 2064 4515 apparuit,

487 4542 543 4586 et
584 4533 777 4587 salutis
818 4534 936 4588 dies
986 4535 1186 4597 illuxit,
1224 4537 1445 4591 evanuit
1491 4537 1749 4607 legalium
1794 4540 2070 4593 constitu-

488 4627 702 4679 tionum
735 4625 821 4680 fax
863 4638 1160 4697 superante
1207 4629 1414 4683 lumine
1452 4631 1642 4698 gratia:
1668 4631 1829 4683 victa.
1876 4629 2070 4687 Nonne

489 4724 830 4787 prostratum
861 4726 913 4773 et
949 4719 1065 4773 solo
1100 4728 1376 4789 zequatum
1408 4721 1573 4790 jacet,
1607 4724 2068 4792 quemadmodum

490 4824 746 4879 proceres
794 4824 848 4865 et
904 4826 1123 4878 currus,
1186 4813 1507 4882 praeclarum
1564 4814 1703 4868 illud
1772 4817 2072 4886 templum?

488 4902 680 4957 Nonne
698 4904 879 4958 omnis
904 4905 1072 4958 elatio
1103 4911 1265 4975 atque
1291 4907 1569 4976 superbia,
1595 4920 1789 4965 omnes
1816 4911 2067 4980 spiritus,

489 5011 629 5065 quos
657 4997 877 5051 nomine
903 4996 1024 5065 ejus
1073 4997 1359 5068 pontifices
1391 5010 1769 5071 sumpserant,
1814 5006 2072 5059 concide-

490 5097 621 5143 runt
668 5097 831 5159 atque
869 5089 1099 5146 demissi
1128 5092 1301 5147 Sunt?
1342 5092 1422 5147 An
1453 5110 1563 5148 non
1610 5097 1791 5152 omnis
1818 5097 2070 5154 demersa

494 5192 657 5251 atque
726 5182 961 5238 confusa
1005 5192 1090 5238 est
1142 5200 1333 5239 eorum
1388 5186 1479 5241 illa
1545 5196 1655 5242 tam
1719 5190 1857 5246 bene
1921 5193 2073 5247 ordi-

493 5285 621 5329 nata
675 5282 840 5345 atque
902 5275 1205 5332 constituta
1256 5276 1443 5348 legalis
1490 5279 1832 5352 disciplina?
1884 5283 2075 5339 Nonne

496 5368 745 5423 funditus
792 5369 954 5438 periit
985 5384 1070 5433 ea,
1109 5384 1231 5439 qua:
1282 5372 1424 5441 apud
1462 5371 1682 5431 Iudaeos
1712 5376 1946 5447 vigebat,
1986 5378 2073 5432 in-

497 5460 809 5513 stitutarum
842 5462 1302 5516 consuetudinum
1332 5464 1566 5533 diligens
1600 5477 1654 5521 et
1685 5480 1943 5525 accurata
1977 5472 2075 5525 ob-

499 5550 781 5605 servatio?
818 5550 923 5607 Ubi
966 5555 1112 5609 enim
1164 5556 1375 5613 hostias
1409 5573 1508 5627 pro
1539 5576 1715 5630 nuper
1742 5564 1923 5619 enixis
1951 5578 2072 5620 mu-

562 5736 606 5765 "
638 5734 812 5817 Exod.
844 5756 955 5806 xw,
982 5741 1069 5796 1⁸5.

2097 4309 2144 4366 1)

2159 3056 2387 3126 ὄψεσθαι
2412 3056 2537 3121 τοὺς
2562 3058 2895 3126 Αἰγυπτίους
2930 3057 3349 3112 διεὸεσαιώσατο
3370 3073 3386 3087 ·
3422 3056 3581 3109 οὕτω
3608 3058 3748 3125 κάγὼ

2159 3152 2253 3205 νῦν
2288 3155 2599 3222 προάγομαι
2631 3150 2722 3204 τὸν
2747 3150 2841 3203 τοῦ
2861 3150 2997 3203 Θεοῦ
3022 3150 3329 3223 περιούσιον
3357 3148 3495 3202 λαὸν
3531 3150 3749 3218 εύαγγε·

2158 3243 2418 3309 λίζεσθαι,
2444 3243 2721 3306 ὼςούκέτι
2752 3244 2851 3314 τῆς
2886 3243 3149 3306 σκιὼδους
3169 3242 3432 3313 λατρείας
3473 3242 3545 3295 τὸ
3574 3259 3751 3313 σωμα-

2158 3337 2310 3390 τικὸν
2334 3336 2694 3406 στρατόπεδον
2714 3334 3042 3405 θεασόμεθα.
3076 3334 3186 3387 Ποῦ
3214 3335 3322 3405 γὰρ
3355 3334 3508 3403 μετὰ
3536 3334 3643 3403 τὴν
3668 3350 3753 3402 φα-

2162 3423 2389 3494 νέρωσιν
2399 3423 2493 3477 τοῦ
2515 3423 2748 3494 μεγάλου
2763 3424 2823 3477 Ἀ
2832 3441 2947 3494 ρχιε
2955 3424 3091 3495 ρέως
3107 3426 3140 3494 ὴ
3154 3424 3261 3477 τῶν
3279 3424 3537 3477 Λευῖτῶν
3553 3426 3755 3495 ἱερουρ-

2140 3516 2291 3585 ηγια;
2322 3516 2431 3569 Ποῦ
2493 3514 2632 3587 μετὰ
2660 3516 2720 3569 τὸ
2762 3516 2857 3570 τοῦ
2902 3516 3109 3587 κόσμου
3144 3516 3447 3587 καθάρσιον
3502 3516 3751 3587 λύτρονή

2163 3610 2270 3663 τῶν
2298 3611 2659 3681 πρωτοτόκων
2676 3610 3033 3681 συντίμησις;
3067 3608 3177 3662 Ποῦ
3212 3608 3431 3681 ήλοιπὴ
3458 3609 3569 3680 τῆς
3610 3626 3751 3679 νομι-

2164 3706 2265 3777 κῆς
2297 3705 2520 3776 τελετῆς
2552 3703 2841 3776 ἀκρίϐεια;
2889 3703 2999 3773 Οὐχ
3030 3698 3162 3773 δρᾷς
3192 3702 3271 3754 ὅτι
3305 3700 3416 3765 ἓως
3448 3701 3549 3754 ὅτε
3594 3703 3629 3771 ή
3674 3701 3752 3764 v35

2162 3800 2263 3869 τῆς
2320 3799 2544 3867 ἀγνοίας
2595 3799 2813 3868 κατεῖχε
2852 3795 2921 3850 τά
2963 3795 3274 3866 σύμπαντα,
3307 3796 3571 3867 ἀστέρων
3610 3795 3751 3862 δίκην

2164 3890 2413 3961 ἀμυδράν
2469 3905 2593 3943 τινα
2639 3890 2733 3943 καὶ
2786 3886 3101 3959 σύμμετρον
3142 3886 3316 3955 αὐγὴν
3343 3888 3380 3956 ὴ
3411 3886 3567 3939 κατά
3602 3887 3749 3955 νόμω

2173 3986 2400 4055 παρεῖχε
2428 3983 2675 4056 λατρεία·
2706 3982 2795 4036 ὅτε
2822 3981 2881 4034 δὲ
2908 3983 2938 4034 ό
2966 3980 3064 4051 τῆς
3092 3978 3442 4049 δικαιοσύνης
3484 3978 3750 4031 ἀνέτειλεν

2166 4079 2336 4150 ἥλιος,
2372 4078 2467 4131 καὶ
2498 4079 2532 4148 ἡ
2575 4076 2634 4143 ἐξ
2677 4074 2848 4145 ὕψους
2899 4073 3132 4144 ἀνατολὴ
3190 4072 3454 4142 ὲπέφανε,
3515 4071 3620 4124 καὶ
3671 4071 3750 4140 τῆς

2168 4170 2437 4242 σωτηρίας
2467 4170 2652 4241 ἡμέρα
2689 4166 3023 4237 ἐπέλαμψεν,
3059 4163 3270 4235 ἀφανὴς
3311 4165 3347 4234 ἡ
3379 4162 3494 4216 τῶν
3519 4163 3749 4234 νομικῦν

2169 4263 2467 4328 διατάξεων
2502 4260 2756 4334 δᾳδουχία
2786 4258 3002 4328 ἐγένετο
3038 4257 3134 4328 ,τῷ
3161 4254 3589 4327 ύπερλάμποντι
3627 4254 3748 4321 φωτὶ

2170 4356 2447 4427 νικωμένη
2480 4354 2580 4424 τῆς
2616 4353 2869 4424 χάριτος;
2904 4351 3019 4404 Οὐκ
3053 4348 3371 4419 ὴδάφισται,
3404 4346 3676 4418 καθάπερ
3714 4348 3749 4397 οἱ

2168 4448 2456 4521 τριστάται
2504 4446 2599 4500 καὶ
2644 4444 2713 4498 τά
2756 4443 3001 4515 ἅρματα,
3063 4443 3092 4495 ό
3147 4439 3499 4511 περιώνυμος
3556 4442 3751 4499 ἐκεῖνος

2174 4544 2299 4607 ναὸς
2320 4584 2336 4609 ,
2368 4540 2465 4596 καὶ
2492 4541 2646 4593 πᾶσα
2674 4539 2707 4609 ἠ
2744 4537 2854 4591 τῶν
2893 4535 3191 4608 ἀρχιερέων
3230 4534 3318 4588 ἐπ’
3344 4533 3501 4603 αὐτῷ
3528 4534 3753 4604 μεγαλο-

2174 4636 2416 4709 φροσύνη
2448 4633 2543 4687 καὶ
2575 4632 2833 4703 ἔπαρσις
2867 4630 2942 4682 Ού
2988 4630 3140 4682 πᾶσα
3182 4625 3537 4696 κατεκλύσθη
3588 4627 3755 4679 ait:th

2173 4731 2266 4785 καὶ
2294 4726 2555 4798 συνεχέθη
2587 4726 2621 4797 ἡ
2650 4722 2846 4795 νομικὴ
2876 4722 3123 4787 εὐταξίας
3153 4719 3268 4775 Οὐκ
3300 4719 3474 4790 ἄρδην
3516 4719 3755 4773 ἀπόλωλε

2172 4822 2279 4878 τῶν
2312 4820 2462 4892 παρά
2498 4818 2770 4879 Ἰουδαίοις
2800 4814 2938 4869 ἐθῶν
2974 4815 3009 4885 ἡ
3035 4812 3318 4884 ἀκρίϐεια;
3361 4810 3476 4864 Ποῦ
3532 4812 3648 4883 γὰρ
3676 4814 3755 4871 τὰς

2174 4918 2367 4980 θυσίας
2414 4914 2514 4977 τὰς
2553 4914 2691 4983 ὑπὲρ
2742 4909 2850 4963 τῶν
2898 4906 3200 4981 ἀρτιτόκων
3248 4905 3533 4973 γυναικῶν
3606 4920 3757 4975 προσ-

2173 5009 2453 5077 αγάγοιεν,
2504 5004 2598 5058 τοῦ
2655 5000 3045 5072 ὲκλελεγμένου
3075 4999 3240 5049 τόπου
3292 4995 3755 5053 διαπεπτωκότος,

2177 5104 2272 5158 καὶ
2300 5099 2484 5170 σαφῶς
2504 5094 2886 5169 διορισθέντος,
2912 5092 2986 5162 μὴ
3016 5088 3217 5154 ἐξεῖναι
3237 5085 3466 5157 ἑτέρωθί
3494 5104 3601 5140 που
3637 5084 3756 5153 παρ’

2175 5196 2357 5250 αὐτῶν
2412 5192 2512 5255 τάς
2570 5189 2759 5251 θυσίας
2810 5183 3214 5256 προσάγεσθαι;
3267 5179 3380 5233 Ποῦ
3425 5180 3458 5249 ἠ
3511 5178 3752 5250 ἱερατικὴ

2176 5282 2337 5352 στολή
2366 5297 2426 5332 τε
2481 5280 2573 5331 καλ⁸
2610 5276 2735 5342 ἀξία
2762 5273 2946 5326 καὶτὰ
2993 5271 3155 5324 λοιπά
3188 5270 3438 5333 ἀπαντα;
3486 5267 3635 5322 Ἀλλ’
3686 5268 3751 5319 ἵνα

2180 5375 2354 5447 μὴ,τά
2407 5371 2528 5426 καθ’
2590 5370 2819 5423 ἕκαστον
2880 5366 3186 5432 διεξιόντες,
3241 5362 3502 5434 καθάπερ
3557 5360 3749 5433 νεκρὼ

2178 5474 2395 5542 συνεχεῖ
2442 5469 2625 5537 ἐπαφῇ
2677 5482 2736 5518 τε
2798 5463 2887 5519 καὶ
2944 5462 3147 5532 θεωρίᾳ⁵
3184 5459 3244 5513 τὸ
3282 5459 3437 5528 ὃμμα
3463 5458 3569 5527 τῆς
3586 5455 3749 5526 ψυχῆς

2176 5561 2552 5634 δειδιξώμεθα,
2581 5559 2820 5620 ἐκείνους
2844 5558 2944 5628 μὲν
2965 5556 3213 5626 ἐάσωμεν
3239 5552 3580 5623 τεθνηκότας
3617 5547 3749 5619 παρὰ
