3822 6428
65 342 241 413 ιιδθ,

1212 339 1299 397 DE
1340 340 1662 397 OCCURSU
1706 340 1964 409 DOMINI,
2004 342 2154 398 ETL.

3179 352 3315 407 11ῗο

63 459 129 511 τὸ
153 457 298 527 ὕδωρ
324 454 417 508 τοῦ
441 455 665 526 νομικοῦ
694 455 1017 526 γράμματος
1039 472 1053 488 ·
1087 458 1246 528 ἡμεῖς
1269 458 1326 511 δὲ
1351 457 1430 528 τῷ
1452 458 1641 527 φιλαν-

1770 462 1974 515 ieribus
2005 460 2201 515 oll‘errc
2233 461 2463 530 possint,
2499 478 2623 517 cum
2665 464 2755 519 ille
2794 465 3039 525 delectus
3087 469 3154 524 ad
3193 486 3314 527 eam

65 549 277 619 θρώπῳ
332 546 451 618 Θεῷ
493 547 584 602 τὸν
634 548 898 601 ἐπινίκιον
944 547 1111 619 ὕμνον
1154 549 1397 621 ᾀσωμεν,
1441 549 1535 603 καὶ
1577 552 1644 622 τῇ

64 642 243 705 ὅντως
271 640 505 712 οὐρανίῳ
538 641 834 712 τραφέντες
859 645 1056 713 τροφῇ,
1084 642 1179 695 καὶ
1204 642 1283 713 τῷ
1307 643 1373 695 ὲκ
1398 641 1497 712 τῆς
1518 642 1648 713 ἀλη-

66 731 233 802 θινῆς
278 732 480 803 πέτρας
513 733 714 803 νάματι
758 732 1125 800 ποτισθέντες,
1158 732 1399 804 ἔλθωμεν
1448 733 1542 787 ἐπὶ
1586 734 1648 787 τὸ

64 825 198 895 ὅρος
236 824 329 879 τοῦ
359 823 494 878 Θεοῦ
536 824 768 896 Χωρήϐ·
818 824 1087 889 τουτέστι,
1137 824 1237 895 τὴν
1288 823 1499 897 ὑψηλὴν
1552 824 1647 880 τοῦ

66 914 410 984 Εὐαγγελίου
461 913 839 980 διδασκαλίαν,
865 914 951 968 ἵνα
1005 916 1072 986 τῇ
1133 916 1285 986 φωνῇ
1338 913 1445 967 τῶν
1490 913 1649 969 θείων

67 1006 413 1076 σαλπίγγων,
438 1008 549 1071 τοῖς
571 1006 779 1076 ῥήμασι
798 1004 893 1059 τοῦ
923 996 1192 1078 μακαρίου
1211 1007 1395 1060 Λουκᾶ
1420 1004 1519 1077 τὴν
1543 1005 1650 1059 ἔσω

67 1098 246 1169 ἀκοὴν
295 1096 691 1170 προσϐάλωμεν
723 1136 739 1161 ,
792 1097 1040 1167 καθάπερ
1095 1096 1156 1162 ἐξ
1220 1097 1394 1166 ἁγίων
1442 1096 1652 1150 ἀδύτων

70 1189 309 1259 βοῶντος
328 1191 426 1259 τῆς
471 1187 855 1260 μυσταγωγίας
884 1187 977 1242 τοῦ
1008 1187 1346 1258 Πνεῦματος·
1386 1188 1495 1243 Καὶ
1525 1188 1652 1259 ἐγέ-

69 1297 215 1334 νετο
255 1281 337 1347 ὡς
362 1279 763 1349 ἐπλήσθησαν
792 1281 852 1333 al
886 1279 1096 1349 ἡμέραι
1126 1279 1233 1334 τοῦ
1278 1278 1652 1349 καθαρισμοῦ

69 1372 296 1436 αὐτῶν,
336 1369 640 1441 ἀνήγαγον
680 1372 736 1424 al
784 1369 981 1440 γονεῖς
1020 1370 1088 1423 τὸ
1121 1369 1361 1423 παιδίον
1410 1367 1654 1435 Ἰησοῦν

71 1460 465 1531 παραστῆσαι
482 1459 562 1525 τῷ
591 1460 802 1528 Κυρίῳ,
830 1459 1026 1526 καθὼς
1050 1458 1369 1529 γέγραπται
1401 1459 1471 1512 ἐν
1492 1458 1654 1527 νόμῳ

70 1554 323 1623 Κυρίου,
355 1553 444 1608 ὅτι
474 1551 603 1621 Πᾶν
637 1551 826 1621 ἄρσεν
854 1551 1159 1622 διανοῖγον
1188 1552 1442 1622 μήτραν,
1486 1551 1654 1619 ἅγιον

70 1646 156 1711 τῷ
199 1645 394 1715 Κυρίῳ
436 1643 834 1712 κληθήσεται·
887 1643 987 1698 καὶ
1024 1643 1132 1697 τοῦ
1183 1642 1395 1698 δοῦναι
1435 1642 1657 1698 θυσίαν

74 1737 233 1791 κατὰ
260 1737 328 1791 τύ
360 1736 672 1806 εἰρημένον
701 1737 772 1789 ἐν
810 1736 971 1805 νόμῳ
996 1735 1238 1804 Κυρίου,
1280 1732 1482 1803 ζεῦγος
1515 1749 1653 1801 τρυ-

1746 568 1861 608 rem
1914 552 2070 607 locus
2118 552 2337 606 dirutus
2388 561 2549 623 atque
2593 556 2871 627 collapsus
2915 560 3009 624 sit,
3039 568 3094 615 et
3132 571 3318 631 aperte

1747 642 1954 697 dictum
1997 644 2089 705 sit,
2133 659 2242 697 non
2286 645 2451 700 licere
2497 646 2553 700 in
2597 647 2784 719 aliquo
2814 650 2921 705 alio
2956 651 3079 706 loco
3111 653 3319 707 hostias

1752 733 1821 789 ab
1859 734 1926 790 iis
1961 733 2143 789 oﬂ‘erri
2170 736 2252 788 ”?
2289 735 2387 791 Ubi
2434 737 2786 797 sacerdotalis
2820 741 2911 796 illa
2940 743 3100 805 stola,
3146 750 3199 798 et
3238 744 3317 796 di-

1750 827 1953 897 gnitas,
2012 835 2068 883 et
2112 829 2295 883 omnia
2334 830 2585 900 reliqua?
2622 831 2822 888 Verum
2875 850 2946 891 ne
3005 836 3319 905 singulatim

1752 920 1935 972 omnia
1964 930 2373 989 persequentes,
2426 922 2591 976 sicuti
2632 933 2977 981 mortuorum
3008 928 3200 981 crebra
3241 941 3321 979 at-

1751 1011 2081 1066 trectatione
2113 1019 2275 1081 atque
2306 1013 2648 1082 inspectione
2671 1017 2836 1070 animi
2863 1018 3024 1071 oculo
3050 1027 3318 1073 terrorem

1753 1096 2155 1168 ingeneremus,
2208 1100 2334 1154 illos
2360 1100 2576 1171 quidem
2612 1104 2857 1160 sinamus
2888 1117 3133 1162 mortuos
3163 1107 3317 1176 juxta

1753 1203 1949 1257 aquam
1983 1188 2177 1244 litterae
2215 1190 2441 1261 legalis:
2470 1206 2572 1247 nos
2617 1202 2797 1249 autem
2828 1195 3064 1266 benigno
3098 1196 3210 1251 Deo
3241 1198 3321 1249 vi-

1754 1281 1941 1335 ctoria:
1968 1295 2193 1335 carmen
2224 1293 2278 1336 et
2327 1282 2585 1353 hymnum
2617 1300 2902 1351 canamus,
2952 1294 3006 1341 et
3049 1303 3173 1341 vere
3210 1302 3323 1342 coe-

1754 1370 1878 1425 lesti
1920 1372 2044 1425 cibo
2070 1372 2282 1435 nutriti,
2308 1381 2363 1427 et
2390 1390 2459 1428 ex
2482 1388 2609 1428 vera
2640 1383 2792 1445 petra
2816 1375 3138 1446 proﬂuentis
3171 1392 3325 1447 aquae

1754 1469 1885 1531 potu
1914 1461 2127 1526 refecti,
2160 1463 2447 1518 veniamus
2491 1464 2558 1518 ad
2593 1477 2829 1521 montem
2868 1468 2959 1522 Dei
2989 1468 3224 1532 tlhoreb,
3270 1468 3325 1522 id

1756 1562 1861 1617 est,
1904 1555 1971 1608 ad
2018 1555 2183 1609 altam
2228 1555 2503 1628 Evangelii
2538 1557 2871 1624 doctrinam,
2922 1568 2979 1612 ut
3014 1560 3131 1613 voci
3181 1559 3325 1613 divi-

1757 1663 1951 1702 narum
1994 1648 2275 1713 tubarum,
2303 1644 2493 1704 verbis
2518 1650 2774 1703 nimirum
2804 1650 2947 1705 beati
2980 1650 3137 1706 Lucae
3166 1652 3326 1706 inter-

1760 1754 1857 1793 nas
1882 1754 2044 1795 aures
2074 1739 2483 1805 admoveamus,
2504 1750 2761 1810 tanquam
2785 1758 2849 1796 ex
2873 1743 3047 1798 sacris
3070 1743 3246 1813 adytis
3270 1752 3325 1795 et

74 1829 294 1897 γόνων,
330 1826 369 1895 ἢ
394 1825 504 1880 δύο
534 1823 831 1891 νεοσσοὺς
860 1822 1242 1892 περιστερῶνο
1276 1822 1385 1877 Καὶ
1422 1820 1549 1875 ἰδοὺ
1573 1816 1653 1891 ἦν

1765 1832 2133 1900 penetralibus
2166 1847 2340 1887 sacra:
2375 1833 2639 1886 doctrina:
2665 1833 2888 1901 spiritus
2914 1834 3201 1888 clamantis
3230 1834 3274 1865 ‘°
3309 1852 3322 1887 :

72 1921 391 1988 ἄνθρωπος
414 1918 486 1971 ἐν
516 1916 923 1986 Ἰερουσαλὴμ,
940 1908 988 1982 ᾧ
1009 1915 1195 1985 ὄνομα
1215 1913 1478 1983 Συμεὼν,
1498 1912 1595 1966 καὶ
1623 1914 1660 1968 ὁ

72 2012 392 2080 ἅνθρωπος
420 2004 597 2074 οὗτος
620 2008 849 2075 δίκαιος
892 2008 987 2063 καὶ
1016 2005 1300 2076 εὐλαϐὴς,
1336 2006 1660 2075 προσδεχό-

71 2118 267 2170 μενος
318 2098 704 2169 παράκλησιν
760 2099 868 2154 τοῦ
936 2097 1179 2167 Ἰσραήλ
1202 2114 1216 2129 ’
1272 2099 1370 2151 καὶ
1418 2096 1660 2166 Πνεῦμα

74 2193 256 2261 ἅγιον
280 2188 360 2263 ἦν
383 2192 479 2245 ἐπ’
504 2191 681 2257 αὐτῷ,
714 2191 812 2244 καὶ
852 2188 931 2263 ἧν
987 2189 1146 2257 αὐτῷ
1198 2189 1662 2260 κεχρηματισμέ-

74 2300 195 2339 νον
212 2283 334 2339 ῠπὸ
363 2282 470 2338 τοῦ
494 2284 838 2351 Πνεύματος
852 2282 958 2337 τοῦ
982 2283 1176 2353 ἁγίου,
1192 2281 1279 2352 μὴ
1305 2278 1453 2335 ἰδεῖν
1484 2281 1662 2335 θάνα-

74 2392 210 2441 τον,
243 2360 387 2443 πρὶν
418 2371 495 2428 ἂν
528 2372 625 2443 ιδῃ
648 2368 755 2429 τὸν
790 2373 1051 2444 Χριστὸν
1096 2373 1317 2441 Κυρίου
1360 2373 1430 2426 ἐν
1455 2372 1657 2440 σαρκὶ,

74 2468 181 2523 καί
214 2463 404 2538 ἦλθεν
447 2465 516 2521 ἐν
542 2466 622 2533 τῷ
646 2467 943 2537 Πνεύματι
985 2454 1072 2531 είξ-
1112 2464 1179 2518 τὸ
1218 2465 1396 2532 ἱερόν.
1430 2464 1494 2516 Τί
1520 2465 1658 2529 ἐστι,

75 2558 575 2629 Προσδεχόμενος
606 2559 989 2627 παράκλησιν
1025 2556 1133 2611 τοῦ
1176 2556 1451 2627 Ἰσραήλς
1497 2555 1663 2611 Τουτ-

76 2654 253 2716 ἐστιν,
285 2650 569 2722 ἀναμένων
614 2649 712 2721 τὴν
752 2649 1057 2720 φανέρωσιν
1097 2650 1194 2719 τῆς
1235 2648 1522 2719 ἀληθείας,
1570 2649 1663 2702 καὶ

72 2746 186 2811 τὴν
215 2742 351 2814 πρὸς
386 2740 590 2812 ταύτην
607 2739 702 2794 τοῦ
737 2740 1067 2811 Ἰσραηλίτου
1095 2739 1225 2792 λαοῦ
1251 2740 1358 2793 ἀπὸ
1382 2739 1481 2809 τῆς
1511 2757 1663 2810 νομι-

74 2838 191 2906 κῆς
226 2837 382 2899 σκιᾶς
419 2833 829 2905 μεταχώρησινο
873 2834 964 2886 ἐπὶ
1001 2833 1079 2902 τῷ
1129 2832 1397 2901 ἀφεθέντα
1424 2832 1519 2885 τοῦ
1560 2832 1665 2885 ὑπὸ

75 2928 157 2981 τὰ
216 2927 455 2994 στοιχεῖα
485 2924 578 2976 τοῦ
608 2923 814 2993 κόσμου
844 2919 980 2975 εἶναι
1000 2922 1079 2992 τῷ
1099 2922 1197 2992 τῆς
1235 2922 1492 2992 ἀληθείας
1522 2938 1667 2975 στοι-

1758 1923 1825 1977 Et
1859 1924 2061 1993 factum
2095 1934 2195 1989 est,
2228 1940 2348 1977 cum
2378 1924 2580 1990 impleti
2610 1935 2779 1979 essent
2806 1924 2916 1979 dies
2936 1927 3323 1994 puriﬁcationis

1756 2033 1955 2080 eorum,
1992 2015 2329 2070 adduxerunt
2378 2025 2620 2083 parentes
2670 2016 2900 2083 puellum
2926 2015 3130 2079 Iesum,
3174 2028 3230 2070 ut
3261 2020 3328 2069 si-

1758 2116 1953 2162 sterent
1985 2117 2033 2160 et
2083 2106 2383 2160 exhiberent
2425 2122 2543 2159 eum
2598 2105 2847 2171 Domino,
2899 2108 3033 2160 sicut
3074 2109 3327 2174 scriptum

1758 2209 1835 2253 est
1898 2199 1953 2251 in
2006 2198 2113 2268 lege
2164 2197 2423 2273 Domini:
2465 2196 2633 2252 Omne
2689 2194 3039 2252 masculinum
3092 2202 3328 2265 aperietts

1761 2290 1989 2352 vulvam,
2043 2299 2283 2343 sanctum
2323 2290 2547 2343 Domino
2602 2289 2892 2353 vocabitur,
2944 2300 2991 2343 et
3038 2302 3091 2342 ut
3146 2289 3331 2343 darent

1762 2384 2008 2448 hostium,
2031 2392 2187 2450 prout
2212 2382 2413 2435 dictum
2445 2390 2521 2434 est
2550 2382 2605 2434 in
2633 2382 2739 2451 lege
2773 2381 3001 2444 Domini,
3036 2398 3133 2450 par
3161 2391 3333 2434 turtu-

1764 2492 1881 2529 rum
1904 2485 1993 2528 aut
2016 2474 2148 2527 duos
2177 2474 2351 2541 pullos
2380 2473 2767 2528 columbarum.
2802 2472 2867 2526 Et
2891 2488 3006 2526 ecce
3037 2473 3195 2527 homo
3219 2485 3332 2525 erat

1762 2565 2108 2634 Jerosolymis
2138 2565 2222 2617 cui
2253 2580 2438 2617 nomen
2478 2573 2593 2617 erat
2635 2564 2871 2625 Simeon,
2900 2572 2950 2617 et
2986 2563 3029 2617 is
3056 2563 3210 2617 homo
3236 2564 3333 2631 ju-

1764 2668 1875 2712 stus
1903 2667 1950 2711 et
1981 2657 2277 2726 religiosus,
2311 2666 2619 2725 exspectans
2647 2656 3063 2710 consolationem
3090 2654 3330 2711 Israelis.

1764 2758 1813 2802 et
1847 2747 2076 2815 Spiritus
2108 2757 2322 2799 sanctus
2353 2757 2467 2800 erat
2500 2748 2555 2799 in
2587 2762 2668 2812 eo,
2702 2755 2750 2800 et
2784 2746 3055 2800 oraculum
3086 2747 3134 2800 ei
3166 2745 3335 2799 reddi-

1765 2840 1915 2894 derat
1969 2837 2198 2907 Spiritus
2250 2847 2464 2891 sanctus
2519 2854 2635 2891 eum
2685 2853 2788 2890 non
2833 2838 3065 2890 visurum
3119 2847 3341 2889 mortem

1765 2932 2073 3001 priusquam
2113 2930 2326 2983 vidisset
2377 2928 2645 2984 Christum
2690 2928 2904 2982 Domini
2957 2930 3011 2982 in
3064 2944 3241 2991 carne,
3286 2939 3334 2981 et

75 3016 364 3089 χειοῦπθαι
394 3014 772 3083 διδασκαλείῳ,
805 3014 899 3067 καὶ¹
948 3016 1012 3085 τῇ
1049 3016 1164 3066 κατ’
1188 3014 1357 3085 αὐτὴν
1407 3014 1658 3085 καταρτί-

1768 3024 1904 3077 venit
1926 3022 2177 3077 instinctu
2200 3020 2429 3089 Spiritus
2450 3022 2504 3074 in
2533 3020 2799 3089 templum.
2832 3019 2972 3086 Quid
3003 3029 3085 3075 est
3116 3020 3168 3073 id
3190 3021 3335 3089 quod

78 3105 274 3173 ζεσθαι
305 3104 621 3173 τελειότητι.
651 3103 785 3158 Οὐδὲ
808 3104 918 3173 γὰρ
949 3103 1014 3157 ἂν
1046 3104 1156 3174 ἔχοι
1186 3121 1269 3167 τις
1295 3105 1490 3167 εἰπεῖν,
1513 3104 1588 3167 ὠς
1611 3104 1658 3156 ἐν

1769 3110 1922 3174 dicit,
1956 3108 2280 3178 Exspectans
2328 3110 2738 3163 consolationem
2769 3108 2988 3163 Israelis
3013 3111 3039 3164 ?
3078 3108 3191 3162 Hoc
3230 3118 3335 3165 est.

76 3197 389 3268 δυσπαθείᾳ
428 3196 596 3250 ὄντων
636 3195 745 3249 τῶν
779 3173 1195 3256 Ἰουδαίων,ίκαὶ
1223 3197 1279 3248 ὲν
1322 3195 1658 3266 αἰχμαλωσίᾳ

1771 3173 2098 3270 exspectans
2125 3201 2255 3255 dum
2283 3199 2577 3255 manifesta
2609 3199 2762 3254 ﬁeret
2786 3200 3008 3262 veritas,
3048 3206 3101 3253 et
3128 3198 3197 3252 ab
3227 3213 3340 3251 um-

78 3291 198 3342 τινί
226 3289 623 3360 κατεχομένων,
648 3289 749 3359 τὴν
773 3288 976 3341 τούτων
998 3288 1297 3359 ἀνάκτησιν
1318 3290 1411 3341 καὶ
1449 3288 1586 3360 πρὸς
1608 3288 1658 3341 τὲ

1770 3291 1872 3345 bra
1908 3289 2067 3361 legali
2119 3291 2187 3345 ad
2223 3304 2342 3345 eam
2386 3289 2619 3359 populus
2670 3288 3004 3344 lsraeliticus
3056 3288 3336 3349 transiret,

78 3381 323 3452 εὔθυμον
352 3383 445 3433 καὶ
492 3381 716 3452 ἀρχαῖον
746 3380 999 3435 ἐπάνοδον
1028 3380 1329 3450 ὲξεδέχετο’
1367 3380 1546 3449 πάσης
1572 3380 1658 3433 αὑ‹

1773 3390 1832 3437 ut
1852 3382 2115 3437 dimissus
2144 3381 2211 3435 ab
2228 3396 2291 3436 ea
2322 3380 2684 3449 subjectione,
2717 3393 2825 3449 qua
2844 3378 3129 3433 elementis
3152 3379 3337 3432 mundi

78 3477 203 3537 τοῖς
233 3474 332 3545 τῆς
360 3474 593 3538 παλαιᾶς
639 3473 927 3544 συνηθείας
973 3459 1396 3544 εὐνομουμένης,
1438 3474 1531 3526 καὶ
1574 3471 1658 3525 τοῐ

1770 3473 2043 3529 obnoxius
2066 3481 2206 3537 erat,
2253 3471 2503 3527 veritatis
2536 3471 2933 3525 elementorum
2964 3467 3216 3525 doctrina
3254 3468 3342 3522 in-

80 3564 224 3618 ναοῦ
256 3564 507 3631 ἑστῶτος,
547 3566 640 3618 καὶ
667 3565 775 3618 τῶν
806 3566 865 3618 ὲν
895 3564 1043 3635 αὐτῷ
1087 3564 1286 3617 θυσιῶν
1320 3563 1658 3635 προσαγομέ-

1772 3566 2130 3630 stitueretur,
2202 3563 2431 3634 ejusque
2488 3561 2823 3634 perfectione
2891 3560 3335 3616 concinnaretur.

79 3673 220 3722 νων,
260 3659 355 3710 καὶ
393 3657 573 3727 πάσης
628 3658 819 3727 ἑτέρας
851 3657 1121 3728 ἰδιωτικῆς
1162 3656 1241 3728 τῷ
1280 3657 1427 3725 γένει
1490 3656 1658 3710 αὑτῶι

1775 3655 1963 3726 Neque
1986 3655 2135 3710 enim
2162 3653 2343 3709 dicere
2389 3653 2513 3724 quis
2546 3659 2746 3724 potest,
2785 3666 2907 3707 cum
2935 3648 3106 3704 Judaei
3158 3663 3345 3704 versa-

82 3750 447 3820 ὐπαρχουσης
473 3750 752 3814 πολιτείας
776 3750 1224 3821 πεφυλαγμένης.

1778 3756 1967 3804 rentur
1995 3747 2052 3802 in
2077 3761 2313 3803 mmrore
2338 3756 2503 3817 atque
2532 3745 2827 3801 afﬂictione
2862 3752 2916 3799 et
2953 3744 3008 3797 in
3032 3743 3346 3821 captivitate

81 3840 276 3912 aliqua
303 3842 701 3908 detinerentur,
746 3841 899 3894 illum
933 3814 1130 3895 horum
1172 3840 1669 3911 recuperationem,
1708 3848 1762 3897 et
1792 3841 1846 3896 in
1879 3839 2174 3910 pristinum
2204 3838 2386 3893 locum
2412 3814 2476 3893 vet
2513 3848 2719 3893 statum
2789 3836 3216 3897 restitutionem,
3237 3814 3345 3888 ’πο

81 3936 334 3993 reditum
377 3932 446 3988 ad
490 3932 661 3986 animi
714 3932 1167 4002 tranquillitatem
1241 3941 1403 4003 atque
1453 3933 1702 3987 laetitiam
1772 3941 2164 4002 exspectasse:
2211 3931 2414 4000 quippe
2445 3945 2570 3984 cum
2601 3942 2793 3984 omnes
2826 3928 2905 3982 illi
2951 3926 3161 3996 antiqui
3204 3927 3346 3979 ritus

82 4031 256 4086 abiis
286 4034 433 4083 recte
455 4035 509 4081 et
531 4025 688 4095 juxta
717 4024 852 4095 legis
873 4025 1190 4094 praescripta
1221 4025 1670 4091 Observarentur,
1704 4034 1759 4081 et
1789 4026 2049 4094 templum
2086 4032 2279 4087 staret,
2320 4033 2374 4077 et
2410 4028 2690 4076 consuetae
2737 4020 2794 4074 in
2834 4034 2901 4075 eo
2939 4019 3132 4073 hostiae
3191 4017 3346 4073 oli‘er-

80 4132 310 4183 rentur,
352 4118 709 4188 reliquusque
760 4116 1008 4186 privatus
1055 4124 1234 4171 status
1277 4117 1455 4187 gentis
1485 4131 1677 4171 eorum
1711 4115 2006 4170 incolumis
2039 4120 2373 4169 servaretur.

166 4216 230 4270 El
259 4215 316 4269 δὲ
337 4213 399 4267 τὸ
418 4212 524 4266 ὑπὸ
552 4211 856 4282 Ῥωμαίους
889 4211 1089 4274 αὐτοὺς
1123 4207 1261 4265 εἶναι
1283 4210 1658 4282 προϐάλλεται1

1832 4208 2000 4274 Quod
2050 4208 2095 4262 si
2143 4205 2268 4277 quis
2315 4202 2573 4275 proponit
2609 4215 2707 4258 eos
2739 4199 2992 4257 subditos
3033 4197 3209 4255 fuisse
3237 4194 3347 4252 Ro.

82 4310 196 4366 καὶ
226 4308 287 4362 τδ
325 4305 652 4361 καθεστάναι
690 4303 783 4357 τὸν
817 4302 1059 4375 Ἡρώδην
1088 4302 1320 4379 ’βασιλέα
1379 4303 1476 4373 τῆς
1538 4302 1658 4355 Ίου.

1774 4302 1974 4364 manis,
2010 4308 2065 4355 et
2092 4297 2397 4363 Herodem,
2443 4295 2537 4366 qui
2586 4308 2788 4367 genere
2829 4291 3134 4364 alienigena
3176 4300 3347 4358 esset,

84 4401 252 4463 δαίας
284 4396 578 4466 ἀλλόφυλον
606 4395 666 4449 τὸ
707 4395 859 4463 γένος
906 4395 1241 4465 ὑπάρχον-ια’
1292 4395 1606 4462 γινωσκέτω
1645 4395 1658 4446 ἑ

1778 4410 1959 4464 regem
1980 4390 2180 4447 Iudaeae
2216 4390 2585 4446 constitutum
2615 4387 2814 4454 fuisse,
2850 4386 2899 4441 is
2918 4385 3121 4456 cogitet
3140 4384 3350 4440 idcirco

87 4491 356 4555 τοιοῦτος,
380 4488 455 4550 ὼς
487 4487 638 4540 οὐδὲν
670 4485 820 4558 παρὰ
844 4485 1000 4539 τοῦτο
1028 4489 1065 4557 η
1085 4486 1227 4540 κατὰ
1251 4487 1413 4557 νόμον
1433 4486 1658 4538 πολιτεία

1777 4487 1915 4540 nihil
1976 4484 2141 4556 legali
2215 4481 2386 4538 statui
2462 4480 2711 4536 nocitum
2766 4487 2822 4534 et
2885 4475 3350 4531 incommodatum

92 4581 516 4652 παρεϐλάπτετο
563 4580 627 4632 ἐκ
675 4578 769 4631 τοῦ
816 4576 921 4631 ὑπὸ
961 4578 1278 4641 ἀλλοεθνοῦς
1332 4578 1423 4630 τὸν
1468 4578 1658 4650 Ἰσραὴί

1779 4579 1968 4641 fuisse,
1999 4577 2146 4648 quod
2176 4575 2415 4647 populus
2443 4572 2781 4630 lsraeliticus
2818 4570 2888 4625 ab
2915 4569 3147 4625 diverse
3176 4566 3351 4637 gentis

95 4671 503 4745 βασιλεύεσθαι,
531 4669 670 4723 ὥστε
701 4669 801 4739 τὴν
831 4670 961 4740 περὶ
980 4667 1174 4722 τούτου
1203 4668 1550 4739 παράκλησιν
1586 4669 1658 4721 τὸπ

1774 4686 1904 4740 rege
1953 4669 2367 4739 gubernabatur
2394 4705 2410 4731 ,
2442 4673 2506 4742 ut
2535 4665 2657 4735 ejus
2691 4663 2771 4719 rei
2810 4663 2996 4733 justus
3042 4660 3136 4715 ille
3184 4676 3350 4715 senex

92 4767 309 4820 δίκαιον
355 4763 666 4834 πρεσϐύτην
704 4761 1040 4832 ἐκδέχεσθαι.
1106 4762 1215 4814 Καὶ
1260 4762 1369 4834 γὰρ
1408 4762 1658 4832 διαφόρως

1780 4765 2211 4818 consolationem
2255 4768 2621 4831 exspectaret.
2663 4754 2878 4810 Etenim
2910 4754 3146 4809 diversis
3177 4752 3354 4805 modis

97 4856 444 4928 συμϐέϐηκε,
486 4855 736 4926 καθάπερ
789 4855 910 4907 τινὰ
962 4847 1228 4924 στασιώδη
1260 4854 1374 4907 υἱὸν
1427 4854 1537 4906 ὑπο
1584 4853 1681 4907 τοῦ

96 4946 312 5017 πατρὸς
342 4946 602 5016 αὐστηρῷ
640 4963 745 4998 τινι
773 4944 1104 5016 παιδαγωγῷ
1135 4945 1269 5016 πρὸς
1305 4944 1681 5015 σωφρονισμὸν

94 5035 509 5107 παραδοθῆναι,
548 5034 691 5088 οὕτω
733 5035 825 5109 τὸν
868 5036 1083 5107 Ἰσραὴλ
1113 5035 1371 5098 πολλάκις
1394 5034 1498 5087 ὑπὸ
1528 5034 1682 5104 βασι-

96 5130 256 5184 λείαν
299 5126 548 5196 γενέσθαι
599 5126 911 5195 ἀλλόφυλον.
944 5128 1053 5180 Καὶ
1082 5126 1233 5198 δηλοί
1256 5128 1294 5197 ἡ
1330 5128 1388 5179 ὲν
1424 5125 1684 5197 Αἰγύπτῳ

94 5222 199 5277 τοῦ
226 5220 355 5275 λαοῦ
378 5221 471 5273 ἐπὶ
506 5221 755 5274 πλεῖστον
786 5221 908 5273 ὅσον
927 5218 1196 5291 διατριϐὴ,
1233 5219 1327 5275 καὶ
1351 5222 1379 5274 ὁ
1401 5221 1685 5292 προφήτης

106 5312 389 5383 Ἱερεμίας
417 5312 475 5364 ὲν
502 5314 615 5375 τοῖς
643 5312 855 5382 χρόνοις
893 5312 1141 5365 Σεδεκίαυ
1172 5312 1263 5364 τοῦ
1314 5312 1577 5383 βασιλέως
1621 5313 1686 5366 ἐκ

100 5406 253 5462 θείου
280 5405 703 5477 προστάγματος
726 5404 860 5474 πρὸς
876 5404 1039 5458 αὐτόν
1073 5422 1131 5456 τε
1163 5405 1259 5457 καὶ
1285 5404 1376 5459 τὸν
1408 5404 1498 5456 ὑπ’
1521 5402 1687 5457 αὐτοῦ

100 5500 235 5553 λαὸν
255 5499 657 5569 διαλεγόμενος,
689 5497 794 5550 ὑπὸ
816 5497 876 5549 τὸ
911 5497 1187 5567 σκῆπτρον
1218 5495 1313 5549 τοῦ
1354 5496 1689 5566 Ναϐουχοδο-

106 5593 285 5665 νόσωρ
334 5592 602 5661 γενέσθαι,
664 5590 753 5644 καὶ
794 5581 1185 5661 προσχωρῆσαι
1235 5591 1346 5653 τοῖς
1382 5588 1685 5650 Χαλδαίοις.

192 5771 237 5801 ’³
269 5767 420 5823 Deut.
458 5783 554 5830 χιι,
587 5766 649 5821 6.
718 5767 761 5797 ³⁸⁵
805 5764 938 5818 Luc.
975 5780 1033 5830 ιι,
1066 5762 1135 5816 ‘22
1171 5779 1291 5832 sqq.

1782 4856 2008 4925 contigit
2046 4862 2127 4920 ut,
2162 4860 2427 4923 tanquam
2459 4851 2607 4905 ﬁlius
2640 4849 2941 4905 seditiosus
2972 4853 3026 4901 et
3061 4855 3351 4899 contumax
3415 4857 3425 4870 ’

1787 4962 1817 5000 a
1860 4955 2012 5016 patre
2052 4960 2247 5016 aspero
2278 4953 2441 5013 atque
2489 4955 2682 4997 severo
2720 4939 2886 4993 alicui
2917 4935 3211 5008 paedagogo
3240 4941 3354 4985 tra-

1788 5040 1937 5093 ditur
1979 5039 2035 5092 in
2079 5036 2429 5106 disciplinam
2480 5032 2821 5089 coercendus
2866 5038 2921 5085 et
2973 5022 3354 5095 castigandus.

1791 5131 1865 5184 ita
1899 5129 2236 5185 lsraeliticus
2269 5127 2507 5198 p0pulus
2535 5140 2681 5195 saepe
2706 5131 2935 5178 externo
2974 5132 3143 5188 regno
3167 5113 3355 5181 subju‘

1792 5233 2030 5293 garetur.
2059 5221 2234 5287 Quam
2267 5235 2381 5276 rem
2403 5219 2613 5273 indicat
2645 5216 2793 5270 illius
2820 5212 3008 5284 p0puli
3039 5212 3095 5265 in
3123 5207 3356 5277 )Egypto

1791 5331 1954 5386 quam
2008 5312 2322 5368 diutissima
2372 5307 2765 5369 commoratio,
2811 5312 2867 5358 et
2912 5301 3172 5373 propheta
3204 5296 3355 5352 lere-

1794 5406 1933 5462 mias
1974 5404 2318 5475 temporibus
2366 5400 2606 5455 Sedeciae
2632 5398 2777 5469 regis
2811 5397 2971 5466 jussu
3015 5393 3202 5446 divino
3233 5404 3357 5443 cum

1802 5498 1869 5553 ad
1896 5498 2052 5551 illum
2076 5498 2277 5568 ipsum,
2300 5503 2414 5548 tum
2447 5493 2513 5546 ad
2546 5492 2829 5562 populum,
2852 5490 2945 5557 qui
2978 5486 3100 5555 ejus
3132 5482 3357 5553 imperio

1806 5590 2061 5645 subditus
2122 5595 2276 5651 erat,
2328 5584 2492 5640 verba
2543 5583 2751 5637 faciens
2813 5578 2953 5633 dixit
2993 5576 3110 5631 fore
3147 5580 3205 5627 ut
3255 5570 3357 5626 sub
