3822 6388
471 361 599 416 “7|

1669 348 1725 402 S.
1761 344 2087 402 CREGOlllI
2126 345 2412 402 ΝΥΞξΕΧΙ

3585 350 3718 405 “7‘2

471 492 746 550 sceptrum
769 470 1328 530 Nabuchodonosoris
1357 467 1754 540 redigerentur,
1789 477 1842 521 et
1871 465 2036 521 Chal-

2162 463 2216 515 )b
2244 463 2405 534 μόνον
2436 463 2493 516 δὲ
2514 461 2733 526 τούτους
2759 460 2943 527 ἀξίους
2965 461 3309 528 καθεστῶτας
3337 465 3718 536 πληκτικωτέφ

470 573 602 631 (iacis
651 571 981 627 dederentur
1003 567 1068 620 ³¹.
1112 565 1227 620 Non
1286 565 1466 620 solum
1523 572 1706 616 autem
1757 561 1897 628 bos,
1947 561 2042 630 qui

2147 573 2247 627 ρας
2277 557 2570 627 διαγωγῆς,
2604 555 2883 628 ἀλλοφύλῳ
2918 559 3184 628 σκήπτρῳ
3230 557 3602 627 ὑποτετάχθαι
3622 559 3720 610 οὐκ

471 664 753 722 acerbiore
815 661 942 714 vitae
979 658 1299 714 conditione
1342 655 1493 727 digni
1550 654 1814 718 fuerunt,
1863 653 2044 706 alieno

2162 645 2212 718 ἢν
2237 648 2488 711 ἀπεικός·
2525 648 2637 701 ἀλλ’
2665 648 2766 720 ἤδη
2792 648 3019 702 καὶτῶν
3045 647 3268 701 δικαίων
3307 647 3483 712 τινας,
3517 650 3616 701 καὶ⁵
3648 641 3719 702 ὧν

470 764 695 826 sceptro
733 753 933 824 subjici
989 767 1101 806 non
1151 757 1269 804 erat
1323 749 1565 804 alienum
1615 766 1627 801 :
1681 748 2043 802 verumetiam

468 851 649 917 justos
684 845 1004 909 nonnullos,
1033 843 1237 914 quibus
1273 841 1512 896 mundus
1540 841 1741 911 dignus
1765 855 1872 894 non
1903 850 2042 904 erat,

472 950 536 995 ut
565 953 722 994 more
749 936 905 1002 Pauli
939 936 1130 1005 loquar
1147 934 1214 1000 ”,
1254 942 1314 988 ut
1337 933 1556 987 illorum
1595 932 1771 1002 pietas
1808 931 2046 1002 insignis

474 1032 829 1088 vehementer
864 1030 1129 1094 eluceret,
1171 1042 1280 1082 non
1310 1026 1674 1098 imperantes,
1707 1025 1800 1081 sed
1845 1025 2047 1080 barba--

474 1139 662 1180 rorum
716 1130 771 1178 et
822 1123 1116 1190 impiorum
1164 1119 1449 1174 hominum
1505 1119 1737 1189 imperio
1767 1117 2050 1188 subjectos

477 1218 572 1273 ltei
602 1215 804 1280 lenitas
832 1213 1034 1270 eﬂ‘ecit.
1077 1214 1254 1283 Atque
1297 1213 1349 1266 id
1393 1213 1477 1267 vel
1505 1211 1784 1267 Abraham
1822 1211 2051 1267 deumn-

479 1319 620 1370 strat
643 1351 657 1374 ,
694 1309 788 1379 qui
832 1308 888 1362 in
919 1305 1156 1377 (Egypto
1189 1305 1311 1369 fuit,
1348 1305 1438 1358 cui
1492 1303 1736 1374 (ibidem
1767 1302 2049 1372 versanti)

478 1419 620 1459 uxor
656 1418 686 1457 a
721 1402 1012 1464 Pharaone
1051 1399 1301 1470 adempta
1327 1399 1491 1465 est“,
1529 1399 1623 1470 qui
1655 1399 1711 1454 in
1754 1407 1900 1454 terra
1946 1398 2048 1453 sibi

479 1496 755 1568 promissa
776 1503 1040 1565 tanquam
1073 1495 1379 1564 inquilinus
1405 1493 1670 1549 habitavit
1704 1511 1718 1546 :
1752 1491 2054 1561 itidemque

481 1590 650 1661 hujus
687 1588 850 1652 ﬁlius,
897 1593 951 1641 et
978 1586 1129 1641 illius
1158 1585 1403 1651 soboles,
1434 1585 1680 1639 lsaacum
1726 1585 1852 1639 dico
1879 1592 1934 1640 et
1959 1582 2052 1638 Ja-

483 1683 717 1740 cobum,
737 1697 802 1736 ac
820 1695 1016 1738 rursus
1045 1679 1197 1734 illius
1221 1678 1570 1735 castissimus
1589 1686 1644 1730 et
1668 1677 2054 1748 integerrimus

485 1774 631 1828 ﬁlius
673 1770 874 1842 Joseph
900 1812 914 1835 ,
948 1771 1041 1840 qui
1080 1785 1274 1826 servus
1309 1769 1489 1824 factus
1519 1778 1636 1834 est,
1669 1778 1724 1824 et
1759 1769 1824 1822 ad
1863 1784 2054 1823 carce-

483 1881 600 1923 rem
631 1865 1032 1920 condemnatus
1061 1861 1162 1917 fuit
1180 1862 1244 1916 ³⁸.
1271 1860 1540 1927 Quocirca
1567 1861 1788 1930 sapiens
1829 1859 2050 1914 Simeon

484 1976 594 2016 non
646 1974 764 2017 eam
816 1957 1032 2013 lsraelis
1069 1955 1524 2017 consolationem,
1584 1968 1704 2023 quae
1751 1951 1816 2005 ad
1854 1952 2051 2006 bonam

488 2054 686 2110 famam
714 2059 771 2108 et
811 2048 1272 2110 existimationem
1309 2061 1676 2117 magnamque
1707 2046 1937 2117 gloriam
1971 2053 2057 2101 at-

489 2161 597 2217 que
652 2141 1002 2214 splendorem
1060 2141 1394 2210 pertineret,
1450 2139 1837 2209 opperiebatur
1888 2161 1901 2196 :
1949 2143 2044 2196 sed

488 2235 673 2304 reipsa
706 2245 934 2294 veram,
973 2244 1169 2298 nempe
1195 2227 1596 2282 traductionem
1637 2229 1704 2282 ad
1745 2228 2055 2297 pulchritu-

488 2325 673 2382 dinem
715 2320 981 2377 veritatis.
1026 2318 1161 2373 Nam
1195 2333 1321 2373 cum
1364 2317 1649 2375 oraculum
1686 2319 1737 2373 ei
1780 2318 2056 2386 redditum

489 2423 638 2475 esset
669 2414 789 2470 fore
819 2422 878 2466 ut
915 2421 1205 2481 antequam
1236 2427 1266 2467 e
1295 2412 1406 2466 vita
1445 2411 1708 2481 migraret
1727 2401 2056 2474 {Christum

488 2507 706 2574 Domini
737 2505 966 2581 videret,
1004 2503 1369 2574 spiritualiter
1394 2503 1758 2572 exspectabat
1794 2510 1854 2555 ut
1892 2501 2058 2557 simul

490 2601 677 2675 populi
713 2612 930 2670 quoque
960 2597 1292 2667 (lsraelitici)
1337 2595 1647 2651 consolatio.
1670 2595 1962 2650 exsisteret
1994 2610 2058 2648 ac

491 2693 960 2753 maniiestaretur.
1013 2687 1162 2742 Venit
1205 2689 1367 2758 igitur
1409 2688 1493 2740 hic
1534 2687 1788 2741 instinctu
1827 2686 2058 2755 Spiritus

491 2787 546 2841 in
581 2785 864 2856 templum.
916 2791 965 2836 et
1003 2781 1126 2834 dum
1181 2780 1486 2834 inducerent
1537 2790 1779 2847 parentes
1827 2780 2059 2848 puellum

491 2877 699 2942 Iesum,
733 2887 791 2931 ut
821 2878 1049 2945 facerent
1081 2879 1245 2946 juxta
1274 2891 1469 2930 morem
1509 2884 1817 2930 consuetum
1853 2889 1917 2926 ex
1953 2874 2062 2942 lege

490 2985 590 3041 pro
626 2988 706 3032 eo,
754 2971 864 3040 ipse
909 2987 1109 3039 quoque
1148 2970 1346 3038 accepit
1394 2985 1512 3022 eum
1540 2968 1594 3020 in
1632 2968 1787 3021 ulnas
1829 2983 1977 3031 suas,
2012 2976 2062 3019 et

496 3061 739 3123 laudavit.
783 3062 984 3126 Deum,
1040 3079 1102 3116 ac
1145 3061 1329 3116 dixit:
1366 3063 1518 3115 Nunc
1567 3060 1794 3114 dimittis
1855 3075 2061 3114 servum

2146 740 2246 793 οὐκ
2281 735 2349 811 ἦν
2399 739 2546 804 ἄξιος
2588 741 2617 793 ὁ
2661 741 2886 810 κόσμος,
2921 741 3061 796 κατά
3106 741 3316 795 Παῦλον
3362 741 3578 805 εἰπεῖν,
3625 742 3724 793 οὐκ

2147 830 2432 901 ἄρχοντας,
2461 829 2576 884 ἀλλ’
2605 831 2938 902 ἀρχομένους
2965 831 3070 884 ὑπὸ
3100 830 3388 903 βαρϐάρων
3414 831 3512 883 καὶ
3551 831 3724 886 ἀθέων

2149 921 2355 993 ἀνδρῶν
2388 924 2420 992 ὴ
2451 921 2542 976 τοῦ
2567 922 2701 976 Θεοῦ
2729 924 3078 995 μακροθυμία
3107 924 3423 994 παρέδειξεν
3445 941 3462 956 ο
3493 923 3638 976 ὥστε
3666 925 3723 976 τὸ

2148 1013 2249 1082 τῆς
2267 1013 2545 1078 εὐσεϐείας
2564 1014 2742 1068 αὐτῶν
2761 1015 2980 1086 δόκιμον
3009 1016 3240 1086 ἰσχυρῶς
3268 1015 3720 1086 διαφανήσεσθαι.

2150 1106 2260 1158 Καὶ
2290 1105 2558 1161 δείκνυσιν
2603 1107 2631 1158 ὂ
2658 1123 2716 1159 τε
2757 1105 3006 1177 Ἀϐραὰμ
3036 1109 3092 1160 ὲν
3125 1107 3383 1178 Αἰγύπτῳ
3409 1108 3722 1178 γενόμενος,

2151 1197 2244 1249 καὶ⁹
2288 1197 2386 1267 τὴν
2427 1200 2662 1266 γυναῖκα
2691 1197 2796 1250 ὑπὸ
2828 1196 2922 1250 τοῦ
2945 1197 3143 1267 Φαραὼ
3169 1198 3596 1269 ἀφαιρούμενος,
3631 1200 3723 1252 καὶ¹

2153 1290 2210 1342 ὲν
2263 1289 2524 1360 παροικίᾳ
2571 1288 2668 1361 τὴν
2717 1288 3129 1360 ἐπηγγελμένην
3182 1290 3328 1360 αύτῷ
3384 1291 3489 1360 γῆν
3539 1290 3719 1342 οἰκῶν.

2164 1379 2434 1443 Ὡσαύτως
2467 1397 2527 1432 τε
2565 1382 2594 1433 ὁ
2628 1380 2816 1433 τούτου
2853 1382 2986 1443 υἱὸς,
3019 1382 3126 1434 ικαὶ
3157 1381 3366 1434 ἐκείνου
3409 1380 3601 1449 γόνος,
3634 1379 3724 1432 τὸν

2167 1471 2354 1526 Ἰσαάκ
2389 1489 2530 1544 φημι
2554 1473 2647 1525 καὶ
2679 1472 2770 1525 τὸν
2809 1472 3022 1535 Ἰακὼϐ,
3056 1469 3211 1536 αὖθίς
3231 1489 3291 1526 τε
3320 1474 3349 1526 ό
3386 1470 3603 1525 ἐκείνου
3623 1489 3723 1524 σω-

2155 1565 2520 1640 φρονέστατος
2562 1568 2691 1629 παῖς
2732 1565 2946 1636 Ἰωσὴφ,
2968 1565 3150 1628 δοῦλος
3183 1564 3495 1634 γενόμενος,
3534 1565 3628 1616 καὶ
3665 1561 3724 1614 τό

2155 1658 2528 1729 δεσμωτήριον
2559 1659 2728 1711 οἰκεῖν
2750 1657 3254 1728 καταδικαζόμενος.
3281 1655 3494 1710 Οὐκοῦν
3531 1655 3596 1707 οῦ
3630 1655 3722 1725 τὴν

2155 1752 2235 1813 εἰς
2279 1750 2548 1822 κοσμικὴν
2584 1749 2824 1816 εὐδοξίαν
2868 1767 2925 1804 τε
2972 1751 3066 1803 καὶ
3112 1748 3484 1820 μεγαλαυχίαν
3549 1748 3723 1816 παρά.

2085 1823 2128 1878 Β
2159 1843 2348 1916 κλησιν
2382 1841 2474 1896 τοῦ
2523 1843 2740 1914 Ἰσραὴλ
2759 1845 2788 1896 ό
2827 1843 2985 1914 σοφὸς
3013 1841 3234 1913 Συμεὼν
3257 1841 3571 1910 ἐξεδέχετοο

2153 1939 2253 2009 τὴν
2298 1937 2465 2001 ὅντως
2512 1936 2712 2008 ἀληθῆ,
2742 1936 2838 2008 τὴν
2871 1938 2951 2000 εις
2988 1935 3050 1990 τὸ
3090 1935 3190 2001 τῆς
3230 1933 3494 2004 ἀληθείας
3542 1929 3727 1992 κάλλος

2160 2031 2467 2103 μετάθεσιν.
2502 2028 2979 2101 Χρηματισθέντος
3009 2026 3117 2099 γὰρ
3161 2023 3307 2095 αύτῷ
3339 2023 3452 2094 πρὸ
3487 2022 3594 2093 τῆς
3641 2021 3728 2073 τοῦ

2159 2124 2272 2194 βίου
2307 2121 2646 2194 μεταλλαγῆς
2695 2120 2822 2174 ἰδεῖν
2876 2119 2967 2174 τὸν
3004 2117 3238 2190 Χριστὸν
3259 2115 3472 2185 Κυρίου
3514 2130 3733 2166 conva-

2159 2213 2514 2284 φανήσεσθαι,
2559 2208 2945 2283 πνευματικῶς
2982 2207 3080 2278 τὴν
3114 2205 3208 2260 τοῦ
3229 2204 3361 2258 λαοῦ
3387 2201 3734 2275 παράκλησιν

2159 2306 2452 2381 ἐξεδέχετο.
2503 2299 2721 2362 *Ηλθεν
2756 2299 2869 2358 οὖν
2913 2296 3089 2366 οὗτος
3119 2299 3188 2352 ἐν
3213 2295 3294 2361 τῷ
3319 2296 3634 2364 Πνεύματι
3657 2296 3736 2360 εἰς

2159 2399 2226 2453 τὸ
2267 2398 2444 2468 ξερὸν,
2489 2398 2586 2452 καὶ
2626 2397 2695 2450 ἐν
2738 2395 2819 2461 τῷ
2851 2390 3188 2464 εἰσαγαγεῖν
3241 2389 3386 2455 τοὺς
3435 2385 3644 2457 γονεῖς
3680 2385 3736 2438 τὸ

2161 2490 2401 2561 παιδίον
2428 2488 2688 2556 Ἰησοῦν,
2711 2487 2819 2541 τοῦ
2848 2484 3096 2553 ποιῆσαι
3125 2483 3272 2537 κατὰ
3299 2481 3366 2534 τὸ
3393 2479 3736 2548 ait}th

2160 2584 2268 2638 τοῦ
2303 2585 2490 2652 νόμου
2521 2582 2652 2651 περὶ
2685 2579 2893 2642 αὐτοῦ,
2933 2577 3032 2631 καὶ
3061 2575 3239 2641 αὐτὸς
3261 2572 3522 2637 ἐδέξατο
3559 2571 3737 2624 αὑτὸν

2161 2679 2247 2742 εὶς
2275 2676 2379 2741 τὰς
2411 2673 2679 2745 ἀγκάλας
2705 2671 2912 2734 αὐτοῦ,
2953 2669 3050 2723 καὶ
3083 2668 3426 2736 εὐλόγησεν
3454 2664 3574 2717 τὸν
3599 2663 3735 2717 Θεὸν

2163 2769 2259 2824 καὶ
2284 2765 2484 2822 εἶπεν·
2513 2766 2643 2820 Νῦν
2660 2765 2947 2828 ἀπολύεις
2974 2762 3079 2816 τὸν
3103 2759 3326 2814 δοῦλόν
3344 2775 3491 2822 σου,
3519 2756 3733 2810 Δέσπο-

2164 2877 2255 2926 τα,
2302 2861 2452 2914 κατὰ
2491 2857 2556 2910 τὸ
2610 2855 2777 2926 ῥῆμά
2819 2871 2935 2909 σου
2981 2854 3050 2906 ἐν
3099 2853 3344 2922 εἰρήνην
3379 2844 3664 2902 ὅτιεῖδον
3693 2850 3734 2899 ci

2165 2952 2457 3022 ὀφθαλμοί
2503 2968 2622 3021 μου
2655 2949 2721 3002 τὸ
2775 2947 3087 3016 Σωτήριον,
3122 2944 3154 2999 ὃ
3208 2944 3557 3012 ἡτοίμασας
3597 2939 3734 2993 κατὰ

2167 3047 2488 3115 πρόσωπον
2537 3042 2780 3095 πάντων
2830 3039 2946 3096 τῶν
2985 3036 3168 3099 λαῶν,
3203 3034 3327 3105 φῶς
3366 3036 3458 3100 εἰς
3516 3033 3733 3088 ἀποκά-

497 3163 668 3219 tuum,
715 3151 978 3216 Domine,
1024 3153 1308 3207 secundum
1344 3152 1552 3207 verbum
1594 3161 1738 3206 tuum
1790 3153 1844 3205 in
1899 3167 2058 3221 pace:

2164 3141 2355 3205 λυψιν
2390 3134 2579 3190 ἐθνῶν
2619 3134 2718 3197 καὶ
2766 3132 2955 3196 δόξαν
2988 3128 3140 3184 λαοῦ
3183 3143 3302 3182 σου
3362 3125 3643 3193 Ἰσραήλ.
3681 3118 3734 3172 Ὠ

497 3248 624 3320 quia
651 3245 890 3301 viderunt
929 3246 1071 3299 oculi
1111 3247 1212 3300 mei
1241 3244 1494 3300 Salutare
1520 3285 1535 3303 .
1581 3245 1720 3316 quod
1766 3247 1973 3315 parasti
2009 3247 2063 3298 in

498 3345 776 3406 conspectu
818 3336 1054 3389 omnium
1098 3334 1434 3404 populorum,
1475 3337 1647 3389 lumen
1691 3337 1758 3388 ad
1783 3337 2064 3389 revelatio-

501 3443 616 3482 nem
641 3429 875 3498 gentium
900 3469 915 3492 ,
959 3436 1008 3480 et
1052 3426 1277 3496 gloriam
1303 3427 1468 3495 plebis
1506 3436 1610 3479 tua:
1648 3426 1980 3480 Israeliticae.
2019 3426 2063 3480 Ο

501 3533 630 3577 vere
665 3519 820 3572 beate
857 3527 1049 3586 terque
1088 3518 1243 3572 beate
1297 3533 1461 3571 senex
1493 3518 1506 3570 !
1541 3516 1714 3582 Quam
1746 3517 1942 3572 beatus
1975 3518 2064 3570 ille

505 3623 631 3667 tuus
666 3625 856 3664 revera
893 3623 1061 3664 sacer
1097 3609 1152 3668 in
1192 3622 1412 3662 sacrum
1449 3608 1728 3670 introitus,
1768 3625 1863 3678 per
1901 3625 2061 3676 quem

502 3701 569 3756 ad
615 3701 740 3754 vitae
783 3700 992 3754 exitum
1043 3699 1346 3753 currebas!
1379 3699 1554 3764 Quam
1607 3698 1749 3752 beati
1789 3699 1931 3752 oculi
1984 3700 2062 3753 tui

501 3792 667 3846 animi
691 3790 854 3847 simul
871 3799 923 3845 et
949 3789 1231 3860 corporis!
1259 3788 1322 3841 lli
1348 3788 1593 3858 quidem,
1617 3788 1760 3858 quod
1790 3788 2063 3843 visibilem

499 3877 898 3948 apparitionem
943 3875 1041 3931 Dei
1089 3882 1458 3946 perceperunt
1487 3894 1502 3930 :
1535 3876 1610 3930 illi
1639 3891 1784 3941 vero,
1819 3877 1913 3947 qui
1953 3892 2061 3932 non

499 3966 552 4022 id
578 3965 724 4036 quod
749 3965 969 4033 videtur
1006 3965 1353 4032 solummodo
1400 3966 1583 4020 intuiti
1622 3974 1772 4030 sunt,
1814 3967 1909 4022 sed
1946 3967 2063 4036 ipso

500 4057 743 4129 Spiritus
770 4057 978 4112 lumine.
1008 4056 1289 4121 illustrati,
1336 4057 1502 4112 etiam
1544 4057 1599 4112 in
1629 4071 1859 4127 corpore
1893 4056 2061 4112 Deum

497 4148 725 4206 verbum
749 4159 1107 4219 agnoverunt,
1132 4149 1226 4218 qui
1251 4147 1498 4202 divinum
1523 4148 1761 4203 salutare
1786 4149 2060 4216 viderunt,

501 4240 648 4313 quod
689 4248 942 4310 paratum
987 4249 1105 4295 erat
1144 4249 1270 4295 ante
1321 4238 1515 4295 faciem
1555 4241 1798 4294 omnium
1830 4242 2061 4311 populo-

498 4350 644 4390 rum.
677 4334 849 4400 Quam
881 4333 1051 4388 beatae
1091 4338 1200 4394 tua:
1232 4347 1429 4388 manus
1453 4372 1468 4398 ,
1507 4347 1631 4401 qua:
1665 4333 1905 4391 Verbum
1936 4336 2063 4390 vita:

498 4429 982 4486 contrectaverunt
1007 4423 1020 4474 l
1052 4421 1222 4486 Quam
1246 4420 1402 4481 beata
1429 4431 1522 4476 tua
1549 4422 1752 4492 lingua,
1780 4439 1900 4494 quae
1930 4424 2065 4478 vivi-

500 4515 588 4580 ﬁci
623 4516 846 4570 luminis
895 4513 1119 4568 revelati
1153 4513 1357 4568 bonum
1417 4513 1668 4576 nuntium
1719 4514 2055 4586 divulgavit!

500 4609 581 4678 Ac
613 4608 743 4678 quid
788 4607 1104 4677 singulatim
1149 4624 1250 4679 per
1297 4607 1728 4678 unumquodque
1760 4611 2060 4665 membrum

500 4699 716 4757 laudem
749 4698 1166 4754 accommodare
1191 4700 1288 4754 tibi
1323 4699 1544 4765 festino,
1591 4715 1716 4760 cum
1755 4701 1868 4771 jam
1906 4712 2063 4757 antea

509 4803 564 4849 te
599 4803 774 4848 totum
804 4793 1131 4848 laudabilem
1163 4800 1218 4846 et
1255 4793 1472 4846 beatum
1519 4804 1823 4864 sanctoque
1857 4792 2062 4865 Spiritu

500 4896 810 4955 correptum
833 4886 1170 4957 evangelista
1212 4885 1504 4940 docuerit?
1540 4883 1645 4939 Sed
1672 4886 1816 4950 veni,
1847 4901 1879 4940 ο
1909 4887 2064 4942 beate

499 4979 696 5044 Pater,
732 4994 824 5041 ea,
855 4993 977 5046 qua:
1005 4978 1060 5032 in
1097 4986 1148 5034 te
1174 4986 1398 5032 resonat
1425 4977 1668 5046 Spiritus
1695 4980 2064 5049 suggestione.

501 5080 555 5123 et
595 5071 738 5125 ﬁlios
774 5069 1038 5136 Ecclesia:
1065 5069 1318 5124 alumnos
1351 5069 1490 5124 doce
1521 5077 1781 5140 tanquam
1831 5071 1884 5137 in
1920 5073 2068 5126 vasis

502 5162 785 5228 testaceis,
830 5163 1022 5231 paucis
1057 5162 1168 5220 tuis
1213 5163 1394 5218 verbis
1437 5162 1818 5218 absconditum
1847 5162 2071 5219 thesau-

501 5270 623 5309 rum
658 5270 670 5304 :
705 5253 1157 5323 quandoquidem
1184 5253 1255 5317 ad,
1279 5268 1377 5308 vos
1403 5254 1684 5323 vestrique
1711 5255 1942 5318 similes,
1969 5257 2068 5325 qui

501 5345 710 5403 canitie
762 5346 950 5416 superi
1015 5361 1215 5401 sensus
1271 5354 1327 5400 et
1396 5347 1708 5401 intellectus
1758 5349 1978 5410 ornati,
2015 5356 2070 5401 et

503 5451 693 5492 revera
723 5437 1104 5510 πρεσϐύτεροι.
1138 5439 1190 5493 id
1210 5448 1313 5501 est,
1347 5439 1593 5493 seniores
1615 5441 1772 5500 estis,
1795 5448 1851 5493 et
1881 5439 2068 5494 Eccle-

505 5528 602 5592 sia:
649 5525 840 5582 Patres
892 5529 1266 5599 appellamini,
1299 5528 1520 5582 divinus
1557 5543 1738 5581 sermo
1779 5545 1878 5584 nos
1917 5531 2072 5584 ducit

509 5631 570 5678 ut
612 5621 882 5677 salutares
907 5623 1187 5677 doctrinas
1223 5621 1526 5685 discamus,
1560 5617 1841 5690 Interroga
1867 5632 2071 5688 patrem

2170 3229 2403 3299 μακάριε
2454 3224 2666 3296 ἀληθῶς
2718 3223 2812 3277 καὶ
2866 3219 3227 3292 τρισμακάριε
3272 3213 3618 3289 πρεσϐύταὲ
3661 3214 3738 3274 Ὡς

2169 3320 2414 3392 μακαρία
2445 3335 2535 3370 σου
2575 3317 2758 3385 ἐκείνη
2789 3316 2822 3386 ἠ
2854 3314 3022 3377 ὅντως
3056 3313 3174 3384 ἱερά
3215 3313 3297 3373 εἰς
3330 3308 3395 3364 τὸ
3447 3306 3600 3377 ἱερὸν
3645 3305 3734 3356 εἰσ·

2165 3413 2304 3476 οδος,
2331 3412 2397 3464 δι’
2433 3405 2499 3481 ἦς
2532 3409 2665 3477 πρὸς
2703 3406 2799 3477 τὴν
2832 3405 2926 3458 τοῦ
2956 3404 3068 3475 βίου
3104 3403 3276 3469 ἔξοδον
3321 3402 3570 3472 ἔδραμες
3599 3402 3612 3452 !
3659 3399 3734 3461 Ὧς

2168 3503 2412 3574 μακάρια
2441 3519 2531 3554 σου
2557 3499 2624 3552 τὰ
2657 3499 2879 3568 ὄμματα
2909 3498 3008 3567 τῆς
3037 3495 3214 3565 ψυχῆς
3249 3493 3386 3564 ὁμοῦ
3419 3494 3520 3546 καὶ
3561 3490 3734 3560 σῶμα·

2163 3597 2292 3660 τοςῑ
2347 3594 2428 3648 Τὰ
2471 3594 2568 3665 μὲν
2615 3593 2714 3664 τῆς
2761 3592 2960 3664 ὁρατῆς
3018 3588 3331 3658 θεοφανεξας
3365 3587 3425 3638 ὲν
3460 3584 3732 3655 ἀντιλήψει

2166 3689 2433 3759 γενόμενα
2453 3705 2465 3717 °
2497 3686 2566 3740 τὰ
2599 3686 2655 3738 δὲ
2692 3685 2767 3756 μὴ
2799 3684 2934 3756 πρὸς
2958 3681 3022 3734 τὸ
3040 3679 3311 3751 ὁρώμενον
3338 3677 3612 3730 ἀπιδόντα
3652 3676 3733 3744 μό-

2165 3800 2274 3845 νον,
2323 3779 2437 3834 ἀλλ’
2483 3775 2632 3847 αὐτῷ
2670 3777 2749 3847 τῷ
2807 3774 2900 3828 τοῦ
2944 3763 3251 3843 Πνεύματος
3306 3769 3734 3840 κατηυγασμένα

2166 3874 2324 3944 φωτὶ,
2360 3870 2562 3925 καὶτὸν
2589 3872 2648 3923 ὲν
2679 3868 2756 3938 τῷ
2785 3867 2996 3937 σώματι
3021 3865 3151 3918 Θεὸν
3171 3863 3342 3931 Λόγον
3369 3861 3730 3932 γνωρίσαντα,

2165 3967 2232 4018 τὰ
2250 3965 2310 4018 τὸ
2333 3965 2471 4017 θεῖον
2499 3962 2675 4016 εἰδότα
2713 3960 2996 4031 σωτήριον,
3021 3957 3082 4010 τὸ
3104 3956 3243 4010 κατά
3276 3954 3577 4026 πρόσωπον
3613 3954 3733 4007 πὰν-

2133 4059 2270 4110 ’των
2311 4057 2418 4109 τῶν
2456 4054 2599 4108 λαῶν
2653 4050 3071 4123 ἡτοιμασμένον.
3104 4049 3191 4112 Ὠς
3230 4046 3505 4118 μακάριαι
3553 4063 3647 4100 σου
3691 4048 3735 4098 αἱ

2164 4152 2343 4224 χεῖρες
2370 4147 2429 4200 αἱ
2449 4146 2540 4198 τὸν
2565 4144 2736 4211 Λόγον
2758 4143 2859 4211 τῆς
2887 4139 3033 4209 ζωῆς
3054 4138 3445 4210 ψηλαφήσασαι
3473 4137 3488 4188 ι
3530 4137 3621 4199 Ὧς
3646 4153 3735 4206 μα-

2166 4239 2333 4310 καρία
2374 4256 2466 4291 σου
2499 4239 2533 4307 ἡ
2567 4236 2780 4305 γλῶττα
2803 4237 2837 4306 ἡ
2883 4234 2981 4305 τὴν
3011 4229 3346 4299 ἀποκάλυψιν
3371 4227 3465 4281 τοῦ
3510 4226 3735 4293 ζωτικοῦ

2167 4332 2339 4403 φωτὸς
2375 4327 2837 4398 εὐαγγελισαμένη
2866 4328 2878 4380 !
2912 4326 3021 4379 Καὶ
3045 4323 3099 4377 τί
3145 4323 3209 4376 ἄν
3251 4338 3331 4389 σοι
3355 4321 3480 4374 καθ’
3513 4321 3736 4372 ’ἕκαστον

2165 4427 2272 4478 τῶν
2307 4423 2486 4495 μελῶν
2529 4421 2709 4484 ἰδικῶς
2738 4416 2995 4490 ἁρμόζειν
3036 4416 3324 4484 ἐπείγομαι
3360 4411 3614 4475 ἔπαινον,
3646 4411 3738 4480 ἤδη

2172 4535 2230 4570 σε
2267 4517 2386 4570 ὅλον
2414 4512 2697 4567 ἐπαινετὸν
2737 4511 2830 4565 καὶ
2861 4508 3148 4580 μακάριον,
3176 4507 3268 4558 καὶ
3294 4503 3373 4574 τῷ
3403 4504 3553 4575 ἁγίῳ
3585 4505 3740 4556 Πνεῦ-

2174 4625 2302 4677 ματι
2334 4605 2560 4674 κάτοχον
2586 4602 2675 4656 τοῦ
2705 4598 3085 4668 εὐαγγελιστοῦ
3111 4595 3534 4667 προδιδάξαντος
3553 4613 3567 4658 ;
3584 4593 3740 4647 Ἀλλὰ

2171 4697 2350 4768 δεῦρο,
2385 4689 2429 4748 ὦ
2490 4694 2725 4765 μακάριε
2759 4691 2959 4760 ΙΙάτερ,
3001 4690 3068 4758 τῇ
3113 4689 3170 4739 ἐν
3219 4685 3302 4737 σοὶ
3335 4685 3624 4753 ὑπηχήσει
3654 4682 3736 4736 τοῦ

2170 4789 2479 4859 [Ινεύματος
2537 4784 2742 4849 δίδαξον
2798 4783 2872 4846 ὠς
2929 4779 3089 4833 τέκνα
3149 4777 3245 4848 τῆς
3285 4775 3620 4846 Ἐκκλησίας
3683 4775 3739 4826 τὰ

2171 4882 2460 4953 θρέμματα
2509 4878 2600 4930 τὸν
2630 4873 3117 4945 ἀποκεκρυμμένον
3144 4868 3437 4940 θησαυρὸν,
3489 4867 3739 4936 καθάπερ

2170 4979 2226 5028 ἐν
2274 4971 2611 5043 ὀστρακίνοις
2663 4967 2880 5022 σκεύεσι
2930 4968 3039 5026 τοῖς
3076 4962 3274 5030 ὀλίγοις
3318 4978 3411 5012 σου
3461 4963 3735 5031 ῥήμασιν·

2169 5065 2409 5136 ἐπείπερ,
2427 5063 2561 5132 πρὸς
2590 5062 2732 5132 ὑμᾶς
2759 5077 2819 5111 τε
2863 5058 2956 5110 καὶ
3003 5055 3126 5118 τοὺς
3161 5052 3279 5106 καθ’
3314 5053 3460 5122 ὑμεῖς
3489 5056 3558 5122 τῇ
3588 5051 3739 5119 πολιᾷ.

2169 5157 2268 5226 τῆς
2304 5156 2416 5210 ἄνω
2463 5153 2772 5224 φρονήσεως
2807 5146 3246 5218 κεκοσμημένους
3291 5143 3386 5196 καὶ
3441 5143 3738 5214 πρεσϐυτὲ-

2174 5269 2298 5323 ρους
2328 5250 2492 5311 ὄντως
2515 5246 2876 5316 ὑπάρχοντας,
2907 5241 2998 5295 καὶ
3021 5240 3116 5309 τῆς
3144 5237 3469 5306 Ἐκκλησίας
3492 5237 3736 5306 Πατέρας

2175 5364 2278 5418 χρη
2289 5345 2629 5417 ματίζοντας,
2645 5340 2821 5402 ὁθεῐος
2835 5339 2978 5408 ἡμᾶς
2989 5336 3171 5406 ὁδηγεῖ
3181 5334 3334 5402 λόγος
3351 5328 3732 5404 μαθητευ[σ]οο

2179 5437 2371 5508 μένους
2420 5435 2488 5487 τὰ
2546 5428 2861 5500 σωτηριώδη
2915 5426 3236 5496 διδάγματα,
3304 5422 3730 5490 Ἐπερώῖησοτ,

2175 5528 2369 5595 λέγων,
2400 5523 2507 5576 τὸν
2533 5520 2755 5587 πατέρα
2782 5535 2896 5573 σου
2920 5535 2934 5548 ο
2967 5516 3067 5570 καὶ
3112 5513 3432 5585 άωγγελεῖ
3463 5530 3564 5565 σοι
3604 5512 3730 5573 τοὺς

2176 5615 2612 5686 πρεσϐυτέρους
2640 5630 2776 5676 σου,
2809 5608 3134 5680 καὶγὲροῦσί
3159 5623 3274 5660 σοι.

509 5729 676 5780 tuum.
708 5719 984 5790 inquiens,
1013 5730 1061 5775 et
1101 5720 1438 5775 annuntiabit
1475 5719 1588 5785 tibi,
1632 5722 1855 5774 seniores
1908 5731 2044 5784 tuos,
2083 5732 2134 5776 et
2169 5719 2337 5774 dicent
2369 5714 2461 5766 tibi
2491 5713 2555 5766 ³⁵.

565 5833 622 5868 ι³¹
649 5831 758 5888 Jer.
794 5835 1027 5900 xxx1v,l
1067 5852 1186 5906 sqq.
1261 5837 1302 5868 "
1329 5836 1464 5892 ﬂebo
1503 5852 1576 5902 XI,
1606 5833 1692 5890 33-

1790 5833 1831 5866 ⁸³
1861 5833 1995 5891 Gen.
2037 5850 2132 5901 ιιι,
2173 5833 2262 5888 9.0.
2345 5832 2386 5863 ³³
2420 5823 2556 5882 Gen.
2589 5840 2772 5887 xxxu,
2797 5821 2884 5876 20.
2963 5821 3004 5853 ³²
3029 5821 3183 5876 Deut.
3225 5832 3397 5885 xxxu,
3431 5817 3485 5871 7.
