3822 6406
108 279 253 335 H73

196 398 261 449 Ἢ
297 394 395 464 τὴν
424 390 631 446 ἐκείνου
660 388 941 458 τοιγαροῦν
978 381 1220 451 γλῶτταν
1262 377 1528 448 κινήσασα
1552 373 1674 428 τότε
1707 381 1751 433 Α

107 488 254 559 πρὸς
303 482 581 551 θεολογίαν
622 478 717 539 τοῦ
765 475 1078 546 Πνεύματος
1131 470 1378 538 δύναμις,
1424 464 1518 518 καὶ
1554 465 1685 534 ἡμῖν

104 555 305 633 διδότω
333 575 490 644 λόγον
514 572 609 625 νῦν
638 572 695 623 ὲν
713 568 913 634 ἀνοίξει
948 564 1042 617 τοῦ
1071 563 1355 631 στόματος.
1382 555 1510 611 Νῦν
1540 555 1687 607 ἀπο-

107 671 305 734 λύεις,
334 665 488 736 φησι,
529 662 635 717 τὸν
673 660 898 717 δοῦλόν
941 676 1078 723 σου,
1113 655 1404 713 Δέσποτα,
1440 647 1588 703 κατὰ
1622 646 1689 698 τὸ

101 758 279 828 ῥῆμά
305 734 420 811 σξη)
440 755 510 809 ἐν
536 751 763 821 εἰρήνη.
806 750 982 814 Ἐξότε
1006 746 1115 817 γὰρ
1156 745 1386 815 Χριστὸς
1424 734 1691 808 ὲνηνθρὼ-

113 826 287 921 πησε,
313 848 408 901 καὶ
439 846 536 917 τὴν
560 843 915 914 πολεμοποιὸν
945 837 1213 911 ἁμαρτίαν
1239 833 1581 905 ὲξηφάνισεν,
1600 826 1693 881 καί⁸

114 918 200 1011 τῷ
246 940 419 1008 Πατρὶ
446 937 594 1007 ἡμᾶς
626 931 975 1004 κατήλλαξεν,
1006 932 1063 983 ὲν
1090 926 1278 997 εἰρήνῃ
1307 925 1340 994 ή
1369 922 1474 975 τῶν
1525 918 1693 987 ἁγίων

120 1009 458 1101 μετάστασις
506 1028 732 1096 γίνεται.
786 1023 956 1074 Τοῦτο
1000 1020 1107 1091 γὰρ
1151 1011 1501 1087 προφητικῶς
1544 1009 1639 1062 καί⁵
1664 1010 1693 1060 ό

122 1100 303 1193 μέγας
355 1119 517 1173 Δαῶδ
544 1114 1054 1189 προενδεικνύμενος
1092 1110 1272 1177 ἔλεγεν
1293 1124 1305 1137 ·
1368 1106 1463 1158 Ἐν
1486 1100 1691 1171 εἰρήνῃ

118 1216 225 1268 ἐπὶ
267 1215 325 1268 τὸ
342 1211 487 1267 αὐτὸ
505 1209 939 1280 κοιμηθήσομαι
972 1202 1071 1258 καί
1094 1199 1378 1258 ὐπνώσω·
1406 1196 1465 1250 τὸ
1490 1194 1565 1266 μὴ
1593 1210 1698 1245 πα-

123 1307 245 1378 ρὸν,
287 1304 423 1359 ἀλλά
458 1302 649 1374 μέλλον
686 1300 825 1354 κατά
855 1297 953 1369 τὴν
997 1293 1089 1348 τοῦ
1120 1289 1356 1363 Χριστοῦ
1403 1285 1729 1356 παρουσίαν·

123 1396 520 1466 αἰνιττόμενος.
546 1394 654 1446 Καὶ
673 1392 748 1455 ὼς
772 1388 1117 1461 μονοτρόπως
1147 1386 1247 1455 τῆς
1268 1382 1523 1452 τοιαύτης
1552 1379 1699 1433 ἐλπί-

122 1490 217 1551 δος
243 1488 374 1557 ,(τῆς
405 1482 682 1555 εἰρηναίας
712 1481 854 1551 φημὶ
880 1482 937 1532 ὲν
966 1474 1185 1546 Χριστῷ
1218 1470 1569 1555 κοιμήσεως),
1592 1471 1701 1531 τοῖς

126 1547 308 1644 ἁγίοις
330 1547 752 1642 ἐἰσοικισθείσης
773 1547 860 1625 διὰ
882 1569 973 1623 τοῦ
996 1566 1136 1620 Πνεύ
1145 1582 1332 1636 ματος,
1354 1547 1514 1634 φησίν
1537 1578 1550 1591 ·
1576 1561 1704 1613 Ὀτι

128 1672 239 1736 σὺ,
262 1670 457 1736 Κύριε,
482 1663 819 1733 καταμόνας
843 1662 933 1715 ἐπ’
954 1658 1153 1713 ἐλπίδι
1172 1654 1504 1720 κατῴκισάς
1533 1669 1629 1721 με.
1646 1648 1707 1705 Ὀ

128 1764 191 1815 δὲ
230 1760 497 1831 μακάριος
552 1754 859 1826 πρεσϐύτης
909 1748 1164 1820 Συμεὼν,
1206 1747 1304 1817 Ιἤδη
1343 1744 1584 1815 παρόντα
1615 1741 1706 1793 τὸν
1739 1739 1779 1793 Β

130 1854 327 1923 καιρὸν
361 1849 710 1919 θεασάμενος,
749 1845 916 1915 φησὶ,
946 1842 1073 1896 Νῦν
1112 1838 1396 1901 ἀπολύεις
1420 1836 1527 1888 τὸν
1562 1833 1701 1887 δοῦ-

132 1947 254 1998 λόν
282 1959 418 2007 σου,
447 1940 735 1999 Δέσποτα,
771 1936 919 1989 κατὰ
952 1933 1018 1986 τὸ
1039 1929 1206 2001 ῥῆμά
1234 1944 1348 1982 σου
1374 1927 1443 1981 ἐν
1473 1924 1699 1994 εἰρήνῃ·

129 2040 199 2091 τὸ
247 2034 533 2105 ἐνεστηκὸς
574 2033 670 2102 τῆς
704 2028 852 2090 θείας
899 2022 1156 2079 δεικνύων
1197 2017 1547 2087 ἐπαγγελίας.
1574 2016 1704 2067 Ὅτι

132 2128 324 2196 εἶδον,
345 2104 526 2197 φησὶν,
566 2127 618 2177 οἰ
651 2118 943 2190 ὀφθαλμοί
958 2133 1076 2185 μου
1098 2113 1164 2167 τὸ
1191 2110 1484 2178 Σωτήριόν
1507 2123 1644 2166 σου.
1674 2104 1705 2158 ὃ

136 2223 477 2290 ’ἡτοίμασας
534 2212 685 2269 κατὰ
732 2212 1053 2278 πρόσωπον
1098 2202 1338 2256 πάντων
1366 2198 1483 2252 τῶν
1509 2194 1671 2251 λαῶν
1692 2212 1704 2224 ·

135 2284 386 2366 τουτέστι
412 2309 510 2380 τὴν
534 2305 624 2359 διὰ
650 2298 885 2373 Χριστοῦ
916 2295 1208 2365 γενομένην
1231 2289 1393 2343 παντὶ
1415 2286 1492 2357 τῷ
1524 2284 1711 2354 κόσμῳ

142 2403 441 2475 σωτηρίαν,
467 2373 570 2451 ,καὶ
616 2395 676 2447 ού
732 2392 878 2462 μόνῳ
930 2387 1006 2458 τῷ
1046 2383 1281 2456 Ἰσραήλ.
1305 2380 1429 2442 Πῶς
1461 2373 1551 2430 οὖν
1576 2377 1712 2429 ἀνω-

140 2466 315 2565 τέρω·
337 2487 749 2563 μεμαρτύρηται
788 2482 884 2552 τὴν
928 2477 1020 2531 τοῦ
1058 2474 1273 2546 Ἰσραὴλ
1325 2466 1714 2542 προσδέχεσθαι

145 2558 513 2655 παράκλησιν,
547 2578 639 2631 νῦν
672 2575 727 2627 δὲ
775 2570 932 2639 ὤφθη
960 2569 1021 2620 τὸ
1058 2565 1149 2619 τοῦ
1175 2560 1308 2616 Θεοῦ
1341 2560 1602 2628 σωτήριον
1631 2558 1715 2607 ὲν-

144 2642 319 2728 ώτέιον
353 2642 565 2725 πάντων
602 2664 710 2718 τῶν
758 2660 902 2714 λαῶν
956 2652 1457 2724 ἀναφθεγγόμενος;
1502 2642 1718 2714 Ἐπειδὴ

147 2771 271 2824 τότε
298 2768 397 2837 τὴν
426 2762 518 2817 τοῦ
556 2758 767 2830 Ἰσραὴλ
808 2752 1023 2806 ἔσεσθαι
1066 2746 1404 2818 παράκλησιν
1456 2740 1595 2808 ἔγνω
1642 2737 1720 2808 τῷ

148 2860 451 2929 ιινεύματι,
509 2855 596 2906 ὅτε
630 2850 724 2905 καὶ
756 2848 887 2900 πᾶσι
928 2846 1037 2905 τοῖς
1081 2840 1224 2900 λαοῖς
1280 2834 1601 2905 ἡτοίμασται
1663 2830 1721 2881 τὸ

151 2921 439 3021 σωτήριον.
461 2946 602 3014 Ὅρα
634 2941 690 2993 δὲ
715 2941 773 2993 τὸ
805 2935 1027 3005 ἀκριϐὲς
1056 2930 1155 3000 τῆς
1175 2927 1321 2990 θείας
1349 2921 1719 2995 ὲμπνεύσεως.

151 3013 439 3110 Φῶς-γαρ,
467 3013 652 3105 φησὶν,
677 3034 762 3097 εἰς
777 3025 1164 3091 ἀποκάλυψιν
1181 3017 1395 3083 ἐθνῶν,
1416 3014 1513 3069 καί
1538 3013 1725 3075 δόξαν

1254 256 1341 311 οε
1377 249 1709 337 occunsu
1745 244 2004 313 00mm,
2048 243 2203 298 ere.

3209 227 3343 282 “Ti

1848 367 2040 438 Igitur,
2080 376 2201 432 quae
2247 357 2398 414 illius
2435 364 2567 409 tunc
2619 353 2867 422 linguam
2911 348 3082 403 movit
3113 346 3179 398 ad
3211 344 3349 397 divi-

1787 436 1985 513 norum
2032 453 2319 508 verborum
2366 443 2901 517 pronuntiationem,
2947 438 3198 508 'potentia
3240 436 3352 505 spi-

1788 550 1970 609 ritus,
2017 544 2180 598 etiam
2235 539 2395 593 nobis
2446 548 2591 589 nunc
2656 528 3031 599 aperientibus
3083 540 3146 580 os
3189 523 3355 578 Verba

1793 641 2051 708 suggerat
2070 639 2122 686 et
2145 627 2545 685 subministret.
2569 620 2726 674 Nunc
2749 618 2997 681 dimittis,
3018 614 3219 685 inquit,
3243 628 3356 667 ser-

1790 742 1908 781 vum
1939 733 2108 783 tuum,
2133 719 2372 782 Domine,
2400 712 2682 769 secundum
2710 710 2923 764 verbum
2947 717 3093 761 tuum
3129 707 3181 759 in
3204 720 3354 774 pace.

1792 817 1927 871 Nam
1962 831 2026 871 ex
2069 827 2177 882 quo
2214 808 2471 865 Christus
2501 805 2663 859 homo
2708 802 2889 856 lactus
2926 809 3043 865 est,
3084 807 3137 852 et
3167 811 3358 867 pecca-

1797 919 1933 970 tum,
1963 904 2106 975 quod
2139 901 2340 956 bellum
2367 896 2656 959 conﬂabat,
2688 892 2914 948 sustulit
2938 899 3105 959 atque
3136 888 3358 947 delevit,

1797 1014 1862 1053 ac
1894 996 2040 1051 Patri
2076 1008 2181 1047 nos
2229 988 2627 1048 reconciliavit,
2674 994 2990 1039 sanctorum
3023 990 3203 1035 status
3240 994 3362 1031 mu-

1795 1099 1942 1146 tatus
1973 1089 2026 1141 in
2052 1100 2185 1154 pace
2214 1080 2577 1152 conquiescit.
2610 1076 2727 1131 Hoc
2757 1074 2902 1130 enim
2934 1074 3099 1127 etiam
3130 1084 3363 1139 magnus

1801 1180 1971 1234 David
2015 1176 2409 1249 prophetarum
2453 1186 2605 1225 more
2645 1166 3080 1239 prtesigniﬁcans
3121 1159 3360 1222 dicebat,

1801 1270 1868 1323 In
1897 1284 2022 1338 pace
2063 1269 2115 1319 in
2160 1264 2389 1331 idipsum
2419 1259 2681 1315 dormiam
2711 1265 2760 1310 et
2794 1269 3034 1309 somnum
3068 1252 3274 1317 capiam
3295 1249 3362 1311 ³⁸,

1801 1377 1909 1414 non
1958 1361 2009 1413 id
2041 1357 2186 1428 quod
2229 1355 2420 1411 aderat
2456 1368 2554 1422 per
2592 1349 2889 1403 verborum
2932 1347 3168 1398 innuens
3206 1341 3367 1394 invo-

1805 1455 1957 1507 lucra
1978 1494 1992 1516 ,
2041 1450 2135 1505 sed
2167 1448 2312 1518 quod
2342 1446 2490 1500 circa
2521 1442 2817 1497 adventum
2852 1435 3059 1493 Christi
3120 1432 3369 1488 futurum

1804 1554 1939 1601 erat.
1967 1546 2041 1597 Ac
2066 1542 2223 1612 quasi
2249 1535 2600 1608 singulariter
2623 1528 2892 1601 ejusmodi
2917 1542 3043 1596 spes
3070 1522 3362 1593 (paciﬁca.

1807 1638 2051 1704 inquam,
2083 1634 2137 1684 in
2166 1629 2389 1685 Christo
2416 1621 2766 1679 dormitionis
2808 1629 2970 1688 atque
2998 1614 3221 1682 quietis)
3246 1626 3375 1669 aln-

1808 1702 1915 1781 ctis
1944 1740 2036 1795 per
2060 1722 2322 1792 Spiritum
2344 1719 2662 1787 ingenerata
2685 1721 2851 1774 esset,
2880 1708 3142 1775 Quoniam
3170 1715 3244 1767 tu,
3266 1702 3375 1755 Do-

1810 1819 1963 1880 mine,
1986 1812 2328 1883 singulariter
2349 1812 2402 1863 in
2426 1823 2514 1876 spe
2538 1802 2862 1860 constituisti
2885 1817 2963 1853 me
2985 1800 3049 1851 ³⁷.
3090 1798 3157 1850 At
3182 1795 3375 1849 beatus

1812 1923 1979 1962 senex
2021 1906 2241 1959 Simeon
2273 1902 2385 1970 jam
2419 1903 2746 1969 praesentem
2771 1893 2925 1946 illum
2952 1889 3217 1957 temporis
3246 1886 3377 1946 arti-

1812 2002 1997 2055 Culum
2026 1996 2239 2057 tidens,
2274 1992 2431 2045 Nunc
2461 1988 2707 2052 dimittis,
2739 1984 2940 2052 inquit,
2970 1995 3174 2033 servum
3206 1986 3376 2040 tuum,

1813 2088 2035 2143 Domine
2060 2126 2074 2149 ,
2108 2083 2393 2139 secundum
2434 2079 2641 2133 verbum
2686 2086 2833 2127 tuum
2862 2074 2917 2126 in
2941 2086 3099 2141 pace,
3139 2081 3381 2137 prasen-

1816 2188 1924 2234 tem
1952 2186 2007 2232 et
2042 2178 2339 2229 instantem
2367 2170 2619 2224 indicans
2649 2164 3066 2236 promissionem
3093 2159 3331 2212 divinam
3364 2173 3378 2208 ι

1819 2272 1959 2335 Quia
1986 2268 2249 2330 viderunt,
2279 2264 2480 2333 inquit,
2500 2260 2638 2315 oculi
2660 2258 2759 2312 mei
2788 2255 3035 2310 Salutare
3061 2246 3383 2318 tuum,quod

1817 2359 2023 2429 parasti
2069 2359 2123 2410 in
2180 2363 2453 2423 conspectu
2509 2350 2740 2403 omnium
2787 2345 3143 2416 populorum,
3187 2341 3241 2395 id
3279 2346 3385 2399 est,

1824 2466 1963 2515 eam,
2008 2465 2130 2520 quae
2176 2464 2272 2518 per
2316 2445 2594 2503 Christum
2645 2441 2901 2495 universo
2950 2435 3156 2491 mundo
3196 2442 3252 2490 et
3278 2447 3389 2487 non

1831 2545 1934 2599 soli
1963 2542 2127 2597 Israel
2155 2550 2341 2609 parata
2367 2544 2472 2599 est,
2513 2535 2766 2589 salutem.
2800 2531 2902 2597 Qui
2937 2530 3103 2600 igitur
3136 2526 3403 2597 superius

1841 2635 2021 2689 dictus
2043 2639 2126 2685 cst
2147 2637 2465 2698 exspecmre
2504 2623 2939 2678 consolationem
2974 2619 3212 2681 lsraelis,
3244 2630 3394 2671 nunc

1827 2741 1960 2780 vero
1985 2723 2201 2777 videtur
2248 2733 2431 2774 coram
2473 2715 2736 2769 omnibus
2769 2712 2984 2782 populis
3022 2710 3264 2764 salutare
3299 2706 3394 2761 Dei

1826 2813 2170 2887 praedicare?
2225 2811 2363 2879 Quia
2425 2823 2571 2861 nunc
2620 2805 2875 2859 lsraelem
2923 2801 3271 2856 consolatum
3328 2797 3396 2851 iri

1832 2908 2036 2979 Spiritu
2095 2902 2383 2972 cognovit,
2440 2913 2563 2951 cum
2630 2897 2796 2950 etiam
2866 2894 3123 2947 omnibus
3177 2889 3398 2962 populis

1831 3001 2070 3053 salutare
2098 3003 2461 3066 praeparatum
2514 2989 2730 3043 fuisset.
2768 2986 2899 3041 Vide
2935 2995 3117 3039 autem
3170 2996 3401 3038 accura-

150 3074 455 3186 .ta(:ﬁl0':ir
480 3074 775 3193 πὶσράήλὸο
811 3074 1150 3190 ὁμόλογα
1204 3074 1422 3182 μεγάλω
1446 3104 1643 3175 Παύλῳ
1670 3105 1725 3159 ὲν

1829 3099 1937 3141 tam
1966 3086 2306 3156 diligentiam
2343 3078 2727 3153 inspirationis
2755 3077 2974 3132 divinaa.
3004 3074 3201 3127 Lumen
3229 3074 3399 3135 enim,

1834 3181 1845 3191 .
1971 3179 2003 3193 ο-
2129 3179 2140 3193 ι
2234 3192 2237 3193 ,
2292 3174 2322 3193 ,1
2366 3176 2551 3193 nu---”
2595 3172 2817 3193 ..--..:,_....
2888 3179 2926 3193 ,η
2972 3166 3193 3193 ηιηαὲη...
3236 3163 3399 3193 ..ΙοΙ-ὅ.

152 3231 223 3296 τῇ
258 3223 350 3277 τοῦ
392 3219 604 3291 Ἰσραὴλ
636 3211 1005 3283 ὑπαριθμήσει
1035 3203 1421 3275 φθεγγόμενος.
1448 3199 1574 3249 Ὅτε
1599 3196 1726 3264 γὰρ,

156 3284 315 3385 ςἠσὶ,
340 3314 406 3366 τὸ
458 3284 745 3376 πλήρωμα
786 3301 905 3356 τῶν·
946 3296 1136 3353 ἐθνῶν
1171 3292 1448 3359 εἰσέλθῃ,
1473 3289 1605 3342 τότε
1636 3284 1733 3339 καὶ

157 3378 282 3471 ⁶τηις
319 3402 563 3472 Ἰσραὴλ
588 3396 943 3462 σωθήσεται.
985 3387 1189 3445 Οὐκοῦν
1224 3386 1317 3439 καὶ
1349 3383 1508 3444 αὐτὸς
1537 3378 1734 3449 προτά-

161 3500 259 3563 ξας
282 3496 376 3566 τὴν
404 3493 592 3563 κλῆσιν
617 3490 724 3543 τῶν
750 3486 937 3548 ὲθνῶν,
975 3480 1273 3535 τελευταῖον
1305 3473 1443 3530 κατά
1482 3472 1578 3545 τὴν
1606 3486 1735 3540 προ-

161 3586 392 3657 ιρητείαν
432 3582 529 3653 τὴν
561 3579 654 3633 τοῦ
704 3576 901 3636 παντὸς
944 3569 1157 3643 Ἰσραὴλ
1212 3564 1575 3636 ἐταμιεύσατο
1614 3564 1734 3611 ἐπι-

162 3648 438 3748 στροφήν·
480 3648 581 3724 κᾶν
622 3670 703 3721 ὅτι
748 3666 846 3737 ήδη
870 3664 931 3716 τὸ
957 3660 1301 3729 κατάλειμμα
1339 3656 1606 3708 σέσωσται
1651 3648 1740 3703 διά

160 3742 276 3821 των
420 3764 479 3830 ἐξ
521 3759 787 3814 Ἰουδαίων
812 3754 1268 3831 προσδραμόντων
1304 3751 1368 3818 τῇ
1408 3747 1607 3818 χάριτι,
1630 3742 1741 3795 Θέα

162 3862 224 3913 δέ
280 3836 369 3929 μοι
413 3855 507 3908 καὶ
542 3852 603 3905 τὸ
641 3850 750 3902 τῶν
792 3846 1008 3917 ὑψηλῶν
1040 3842 1324 3914 νοημάτων
1373 3836 1735 3908 κυριόλεκτον.

167 3924 301 4013 φῶς
312 3945 517 4015 γὰρείς
528 3938 914 4005 ἀποκάλυψιν
927 3928 1479 4000 ἐθνῶνείρηκὼς,τὴν
1493 3925 1585 3977 τοῦ
1599 3924 1740 3975 θείου

172 4037 443 4110 σωτηρίου
467 4030 805 4098 ἀποκάλυψιν
842 4028 979 4079 νοεῖν
1015 4025 1145 4094 ἡμῖν
1177 4020 1411 4079 δίδωσιν,
1441 4018 1515 4079 ὼς
1537 4018 1593 4067 ἐν
1619 4014 1743 4066 σκό-

170 4151 251 4202 τῳ
295 4104 545 4183 παντελεῖ
580 4124 675 4177 καὶ
717 4120 893 4188 τελεία
941 4115 1170 4185 ζοφώσει
1215 4110 1415 4182 μηδένα
1466 4104 1745 4174 αὐγασμὸν

172 4198 502 4287 θεογνωσίας
525 4215 733 4286 ἔχοντα.
769 4211 883 4281 Πρὸ
905 4207 1012 4278 γὰρ
1044 4206 1140 4277 τῆς
1171 4202 1406 4274 Χριστοῦ
1448 4198 1747 4270 παρουσίας

176 4312 524 4381 καθειστήκει
567 4306 634 4359 τά
666 4304 811 4373 ἔθνη,
836 4298 1015 4361 καθὼς
1041 4298 1132 4350 καὶ
1155 4297 1183 4347 ὁ
1220 4294 1482 4364 μακάριος
1522 4290 1749 4351 Ἡσαΐας

174 4408 270 4461 τὸν
302 4404 358 4456 ὲν
402 4400 581 4455 σκότει
621 4396 746 4449 λαὸν
776 4393 1082 4461 καθήμενον
1129 4383 1632 4454 εὐαγγελιζόμενος,
1686 4382 1745 4432 τὸ

177 4500 323 4570 μέγα
376 4494 489 4563 φῶς
537 4490 733 4552 αὐτοὺς
786 4486 910 4538 ἰδεῖν
958 4481 1325 4550 διηγόρευσεν.
1370 4474 1587 4544 Ἐπειδὴ
1633 4472 1689 4525 δὲ
1719 4474 1747 4524 δ

189 4585 429 4657 Ἰσραὴλ,
456 4584 502 4636 εί
522 4581 618 4634 καὶ
656 4575 911 4649 μετρίως,
939 4574 1086 4642 ὅμως
1117 4568 1246 4638 γοῦν
1278 4566 1356 4637 τῷ
1378 4565 1591 4635 τυπικῷ
1615 4565 1749 4632 ἐφω-

174 4653 547 4743 τίςετοννόμῳ,
593 4669 707 4740 φῶς
739 4667 838 4738 μὲν
866 4664 952 4716 ἐπ’
980 4661 1168 4730 ἐκείνῳ
1193 4660 1291 4711 οὐκ
1312 4658 1556 4727 εἴρηκενῄ
1592 4653 1749 4719 δόξαν

177 4770 239 4823 δὲ
265 4766 421 4823 αὑτὸν
442 4758 822 4833 κληρώσασθαι
847 4755 1236 4827 προεφήτευσε,
1257 4748 1488 4809 παλαιᾶς
1512 4744 1751 4815 ἱστορίας

177 4857 614 4929 ἀναμιμνήσκων
642 4868 657 4882 ·
711 4852 792 4904 ὅτι
836 4847 1084 4916 καθάπερ
1138 4842 1305 4896 πάλαι
1372 4842 1401 4892 ό
1454 4838 1751 4907 θαυμάσιος

182 4927 443 5018 Μωῦσῆς,
477 4945 569 4999 τοῦ
600 4942 733 4997 Θεοῦ
772 4938 1051 5009 συνόμιλος
1079 4932 1335 5004 γεγονὼς,
1369 4927 1752 4998 δεδοξασμένον

184 5045 309 5112 ἔσχε
329 5041 390 5095 τὸ
409 5039 717 5111 πρόσωπον·
749 5032 888 5085 οῦτω
914 5030 1008 5083 καὶ
1027 5029 1199 5090 αὐτοὶ,
1226 5025 1300 5095 τῷ
1331 5023 1458 5092 θείῳ
1479 5021 1577 5090 τῆς
1606 5021 1756 5071 ζίναν-

186 5109 521 5204 agonem-zu;
542 5129 629 5181 διά
659 5126 893 5184 πίστεως
930 5119 1425 5191 προσομιλήσαντες
1469 5112 1627 5175 φωτὶ,
1664 5109 1757 5161 καὶ

186 5202 253 5296 τῇ
281 5223 371 5275 τοῦ
396 5220 709 5291 Πνεύματος
743 5212 1218 5283 καταλαμφθέντες
1248 5209 1472 5276 δυνάμει
1494 5246 1508 5270 ,
1545 5207 1602 5257 ὲν
1630 5202 1757 5274 δόξῃ

190 5295 615 5386 φανήσονται,τδ
646 5309 870 5363 παλαιὸν
891 5304 1210 5374 ἀποθέμενοι
1238 5301 1519 5369 κάλυμμα,
1549 5297 1642 5349 καὶ
1661 5295 1758 5364 τὴν

190 5407 360 5477 αὐτὴν
383 5406 564 5458 εἰκόνα
595 5399 1118 5473 μεταμορφούμενοι,
1151 5394 1256 5447 ἀπὸ
1284 5393 1438 5461 δόξης
1467 5392 1546 5453 εἰς
1580 5388 1758 5451 δόξαν,

195 5497 268 5559 ὥς
292 5513 452 5567 φησιν
481 5498 509 5548 ό
547 5491 882 5557 Ἀπόστολος,
915 5488 1165 5555 καθάπερ
1213 5484 1320 5539 ἀπὸ
1360 5482 1563 5548 Κυρίου
1589 5478 1759 5531 Πνεύ-

1833 3179 2031 3249 inquit,
2072 3179 2140 3230 ad
2190 3174 2553 3229 revelationem
2587 3172 2845 3241 gentium,
2881 3179 2926 3221 et
2967 3166 3197 3236 gloriam
3236 3163 3401 3234 plebis

1836 3282 1939 3324 ture
1966 3268 2139 3323 Israel
2171 3283 2188 3321 :
2220 3273 2589 3321 consentanea
2620 3272 2786 3330 atque
2814 3258 3193 3315 convenientia
3219 3255 3404 3326 magni

1835 3362 1991 3416 l’auli
2044 3361 2229 3415 verbis
2281 3358 2511 3421 dicens,
2569 3356 2662 3410 ubi
2718 3360 2841 3423 poSt
2908 3357 3099 3421 gentes
3150 3354 3406 3402 numerat

1838 3455 2115 3512 lsraelem.
2151 3452 2376 3519 Quando
2407 3450 2565 3513 enim,
2599 3445 2855 3517 inquit",
2891 3440 3161 3511 plenitudo
3178 3440 3407 3511 gentium

1840 3546 2146 3603 intraverit,
2190 3554 2311 3596 tunc
2356 3542 2513 3594 etiam
2548 3540 2824 3592 universus
2869 3533 3042 3587 Israel
3076 3532 3253 3586 salvus
3284 3529 3406 3584 erit.

1842 3636 2209 3704 Quamobrem
2241 3647 2365 3687 cum
2414 3630 2583 3686 etiam
2618 3629 2737 3699 ipse
2780 3625 3122 3682 vocationem
3164 3621 3411 3693 gentium

1849 3728 2259 3800 prwposuisset,
2287 3727 2338 3779 in
2363 3731 2700 3794 postremam
2727 3718 3028 3790 prophetia:
3050 3723 3258 3787 partem
3284 3727 3413 3768 con-

1843 3820 2155 3875 versionem
2196 3816 2443 3871 universi
2475 3812 2696 3869 lsraelis
2728 3810 2922 3879 rejecit
2956 3826 2968 3862 :
3001 3807 3106 3861 etsi
3136 3806 3250 3875 jam
3282 3802 3413 3859 reli-

1844 3913 1985 3981 qui-aa
2013 3925 2107 3979 per
2134 3924 2251 3968 eos,
2286 3907 2381 3976 qui
2408 3906 2523 3974 jam
2555 3920 2625 3959 ex
2647 3902 2851 3957 Iudaeis
2877 3899 2944 3953 ad
2969 3898 3197 3968 gratiam
3223 3910 3413 3950 accesv

1851 4010 2071 4066 serunt,
2106 4007 2338 4055 servata:
2372 4004 2524 4051 sunt.
2572 3992 2876 4048 Considera
2908 3990 3039 4042 item
3074 3986 3208 4040 mihi
3240 3985 3416 4045 subli-

1846 4096 2013 4149 mium
2108 4092 2500 4145 sententiarum
2574 4082 2855 4154 pr0priam
2944 4094 3009 4133 ac
3098 4077 3415 4133 distinctam

1848 4184 2236 4241 elocutionem.
2296 4179 2432 4234 Cum
2482 4180 2629 4231 enim
2679 4176 2862 4228 lumen
2913 4172 2981 4226 ad
3026 4169 3417 4225 revelationem

1853 4278 2103 4350 gentium
2170 4273 2407 4335 dixerit,
2471 4268 2645 4325 divini
2715 4265 2975 4321 salutaris
3030 4262 3420 4317 revelationem

1855 4372 2012 4425 nobis
2061 4364 2473 4435 intelligendam
2523 4362 2761 4433 praebet,
2796 4358 2996 4429 quippe
3021 4370 3146 4409 cum
3190 4355 3243 4408 in
3288 4354 3423 4408 den-

1779 4431 1822 4484 Β
1853 4461 2090 4518 sissimis
2133 4457 2376 4513 tenebris
2432 4465 2487 4510 et
2531 4467 2744 4509 summa
2786 4450 3022 4519 caligine
3067 4447 3279 4501 nullum
3328 4444 3423 4499 Dei

1856 4551 2192 4624 cognitionis
2226 4546 2572 4618 splendorem
2608 4552 2880 4598 extranea:
2909 4548 3099 4610 gentes
3135 4538 3421 4591 haberent.

1856 4645 1991 4699 Nam
2043 4651 2169 4696 ante
2225 4640 2519 4694 adventum
2576 4633 2783 4690 Christi
2838 4641 3028 4701 gentes
3082 4629 3139 4681 in
3183 4625 3426 4680 tenebris

1856 4736 2242 4795 versabantur,
2294 4726 2756 4800 quemadmodum
2789 4724 2983 4778 beatus
3014 4719 3182 4774 Isaias
3209 4734 3428 4787 quoque

1859 4832 2081 4903 populo,
2103 4830 2195 4898 qui
2221 4828 2275 4879 in
2297 4824 2541 4878 tenebris
2560 4821 2806 4883 sedebat,
2834 4818 3034 4871 bonum
3058 4815 3307 4869 nuntium
3331 4828 3426 4881 ap-

1860 4933 2103 4994 portans,
2137 4932 2395 4988 maguum
2429 4915 2611 4968 lumen
2652 4927 2747 4968 eos
2774 4912 2995 4967 visuros
3017 4906 3153 4961 dixit
3186 4904 3251 4956 ”.
3285 4902 3428 4968 Quo-

1865 4992 2012 5069 niam
2042 5018 2222 5065 autem
2265 5008 2431 5063 Israel
2466 5006 2569 5061 etsi
2606 5004 2841 5065 modice.
2877 5009 3059 5054 tamen
3097 4994 3276 5065 typica
3319 4992 3428 5047 sal-

1860 5116 1970 5161 tem
1999 5112 2052 5158 et
2076 5100 2350 5157 umbratili
2383 5100 2499 5167 lege
2536 5095 2973 5154 illuminabatur,
3002 5090 3068 5143 de
3091 5088 3182 5140 illo
3210 5084 3429 5153 quidem

1864 5200 2098 5267 loquens
2128 5193 2298 5247 verbo
2334 5192 2557 5245 luminis
2588 5187 2876 5245 abstinuit,
2914 5181 3009 5236 sed
3050 5178 3276 5250 gloriam
3305 5188 3430 5229 eum
3486 5152 3497 5165 ’

1864 5296 2295 5345 consecuturum
2343 5298 2465 5338 esse
2516 5282 2844 5333 vaticinatus
2880 5280 2963 5327 est
2990 5312 3005 5336 ,
3046 5279 3281 5323 veterem
3315 5279 3430 5318 rem

1866 5390 2075 5450 gestam
2120 5379 2173 5431 in
2229 5375 2545 5429 memoriam
2595 5368 2897 5428 reducens,
2944 5377 3135 5431 nempe
3167 5356 3432 5430 quemad-

1872 5472 2094 5526 modum
2126 5465 2470 5524 admirabilis
2500 5464 2589 5517 ille
2616 5460 2829 5514 Movscs
2870 5457 3022 5519 oliui,
3051 5468 3161 5524 quo
3190 5460 3432 5520 tempore

278 5675 319 5707 "
361 5672 502 5729 Psal.
544 5687 616 5736 Iv,
646 5669 698 5723 9.
780 5669 819 5699 ³⁷
848 5666 975 5721 ibid.
1016 5666 1099 5719 lO.
1178 5664 1221 5695 ³·
1260 5662 1415 5715 Bern.
1464 5673 1537 5721 ιιι,
1575 5656 1667 5719 9.5,
1707 5653 1797 5707 26.
1872 5651 1913 5683 ”
1949 5648 2052 5705 Isa.
2086 5664 2161 5709 ιι,
2190 5647 2245 5700 ‘2.
