3822 6388
384 237 409 293 I
421 235 521 292 175

1577 230 1636 284 S.
1671 225 1999 285 GREGORH
2036 223 2326 280 NYSSENI

3494 219 3640 275 H76

385 368 506 408 cum
539 350 648 405 Deo
677 348 1115 418 colloquebatur,
1147 345 1484 417 splendidam
1536 345 1729 401 faciem
1760 345 1951 400 habuit

2072 361 2244 407 ιατος.
2280 342 2355 396 Τὸ
2391 338 2671 412 εἰρηκέναι
2696 339 2751 391 δὲ
2795 339 2888 390 τὸν
2931 336 3199 406 θεόφρονα
3237 333 3511 405 Συμεῶνα
3555 335 3642 397 εἰς

383 454 437 500 et
462 444 824 500 illuminatam
849 443 894 473 ⁸ο
928 459 943 495 :
978 441 1054 495 ita
1076 440 1240 496 etiam
1269 439 1395 495 illos
1425 440 1575 510 ipsos
1591 435 1716 494 cum
1740 439 1950 502 divino,

381 531 529 605 quod
576 533 873 586 humanam
933 537 1189 583 naturain
1239 530 1577 600 assumpsit,
1620 528 1825 583 lumine
1860 543 1956 598 per

383 626 544 679 [idem
594 635 926 692 congressos
963 627 1019 674 et
1066 619 1269 673 virtute
1316 617 1546 687 spiritus
1591 619 1955 682 illutninatos,

383 730 650 785 vetusque
692 713 1061 768 velamentum
1089 710 1452 779 deponentes,
1487 717 1541 764 et
1584 711 1772 765 eadem
1816 709 1955 763 ima-

382 811 506 881 gine
529 822 590 862 se
617 806 685 860 de
715 804 888 876 gloria
915 804 971 858 in
991 802 1222 874 gloriam
1248 799 1732 868 transformantes,
1765 818 1957 873 quem-

382 897 677 952 admodum
709 895 869 965 quasi
920 893 1131 965 Spiritu
1176 893 1394 949 Domini
1451 895 1748 965 Apostolus
1797 894 1954 958 ait“,

382 991 553 1061 gloria
588 997 753 1059 atque
802 986 1101 1058 splendore
1129 986 1392 1057 praeditos
1431 989 1782 1059 apparituros
1810 1002 1954 1043 esse.

381 1081 556 1136 Porro
598 1079 744 1150 quod
792 1077 1014 1132 divinus
1059 1076 1284 1132 Simeon
1327 1078 1504 1145 dixit,
1553 1079 1609 1133 in
1650 1080 1868 1134 ruinam
1902 1087 1960 1134 et

381 1173 848 1232 resurrectionem
879 1171 1174 1226 multorum
1208 1170 1262 1224 in
1287 1170 1455 1227 Israel
1490 1171 1778 1227 Dominum
1811 1177 1960 1244 posi-

381 1276 500 1322 tum
538 1282 664 1322 esse
683 1265 752 1330 “,
798 1263 1043 1320 ostendit
1073 1264 1187 1333 ipsa
1225 1264 1608 1319 convenientia
1656 1265 1959 1320 sententia-

381 1375 504 1415 rum
535 1373 660 1415 cum
691 1357 780 1424 iis,
815 1372 936 1428 quae
965 1345 1245 1426 pr0pbeta:
1265 1357 1654 1426 prodiderunt,
1698 1372 1867 1411 unum
1901 1365 1958 1412 et

381 1450 633 1508 eumdem
655 1448 824 1504 Deum
851 1458 1013 1518 atque
1037 1448 1400 1518 legislatorem
1431 1457 1547 1506 tum
1571 1449 1626 1502 in
1657 1450 1958 1522 prophetis,

382 1551 500 1601 tum
534 1541 593 1596 in
629 1539 780 1596 Novo
805 1538 1162 1594 Testamento
1204 1538 1447 1592 locutum
1478 1553 1622 1595 esse.
1655 1537 1792 1593 Nam
1824 1541 1961 1610 lapi-

2057 438 2262 492 πτῶσιν
2295 436 2386 489 καὶ
2404 435 2700 488 ἀνάστασιν
2726 430 2936 485 πολλῶν
2961 432 3019 482 ἐν
3043 428 3123 499 τῷ
3166 427 3388 499 Ἰσραὴλ
3415 427 3643 481 κεῖσθαι

2055 530 2146 583 τὸν
2166 528 2390 599 Κύριον,
2404 527 2642 580 δείκνυσι
2671 528 2737 596 τῇ
2766 523 3037 594 συμϐάσει
3059 521 3170 576 τῶν
3185 520 3481 590 νοημάτων
3502 519 3643 591 πρὸς

2055 621 2126 675 τὰ
2148 616 2464 691 προφητικὰ
2498 616 2889 687 διαγγέλματα,
2924 614 3022 668 ἕνα
3051 613 3143 667 καὶ
3179 612 3272 666 τὸν
3302 611 3474 666 αὑτὸν
3508 610 3644 664 Θεόν

2056 729 2116 765 τε
2145 712 2240 766 καί
2259 711 2554 782 νομοθέτην
2584 709 2641 763 ἐν
2660 725 2718 762 τε
2748 709 3052 782 προφήταις
3085 705 3180 759 καὶ
3206 707 3273 776 τῇ
3303 706 3488 774 Καινῇ
3515 705 3643 757 Δια-

2059 803 2202 877 θήκῃ
2229 804 2604 874 λελώηκέναι.
2631 802 2736 856 Τὸν
2768 801 2878 873 γὰρ
2904 801 3050 853 λίθον
3071 798 3168 852 τοῦ
3207 797 3643 869 προσκόμματος

2060 899 2152 950 καὶ
2199 897 2292 951 τοῦ
2323 896 2617 951 σκανδάλου
2645 895 2742 965 τὴν
2765 896 2972 965 πέτραν
2994 893 3174 947 αἰτίαν
3199 891 3292 945 τοῦ
3323 891 3404 962 μὴ
3447 906 3641 944 καται-

2061 990 2452 1062 σχυνθήσεσθαι
2485 991 2612 1052 τοὺς
2641 991 2728 1042 ἐπ’
2755 987 2917 1042 αὑτὸν
2956 985 3330 1049 πιστεύοντας,
3359 988 3390 1039 ὁ
3421 1001 3642 1055 προφη-

2059 1085 2210 1148 τικὸς
2235 1083 2553 1155 διηγόρευσε
2584 1082 2758 1150 λόγος.
2793 1081 3004 1135 Οὐκοῦν
3031 1079 3238 1143 πτῶσις
3262 1077 3364 1148 μὲν
3379 1077 3501 1129 ἐστι
3531 1079 3640 1140 τοῖς

2059 1177 2138 1248 τῷ
2165 1177 2406 1246 ταπεινῷ
2442 1175 2543 1246 τῆς
2577 1174 2778 1246 σαρκὸς
2808 1173 2867 1240 ἑξ
2899 1172 3155 1235 ἀπιστίας
3183 1168 3636 1242 προσπταίουσιν·

2061 1269 2354 1331 ἀνάστασις
2379 1267 2456 1334 δὲ,
2512 1269 2624 1330 τοῖς
2651 1266 2712 1319 τὸ
2743 1263 2969 1336 στερρὸν
3003 1265 3099 1335 τῆς
3143 1263 3291 1325 θείας
3328 1261 3641 1331 οἰκονομίας

2062 1359 2449 1428 ἐπεγνωκόσιν.
2489 1358 2649 1412 Ἀλλὰ
2696 1360 2791 1412 καὶ
2822 1359 2990 1429 αὐτῆς
3019 1357 3118 1428 τῆς
3155 1355 3423 1410 Beardaneu
3467 1353 3643 1424 ψυχῆς

2065 1451 2340 1524 ῥομφαίαν
2371 1451 2678 1522 διελαθῆναι
2703 1451 2896 1520 λέγων,
2925 1450 3109 1520 σαφῶς
3132 1449 3194 1503 τὸ
3230 1450 3289 1501 ὲν
3311 1446 3393 1518 τῷ
3424 1446 3645 1516 σταυρῷ

2066 1542 2402 1616 προφητεύει
2429 1543 2619 1605 πάθος.
2647 1543 2772 1606 Τοῖς
2793 1542 2903 1614 γὰρ
2926 1541 2984 1608 ἐξ
3007 1541 3176 1610 αὐτῆς
3202 1541 3302 1612 τῆς
3332 1537 3643 1610 παραδόξου

383 1631 507 1687 dem
548 1629 858 1686 oh‘endiculi
903 1638 958 1684 et
991 1637 1202 1700 petram
1245 1629 1489 1684 scandali
1542 1630 1596 1684 in
1637 1645 1804 1686 causa
1845 1631 1963 1688 fore

2072 1637 2379 1709 συλλήψεως
2416 1636 2576 1708 μέχρι
2603 1634 2697 1689 τοῦ
2728 1635 2870 1690 κατὰ
2924 1633 3020 1688 τοῦ
3068 1633 3274 1697 πάθους
3297 1631 3505 1704 καιροῦ
3535 1631 3646 1684 θεο-

383 1730 578 1780 utnon
607 1721 1022 1776 confundantur
1049 1723 1143 1791 qui
1172 1721 1226 1774 in
1260 1721 1413 1774 illum
1441 1721 1694 1787 credant,
1727 1727 1961 1794 prophe-

2072 1701 2293 1801 npsniii;
2329 1701 2597 1791 sig-abab»;
2631 1727 2940 1800 εἰρημένοις
2968 1744 3025 1780 τε
3069 1727 3163 1780 καὶ
3205 1701 3646 1795 πεπραγμένοις,

383 1815 529 1876 ticus
553 1829 735 1870 sermo
765 1814 902 1868 dixit
920 1813 987 1866 “.
1026 1809 1198 1883 Igitur
1221 1813 1378 1866 ruina
1398 1813 1619 1883 quidem
1641 1822 1727 1870 est
1758 1815 1848 1879 iis,
1866 1816 1961 1886 qui

383 1917 610 1982 propter
643 1906 1083 1962 incredulitatem
1129 1903 1441 1960 humilitate
1476 1909 1665 1961 carnis
1695 1907 1844 1963 illius
1877 1907 1962 1961 of-

384 1995 688 2060 fenduntur
717 2012 730 2048 :
763 1993 1101 2052 resurrectio
1141 2007 1272 2047 vero
1303 1993 1391 2057 iis,
1433 1995 1525 2065 qui
1560 1997 1959 2053 ﬁrmitudinem

383 2089 585 2144 divina:
611 2088 991 2160 dispositionis
1016 2095 1070 2141 et
1091 2085 1593 2144 administrationis
1615 2092 1958 2161 agnoverint.

390 2181 536 2248 Quin
567 2182 742 2251 etiam,
775 2196 900 2236 cum
936 2179 1074 2235 dixit
1104 2182 1220 2238 fore
1253 2193 1310 2238 ut
1349 2185 1523 2255 ipsius
1562 2183 1807 2254 Deipara:
1842 2187 1964 2239 ani-
2006 2193 2010 2199 ‘

384 2288 532 2328 mam
571 2273 790 2345 gladius
837 2274 1291 2343 pertransiret“,
1327 2283 1514 2344 aperte
1541 2274 1790 2345 przedicit
1817 2291 1961 2338 eam,

384 2381 509 2438 quae
539 2365 642 2422 fuit
667 2367 724 2420 in
751 2381 920 2422 cruce
950 2367 1290 2438 passionem.
1320 2366 1456 2422 Nam
1484 2384 1609 2423 cum
1632 2368 1702 2422 ob
1721 2385 1808 2432 ea,
1842 2385 1964 2438 qua:

385 2460 458 2518 ab
489 2459 581 2514 illa
612 2475 754 2514 nova
801 2467 969 2531 atque
1001 2460 1250 2516 inaudita
1291 2463 1652 2532 conceptione
1689 2477 1863 2532 usque
1893 2461 1962 2516 ad

387 2563 608 2624 tempus
657 2552 918 2624 supplicii
953 2551 1222 2609 divinitus
1267 2554 1335 2610 de
1374 2569 1440 2609 eo
1486 2564 1601 2608 tum
1643 2553 1788 2609 dicta
1847 2563 1963 2610 tum

385 2647 530 2704 facta
560 2655 739 2714 erant,
778 2663 944 2701 unum
979 2648 1137 2716 quasi
1170 2655 1497 2718 perpetuum
1535 2655 1588 2701 et
1620 2646 1964 2700 individuum

385 2755 611 2810 corpus,
641 2739 1020 2795 sublimiorem
1057 2737 1316 2793 videlicet
1356 2752 1422 2792 ac
1457 2739 1734 2807 majestati
1763 2738 1967 2793 divina:

387 2833 892 2889 convenientiorem
920 2831 988 2888 de
1015 2845 1080 2884 eo
1110 2829 1341 2902 Deipara
1365 2830 1591 2886 haberet
1625 2831 1961 2900 opinionem,

385 2927 546 2996 quasi
603 2926 904 2980 sectionem
955 2921 1252 2994 quamdam
1300 2938 1420 2979 eam
1470 2938 1788 2994 perpessam
1841 2940 1966 2981 esse

2060 1821 2122 1873 ἓν
2165 1819 2352 1892 ὥσπερ
2392 1819 2458 1874 ἂν
2497 1820 2828 1891 ἀδιάτμητον
2864 1819 3043 1890 σῶμα,
3073 1817 3419 1889 ὑψηλοτέραν
3459 1833 3526 1870 τε
3561 1815 3650 1868 καὶ

2063 1913 2540 1985 θεοπρεπεστέραν
2587 1914 2716 1982 περὶ
2762 1910 2926 1965 αὐτοῦ
2970 1911 3202 1982 ἐχούσης
3237 1909 3339 1980 τῆς
3375 1907 3650 1962 Θεοτόκιυ

2063 2005 2373 2076 ὑπόληψιν,
2443 2003 2616 2074 τομὴν
2665 2003 2853 2073 ὥσπερ
2917 2001 3041 2054 τινὰ
3088 1999 3421 2054 πεπονθέναι
3477 1998 3652 2068 αὐτὴν

2063 2095 2416 2166 νομιούμεθα,
2447 2096 2504 2148 ὲν
2529 2094 2606 2165 τῷ
2629 2093 2800 2164 ἀδόξῳ
2831 2093 2929 2163 τῆς
2959 2091 3338 2162 σταυρώσεως,
3375 2092 3428 2144 εἰ
3463 2090 3571 2143 καὶ
3597 2089 3657 2141 τὸ

2061 2188 2160 2258 τῆς
2191 2189 2542 2250 ἀναστάσεως
2573 2185 2758 2256 θαῦμα
2789 2183 3115 2238 συνούλωσιν
3148 2184 3391 2253 παντελῆ
3431 2183 3540 2254 τῆς
3572 2197 3654 2234 το-

2069 2279 2175 2350 μῆς
2205 2278 2602 2348 ἀπειργάσατο.
2647 2276 2785 2330 Ἀλλ’
2815 2277 2934 2330 οὐδὲ
2963 2276 3130 2346 μόνην
3160 2273 3330 2344 αὐτὴν
3361 2273 3446 2342 τῷ
3479 2271 3656 2324 τοιού-

2063 2388 2141 2440 τῳ
2179 2370 2673 2442 πάθειὲνσχεθῆναι
2704 2369 2979 2441 σημαίνει,
3017 2368 3130 2422 ἀλλ’
3154 2369 3217 2420 ὲκ
3265 2364 3484 2420 πολλῶν
3524 2381 3655 2434 καρ-

2065 2461 2192 2516 διῶν
2239 2461 2623 2533 διαλογισμοὺς
2653 2459 2983 2532 ἀμφιϐολίας
3021 2477 3080 2512 τε
3105 2459 3200 2513 καὶ
3220 2458 3498 2528 διχονοίας
3526 2459 3658 2509 ava-

2067 2555 2303 2625 φανῆναι
2336 2555 2592 2626 προλέγει
2618 2571 2632 2586 ο
2691 2555 2766 2618 ὠς
2796 2555 2860 2608 ἂν
2895 2555 2952 2606 ὲν
2985 2553 3062 2624 τῷ
3109 2553 3349 2622 διαφόρῳ
3387 2550 3504 2602 τῶν
3535 2550 3659 2620 περὶ

2067 2648 2232 2701 αὑτοῦ
2264 2648 2608 2717 ύπολήψεων,
2643 2649 2715 2720 μή
2745 2665 2866 2700 τινα
2897 2646 3081 2700 κλόνον
3107 2645 3260 2715 σχοίη
3288 2647 3322 2715 ἡ
3349 2644 3660 2713 Θεομήτωρ

2069 2739 2366 2810 Παρθένος.
2416 2737 2628 2809 Ἐπειδὴ
2656 2738 2712 2791 δὲ
2750 2740 2784 2809 ἡ
2814 2736 3082 2807 προφῆτις
3111 2737 3277 2788 ’Ἅννα
3305 2737 3373 2787 ὲκ
3409 2733 3511 2786 τοῦ
3562 2734 3661 2801 γή-

2071 2848 2179 2902 ρως
2214 2831 2445 2901 ἀδρανές
2472 2849 2524 2883 τι
2555 2831 2648 2883 καί.
2691 2831 2752 2883 ού
2802 2829 2922 2883 λίαν
2967 2827 3292 2894 ἐξακουστὸν
3329 2825 3660 2895 φθέγγεται,

2067 2921 2184 2974 ἀλλ’
2205 2922 2325 2975 οὐδὲ
2357 2923 2417 2974 τὸ
2447 2921 2648 2991 ὑψηλὸν
2673 2921 3001 2990 Εύαγγὲλιον
3019 2917 3295 2982 αὐτολεξεὶ
3313 2918 3382 2971 τὰ
3400 2917 3459 2983 ἐξ
3488 2915 3661 2984 αὐτῆς

385 3017 834 3076 existimabimus
869 3033 966 3088 per
1001 3017 1424 3089 ignominiosam
1461 3016 1612 3070 illam
1649 3016 1962 3074 cruciﬁxio-

2072 3015 2329 3084 λεχθέντα
2360 3018 2670 3086 παρήγαγε*
2697 3015 2913 3086 πρῶτον
2933 3015 3029 3084 μὲν
3055 3015 3120 3066 ἐκ
3134 3011 3225 3065 τοῦ
3262 3007 3663 3078 εὐαγγελιποῦ

385 3124 553 3176 nem,
622 3109 726 3164 etsi
779 3106 1211 3163 resurrectionis
1271 3105 1601 3160 miraculum
1665 3106 1965 3160 sectionem

2076 3107 2399 3178 πυθώμεθα,
2423 3109 2507 3170 τίς
2540 3125 2597 3161 τε
2629 3110 2721 3161 καί
2745 3107 2908 3160 πόθεν
2931 3107 3066 3178 αὕτη
3092 3105 3422 3175 καθέστηκε,
3451 3103 3552 3156 καὶ
3571 3104 3665 3154 ἐπὶ

386 3203 548 3274 plena
585 3212 749 3272 atque
784 3200 1027 3272 perfecta
1086 3200 1248 3271 quasi
1288 3199 1548 3254 cicatrice
1605 3197 1839 3253 obducta
1877 3216 1964 3253 sa-

2072 3201 2246 3263 ποίοις
2277 3201 2371 3252 καὶ
2406 3202 2534 3253 πότε
2566 3199 2643 3269 τῷ
2679 3199 2807 3269 ἱερῷ
2829 3199 3148 3269 ἐφέστηκεν,
3178 3193 3332 3260 αὖθίς
3381 3212 3442 3248 τε
3499 3194 3663 3246 τίνων

384 3295 558 3351 navit.
593 3293 699 3350 Sed
728 3309 830 3348 nec
861 3293 1036 3347 solam
1067 3290 1291 3365 quidem
1324 3290 1477 3344 illam
1503 3288 1778 3358 ejusmodi
1809 3291 1964 3344 casui

2072 3292 2225 3360 ἔλεγε
2261 3292 2499 3346 διάνοιαν
2533 3293 2931 3361 ἐρευνησωμεν.

389 3399 555 3461 atque
601 3388 878 3445 aﬂectioni
940 3388 1222 3459 alligatum
1266 3385 1334 3439 iri
1387 3393 1442 3439 et
1495 3385 1790 3438 obnoxiam
1845 3386 1963 3440 fore
2001 3388 2298 3458 signiﬁcat,
2327 3387 2423 3442 sed
2455 3386 2699 3440 futurum
2727 3387 2892 3440 etiam
2920 3383 3185 3455 praedicit,
3257 3391 3317 3436 ut
3374 3398 3442 3436 ex
3471 3381 3661 3434 multis

388 3487 655 3542 cordibus
713 3484 1079 3555 cogitationes
1133 3482 1440 3554 ambigum,
1490 3480 1873 3537 discordantes
1918 3490 1971 3536 et
2047 3484 2323 3553 ancipites.
2375 3483 2898 3548 manifestarentur;
2952 3499 3022 3538 ne
3071 3482 3128 3535 in
3210 3478 3542 3534 diversitate
3599 3480 3663 3528 de

388 3577 484 3634 illo
513 3577 836 3647 opinionum
878 3574 1046 3646 Virgo
1087 3574 1182 3628 Dei
1233 3575 1469 3646 genitrix
1508 3576 1693 3644 aliquo
1728 3576 1891 3630 modo
1930 3580 2364 3648 perturbaretur.
2407 3580 2681 3647 Quoniam
2746 3588 2928 3636 autem
2965 3579 3122 3632 Anna
3157 3575 3510 3648 pr0phetissa
3556 3586 3664 3641 prae

390 3679 674 3727 senectute
710 3669 853 3725 exile
888 3669 1151 3741 quiddam
1188 3669 1453 3738 loquitur,
1486 3669 1632 3739 quod
1662 3672 1826 3725 etiam
1851 3687 1959 3727 non
2002 3675 2294 3731 admodum
2353 3678 2503 3732 clare
2551 3675 2809 3732 exaudiri
2872 3683 3092 3745 potest,
3163 3689 3226 3728 ae
3279 3688 3345 3727 ne
3424 3669 3664 3725 sublime

391 3763 616 3833 quidem
665 3761 1019 3832 Evangelium
1089 3759 1155 3813 ad
1193 3760 1422 3814 verbum
1468 3761 1748 3818 memoriae
1811 3764 2056 3834 prodidit
2095 3782 2160 3820 ea
2195 3783 2319 3837 quae
2349 3767 2590 3831 dixerit,
2641 3769 2875 3838 primum
2936 3767 3157 3838 quidem
3210 3767 3278 3820 ab
3315 3764 3665 3837 evangelista

391 3859 744 3918 seiscitemur
791 3867 1042 3924 quaenam
1095 3861 1149 3906 et
1187 3852 1332 3906 unde
1367 3852 1486 3923 ipsa
1521 3852 1729 3920 fuerit,
1794 3856 2025 3926 cujusve
2099 3861 2178 3913 rei
2232 3861 2408 3930 gratia
2466 3869 2520 3914 et
2569 3860 2790 3930 quando
2844 3863 2900 3916 in
2943 3859 3202 3930 templum
3253 3863 3665 3927 supervenerit.

390 3947 590 4012 deinde
623 3959 872 4016 qumnam
913 3942 1081 3997 fuerit
1109 3958 1327 4007 eorum,
1366 3959 1488 4012 qua:
1511 3945 1734 4012 dixerit,
1763 3950 2063 4015 sententia,
2096 3960 2436 4008 scrutemur.

461 4041 551 4096 Ait
577 4041 741 4109 igitur
775 4038 969 4093 beatus
995 4037 1170 4092 Lucas
1200 4058 1212 4092 :
1248 4037 1382 4091 Erat
1425 4038 1582 4092 Anna
1613 4044 1972 4110 prophetissa,

397 4135 506 4188 filia
530 4131 844 4194 Phanuelis,
875 4131 939 4184 de
986 4130 1128 4182 tribu
1158 4131 1309 4184 Aser.
1375 4130 1503 4186 ﬂare
1556 4143 1712 4187 aztate
1749 4134 1974 4188 multum

393 4238 637 4299 provecta
668 4234 804 4292 erat,
840 4240 901 4276 ac
934 4225 1138 4288 vixerat
1166 4239 1285 4275 cum
1310 4224 1419 4278 viro
1449 4241 1545 4279 suo
1583 4242 1750 4280 annos
1779 4237 1976 4296 septem

394 4339 427 4374 a
464 4321 766 4390 virginitate
786 4334 884 4370 sua
909 4332 925 4369 :
949 4327 998 4370 et
1029 4315 1140 4370 ltwc
1169 4318 1327 4370 vidua
1355 4326 1470 4370 erat
1496 4334 1662 4372 annos
1705 4328 1835 4372 nata
1871 4321 1976 4372 cir-

394 4413 523 4473 citer
553 4410 822 4478 octoginta
853 4418 1102 4478 quatuor,
1135 4425 1251 4477 qua:
1277 4426 1382 4464 non
1410 4411 1714 4464 discedebat
1750 4413 1813 4466 de
1845 4423 1976 4465 tem-

2151 4047 2286 4118 Φησί
2306 4047 2482 4100 τοίνυν
2513 4049 2540 4099 ὁ
2581 4047 2848 4118 μακάριος
2879 4047 3090 4110 Λουκᾶς
3109 4087 3123 4109 ,
3151 4045 3224 4108 ὡς
3255 4041 3376 4100 Ἦν
3402 4047 3590 4101 ’Ἂν-νη
3625 4047 3664 4113 ἡ

2083 4138 2376 4208 προφῆτις
2423 4137 2684 4207 θυγάτηρ
2733 4137 3016 4204 Φανουὴλ
3059 4139 3126 4190 ἐκ
3169 4137 3373 4206 φυλῆς
3425 4137 3619 4207 Ἀσήρ
3649 4157 3666 4170 ·

2081 4230 2233 4296 αὕτη
2281 4229 2680 4297 προϐεϐηκυῖα
2727 4230 2797 4282 ἐν
2843 4230 3091 4299 ἡμέραις
3129 4230 3384 4296 πολλαῖς
3421 4230 3668 4299 ζήσασα

2075 4322 2226 4391 μετὰ
2249 4321 2466 4389 ἀνδρὸς
2495 4323 2600 4390 ἐτη
2623 4322 2773 4374 ἑπτὰ
2799 4322 2918 4376 ἀπὸ
2948 4321 3055 4388 τῆς
3091 4323 3415 4390 παρθενίας
3438 4321 3627 4389 αὐτῆς
3651 4340 3663 4350 ”

2083 4415 2354 4483 καίαὺτὴ
2395 4416 2550 4486 χήρα
2595 4417 2675 4483 ὡς
2713 4416 2866 4469 ἐτῶν
2891 4416 3259 4485 ὀγδοήκοντα
3306 4416 3666 4484 τεσσάρων·

393 4505 502 4573 pla,
529 4501 754 4572 jejuniis
791 4509 840 4553 et
884 4501 1340 4567 deprecationibus
1378 4500 1541 4554 Deum
1581 4503 1756 4556 colens
1799 4514 1965 4556 nocte:

2079 4507 2118 4574 ἢ
2173 4510 2285 4561 οὐκ
2333 4509 2628 4577 ἀφίστατο
2683 4509 2804 4563 ἀπὸ
2842 4509 2949 4564 τοῦ
2987 4509 3172 4576 ἱεροῦ,
3206 4509 3518 4575 νηστείαις
3569 4509 3668 4561 καί

397 4607 554 4666 atque
587 4593 720 4656 dies,
752 4602 802 4646 et
829 4591 938 4645 haec
966 4593 1016 4645 in
1051 4593 1169 4660 ipsa
1208 4592 1343 4644 hora
1367 4605 1523 4661 atque
1573 4594 1800 4647 articulo
1838 4605 1973 4648 tem-

395 4690 542 4758 poris
593 4687 965 4755 superveniens
1021 4702 1203 4738 coram
1267 4687 1620 4754 conﬁtebatur
1671 4689 1976 4758 gratiasque

395 4781 507 4835 Deo
534 4777 791 4848 agebat,et
831 4774 1139 4844 loquebatur
1166 4776 1229 4828 de
1254 4776 1348 4830 illo
1391 4776 1634 4830 omnibus
1675 4779 1763 4846 qui
1797 4793 1978 4844 exspe-

397 4871 615 4936 ctabant
640 4869 1045 4938 redemptionem
1072 4869 1125 4922 in
1151 4867 1453 4924 Jerusalem
1468 4871 1534 4923 "‘.
1563 4870 1703 4936 Quid
1731 4871 1832 4926 sibi
1865 4873 1979 4926 vult

397 4964 544 5034 quod
581 4975 690 5017 tam
724 4969 1044 5016 accuratam
1077 4975 1140 5014 ac
1165 4963 1379 5031 plenam
1408 4963 1475 5016 de
1495 4963 1600 5016 hac
1626 4963 1976 5032 prophetissa

398 5055 776 5112 narrationem
812 5042 1444 5126 evangelista‘instituit
1508 5065 1675 5125 atque
1723 5056 1973 5125 exponit,

399 5158 462 5206 ut
487 5149 654 5204 etiam
679 5147 853 5219 patris
878 5147 1000 5216 ejus
1039 5162 1106 5200 ac
1128 5146 1326 5208 tribus,
1349 5154 1514 5215 atque
1543 5161 1732 5200 earum
1770 5161 1974 5209 rerum,

397 5259 522 5315 qua).
550 5241 619 5298 de
646 5241 867 5296 nemine
905 5239 1293 5310 propemodum
1323 5239 1432 5293 alio
1456 5240 1731 5293 memoriae
1762 5239 1976 5309 prodita

397 5335 774 5404 reperiuntur,
807 5331 1142 5388 mentionem
1173 5329 1338 5384 faciat
1365 5329 1388 5382 ?
1426 5331 1504 5383 Ae
1537 5345 1716 5384 veram
1752 5330 1972 5399 quidem

397 5428 566 5497 hujus
600 5428 678 5481 rei
709 5426 979 5480 rationem
1013 5424 1131 5493 ipse
1169 5431 1487 5477 sanctorum
1538 5420 1682 5480 Deus
1731 5425 1974 5490 noverit,

474 5629 517 5658 θ’
573 5629 740 5683 Exod.
773 5642 954 5688 uxrv,
979 5627 1069 5687 ‘20.
1106 5626 1193 5682 50.

1277 5628 1320 5659 δι
1362 5626 1400 5681 ll
1440 5629 1565 5680 Cor.
1622 5643 1705 5696 ιιι,
1751 5630 1830 5684 18.

403 5696 458 5763 6,
497 5699 549 5752 8.
616 5699 659 5730 ⁸⁸
692 5697 828 5754 Luc.
866 5716 932 5764 ιι,
975 5698 1064 5752 55.

1145 5700 1187 5729 ³⁵
1235 5698 1360 5754 ibid.
1404 5701 1491 5763 56,
1525 5699 1610 5753 58.

1954 5632 2000 5665 "
2032 5630 2164 5688 Luc.
2197 5646 2257 5699 ιι,
2299 5632 2387 5688 54.

2077 4602 2327 4667 δεήσεσι
2345 4603 2724 4669 ,λατρεύουσα
2746 4603 2935 4656 νύκτα
2965 4603 3061 4655 καί
3083 4601 3329 4670 ἡμέραν·
3362 4600 3460 4652 καί
3487 4602 3670 4668 αὕτη,

2077 4697 2189 4747 αὐτ
2199 4693 2230 4761 ᾗ
2251 4693 2322 4762 τῇ
2341 4693 2460 4762 ὥρᾳ
2487 4693 2810 4759 ἐπιστᾶσα,
2833 4692 3304 4763 ἀνθωμολογεῖτο
3322 4691 3400 4756 τῷ
3422 4690 3552 4755 Θεῷ
3570 4695 3674 4746 καὶ

2079 4785 2283 4838 ἐλάλει
2314 4785 2448 4854 περὶ
2475 4786 2664 4840 αὑτοῦ
2695 4783 2845 4840 πᾶσι
2871 4787 2996 4852 τοῖς
3023 4786 3528 4854 προσδεχομένοις
3561 4789 3676 4838 .ζὺ-

2081 4893 2302 4944 τρωσιιν⁹
2356 4877 2426 4930 ἐν
2483 4877 2892 4948 Ἰερουσαλήμ.
2925 4878 3018 4941 Τίς
3043 4881 3070 4930 ὁ
3099 4879 3253 4946 λόγος
3284 4878 3378 4930 τοῦ
3407 4879 3676 4948 τοιαύτην

2081 4968 2282 5039 ἀκριϐῆ
2308 4969 2408 5038 τὴν
2433 4970 2560 5039 περὶ
2585 4969 2685 5039 τῆς
2715 4969 3047 5040 προφήτιδας
3082 4969 3286 5040 ταύτης
3317 4969 3409 5021 τὸν
3443 4970 3677 5037 εὐαγγεο

2080 5059 2267 5130 λιστὴν
2293 5060 2626 5132 ποιήσασθαι
2653 5061 2753 5132 τὴν
2783 5063 3085 5133 ἀφήγησιν,
3117 5061 3258 5114 ὥστε
3289 5061 3384 5114 καὶ
3414 5061 3509 5114 τὸν
3537 5061 3674 5114 ταύο

2078 5168 2179 5222 της
2201 5152 2434 5223 πατέρα,
2460 5154 2552 5206 καὶ
2583 5151 2682 5224 τὴν
2711 5152 2887 5224 φυλὴν
2919 5155 2977 5206 ὲν
3001 5154 3291 5224 ὲπιμνήσει
3314 5154 3670 5222 ποιήσασθαι,

2079 5241 2174 5293 καὶ
2192 5240 2328 5312 ὅπερ
2345 5242 2430 5293 ἐπ’
2447 5242 2623 5294 οὐδενὶ
2641 5242 2812 5313 ἑτέρῳ
2834 5242 3016 5314 σχεδὸν
3039 5243 3392 5314 ἱστορημένον
3414 5242 3674 5313 εὓρητα;;

2082 5332 2184 5384 Τὸν
2214 5333 2312 5402 μὲν
2347 5333 2475 5404 περί
2513 5332 2706 5386 τούτου
2755 5334 2957 5405 ἀκριϐῆ
2988 5334 3146 5404 λόγον
3179 5335 3334 5404 μόνος
3385 5333 3455 5387 ἂν
3503 5335 3672 5403 εἰδείη

2081 5423 2240 5490 αὐτὸς
2273 5426 2302 5477 ὁ
2330 5425 2436 5480 τῶν
2485 5426 2656 5494 ἁγίων
2697 5426 2849 5492 Θεὸς,
2887 5427 2979 5480 καὶ
3022 5428 3072 5480 οί
3119 5430 3185 5498 τῇ
3215 5426 3377 5481 αὐτοῦ
3409 5428 3676 5496 ἐπιπνοίᾳ

2487 5633 2533 5665 ⁸³
2563 5631 2675 5689 lsa.
2711 5648 2855 5700 xux,
2900 5632 2966 5703 6,
3005 5650 3196 5698 xxvm,
3237 5633 3333 5699 lti;
3370 5631 3387 5685 l
3418 5631 3569 5687 Petr.
3603 5643 3672 5714 tt,
