3822 6418
122 291 267 349 117⁸1

1243 299 1330 354 DE
1366 299 1687 358 OCCURSU
1760 299 2026 368 DOMlNl,
2067 299 2227 356 ETC.

3211 293 3366 350 H78.

117 415 402 487 Πνεύματι
430 414 610 470 λαλεῖν
638 416 778 472 κατὰ
811 417 901 472 τὸν
946 418 1088 473 θεῖον
1128 419 1446 475 Ἀπόστολον
1477 419 1684 474 δεδιδα-

1789 427 1843 474 et
1866 419 1958 490 qui
1985 419 2106 490 ejus
2147 416 2507 490 inspiratione
2558 423 2614 473 et
2639 416 2904 473 instinctu
2942 413 3182 484 Spiritus
3235 414 3358 482 ejus

115 508 315 580 γμένοι
344 509 618 580 μυστήρια
639 526 655 542 ο
681 509 823 565 κατὰ
841 511 898 565 δὲ
925 495 1142 583 τὺήμῖν
1177 512 1417 582 ἐφικτὸν,
1448 513 1544 566 καὶ
1569 513 1692 566 ἐτέ-

120 616 226 668 ρας
254 599 376 653 κατ’
404 600 580 653 ἐκεῖνο
628 599 820 672 καιροῦ
863 604 930 672 τῇ
979 601 1224 672 μακαρία
1248 601 1421 677 ταύτῃ
1459 601 1694 656 συνωνύ-

119 707 262 760 μους
286 691 552 762 ὑπάρχειν
574 692 774 763 φαμὲν,
801 694 897 747 καὶ
929 694 1040 749 τῶν
1067 695 1245 749 αὐτῶν
1271 695 1451 767 ἐκείνῃ
1472 694 1694 766 ἔχεσθαι

117 781 284 852 ιερῶν
318 782 767 854 σπουδασμάτων,
797 785 892 848 τοῦ
928 785 986 838 ἐν
1013 785 1286 856 νηστείαις
1329 787 1422 840 καὶ
1454 803 1691 858 προσευ-

115 875 245 941 χαῖς
278 877 727 946 προσκαρτερεῖν.
771 875 912 947 Πρὸς
963 872 1056 930 οὖν
1084 876 1146 930 τὺ
1188 877 1436 946 εὐκρινὲς
1463 873 1599 932 εἶναι
1627 877 1691 932 τὸ

114 962 325 1035 ταύτης
380 965 689 1035 πρόσωπον,
730 969 798 1038 τῇ
841 965 934 1020 τοῦ
966 969 1170 1039 πατρὸς
1202 969 1373 1039 αὐτῆς
1399 970 1690 1041 ἐπιμνήσει

117 1053 217 1109 καὶ
267 1055 369 1127 τῆς
413 1057 587 1129 φυλῆς
635 1057 698 1112 τὸ
751 1058 879 1112 ἴδιον
931 1059 1381 1131 προσεγρὰψατοο
1433 1062 1689 1132 μεγάλοις

112 1147 173 1200 δὲ
206 1148 378 1219 αὐτὴν
421 1149 716 1220 ἐγκωμίοις
749 1150 1029 1221 ἐστέψατο,
1071 1151 1167 1206 καὶ
1199 1153 1414 1216 πάντως
1444 1153 1504 1206 τὺ
1535 1152 1688 1225 παρὰ

113 1241 229 1302 τοῖς
255 1238 544 1294 ἁκούουσιν
592 1241 902 1307 ἀξιόπιστον
933 1242 1164 1314 ἔχουσιν,
1191 1239 1270 1308 οἷς
1293 1245 1387 1300 καὶ
1427 1246 1555 1317 περὶ
1589 1244 1684 1299 τοῦ

112 1333 324 1404 Κυρίου
356 1333 644 1404 διελέγετο.
694 1335 832 1389 Ἀλλ’
871 1338 1082 1410 ἐπειδὴ,
1131 1339 1207 1405 ὼς
1241 1339 1472 1410 εἴρηται,
1501 1340 1562 1394 τὸ
1593 1340 1687 1395 τοῦ

110 1421 277 1490 λόγου
325 1422 651 1494 διηχημένον
696 1426 791 1480 καὶ
840 1427 1220 1498 μεγαλόφωνον
1249 1429 1354 1483 ὑπὸ
1379 1427 1474 1482 τοῦ
1501 1431 1688 1502 γήρως

108 1511 417 1583 ἀφῄρηται,
449 1511 674 1585 πλησίον
689 1514 859 1586 αὐτῆς
888 1515 1075 1590 ὥσπερ
1103 1517 1195 1571 τοῦ
1220 1518 1484 1590 στόματος
1507 1520 1568 1573 τὸ
1593 1517 1688 1586 οὖς

108 1603 212 1674 τῆς
240 1603 477 1669 διανοίας
507 1605 782 1676 ἐνθέμενοι
809 1606 897 1663 διὰ
925 1607 1026 1680 τῆς
1061 1609 1344 1682 παρούσης
1377 1611 1688 1678 ὑποθέσεως

110 1695 364 1766 ἐρεύνης,
407 1694 603 1767 ἴδωμεν
638 1697 692 1750 τί
720 1698 814 1751 καὶ
843 1698 981 1770 αὕτη
1013 1700 1282 1770 διελέγετο
1317 1704 1430 1766 τοῖς
1458 1703 1557 1776 τὴν
1592 1703 1685 1758 λύ-

108 1803 316 1858 τρωσιν
334 1787 785 1859 προσδεχομένοις
809 1791 867 1843 ἐν
906 1791 1278 1864 Ἰερουσαλήμ.
1311 1793 1468 1848 Κατὰ
1489 1770 1598 1867 γὰρ
1625 1795 1687 1848 τὸ
1715 1770 1759 1827 Β

104 1877 210 1948 τῆς
229 1880 440 1940 ἐννοίας
458 1879 747 1934 ἀκόλουθον
773 1881 839 1934 ἐκ
855 1881 963 1936 τῶν
989 1883 1342 1955 προφητικῶν
1373 1885 1566 1954 λόγων,
1588 1885 1686 1957 τὴν

105 1970 244 2042 περὶ
275 1971 369 2026 τοῦ
417 1972 620 2043 Κυρίου
678 1975 911 2028 ἐποιεῖτο
938 1974 1204 2039 διάλεξιν·
1233 1976 1359 2030 ἐπεὶ
1383 1978 1477 2032 καὶ
1516 1971 1683 2046 οὗτοι,

105 2062 250 2132 πρὸς
277 2061 371 2127 οὓς
388 2061 561 2118 ταῦτα
596 2062 777 2118 λαλεῖν
804 2065 974 2138 αὑτὴν
1000 2065 1064 2120 τὸ
1092 2066 1425 2136 Εὑαγγέλιον
1463 2067 1683 2140 ἔφησεν,

103 2154 329 2218 πάντως
348 2157 414 2208 ἐκ
438 2153 544 2208 τῶν
573 2156 631 2209 ἐν
653 2157 764 2220 τοῖς
792 2157 1096 2228 προφήταις
1115 2159 1498 2230 ἐκφερομένων
1526 2160 1687 2214 θείων

103 2243 376 2314 χρησμῶν
409 2245 801 2318 προσδέχεσθαι
832 2245 1102 2320 λύτρωσιν
1123 2231 1525 2320 μεμαθήκασιν.
1545 2250 1685 2303 Πάν-

100 2351 217 2400 τως
246 2336 382 2409 αὐτῇ
412 2338 700 2409 πρόχειρος
732 2340 812 2403 είς
849 2339 1171 2411 ὑπογραφὴν
1196 2341 1290 2394 τοῦ
1328 2343 1624 2415 μυστήριου
1656 2345 1685 2397 δ

100 2427 202 2482 τος
227 2429 459 2499 μεγάλου
487 2429 707 2485 Ἡσαΐου
727 2431 884 2500 λόγος
902 2433 1206 2504 καθέστηκε
1223 2450 1236 2464 ο
1260 2434 1504 2490 Παιδίον
1516 2436 1684 2506 ἐγεν-

103 2516 264 2585 νήθη
289 2519 452 2588 ἡμῖν,
477 2519 607 2586 υίὸς
653 2521 750 2575 καὶ
773 2521 953 2591 ἐδόθη
983 2523 1146 2593 ἡμῖν,
1170 2521 1244 2580 οὗ
1268 2526 1306 2593 ἡ
1345 2525 1500 2594 ἀρχὴ
1530 2526 1686 2595 ἐγεν-

100 2608 263 2676 νήθη
279 2610 377 2664 ἐπὶ
393 2610 500 2665 τοῦ
519 2611 680 2681 ὤμου
691 2613 898 2680 αὐτοῦ,
915 2616 1015 2668 καὶ
1033 2615 1123 2670 ὅτι
1139 2617 1399 2670 καλεῖται
1415 2618 1482 2671 τὸ
1499 2618 1685 2689 ὄνομα

96 2701 293 2755 αὐτοῦ
316 2702 845 2775 μεγάλης-βουλῆς
875 2709 1171 2777 Ἄγγελος.
1204 2708 1314 2762 Καὶ
1338 2708 1466 2780 μὴν,
1502 2711 1682 2763 Φωτί-

97 2784 230 2848 ζέκυ,
263 2785 532 2855 φωτίζον,
563 2788 974 2859 Ἰερουσαλήμο
1001 2790 1133 2859 ἣκει
1159 2791 1269 2860 γάρ
1297 2807 1413 2846 σου
1440 2792 1508 2846 τὸ
1535 2792 1679 2862 φῶς,

96 2877 203 2929 καὶ
232 2879 269 2946 ἡ
292 2877 442 2942 δόξα
471 2880 688 2948 Κυρίου
712 2880 809 2933 ἐπὶ
830 2882 905 2934 σὲ
926 2882 1354 2939 ἀνατέταλκεν.
1381 2884 1494 2938 Καὶ
1519 2883 1682 2937 Δαυῒδ

93 2973 127 3023 ὁ
173 2969 346 3038 μέγας
367 2972 674 3042 παρήγετο·
715 2974 922 3040 Ἔλεος
959 2974 1056 3028 καὶ
1105 2974 1354 3042 ἀλήθεια
1381 2976 1682 3044 συνήντη-

92 3076 246 3125 σαν,
284 3059 637 3131 δικαιοσύνη
677 3063 774 3116 καὶ
821 3063 1028 3133 εἰρήνη
1069 3067 1515 3134 κατεφίλησαν·
1561 3067 1677 3131 καὶ,
1708 3105 1749 3164 C

96 3150 378 3206 Εῐδοσαν
413 3151 610 3207 πάντα
637 3153 710 3208 τὰ
737 3154 962 3224 πέρατα
1006 3155 1114 3225 τῆς
1152 3156 1262 3227 γῆς
1286 3157 1350 3211 τὸ
1387 3157 1682 3227 σωτήριον

93 3244 210 3298 τοῦ
251 3244 398 3299 Θεοῦ
446 3244 632 3314 ἡμῶν.
674 3248 782 3301 Καὶ
832 3248 1176 3312 ὲνδεικτικῶς
1227 3251 1306 3312 εἰς
1333 3251 1530 3304 αὑτόν·
1561 3252 1681 3318 Πρὸ

93 3335 210 3389 τοῦ
233 3336 411 3403 ἡλίου
436 3335 694 3406 διαμένει
710 3337 776 3392 τὸ
802 3338 991 3409 ὄνομα
1016 3340 1222 3402 αὑτοῦ,
1245 3342 1339 3395 καὶ
1363 3343 1681 3412 ὲνευλογη-

93 3428 392 3492 θήσονται
408 3429 479 3482 ἐν
502 3429 662 3496 αὐτῷ
681 3429 871 3486 πᾶσαι
897 3435 957 3486 αὶ
981 3433 1168 3502 φυλαὶ
1191 3431 1303 3502 τῆς
1324 3432 1458 3502 γῆς.
1495 3435 1680 3488 Πάντα

91 3520 167 3574 τὰ
199 3518 330 3590 ἔθνη
362 3521 720 3591 μακαριοῦσίν
757 3524 938 3591 αὑτὸν,
978 3525 1072 3580 καὶ
1112 3524 1482 3579 δουλεύσουσιν
1530 3525 1679 3598 αὑτῷ

93 3612 199 3665 καὶ
246 3615 711 3686 προσκυνήσουσιν
757 3616 935 3687 αὐτῷ·
973 3619 1065 3671 καὶ
1097 3619 1178 3672 ὅτι
1208 3618 1524 3688 Ἐγνώρισε
1565 3621 1681 3674 Κύ-

82 3721 227 3773 ριος
265 3702 331 3756 τὸ
371 3705 669 3773 σωτήριον
697 3709 884 3762 αὑτοῦ
915 3713 1028 3774 τοῖς
1070 3711 1201 3773 υἱοῖς
1237 3711 1471 3783 Ἰσραήλ.
1514 3707 1680 3776 Αὖθίς

87 3812 156 3846 τε
188 3795 223 3864 ἡ
257 3795 416 3866 τιμία
447 3797 539 3849 καὶ
584 3798 1002 3870 ἀγγελοπεπρὴς
1051 3801 1144 3856 τοῦ
1193 3802 1358 3872 σοφοῦ
1396 3802 1677 3873 Μαλαχίου

89 3887 253 3959 φωνή
276 3903 291 3918 ⁸
326 3885 479 3940 ’Ῑδοὺ
507 3887 620 3958 ἐγὼ
649 3890 964 3944 ἀποστελῶ
991 3893 1097 3945 τὸν
1132 3892 1388 3963 ἄγγελόν
1409 3911 1552 3962 μου,
1579 3893 1680 3947 καὶ

88 3977 400 4047 ἑτοιμάσει
430 3979 574 4033 ὁδὸν
597 3981 709 4050 πρὸ
747 3983 1064 4050 προσώπου
1094 4001 1227 4038 σου
1264 3985 1360 4038 καὶ
1386 3985 1676 4053 ἐξαίφνης

91 4070 236 4137 ἣξει
269 4073 355 4136 είς
383 4070 492 4124 τὸν
532 4072 681 4127 ναὸν
719 4074 905 4128 αὑτοῦ
935 4076 1170 4143 Κύριος,
1214 4076 1314 4131 καὶ
1351 4079 1384 4132 ό
1423 4075 1676 4146 ἅγγελος

87 4167 547 4237 τῆςεδιαθήκης,
579 4169 651 4223 ὃν
673 4171 844 4240 ὑμεῖς
868 4171 1089 4228 θέλετε.

171 4461 284 4514 Καὶ
307 4461 485 4526 ἄλλοις
515 4457 734 4516 ἂλλοθεν
778 4476 1128 4535 προφητικῶν
1168 4457 1360 4534 λογίων
1394 4473 1675 4538 μυστικοῖς

88 4552 288 4609 ἄνθεσι
351 4553 412 4606 τὸ
451 4554 695 4622 θεολόγον
730 4557 823 4608 καὶ
867 4557 1135 4628 μακάριον
1160 4558 1354 4628 στέφος
1391 4561 1672 4628 ὲπλέξατο,

88 4645 322 4701 ἀσθενεῖ
353 4647 451 4717 μὲν
496 4649 578 4700 ἔτι
610 4649 704 4701 καὶ
752 4649 1043 4720 ὑποτρόμῳ
1083 4651 1245 4721 χειρὶ,
1275 4651 1348 4714 ὡς
1376 4652 1440 4723 δὴ
1480 4654 1677 4724 προϐε-

90 4738 305 4806 ϐηκυῖα
353 4739 410 4791 ὲν
448 4739 681 4808 ἡμέραις
732 4739 970 4803 πολλαῖς.
1017 4742 1091 4794 Οὐ
1122 4740 1230 4813 γάρ
1270 4759 1372 4795 που
1416 4744 1675 4815 ἐχωρεῖτο

88 4832 222 4886 τότε
252 4832 362 4894 τοῖς
391 4831 679 4886 ἀκούουσιν
720 4834 754 4903 ἠ
781 4833 890 4886 τῶν
937 4834 1155 4904 ὑψηλῶν
1190 4837 1318 4906 περὶ
1342 4835 1435 4888 τοῦ
1466 4837 1674 4910 Κυρίου

88 4921 387 4992 νοημάτων
405 4923 698 4993 ἀφήγησις,
733 4925 820 4976 ὅτε
855 4925 948 4978 καὶ
980 4927 1119 4996 μετὰ
1146 4927 1244 4998 τὴν
1273 4927 1537 4998 τοσαύτην
1565 4927 1676 4982 τῶν

89 5015 344 5087 σημείων
363 5015 620 5080 ἐπίδειξιν
649 5017 742 5070 καὶ
770 5016 876 5069 τῶν
902 5017 1098 5072 ἐνθέων
1134 5019 1446 5090 μυστηρίων
1472 5021 1678 5092 ἀνακη-

91 5106 254 5178 ρυξιν
305 5105 334 5157 ό
371 5105 480 5158 τῶν
509 5106 608 5176 τῆς
641 5107 832 5175 σοφίας
864 5107 956 5160 καὶ
987 5105 1085 5177 τῆς
1106 5108 1357 5178 γνώσεως
1380 5108 1671 5182 θησαυρῶν

82 5198 295 5270 ταμίας
318 5199 550 5271 Χριστὸς
582 5203 692 5262 τοῖς
721 5198 913 5254 ἑαυτοῦ
942 5199 1092 5269 ἔλεγε
1116 5200 1384 5272 μαθηταῖς
1408 5219 1421 5234 ο
1463 5203 1670 5258 Πολλὰ

81 5292 240 5362 ὑμῖν
267 5293 385 5361 ἔχω
442 5292 734 5361 λαλῆσαι,
776 5293 914 5346 ἀλλ’
949 5294 1020 5347 οὐ
1058 5292 1322 5350 δύνασθε
1344 5295 1670 5359 βαστάζειν

82 5384 247 5452 (ipsi.
269 5385 520 5455 Ὀμωςεί
546 5384 640 5437 καὶ
665 5381 920 5453 ἀμυδρῶς
943 5385 976 5455 ή
1006 5383 1246 5454 γηραλέα
1275 5386 1367 5439 καὶ
1397 5386 1669 5457 προφῆτις

80 5475 184 5531 τὸν
211 5477 341 5546 περὶ⁵
366 5472 462 5528 τοῦ
494 5473 698 5546 Κυρίου
731 5475 1022 5545 ἐποιήσατο
1049 5475 1228 5546 λόγον,
1261 5476 1338 5540 ὡς
1369 5477 1463 5531 τοῦ
1497 5476 1663 5548 νόμου

175 5677 222 5707 ⁸⁸
254 5677 272 5731 1
303 5677 431 5732 Cor.
465 5693 575 5739 xiv,
597 5676 652 5731 2.
732 5678 772 5707 ‘7
795 5679 897 5732 lsa.
933 5694 1006 5743 ιιι,
1040 5678 1090 5734 6.
1171 5679 1212 5709 ’⁵⁸
1240 5677 1342 5734 lsa.
1381 5694 1468 5741 ιιι.
1499 5681 1552 5733 l.

89 5750 184 5816 17,
221 5747 298 5802 ll.
377 5749 420 5780 "
451 5747 595 5822 l’sal.
639 5763 800 5814 xcvn,
829 5748 884 5816 2,
912 5749 964 5805 5.

1645 5680 1687 5710 δ’
1711 5677 1854 5732 Psal.
1893 5693 2121 5738 Lxxxw,
2158 5680 2245 5738 Η.

1076 5749 1123 5781 ⁵³
1151 5747 1379 5820 Malae-lt.
1419 5766 1504 5816 ιιι,
1543 5751 1594 5804 8.
1675 5750 1719 5782 "
1748 5747 1908 5806 Joan.
1942 5766 2049 5817 ενι,
2091 5751 2172 5807 Ιῖὶ.

1793 511 2054 582 mysteria
2083 511 2256 582 loqui,
2275 518 2338 566 ut
2367 509 2587 566 divinus
2613 507 2790 579 inquit
2818 507 3112 578 Apostolus
3131 506 3200 569 ⁸⁸,
3231 506 3360 560 edo-

1789 603 1864 655 cti
1902 608 2072 657 sunt:
2109 608 2390 672 quatenus
2424 608 2607 656 autem
2640 615 2744 655 nos
2788 599 3103 671 conjectura
3139 598 3357 668 assequi

1789 691 2094 762 potuimus,
2138 693 2303 747 etiam
2354 691 2491 748 alias
2546 692 2604 747 in
2667 692 2762 746 illo
2816 699 3062 759 tempore
3121 689 3360 744 dicimus

1789 783 2037 852 ejusdem
2071 798 2196 838 cum
2224 783 2387 839 beata
2424 784 2528 839 hac
2555 782 2794 842 nominis
2822 779 3017 843 fuisse,
3041 795 3161 850 quae
3195 780 3358 834 etiam

1790 874 2021 940 eisdem,
2054 875 2259 945 quibus
2317 874 2431 938 illa,
2461 874 2638 930 sacris
2691 873 2910 935 studiis,
2943 878 3002 926 ut
3049 871 3101 924 in
3135 869 3361 940 jejuniis

1789 976 1844 1021 et
1897 966 2248 1022 orationibus
2305 967 2531 1022 assidue
2577 971 3014 1036 perseverarent,
3058 963 3254 1018 deditae
3306 968 3362 1017 et

1789 1053 2018 1112 addicite
2061 1065 2273 1114 essent.
2323 1055 2399 1113 Ut
2433 1055 2604 1127 igitur
2655 1063 2805 1110 certa
2850 1062 2996 1112 esset
3024 1062 3078 1110 et
3134 1053 3204 1108 ab
3235 1051 3360 1106 aliis

1788 1147 2033 1204 discerni
2061 1147 2223 1205 facile
2268 1157 2454 1220 posset
2504 1149 2672 1219 hujus
2702 1163 2960 1221 persona,
3012 1146 3184 1218 patris
3237 1144 3358 1216 ejus

1787 1241 2055 1296 mentioni
2085 1243 2251 1296 etiam
2303 1243 2580 1314 propriam
2617 1242 2767 1297 illius
2809 1241 3010 1296 tribum
3061 1237 3357 1308 ascripsit:

1790 1347 1854 1386 ac
1889 1333 2103 1404 magnis
2126 1334 2404 1399 laudibus,
2435 1349 2556 1406 qua:
2586 1349 2815 1406 prorsus
2840 1334 3004 1388 etiam
3038 1331 3181 1402 apud
3204 1330 3361 1386 audi-

1789 1432 1958 1488 tores,
1990 1423 2060 1478 iis
2096 1439 2221 1494 qua:
2245 1424 2313 1480 de
2343 1423 2576 1482 Domino
2602 1438 2821 1496 quoque
2859 1421 3101 1489 dicebat,
3136 1421 3245 1476 vim
3295 1419 3360 1473 ll-

1788 1513 1875 1570 dei
1905 1516 2170 1572 facienda:
2198 1518 2478 1582 haberent,
2508 1533 2628 1572 eam
2665 1516 2908 1572 cumulat
2937 1523 2990 1572 et
3018 1523 3199 1571 ornat.
3250 1513 3361 1570 Sed

1789 1607 2074 1676 quoniam,
2108 1616 2168 1664 ut
2219 1608 2431 1663 dictum
2477 1616 2583 1673 est,
2621 1616 2878 1664 senectus
2935 1607 3169 1664 orationi
3206 1604 3360 1662 vocis

1788 1695 2178 1760 claritudinem
2212 1707 2270 1754 et
2299 1699 2668 1754 resonantiam
2708 1697 2932 1762 ademit,
2978 1697 3203 1768 propius
3237 1695 3361 1766 ejus

1787 1788 1944 1858 quasi
1971 1789 2054 1842 ori
2086 1789 2288 1846 mentis
2307 1804 2508 1859 aurem
2544 1790 2920 1854 admoventes,
2957 1805 3053 1860 per
3082 1804 3202 1845 eam
3234 1803 3362 1858 qua)

1788 1881 2044 1951 praesenti
2076 1880 2307 1937 inhaeret
2342 1890 2397 1937 et
2429 1881 2595 1938 insita
2642 1890 2728 1938 est
2773 1888 3116 1953 argumento,
3148 1887 3360 1934 scruta-

1787 1973 2016 2038 tionem,
2047 1974 2332 2030 videamus
2362 1974 2626 2045 quidnam
2666 1975 2832 2030 etiam
2865 1974 2981 2030 haec
3019 1973 3228 2028 diceret
3263 1971 3354 2036 iis,

1786 2066 1879 2136 qui
1903 2064 2269 2138 Jerosolymis
2297 2067 2688 2138 exspectabant
2718 2066 3169 2137 redemptionem.
3195 2062 3354 2129 Nam,

1786 2150 1948 2226 prout
1979 2168 2411 2219 consentaneum
2445 2175 2509 2215 ac
2541 2173 2639 2228 par
2677 2167 2763 2215 est
2819 2158 3083 2224 cogitare.
3117 2171 3186 2212 ex
3217 2154 3358 2210 scri-

1785 2249 1894 2318 ptis
1923 2250 2312 2320 prophetarum
2341 2253 2408 2308 de
2447 2251 2681 2306 Domino
2711 2249 2879 2306 verba
2908 2248 3145 2304 faciebat
3174 2266 3187 2302 :
3219 2262 3358 2318 quo-

1785 2339 1930 2392 niam
1961 2347 2014 2394 et
2047 2340 2149 2405 illi,
2179 2341 2245 2395 ad
2282 2356 2425 2412 quos
2473 2341 2590 2396 ltzec
2638 2343 2758 2395 eam
2803 2339 2953 2410 loqui
3002 2324 3358 2409 Eva'ngclium

1783 2430 1942 2494 dixit,
1976 2448 2205 2502 prorsus
2236 2449 2302 2489 ex
2348 2434 2552 2492 divinis
2598 2433 2840 2489 oraculis
2885 2422 3006 2503 quae
3047 2437 3268 2487 exstant
3298 2429 3357 2484 in

1784 2522 2102 2590 praphetis,
2152 2520 2468 2578 didicerant
2522 2523 2954 2594 redemptionem
3011 2530 3353 2591 exspectare.

1782 2610 2022 2669 Prorsus
2053 2613 2118 2667 ad
2167 2613 2594 2671 describendum
2645 2617 2964 2687 mysterium
3001 2616 3056 2670 in
3099 2623 3356 2685 promptu

1783 2703 1974 2757 habuit
2031 2706 2214 2776 magni
2257 2704 2414 2762 Isaiae
2444 2707 2648 2762 verba:
2697 2707 2838 2762 Puer
2869 2717 3025 2762 natus
3066 2717 3143 2761 est
3182 2705 3354 2770 nobis,

1782 2796 1928 2864 ﬁlius
1951 2797 2110 2851 etiam
2135 2798 2295 2852 datus
2323 2808 2402 2852 est
2437 2798 2607 2862 nobis,
2635 2800 2784 2870 cujus
2820 2799 3096 2870 imperium
3125 2798 3230 2868 fuit
3263 2816 3355 2851 su-

1780 2872 1870 2949 per
1899 2885 2175 2940 humerum
2234 2889 2374 2957 ejus,
2423 2898 2472 2943 et
2519 2903 2738 2944 vocatur
2766 2906 2949 2943 nomen
3002 2888 3139 2958 ejus,
3177 2889 3357 2959 magni

1782 2976 1991 3028 consilii
2009 2975 2243 3030 Nuntius
2264 2979 2328 3030 ιτ.
2345 2979 2497 3035 Adde
2520 2980 2606 3035 his
2628 3003 2642 3036 ;
2670 2979 3002 3045 Illuminare,
3028 2979 3354 3045 illuminare,

1781 3066 2080 3122 Jerusalem
2111 3087 2130 3124 :
2165 3072 2301 3125 venit
2344 3074 2484 3127 enim
2521 3075 2698 3128 lumen
2742 3085 2888 3129 tuum
2911 3088 2932 3126 :
2965 3085 3016 3129 et
3051 3074 3221 3145 gloria
3245 3073 3356 3128 Do-

1785 3161 1915 3214 mini
1943 3179 2098 3232 super
2149 3173 2196 3218 te
2227 3175 2412 3218 exorta
2446 3176 2524 3220 est
2558 3167 2626 3221 “.
2668 3165 2842 3221 Etiam
2893 3182 3126 3238 magnus
3183 3164 3360 3224 David

1783 3253 2237 3322 producebatur:
2275 3255 2649 3312 Misericordia
2688 3269 2737 3313 et
2769 3259 2961 3313 veritas
3013 3259 3115 3312 sibi
3145 3256 3357 3312 obviam

1782 3354 2050 3408 venerunt,
2074 3345 2292 3415 justitia
2320 3356 2369 3400 et
2399 3362 2507 3415 pax
2528 3364 2638 3402 sese
2660 3358 2838 3402 mutuo
2865 3349 3118 3403 osculata:
3138 3359 3260 3403 sunt
3283 3349 3360 3420 “;.

1782 3442 1858 3502 et,
1899 3433 2150 3489 Viderunt
2176 3422 2353 3491 omnes
2378 3439 2508 3506 ﬁnes
2532 3448 2682 3494 terrae
2705 3439 2942 3493 salutare
2961 3439 3057 3495 Dei
3087 3440 3257 3493 nostri
3281 3439 3351 3495 ⁵⁸.

1784 3527 1862 3581 Ac
1892 3528 2190 3583 indicative
2214 3528 2282 3582 de
2319 3545 2385 3584 eo
2413 3548 2426 3584 :
2461 3529 2599 3585 Ante
2630 3532 2812 3596 solem,
2841 3531 3040 3602 inquit,
3082 3542 3356 3602 permanet

1782 3637 1967 3675 nomen
2018 3623 2165 3690 ejus,
2212 3639 2274 3675 ac
2328 3624 2697 3678 benedicentur
2745 3626 2798 3679 in
2849 3643 2908 3680 eo
2957 3643 3133 3682 omnes
3186 3627 3355 3682 tribus

1780 3700 1969 3768 terris.
2005 3713 2193 3768 Omnes
2241 3724 2414 3784 gentes
2471 3714 2678 3769 beatum
2722 3734 2840 3771 eum
2889 3719 3098 3784 dicunt,
3146 3733 3192 3776 et
3244 3739 3357 3776 scr-

1782 3807 1915 3859 t'ient
1966 3807 2056 3872 ei,
2115 3817 2164 3860 et
2210 3808 2508 3862 adorabunt
2565 3826 2683 3863 eum
2721 3811 2801 3876 ⁵¹;
2847 3820 2932 3877 et,
2985 3811 3185 3867 Notum
3231 3816 3358 3885 fecit

1781 3896 2039 3953 Dominus
2092 3900 2332 3954 salutare
2368 3918 2523 3955 suum
2573 3902 2702 3959 ﬁliis
2758 3904 2924 3960 Israel
2981 3906 3048 3959 ".
3085 3905 3357 3965 Praeterea

1784 3990 2024 4059 pretiosa
2054 4001 2109 4046 et
2136 3993 2387 4063 angelica
2432 3995 2698 4063 sapientis
2736 3993 3018 4051 Malacltize
3039 4015 3142 4054 vox
3173 4003 3356 4070 prole-

1783 4081 2043 4137 rebatur:
2077 4081 2210 4138 Ecce
2255 4101 2348 4156 ego
2395 4087 2604 4139 mittam
2648 4090 2890 4142 nuntium
2930 4106 3123 4154 meum,
3168 4102 3220 4146 et
3257 4109 3355 4162 pa-

1784 4171 1924 4224 rabit
1955 4173 2093 4226 viam
2133 4185 2254 4229 ante
2298 4176 2489 4244 facient
2525 4187 2704 4244 tuam,
2758 4190 2809 4234 et
2871 4191 3077 4250 repente
3111 4185 3274 4238 veniet
3301 4185 3356 4238 in

1792 4265 2038 4334 templum
2060 4283 2214 4322 suum
2251 4268 2530 4336 Dominus,
2563 4281 2613 4325 et
2639 4273 2853 4328 nuntius
2874 4277 3175 4330 testamenti
3203 4293 3354 4348 quem

1706 4337 1754 4395 D
1784 4373 1870 4410 vos
1905 4358 2059 4412 vultis
2084 4358 2150 4415 ⁸³.

1851 4449 2030 4520 Atque
2059 4451 2185 4507 aliis
2215 4451 2438 4510 aliunde
2487 4455 2723 4526 sumptis
2780 4456 3034 4528 mysticis
3069 4457 3353 4529 propheti-

1782 4559 1970 4598 corum
2001 4547 2353 4602 oraculorum
2375 4546 2628 4615 ﬂoribus,
2651 4565 2912 4605 coronam
2944 4551 3092 4606 illam
3114 4553 3352 4619 beatam,

1781 4653 1889 4707 qua
1923 4637 2163 4693 divinam
2220 4647 2472 4694 naturam
2530 4641 2865 4712 esplicabat,
2923 4643 3088 4698 debili
3131 4647 3354 4716 quidem

1779 4731 1960 4786 adhuc
1984 4741 2038 4787 et
2070 4732 2426 4788 tremebunda
2472 4749 2659 4801 manu,
2689 4745 2875 4807 utpote
2928 4739 3160 4793 multum
3193 4748 3356 4794 aetate

1777 4831 2058 4892 provecta,
2100 4826 2293 4880 nexuit
2317 4833 2373 4882 et
2406 4827 2779 4882 concinnavit.
2823 4829 2979 4885 Tunc
3009 4833 3154 4886 enim
3211 4831 3354 4888 forte

1777 4929 1976 4985 capere
2017 4931 2128 4971 non
2161 4926 2417 4988 poterant
2451 4919 2736 4976 auditores
2792 4922 3111 4978 sublimium
3147 4924 3213 4978 de
3246 4923 3352 4978 Do-

1777 5009 1926 5064 mino
1985 5013 2386 5068 sententiarum
2436 5016 2809 5071 narrationem
2839 5058 2855 5082 ,
2913 5016 3134 5087 quando
3185 5018 3351 5073 etiam

1777 5111 1901 5172 post
1928 5109 2008 5157 tot
2038 5104 2323 5172 signorum
2350 5104 2669 5172 editionem,
2699 5123 2762 5162 ac
2798 5107 3109 5164 divinorum
3145 5121 3350 5180 myste-

1776 5196 1984 5250 riorum
2045 5197 2492 5267 praedicationem
2541 5199 2823 5268 sapientia:
2872 5207 3039 5270 atque
3105 5202 3350 5258 scientiae

1776 5291 2163 5346 thesaurorum
2209 5291 2560 5363 dispensator
2597 5293 2850 5349 Christus
2895 5293 3011 5350 suis
3059 5294 3353 5365 discipulis

1774 5385 2032 5439 dicebat:
2075 5384 2253 5439 Multa
2295 5387 2456 5440 habeo
2494 5402 2610 5457 qua:
2647 5385 2792 5440 vobis
2846 5386 3058 5457 loquar,
3119 5388 3207 5442 sed
3244 5404 3350 5443 non

1772 5480 1992 5545 potestis
2017 5495 2153 5532 nunc
2185 5487 2398 5548 portare
2427 5479 2493 5534 ".
2521 5477 2627 5534 Sed
2662 5478 2826 5534 etiam
2861 5478 2907 5534 si
2940 5478 3177 5536 obscure
3211 5495 3350 5536 anus

2338 5683 2387 5715 '°
2415 5679 2562 5737 Psal.
2593 5695 2757 5748 mu,
2785 5682 2838 5739 5.
2935 5681 2976 5715 ἰ
3021 5677 3165 5736 Psal.
3194 5696 3342 5746 Lxxt,
