3822 6402
445 304 582 364 1179

1351 300 1409 354 S.
1451 293 1804 364 GREGORII,
1843 291 1932 349 DE
1965 286 2288 348 OCCURSU
2331 285 2587 353 DOMINI,
2629 282 2774 340 ETC.

3569 272 3712 328 H80

439 424 535 478 illa
573 429 628 478 et
659 418 1005 493 prophetissa
1036 417 1104 474 de
1137 417 1366 474 Domino
1416 417 1578 472 verba
1635 415 1787 483 fecit,
1827 420 2054 485 utpote,

2170 427 2320 480 [ουσα
2371 408 2684 480 πρόσωπον,
2719 404 2856 472 ὅπερ
2886 396 3190 453 παλαιωθέν
3221 414 3282 450 τε
3309 394 3408 448 καὶ
3441 393 3712 464 γηράσας

441 513 581 584 legis
608 511 893 567 sustinens
923 523 1241 580 personam,
1272 523 1395 578 quae
1419 507 1723 562 inveterata
1757 509 2022 575 senioque

443 604 725 668 confecta,
788 617 852 657 ac
902 616 1074 672 prope
1116 599 1185 654 ad
1247 601 1528 655 interitum
1589 600 1813 654 redacta
1871 596 2023 652 Novo

446 695 806 750 Testamento
835 693 1046 748 cessit:
1084 703 1463 747 verumtamen
1525 706 1636 746 non
1670 689 1878 746 inutilis
1937 689 2024 743 in-

449 767 832 860 telligentibds
871 785 1218 840 auditoribus
1265 785 1388 856 ejus
1448 784 1840 840 sermocinatio
1897 782 2021 845 fuit,

445 879 908 950 quemadmodum
936 892 1038 934 nec
1067 892 1155 942 ea,
1191 892 1314 948 qua:
1344 892 1374 930 a
1406 875 1548 949 Lege
1577 893 1672 946 per
1713 875 1935 930 umbras
1973 883 2028 928 et

447 972 742 1042 aenigmata
801 971 1207 1039 verborumque
1267 969 1552 1024 involucra
1617 969 1804 1033 ﬁebat,
1843 967 2025 1038 magni

450 1067 702 1136 mysterii
731 1064 1198 1135 praesigniﬁcatio.
1234 1061 1430 1119 Venite
1452 1063 1638 1134 igitur,
1670 1077 1769 1116 vos
1809 1076 2029 1131 quoque

453 1165 638 1227 patres
671 1166 726 1212 et
757 1156 957 1212 fratres
981 1156 1319 1226 spirituales,
1355 1156 1448 1224 qui
1503 1154 1620 1208 dies
1672 1151 1842 1208 festos
1882 1152 2028 1207 cele-

453 1252 616 1306 brar'e
641 1259 694 1306 et
727 1249 940 1320 epulari
975 1249 1250 1305 didicistis
1294 1248 1350 1302 in
1417 1248 1658 1301 novitate
1689 1246 1919 1316 spiritus
1976 1252 2030 1299 et

453 1357 567 1398 non
599 1358 693 1412 per
725 1343 919 1396 litterae
972 1350 1321 1402 vetustatem,
1367 1339 1461 1409 qui
1511 1339 1567 1392 in
1606 1339 1813 1409 azymis
1849 1339 2032 1392 since-

456 1436 639 1490 ritatis
673 1443 726 1490 et
753 1434 999 1490 veritatis
1061 1435 1366 1504 pretiosum
1397 1439 1451 1485 et
1501 1430 1779 1485 viviﬁcum
1817 1427 2030 1483 Pascha

456 1531 695 1584 victimae
721 1530 926 1584 Christi
965 1529 1246 1582 celebrare
1281 1526 1532 1581 debetis:
1577 1523 1673 1594 qui
1723 1521 1907 1577 divina
1946 1536 2032 1574 re-

459 1621 812 1692 generatione
863 1622 1007 1675 sacri
1054 1619 1408 1689 baptismatis
1445 1627 1684 1671 veterem
1732 1614 2031 1676 hominem,

462 1716 557 1785 qui
595 1714 751 1784 juxta
792 1711 1279 1783 concupiscentias
1316 1710 1692 1764 fraudulentas
1718 1721 2035 1776 corrumpe-

463 1807 648 1869 batur,
689 1805 1047 1875 deposuistis,
1097 1811 1150 1858 et
1204 1817 1428 1864 novum,
1463 1802 1556 1871 qui
1616 1807 1913 1855 renovatur
1970 1797 2036 1851 ad

467 1898 801 1966 agnitionem
863 1896 1021 1966 juxta
1086 1895 1380 1964 imaginem
1411 1893 1714 1956 Creatoris,
1756 1890 2036 1954 induistis,

480 1988 657 2042 Venite
682 1987 1006 2042 exsultemus
1040 1985 1292 2049 Domino,
1331 1984 1624 2054 jubilemus
1658 1982 1766 2038 Deo
1811 1982 2041 2035 salutari

465 2091 669 2136 nostro.
703 2079 959 2136 Dicamus
1000 2080 1158 2144 illud,
1197 2078 1374 2145 Quam
1414 2077 1682 2132 terribilia
1730 2091 1887 2144 opera
1927 2086 2040 2140 tua,

473 2174 718 2237 Domine,
751 2174 852 2229 etsi
888 2173 942 2226 in
991 2171 1340 2226 multitudine
1376 2169 1637 2240 potentiae
1680 2176 1787 2223 tua:
1832 2166 2043 2221 inimici

469 2267 548 2320 tui
583 2265 831 2320 frustrati
889 2275 1040 2328 sunt,
1098 2273 1293 2334 sponte
1353 2277 1452 2318 sua
1484 2261 1553 2315 ad
1613 2260 1860 2314 divinum
1889 2265 2045 2312 tuum

472 2360 680 2418 lumen,
711 2357 856 2426 quod
898 2355 1102 2409 mundo
1129 2354 1416 2425 apparuit,
1465 2353 1657 2406 oculos
1708 2350 2044 2406 claudentes.

473 2449 908 2519 Praoccupemus
959 2449 1150 2518 {aciem
1208 2447 1322 2517 ejus
1383 2447 1436 2500 in
1486 2446 1836 2514 confessione,
1891 2453 1937 2497 et
1994 2443 2050 2496 in

474 2541 693 2612 psalmis
701 2541 990 2610 jubilemus
1019 2538 1406 2595 ei.t)ll'eramus
1429 2553 1648 2606 semper
1679 2537 1790 2590 Deo
1809 2536 2044 2590 hostiam

475 2634 830 2698 laudationis,
869 2634 971 2686 hoc
1028 2639 1133 2696 est,
1175 2630 1412 2685 fructum
1474 2629 1744 2684 labiorum
1775 2627 2046 2682 confiten-

477 2728 610 2781 tium
645 2726 854 2780 nomini
889 2726 1031 2794 ejus,
1066 2737 1166 2778 nec
1193 2722 1590 2779 obliviscamur
1638 2721 1891 2776 beneﬁcii
1932 2719 2051 2790 ejus

477 2833 641 2887 atque
666 2815 1179 2872 communicationis
1205 2833 1216 2868 :
1248 2813 1450 2868 talibus
1473 2814 1619 2868 enim
1647 2813 1888 2866 victimis
1914 2809 2055 2865 Deus

479 2913 780 2966 delet-tatur
841 2918 1006 2978 atque
1066 2909 1317 2977 placatur
1343 2907 1412 2970 ",
1471 2913 1530 2959 ut
1587 2905 1782 2960 sordes
1847 2904 2057 2974 peccati

479 3005 792 3065 abluamus,
833 3010 889 3056 et
941 3002 1294 3056 renovabitur
1351 3001 1495 3054 sicut
1543 2998 1742 3068 aquila:
1792 2997 2057 3066 juventus

2123 501 2219 555 καὶ
2269 501 2437 569 ἐγγὺς
2493 491 2804 567 ἀφανισμοῦ
2837 489 3080 560 γεγονὸς,
3120 491 3188 559 τῇ
3226 489 3406 557 Καινῇ
3453 483 3716 554 Διαθήκῃ

2126 588 2519 663 παρεχώρησεν
2541 604 2555 616 ·
2588 584 2702 640 ἀλλ’
2732 580 2826 637 οὐν
2856 581 2956 634 οὐκ
2984 577 3280 650 ἀσυντελὴς
3309 579 3344 648 ή
3368 575 3506 645 παρ’
3539 575 3714 640 αὐτῆς

2123 682 2354 746 διάλεξις
2376 683 2489 743 τοῖς
2519 678 2758 739 συνετοῖς
2783 674 3079 745 ἀκροαταῖς
3101 670 3342 739 γέγονεν,
3365 667 3569 736 ὥσπερ

2127 779 2162 847 ή
2202 774 2350 844 παρὰ
2393 771 2488 825 τοῦ
2520 771 2686 842 νόμου
2725 769 2782 821 ὲν
2826 767 3006 828 σκιαῖς
3037 763 3132 816 καὶ
3171 761 3458 830 αἰνίγμασι
3489 757 3590 810 τοῦ
3615 774 3715 826 με-

2128 869 2295 938 γάλου
2355 863 2654 937 μυστηρίου
2727 857 3201 931 προαναφώνησις.
3253 853 3419 906 Δεῦτε
3468 847 3568 904 οὖν
3620 851 3717 900 καὶ

2132 961 2309 1032 ὑμεῖς,
2342 957 2583 1028 Πατέρες
2611 954 2705 1008 καὶ
2743 951 2962 1019 ἀδελφοὶ
3002 946 3384 1018 πνευματικοὶ,
3415 949 3466 997 οἱ
3520 941 3714 1011 ἑορτά⁴

2130 1053 2243 1118 ζειν
2271 1049 2636 1118 δεδιδαγμένοι
2659 1049 2715 1099 ὲν
2742 1043 3019 1113 καινότητι
3042 1040 3372 1109 πνεύματος,
3401 1037 3502 1089 καὶ
3525 1036 3589 1087 οὐ
3613 1052 3717 1084 πα-

2128 1145 2370 1215 λαιότητι
2416 1142 2761 1213 γράμματος,
2797 1138 2846 1190 οἱ
2877 1139 2936 1190 ὲν
2973 1133 3203 1205 ἀζύμοις
3232 1129 3594 1202 είλικρινείας
3623 1128 3715 1178 καὶ

2131 1237 2384 1307 ἀληθείας
2416 1234 2474 1288 τὸ
2500 1234 2680 1304 τίμιον
2719 1229 2814 1283 κα)⁸
2864 1226 3122 1306 ζωοποιὺν
3152 1224 3346 1294 Πάσχα
3380 1225 3486 1288 τῆς
3523 1220 3714 1280 θυσίας

2133 1331 2367 1404 Χριστοῦ
2403 1328 2678 1400 ἑορτάζειν
2723 1324 3056 1392 ὀφείλοντεςυ
3090 1321 3138 1372 οἱ
3173 1321 3237 1388 τῇ
3274 1315 3397 1386 θεία
3419 1315 3718 1380 ἀναγεννήο

2135 1423 2340 1480 σει.τοῦ
2392 1422 2549 1490 ἁγίου
2605 1418 2977 1489 βαπτίσματος
3017 1413 3108 1466 τὸν
3157 1410 3388 1463 παλαιὸν
3432 1406 3722 1476 ἄνθρωπον

2133 1519 2482 1588 ἀποθέμενοι,
2526 1513 2617 1566 τὸν
2671 1510 2812 1564 κατὰ
2870 1509 2968 1572 τὰς
3019 1505 3314 1576 ἐπιθυμίας
3355 1503 3456 1571 τῆς
3510 1500 3724 1567 ἀπάτης

2135 1611 2508 1682 φθειρόμενον,
2562 1605 2657 1658 καὶ
2673 1603 2766 1656 τδν
2802 1600 2920 1654 νέον
2946 1597 3317 1666 ἐνδυσάμενοι,
3367 1594 3465 1645 τὸν
3501 1592 3725 1644 ἀνακαιο

2137 1704 2393 1774 νούμενον
2433 1700 2511 1762 είς
2557 1695 2850 1764 ἐπίγνωσιν
2877 1693 2998 1746 κατ’
3049 1689 3231 1743 εἰκόνα
3273 1684 3372 1738 τοῦ
3414 1682 3725 1740 κτίσαντος·

2069 1763 2109 1818 Β
2141 1763 2339 1857 Aelim,
2403 1786 2903 1860 ἀγαλλιασώμεθα
2944 1779 3024 1847 τῷ
3060 1779 3278 1847 Κυρίῳ,
3321 1771 3732 1839 ἁλαλὰξωμεγ

2143 1886 2221 1952 τῷ
2250 1883 2370 1951 Θεῷ
2403 1883 2482 1948 τῷ
2514 1879 2735 1948 σωτῆρι
2762 1876 2950 1948 ήμῶν.
2971 1873 3229 1944 Εἴπωμεν
3264 1869 3345 1933 τὸ,
3380 1869 3483 1932 Ὡς
3515 1867 3731 1933 eadem

2142 1983 2214 2034 τὰ
2242 1982 2385 2047 ἔργα
2412 1992 2550 2042 σου,
2580 1974 2754 2040 Κύριε
2773 1971 2793 2021 .'
2828 1973 2876 2022 εί
2903 1967 2997 2022 καὶ
3025 1968 3082 2019 ὲν
3111 1964 3188 2034 τῷ
3214 1960 3412 2031 πλήθει
3444 1962 3556 2029 τῆς
3583 1957 3732 2009 δυνά-

2148 2071 2289 2143 μεώς
2316 2087 2410 2122 σου
2442 2071 2490 2121 οἱ
2519 2065 2702 2137 ἐχθροί
2741 2080 2832 2116 σου
2862 2059 3178 2130 ἐψεύσαντο,
3207 2051 3482 2114 ἑκουσίως
3519 2048 3656 2143 πρδς
3682 2047 3735 2098 τὸ

2146 2141 2312 2232 ιρανὲν
2337 2161 2414 2231 τῷ
2438 2159 2628 2230 κόσμῳ
2655 2155 2795 2209 θεῖόν
2829 2170 2920 2206 σου
2951 2149 3200 2220 φῶςτούς
3237 2143 3570 2214 ὀφθαλμοὺς

2151 2231 2438 2324 μύσαντες.
2479 2246 2924 2318 Προφθὰσωμεν
2954 2241 3022 2295 τὸ
3071 2240 3399 2308 πρόσωπον
3439 2231 3635 2287 αὑτοῦ

2147 2322 2602 2416 ἐξομολογήσει,
2632 2339 2729 2394 καί
2752 2340 2820 2393 ἐν
2835 2335 3097 2407 ψαλμοῖς
3122 2329 3537 2397 diuidi,"pr
3559 2322 3729 2386 αὐτῷ.

2164 2437 2570 2507 Ἀνενέγκωμεν
2637 2433 2828 2486 θυσίαν
2873 2429 3128 2490 αἰνέσεως
3167 2423 3462 2484 διαπαντὸς
3493 2419 3578 2490 τῷ
3603 2417 3732 2485 Θεῷ,

2151 2534 2396 2588 τουτέστι
2421 2529 2632 2601 καρπὸν
2673 2525 2896 2597 χειλέων
2939 2519 3341 2592 ὁμολογούντων
3393 2513 3476 2583 τῷ
3519 2511 3733 2579 ὀνόματι

2155 2626 2340 2689 αὐτοῦ,
2374 2626 2472 2695 τῆς
2505 2639 2564 2674 τε
2616 2618 2863 2680 εὐποιίας
2906 2617 3000 2668 καὶ
3038 2612 3320 2673 κοινωνίας
3363 2607 3440 2678 μὴ
3471 2603 3732 2659 ὲπιλαθά-

2161 2720 2337 2791 μεθαο
2391 2715 2668 2777 τοιαύταις
2716 2711 2826 2783 γὰρ
2867 2709 3077 2769 θυσίαις
3126 2703 3516 2776 εὐαρεστεῖται
3547 2698 3577 2747 ὁ
3615 2696 3730 2755 est;

2158 2789 2246 2864 ἵνα
2291 2809 2381 2862 τὸν
2442 2807 2612 2879 ῥύπον
2674 2804 2772 2874 τῆς
2821 2800 3093 2872 ἁμαρτίας
3149 2789 3594 2862 ἀπονιᾲῦμεθα,
3655 2793 3730 2839 καί

2159 2900 2674 2972 ἀνακαινισθήσεται
2712 2897 2788 2959 ὡς
2811 2893 2971 2949 ἀετοῦ
3001 2895 3033 2964 ή
3062 2887 3411 2968 πνευματικὴ
3436 2883 3600 2954 ἡμῶν
3627 2881 3727 2932 νεὸ-

2159 3014 2256 3067 της
2281 3013 2292 3024 ·
2321 2993 2570 3062 καθάπερ
2597 2990 2691 3043 καὶ
2724 2986 2816 3041 τοῦ
2867 2983 3135 3057 μακαρίου
3182 2976 3496 3050 πρεσϐύτου
3524 2971 3727 3042 Συμεῶ·

483 3104 672 3152 uostra
704 3094 1039 3166 spiritualis:
1066 3093 1525 3163 quemadmodum
1547 3091 1710 3146 etiam
1737 3089 1879 3144 beati
1911 3089 2054 3143 senis

2170 3106 2273 3150 νος,
2300 3087 2384 3139 ἵνα
2417 3086 2508 3138 καὶ
2568 3084 2729 3154 ἡμεῖς
2782 3076 3073 3150 εἰρηνικῶς
3117 3091 3174 3127 τε
3212 3073 3308 3126 καὶ
3339 3066 3662 3138 περιχαρῶς
3690 3068 3729 3115 ὲν

485 3188 793 3248 Simeonis.
827 3196 886 3240 ut
924 3203 1024 3241 nos
1050 3202 1268 3256 quoque
1301 3185 1529 3253 paciﬁce
1579 3183 1890 3253 gaudioque
1939 3197 2062 3250 per—

485 3282 590 3336 fusi
623 3291 786 3350 atque
822 3278 1072 3333 hilariter
1100 3293 1225 3332 cum
1262 3278 1405 3332 bona
1443 3277 1651 3331 ﬁducia
1678 3291 1742 3330 ac
1779 3292 1878 3348 spe
1913 3277 2064 3331 salu-

485 3376 557 3429 tis
588 3372 652 3426 ad
685 3373 890 3427 exitum
922 3372 1046 3426 vitae
1097 3385 1410 3434 curramus,
1441 3377 1494 3424 et
1528 3385 1638 3424 non
1672 3384 1796 3424 cum
1857 3369 2065 3439 pudore

484 3473 538 3517 et
571 3475 739 3527 metu,
781 3470 836 3518 et
895 3463 1132 3533 quodam
1168 3461 1334 3515 modo
1388 3461 1638 3516 nolentes
1689 3470 1746 3516 et
1778 3460 1936 3516 inviti
1996 3459 2064 3514 ad

487 3540 717 3609 exitium
770 3556 891 3609 vitae
945 3555 1382 3610 contendamus:
1451 3553 1915 3623 quemadmodum
1971 3553 2065 3623 qui

491 3646 633 3701 male
665 3645 770 3702 sibi
802 3646 1011 3701 conscii
1047 3653 1198 3712 sunt,
1244 3659 1385 3715 aegre
1417 3659 1480 3697 ac
1513 3645 1743 3699 moleste
1776 3645 1922 3716 regis
1973 3647 2069 3698 ad-

491 3751 712 3795 ventum
754 3739 958 3794 ferunt.
991 3737 1274 3792 Imitemur
1316 3737 1489 3792 beata:
1537 3734 1705 3791 Anna:
1736 3736 1791 3791 in
1839 3735 2068 3807 jejuniis

491 3839 656 3900 atque
681 3830 1026 3885 orationibus
1050 3831 1372 3885 continuum
1397 3828 1639 3884 studium
1669 3836 1836 3900 atque
1874 3843 2070 3899 perpe-

492 3932 640 3978 tuam
673 3923 1032 3995 diligentiam,
1063 3938 1132 3978 ne
1185 3923 1414 3978 muliere
1444 3922 1748 3978 deteriores
1810 3937 1934 3978 esse
1987 3921 2072 3974 vi-

493 4017 743 4080 deamur,
777 4018 881 4073 sub
913 4017 1107 4072 nmhra
1143 4017 1300 4088 Legis
1343 4017 1650 4088 praesertim
1685 4017 1922 4078 vivente,
1975 4014 2069 4070 ubi

493 4111 697 4165 talibus
731 4110 1032 4166 virtutibus
1091 4112 1368 4165 clarorum
1419 4109 1703 4164 hominum
1761 4124 1889 4164 rara
1942 4118 2072 4163 sunt

493 4203 761 4273 exempla.
804 4201 1008 4258 Verum
1063 4218 1164 4258 nos
1197 4203 1289 4272 qui
1339 4202 1550 4258 lumine
1612 4203 1803 4272 gratiae
1837 4202 2071 4257 illustra-

496 4310 641 4358 mur,
681 4296 776 4364 qui
811 4310 938 4348 vera
966 4303 1019 4350 et
1058 4295 1348 4350 manifesta
1378 4311 1474 4365 spe
1505 4295 1737 4351 nitimur
1759 4301 1813 4349 et
1847 4293 2073 4363 adjuva-

499 4401 645 4450 inur,
675 4386 767 4457 qui
802 4387 1014 4441 viribus
1041 4385 1280 4455 Spiritus
1316 4385 1728 4450 confirmantur,
1767 4401 1835 4439 ne
1885 4383 2071 4439 disce-

497 4477 693 4532 damus
749 4493 779 4531 a
820 4479 996 4534 sacris
1057 4478 1348 4544 doctrinis,
1421 4493 1483 4532 ex
1552 4479 1755 4548 quibus
1814 4477 2074 4531 salutaris

499 4569 722 4624 habitus
757 4571 959 4626 animis
985 4572 1197 4626 innasci
1231 4574 1516 4626 consuevit
1547 4590 1560 4624 :
1611 4569 2075 4641 quemadmodum

500 4663 649 4716 illam
681 4678 900 4733 quoque
931 4663 1208 4718 memoriae
1241 4664 1514 4734 proditum
1546 4671 1631 4718 est
1656 4679 1683 4715 a
1717 4663 1922 4731 templo
1966 4678 2076 4716 non

498 4754 844 4822 discessisse,
878 4771 945 4810 ne
975 4756 1338 4826 cogitationes
1394 4764 1619 4811 nostras
1663 4756 2070 4825 circumvagani

496 4859 552 4903 ct
588 4864 616 4900 a
642 4849 840 4903 timore
873 4846 965 4902 Dei
998 4849 1256 4904 aberrare
1305 4852 1575 4914 sinamus,
1629 4849 1725 4904 sed
1762 4865 1828 4904 ex
1861 4849 1980 4918 ipso
2014 4858 2066 4904 et

499 4956 596 5011 per
658 4940 837 5010 ipsum
905 4954 1100 4994 carnes
1158 4947 1379 4997 nostras
1439 4955 1502 4995 ac
1567 4956 1764 4996 sensus
1829 4951 2074 5008 nostros,

498 5032 960 5103 quemadmodum
992 5040 1147 5102 optat
1179 5033 1270 5087 ille
1318 5032 1585 5103 Propheta
1612 5034 1680 5098 ⁸⁸,
1709 5033 2072 5104 conligamus.

499 5125 804 5180 Audiamus
841 5141 1100 5197 magnum
1151 5123 1380 5181 Paulum
1435 5127 1726 5182 docentem
1758 5145 1771 5180 :
1809 5126 2079 5196 Conjunxi

502 5235 590 5272 vos
615 5219 706 5271 uni
727 5218 860 5281 viro,
884 5225 939 5270 ut
962 5218 1210 5287 virginem
1230 5226 1435 5271 castam
1456 5216 1666 5271 Christo
1688 5216 1979 5272 exhiberem
2008 5217 2075 5280 ⁸⁷,

502 5322 556 5367 et
594 5327 664 5366 ne
701 5309 907 5366 foedera
935 5319 990 5366 et
1029 5323 1187 5381 pacta
1219 5310 1355 5365 inita
1381 5325 1507 5364 cum
1536 5310 1630 5364 illo
1664 5325 1760 5380 per
1789 5311 2080 5365 consocia-

507 5401 710 5456 tionem
742 5411 796 5457 et
846 5401 1300 5456 consuetudinem
1347 5416 1472 5455 cum
1517 5401 1640 5454 vitzr.
1692 5411 1893 5456 nostra:
1927 5403 2084 5454 vitia-

508 5499 646 5555 tore,
692 5491 942 5548 faciendo
993 5509 1114 5564 qua:
1168 5494 1259 5549 ille
1293 5493 1564 5558 voluerit,
1621 5492 1961 5564 negligamus
2023 5508 2086 5545 ac

511 5583 924 5658 rescindamus:
962 5585 1127 5641 etiam
1178 5586 1234 5640 in
1265 5585 1368 5640 hoc
1414 5585 1691 5640 imitantes
1731 5585 2089 5656 prophetissae

2167 3180 2343 3249 ἀγαθῇ
2380 3175 2698 3246 πεποιθήσει
2729 3172 2823 3226 καὶ
2856 3167 3108 3239 σωτηρίῳ
3155 3163 3326 3216 ἑλπίδι
3361 3159 3500 3231 πρὸς
3532 3157 3628 3226 τὴν
3656 3153 3728 3205 τοῦ

2168 3275 2281 3344 βίον
2323 3269 2496 3334 ἔξοδον
2555 3267 2873 3338 δράμωμεν,
2932 3261 3026 3314 καὶ
3077 3259 3149 3330 μὴ
3198 3255 3311 3326 μετ’
3355 3251 3624 3322 αἰσχύνης
3658 3249 3732 3344 au“.

2165 3365 2316 3426 δέους
2343 3363 2432 3414 τὸν
2463 3358 2704 3430 παρόντα
2722 3355 2834 3426 βίον
2856 3351 3254 3420 ὐπεξέλθωμεν,
3279 3347 3372 3399 καὶ
3395 3343 3602 3414 τρόπον
3633 3341 3733 3392 τινὶ

2171 3456 2246 3526 μὴ
2283 3451 2614 3524 βουλόμενοι,
2645 3447 2895 3517 καθάπερ
2919 3445 2970 3498 οἱ
3009 3439 3220 3510 πονηρὰ
3241 3439 3456 3498 ἑαυτοῖς
3486 3449 3734 3499 συνεγκλι-

2169 3522 2345 3610 Ᾱιόέές,
2400 3544 2540 3615 ἀηδῆ
2577 3560 2636 3596 τε
2676 3541 2770 3596 καὶ
2800 3533 3285 3604 κατεστυγημένην
3328 3527 3427 3580 τοῦ
3487 3522 3735 3594 βασιλέως

2169 3641 2266 3711 τὴν
2297 3636 2615 3690 ἐπιστασίαν
2645 3634 2847 3705 ἔχουσι.
2895 3623 3281 3700 Μιμησώμεθα
3328 3621 3427 3690 τῆς
3478 3615 3735 3711 μακαρίας

2174 3733 2373 3801 Ἀννης
2404 3729 2464 3780 τὸ
2505 3729 2562 3779 ὲν
2600 3723 2876 3796 νηστείαις
2907 3739 2967 3774 τε
3001 3718 3093 3773 καὶ
3127 3713 3459 3790 προσευχαῖς
3507 3708 3739 3760 σύντονον

2172 3825 2265 3879 καὶ⁸
2308 3798 2605 3877 άνένδοτον·
2659 3817 2733 3890 μὴ
2765 3813 3021 3885 γυναικὸς
3067 3810 3284 3881 χείρους
3309 3802 3639 3875 φανείημεν,
3668 3798 3739 3851 καὶ

2170 3915 2341 3971 ταῦτα
2369 3915 2472 3968 ὐπὸ
2502 3917 2600 3984 τὴν
2629 3909 2788 3964 σκιὰν
2822 3903 3244 3974 πολιτευομένης
3275 3898 3367 3953 τοῦ
3401 3897 3598 3966 νόμου,
3629 3893 3737 3945 ἐνίει

2172 4013 2233 4066 τὸ
2253 4013 2310 4064 ὲν
2346 4008 2552 4072 τούτοις
2575 4005 2860 4074 εὐδόκιμον
2887 4000 3127 4053 σπάνιον.
3174 3993 3311 4047 Ἀλλ’
3346 3992 3513 4060 ἡμεῖς
3530 3987 3606 4057 τῷ
3621 3985 3740 4057 φωτὶ

2175 4104 2656 4174 καταλαμπόμενοι
2690 4097 2788 4166 τῆς
2843 4094 3082 4164 χάριτος.
3122 4089 3214 4142 καὶ
3244 4083 3320 4155 τῷ
3346 4080 3539 4153 τρανῷ
3578 4096 3637 4132 τε
3665 4079 3742 4129 xz".

2177 4193 2541 4264 ὲκτυπωτέρῳ
2562 4191 2662 4260 τῆς
2693 4186 2905 4248 ἐλπίδος
2934 4179 3302 4254 βοηθούμενοι,
3332 4177 3428 4227 καὶ
3461 4171 3544 4242 τῷ
3571 4171 3742 4240 κράτει

2178 4288 2272 4340 τοῦ
2298 4260 2616 4354 Πνεύματος
2655 4274 3073 4348 δυναμούμενοι,
3128 4269 3203 4339 μὴ
3251 4263 3622 4336 χωρισθῶμεν
3660 4260 3745 4354 τῶν

2181 4378 2342 4449 ἱερῶν
2397 4352 2761 4444 διδαγμάτων,
2796 4367 2853 4433 ἐξ
2905 4359 2979 4418 ὧν
3008 4366 3042 4434 ή
3070 4362 3329 4430 σωτήριος
3364 4355 3481 4449 ἕξις
3511 4357 3636 4449 ταῖς
3651 4352 3745 4449 *ψυ-

2107 4456 2152 4512 Ῑ)
2178 4446 2300 4543 χαῖς
2329 4464 2664 4522 ὲντίκτεσθαι
2711 4460 2900 4514 εἴωθεν
2926 4475 2938 4487 ·
2990 4455 3239 4524 καθάπερ
3281 4448 3519 4543 κάκείνη
3558 4446 3744 4543 άχὼμριο

2181 4535 2303 4626 στος
2331 4557 2469 4614 εἶναι
2509 4557 2603 4610 τοῦ
2643 4552 2790 4623 ἱεροῦ
2834 4546 3270 4622 μεμαρτύρηται,
3303 4542 3378 4613 μὴ
3411 4535 3744 4610 περιπλαζέρ

2183 4651 2321 4725 μεθα
2363 4650 2488 4713 τοὺς
2516 4645 2809 4715 λογισμοὺς
2850 4639 2958 4694 ἀπὸ
3005 4636 3098 4691 τοῦ
3149 4634 3293 4688 θείου
3328 4631 3529 4702 φόϐου,
3559 4629 3674 4725 ἀλλ’
3703 4629 3743 4691 ἐξ

2182 4719 2347 4798 αὐτοῦ
2379 4755 2439 4792 τε
2479 4737 2573 4790 καὶ
2604 4738 2660 4788 ὲν
2689 4731 2837 4801 αὐτῷ
2877 4730 2976 4792 τὰς
3002 4728 3208 4799 σάρκας
3237 4723 3396 4795 ήμῶν
3423 4723 3526 4775 καὶ
3552 4719 3622 4774 τὰ
3642 4720 3744 4786 νοή-

2190 4851 2356 4908 ματα,
2379 4830 2522 4885 κατὰ
2546 4829 2644 4898 τὴν
2672 4825 2766 4879 τοῦ
2797 4822 3076 4894 προφήτου
3099 4819 3286 4889 εὐχὴν,
3325 4813 3744 4885 καθηλώσωμεν.

2197 4927 2354 4982 Ἀκού
2364 4941 2543 4996 σωμεν
2567 4920 2659 4975 τοῦ
2682 4918 2914 4990 μεγάλου
2931 4914 3143 4969 Παύλου
3167 4909 3516 4971 διδάσκοντος
3543 4923 3558 4937 ·
3575 4908 3750 4973 Ἠρμίιε

2187 5020 2389 5090 σάμην
2419 5013 2574 5086 ὑμᾶς
2600 5013 2688 5066 ἑνί
2709 5010 2882 5080 ἀνδρὶ
2911 5005 3206 5076 παρθένον
3231 5001 3428 5074 ἁγνὴν
3459 4995 3750 5067 παραστῇ-

2187 5089 2288 5167 σαίι
2314 5109 2394 5175 τῷ
2413 5103 2660 5177 Χριστῷ,
2686 5105 2781 5157 καὶ
2802 5102 2875 5173 μὴ
2900 5101 2995 5163 τὰς
3018 5099 3151 5170 πρὸς
3171 5096 3330 5150 αὐτὸν
3353 5092 3633 5162 συνθήκας
3650 5089 3748 5142 ἀίει

2189 5209 2441 5276 τήσωμεν
2487 5199 2573 5253 διὰ
2625 5197 2723 5266 τῆς
2757 5194 2892 5265 πρὸς
2937 5191 3028 5244 τὸν
3075 5186 3279 5260 φθορέα
3303 5183 3404 5254 τῆς
3437 5181 3586 5252 ζωῆς
3615 5179 3746 5276 ήμύν

2193 5274 2473 5370 ἐπιμιξίας
2514 5296 2579 5346 ὲκ
2627 5290 2721 5344 τοῦ
2765 5288 2936 5341 ποιεῖν
2963 5283 3032 5336 τὰ
3058 5282 3266 5336 ἐκείνου
3300 5277 3585 5346 Θελήματα
3607 5289 3623 5303 ·
3671 5274 3747 5325 xi:

2193 5391 2367 5461 τούτῳ
2395 5386 2719 5461 μιμούμενοι
2744 5381 2843 5451 τῆς
2892 5374 3220 5449 προφήτιδος
3247 5371 3306 5424 τὸ
3335 5369 3559 5439 σῶφρόν
3587 5383 3643 5418 τε
3679 5364 3748 5416 zz!

2200 5455 2492 5559 μονόξυγον
2514 5498 2524 5510 ·
2557 5455 2690 5532 άλλὰ
2715 5471 2930 5528 κατὰτὸ
2947 5460 3330 5559 πρόχειρονλμὴ
3355 5455 3743 5559 ἀπολειιρθείητε

2197 5550 2295 5651 τῆς
2330 5550 2633 5652 μιμήσεως,
2666 5573 2780 5626 ὅσοι
2814 5561 3144 5639 μονογαμίας
3167 5553 3594 5628 ὲλύθητε,κα“ιεί
3615 5550 3742 5604 δυνα-

538 5776 548 5788 ν
589 5761 634 5793 ³³
671 5758 805 5817 lleb.
851 5776 970 5831 xm,
1007 5761 1091 5816 lt}.
1165 5763 1212 5794 ⁸⁸
1237 5762 1380 5818 Psal.
1413 5773 1598 5830 vam,
1630 5762 1749 5818 l20.
1830 5762 1875 5796 ’τ
1918 5759 1960 5816 ll
1989 5759 2054 5815 Cc

2170 5776 2236 5826 ιι,
2266 5760 2318 5812 2.
